3944 6438
460 258 467 261 ’
534 303 669 368 1663

1806 305 2170 366 ANTIOCHI
2209 274 2556 366 uestem

3629 301 3725 375 1W

522 415 632 473 Sed
666 423 722 474 et
753 414 932 470 alter:
974 431 992 465 ι
1031 406 1208 481 Quam
1236 414 1444 470 bonum
1483 421 1589 480 est,
1626 429 1752 470 eum
1797 415 1890 485 qui
1938 429 2094 469 coar~

2206 415 2454 470 ἑκούσιον
2509 413 2804 487 ἁμαρτίαν.
2851 433 2869 467 ι
2925 414 3033 468 Καὶ
3090 414 3286 477 πάλιν,
3325 430 3346 464 ι
3381 412 3730 491 Ἧμαρτες,μὴ

519 506 730 580 gnitur,
760 504 1115 560 manifestare
1175 503 1601 575 paenitentiam!
1633 504 1721 560 “sic
1768 504 1916 559 enim
1959 501 2106 558 εσυ-

520 599 639 669 gies
663 596 1038 652 voluntarium
1069 602 1356 667 peccatum
1388 596 1454 651 ⁸⁸.
1497 615 1516 649 ι
1555 597 1771 654 Rursus
1798 615 1811 651 :
1856 614 1876 648 ι
1909 595 2110 652 Pecca-

521 689 632 745 sti?
658 704 727 744 ne
752 689 926 745 addas
954 684 1098 745 ultra
1128 707 1145 759 ;
1179 693 1275 747 sed
1305 701 1362 748 et
1385 709 1485 763 pro
1515 691 1759 763 peccatis
1801 690 1913 746 tuis
1951 690 2108 760 prio-

522 782 679 836 ribus
705 782 1012 852 deprecare
1042 783 1112 836 ".
1142 802 1160 834 ι
1193 782 1415 840 Inducit
1441 785 1573 840 item
1606 802 1619 839 :
1666 803 1685 834 ι
1728 781 1897 849 Quasi
1918 782 2106 838 afacie

521 875 805 944 serpentis
868 875 992 941 fuge
1023 890 1052 929 a
1098 885 1325 946 peccato
1349 876 1396 906 "’
1430 894 1444 942 ;
1491 894 1511 927 ι
1544 894 1642 925 -ι
1682 874 1915 944 Sapiens
1957 874 2107 929 enim

456 996 459 999 -
523 964 722 1017 timore
768 973 1060 1033 correptus
1110 965 1409 1019 declinata
1456 964 1695 1019 malo".
1739 985 1757 1017 ι
1790 963 1895 1021 Job
1923 965 2102 1020 item:

528 1075 545 1102 ι
587 1055 744 1120 Quod
786 1055 829 1110 si
862 1065 1151 1126 postquam
1187 1057 1444 1127 peccavi,
1482 1058 1794 1112 voluntarie
1833 1058 2106 1114 occultavi

524 1156 812 1216 peccatum
843 1164 1047 1212 meum,
1071 1165 1181 1203 non
1216 1150 1365 1203 enim
1396 1150 1672 1205 reveritus
1726 1150 1807 1206 sic
1838 1165 1960 1205 sum
2007 1167 2104 1206 co-

521 1240 732 1310 piosam
782 1241 1196 1295 multitudinem
1247 1241 1508 1306 civitatis,
1548 1244 1852 1312 quominus
1898 1243 2101 1313 prode-

522 1346 665 1395 rem,
696 1332 996 1388 conliterer
1039 1341 1094 1387 et
1139 1334 1456 1405 evulgarem
1508 1334 1644 1389 illud
1684 1336 1738 1389 in
1800 1348 2104 1406 conspectu

521 1439 716 1478 eorum
732 1427 800 1480 ".
827 1445 841 1475 ι
871 1427 937 1480 Et
969 1427 1024 1479 in
1054 1427 1284 1482 Actibus
1312 1428 1513 1482 Petrus
1543 1428 1894 1483 multitudini
1918 1428 2099 1483 dixit:

525 1533 546 1567 ι
582 1515 933 1571 Poenitemini
970 1517 1136 1588 igitur
1180 1527 1234 1572 et
1265 1520 1692 1583 convertimini,
1719 1528 1781 1574 ut
1810 1519 2105 1575 deleantur

517 1618 743 1678 peccata
772 1617 974 1676 vestra,
1011 1610 1055 1664 si
1092 1609 1315 1679 quando
1350 1611 1614 1665 venerint
1658 1621 1907 1681 tempora
1934 1610 2104 1667 refri-

517 1700 656 1770 gerii
684 1701 786 1755 ³⁰.»
818 1702 883 1756 Et
926 1717 1046 1765 nos,
1080 1702 1415 1768 charissimi,
1444 1694 1912 1773 quemadmodum
1941 1719 2106 1774 supe-

515 1791 637 1848 rius
680 1794 820 1849 mihi
872 1795 1082 1850 dictum
1117 1807 1223 1860 est,
1276 1813 1383 1852 una
1429 1798 1841 1867 poeniteatvitae
1868 1797 2096 1868 prioris,

517 1888 685 1942 corde
719 1904 949 1958 prorsus
981 1890 1221 1958 sincero,
1262 1907 1293 1946 a
1323 1890 1480 1945 malis
1508 1906 1630 1961 quae
1660 1891 1761 1960 ipsi
1791 1891 2060 1961 gessimus
2080 1933 2095 1957 ,

513 1993 818 2034 conversos
860 1979 928 2033 ad
976 1980 1171 2045 Deum,
1222 1996 1286 2035 ac
1348 1980 1642 2036 dicentes:
1699 1982 2097 2051 Peccavimus,

509 2066 790 2137 propitius
835 2074 958 2122 esto
987 2085 1001 2133 ;
1028 2068 1217 2138 inique
1261 2070 1495 2141 egimus,
1522 2072 1818 2140 condona;
1860 2072 2097 2129 offendi-

509 2144 656 2225 mus,
684 2160 984 2216 conciliare
1041 2170 1100 2215 tu
1162 2162 1344 2218 nobis.
1389 2164 1645 2235 Expurga
1684 2180 1810 2231 nos,
1843 2168 2097 2238 exemplo

509 2251 820 2307 meretricis
844 2253 1014 2317 illius,
1035 2263 1091 2309 ut
1114 2255 1472 2325 publicanum
1492 2256 1646 2311 illum
1670 2273 1772 2313 nos
1792 2259 2096 2315 etiamnum

509 2343 764 2414 iustiﬁca.
796 2344 991 2400 Veniat
1023 2361 1191 2418 super
1221 2363 1309 2404 me
1362 2349 1747 2404 misericordia
1775 2359 1888 2417 tua,
1925 2367 2096 2422 super

507 2452 596 2493 me
631 2439 887 2495 roscidus
918 2440 1121 2495 humor
1146 2442 1459 2497 clementiae
1490 2451 1596 2498 tuae
1622 2442 1877 2509 distillet,
1912 2461 2093 2516 neque

506 2531 660 2587 sinas
694 2547 782 2588 me
818 2533 1128 2588 venundari
1182 2534 1364 2604 pretio
1413 2543 1765 2604 peccatorum
1817 2551 2092 2603 meorum,

506 2625 806 2694 nequando
876 2625 1286 2681 obdormiscam
1330 2635 1387 2683 et
1442 2627 1684 2681 emoriar
1746 2627 2095 2683 amarissima

505 2727 686 2772 morte
716 2718 963 2788 peccati;
993 2718 1130 2789 quin
1164 2719 1351 2789 potius
1397 2719 1607 2775 redime
1651 2736 1739 2775 me
1776 2737 1807 2775 a
1833 2720 2092 2790 praesenti

505 2810 710 2865 saeculo
748 2826 1005 2880 nequam.
1045 2809 1269 2881 lndulge
1315 2810 1449 2864 mihi
1484 2812 1825 2881 paenitentia:
1850 2820 2088 2882 tempus,

505 2901 690 2956 locum
732 2903 1028 2974 purgandae
1058 2902 1413 2958 conscientiae
1461 2903 1703 2974 imparti.
1735 2923 1752 2955 ι
1792 2904 1912 2960 Non
1941 2906 2090 2961 enim

504 3002 591 3050 est
636 3010 744 3064 pax
790 2997 845 3050 in
896 2994 1114 3050 ossibus
1152 2995 1292 3051 meis
1325 3012 1356 3051 a
1389 2996 1526 3051 facie
1563 3005 1914 3066 peccatorum
1942 3014 2092 3054 meo-

2209 507 2451 579 προσθῇς
2511 508 2616 575 ἔτι,
2641 508 2734 561 καὶ
2784 507 2912 578 περὶ
2941 503 3050 560 τῶν
3097 505 3387 576 προτέρων
3420 522 3510 559 σου
3544 506 3730 580 δεήθητι.

2215 616 2235 650 ι
2274 598 2383 651 Kal
2435 598 2650 667 ἐπάγει,
2686 616 2706 650 ι
2755 598 2844 661 Ὠς
2893 596 3001 651 ἀπὸ
3059 594 3358 665 προσώπου
3403 595 3569 665 ὄφεως
3609 600 3733 669 φεῦγε

2208 686 2317 740 ἀπὸ
2366 687 2667 759 ἁμαρτίας.
2727 707 2747 740 ι
2776 717 2850 728 -
2881 705 2902 739 ι
2940 688 3108 756 Σοφῦς
3137 689 3247 758 γὰρ
3276 687 3537 759 φοϐηθεὶς
3577 688 3737 754 ἐξέκλι.

2209 795 2299 831 νεν
2342 779 2451 833 ἀπὸ
2480 779 2672 835 κακοῦ.
2710 798 2730 831 ι
2767 782 2935 852 Φησὶν
2955 781 3012 834 δὲ
3036 780 3131 833 καὶ
3159 782 3188 833 ό
3220 779 3368 845 Ἰὼϐ,
3396 798 3417 832 ι
3456 781 3517 834 Et
3542 782 3636 852 γὰρ
3662 782 3737 839 ’καὶ

2210 868 2472 942 ἁμαρτὼν
2517 869 2808 936 ἑκουσίως,
2844 870 3057 941 ἔκρυψα
3091 871 3192 942 τὴν
3242 870 3520 940 ἁμαρτίαν
3553 888 3671 941 μου·
3695 877 3738 927 οὐ

2209 962 2318 1033 γὰρ
2345 961 2642 1034 διετράπην
2661 961 2987 1032 πολυοχλίαν
3017 962 3245 1026 πόλεως.
3267 962 3367 1017 τοῦ
3401 962 3473 1033 μὴ
3502 963 3739 1037 ἐξαγορεῦ-

2210 1069 2301 1105 σαι
2351 1052 2582 1107 ἐνὼπιον
2634 1053 2834 1107 αὐτῶν.
2874 1072 2893 1106 ι
2931 1054 3042 1108 Kal
3073 1055 3132 1108 ἐν
3172 1056 3297 1117 ταῖς
3329 1055 3591 1127 Πράξεσιν
3613 1059 3639 1110 ὁ
3666 1058 3743 1111 Ill-

2207 1161 2336 1214 τρος
2368 1142 2445 1214 τῷ
2480 1144 2677 1215 πλήθει
2701 1162 2715 1177 ο
2745 1164 2763 1198 ι
2789 1147 3176 1216 Μετανοήσατε
3202 1140 3301 1200 οὖν
3332 1146 3431 1200 καὶ
3461 1149 3742 1218 ἐπιστρέψα-

2211 1233 2324 1299 σθε,
2357 1236 2436 1299 είς
2463 1235 2525 1290 τὸ
2583 1234 2971 1306 ἐξαλειφθῆναι
3001 1235 3156 1306 ὑμῶν
3180 1237 3283 1300 τὰς
3321 1237 3609 1308 ἁμαρτίας,
3631 1240 3743 1304 ὅπως

2209 1326 2276 1380 ἂν
2305 1326 2535 1381 ἔλθωσιν
2568 1329 2752 1400 καιροὶ
2777 1328 3116 1397 ἀναψύξεως.
3159 1349 3178 1382 ι
3214 1330 3328 1383 Kal
3363 1331 3541 1400 ἡμεῖς,
3571 1332 3742 1403 ἀγαπη-

2205 1418 2311 1480 τοὶ,
2350 1418 2535 1482 καθὼς
2563 1421 2914 1492 προείρηται,
2945 1422 3003 1488 ἐξ
3047 1421 3387 1494 εἰλικρινοῦς
3431 1422 3645 1491 καρδίας
3672 1441 3741 1494 με·

2205 1509 2560 1581 τανοήσωμεν
2615 1512 2722 1565 ἀπὸ
2763 1511 2874 1565 τῶν
2927 1512 3133 1579 κακῶν,
3172 1506 3251 1567 ὧν
3301 1514 3629 1583 ἐπράξαμεν.
3656 1519 3739 1570 ἐπι-

2208 1586 2536 1673 στραφέντες
2559 1604 2695 1673 πρὸς
2710 1604 2802 1656 τὸν
2819 1603 2972 1670 Θεὸν,
2998 1606 3094 1659 καὶ
3115 1588 3396 1673 λέγοντες,
3415 1606 3736 1674 Ἠμάρτομεη

2209 1691 2456 1761 ίλάσθητι
2479 1705 2494 1720 ⁸
2523 1693 2900 1764 ήνομήσαμεν,
2950 1694 3314 1767 συγχώρησον
3342 1714 3356 1726 ·
3386 1696 3738 1768 προσεκροῦσες

2134 1759 2177 1815 Β
2209 1802 2328 1855 μεν,
2360 1759 2756 1857 καταλλάγηθι.
2779 1759 2884 1851 ’Ὦς
2929 1759 3299 1859 τὴν-’πόρνην
3350 1759 3663 1861 καθάρισον
3685 1794 3737 1856 ὡς

2202 1876 2292 1930 τὸν
2347 1874 2586 1947 τελώνην
2645 1876 2970 1932 δικαίωσονο
3002 1880 3207 1934 ἐλθέτω
3258 1882 3351 1935 ἐπ’
3382 1871 3483 1950 ἐμὲ
3530 1882 3587 1937 τὸ
3628 1885 3736 1950 ἔλεός

2205 1985 2297 2021 σου
2322 1982 2336 1996 ⁶
2379 1967 2724 2030 ἐπισταεάτω
2755 1969 2842 2022 ἐπ’
2876 1970 2976 2040 ἐμὲ
3014 1972 3048 2041 ἡ
3094 1970 3487 2043 φιλανθρωπία
3533 1991 3637 2029 σου.
3660 1977 3735 2028 Kal

2206 2059 2280 2130 μὴ
2342 2062 2672 2132 συγχωρήσῃ
2720 2078 2787 2131 με
2840 2062 3116 2133 πραθῆναι
3155 2065 3280 2129 ταῖς
3332 2066 3621 2135 ἁμαρτίαις
3653 2083 3731 2134 μω.

2204 2152 2329 2221 μηδ’
2352 2151 2596 2205 ὑπνῶσαι
2620 2154 2714 2207 καὶ
2731 2154 3024 2208 ἀποθανεῖν
3045 2155 3140 2210 τὸν
3165 2157 3371 2227 πικρὸν
3396 2158 3496 2227 τῆς
3518 2158 3734 2227 ἁμαρτιας

2201 2243 2453 2311 θάνατον,
2502 2245 2619 2298 ἀλλ’
2664 2247 2999 2318 ὲξαγόρασόν
3057 2266 3125 2320 με
3181 2249 3296 2303 ἀπὸ
3348 2248 3446 2302 τοῦ
3497 2249 3734 2312 ἐνεστῶτος

2201 2337 2397 2403 αἰῶνος
2424 2339 2685 2409 πονηροῦ.
2720 2340 2821 2403 Δός
2854 2358 2946 2410 μοι
2977 2341 3170 2410 καιρὸν
3210 2342 3530 2411 μετανοίας,
3565 2343 3648 2394 καὶ
3675 2342 3733 2394 τό·

2198 2442 2301 2479 πον
2330 2428 2648 2504 ἀπολογίας,
2682 2429 2764 2483 ὅτι
2801 2447 2821 2481 ι
2862 2430 2976 2484 Οὐκ
3000 2430 3155 2484 ἔστιν
3183 2434 3384 2504 είρήνη
3439 2435 3554 2497 τοῖς
3576 2433 3728 2495 ὀστέοις

2207 2538 2310 2591 μου
2342 2520 2450 2574 ἀπὸ
2479 2503 2776 2588 προσώπου
2806 2522 2918 2576 τῶν
2944 2503 3253 2596 ἁμαρτιῶν
3264 2542 3372 2595 μου
3393 2542 3410 2556 '
3445 2526 3527 2579 ὅτι
3570 2527 3619 2580 al
3648 2526 3734 2578 ἀνιο

2200 2612 2322 2683 μίαι
2349 2631 2452 2682 μου
2487 2614 2771 2687 ὑπερῆραν
2797 2615 2898 2686 τὴν
2929 2617 3175 2689 κεφαλήν
3206 2635 3340 2689 μου.
3386 2619 3529 2671 ἀσεὶ
3569 2618 3733 2691 φορτίον

2200 2707 2338 2779 βαρὺ
2363 2707 2747 2779 ἐϐαρύνθησαν
2776 2707 2864 2761 ἐπ’
2890 2706 3011 2777 ἐμέ.
3043 2708 3169 2762 Ἐὰν
3195 2709 3310 2780 γὰρ
3346 2709 3576 2776 ἀνομίας
3600 2726 3732 2780 παρα-

2196 2801 2463 2870 τηρήσῃς,
2491 2797 2690 2869 Κύριε,
2714 2797 2910 2869 Κύριε,
2941 2798 3029 2864 τίς
3058 2799 3435 2871 ὑποστήσεται
3460 2819 3475 2868 ;
3512 2801 3587 2854 ὅτι
3619 2799 3727 2870 παρᾶ

2199 2891 2293 2942 σοῦ
2325 2889 2552 2960 ἱλασμός
2591 2891 2761 2945 ἐστιν.
2802 2909 2820 2942 ι
2856 2891 3251 2963 Πιστεύσωμεν
3305 2889 3403 2947 οὖν
3451 2893 3526 2964 τῷ
3568 2892 3730 2963 Θεῷ,οί

2197 2981 2288 3035 διὰ
2333 2983 2433 3045 τὰς
2478 2983 2754 3053 ἁμαρτίας
2812 2985 2972 3055 ήμῶν
3031 2987 3423 3055 ἀπεγνωκότες
3480 2988 3572 3057 τῆς
3626 2986 3730 3055 ζωῆς

505 3100 656 3152 rum,
689 3087 817 3157 quia
842 3086 1164 3157 iniquitates
1193 3103 1331 3142 meas
1359 3103 1733 3160 supergressze
1760 3096 1890 3144 sunt
1924 3098 2092 3161 caput

2201 3074 2359 3146 ήμῶν
2385 3090 2399 3104 ο
2436 3075 2532 3128 καὶ
2584 3075 3005 3148 ἐπιστρέψωμεν
3061 3079 3198 3149 πρὸς
3262 3079 3477 3152 Κύριον
3526 3080 3606 3133 τὸν
3632 3079 3728 3131 Gela

503 3193 712 3243 meum,
728 3180 874 3234 sicut
894 3195 1037 3236 onus
1060 3196 1226 3252 grave
1241 3192 1481 3252 gravata:
1501 3192 1630 3236 sunt
1655 3197 1824 3252 super
1842 3197 1929 3237 me
1950 3182 1992 3214 ³³
2021 3201 2034 3238 :
2065 3202 2084 3236 ι

501 3270 731 3335 etenim,
773 3290 790 3324 ι
832 3272 1087 3339 Domine,
1121 3274 1166 3329 si
1192 3273 1574 3330 observaveris
1594 3273 1937 3344 iniquitates,
1961 3275 2090 3345 quis

502 3362 837 3420 sustinebit?
859 3364 989 3435 quia
1007 3365 1152 3436 apud
1181 3374 1232 3421 te
1255 3365 1577 3435 propitiatio
1605 3374 1691 3420 est
1713 3365 1780 3420 ".
1817 3385 1837 3416 ι
1875 3365 2090 3439 1147

499 3454 802 3513 Credamus
819 3458 989 3529 igitur
999 3459 1232 3530 Deo,qui
1244 3477 1276 3515 ιι
1286 3458 2091 3531 rgentibuspeccatis,propria:

498 3549 627 3605 vitae
657 3565 812 3620 spem
850 3551 1175 3620 abiecimus,
1201 3560 1258 3608 et
1280 3548 1671 3607 convertamur
1697 3550 1765 3606 ad
1790 3549 2088 3608 Dominum

497 3636 675 3695 Deum
708 3640 764 3694 in
796 3640 1144 3710 plenitudine
1171 3641 1357 3697 cordis
1389 3642 1588 3703 nostri,
1617 3649 1917 3712 operantes
1941 3642 2087 3699 inte-

496 3728 603 3783 rim
631 3729 925 3799 justitiam,
956 3731 1219 3801 quodque
1246 3737 1502 3800 superest
1531 3729 1659 3785 vitae
1688 3730 1855 3786 istius
1882 3740 2087 3787 nostrae

495 3828 778 3875 vertamus
808 3822 861 3875 in
895 3820 1199 3894 legitimam
1228 3822 1406 3892 ipsius
1442 3823 1769 3877 servitutem
1803 3838 1908 3892 pro
1939 3822 2086 3899 bona

474 3910 616 3983 ejus
649 3916 957 3980 voluntate,
992 3921 1052 3968 ut
1102 3913 1378 3968 medelam
1428 3923 1658 3969 accuret
1691 3912 2086 3970 oblitterandis

493 4002 696 4071 prioris
743 4005 873 4060 vitae
921 4004 1165 4070 delictis,
1200 4005 1475 4075 nobisque
1499 4006 1763 4060 virtutem
1797 4015 2083 4077 suggerat,

440 4098 447 4105 '
491 4080 605 4162 qua
632 4093 901 4151 adversus
934 4106 1247 4152 commenta
1275 4091 1568 4152 diabolicae
1595 4097 1955 4169 malignitatis
1977 4098 2081 4167 ipsi

470 4184 907 4259 ‘pnevaleamus.
960 4185 1440 4242 Terriculamenta
1487 4188 1735 4243 minasve
1779 4188 1900 4259 ejus
1940 4188 2081 4243 nihil

491 4275 721 4329 omnino
753 4283 839 4331 est
870 4277 1018 4346 quod
1050 4277 1362 4333 timeamus.
1398 4277 1685 4333 Emarcuit
1730 4279 1878 4332 enim
1932 4278 2081 4335 illius

473 4362 698 4433 'impuri
736 4367 936 4430 virtus,
971 4368 1127 4436 quasi
1171 4366 1328 4422 nervi
1379 4367 1747 4438 praemortui;
1793 4367 1927 4433 quin
1978 4383 2079 4438 po-

2195 3163 2356 3235 ήμῶν
2385 3164 2446 3230 ἐξ
2494 3166 2623 3238 ὅλης
2670 3169 2772 3238 τῆς
2796 3168 3025 3240 καρδίας
3063 3168 3224 3240 ἡμῶν
3250 3184 3265 3201 ο
3297 3171 3394 3225 καὶ
3420 3167 3727 3240 ἐργασώμεθε

2191 3254 2292 3327 τὴν
2322 3256 2669 3330 δικαιοσύνην
2695 3259 2796 3323 τὰς
2830 3259 3023 3324 λοιπὰς
3040 3262 3256 3332 ἡμέρας
3290 3264 3393 3333 τῆς
3431 3262 3568 3331 ζωῆς
3591 3260 3727 3331 ἡμῶν.

2195 3353 2292 3406 καὶ
2325 3351 2703 3429 δουλεύσωμεν
2726 3355 2874 3427 αὐτῷ
2893 3356 3069 3428 ὀρθῶς
3095 3358 3239 3412 κατὰ
3272 3342 3335 3413 τδ
3357 3359 3560 3429 θέλημα
3583 3353 3727 3410 αὑτοῦ·

2192 3445 2289 3498 καὶ
2332 3424 2550 3517 ποιήσει
2600 3424 2746 3502 ίασιν
2796 3424 3246 3522 τοῖςνπροτέροις
3285 3451 3446 3523 ἡμῶν
3472 3424 3729 3522 παραπτὼ-

2190 3554 2356 3608 μασι.
2388 3539 2498 3593 Kal
2532 3537 2736 3609 ἔχομεν
2777 3539 3006 3611 δύναμιν
3043 3541 3137 3596 τοῦ
3188 3542 3613 3615 κατακυριεῦσαι
3646 3538 3729 3592 τῶν

2189 3629 2369 3701 ἔργων
2400 3630 2494 3685 τοῦ
2522 3631 2793 3687 διαϐόλου.
2833 3626 2945 3704 Τήν
2982 3635 3039 3687 δὲ
3073 3636 3308 3705 ἀπειλὴν
3339 3636 3502 3691 αὖτοῦ
3525 3635 3644 3697 ὅλως
3672 3631 3726 3702 μὴ

2190 3723 2519 3793 φοϐηθῶμεν
2549 3743 2559 3753 ·
2604 3724 2794 3790 ἄτονος
2826 3726 2934 3797 γάρ
2963 3728 3112 3780 ἐστιν
3139 3771 3153 3794 ,
3185 3727 3380 3800 ὥσπερ
3412 3725 3592 3799 νεκροῦ
3636 3723 3727 3777 νεῦ-

2190 3831 2296 3885 ρασ
2353 3813 2490 3868 ἀλλὰ
2541 3815 2869 3887 φοϐηθῶμεν
2931 3817 3023 3872 τὸν
3080 3820 3492 3889 παντοδῦναμον
3544 3816 3722 3888 Κύριον.

2187 3905 2282 3973 καὶ
2307 3904 2408 3968 ’τὰς
2444 3905 2666 3971 ἐντολὰς
2709 3907 2873 3961 αὐτοῦ
2921 3908 3271 3978 φυλάξωμεν,
3312 3912 3408 3963 καὶ
3435 3910 3660 3980 ζήσωμεν
3681 3907 3723 3959 ἐν

2187 3994 2358 4065 αὐτῷ.
2418 3994 2528 4050 Καὶ
2611 3996 2706 4049 ἐὰν
2740 3997 2913 4052 οὕτω
2961 3998 3100 4069 μετὰ
3152 4000 3475 4070 στεναγμῶν
3533 3997 3614 4052 καὶ
3652 3998 3719 4048 δα-

2186 4087 2369 4156 κρύων
2392 4088 2763 4157 ίκετεύσωμεν
2790 4089 2926 4159 πρὸς
2956 4090 3142 4155 αὐτὸν,
3160 4091 3307 4159 λέξει
3338 4094 3431 4146 καί⁵
3457 4090 3581 4163 πρὸς
3607 4089 3717 4160 ἡμᾶς

2184 4178 2273 4232 διὰ
2312 4178 2575 4251 Ἰεζεκιὴλ
2623 4180 2718 4235 τοῦ
2776 4183 3061 4253 προφήτου
3088 4200 3102 4215 ο
3141 4201 3161 4235 ι
3197 4184 3286 4239 Ζῶ
3318 4183 3446 4255 ἐγὼ,
3472 4184 3604 4251 λέγει
3630 4180 3715 4234 Κιτ-

2188 4287 2323 4343 ριος,
2358 4272 2420 4324 οὐ
2445 4271 2707 4342 βούλομαι
2741 4274 2834 4327 τὸν
2862 4274 3099 4330 θάνατον
3127 4277 3222 4331 τοῦ
3248 4275 3658 4349 ἁμαρτωλοῦ,ὡς
3671 4272 3714 4323 τὸ

2185 4363 2512 4435 ἐπιστρέψαι
2551 4365 2645 4419 καὶ
2703 4366 2802 4437 ζῇν
2826 4367 3008 4422 αὐτόν.
3050 4387 3069 4421 ι
3105 4371 3215 4424 Kal
3242 4369 3417 4437 αὖθις,
3458 4390 3477 4424 ι
3517 4370 3595 4424 Ἐν
3618 4360 3709 4440 ᾗᾶν

490 4454 604 4511 tius
628 4459 1065 4528 omnipotentem
1090 4459 1383 4514 Dominum
1406 4474 1787 4524 revereamur,
1812 4460 1964 4515 illius
1983 4460 2082 4516 ob-

2197 4456 2369 4528 ἡμέρᾳ
2421 4458 2726 4530 ἐπιστρέψῃ
2761 4461 2790 4512 ό
2835 4459 3039 4530 ἄνομος
3065 4463 3130 4515 ἐκ
3164 4464 3356 4518 πασῶν
3384 4464 3486 4517 τῶν
3522 4456 3709 4528 ἀνομιῶν

489 4545 779 4604 εει-νοιιιιῑε
801 4550 1081 4616 mandata,
1109 4553 1278 4620 atque
1308 4550 1365 4605 in
1400 4550 1508 4606 hoc
1534 4551 1709 4606 vitam
1731 4552 2075 4622 expleamus.

2177 4546 2371 4612 αὐτοῦ,
2408 4548 2504 4602 καὶ
2554 4551 2774 4620 ποιήσει
2808 4550 3183 4624 δικαιοσύνην,
3213 4555 3274 4608 οὐ
3311 4558 3384 4628 μὴ
3432 4551 3627 4627 μνησθῶ
3649 4548 3706 4601 ἔτι

487 4636 543 4694 Si
576 4639 644 4694 ad
675 4654 801 4695 eum
837 4641 1060 4696 modum
1094 4657 1222 4698 cum
1256 4644 1465 4714 gemitu
1496 4658 1562 4699 ac
1596 4643 1857 4715 lacrymis
1883 4643 2074 4714 ipsum

2197 4638 2245 4692 τὰ
2299 4641 2682 4711 ἁμαρτήματα
2727 4642 2915 4698 αὑτοῦ.
2962 4663 2983 4696 ι
3022 4672 3094 4686 —
3126 4663 3145 4696 ι
3182 4647 3364 4702 Πολλὰ
3395 4645 3497 4718 γὰρ
3540 4638 3705 4696 metu

487 4728 768 4800 supplices
822 4729 1085 4787 obtestati
1131 4731 1426 4797 fuerimus,
1474 4733 1672 4804 utique
1715 4733 2077 4803 respondebit

2197 4730 2384 4804 (ὑριος
2408 4733 2506 4803 τὴν
2529 4734 2686 4804 ἡμῶν
2711 4736 3011 4807 σωτηρίαν.
3045 4757 3064 4789 ι
3098 4741 3271 4818 φησιν
3298 4740 3404 4812 γὰρ
3431 4740 3533 4802 τοῖς
3552 4730 3702 4790 ἑαυτοῦ

486 4822 635 4893 quod
691 4840 792 4894 per
846 4824 1198 4880 Ezechielem
1264 4824 1831 4896 prophetam'disit:
1879 4843 1896 4877 ι
1935 4826 2074 4882 Vivo

2197 4826 2468 4896 ιαθηταῖς,
2507 4845 2527 4878 ‹
2550 4826 2757 4894 Λέγετε
2782 4829 2988 4893 αὐτοῖς,
3008 4832 3343 4886 Μετανοεῖτε
3362 4849 3377 4864 ’
3404 4833 3608 4903 ἤγγικεν
3624 4824 3706 4893 γάρ

486 4930 608 4986 ego,
642 4915 777 4971 dicit
811 4917 1102 4983 Dominus,
1139 4918 1268 4987 quia
1294 4918 1423 4972 nolo
1464 4925 1701 4970 mortem
1731 4917 2067 4986 peccatoris,

2197 4918 2217 4988 ή
2252 4916 2498 4985 βασιλεία
2524 4919 2632 4970 τῶν
2664 4919 2934 4988 οὐρανῶν.
2977 4941 2997 4974 ι
3039 4923 3140 4977 Διὰ
3189 4926 3349 4979 τοῦτο
3396 4925 3492 4993 γὰρ
3527 4915 3701 4973 καταλι-

486 5008 659 5089 magis
710 5018 898 5064 autem
928 5008 996 5064 ‘ut
1047 5016 1410 5066 convertatur
1448 5017 1506 5063 et
1544 5008 1696 5063 vivat
1732 5008 1800 5062 ³³.
1848 5027 1867 5061 ι
1913 5008 2069 5063 Rur-

2197 5007 2298 5063 τὼν
2319 5010 2387 5062 τὰ
2418 5012 2771 5081 ἐννενήκοντα
2797 5014 2953 5067 ἐννέα
2983 5017 3237 5085 πρόϐατα
3266 5020 3325 5071 ἐν
3350 5017 3421 5089 τῷ
3447 5016 3548 5085 δρει
3564 5012 3590 5064 ό
3613 5024 3697 5061 ποι-

485 5078 633 5155 ειιεε
679 5120 699 5151 ι
740 5101 799 5156 ln
853 5118 1188 5173 quacunque
1236 5102 1326 5157 die
1387 5116 1691 5157 conversus
1740 5100 1913 5161 fuerit
1964 5101 2071 5155 ini-

2197 5101 2291 5171 ιὴν
2315 5102 2346 5153 ὁ
2383 5103 2568 5167 καλὸς.
2590 5078 2911 5175 -πορεὺεται
2972 5078 3155 5179 ζητῶν
3207 5111 3269 5164 τὸ
3321 5078 3599 5168 ἀπολωλὸς,
3625 5099 3693 5152 καὶ

487 5207 633 5261 quus
696 5191 765 5246 ab
826 5194 1089 5249 omnibus
1150 5193 1540 5264 iniquitatibus
1600 5194 1736 5257 suis,
1761 5203 1817 5249 et
1870 5192 2072 5248 fecerit

2197 5191 2348 5264 ηὑρὼν
2377 5193 2633 5263 βαστάζει
2683 5197 2777 5250 ἐπὶ
2806 5198 2938 5263 τοὺς
2965 5197 3153 5270 ὤμους
3183 5202 3350 5255 αὑτοῦ
3398 5198 3593 5271 χαίρων,
3620 5188 3689 5242 καὶ

485 5282 776 5352 iustitiam,
809 5299 919 5338 non
977 5294 1144 5340 erunt
1208 5287 1353 5341 ultra
1406 5287 1472 5341 ‘in
1518 5286 1783 5342 memoria
1843 5297 2070 5354 peccata

2197 5285 2438 5354 ξυγκαλεῖ
2495 5289 2594 5351 τὰς
2646 5288 2758 5344 ἅνω
2812 5291 3095 5363 δυνάμεις,
3123 5296 3339 5366 χαίρων
3396 5292 3479 5347 καὶ
3534 5287 3684 5353 λέγων.

468 5360 637 5428 illius
665 5371 731 5427 ³⁸.
784 5394 802 5425 ›
857 5375 1138 5432 Desiderat
1170 5396 1188 5428 ι
1230 5379 1500 5435 Dominus
1542 5394 1879 5449 magnopere
1918 5379 2071 5433 salu-

2232 5379 2558 5452 Συγχάρηθη
2577 5379 2682 5455 [τέ]
2726 5400 2835 5454 μοι,
2868 5360 3232 5457 δτζεῦροῖτὸ
3260 5383 3530 5444 ἀπολωλός.
3565 5395 3579 5427 ι
3605 5370 3683 5426 Καὶ

473 5471 597 5566 item
658 5472 905 5521 nostram
949 5468 1014 5522 ⁵⁸.
1066 5489 1084 5521 ›
1138 5469 1284 5526 Dixit
1342 5472 1493 5527 enim
1551 5470 1842 5541 discipulis
1895 5471 2010 5525 suis
2053 5488 2069 5524 :

2205 5473 2393 5539 πάγει,
2430 5490 2451 5525 ι
2496 5473 2657 5542 Λέγω
2689 5474 2821 5544 ὑμῖν
2867 5476 2948 5530 ὅτι
2990 5476 3165 5542 οὕτως
3224 5477 3369 5549 χαρὰ
3392 5475 3522 5528 ἔσται
3556 5467 3604 5518 ἓν
3624 5458 3680 5527 τῷ

2622 5612 2669 5645 ²⁹
2694 5594 2803 5668 ’.ἰοὺ
2864 5610 3012 5678 xxxi,
3045 5616 3137 5677 55.
3173 5616 3262 5672 54.
3339 5616 3382 5648 ³⁸
3408 5599 3671 5678 Addam

558 5605 605 5637 "
630 5602 801 5658 Eccli.
835 5622 923 5667 xx,
953 5607 1006 5659 4.
1083 5608 1128 5639 ’⁵
1159 5594 1349 5664 Ερριίξ
1392 5627 1503 5674 χιιι,
1542 5613 1587 5665 l.
1665 5610 1712 5641 ’⁷
1764 5609 1899 5663 ibid.
1978 5607 2024 5641 ’⁸
2066 5610 2094 5663 Γ

561 5675 598 5703 ³¹
624 5673 768 5727 Psal.
801 5692 1003 5740 sum,
1046 5678 1092 5740 ί,
1127 5680 1177 5733 5.
1292 5681 1333 5711 ³³
1368 5682 1509 5736 l’sal.
1543 5697 1723 5740 cum,
1761 5681 1813 5740 5,
1862 5682 1903 5735 ί.
2022 5681 2066 5711 ³³

2197 5626 2229 5659 ι.
2285 5623 2392 5677 xiv,
2427 5610 2515 5665 l6.
2561 5684 2584 5699 η
2622 5612 2669 5645 ²⁹
2694 5594 2803 5668 ’.1οὺ
2831 5610 3012 5700 ‘xxxt,
3045 5616 3137 5677 55.
3173 5616 3262 5672 54.
3339 5616 3382 5648 ³⁸
3408 5599 3667 5704 Αιὲξδιιιηίεὶ

2197 5681 2299 5734 :ch.
2344 5697 2494 5740 mu.
2521 5684 2613 5736 ‘zo.
2731 5684 2773 5715 ³⁵
2804 5686 2999 5739 hzech.
3035 5702 3224 5740 χχχιιι.
3255 5678 3424 5740 ιι-ισ.
3528 5669 3542 5722 ί
3569 5670 3667 5727 Τέω-

464 5661 768 5746 9-υοἾΡειιΙ,
801 5661 1003 5741 xxxvii,
1046 5678 1092 5743 ί,
1127 5661 1200 5733 ὕῖ
1273 5661 1333 5711 ³³
1368 5661 1509 5736 Ρδτιιῖ
1543 5697 1723 5745 cum,
1761 5681 1813 5746 5,
1862 5682 1903 5735 ί.
2022 5681 2066 5711 ³³

2197 5681 2299 5734 :ch.
2344 5661 2494 5746 x'vm,
2521 5684 2613 5736 ‘23.

493 5765 549 5817 ιι,
581 5743 639 5804 4.
