3944 6472
287 377 440 444 ῙΣίὶὖ
1241 377 1566 440 HOMILIA
1602 381 1832 443 LXXVI
1846 381 2010 441 lI.--
2041 381 2138 442 DE
2177 383 2598 446 PATIENTIA.
3409 389 3548 454 ΙΕΰῖ

278 485 510 560 οὖρανῷ
553 485 646 539 ἐπὶ
691 485 769 539 ἐνὶ
799 483 1112 557 ἁμαρτωλῷ
1155 487 1504 555 μετανοοῦντι
1534 486 1566 558 ἢ
1599 489 1692 541 ἐπὶ
1718 491 1868 542 ἐννε-

1980 507 1999 540 ι
2033 489 2207 546 Dicite
2255 491 2380 547 eis:
2415 492 2806 548 Paenitentiam
2862 495 3029 567 agite,
3086 496 3556 570 appropinquavit

279 583 527 648 νὴκοντα
577 576 734 631 ὲννέα
784 577 1034 641 δικαίοις,
1067 576 1264 642 οἵτινες
1322 581 1384 633 ού
1445 579 1634 650 χρείαν
1676 579 1863 651 ἔχουσι

1975 580 2122 635 enim
2175 597 2406 654 regnum
2458 585 2725 640 cmlorum
2757 584 2823 640 ³⁸.
2861 606 2879 638 ι
2916 586 3000 642 01)
3037 585 3142 644 hoc
3172 591 3319 644 enim
3372 591 3554 648 bonus

283 669 604 740 μετανοίας.
641 687 661 721 ι
693 667 852 738 Δύτῷ
885 669 918 738 ἠ
955 667 1083 732 δόξα
1113 671 1192 732 εἰς
1226 669 1352 732 τοὺς
1405 670 1630 732 αἰῶνας.
1669 671 1862 741 Ἀμήν.

1975 671 2066 726 hic
2129 683 2338 742 pastor,
2373 675 2582 730 relictis
2641 677 2940 748 nonaginta
2993 693 3191 733 novem
3233 681 3550 746 ovibus,-in

279 768 482 816 monte
515 758 806 814 erraticam
835 759 986 814 illam
1013 759 1110 814 ubi
1133 759 1366 820 invenit.
1405 759 1720 829 impositam
1751 759 1998 815 humeris
2057 761 2226 818 refert
2278 763 2346 818 ad
2401 765 2615 819 caulam
2635 765 2902 836 gaudens.
2953 766 3234 823 Convocat
3287 770 3552 826 sublimes

280 851 418 906 iiias
474 850 747 914 virtutes,
805 849 996 906 dicens
1057 867 1070 904 :
1128 865 1147 902 ι
1189 847 1664 921 Congratulamini
1725 851 1862 906 mihi
1894 852 2024 922 quia
2081 853 2262 908 inveni
2319 855 2592 925 perditam
2648 857 2798 911 illam
2861 857 3249 930 oviculamf’.
3287 879 3308 910 ι
3347 860 3414 914 Et
3466 861 3552 914 in-

278 943 494 1000 ducit:
535 962 556 996 ι
589 944 723 1000 Dico
781 944 964 1010 vobis,
995 943 1126 1015 quia
1183 946 1264 1000 sic
1315 945 1425 1000 erit
1479 945 1745 1018 gaudium
1805 946 1862 1002 iu
1931 948 2074 1004 omlo
2147 965 2314 1020 super
2385 967 2497 1006 uno
2575 961 2865 1022 peccatore
2933 954 3314 1024 paenitentiam
3357 966 3552 1026 agente

285 1034 468 1106 magis
499 1051 666 1106 quam
713 1050 882 1107 super
933 1035 1232 1106 nonaginta
1280 1051 1483 1092 novem
1535 1037 1700 1109 iustis
1769 1038 1866 1108 qui
1898 1054 2010 1094 non
2056 1040 2304 1113 indigent
2332 1043 2746 1113 paenitentia”.
2777 1064 2796 1096 ι
2837 1045 2947 1116 Ipsi
3001 1045 3176 1117 gloria
3220 1047 3277 1100 in
3329 1047 3552 1104 stecula.

285 1127 490 1188 Amen.

899 1247 1120 1303 ΛΟΓΟΣ
1157 1249 1286 1303 οιιν.

821 1361 965 1430 Περὶ
995 1359 1334 1432 ὑπομονῆς.

257 1481 274 1493 '
379 1475 564 1544 Ὀλίγα
603 1473 726 1528 τινὰ
767 1474 898 1544 περὶ
940 1473 1232 1546 μετανοίας
1280 1474 1412 1544 ἡμῖν
1453 1460 1876 1545 προδιαλεχθέν-

287 1585 410 1636 τες,
441 1569 685 1635 εἴπωμεν
711 1565 848 1620 Θεοῦ
890 1565 1285 1638 συνεργοῦντος
1308 1565 1404 1618 καὶ
1441 1569 1568 1638 περὶ
1594 1567 1876 1637 ὑπομονῆς

285 1663 396 1732 τῆς
429 1657 708 1729 σωζούσης
747 1657 840 1712 τὸν
893 1657 1181 1731 ἄνθρωπον
1203 1671 1221 1688 ⁸
1253 1658 1354 1712 ὅσα
1374 1642 1414 1728 ’ἠ
1437 1655 1603 1710 αὐτοῦ
1647 1660 1877 1728 παρέχει

291 1747 703 1820 φιλανθρωπία.
743 1745 954 1818 Χρῄζει
1005 1745 1116 1818 γάρ
1157 1746 1190 1817 ή
1244 1744 1504 1817 μετάνοιο.
1531 1747 1632 1818 τῆς
1671 1748 1880 1818 ὑπομο-

289 1842 416 1910 νῆς,
454 1841 548 1895 καὶ
581 1840 751 1911 χωρὶς
793 1839 966 1908 αὐτῆς
1008 1837 1364 1908 τελειωθῆναι
1396 1839 1458 1891 ού
1483 1837 1728 1892 δύναται.
1760 1839 1876 1892 Μο-

290 1935 559 2006 νόπτερος
587 1932 696 2003 γὰρ
724 1931 882 1994 ἀετὸς
907 1931 968 1985 ού
1007 1931 1230 1986 δύναται
1259 1934 1338 1996 είς
1364 1921 1500 2002 ῦψος
1533 1933 1836 2004 ἀναπτῆναι
1855 1947 1870 1964 ο

259 1306 284 1402 Ξ

2457 1248 2741 1305 HOMILIA
2779 1250 3064 1308 LXXVIII.

2549 1361 2629 1416 De
2661 1365 2950 1432 patientia.

2043 1472 2114 1528 Et
2147 1470 2368 1543 quidem
2416 1468 2485 1526 de
2525 1473 2856 1542 pcenitentia
2891 1489 3016 1530 cum
3045 1473 3329 1547 perpauca
3373 1479 3552 1537 dissev

1974 1565 2254 1620 rucrimus
2297 1563 2456 1619 vobis
2485 1565 2670 1634 priore
2695 1581 2970 1633 sermone,
2997 1579 3271 1638 superest,
3309 1571 3422 1627 Deo
3451 1587 3549 1629 co-

1969 1668 2269 1728 operante,
2299 1659 2555 1714 nonnihil
2613 1669 2673 1715 ut
2719 1659 2965 1716 dicamus
2995 1661 3062 1716 de
3097 1663 3384 1732 patientia,
3426 1681 3550 1736 quae

1973 1763 2107 1804 sane
2141 1749 2421 1805 hominem
2455 1759 2624 1807 recta
2667 1751 2920 1822 provehit
2963 1752 3033 1806 ad
3075 1755 3270 1809 salutis
3300 1765 3546 1824 portum.

1971 1841 2050 1896 Ea
2080 1843 2271 1913 utique
2293 1842 2564 1908 dicemus,
2591 1859 2936 1914 quaecunque
2967 1845 3140 1915 ipsius
3168 1846 3388 1902 Domini
3418 1865 3550 1922 sug-

1969 1941 2124 2004 geret
2155 1933 2485 2005 benignitas.
2512 1935 2840 1991 Pmnitentia
2869 1937 3016 1990 enim
3039 1937 3223 2008 indiga
3251 1939 3549 1996 admodum

290 2028 394 2082 καὶ
431 2025 683 2096 ὑπομονὴ
729 2023 926 2077 τελειοῖ
955 2022 1056 2094 τὴν
1097 2024 1407 2094 μετάνοιαν,
1457 2025 1550 2078 καὶ
1609 2042 1873 2096 στεφανη-

1979 2035 2064 2080 est
2099 2025 2403 2096 patientiae,
2439 2027 2577 2082 citra
2639 2028 2800 2098 cujus
2841 2041 3067 2096 operam
3114 2029 3304 2098 perfici
3362 2033 3550 2087 neuti-

289 2117 575 2190 φοροῦσαν
619 2114 788 2186 αὐτὴν
839 2113 1236 2168 ἀναδείκνυσιν.
1288 2115 1364 2168 οὐ
1415 2118 1574 2186 μόνον
1623 2115 1680 2170 δέ
1725 2118 1873 2170 ἐστιν

289 2212 568 2282 χρήσιμος
613 2205 946 2280 ήύπομονὴ
983 2207 1066 2270 είς
1095 2205 1194 2278 τὴν
1230 2207 1329 2278 τῆς
1361 2209 1652 2278 μετανοίας
1680 2212 1871 2281 συνέρ-

289 2284 474 2372 γειαν,
505 2299 621 2356 ἀλλ’
649 2300 758 2354 οὐδ’
776 2300 914 2363 ὅλως
955 2299 1217 2372 ἀρετὴνῆ
1253 2299 1474 2370 ἐντολὴν
1534 2301 1669 2354 Θεοῦ
1712 2301 1873 2355 δυνά-

297 2395 443 2468 μεθα
472 2395 639 2467 χωρὶς
696 2393 870 2463 αὐτῆς
908 2391 1280 2464 κατορθῶσαι.
1317 2392 1390 2445 Τὸ
1440 2393 1738 2462 κεφάλαιον
1775 2389 1871 2448 οῦν

292 2487 408 2540 τῶν
435 2487 493 2540 ἐν
519 2487 651 2556 ἡμῖν
695 2482 916 2553 ἀγαθῶν
948 2483 981 2554 ἡ
1009 2483 1254 2552 ὑπομονὴ
1293 2483 1572 2554 τυγχάνει.
1607 2485 1718 2538 Καὶ
1765 2483 1871 2558 χρὴ

296 2579 482 2632 πάντα
528 2575 835 2649 πειρασμὸν
869 2573 967 2628 καὶ
1025 2574 1205 2644 θλίψιν
1269 2574 1389 2646 μεθ’
1446 2575 1724 2649 ὑπομονῆς
1775 2577 1872 2630 καὶ

295 2671 654 2743 εὐχαριστίας
707 2666 1128 2741 προσδέξασθαι,
1154 2667 1305 2728 ὅπως
1351 2667 1752 2739 καταλάϐωμεν
1773 2670 1872 2738 τὴν

291 2761 404 2832 γῆν
431 2760 530 2831 τῆς
563 2756 917 2827 ἔπαγγελίας.
947 2756 1124 2810 Καλὸν
1147 2756 1204 2810 δὲ
1231 2756 1294 2809 τὸ
1325 2758 1399 2826 μὴ
1430 2756 1778 2826 μεταϐαίνειν
1806 2757 1872 2812 ἐκ

291 2853 465 2908 τόπου
488 2852 568 2916 είς
583 2851 766 2905 τόπον.
783 2849 1052 2912 Ἕκαστος
1079 2850 1187 2918 γὰρ
1219 2849 1277 2900 ὲν
1301 2841 1346 2915 ᾧ
1371 2846 1599 2918 ἐκλήθη,
1619 2849 1677 2902 ἐν
1695 2847 1873 2919 τούτῳ

297 2945 533 3016 μενάτω.
564 2942 630 2996 Ἦ
655 2940 901 3012 ὑπομονὴ
931 2940 1092 2994 πόνον
1115 2939 1442 3004 ἐκδιδάσκει,
1459 2939 1564 2992 ’καὶ
1583 2939 1708 3002 τοὺς
1743 2936 1874 3004 ἔξω·

295 3035 396 3089 θεν
418 3031 762 3105 πειρασμοὺς
789 3031 930 3086 κατά
963 3032 1058 3101 τῆς
1081 3031 1411 3100 ἐγκρατείας
1455 3029 1741 3100 καρτερῶς
1773 3029 1872 3100 φέ-

297 3145 410 3202 ρει.
447 3129 543 3181 Ὃν
569 3127 772 3196 τρόπον
793 3124 924 3195 γὰρ,
953 3125 1027 3196 μὴ
1055 3123 1383 3196 θερμανθεὶς
1415 3123 1548 3194 μηδὲ
1577 3113 1872 3194 μαλαχθεὶς

291 3223 326 3276 ϐ
345 3219 514 3292 κηρὸς
547 3219 641 3272 ἐπὶ
675 3217 836 3280 πολὺ,
868 3217 929 3270 οὐ
945 3216 1172 3271 δύναται
1192 3216 1290 3288 τὴν
1313 3215 1698 3299 ἐπιτιθεμένην
1723 3215 1872 3286 αὐτῷ

1976 2131 2141 2186 quam
2191 2116 2386 2187 possit.
2418 2117 2610 2186 Neque
2655 2117 2803 2171 enim
2839 2117 3026 2187 aquila
3054 2119 3258 2174 unialis
3285 2120 3331 2174 si
3367 2131 3453 2176 est
3493 2130 3551 2176 et

1975 2207 2304 2263 alterutrius
2327 2194 2595 2264 destituta
2633 2208 2912 2278 przesidio,
2941 2219 3109 2279 queat
3136 2226 3377 2280 unquam
3418 2213 3549 2268 sub-

1973 2302 2162 2356 volare
2201 2309 2258 2356 et
2287 2301 2345 2356 in
2389 2301 2627 2356 sublime
2674 2300 2910 2356 sustolli.
2943 2300 3546 2372 Patientia-paeniten-

1975 2391 2108 2447 tiam
2139 2392 2380 2462 perficit,
2416 2402 2474 2448 et
2507 2407 2628 2447 eam
2653 2393 2807 2447 velut
2856 2391 3039 2446 indice
3077 2401 3320 2449 ostentat
3355 2395 3548 2465 praesis

1975 2483 2066 2555 gni
2099 2499 2306 2538 corona
2350 2483 2686 2539 redimitam.
2709 2482 2822 2538 Nec
2853 2498 2920 2538 eo
2951 2483 3128 2536 solum
3181 2485 3548 2540 conducibilis

1973 2573 2140 2630 nobis
2173 2575 2449 2631 censenda
2494 2584 2580 2630 est
2625 2575 2912 2645 patientia,
2937 2574 3086 2645 quod
3129 2575 3424 2631 efﬁcaciter
3451 2592 3548 2632 co-

1975 2675 2242 2738 operetur
2281 2665 2638 2736 perficiunda:
2687 2663 3050 2738 poenitentiae,
3081 2667 3175 2722 sed
3211 2669 3357 2738 quod
3397 2669 3550 2723 nulla

1971 2773 2233 2830 prorsum
2263 2757 2466 2822 virtus,
2501 2759 2786 2813 nullumve
2817 2759 2916 2814 Dei
2953 2759 3268 2813 mandatum
3310 2761 3415 2814 nisi
3448 2762 3550 2816 hac

1969 2851 2198 2914 comite,
2239 2851 2484 2921 legitime
2533 2849 2725 2920 perﬁci
2767 2857 2957 2920 queat.
2992 2849 3266 2904 Bonorum
3292 2851 3551 2920 igitur(si

1972 2957 2086 3012 qua
2139 2942 2194 2998 in
2237 2943 2404 2998 nobis
2452 2941 2604 3014 sunt)
2657 2942 2826 2998 cardo
2849 2949 2918 2996 -ει
2947 2952 3109 3012 caput
3144 2942 3409 3012 patientia
3443 2954 3546 3000 est.

1971 3033 2202 3090 Omnem
2233 3034 2468 3106 proinde
2523 3035 2906 3101 tentationem,
2946 3033 3298 3090 aﬂlictionem
3329 3051 3550 3090 omnem

1973 3140 2201 3181 necesse
2247 3125 2319 3180 sit
2364 3133 2426 3180 ut
2468 3125 2836 3195 suscipiamus
2863 3141 2987 3181 cum
3030 3125 3292 3196 patientia
3326 3134 3382 3181 et
3415 3143 3545 3196 gra-

1974 3217 2172 3270 tiarum
2203 3217 2444 3279 actione,
2480 3231 2590 3286 quo
2632 3217 2716 3271 vel
2746 3216 2964 3282 tandem
2999 3219 3218 3288 assequi
3255 3221 3416 3274 detur
3443 3227 3554 3274 ter-

297 3309 576 3383 σφραγῖδα
619 3308 910 3373 δέξασθαι·
941 3305 1117 3371 οὕτως
1162 3307 1286 3360 οὐδὲ
1334 3306 1623 3377 ἄνθρωπος
1665 3307 1762 3362 ὲάν
1795 3307 1871 3379 μὴ

1975 3321 2092 3361 ram
2130 3307 2278 3362 illam
2323 3307 2725 3377 promissionis.
2787 3307 3003 3380 1158
3057 3309 3348 3380 Egregium
3391 3310 3554 3380 plane

293 3375 398 3456 διά
437 3375 614 3456 πόνων
663 3401 758 3455 καὶ
809 3399 1106 3455 ἀσθενειῶν
1157 3375 1486 3472 δοκιμασθῇ,
1534 3401 1596 3454 ού
1647 3375 1872 3454 δύναται¹

1977 3398 2070 3464 sit,
2101 3415 2212 3454 non
2246 3399 2407 3455 facile
2444 3399 2612 3469 (plani
2643 3401 2697 3454 in
2730 3415 2939 3453 morem
2987 3415 3050 3454 ac
3103 3401 3246 3470 vagi)
3287 3402 3467 3456 eloco
3497 3403 3554 3458 in
3593 3381 3596 3385 ’

291 3495 550 3567 χωρῆσαι
583 3493 678 3564 τῆς
735 3493 936 3562 ἀρετῆς
983 3491 1078 3544 τοῦ
1123 3490 1259 3544 Θεοῦ
1308 3490 1405 3562 τὴν
1453 3491 1744 3561 σφραγῖδα.
1775 3489 1875 3544 Διά

295 3586 460 3640 τοῦτο
487 3587 516 3639 ό
545 3584 752 3654 Κύριος
806 3583 960 3650 ἔλεγε
1015 3582 1092 3653 τῷ
1144 3581 1342 3654 Παύλῳ
1367 3599 1381 3611 ⁸
1425 3601 1443 3635 ι
1481 3583 1666 3652 Ἀρκεῖ
1717 3600 1800 3637 σοι
1841 3583 1874 3654 ἡ

295 3678 462 3750 χάρις
495 3693 618 3747 μου.
665 3675 732 3728 'H
759 3675 867 3745 γὰρ
891 3673 1118 3744 δύναμίς
1153 3691 1256 3745 μου
1282 3675 1340 3727 ὲν
1356 3673 1610 3746 ἀσθενείᾳ
1631 3673 1875 3728 τελειοῦ-

292 3787 413 3824 ται.
440 3789 459 3822 ι
498 3771 625 3824 Ὅτε
657 3769 866 3837 ἀφῆκεν
897 3769 925 3820 ό
953 3766 1194 3830 διάϐολος
1226 3765 1320 3820 τὸν
1353 3766 1582 3837 Κύριον,
1612 3766 1733 3820 τότε
1773 3761 1875 3838 ἦλ-

297 3860 397 3914 θον
421 3861 470 3914 οἱ
499 3859 738 3928 ἄγγελοι,
770 3859 866 3912 καὶ
897 3858 1179 3926 διηκόνουν
1226 3855 1395 3927 αὐτῷ.
1427 3856 1638 3929 Ὠσπερ
1675 3853 1768 3912 οῦν
1816 3861 1876 3912 ὲν

295 3951 382 4022 τῷ
407 3947 766 4022 πειράζεσθαι
790 3947 954 4003 αὐτὸν
981 3948 1042 4000 οὐ
1075 3947 1326 4018 παρῆσαν
1349 3948 1400 4000 οἱ
1429 3948 1673 4017 ἄγγελοι,
1703 3949 1876 4014 οὕτως

296 4041 400 4096 καὶ
425 4039 582 4112 ἡμῶν
609 4037 1024 4110 πειραζομένων
1055 4036 1232 4108 καιρῷ
1271 4055 1380 4092 τινι
1405 4038 1784 4110 ὑποχωροῦσιν
1810 4043 1872 4094 οὐ

303 4131 527 4204 μακρὰν
557 4132 610 4189 οἱ
648 4130 742 4184 τοῦ
773 4129 910 4183 Θεοῦ
944 4129 1188 4198 ἄγγελοι,
1219 4130 1316 4184 καὶ
1361 4131 1498 4202 μετὰ
1527 4132 1625 4203 τὴν
1653 4131 1872 4202 ἀναχώ-

299 4239 463 4296 ρησιν
511 4221 618 4274 τῶν
671 4219 1064 4292 πειραζόντων,
1106 4219 1358 4290 ἔρχονται
1415 4221 1552 4292 πρὸς
1581 4223 1726 4292 ἡμᾶς
1753 4221 1872 4276 δια-

295 4313 584 4376 κονοῦντες
610 4311 731 4364 θεῖα
760 4313 1031 4381 νοήματα,
1065 4311 1368 4380 φωτισμὸν,
1401 4313 1714 4378 κατὰνυξιν,
1743 4313 1872 4382 γλυ-

297 4404 660 4476 κασμδν,·καὶ
687 4405 966 4474 ὑπομονήν
985 4417 1001 4434 ο
1026 4404 1121 4456 καὶ
1145 4402 1330 4456 λοιπὸν
1371 4404 1672 4458 ἀνακτᾶται
1705 4405 1870 4476 ψυχὴ,

295 4495 376 4566 ὡς
405 4493 736 4548 κοπιάσασα.
766 4495 866 4547 Διά
893 4492 1054 4547 τοῦτο
1079 4494 1174 4546 καὶ
1193 4493 1224 4546 ό
1265 4493 1499 4556 Ἡσαΐας
1526 4494 1678 4562 λέγει
1697 4511 1712 4526 ο
1749 4513 1768 4546 ι
1809 4496 1874 4550 Oi

299 4587 664 4656 ὑπομένοντες
686 4585 777 4638 τὸν
802 4585 960 4652 Θεὸν,
989 4583 1306 4650 ἀλλάξουσιν
1343 4583 1497 4655 ἰσχύν
1519 4602 1533 4618 ·
1563 4587 1873 4657 πτεροφυή-

1972 3489 2159 3545 locum
2185 3491 2390 3546 diduci.
2431 3491 2820 3562 Unusquisque
2859 3491 3005 3546 enim
3061 3492 3117 3546 in
3147 3493 3294 3562 quod
3322 3497 3556 3550 vocatus

1971 3591 2084 3648 est,
2117 3585 2173 3638 in
2219 3599 2286 3638 eo
2324 3592 2381 3638 et
2411 3593 2652 3638 maneat.
2683 3583 2952 3639 Patientia
3004 3584 3180 3639 solum
3209 3585 3315 3640 hoc
3343 3594 3394 3640 te
3423 3585 3556 3641 edo-

1977 3680 2086 3738 cet,
2113 3689 2212 3743 per
2246 3673 2634 3728 abstinentiam
2673 3673 2910 3727 infracto
2942 3683 3004 3727 ut
3033 3671 3176 3728 feras
3216 3673 3398 3728 animo
3427 3685 3554 3728 ten-

1973 3765 2214 3818 tationes
2255 3779 2378 3833 qua:
2423 3763 2680 3819 alicunde
2729 3763 3074 3818 extrinsecus
3105 3773 3158 3818 te
3204 3762 3551 3822 adoriuntur.

1978 3854 2453 3920 Quemadmodum
2479 3856 2626 3910 enim
2656 3871 2782 3910 cera
2815 3863 2873 3910 ut.
2903 3855 3229 3926 plurimum,
3257 3855 3360 3911 nisi
3393 3873 3551 3913 reca-

1974 3945 2150 4001 lescat
2183 3955 2277 4001 aut
2306 3947 2724 4016 praemolliatur,
2753 3962 2864 4002 non
2916 3948 3076 4002 facile
3133 3947 3189 4002 in
3237 3965 3294 4003 se
3353 3949 3553 4018 recipit

1977 4038 2143 4110 'sigilli
2180 4038 2636 4108 impressionem;
2678 4039 2753 4093 ita
2797 4045 2855 4092 et
2898 4039 3087 4104 homo,
3139 4040 3246 4094 nisi
3299 4039 3552 4096 laborum

1977 4146 2042 4187 ac
2071 4131 2400 4202 multivaria:
2437 4129 2776 4186 infirmitatis
2801 4131 3070 4201 probetur
3101 4132 3388 4198 eXcreitio,
3419 4148 3556 4187 neu-

1978 4221 2187 4292 tiquam
2220 4223 2366 4278 sinet
2396 4221 2652 4293 insigniri
2696 4239 2756 4278 se
2799 4222 3082 4293 signaculo
3111 4221 3314 4282 divinae
3339 4224 3548 4292 gratia’.

1975 4315 2060 4370 0b
2105 4315 2212 4370 hoc
2259 4315 2430 4369 Paulo
2483 4315 2772 4384 respondit
2815 4313 3120 4368 Dominus:
3163 4334 3179 4365 ι
3205 4315 3416 4369 Suliicit
3453 4316 3551 4369 tibi

1975 4405 2150 4477 gratia
2176 4420 2332 4470 mea,
2361 4405 2539 4460 virtus
2589 4405 2736 4460 enim
2771 4419 2889 4460 mea
2925 4405 2978 4459 in
3029 4405 3350 4461 infirmitate
3382 4407 3550 4477 perfi-

1975 4500 2126 4554 citur
2147 4499 2213 4554 ⁸⁹.
2236 4517 2254 4550 ›
2291 4497 2524 4565 Quando
2555 4499 2849 4554 Dominum
2881 4499 3086 4553 dimisit
3117 4499 3391 4563 diabolus,
3422 4508 3554 4556 tunc

1973 4599 2247 4645 venerunt
2287 4591 2488 4660 angeli,
2514 4598 2570 4645 et
2599 4591 2992 4646 ministrabant
3016 4591 3148 4646 ei“.
3181 4591 3550 4657 Quemadmo-

300 4695 487 4733 σουσιν
513 4679 589 4741 ὼς
637 4679 819 4736 ἀετοί’
869 4677 1224 4748 δραμοῦνται,
1257 4677 1354 4730 καὶ
1410 4677 1472 4731 οὐ
1524 4677 1868 4732 κοπιάσουσι·

1977 4680 2111 4736 dum
2140 4679 2310 4750 igitur
2331 4679 2463 4735 dum
2492 4688 2822 4742 tentaretur,
2863 4697 2974 4735 non
3021 4682 3282 4751 leguntur
3328 4681 3555 4736 affuisse

245 4789 258 4797 ·
301 4767 632 4841 βαδιοῦνται,
671 4769 764 4822 καὶ
793 4769 853 4822 οὐ
891 4767 1258 4828 πεινάσουσιν.
1290 4787 1307 4820 ι
1347 4767 1548 4833 Καθὼς
1579 4787 1743 4840 φησιν
1780 4771 1873 4824 καὶ

1977 4771 2180 4842 angeli,
2213 4771 2288 4826 ita
2313 4770 2474 4826 nobis
2510 4786 2731 4841 quoque
2779 4771 2836 4826 in
2861 4772 3164 4826 tentatione
3198 4771 3410 4840 positis,
3438 4781 3556 4826 tan-

299 4863 333 4915 ὁ
359 4859 601 4928 Μωῦσῆς
647 4859 784 4930 πρὸς
827 4860 918 4912 τὸν
959 4859 1089 4913 λαόν
1111 4877 1154 4911 ἰ
1186 4859 1284 4912 Διά
1317 4859 1476 4912 τοῦτο
1498 4861 1756 4930 ἐπείρασέ
1795 4879 1879 4929 σε,

1976 4861 2096 4916 tillo
2144 4860 2370 4916 interim
2412 4877 2469 4917 se
2519 4861 2849 4916 submovent
2896 4869 3164 4930 tempore.
3204 4877 3310 4916 nec
3359 4863 3554 4930 procul

301 4953 401 5006 καὶ
461 4951 711 5006 ὲκάκωσὲ
774 4967 876 5014 σε,-
917 4950 1005 5004 ἵνα
1055 4949 1282 5024 ψωμίσῃ
1319 4968 1378 5004 σε
1429 4951 1492 5005 τὸ
1558 4952 1755 5022 μάννα,
1793 4953 1873 5008 ἵνα

1975 4959 2161 5008 tamen
2194 4951 2473 5006 absistunt
2501 4951 2678 5024 angeli
2704 4951 2822 5007 Dei.
2855 4949 3129 5006 Caeterum
3164 4966 3291 5006 mox
3314 4967 3344 5004 a
3373 4960 3551 5006 tenta-

252 5077 259 5082 -
300 5040 520 5112 γνωσθῇ
552 5040 620 5094 τά
647 5043 706 5095 ὲν
729 5044 794 5112 τῇ
817 5041 1018 5112 καρδίᾳ.
1048 5058 1164 5095 σου.
1199 5041 1286 5104 Ὠς
1316 5043 1478 5106 εῐ·τις
1509 5042 1754 5097 παιδεύει
1783 5042 1873 5096 ἄν-

1975 5041 2115 5095 toris
2145 5055 2390 5106 secessu,
2432 5041 2642 5097 instant
2687 5041 2852 5097 nobis
2905 5048 3263 5112 suggerentes
3307 5055 3430 5109 quae
3486 5039 3556 5094 ad

303 5131 521 5200 θρωπος
541 5131 633 5186 τὸν
659 5132 774 5186 υἱὸν
795 5131 982 5199 αὐτοῦ,
1012 5131 1186 5195 οὕτως
1225 5131 1430 5203 Κύριος
1451 5133 1738 5186 ἐπαίδευσέ
1761 5150 1838 5186 σε.
1852 5149 1873 5186 ι

1979 5131 2186 5188 divina:
2229 5133 2497 5189 bonitatis
2546 5133 2935 5204 cogitationem
2967 5131 3201 5197 faciant;
3240 5139 3391 5200 puta,
3425 5130 3560 5184 illu~

283 5223 416 5276 ,Καὶ
451 5220 630 5286 αὖθις,
689 5245 708 5275 ι
735 5225 845 5278 Καὶ
893 5222 1144 5279 ὲκάκωσέ
1195 5241 1256 5278 σε
1295 5223 1539 5295 Κύριος,
1573 5225 1662 5278 ἶνα
1707 5221 1765 5279 εὖ
1795 5241 1873 5278 σοι

1985 5223 2310 5281 strationem
2360 5224 2582 5289 mentis,
2636 5225 3114 5294 compunetioncm
3141 5265 3156 5288 ,
3201 5221 3563 5276 dulcedinem

306 5314 508 5386 ποιήσῃ
547 5315 634 5368 ἐπ’
679 5315 948 5386 ἐσχάτων.
979 5331 998 5367 ι
1048 5315 1212 5384 Λέγει
1260 5315 1318 5370 δὲ
1369 5316 1464 5369 καὶ
1515 5317 1543 5368 ό
1593 5317 1873 5388 προφήτης

1977 5314 2210 5383 spiritus
2255 5322 2312 5369 et
2351 5315 2714 5385 patientiam;
2743 5323 2910 5386 atque
2954 5315 3027 5368 ita
3065 5314 3349 5383 deinceps,
3377 5312 3563 5367 anima

307 5403 502 5476 Ναούμ
527 5423 540 5436 ·
577 5425 595 5458 ι
617 5407 866 5478 Χρηστὺς
917 5407 1117 5476 Κύριος
1168 5409 1282 5470 τοῖς
1312 5406 1676 5476 ὑπομένουσιν
1721 5408 1873 5462 αὐτὸν

1981 5405 2109 5460 talis
2145 5405 2377 5461 amissas
2418 5407 2655 5460 resumit
2691 5405 2866 5470 vires,
2899 5421 2964 5461 ac
2992 5405 3276 5460 refovetur
3309 5418 3410 5474 pro
3438 5417 3560 5456 mo-

309 5497 364 5548 ὲν
395 5493 576 5566 ἡμέρᾳ
611 5495 864 5567 θλίψεως.
895 5517 912 5548 ι
945 5497 1138 5560 Ἄλλος
1170 5497 1228 5550 δέ
1255 5513 1269 5526 ·
1307 5515 1326 5548 ι
1354 5497 1444 5568 Μὴ
1475 5499 1656 5570 εἴπῃς,
1684 5497 1873 5562 Κακῶς

1981 5495 2114 5550 dulo
2144 5497 2388 5552 tolerata:
2417 5497 2749 5554 afﬂictionis.
2769 5497 3000 5567 Propter
3021 5497 3126 5551 hoc
3158 5495 3325 5551 Isaias
3351 5511 3368 5550 :
3405 5513 3422 5544 ι
3451 5492 3562 5548 Su-

312 5584 584 5656 χρήσομαι
616 5585 709 5639 τὸν
757 5587 952 5658 ἐχθρόν
993 5603 1118 5658 μου,
1167 5586 1283 5641 ἀλλ’
1331 5587 1626 5658 ὑπόμεινον
1653 5588 1745 5640 τδν
1773 5587 1873 5640 Κύ·

1981 5583 2253 5640 stincntes
2286 5586 2459 5640 Deum
2490 5587 2788 5641 mutabunt
2834 5585 3238 5651 fortitudinem,
3277 5590 3560 5638 assumcnt

383 5762 428 5796 ⁸⁸
460 5763 650 5821 Matth.
687 5783 762 5822 ιιι.
789 5765 842 5821 2.
921 5769 964 5801 "
997 5769 1130 5828 an.
1165 5785 1254 5836 xv,
1289 5769 1340 5825 6.
1419 5769 1462 5800 ³⁸
1498 5767 1634 5824 ibid.
1671 5769 1727 5822 Ἰ.
1841 5769 1873 5802 ³³

1975 5768 2084 5824 Ior.
2123 5783 2220 5837 xu,
2257 5769 2316 5823 9.
2391 5769 2431 5800 ’δυ
2460 5767 2648 5838 Matth.
2676 5783 2750 5829 iv,
2783 5767 2868 5823 li.
