3944 6432
3351 324 3400 334 ν..

531 395 663 462 16;.7
1783 384 2149 447 ANTIOCHI
2188 382 2533 445 MONACllI
3630 376 3728 452 1663

525 525 733 582 pennas
771 515 832 563 ut
881 504 1100 578 aquilw,
1132 511 1362 560 current
1397 511 1454 557 et
1501 515 1608 555 non
1655 499 1980 560 lassescent,
2009 513 2074 550 va

2174 537 2181 556 .
2217 513 2330 568 ριον
2367 495 2455 550 ἵνα
2483 512 2568 548 σοι
2597 493 2842 566 βοηθήσῃ
2862 511 2876 525 ο
2910 493 2968 546 οὑ
3010 492 3483 564 καθυποστερὴσει
3512 494 3604 564 γὰρ
3633 497 3731 552 ὑπο-

523 604 656 656 dcut
682 609 738 656 et
783 613 894 654 non
927 598 1174 652 esurient
1205 596 1272 648 “.
1309 614 1327 646 ι
1367 593 1435 648 Ει
1473 592 1654 646 Moses
1688 589 1755 645 ad
1789 589 2060 660 populum

2213 588 2349 659 μονὴ
2392 585 2661 650 εὑσεόεῖς.
2690 607 2708 638 ι
2747 586 2933 649 Οὕτως
2987 586 3254 657 ὑπέμεινε
3301 586 3400 639 καὶ
3433 587 3459 639 6
3486 587 3733 657 πραότατος

528 713 545 744 ι
577 695 810 761 Pr0pter
847 690 954 744 hoc
1006 689 1241 744 tentavit
1272 695 1324 741 te
1357 695 1408 740 et
1443 681 1634 738 afﬂixit
1661 691 1736 747 te,
1765 691 1824 736 ut
1855 696 2082 751 pascere

2209 677 2372 731 Aa6i6
2394 695 2407 708 '
2444 677 2843 748 κατακείμενος
2888 677 2996 748 γὰρ
3044 677 3138 730 καὶ
3177 675 3528 748 λιθαςόμενος
3557 679 3645 732 ὑπὸ
3668 684 3733 734 τοῦ

520 797 573 841 te
603 801 826 852 manna,
858 793 922 840 ut
943 792 1074 838 nota
1108 782 1305 836 ﬁerent
1349 794 1470 849 quae
1500 779 1556 832 in
1590 777 1758 832 corde
1794 784 1891 830 tuo
1923 790 2077 831 versa

2209 770 2396 844 Σεμεῒ,
2440 771 2535 825 καὶ
2564 770 2809 832 ἀκούων,
2851 788 2872 821 ί
2906 769 3157 836 Ἔξελθε,
3193 769 3329 840 ἀνὴρ
3358 771 3387 822 6
3419 770 3732 842 παράνομος,ι

517 877 746 942 bantur,
777 877 934 948 quasi
984 875 1029 930 si
1061 875 1186 945 quis
1229 871 1416 927 erudit
1472 873 1642 924 homo
1688 864 1860 924 filium
1922 885 2074 924 suum

2209 864 2309 918 οὑκ
2331 863 2712 934 ἠγανάκτησε.
2748 861 3175 934 Χαλεπὴναντος
3227 861 3283 916 δὲ
3334 863 3433 916 ἐπὶ
3475 863 3634 948 τούτῳ
3672 865 3739 918 τοῦ

522 967 605 1022 sic
637 947 932 1036 Dominus_
953 963 1198 1019 erudivit
1242 969 1292 1016 te
1316 962 1382 1014 δ’.
1418 978 1437 1013 ι
1470 959 1689 1014 Rursus
1727 977 1740 1013 :
1780 959 1890 1014 «Et
1913 958 2079 1014 afﬂixi

2210 955 2434 1027 ἀνεψιοῦ
2491 954 2681 1022 αὑτοῦ,
2735 954 2832 1008 καὶ
2875 955 3123 1018 εἰπόντος
3150 972 3163 985 ·
3204 955 3343 1018 «Τίς
3391 956 3533 1008 ἐστιν
3561 947 3741 1019 οὗτοςό

526 1066 578 1112 te
637 1059 924 1116 Dominus.
980 1064 1042 1109 ut
1096 1055 1239 1108 bene
1280 1052 1380 1108 tibi
1431 1052 1644 1108 faceret
1693 1051 1750 1105 in
1809 1051 2083 1122 postremi:

2209 1047 2356 1102 κύων
2403 1047 2463 1113 ὃς
2519 1049 2835 1120 καταρᾶται
2879 1047 2972 1102 τὸν
3021 1046 3232 1118 Κύριόν
3283 1064 3387 1118 μου
3423 1046 3742 1117 τὸνβασιλέα,

522 1148 635 1201 tuis
656 1147 722 1200 ".
757 1167 775 1197 ι
818 1145 960 1201 Dicit
985 1152 1170 1198 autem
1191 1151 1246 1198 et
1275 1142 1545 1213 propheta
1582 1141 1798 1196 Nahum
1826 1159 1839 1195 :
1876 1161 1894 1193 ι
1919 1141 2076 1195 -Βοηιι

2211 1138 2498 1210 παρελθὼν
2553 1139 2610 1192 δὲ
2662 1137 2894 1204 πατάξω
2923 1137 3109 1200 αὑτὸν,
3149 1139 3248 1191 καὶ
3276 1137 3470 1207 άφελῶ
3498 1137 3590 1210 τὴν
3617 1155 3745 1208 iteca-

521 1239 792 1294 Dominus
837 1236 1291 1306 exspectantibus
1347 1251 1475 1290 eum
1532 1236 1588 1290 in
1642 1235 1731 1290 die
1790 1235 2074 1289 tribulatio

2209 1229 2307 1302 λὴν
2353 1229 2596 1285 αὑτοῦ-ι
2660 1232 2997 1304 ἐπετίμησεν
3041 1231 3210 1302 αὐτῷ,
3267 1231 3446 1300 λέγων
3471 1247 3486 1262 ·
3541 1251 3560 1284 ι
3588 1233 3743 1300 Ἀφετε

521 1331 608 1385 nis
631 1329 696 1383 “.
727 1347 747 1382 ι
783 1327 940 1382 Alius
969 1328 1099 1382 item
1126 1344 1138 1380 :
1174 1346 1191 1378 ι
1223 1327 1304 1381 Ne
1333 1326 1505 1390 dicas,
1527 1327 1816 1383 'Ultionem
1855 1335 2078 1397 expetam

2207 1321 2374 1375 αὑτὸν
2422 1324 2769 1392 καταρᾶσθαι
2823 1341 2916 1394 με,
2945 1325 3096 1387 ὅπως
3129 1323 3216 1397 ίδῃ
3247 1325 3491 1394 Κύριος,
3529 1327 3615 1379 καὶ
3653 1327 3744 1380 ἀντ-

520 1419 590 1475 de
620 1419 848 1474 inimico
885 1434 1028 1482 meo,
1065 1418 1161 1473 sed
1197 1418 1409 1472 sustine
1436 1418 1731 1473 Dominum
1769 1427 1830 1473 ut
1871 1417 2074 1473 auxilie

2211 1415 2466 1488 αποδώσῃ
2493 1434 2583 1487 μοι
2611 1416 2811 1486 ἀγαθά.
2837 1417 3034 1470 »Ὅθεν
3061 1417 3289 1480 εἰκότως
3315 1417 3560 1487 ἔψαλλεν·
3583 1437 3598 1469 ι
3626 1417 3745 1471 Ὑπο-

521 1521 613 1566 tur
653 1511 772 1572 tibi,
806 1525 918 1564 non
977 1509 1125 1564 enim
1172 1507 1456 1562 fraudabit
1504 1508 1772 1578 patientia
1821 1508 1947 1579 pios
1974 1509 2046 1562 ⁸⁸.

2215 1505 2393 1577 μένων
2433 1506 2706 1576 ὑπέμεινα
2735 1505 2827 1560 τὸν
2859 1506 3087 1578 Κύριον,
3120 1506 3216 1559 καὶ
3249 1508 3524 1578 προσέσχε
3559 1522 3660 1578 μοι·
3682 1509 3744 1561 ul

517 1603 600 1660 Ad
631 1619 759 1658 eum
795 1603 1022 1657 modum
1051 1601 1194 1656 nihil
1241 1616 1355 1656 non
1388 1600 1695 1656 suﬁ‘erebat
1723 1601 2016 1657 lenissimo
2052 1617 2074 1658 ε

2212 1597 2534 1669 είσήκουσεν
2586 1598 2687 1667 τῆς
2739 1597 2982 1668 δεήσεως
3041 1615 3216 1668 μου.»
3250 1597 3743 1668 Προτρεπόμενοςδὲ

517 1694 783 1766 placabili
824 1694 1012 1749 animo
1065 1693 1152 1748 vir
1194 1693 1390 1749 David.
1439 1693 1634 1764 Neque
1682 1694 1832 1748 enim
1887 1692 1936 1749 is
1979 1708 2074 1749 cur

2210 1689 2382 1760 ἡμᾶς,
2415 1689 2582 1760 φησίν
2610 1703 2624 1717 ·
2668 1708 2688 1743 ι
2726 1690 3002 1762 Ἀνδρίζου
3030 1691 3128 1745 καὶ
3174 1689 3564 1761 κραταιούσθω
3597 1691 3745 1762 ﬂatup-

519 1786 870 1842 intoleranda
903 1785 1296 1841 maledicentia
1325 1785 1716 1853 lacesseretur,
1748 1793 1807 1840 et
1837 1784 2066 1841 audiret

2197 1779 2300 1834 ’δία
2341 1797 2460 1846 σου,
2497 1781 2594 1834 καὶ
2618 1780 2914 1852 ὑπόμεινον
2944 1779 3039 1835 τὸν
3081 1781 3310 1853 Κΰριον.
3349 1781 3417 1836 Οί
3452 1781 3560 1852 γὰρ
3591 1781 3743 1852 ὑεομέσ

525 1895 544 1931 ι
573 1878 872 1950 Egredere,
907 1877 995 1933 vir
1029 1877 1255 1947 iniquus
1274 1876 1340 1943 “,
1366 1895 1385 1929 ι
1423 1877 1599 1932 ullum
1649 1847 1807 1933 dedit
1849 1878 2082 1934 concitat

2212 1889 2396 1936 νοντες
2427 1872 2519 1927 τὸν
2561 1847 2789 1945 Κύριον,
2818 1873 2976 1926 αὑτοὶ
3025 1847 3513 1946 κληρονομήσουσι
3532 1847 3642 1944 ⁷γῆν
3671 1847 3741 1926 τῶι

517 1969 690 2024 animi
720 1968 1012 2023 indicium.
1048 1968 1156 2024 Sed
1194 1976 1248 2022 et
1288 1969 1658 2024 consobrinus
1692 1968 1868 2038 ipsius
1892 1970 1985 2024 tali
2028 1969 2074 2025 in

2199 1963 2501 2031 ζώντων.)
2540 1965 2673 2032 Kal,
2705 1983 2724 2016 ι
2747 1966 2827 2019 Οὑ
2857 1963 2933 2037 μὴ
2963 1965 3393 2037 αἰσχυνθείησαν
3421 1966 3472 2018 οἱ
3507 1967 3741 2035 ὑπομένον-

518 2061 787 2133 dignitate
843 2070 1132 2131 permotus
1185 2076 1312 2116 cum
1363 2060 1616 2128 dixisset,
1677 2061 1854 2128 «Quis
1899 2061 1993 2117 hic
2026 2077 2075 2117 es

2211 2060 2302 2121 τές
2338 2075 2418 2123 σε,
2477 2057 2675 2128 Κύριε,
2707 2057 2884 2129 Κύριε
2935 2059 3048 2114 τῶν
3087 2059 3416 2130 δυνάμεων.
3467 2059 3630 2129 Σκεὺη
3674 2062 3741 2131 γὰρ

513 2155 674 2208 canis
715 2154 811 2223 qui
861 2153 1146 2208 maledicit
1197 2152 1424 2208 domino
1484 2168 1608 2209 meo
1638 2153 2070 2225 regi?Profectu

2213 2149 2504 2219 κεραμέως
2529 2148 2819 2220 δοκιμάζει
2850 2151 3105 2221 κάμινος,
3141 2154 3238 2205 καὶ
3255 2137 3570 2230 πειρασμὸς
3591 2153 3740 2222 ἀνθρώ-

515 2246 670 2310 hinc,
702 2246 1011 2316 percutiam
1037 2261 1188 2308 eum,
1230 2253 1286 2300 et
1319 2245 1566 2300 auferam
1598 2253 1764 2316 caput
1787 2246 1962 2317 ipsius
1978 2245 2058 2312 ιτς

2213 2259 2318 2295 που
2349 2242 2408 2294 ὲν
2457 2241 2831 2314 διαλογισμοῖς
2855 2243 3046 2301 αὑτοῦ.
3081 2235 3218 2298 Οὑαὶ
3267 2245 3330 2298 δὲ
3379 2247 3496 2308 τοῖς
3536 2244 3740 2299 auom);-

515 2335 668 2390 hunc
713 2335 914 2390 durius
961 2335 1232 2406 coarguit,
1273 2334 1500 2390 dicens:
1537 2355 1555 2386 ‹
1582 2335 1808 2390 Dimitte
1857 2351 2009 2402 eum,
2050 2353 2072 2390 ιι

2213 2333 2335 2387 κόσι
2365 2335 2464 2404 τὴν
2501 2336 2803 2406 ὑπομονήν.
2834 2336 2948 2388 Kal
2980 2338 3036 2390 τί
3062 2339 3374 2407 ποιήσωσιν
3401 2339 3530 2391 ὅταν
3582 2338 3734 2390 ἐπισγέ-

517 2427 812 2482 maledicat
852 2427 1013 2492 mihi,
1072 2433 1134 2481 ut
1174 2425 1360 2481 videat
1407 2427 1678 2482 Dominus
1711 2436 1769 2483 et
1800 2443 1902 2499 pro
1941 2429 2074 2484 male

2212 2443 2413 2497 πτηται
2446 2429 2475 2480 6
2507 2426 2749 2498 Κόριος;
2794 2428 2862 2482 Ἢ
2914 2427 3024 2500 γὰρ
3075 2428 3330 2499 ὑπομονὴ
3388 2429 3500 2483 τῶν
3557 2433 3735 2497 πενήτιιι

517 2519 764 2574 dictione
823 2519 929 2574 hac
985 2519 1258 2574 retribuat
1315 2519 1454 2573 mihi
1501 2518 1645 2574 bona
1668 2517 1785 2573 ω.)
1835 2519 2074 2586 Quocirc

2210 2519 2311 2572 οὐκ
2353 2518 2637 2573 ἀπολεῖται
2685 2521 2765 2583 είς
2798 2519 2969 2585 τέλος.
2998 2539 3016 2572 ι
3074 2521 3183 2575 Καὶ
3211 2523 3241 2574 ό
3262 2521 3545 2588 ’Σοφονίας
3566 2538 3579 2553 ο
3617 2540 3633 2574 ι
3663 2522 3740 2574 Ἑὲι

515 2625 629 2666 non
682 2611 782 2666 abs
855 2625 914 2665 re
969 2609 1285 2679 psallebatt
1330 2629 1348 2662 ι
1379 2609 1726 2680 Exspectans
1788 2621 2072 2682 exspectav

2212 2609 2509 2682 ὑστερήσῃ,
2550 2607 2847 2679 ὑπόμεινον
2906 2610 3107 2664 αὐτόν·
3139 2611 3225 2664 ὅτι
3247 2613 3276 2664 ό
3335 2611 3627 2683 ἐρχόμενος
3649 2613 3742 2682 ἡξει,

513 2703 840 2769 Dominum,
876 2710 932 2756 et
962 2702 1204 2756 intendit
1232 2702 1390 2769 mihi,
1421 2710 1480 2758 et
1524 2702 1810 2758 exaudivit
1845 2703 2070 2775 depreea

2211 2700 2305 2754 καὶ
2334 2701 2396 2754 οὐ
2423 2704 2645 2772 χρονιεῖ.
2674 2721 2692 2753 ι
2728 2702 2862 2768 Kal,
2889 2721 2908 2754 ε
2946 2703 3074 2756 Ἐὰν
3096 2702 3492 2773 ὑποστείληται
3517 2707 3544 2757 6
3573 2704 3741 2767 δίκαιος,

516 2795 727 2849 tionem
768 2810 946 2848 meam
968 2795 1035 2848 ‘9.
1069 2812 1088 2845 ι
1131 2794 1369 2866 [Rursus
1409 2810 1423 2849 :
1463 2795 1852 2866 «Exspectabo
1902 2813 2073 2853 nome:

2208 2793 2309 2847 οὐκ
2331 2793 2545 2847 εὐδοκεῖ
2597 2796 2656 2847 ἐν
2685 2793 2834 2865 αὑτῷ
2865 2795 2898 2866 ἡ
2927 2795 3074 2866 ψυχή
3114 2813 3240 2864 μου.
3271 2813 3292 2847 ι
3344 2797 3456 2850 Καὶ
3486 2797 3513 2849 6
3543 2796 3740 2857 Παῦλος·

517 2894 698 2951 tuum,
735 2886 998 2956 quoniam
1055 2886 1265 2941 bonum
1318 2886 1374 2941 in
1427 2898 1730 2958 conspectu
1782 2898 2074 2945 sanctorum

2215 2902 2234 2937 ι
2260 2884 2324 2937 Et
2377 2884 2751 2956 ὑπομένομεν,
2787 2887 2885 2939 xal
2935 2887 3477 2960 συμϐασιλεύσομεν.
3506 2909 3525 2942 ι
3567 2889 3658 2943 Kal
3676 2887 3743 2940 πά-

509 2987 742 3032 tuorum
761 2980 835 3036 ἕο.
861 2977 907 3048 ι]
935 2977 1040 3045 Qui
1070 2987 1126 3034 et
1150 2994 1255 3034 nos
1292 2980 1361 3035 ad
1392 2980 1721 3050 patientiam
1749 2981 2066 3039 adhortatu]

2205 2980 2290 3032 λιν
2319 2994 2333 3010 ο
2371 2997 2391 3030 «
2431 2964 2747 3054 Ὑπομονῇς
2777 2980 2887 3052 γὰρ
2915 2979 3068 3052 ἔχετε
3117 2983 3336 3052 χρείαν,
3373 2983 3464 3036 ἵνα
3511 2982 3566 3034 τὸ
3594 2981 3744 3051 θέλημα

507 3069 752 3124 (licens:
791 3070 1080 3128 «Viriliter
1119 3086 1242 3142 age,
1279 3080 1336 3126 et
1369 3072 1721 3128 confortetur
1769 3091 1868 3130 cor
1924 3085 2064 3132 tuun

2205 3067 2303 3122 τοῦ
2341 3067 2477 3122 Θεοῦ
2533 3070 2894 3140 ποιήσαντες,
2921 3071 3192 3143 κομίσητε
3241 3072 3351 3136 τὰς
3410 3072 3740 3141 ἐπαγγελίας.»

509 3169 574 3214 et
619 3161 830 3224 sustine
869 3161 1164 3217 Dominum
1189 3164 1268 3229 “;
1313 3163 1656 3219 sustinentes
1701 3165 1851 3220 enim
1914 3167 2066 3223 Domi

2207 3158 2316 3212 Kal
2343 3160 2372 3212 6
2413 3159 2671 3225 Ἰάκωϐος
2703 3177 2716 3190 ·
2757 3179 2776 3213 ι
2809 3162 2998 3216 Πᾶσαν
3045 3163 3220 3234 χαρὰν
3247 3164 3555 3236 ἡγήσασθε,
3583 3163 3745 3231 ἀδελφοί

516 3266 648 3305 num
678 3252 783 3320 ipsi
811 3253 1226 3309 haareditabunt
1277 3263 1478 3310 terram
1505 3257 1813 3313 viventium
1837 3260 1904 3314 δ’.
1935 3279 1954 3311 ι
1997 3260 2066 3317 Ει

2211 3267 2337 3322 μου,
2363 3251 2494 3306 ὅταν
2544 3256 2876 3324 πειρασμοῖς
2927 3257 3267 3327 περιπέσητε
3318 3259 3598 3323 ποικίλοις,
3628 3258 3745 3328 τινώ-

521 3358 539 3391 ‹
568 3341 690 3395 Νοη
717 3342 1170 3409 confundentur,
1225 3346 1323 3413 qui
1378 3356 1707 3422 exspectant
1744 3357 1816 3415 te,
1851 3351 2078 3408 Domine

2209 3356 2431 3406 σκοντες
2458 3341 2542 3395 ὃτι
2583 3341 2648 3396 τὸ
2700 3342 2947 3412 δοκίμιον
2995 3342 3150 3414 ὑμῶν
3175 3347 3276 3417 τῆς
3331 3348 3565 3412 πίστεως
3593 3364 3744 3416 κατερ-

500 3431 748 3486 Domine
778 3432 1046 3487 virtutum
1065 3433 1165 3487 ⁵³.»
1207 3434 1348 3488 Vasa
1374 3435 1525 3489 enim
1561 3435 1710 3506 figuli
1746 3438 1946 3506 probat
1994 3438 2057 3494 fo:

2203 3432 2436 3502 γάζεται
2497 3433 2820 3504 ὑπομονήνο
2864 3437 2898 3506 ἡ
2952 3436 3010 3490 δὲ
3063 3438 3318 3511 ὑπομονὴ
3378 3440 3537 3512 ἔργον
3591 3440 3745 3494 τέλειον

514 3540 644 3587 nax,
677 3533 734 3579 et.
780 3524 1014 3580 tentatio
1047 3525 1299 3580 hominis
1333 3526 1392 3580 in
1431 3528 1866 3598 cogitationibus
1897 3529 2071 3600 ejus"

2205 3524 2398 3596 ἐχέτω.
2422 3543 2442 3579 ι
2486 3527 2600 3581 Καὶ
2632 3527 2854 3596 ἐπάγειο
2895 3546 2916 3580 ι
2943 3530 3231 3601 Μακάριος
3262 3532 3410 3604 ἀνὴρ
3463 3531 3519 3606 δς
3540 3531 3747 3602 ὑπομένει

504 3617 607 3674 ‘Va:
631 3626 819 3672 autem
860 3617 929 3672 iis
958 3617 1053 3688 qui
1102 3617 1474 3688 perdiderunt
1500 3618 1716 3692 1159
1738 3607 2061 3692 patientiam

2204 3619 2534 3691 πειρασμὸν,
2563 3621 2647 3674 ὅτι
2675 3619 2899 3690 δόκιμος
2944 3622 3258 3694 γενόμενος,
3283 3624 3519 3697 λήψεται
3549 3626 3628 3679 τὸν
3654 3624 3745 3678 στέ-

507 3710 584 3764 Ει
612 3709 745 3780 quid
780 3709 1009 3770 facient.
1037 3725 1162 3764 cum
1197 3709 1448 3766 visitabit
1468 3712 1738 3768 Dominus
1755 3714 1838 3766 l"‘1'
1872 3715 2064 3770 Patien

2202 3729 2370 3782 φανον
2401 3711 2499 3783 τῆς
2533 3711 2700 3785 ζωῆς.
2728 3732 2749 3768 ι
2771 3715 2857 3768 —'O
2889 3714 2948 3769 δὲ
3004 3715 3209 3789 Κύριός
3261 3735 3471 3788 φησιν⁴
3511 3737 3530 3771 ι
3564 3719 3617 3772 ’0
3639 3720 3744 3771 ὑπο-

515 3805 593 3858 tia
641 3803 792 3858 enim
833 3819 1138 3873 pauperum
1170 3819 1280 3858 non
1329 3803 1537 3873 peribit
1566 3805 1629 3859 .in
1669 3805 1842 3859 'fincm
1869 3806 1934 3859 ".
1958 3825 1976 3857 ι
2010 3805 2072 3861 Ai

2202 3801 2396 3872 μείνας
2416 3803 2496 3867 είς
2521 3803 2700 3870 τέλος,
2721 3799 2880 3869 οὗτος
2905 3805 3235 3876 σωθήσεται.
3255 3827 3280 3860 -ι
3307 3810 3420 3864 Καὶ
3451 3809 3620 3865 πάλινο
3647 3827 3664 3862 ι
3683 3810 3743 3862 Ἐν

510 3903 698 3948 autem
725 3902 782 3948 et
813 3893 1126 3964 Soplionias
1157 3911 1169 3947 :
1213 3914 1229 3945 ι
1260 3893 1317 3949 Si
1354 3909 1564 3949 moram
1598 3894 1808 3959 fecerit,
1843 3905 2067 3966 exspect

2201 3896 2267 3966 τῇ
2299 3895 2543 3972 ὑπομονῇ
2577 3897 2731 3968 ὑμῶν
2753 3899 3019 3969 κτήσεσθε
3045 3899 3145 3963 τὰς
3183 3899 3366 3972 ψυχὰς
3395 3903 3598 3974 ὑμῶν,ι
3625 3901 3741 3971 Αὐτῷ

497 3999 677 4051 acum;
712 3984 842 4055 quia
881 3985 1112 4040 veniens
1137 3987 1326 4040 veniet
1357 3995 1414 4041 et
1444 4002 1555 4042 non
1596 3987 1916 4042 tardabit".
1943 4007 1960 4039 ι
1993 3989 2054 4043 ΕΙ

1600 3987 1916 4042 tardabit".
1943 4007 1960 4039 ι
1993 3989 2059 4043 Et
2085 4005 2099 4042 :
2201 3992 2235 4060 ή
2263 3989 2389 4054 δόξα
2420 3993 2500 4054 εἰς
2531 3993 2659 4055 τοὺς
2683 3992 2906 4057 αἰῶνας.
2961 3995 3157 4065 Ἀμήν.

507 4097 538 4130 -ι
570 4077 626 4133 Si
650 4079 995 4134 subtraxerit
1025 4094 1086 4134 se
1113 4080 1319 4150 justus,
1352 4097 1462 4136 non
1507 4082 1749 4152 placebit
1774 4083 1829 4138 in
1900 4085 1995 4140 illo
2044 4084 2232 4140 anima
2296 4102 2417 4141 mea
2439 4087 2506 4141 ⁵⁸.
2528 4107 2546 4140 ι
2602 4089 2674 4144 Ει
2696 4087 2898 4145 Paulus
2921 4108 2944 4144 .:
2977 4104 2996 4142 ι
3019 4090 3078 4146 Si
3109 4091 3557 4160 sustinuerimus,
3577 4105 3626 4150 et
3645 4108 3737 4147 con-

497 4175 952 4244 regnabimus".
980 4194 997 4226 ι
1071 4173 1338 4230 Rursus:
1403 4196 1421 4229 ι
1457 4177 1746 4234 I‘Patientia
1782 4179 1943 4236 vobis
1991 4181 2306 4237 necessaria
2336 4190 2446 4249 est,
2505 4190 2566 4238 ut
2624 4184 2970 4240 voluntatem
3022 4186 3122 4242 Dei
3178 4187 3452 4245 facientes
3499 4188 3736 4261 reponetis

499 4267 996 4337 .promissiones".
1030 4288 1048 4321 ι
1097 4269 1340 4326 Iacobus
1386 4287 1658 4342 quoque:
1726 4272 1940 4331 «Omne
1993 4276 2259 4346 gaudium
2301 4278 2639 4344 existimate,
2709 4280 2914 4337 fratres
2970 4283 3109 4350 mei,
3176 4301 3304 4342 cum
3343 4263 3414 4342 ὶιικ
3463 4286 3736 4342 tentationes

501 4359 697 4414 varias
735 4359 1068 4421 incideritis.
1131 4361 1373 4418 scientes
1445 4363 1596 4432 quod
1643 4365 1901 4434 probatio
1961 4365 2096 4446 fidei
2125 4376 2323 4424 vestrae
2380 4369 2709 4439 patientiam
2752 4381 3052 4442 operatur;
3116 4376 3389 4446 patientia
3433 4386 3603 4432 autem
3634 4389 3733 4444 opus

497 4450 822 4519 :perfectum
874 4453 1167 4507 habeat“.
1194 4472 1212 4505 ι
1267 4455 1496 4510 .lnducit
1528 4457 1674 4511 idem
1699 4473 1717 4510 :
1774 4476 1793 4509 ‹
1823 4457 2027 4514 Beatus
2055 4445 2132 4514 vit
2171 4461 2269 4531 qui
2303 4461 2503 4517 suffert
2541 4463 2934 4531 .tentationem,
2983 4445 3290 4537 quoniam,
3359 4485 3483 4525 cum
3526 4467 3733 4539 probatus

497 4539 703 4604 fuerit,
741 4543 974 4613 accipiet
1025 4560 1292 4601 coronam
1321 4547 1531 4602 vitae".
1560 4567 1579 4600 ›
1620 4549 1891 4606 Dominus
1925 4551 2058 4607 item
2089 4571 2102 4607 :
2148 4573 2168 4607 ι
2191 4553 2300 4622 Qui
2335 4557 2670 4612 sustinuerit
2720 4573 2898 4629 usque
2955 4561 3012 4615 in
3047 4560 3233 4627 finem,
3254 4562 3347 4618 hic
3363 4561 3726 4618 salvuserit“.i

497 4632 714 4688 lterum
747 4650 761 4687 :
808 4634 919 4690 «In
953 4637 1222 4707 patientia
1260 4651 1443 4696 vestra
1489 4641 1848 4712 possidebitis
1887 4645 2101 4703 animas
2131 4656 2350 4706 vestras
2371 4650 2438 4705 σιξ.
2477 4669 2496 4703 ›
2530 4650 2637 4722 Ipsi
2671 4651 2847 4722 gloria
2880 4651 2937 4708 in
2971 4655 3192 4711 saecula.
3221 4656 3420 4714 Amen.

1021 4767 1306 4825 HOMILIA
1346 4766 1593 4826 LXXIX.
2123 4764 2177 4826 Ι)

2123 4764 2177 4826 D
2797 4785 3021 4840 ΛΟΓΟΣ
3069 4786 3192 4844 oe.

1143 4881 1219 4937 De
1256 4900 1448 4956 agone.

2778 4897 2924 4968 ’Περὶ
2957 4899 3207 4970 ἀγῶνος.

574 4992 1060 5060 Άεοιιοοῐηηιίιίιο
1085 5005 1173 5052 est
1202 5007 1260 5052 et
1293 5014 1528 5054 consors
1558 4999 1862 5070 patientiae.
1884 5000 2097 5060 Verius

2271 5005 2342 5059 "0
2383 5005 2556 5075 ἀγὼν,
2607 5010 3025 5083 συστρατιώτης
3086 5017 3237 5069 ἐστὶν
3291 5017 3387 5072 καὶ
3445 5015 3723 5086 σιιιμμέτθκίις

493 5085 728 5140 initium
758 5096 844 5143 est
888 5098 945 5144 et
1003 5089 1168 5157 finis;
1211 5107 1288 5147 ac
1334 5108 1519 5164 prope
1564 5093 1825 5161 dixerim,
1858 5095 2050 5164 ampli!

2192 5096 2292 5167 τῆς
2325 5097 2610 5171 ὑπομονῆς
2631 5118 2660 5140 ⁸-
2690 5104 2895 5171 μᾶλλον
2926 5105 2984 5159 δὲ
3014 5105 3158 5180 ἁρχὴ
3195 5111 3294 5162 καὶ
3335 5085 3608 5171 τέλος,νκαὶ
3631 5118 3719 5172 σχε-

491 5177 789 5246 quiddam.
834 5180 991 5236 Adeo
1041 5185 1191 5238 enim
1242 5185 1517 5240 alterutra
1555 5186 1788 5242 alterius
1819 5203 1924 5258 ope
1970 5202 2048 5259 egi

2193 5189 2280 5243 δδν
2332 5193 2530 5258 εἰπεῖν,
2563 5193 2628 5246 ἓν.
2669 5195 2724 5247 τί
2765 5196 2915 5250 ἐστιν
2947 5177 3206 5269 δεόμενον
3253 5200 3355 5271 τῆς
3375 5200 3502 5270 παρ’
3527 5195 3718 5265 ἀλλήλων

493 5283 572 5322 ac
603 5277 794 5323 mutua
817 5277 1175 5344 compagine,
1199 5284 1272 5332 ut
1317 5286 1516 5334 neutra
1551 5279 1740 5349 possit
1788 5279 1859 5334 ad
1907 5279 2050 5335 vietr

2216 5283 2450 5356 ιοηθειας
2499 5289 2593 5339 και
2651 5289 2995 5362 συνάρσεως.
3027 5293 3165 5345 Οὐδὲ
3191 5295 3301 5365 γὰρ
3332 5290 3715 5356 δυνατδνέτέραν
3772 5275 3773 5278 ‘

495 5375 629 5415 tecm
664 5362 984 5434 pertingere
1006 5382 1278 5425 coronam
1314 5362 1434 5427 sine
1483 5388 1583 5428 sua
1629 5389 1913 5444 compare.
1933 5373 2052 5431 Con

2196 5377 2371 5447 χωρὶς
2403 5377 2639 5449 θατὲρας
2673 5383 3112 5454 στεφανωθῆναι.
3151 5362 3505 5457 Ἐναρμονίως
3524 5380 3631 5451 γοῦν
3645 5375 3711 5430 καὶ

507 5616 554 5646 ,τ
921 5550 1134 5646 5.:
1162 5553 1320 5646 "est
1354 5555 1958 5646 “:1~.?:-¥«___‘iibi9~
1986 5557 2064 5646 *6;

2142 5557 2244 5646 δι’
2274 5559 2490 5646 Na'bum
2518 5563 2641 5646 I,7_._
2690 5564 2748 5646 ’ξ’
2772 5565 2934 5646 Ιξτον.
2962 5582 3058 5632 'xx,
3253 5569 3364 5646 {ﬁll
3389 5568 3504 5646 Reg.
3528 5578 3614 5622 ιη,

507 5616 554 5646 ⁸⁷
584 5615 718 5669 i-bid.
773 5616 827 5671 9.
936 5619 982 5650 ’⁵⁸
1014 5620 1149 5677 ibid.
1211 5623 1298 5676 10.
1409 5623 1455 5657 ⁸⁸
1487 5615 1630 5681 Ρέθι.
1663 5643 1824 5682 XXXIX
1851 5669 1865 5690 ,
1895 5630 1943 5682 1.
2057 5630 2062 5660 ³

505 5679 554 5714 ⁸³
588 5685 934 5740 Psal.t.xvm.
978 5691 1030 5740 7.
1106 5693 1153 5725 ⁸⁸
1195 5693 1365 5740 Eccli-
1420 5711 1586 5740 nvu-
1615 5697 1666 5740 Β-
1745 5698 1790 5729 ⁵³
1821 5698 1989 5740 lei,
2027 5716 2062 5740 ιι

2140 5629 2269 5687 Psal.
2301 5647 2372 5698 ιι,
2410 5615 2557 5687 tt."
2586 5615 2644 5667 ί·
2690 5615 3172 5702 patresin)?
3267 5615 3697 5693 na'bsi.°’.;“:.,9.

2154 5701 2220 5740 46
2279 5701 2346 5740 47
2465 5703 2511 5736 u
2543 5703 2664 5740 Dm]
2731 5721 2782 5740 ιν
2850 5707 2916 5740 ιο
3048 5709 3094 5739 ιτ
3122 5709 3235 5740 Im...
3268 5710 3438 5740 uarum
3475 5722 3504 5740 ιι
3549 5703 3575 5740 ζ
3665 5693 3697 5725 ⁸⁸

631 5687 727 5740 sal.
751 5702 934 5770 va‘m,
1106 5693 1365 5770 '_“_Eccli.
1397 5711 1596 5770 xxv“,
1615 5697 1669 5770 fi,
1709 5766 1724 5770 _
1745 5698 1790 5729 "
1818 5687 1993 5770 Eccli.
2027 5716 2085 5764 ιι,
2154 5701 2188 5754 ft

2029 5716 2085 5764 ιι,
2154 5701 2240 5764 16,
2279 5687 2372 5756 t7."
2465 5703 2511 5736 η
2543 5687 3236 5770 Ρεςιιξιι“,”ιῦζ”’⁷ιῆιιιο
3267 5687 3586 5768 "suam.

505 5753 762 5882 ἕξω-ὡκ,
794 5757 882 5815 58.
922 5753 926 5754 ί
960 5761 1006 5792 ου
1035 5761 1077 5815 ιι
1115 5762 1256 5818 Tim.
1299 5779 1358 5829 ιι,
1393 5765 1459 5817 ιε
1555 5753 1600 5800 οδ
1628 5766 1794 5822 Hebr.
1826 5784 1878 5834 ι,
1921 5753 2058 5824 δδξ

602 5865 617 5892 ,
730 5879 733 5882 ,

2159 5753 2470 5839 acilia-4
2545 5753 2936 5831 Romani
2971 5753 3690 5844 σειιειξζνχῖῑῑῖῑιῑ
