3944 6454
293 396 432 460 1569

1354 395 1680 456 HOMILIA
1715 394 1980 457 LXXIX.
2011 418 2081 431 -
2110 347 2523 455 DEVAGONE.

3409 389 3548 458 1670

290 505 604 568 ἀκολούθως
652 502 958 576 ὲζεύξαμεν
999 505 1067 577 τῇ
1123 505 1368 577 ὑπομονῇ
1423 505 1517 559 τὸν
1546 505 1758 574 ἀγῶνα,
1790 505 1865 559 ὅτε

1977 504 2142 561 cinno
2169 503 2340 575 igitur
2366 502 2564 557 ordine
2604 517 2666 556 ac
2706 499 2905 556 rationi
2927 508 3302 557 consentaneo
3326 502 3545 572 patien-

290 599 434 652 κατά
482 597 686 660 παντὸς
741 597 950 660 πάθους
993 596 1305 651 διαδολικοῦ
1357 597 1456 668 τὴν
1483 598 1642 668 νίκην
1671 597 1874 664 ἀποφέ-

290 705 499 760 ρονται,
535 687 990 760 συνεπισχύοντος
1043 687 1138 742 καὶ
1185 687 1555 756 ἐπαμύνοντος
1598 688 1692 741 τοῦ
1724 689 1872 756 ἀγω-

289 781 508 834 νοθέτου
558 780 766 851 Κυρίου
802 779 958 850 ἡμῶν
995 779 1172 850 Ἰησοῦ
1214 778 1473 850 Χριστοῦ.
1517 780 1575 832 'U
1605 778 1872 845 ἀγωνιζό-

290 887 450 940 μενος
476 868 657 921 πάντα
701 867 1118 940 ἐγκρατεύεται,
1152 868 1339 922 καὶού
1367 868 1624 934 παύεται,
1661 869 1764 931 ἓως
1806 869 1872 922 ἂν

288 959 546 1032 ἐξαλείψῃ
581 959 782 1030 Κύριος
815 961 1022 1024 πάντας
1077 960 1209 1022 τοὺς
1261 961 1492 1031 ἐχθροὺς
1545 961 1654 1014 ἀπὸ
1696 977 1868 1032 προσ-

290 1053 441 1105 ώπου
498 1052 688 1105 αὑτοῦ.
736 1051 804 1104 Ἡ
847 1049 942 1105 οὖν
1005 1051 1303 1121 ἐγκράτεια
1332 1051 1493 1118 διπλῆ
1523 1052 1697 1104 ἐστιν.
1743 1053 1870 1105 Ἐπὶ

288 1143 448 1197 τινῶν
481 1144 588 1214 γὰρ
621 1143 704 1197 δεῖ
728 1141 1179 1212 ἐγκρατεύεσθαι,
1205 1143 1298 1194 ἐπὶ
1319 1141 1481 1195 τινῶν
1504 1143 1562 1194 δὲ
1585 1143 1646 1196 ού
1668 1143 1764 1196 δεῖ.
1798 1145 1871 1197 Τὸ

289 1235 525 1303 πονηρὸν
552 1235 662 1304 γὰρ
690 1235 772 1286 δεῖ
801 1233 1254 1304 ἐγκρατεύεσθαι,
1281 1233 1378 1285 καὶ
1408 1233 1483 1305 μὴ
1510 1237 1686 1287 ποιεῖν
1714 1234 1866 1288 αὐτό.

289 1325 363 1380 Τὸ
381 1326 438 1379 δὲ
468 1325 670 1392 ἀγαθὸν
696 1325 770 1396 μὴ
795 1325 1248 1395 ὲγκρατεύεσθαι,
1269 1326 1403 1380 ἀλλά
1425 1329 1618 1379 ποιεῖν.
1638 1326 1871 1394 Ἐγκρά-

287 1433 479 1471 τευσαι
500 1412 593 1470 οὖν
613 1417 722 1470 ἀπὸ
754 1417 932 1487 πάσης
959 1417 1245 1489 πονηρίας,
1264 1416 1631 1489 ἐργαζόμενος
1646 1417 1706 1470 τὸ
1729 1418 1870 1486 ἀγα-

289 1507 415 1563 θόν·
448 1509 819 1581 ἐγκράτευσαι
846 1509 955 1563 ἀπὸ
977 1508 1242 1580 μοιχείας,
1275 1507 1550 1577 πορνείας,
1586 1508 1866 1579 μεθύσμαο

286 1616 399 1666 τος,
425 1601 676 1670 ἀνομίας,
708 1599 816 1652 ἀπὸ
871 1600 1110 1672 τρυφῆς,
1154 1599 1264 1653 ἀπὸ
1321 1600 1608 1672 πονηρίας,
1655 1601 1765 1656 ἀπό
1808 1618 1870 1656 τε

285 1691 599 1761 ἐδεσμάτων
623 1689 856 1755 πολλῶν,
875 1691 970 1744 καὶ
988 1691 1600 1756 πολυτελείας,πλούτου
1621 1693 1716 1746 καὶ
1731 1709 1867 1746 καυ-

283 1785 518 1854 χήσεως,
576 1782 1028 1855 ὑψηλοφροσύνης
1050 1783 1148 1838 καὶ
1177 1785 1578 1856 ὑπερηφανίας,
1610 1784 1703 1840 καί⁵
1757 1783 1868 1839 ἀπὸ

1976 596 2064 651 tia:
2088 594 2491 651 connexuimus
2534 609 2785 664 agonem.
2823 593 3066 662 Utraque
3105 593 3254 648 enim
3309 593 3546 648 Domino

1974 698 2167 742 nostro
2197 687 2327 742 Jesu
2374 685 2602 741 Christo
2651 685 2768 757 (qui
2799 684 3106 754 spiritualis‘
3139 685 3405 754 palaestrae
3453 693 3544 739 to-

1973 779 2082 833 tius
2128 778 2488 849 agonothetes
2542 779 2650 846 est)
2695 777 2845 831 vires
2899 786 3226 847 suggerente
3256 793 3320 830 ac
3350 785 3545 847 prote-

1973 878 2156 941 gente,
2181 871 2481 940 palmarem
2523 869 2812 922 victoriam
2843 875 3091 936 reportat
3125 868 3390 922 adversus
3418 884 3544 922 om-

1972 977 2096 1015 nem
2127 961 2412 1015 diabolica:
2435 960 2868 1030 perturbationis
2896 961 3191 1014 violentam
3224 961 3545 1030 impressio-

1970 1066 2117 1105 nem.
2150 1050 2254 1118 Qui
2285 1051 2341 1105 in
2370 1067 2541 1122 agone
2573 1051 2878 1114 contendit,
2915 1052 2983 1105 ab
3031 1052 3293 1106 omnibus
3321 1067 3378 1106 se
3413 1053 3545 1108 abs-

1972 1141 2130 1205 tinet,
2159 1157 2261 1196 nec
2297 1141 2678 1211 interquiescit
2720 1141 2898 1195 donec
2937 1141 3189 1196 inimicos
3219 1142 3545 1196 remoliatur

1970 1242 2028 1286 et
2063 1233 2282 1286 aboleat
2327 1248 2358 1286 a
2403 1233 2543 1288 facie
2591 1249 2710 1287 sua.
2763 1233 2905 1287 Sane
2946 1235 3304 1303 temperantia
3341 1233 3544 1302 duplex

1970 1330 2076 1377 est.
2123 1322 2380 1388 Quaedam
2414 1324 2564 1378 enim
2589 1331 2726 1378 sunt
2757 1339 2788 1377 a
2826 1323 3031 1393 quibus
3071 1339 3298 1379 necesse
3340 1325 3412 1379 sit
3442 1324 3543 1380 tibi

1971 1424 2034 1469 ut
2059 1423 2349 1484 temperes,
2371 1414 2475 1467 alia
2509 1413 2641 1468 item
2671 1423 2800 1468 sunt
2826 1429 2948 1484 quae
2987 1430 3127 1485 opus
3166 1416 3239 1469 sit
3289 1423 3348 1469 ut
3390 1433 3545 1472 exsc-

1969 1493 2177 1577 quari‘s.
2211 1506 2293 1561 Ab
2323 1507 2693 1577 improbitate,
2723 1521 2904 1577 operte
2935 1493 3006 1562 sit
3037 1507 3276 1577 pretium
3308 1519 3370 1564 ut
3409 1509 3540 1564 abs—

1970 1598 2167 1663 tineas,
2216 1613 2319 1652 nec
2371 1599 2594 1668 expleas
2639 1613 2807 1668 opere
2854 1615 2870 1652 :
2921 1609 3134 1664 contra,
3186 1600 3257 1654 ab
3289 1615 3358 1655 eo
3389 1601 3541 1670 quod

1968 1688 2175 1745 bonum
2228 1697 2313 1744 est
2361 1699 2417 1745 et
2470 1690 2764 1746 honestum
2812 1706 3009 1747 manus
3064 1707 3135 1746 ne
3201 1693 3539 1757 contrahito,

1970 1779 2145 1850 magis
2177 1789 2361 1834 autem
2403 1795 2500 1835 eas
2552 1779 2640 1834 fac
2681 1781 3068 1836 accommodes
3108 1781 3201 1851 pio
3243 1783 3420 1852 operi.
3455 1783 3539 1837 Ab

394 1847 729 1946 σματοςίκαὶ
752 1847 996 1930 καταλαλ
1011 1877 1096 1940 ιᾶς
1124 1876 1220 1929 καὶ
1233 1847 1599 1949 ὑποκρίσεως,
1613 1876 1708 1931 καὶ
1726 1894 1865 1949 μνη-

1970 1847 2124 1928 omni
2155 1873 2324 1944 igitur
2353 1872 2561 1927 malitia
2614 1887 2812 1928 manus
2858 1847 3124 1928 amolitor
3156 1847 3391 1930 honesto
3415 1875 3542 1931 cui-

284 1964 562 2031 σικακίας,
595 1967 690 2019 καὶ
741 1965 924 2037 πάσης
973 1965 1344 2039 βλασφημίας,
1371 1966 1702 2038 κλέμματος,
1731 1969 1866 2023 ἀπο-

283 2056 618 2126 στερήσεως,
652 2055 1151 2130 ψευδομαρτυρίας,
1182 2057 1520 2126 πλεονεξίας,
1565 2058 1866 2129 ἐπιθυμίας

279 2149 548 2217 πονηρᾶς,
582 2148 820 2217 ἀπάτης,
841 2149 1168 2214 κενοδοξίας,
1218 2147 1560 2216 ἀλαζονείας,
1619 2151 1716 2204 καὶ
1763 2152 1864 2205 ὅσα

278 2237 494 2301 τούτοις
522 2239 684 2308 ὄμοιά
707 2240 877 2295 ἐστιν.
907 2237 1125 2293 Τούτων
1144 2238 1208 2311 δὴ
1239 2239 1344 2293 τῶν
1362 2239 1538 2312 ἔργων
1554 2239 1635 2293 δεῖ
1662 2243 1866 2311 ἐγκρα-

277 2329 536 2383 τεύεσθαι
560 2330 650 2382 τὸν
679 2331 988 2402 ἀγωνιστὴν
1036 2330 1129 2384 καὶ
1175 2329 1361 2385 δοῦλον
1389 2329 1484 2384 τοῦ
1523 2329 1679 2385 Θεοῦ.
1714 2330 1864 2384 Εἰσὶν

277 2420 340 2474 δὲ
372 2421 464 2474 καὶ
495 2420 632 2489 ἔργα
664 2407 846 2489 ἀγαθὰ
876 2420 912 2476 ἀ
936 2420 1392 2493 δεῖέργάζεσθαι
1420 2421 1513 2477 καὶ
1547 2422 1623 2496 μὴ
1655 2423 1864 2497 ἐγκρα-

278 2510 565 2565 τεύεσθαι·
601 2511 708 2582 πρὸ
765 2511 821 2564 δὲ
871 2513 1115 2577 πάντων,
1180 2511 1384 2578 πίστις,
1420 2513 1582 2582 φόϐος
1633 2515 1861 2585 Κυρίου,

283 2603 498 2673 ἀγάπη,
529 2604 775 2673 ὁμόνοια,
809 2603 1031 2673 ῥήματα
1053 2601 1424 2673 δικαιοσύνης,
1451 2603 1699 2676 ἀλήθεια,
1728 2605 1864 2659 ὑπο-

282 2696 446 2764 μονὴ,
500 2696 699 2766 χήραις
754 2696 1072 2765 ὑπηρετεῖν,
1127 2695 1398 2767 ὸρφανοὺς
1435 2695 1864 2768 ὑστερουμὲνους

279 2787 736 2853 ἐπισκέπτεσθαι,
770 2787 829 2853 ἐξ
859 2787 1118 2857 ἀναγκῶν
1143 2788 1470 2860 λυτροῦσθαι
1496 2791 1622 2854 τοὺς
1643 2789 1863 2855 δούλους

277 2876 377 2929 τοῦ
410 2877 569 2942 Θεοῦ,
599 2877 877 2947 φιλόξενον
910 2873 1075 2942 εἶναι,
1115 2878 1320 2948 ἥσυχον
1341 2917 1357 2943 ,
1405 2877 1745 2949 ἐνδεέστερον
1777 2895 1863 2950 γε·

279 2969 468 3023 νέσθαι
513 2970 732 3024 πάντων
787 2968 1092 3040 ἀνθρώπων
1124 3008 1140 3032 ,
1189 2967 1500 3040 πρεσϐύτας
1556 2968 1811 3022 σεύεσθαι
1843 3008 1858 3034 ,

279 3062 474 3114 ἀσκεῖν
515 3059 890 3133 δικαιοσύνην,
927 3060 1270 3132 ἀδελφότητα
1310 3060 1614 3132 συντηρεῖν,
1649 3059 1860 3130 μακρό-

1965 1965 2114 2036 piam
2143 1963 2298 2034 operi
2333 1973 2596 2019 attentus.
2633 1964 2741 2019 Fac
2779 1965 3068 2021 contineas
3119 1966 3188 2020 ab
3240 1966 3536 2033 adulterio,

1967 2071 1998 2110 a
2040 2055 2426 2119 fornicatione,
2478 2055 2548 2109 ab
2581 2055 2872 2119 ebrietate,
2898 2057 2970 2112 ab
3000 2057 3289 2127 iniquitate
3311 2069 3368 2114 et
3405 2059 3540 2131 legis

1968 2148 2428 2218 transgressione,
2457 2164 2487 2203 a
2520 2149 2723 2219 geniali
2770 2149 2903 2204 luxu
2931 2151 3274 2214 deliciarum,
3304 2152 3373 2206 ah
3398 2152 3542 2207 edu-

1964 2237 2171 2292 liorum
2229 2237 2592 2294 immoderata
2630 2240 2810 2309 copia,
2862 2241 2931 2295 ab
2979 2241 3272 2297 immodico
3328 2253 3541 2313 quazstu

1964 2328 2308 2394 divitiarum,
2341 2329 2410 2384 ab
2453 2331 2740 2400 impotenti
2783 2333 3070 2403 jactantia,
3102 2350 3172 2388 ne
3203 2335 3335 2404 quid
3384 2337 3452 2391 de
3486 2345 3540 2392 te

1965 2419 2208 2474 senseris
2278 2419 2595 2489 sublimius,
2651 2438 2721 2477 ne
2765 2438 2864 2492 per
2909 2425 3227 2494 superbiam
3282 2427 3538 2484 evehere.

1962 2509 2194 2568 Abstine
2237 2529 2268 2567 a
2306 2513 2621 2579 mendacio,
2671 2513 3038 2580 detractione,
3087 2517 3383 2586 hypocrisi.
3429 2519 3540 2572 Ac-

1964 2610 2135 2672 cepta:
2180 2602 2397 2674 injuria:
2461 2620 2676 2659 memor
2721 2621 2790 2660 ne
2837 2615 2981 2662 esto.
3037 2607 3270 2663 Provide
3327 2609 3424 2662 tibi
3481 2618 3543 2664 ut

1965 2699 2238 2764 temperes
2286 2694 2356 2749 ab
2397 2696 2548 2750 omni
2597 2695 2965 2766 blasphemia,
3001 2713 3031 2752 a
3065 2697 3237 2762 furto,
3267 2714 3296 2753 a
3322 2710 3538 2755 vetera-

1963 2787 2106 2842 toria
2156 2787 2372 2852 fraude,
2413 2789 2554 2844 falso
2602 2789 2942 2856 testimonio,
2978 2792 3235 2853 avaritia,
3272 2793 3542 2863 concupi-

1962 2878 2172 2934 scentia
2215 2881 2379 2945 mala,
2437 2881 2745 2950 impostura
2802 2890 2858 2936 et
2926 2881 3420 2949 circumventione,
3473 2871 3590 2938 ab‘

1962 2969 2144 3026 inanis
2177 2970 2367 3042 gloriae
2420 2971 2689 3041 appetitu,
2721 2981 2778 3026 et
2828 2973 3169 3042 arrogantia,
3200 2973 3438 3043 denique
3471 2977 3542 3030 ab

1962 3060 2034 3116 iis
2082 3077 2424 3133 quaecunque
2472 3063 2670 3118 borum
2715 3072 2846 3118 sunt
2887 3080 3154 3135 perquam
3203 3066 3424 3120 similia.
3458 3067 3542 3121 Ab

281 3152 456 3223 θυμον
502 3152 666 3220 εἶναι,
700 3152 1067 3224 μνησικακίαν
1107 3151 1185 3223 μὴ
1235 3151 1401 3223 ἔχειν,
1451 3151 1762 3223 κάμνοντας
1791 3152 1858 3222 τῇ

1966 3153 2088 3210 istis
2117 3153 2285 3224 igitur
2319 3154 2590 3224 operibus
2639 3155 2892 3225 quisquis
2921 3172 3002 3221 es,
3040 3173 3073 3212 ο
3099 3173 3258 3213 serve
3287 3159 3405 3224 Dei,
3443 3159 3539 3229 qui

275 3245 429 3316 ψυχῇ
463 3245 828 3316 παρακαλεῖν,
877 3243 1414 3313 ἐσκανδαλισμὲνους
1465 3241 1576 3297 ἀπὸ
1622 3242 1862 3307 πίστεως

1966 3241 2267 3312 ερίτίιυοιίε
2296 3241 2425 3296 vitae
2463 3242 2783 3313 aggrederis
2815 3255 3116 3304 certamen.
3146 3245 3324 3300 modis
3355 3248 3541 3300 omni-

281 3334 362 3405 μὴ
415 3333 838 3400 ἀποϐάλλεσθαι,
884 3333 998 3386 ἀλλ’
1051 3333 1404 3403 ἐπιστρέφειν
1450 3333 1544 3386 καὶ
1593 3329 1865 3402 εὑθύμους

277 3427 483 3488 ποιεῖν,
534 3425 951 3495 ἁμαρτάνοντας
1002 3421 1298 3486 νουθετεῖν,
1329 3420 1610 3492 χρεώστας
1642 3421 1718 3492 μὴ
1753 3418 1864 3473 θλί-

277 3517 400 3569 ϐειν
429 3515 627 3580 ἐνδεεῖς
649 3533 662 3548 ο
689 3517 782 3570 καὶ
813 3517 865 3570 ετ
907 3532 1030 3568 τινα
1057 3515 1272 3578 τούτοις
1297 3513 1460 3584 ὄμοιὰ
1481 3515 1648 3567 ἐστιν.
1681 3511 1866 3567 Ταῦτα

275 3608 395 3680 γὰρ
417 3609 511 3662 ἐὰν
541 3626 623 3672 τις
673 3607 884 3680 φυλάξῃ
912 3608 1008 3662 καὶ
1065 3607 1140 3678 μὴ
1178 3606 1615 3679 ἐγκρατεύσηται
1636 3607 1732 3660 ἀπ’
1766 3607 1865 3661 αῦ-

273 3700 414 3765 τῶν,
463 3701 688 3771 ζήσεται
739 3700 815 3772 τῷ
857 3699 998 3770 Θεῷ.
1050 3698 1174 3770 Χρὴ
1215 3697 1273 3750 δὲ
1302 3696 1392 3752 τδν
1438 3699 1744 3770 ἀγωνιστὴν
1770 3697 1862 3752 καὶ

275 3792 540 3861 ἐκτήκειν
591 3792 682 3845 τδν
734 3792 1025 3846 ἀντίπαλον
1077 3792 1134 3842 ἐν
1191 3791 1258 3860 τῇ
1297 3788 1492 3843 ἐαυτοῦ
1549 3790 1737 3861 σαρκὶ,
1771 3789 1860 3842 ἵνα

280 3883 365 3956 μὴ
390 3884 478 3938 διά
523 3883 624 3954 τῆς
651 3885 949 3954 ὑγρότητος
973 3882 1257 3956 ὀλισθαίνῃ
1289 3883 1316 3935 ὁ
1346 3880 1470 3945 νοῦς
1516 3883 1597 3945 είς
1627 3881 1690 3935 τὸ
1717 3882 1861 3936 λεῖον

273 3974 394 4029 τῶν
425 3975 650 4044 ἡδονῶν,
676 3977 827 4041 ὅπως
857 3978 886 4030 ὁ
914 3978 1040 4042 νοῦς
1057 3979 1168 4034 τῶν
1193 3978 1610 4049 ἀγωνιζομένων
1636 3977 1740 4032 ὑπὸ
1765 3977 1859 4032 τοῦ

275 4062 433 4118 θείου
467 4065 646 4135 φωτὸς
690 4069 1003 4139 ἐνεργῆται,
1038 4071 1131 4122 καὶ
1177 4069 1257 4141 τῷ
1289 4068 1417 4158 θείξρ
1448 4069 1598 4140 νόμῳ
1627 4067 1856 4141 δουλεύῃ

272 4156 380 4209 καὶ
408 4157 726 4228 συνήδηται,
758 4157 899 4212 κατά
923 4158 1014 4212 τὸν
1056 4156 1400 4214 Ἀπόστολονῤ

1960 3332 2064 3388 bus
2099 3331 2518 3401 temperandum
2573 3347 2795 3388 censeo.
2833 3334 3050 3404 1150
3084 3334 3225 3389 Sunt
3255 3347 3448 3389 contra
3485 3343 3543 3389 et

1961 3425 2107 3481 bona
2136 3441 2309 3496 opera
2335 3440 2458 3494 qua:
2492 3433 2552 3478 ut
2580 3425 2848 3495 opereris,
2889 3442 3117 3482 necesse
3140 3427 3232 3492 sit,
3263 3445 3373 3482 non
3404 3433 3538 3486 item

1963 3526 2026 3572 ut
2071 3518 2139 3572 ab
2192 3516 2274 3571 eis
2323 3516 2629 3571 contineas.
2679 3515 2936 3571 Omnium
2993 3518 3236 3588 primum
3269 3518 3403 3574 ﬁdes
3431 3531 3538 3587 est,

1968 3608 2172 3664 deinde
2206 3609 2370 3663 timor
2397 3609 2639 3669 Domini,
2691 3608 2953 3674 charitas,
2985 3609 3280 3664 concordia
3321 3611 3538 3666 animo-

1967 3717 2113 3765 rum,
2142 3702 2317 3757 verba
2345 3700 2596 3772 justitiae,
2634 3700 2860 3762 veritas,
2906 3701 3192 3771 patientia,
3223 3702 3542 3759 subservire

1965 3793 2172 3859 viduis,
2205 3793 2447 3862 pupillos
2477 3785 2674 3846 solatio
2703 3791 2996 3846 destitutos
3043 3801 3334 3862 parentum
3369 3795 3542 3849 inter-

1963 3884 2168 3949 visere,
2217 3899 2406 3938 servos
2456 3883 2552 3937 Dei
2605 3883 2799 3953 quavis
2859 3881 3189 3938 necessitate
3247 3898 3544 3953 Oppressos

1964 3974 2238 4030 extricare
2280 3988 2346 4027 ac
2392 3973 2687 4037 redimere,
2713 3973 2956 4042 hospitio
2987 3974 3245 4044 excipere
3295 3976 3550 4046 peregri-

1964 4083 2090 4133 nos,
2138 4081 2261 4122 esse
2314 4066 2626 4137 requietum
2680 4073 2737 4121 et
2792 4065 3150 4129 taciturnum,
3177 4075 3458 4135 postremo
3485 4076 3546 4123 ut

1966 4158 2036 4213 de
2086 4157 2348 4212 omnibus
2395 4156 2452 4210 in
2493 4169 2786 4210 commune
2831 4153 2973 4210 bene
3039 4157 3321 4220 merearis,
3385 4170 3546 4212 senes

275 4257 588 4318 reveretor,
632 4253 908 4322 justitiam
986 4265 1298 4321 excerceto,
1345 4255 1642 4312 fraternam
1720 4264 2051 4311 conservato
2105 4253 2484 4309 dilectionem.
2553 4251 2944 4334 Longanimem
3003 4250 3263 4306 convenit
3301 4265 3424 4306 esse
3493 4259 3546 4307 te

273 4355 349 4396 ac
387 4343 733 4408 tolerantem,
763 4345 971 4402 nullius
1000 4362 1032 4402 a
1067 4348 1327 4418 qu0piam
1369 4359 1609 4420 acceptae
1632 4349 1849 4420 injuriae
1887 4348 2233 4413 memineris,
2259 4347 2347 4402 fac
2400 4360 2498 4402 eos
2536 4345 2841 4399 consoleris
2892 4343 2990 4414 qui
3056 4345 3242 4399 animo
3272 4342 3546 4408 afﬂictan-

276 4442 376 4488 tur
402 4442 459 4488 et
488 4436 760 4494 laborant.
796 4439 900 4506 Qui
925 4440 1232 4495 etiamnum
1275 4441 1331 4496 in
1401 4441 1508 4496 ﬁde
1573 4441 1785 4496 harent
1844 4441 2093 4512 perplexi
2121 4450 2176 4496 et
2210 4438 2454 4495 scandali
2490 4440 2772 4512 quidpiam
2812 4439 3092 4501 adierunt,
3133 4438 3237 4493 hos
3285 4452 3354 4492 ne
3401 4437 3547 4508 abji«

275 4523 417 4590 cito,
452 4527 626 4596 magis
675 4536 862 4584 autem
901 4529 1173 4596 adnitere,
1225 4529 1285 4585 in
1333 4530 1476 4586 viam
1523 4540 1584 4586 ut
1627 4531 1859 4586 redeant
1924 4531 2075 4597 fidei,
2120 4530 2378 4600 bonoque
2431 4530 2544 4585 sint
2587 4539 2644 4585 et
2705 4528 2875 4586 alacri
2928 4529 2997 4583 ad
3042 4527 3204 4582 fidem
3238 4527 3446 4583 animo.
3478 4528 3541 4584 In

272 4635 503 4676 errores
535 4621 728 4677 devios
767 4625 862 4695 qui
904 4625 1242 4694 exorbitant,
1273 4635 1370 4682 tuo
1399 4628 1623 4683 hortatu
1687 4636 1743 4683 et
1792 4628 2026 4683 consilio
2093 4627 2160 4681 ad
2219 4625 2612 4681 rectitudincm
2657 4641 2874 4681 revoca.
2905 4624 3102 4679 Debito
3149 4624 3408 4695 quopiam
3450 4626 3548 4679 oh-

277 4712 509 4769 strictos
557 4713 684 4778 tibi,
718 4715 904 4787 inopia
943 4719 989 4773 si
1021 4727 1368 4796 premuntur,
1435 4736 1506 4774 ne
1539 4719 1811 4787 afﬂictes;
1843 4728 1898 4775 et
1935 4720 1979 4774 si
2024 4735 2130 4789 qua
2182 4717 2266 4772 his
2337 4718 2578 4773 conﬁnia
2631 4725 2780 4772 sunt.
2835 4716 3028 4772 Isthmc
3069 4732 3234 4786 opera
3291 4717 3546 4786 quisquis

279 4807 395 4864 rite
441 4811 836 4880 observaverit,
877 4831 988 4870 non
1041 4817 1171 4872 item
1215 4817 1284 4872 ab
1329 4817 1599 4888 ejusmodi
1657 4831 1854 4872 manus
1908 4814 2249 4870 contraxerit
2283 4830 2382 4883 per
2430 4814 2737 4869 socordiam
2793 4828 2858 4868 ac
2897 4813 3164 4867 lentorem
3207 4812 3399 4877 animi,
3425 4815 3538 4868 uti-

276 4917 394 4971 que
421 4906 571 4961 vivet
607 4907 739 4962 Deo.
768 4907 918 4980 Opus
943 4909 1011 4964 ad
1041 4910 1158 4965 hanc
1187 4911 1376 4976 fuerit,
1417 4920 1479 4965 ut
1506 4910 1602 4980 qui
1666 4911 1722 4965 in
1763 4909 2037 4980 spirituali
2080 4922 2255 4978 agone
2294 4906 2564 4970 decertat,
2600 4920 2760 4961 suum
2792 4909 3031 4958 maceret
3086 4911 3143 4956 et
3209 4903 3335 4956 tabe
3371 4903 3538 4958 conti--

277 4992 394 5049 ciat
435 4996 812 5053 adversarium
857 5001 912 5054 in
960 5015 1126 5056 carne
1155 5003 1379 5072 propria
1418 5002 1855 5066 delitescentem,
1896 5015 1968 5055 ne
2006 4999 2243 5054 humore
2307 4996 2599 5054 exsudanti
2645 4995 2992 5066 periclitetur
3047 5008 3224 5058 mens,
3267 5003 3324 5048 et
3350 4996 3539 5050 conci-

281 5085 383 5140 dat
411 5103 656 5158 praeceps
688 5089 744 5143 in
770 5090 1002 5145 livorem
1057 5107 1122 5147 ac
1154 5093 1440 5162 planitiem
1483 5093 1711 5147 illicium
1753 5093 2126 5162 voluptatum,
2184 5105 2296 5160 quo
2333 5103 2490 5144 mens
2554 5088 2670 5157 ipsa
2720 5086 3061 5156 spiritualem
3101 5100 3328 5156 agonem
3388 5088 3548 5142 susti-

272 5178 556 5245 nentium,
593 5179 862 5237 ill-ustrata
888 5183 1062 5239 divini
1107 5183 1332 5240 luminis
1369 5185 1683 5255 splendore,
1706 5183 1981 5239 ellicacius
2018 5189 2302 5254 operetur,
2322 5182 2428 5253 legi
2451 5179 2548 5236 Dei
2563 5181 2762 5236 serviat
2778 5187 2834 5234 et
2860 5176 3272 5233 condelectetur
3297 5178 3363 5242 ",
3389 5177 3548 5248 juxta

269 5272 528 5344 Apostoli
559 5274 908 5342 sententiam.

353 5367 448 5419 Δεῖ
493 5359 588 5419 οῦν
638 5368 964 5440 εὐτρεπίσαι
1011 5368 1103 5422 τὸν
1131 5369 1259 5423 νοῦν
1290 5370 1387 5425 καὶ
1423 5369 1728 5442 μετῳκίσαι
1761 5368 1862 5440 τὴν

2039 5365 2148 5422 Sed
2201 5373 2258 5422 et
2305 5365 2499 5422 eadem
2533 5361 2851 5419 adornanda
2903 5359 3056 5431 venit
3093 5368 3150 5416 et
3195 5361 3546 5416 immutanda

275 5457 549 5522 διάνοιαν,
603 5445 703 5512 καῖ’
738 5457 1057 5532 ὑπερκύῷαι
1108 5461 1200 5514 τὸν
1246 5460 1496 5531 οὐρανὸν,
1549 5459 1644 5515 καὶ
1682 5459 1863 5529 πάσης

1969 5458 2138 5514 animi
2187 5458 2468 5530 cogitatio,
2496 5465 2553 5513 et
2585 5456 2654 5513 ad
2693 5454 2894 5511 coelum
2939 5469 3112 5523 usque
3164 5453 3545 5508 transcriben-

275 5549 522 5614 κτίσεως
543 5549 803 5622 ὑπεράνω
835 5569 938 5606 που
969 5553 1248 5621 γενέσθαι,
1276 5553 1372 5607 καὶ
1395 5552 1648 5625 διαπύρῳ
1673 5551 1864 5604 ἐπιθυ-

1969 5549 2040 5606 da
2077 5558 2162 5605 est
2208 5556 2265 5604 et
2310 5549 2631 5614 attollenda,
2655 5561 2932 5616 supraque
2957 5561 3178 5601 omnem
3229 5554 3544 5602 creaturam

268 5644 409 5718 μία,
437 5643 849 5718 ἀκαταπαύστῳ
876 5648 944 5718 τῇ
979 5647 1188 5720 διανοίᾳ
1228 5646 1368 5719 πρὸς
1415 5647 1599 5702 ἐκεῖνα
1627 5643 1860 5716 προσδε-

1970 5643 2035 5698 in
2083 5641 2318 5699 sublime
2376 5649 2460 5698 est
2505 5639 2804 5712 erigendus
2864 5638 3126 5707 animus,
3173 5644 3230 5695 et
3291 5635 3541 5710 Ποιητιιί

365 5802 409 5834 ⁸⁸
441 5801 598 5854 Rom.
620 5817 711 5866 vn,
740 5800 834 5855 22.
