3944 6458
493 365 624 434 ιςτι

1763 355 2130 420 ANTIOCHI
2168 355 2516 423 MONACIII

3590 370 3689 440 167!

491 475 807 540 desiderio,
850 473 1154 544 irrequieta
1225 480 1392 540 atque
1457 469 1672 540 perpeti
1738 457 2074 538 cogitatione

2190 465 2364 519 Ξέσθαι
2396 466 2432 521 ἃ
2459 470 2552 522 καὶ
2573 471 2622 522 οἱ
2645 469 2890 542 ἀληθινοὶ
2927 469 3234 539 ἀγωνισταὶ
3259 471 3482 540 ἔδειξαν,
3511 479 3590 533 καὶ
3609 483 3692 539 ἑὼ.

491 585 594 641 par
629 575 716 622 est
761 572 822 620 ut
866 563 1213 642 adhaerescat
1261 571 1317 616 et
1376 561 1712 630 astringatur
1770 558 2078 628 praeceptis,

493 675 617 732 qua:
661 657 927 731 agonistie
983 657 1062 710 illi
1116 670 1340 710 veraces
1387 669 1553 723 opere
1611 652 1730 722 ipso
1775 664 2078 720 repraesen-

495 763 703 820 tarunt,
775 766 988 822 suaque
1030 749 1307 804 sententia
1362 755 1661 802 sanxerunt
1726 745 1833 815 piis
1884 745 2078 800 obser-

493 846 698 912 vanda,
745 844 879 900 dum
929 858 989 898 se
1030 857 1204 913 agone
1261 839 1536 910 spirituali
1605 846 1944 894 exercerent.
1993 836 2078 892 Illi

495 941 646 996 enim
707 939 927 995 eminus
983 947 1048 992 et
1089 952 1120 990 e
1197 934 1503 1004 longinquo
1577 937 1912 1001 prospectu,
1981 945 2081 1000 per

495 1031 663 1086 ﬁdem
741 1029 1097 1099 contemplati
1167 1025 1597 1097 promissiones,
1663 1023 1874 1078 nullam
1942 1019 2082 1077 afﬂi-

498 1125 747 1181 ctionum
777 1121 1152 1178 accessionem
1187 1117 1708 1188 prolixitudinemve
1753 1123 2084 1171 recusarunt

497 1215 766 1286 perferre.
822 1213 1040 1268 Etenim
1091 1210 1306 1264 lidelem
1357 1223 1478 1262 esse
1529 1221 1656 1262 eum
1702 1206 2078 1272 crediderunt,

500 1306 594 1377 qui
641 1304 986 1375 repromisit;
1037 1309 1420 1370 exspectantes
1465 1301 1689 1356 interim
1733 1299 1876 1354 diem
1928 1299 2082 1353 illum

499 1397 776 1454 Dominici
836 1395 1109 1450 adventus
1171 1393 1376 1464 insigni
1441 1393 1694 1448 claritate
1735 1393 2080 1462 praelustrem

499 1489 768 1552 futurum,
803 1502 915 1558 quo
964 1501 1096 1541 suos
1134 1485 1370 1540 famulos
1407 1484 1632 1555 publico
1669 1483 1952 1554 praeconio
1980 1483 2080 1538 de-

497 1580 815 1634 claraturus
837 1587 942 1642 est,
973 1592 1098 1634 cum
1123 1577 1340 1632 venerit
1379 1575 1437 1629 in
1468 1574 1712 1629 nubibus
1737 1575 1884 1639 coeli,
1915 1575 2087 1644 inque

497 1686 677 1726 unum
707 1684 844 1726 suos
870 1669 1190 1740 aggregabit
1225 1675 1472 1731 sanctos,
1513 1666 1780 1720 nimirum
1827 1665 2087 1735 spiritua-

496 1761 584 1818 ies
615 1761 894 1833 agonistas
923 1771 980 1816 et
1005 1759 1414 1830 integerrimus.
1441 1757 1676 1813 Necesse
1708 1758 1876 1828 igitur
1909 1765 1992 1812 est
2025 1765 2086 1811 ut

504 1853 858 1909 decertemus
885 1870 900 1906 :
929 1861 986 1908 et
1015 1851 1242 1922 quidem
1272 1865 1476 1921 corpus
1503 1850 1779 1906 continua
1803 1849 2088 1920 asperitati

504 1943 882 2014 obiiciendum
908 1941 1176 1996 adversus
1203 1949 1389 1996 autem
1420 1941 1698 2010 improbas
1730 1940 2089 2011 cogitationes

505 2034 658 2089 omni
701 2034 1004 2090 securitate
1051 2041 1108 2089 et
1151 2033 1420 2104 patientia
1480 2031 1912 2104 praemuniendae
1961 2039 2092 2088 sunt

503 2125 724 2180 animae.
749 2124 976 2196 Oportet
999 2126 1244 2195 insuper,
1278 2135 1337 2180 ut
1359 2121 1682 2180 accu'remus
1713 2125 2090 2180 testimonium

504 2217 858 2273 conscientiae
879 2218 1117 2288 propriae
1143 2217 1350 2274 habere
1377 2218 1433 2273 in
1459 2226 1760 2288 conspectu
1783 2217 1904 2274 Dei.
1937 2235 1956 2270 ι
1980 2217 2091 2272 Ex-

505 2319 783 2380 spectans,
828 2328 847 2362 ι
895 2311 1066 2372 enim,
1089 2329 1120 2362 .c
1149 2310 1466 2380 exspectavi
1493 2310 1820 2378 Dominum;
1855 2310 2094 2366 intendit

505 2401 728 2460 mihi“.
755 2420 773 2454 ι
811 2402 932 2458 Νοη
963 2403 1111 2458 enim
1136 2410 1319 2473 potest
1357 2403 1483 2473 quis
1519 2403 1775 2474 indipisci
1803 2403 2088 2471 virtutem,

506 2493 566 2550 ni
602 2495 752 2563 prius
802 2495 925 2564 (pro
980 2494 1131 2550 illius
1184 2495 1557 2569 assecutione)
1616 2511 1742 2552 cum
1802 2495 1994 2551 labore
2032 2507 2091 2551 et

507 2587 802 2642 tolerantia
846 2586 1231 2653 alﬂictionum,
1285 2603 1412 2643 cum
1469 2589 1631 2645 hoste
1674 2589 2090 2659 congrediatur.

505 2677 587 2733 Ex
620 2679 857 2734 adverso
883 2679 1034 2734 enim
1083 2680 1483 2737 obluctandum
1525 2688 1754 2751 peccato
1799 2689 1884 2735 est
1917 2693 2094 2750 usque

506 2769 579 2825 ad
606 2781 865 2837 mortem,
913 2780 971 2827 et
1017 2772 1130 2829 acri
1185 2774 1490 2831 certamine
1523 2786 1684 2844 atque
1715 2771 2095 2828 indesinenter

509 2863 568 2918 in
621 2865 910 2935 procinctu
955 2865 1457 2932 consistendum",
1485 2867 1640 2938 juxta
1674 2865 1957 2920 Paulinam
1993 2878 2095 2918 vo-

509 2973 655 3015 cem.
703 2959 850 3015 Dicit
896 2959 1134 3030 proinde
1191 2959 1527 3030 Scriptura:
1569 2977 1590 3010 ι
1617 2958 1760 3012 Ante
1813 2955 2094 3012 hominem

508 3053 693 3124 posita
738 3059 868 3107 sunt
898 3052 1014 3106 vita
1040 3060 1097 3108 et
1131 3067 1302 3118 mors,
1341 3056 1402 3108 et'
1429 3049 1578 3121 quod
1611 3048 1906 3120 placuerit,
1940 3047 2097 3102 dabi-

2179 557 2459 631 ξάσϐησαν
2503 565 2560 614 ἐν
2589 562 2670 632 τῷ
2697 563 2869 631 ἀγῶνι
2898 563 3101 618 αὐτῶν.
3125 565 3420 635 Πόρρωθεν
3445 569 3542 639 γὰρ
3562 573 3690 646 ἑωρι.

2175 653 2336 717 κότες
2363 654 2461 719 τάς
2493 655 2828 725 ἐπαγγελίας
2878 656 2966 710 διὰ
3015 657 3276 723 πίστεως,
3314 661 3486 730 μῆκος
3519 663 3696 736 Elida.»

2175 746 2504 834 ⁴δινέμειναν,
2531 750 2655 801 ὲπεί
2682 751 2873 802 πιστὸν
2906 750 3190 821 ἡγήσαντο
3235 753 3330 804 τὸν
3352 755 3694 832 ἐπαγγειλὰμι.

2177 853 2293 904 νον,
2320 838 2752 910 ἀπεκδεχόμενοι
2783 839 2884 910 τὴν
2913 839 3179 912 λαμπρὰν
3200 841 3419 913 ἡμέραν
3433 845 3522 898 τοῦ
3547 851 3703 906 Δεσπό-

2179 946 2298 993 του,
2331 931 2389 983 ὲν
2438 925 2473 1004 ᾖ
2504 931 2778 996 ἀναδείξει
2809 933 2837 985 ό
2857 931 2990 996 Θεὸς
3013 933 3142 996 τοὺς
3167 933 3366 988 ἑαυτοῦ
3405 935 3703 1012 θεράποντις,

2177 1021 2310 1075 ὅταν
2359 1021 2488 1094 ἔλθῃ
2534 1022 2629 1075 ὲπὶ
2651 1021 2764 1076 τῶν
2792 1022 3033 1091 νεφελῶν
3057 1026 3155 1076 τοῦ
3185 1023 3446 1094 ούρανοῦ,
3489 1030 3574 1081 καὶ
3610 1047 3708 1086 συν.

2181 1111 2366 1185 αγάγῃ
2393 1113 2520 1176 τοὺς
2558 1113 2735 1176 ὁσίους
2760 1113 2928 1168 αὐτοῦ
2970 1114 3102 1177 τοὺς
3133 1113 3385 1179 τελείους
3425 1119 3704 1188 ἀγωνιστάς,

2181 1203 2306 1275 Χρὴ
2339 1198 2434 1258 οὖν
2463 1205 2858 1275 δοκιμάζεσθαι
2889 1206 2985 1260 καὶ
3030 1207 3334 1276 ὑποφέρειν
3370 1213 3598 1282 συνεχέσι
3637 1216 3710 1284 μὲν

2180 1295 2526 1366 ἀνωμαλίαις
2575 1297 2638 1350 τὸ
2693 1295 2876 1366 σῶμα,
2930 1297 3215 1368 λογισμοῖς
3263 1298 3324 1351 δὲ
3366 1305 3606 1372 πονηροῖς
3640 1305 3709 1371 τὰς

2181 1385 2382 1458 ψυχάς.
2415 1387 2623 1440 Οὐκοῦν
2651 1389 2788 1458 μετὰ
2821 1387 3004 1459 πάσης
3031 1389 3338 1458 ἀσφαλείας
3361 1393 3455 1444 καὶ
3479 1393 3707 1466 ὑπομονῆς

2185 1482 2292 1554 χρὴ
2318 1481 2379 1534 τδ
2408 1481 2710 1552 μαρτύριον
2759 1484 2859 1551 τῆς
2900 1481 3268 1554 συνειδήσεως
3294 1484 3452 1555 ἡμῶν
3485 1491 3705 1560 κατεργά-

2185 1573 2380 1639 ζεσθαι
2427 1576 2578 1645 ἡμᾶς
2615 1573 2847 1628 ἐνώπιον
2876 1574 2968 1627 τοῦ
3007 1573 3169 1631 Θεοῦ.
3212 1595 3232 1628 ι
3285 1575 3593 1648 ’Υπομένων
3615 1583 3706 1654 γὰρ,

2185 1669 2460 1740 ὑπέμεινα
2487 1668 2581 1723 τὸν
2615 1669 2842 1741 Κύριον,
2884 1668 2982 1724 καὶ
3011 1669 3294 1740 προσέσχε
3325 1688 3436 1741 μοι.
3460 1691 3479 1723 ι
3505 1673 3572 1726 οὒ
3597 1674 3709 1730 δύνα-

2114 1807 2161 1865 B
2187 1777 2279 1814 ται
2309 1761 2420 1832 γάρ
2448 1777 2533 1824 τις
2561 1760 2868 1832 κτήσασθαι
2900 1761 3126 1832 ἀρετὴν,
3157 1763 3208 1816 εί
3235 1763 3312 1834 μὴ
3346 1765 3595 1836 πρότερον
3611 1769 3708 1839 ὑπὲρ

2191 1855 2362 1924 αὐτῆς
2381 1852 2488 1918 ἓως
2519 1853 2753 1924 αἵματος
2780 1853 3188 1925 παρατάξηται.
3219 1857 3314 1907 Δεῖ
3343 1857 3454 1924 γὰρ
3472 1857 3566 1941 ἕως
3593 1859 3709 1915 θανά-

2151 1948 2155 1952 '
2187 1963 2283 2001 του
2304 1945 2786 2002 ἀντικαθίστασθαι
2805 1946 2941 2018 πρὸς
2954 1947 3054 2018 τὴν
3070 1948 3376 2018 ἁμαρτίαν,
3398 1951 3708 2018 ἀγωνιστικῶς

2192 2041 2287 2096 καὶ
2315 2039 2649 2106 ἀνεκλύτως,
2679 2041 2822 2094 κατά
2854 2039 2948 2093 τὸν
2991 2040 3299 2094 ἀπόστολον
3339 2041 3566 2098 Παῦλον.
3595 2043 3708 2112 Λέγει

2189 2132 2249 2186 δὲ
2280 2133 2376 2187 κα)⁵
2403 2133 2436 2205 ὴ
2465 2132 2680 2204 Γραφήσ
2710 2149 2732 2184 t
2771 2125 3046 2186 Ἐναντίον
3076 2131 3374 2204 ἀνθρώπου
3418 2135 3451 2204 ἡ
3483 2131 3586 2206 ζωὴ
3608 2138 3710 2191 itali

2193 2223 2447 2288 θάνατος,
2473 2223 2570 2278 καὶ
2589 2223 2618 2276 ὃ
2648 2221 2744 2277 ἐὰν
2766 2222 3062 2294 εὐδοκήσῃ,
3088 2223 3382 2295 δοθήσεται
3406 2224 3569 2296 αὐτῷ.
3593 2245 3609 2278 ι
3639 2227 3709 2282 Καὶ

2174 2306 2302 2388 ’γὰρ
2334 2315 2602 2386 δεσπότης
2633 2316 2743 2370 τῶν
2788 2315 2980 2370 παθῶν
3015 2315 3240 2386 λέγεται
3299 2312 3442 2371 εῖναι
3490 2321 3518 2372 ό
3565 2318 3708 2388 ἀσεϐὴς

2193 2410 2290 2464 καὶ
2317 2407 2584 2480 φρόνιμος
2627 2399 3050 2476 λογισμός-’διὰ
3093 2407 3193 2479 μὲν
3245 2407 3594 2478 σωφροσύνης
3634 2410 3708 2460 ἐπι-

2196 2501 2418 2574 κρατεῖν
2465 2499 2912 2572 γαστριμαργίας
2960 2516 3020 2552 τε
3068 2499 3166 2553 καὶ⁹
3213 2498 3546 2570 ἐπιθυμίας·
3577 2500 3648 2554 διὰ
3677 2499 3711 2552 ii

2193 2588 2566 2660 δικαιοσύνης,
2598 2587 2781 2660 πάσης
2824 2587 3026 2652 κακίας
3049 2603 3064 2616 ·
3089 2585 3179 2640 διὰ
3209 2585 3269 2639 δὲ
3290 2585 3569 2657 ἀνδρείας,
3588 2583 3712 2654 θυμοῦ

2195 2685 2289 2739 καὶ
2327 2681 2594 2754 λογισμοῦ
2644 2681 2740 2734 καὶ
2770 2679 2937 2750 φόϐου
2961 2695 2976 2709 ·
3007 2679 3105 2734 καὶ
3130 2678 3312 2734 ταῦτα
3348 2679 3447 2748 οὐχ
3473 2677 3598 2732 ὥστε
3618 2676 3711 2730 αὐτὰ

2196 2777 2524 2840 καταλῦσαι,
2544 2774 2658 2830 ἀλλ’
2693 2773 2831 2828 ὥστε
2858 2771 3041 2837 αὑτοῖς
3077 2771 3152 2844 μὴ
3182 2767 3351 2837 εῐξαι.
3387 2772 3462 2824 οὐ
3492 2770 3590 2840 γὰρ
3609 2771 3709 2840 Expa-

2196 2868 2378 2941 ζωτής
2409 2868 2528 2921 ἐστι
2565 2866 2677 2922 τῶν
2733 2864 2923 2919 παθῶν
2949 2866 2979 2918 ό
3015 2863 3302 2934 λογισμὸς,
3331 2861 3450 2916 ἀλλ’
3482 2863 3710 2927 ἀνταγωνι-

2199 2960 2352 3032 στής,
2378 2959 2602 3031 Διόπερ,
2632 2958 2816 3029 φησὶν,
2845 2957 3141 3028 ἐπιθυμίαν
3165 2971 3252 3020 τις
3281 2955 3440 3026 ὑμῶν
3465 2955 3522 3008 οὐ
3547 2953 3710 3007 δύναται

2198 3047 2452 3118 ἐκκόψαι,
2485 3047 2622 3100 ἀλλὰ
2651 3044 2726 3118 μὴ
2757 3045 3088 3118 δουλωθῆναι
3122 3047 3189 3117 τῇ
3243 3044 3508 3116 ἐπιθυμίᾳ
3549 3043 3711 3096 δύναται

516 3155 607 3200 ιιιι·
629 3144 681 3198 ei
702 3143 769 3198 ⁸⁸.
800 3163 820 3196 ι
853 3143 962 3200 Sed
988 3143 1138 3198 enim
1175 3143 1384 3213 1151
1437 3143 1528 3214 pia
1571 3158 1636 3198 ac
1665 3141 1912 3213 prudens
1933 3143 2091 3212 cogi-

2198 3143 2228 3196 ό
2255 3141 2516 3211 λογισμὸς
2544 3137 2950 3211 παρασχέσθαι.
2984 3133 3187 3191 Πολλοῦ
3229 3132 3326 3190 οὖν
3363 3135 3562 3204 ἀγῶνος
3582 3134 3714 3205 χρεία,

510 3236 670 3300 talio,
695 3235 918 3290 domina
949 3235 1220 3292 astruitur
1263 3249 1385 3290 esse
1432 3233 1788 3289 aﬂ‘ectionum
1817 3250 1829 3285 :
1855 3247 1954 3303 per
1973 3231 2093 3286 fru-

511 3325 796 3396 galitatem
835 3325 984 3380 enim
1017 3325 1149 3380 vitae
1193 3323 1310 3378 sive
1357 3322 1786 3394 temperantiam
1833 3320 2098 3376 adversus

509 3417 724 3473 ventris
775 3416 1077 3488 ingluviem
1125 3416 1387 3486 praevalet
1442 3425 1500 3470 et
1547 3413 2094 3486 concupiscentiam:

505 3509 724 3580 justitia
755 3517 940 3564 autem
993 3509 1217 3574 comite,
1269 3508 1536 3564 malitiam
1587 3523 1809 3564 omnem
1867 3507 2094 3579 subigit,

510 3601 689 3655 vincit
705 3615 839 3654 vero
861 3600 1187 3656 fortitudine
1215 3600 1582 3665 iracundiam,
1598 3609 1655 3655 at
1678 3599 1935 3670 prudenti
1967 3615 2098 3655 con-

511 3692 850 3748 sideratione
880 3691 1198 3762 suppeditat
1221 3693 1476 3747 timorem
1505 3702 1563 3747 et
1593 3691 1841 3746 excludit
1874 3709 1887 3745 :
1926 3693 2097 3762 idque

511 3799 624 3842 non
659 3784 808 3854 quod
841 3793 1050 3840 asserat
1083 3800 1178 3840 eas
1207 3785 1374 3840 animi
1435 3785 1758 3840 aﬂ‘ectiones
1784 3785 1838 3839 vi
1878 3785 2094 3846 illarum

509 3881 782 3935 virtutum
823 3893 1056 3950 prorsus
1095 3879 1386 3945 exinaniri,
1421 3879 1554 3949 quin
1601 3878 1790 3949 potius
1841 3879 2098 3935 mistione

512 3973 750 4042 quadam
817 3986 940 4026 esse
994 3970 1233 4025 invicem
1293 3971 1642 4041 conjunctas.
1707 3970 1898 4040 Neque
1946 3971 2097 4026 enim

513 4061 885 4118 consideratio
939 4061 1056 4118 sive
1109 4062 1462 4118 ratiocinatio
1499 4061 1864 4133 quantalibet,
1923 4064 2099 4134 possit

512 4155 584 4211 ab
609 4155 796 4210 radice
836 4155 1147 4211 convellere
1199 4171 1419 4211 omnem
1463 4157 1782 4226 passionum
1829 4156 2099 4226 intempe—

512 4245 674 4310 riem,
700 4245 796 4300 sed
825 4246 880 4300 in
911 4246 1016 4300 hoc
1057 4245 1274 4302 indulta
1307 4247 1518 4300 homini
1545 4258 1652 4310 est.
1683 4257 1742 4304 ut
1778 4249 1920 4319 ipsis
1938 4248 2099 4304 oblu-

515 4344 772 4392 cteturac
787 4346 1057 4407 repugnet
1079 4335 1124 4392 i:
1157 4337 1240 4394 0b
1273 4339 1380 4394 hoc
1409 4339 1488 4396 ait
1520 4339 1744 4410 quidem
1774 4355 1788 4395 :
1815 4340 2095 4412 Concupi-

515 4428 781 4484 scentiam
812 4443 974 4483 nemo
996 4438 1241 4484 vestrum
1289 4446 1518 4500 prorsus
1541 4433 1846 4504 exstirpare
1869 4441 2054 4504 potest
2077 4449 2092 4486 :

2201 3236 2288 3288 ἵνα
2331 3231 2423 3288 καὶ
2469 3225 2632 3303 ἡμεῖς
2681 3229 2778 3284 σὺν
2832 3230 2912 3300 τῷ
2967 3228 3168 3299 Παύλῳ
3217 3227 3463 3299 ἐνεργῶς
3507 3225 3714 3296 είπωμεν,

2205 3344 2225 3378 ι
2248 3325 2353 3378 Τὸν
2386 3323 2574 3392 ἀγῶνα
2611 3323 2702 3378 τὸν
2733 3321 2897 3377 καλὸν
2929 3320 3264 3392 ἠγώνισμαι,
3316 3321 3407 3374 τὸν
3449 3319 3626 3390 δρόμον
3656 3331 3716 3368 τε-

2199 3419 2420 3484 τέλεκα,
2453 3417 2553 3488 τὴν
2586 3417 2776 3471 πίστιν
2815 3417 3120 3488 τετήρηκα,
3143 3412 3337 3468 λοιπὸν
3367 3411 3629 3468 ἀπόκειταί
3652 3426 3715 3479 μοι

2199 3513 2227 3567 ό
2259 3512 2360 3582 τῆς
2401 3509 2749 3579 δικαιοσύνης
2786 3508 3071 3578 στέφανος.
3097 3504 3509 3575 ι”Επαλείφων
3555 3501 3606 3555 δὲ
3649 3498 3717 3552 καὶ

2198 3605 2352 3676 ἡμᾶς
2383 3601 2522 3674 πρὸς
2549 3595 2642 3654 et»;
2687 3600 2877 3671 ὅμοιον
2905 3598 3088 3670 ζῆλον,
3121 3599 3350 3668 ελεγενο
3385 3617 3406 3650 ‹
3439 3597 3552 3650 Ὲὰν
3583 3591 3718 3648 δὲκαὶ

2198 3697 2334 3768 ἀθλῇ
2361 3713 2466 3763 τις,
2489 3695 2550 3749 ού
2579 3691 2957 3763 στεφανοῦται,
2990 3693 3082 3748 ἐὰν
3111 3693 3188 3765 μὴ
3223 3695 3466 3763 νομίμως
3491 3689 3713 3759 ἀθλήσῃ.»

2199 3791 2312 3844 Καὶ
2339 3787 2528 3842 πάλιν⁹
2557 3804 2576 3838 ι
2599 3786 2714 3839 Ούκ
2747 3785 2947 3848 οἴδατε,
3000 3785 3086 3838 ὅτι
3130 3785 3189 3838 ἐν
3235 3784 3434 3852 παδὶῳ
3467 3780 3712 3852 τρέχοντες,

2201 3882 2403 3945 πάντες
2429 3879 2528 3951 μὲν
2552 3877 2863 3950 τρέχουσιν,
2899 3871 2979 3940 εἷς
3002 3876 3059 3929 δὲ
3099 3870 3368 3946 λαμϐάνει
3399 3875 3455 3927 τὸ
3484 3869 3713 3942 βραϐεῖονς

2198 3973 2343 4028 οὕτω
2391 3971 2636 4044 τρέχετε,
2676 3971 2764 4024 ἵνα
2811 3966 3178 4038 καταλάϐητε.
3227 3967 3368 4036 Ἐγὼ
3395 3967 3560 4020 τοίνυν
3585 3961 3713 4022 οὕτως

2198 4065 2379 4136 τρέχω
2403 4063 2478 4126 ὡς
2508 4062 2609 4116 οὐκ
2646 4059 2880 4132 ἀδήλως,
2911 4057 3086 4122 οὕτως
3111 4057 3387 4122 πυκτεύω,
3415 4057 3485 4119 ὡς
3505 4055 3592 4108 οὐκ
3615 4050 3712 4119 ἀέρα

2198 4157 2372 4228 δέρων
2393 4172 2405 4185 ·
2446 4152 2560 4208 ἀλλ’
2589 4149 2898 4214 ὑπωπιάζω
2949 4166 3051 4220 μου
3084 4148 3146 4202 τὸ
3189 4148 3353 4220 σῶμα
3384 4149 3472 4201 καὶ
3500 4144 3709 4210 δουλαγω-

2197 4250 2304 4320 γῶ,
2341 4250 2536 4321 μήπως
2573 4245 2754 4308 ἄλλοις
2803 4241 3071 4314 κηρύξας,
3127 4243 3288 4306 αὐτὸς
3331 4241 3567 4310 ἀδόκιμος
3591 4237 3710 4305 γένωσ

2203 4358 2324 4416 μαι.
2353 4359 2374 4395 ι
2421 4337 2760 4394 Ἐπιστέλλει
2781 4335 2839 4388 δὲ
2877 4334 2975 4388 καὶ
3008 4334 3412 4406 Φιλιππησίοιςο
3439 4352 3459 4386 ι
3482 4331 3570 4384 Τὸν
3595 4324 3710 4416 αὐτὸν

2204 4415 2392 4505 ἀγῶνα
2421 4430 2480 4484 δν
2511 4429 2650 4482 ῑδετε
2679 4427 2776 4480 καὶ
2803 4425 3034 4498 ἐμάθετε
3067 4427 3124 4479 ὲν
3151 4426 3294 4496 ἐμοὶ,
3329 4423 3420 4479 καί⁵
3448 4421 3534 4476 νῦν
3569 4415 3706 4474 ditatis-

507 4519 614 4575 sed
643 4518 819 4589 quid?
846 4518 917 4574 Ut
937 4533 1006 4574 ne
1031 4521 1493 4590 concupiscentia
1517 4501 1814 4591 serviatur,
1842 4501 1949 4580 hoc
1975 4525 2091 4597 ipso

2201 4501 2284 4580 τε.
2310 4541 2332 4577 ι
2366 4521 2494 4585 Τοῖς
2521 4519 2579 4572 δὲ
2617 4517 2893 4590 Ἑϐραίοις
2916 4516 3103 4588 φησίνο
3134 4535 3152 4569 ι
3183 4514 3350 4570 Οὔπω
3376 4514 3551 4586 μέχρις
3587 4511 3707 4597 οἴεισ-
3820 4581 3821 4594 χ

2207 4635 2300 4681 τος
2331 4611 2776 4678 ἀντικατέστητε.
2809 4607 2944 4680 πρὸς
2973 4606 3072 4678 τὴν
3103 4606 3376 4678 ἁμαρτίαν
3414 4593 3706 4668 ἀνταγωνιζό-
3820 4611 3821 4670 ξ

513 4625 782 4686 praestare
823 4623 1005 4685 potest
1051 4617 1444 4674 consideratio.
1493 4619 1638 4676 Sane
1667 4635 1778 4676 non
1827 4621 2095 4678 mediocri

503 4719 661 4778 eopus
681 4720 880 4776 agone,
899 4713 968 4773 ut
994 4721 1186 4762 revera
1218 4719 1274 4764 et
1293 4708 1589 4768 efﬁcaciter
1616 4711 1802 4768 dicere
1825 4713 2102 4784 possimus

503 4806 644 4850 .eurn
692 4794 914 4850 Paulo:
951 4815 969 4847 ‹
997 4793 1209 4851 Bonum
1258 4807 1540 4855 certamen
1595 4802 1826 4868 eertavi,
1877 4817 2101 4858 cursum

2203 4723 2394 4784 μενοι·
2432 4704 2528 4758 καὶ
2559 4697 2858 4770 ἐκλέλησθε
2912 4699 3010 4768 τῆς
3061 4697 3454 4770 παρακλήσεως
3488 4691 3594 4761 ητις
3618 4684 3706 4754 ὑμίν

2203 4803 2278 4866 ὡς
2322 4799 2460 4863 υῑο⁴ίς
2501 4793 2854 4862 διαλέγεταιο
2882 4790 3002 4856 Υιὲ,
3035 4791 3222 4862 φησὶν,
3257 4793 3333 4861 μὴ
3355 4785 3583 4857 ὀλιγώρει
3618 4793 3706 4832 πων

503 4887 918 4954 consummavi,
977 4886 1139 4941 fidem
1196 4890 1532 4946 servavizin
1590 4891 1871 4962 reliquum
1939 4908 2091 4963 repo-

2203 4896 2358 4957 δείας
2401 4888 2632 4959 Κυρίου,
2673 4885 2810 4957 μηδὲ
2839 4883 3036 4938 ἐκλύου
3081 4883 3175 4938 ὑπ’
3203 4881 3372 4938 αὐτοῦ
3397 4876 3702 4947 ἐλεγχόμενος-

501 4979 624 5034 ~.sita
671 4987 758 5034 est
809 4978 947 5033 mihi
997 4994 1203 5035 corona
1255 4981 1563 5052 iustitiae“.
1595 4981 1810 5038 ›·1ἁοω
1859 4999 1964 5040 nos
2029 4985 2099 5041 ad

503 5071 756 5141 exempli
809 5071 1010 5128 similis
1052 5071 1415 5128 imitationem
1483 5087 1788 5140 exercens,
1837 5075 2094 5133 dicebat:

523 5161 688 5228 qui
735 5163 790 5218 in
856 5178 1034 5234 agone
1082 5165 1388 5231 contendit,
1419 5181 1530 5223 non
1578 5168 1938 5224 coronabitur
1989 5171 2101 5225 nisi

508 5255 766 5327 legitime
785 5255 1244 5312 decertaverit".
1277 5279 1296 5310 ι
1328 5259 1534 5315 lterum
1564 5277 1578 5315 :
1613 5281 1631 5313 ι
1661 5261 1922 5322 Nescitis,
1950 5263 2101 5332 quod

511 5350 616 5420 qui
651 5349 708 5402 in
742 5348 923 5404 stadio
953 5359 1206 5416 currunt,
1226 5356 1434 5408 omnes
1465 5353 1689 5423 quidem
1715 5362 1970 5416 currunt,
1999 5355 2100 5412 sed

510 5455 666 5498 unus
691 5441 895 5512 accipit
944 5441 1195 5498 bravium
1217 5443 1242 5499 ?
1265 5444 1348 5498 sic
1380 5443 1611 5511 currite,
1637 5453 1701 5500 at
1731 5446 2100 5517 comprehen-

2212 4987 2312 5042 ’ον
2335 4983 2445 5055 γάρ
2465 4980 2656 5052 ἀγαπᾷ
2684 4977 2910 5048 Κύριος,
2939 4975 3206 5040 παιδεύει,
3241 4973 3484 5047 μαστιγοί
3505 4967 3554 5022 δὲ
3573 4963 3703 5055 πάντα

2225 5053 2357 5133 υίὸν-
2399 5053 2459 5131 δν
2514 5071 2908 5146 παραδέχεται.
2937 5089 2957 5124 ι
3025 5069 3257 5132 Ἄλλους
3303 5069 3360 5123 δὲ
3411 5053 3703 5146 ὲγκωμιάζίξιν

2200 5172 2372 5242 λέγει·
2406 5191 2426 5222 ι
2456 5144 2624 5224 ’Ὥστε
2651 5167 2806 5238 ἡμᾶς
2840 5163 3152 5235 καυχᾶσθαι
3185 5163 3326 5234 ὑπὲρ
3373 5160 3460 5230 τῆς
3483 5144 3698 5242 ὑπομονῆς

2200 5233 2382 5336 opim,
2413 5261 2510 5316 καὶ
2553 5233 2790 5323 πίστεως
2819 5259 2878 5311 ἐν
2906 5233 3038 5312 πάσι
3067 5259 3182 5322 τοῖς
3215 5233 3459 5326 διωγμοῖς
3487 5243 3613 5314 ὑμῶν
3631 5233 3695 5291 κεῖὶ

2202 5357 2472 5430 θλίψεσιν,
2493 5349 2582 5420 αἷς
2605 5353 2888 5424 ἀνέχεσθε,
2905 5351 3176 5422 ’ἔνδειγμα
3195 5351 3292 5422 τῆς
3316 5345 3506 5406 δικαίας
3521 5336 3693 5408 κρίσεως

2199 5451 2295 5506 τοῦ
2329 5447 2492 5518 Θεοῦ,
2523 5440 2760 5519 ύπὲρ’ἦς
2791 5447 2888 5500 καὶ
2919 5445 3186 5516 πάσχετε.
3221 5443 3372 5498 Ὅσοι
3398 5439 3493 5510 γὰρ
3513 5431 3690 5487 θέλουσιν

590 5573 638 5604 ⁸⁸
658 5573 803 5631 Psal.
835 5589 1020 5640 χχιιι,
1052 5573 1108 5630 2.
1185 5575 1230 5608 ⁶¹
1250 5575 1452 5646 Ephes.
1481 5593 1553 5644 γι,
1587 5577 1668 5632 l2.
1744 5579 1790 5610 ⁸⁸
1816 5579 1975 5636 Deut.
2011 5596 2091 5638 xx:

2190 5583 2256 5639 I9.
2333 5582 2449 5638 ".ll
2483 5579 2624 5637 Tim.
2669 5596 2742 5648 Iv,
2777 5581 2828 5647 7,
2859 5578 2912 5633 8.
2990 5579 3036 5611 7°
3063 5577 3109 5635 ll
3145 5578 3288 5636 Tim.
3323 5575 3446 5644 11,5.

1794 5705 2024 5762 VARUE
2075 5703 2477 5762 LECTIONES.

590 5791 614 5848 3
655 5790 797 5846 Nota
821 5791 973 5849 hunc
1003 5809 1110 5848 non
1144 5795 1282 5849 tueri
1315 5795 1680 5850 immobilitzit;
1701 5813 1753 5850 m
1785 5813 1910 5868 erga
1936 5797 2242 5870 passiones.

3819 735 3822 794 ί

3819 949 3821 1058 4
