3944 6478
207 349 343 419 1673

1200 331 1534 418 HGMILIA
1572 357 1804 418 Lxxx.
1834 383 1903 392 —
1937 357 2034 419 DE
2069 357 2518 418 CONCORDIA.

3337 349 3474 418 16ῗὲ

201 457 440 522 εὐσεϐῶς
465 457 563 529 ζῇν
579 458 637 513 ἐν
665 456 1344 530 Χριστῷρδιωχθήσονται.
1379 481 1398 514 ι
1431 461 1490 515 '0
1519 462 1577 516 δὲ
1606 461 1790 516 Ἰωάν-

1904 466 2038 521 latis
2061 467 2146 534 "‘;
2197 481 2297 536 ego
2343 466 2509 536 igitur
2536 465 2614 519 sic
2643 477 2831 528 curro,
2863 475 2974 517 non
3013 461 3169 532 quasi
3204 462 3261 516 in
3291 463 3473 540 incer-

201 563 316 618 νης.
349 567 368 600 ι
391 545 483 620 Μὴ
517 547 849 618 θαυμάζετε,
884 547 1072 618 φησὶν,
1103 547 1344 618 ἀδελφοὶ,
1380 552 1427 625 εἰ
1457 552 1610 622 μισεῖ
1641 551 1787 621 ὑμᾶς

199 641 228 692 ὁ
257 637 492 710 κόσμος·
527 639 692 711 Ιἡμεῖς
719 639 943 709 οἴδαμεν
973 639 1057 692 ὅτι
1093 639 1555 713 μεταϐεϐήκαμεν
1597 643 1662 695 ὲκ
1689 640 1786 694 τοῦ

202 729 434 784 θανάτου
487 732 568 794 εἰς
603 731 703 802 τὴν
729 729 896 801 ζωήν.
927 749 947 782 ι
987 731 1099 784 Καὶ
1139 732 1168 784 ὁ
1203 731 1408 803 Κύριος
1439 749 1452 764 ·
1493 751 1512 786 t
1563 731 1763 802 Ἀγωνί

201 817 361 884 ζεσθε
403 821 668 874 εἰσελθεῖν
700 820 790 874 διὰ
828 821 930 892 τῆς
981 821 1175 892 στενῆς
1205 823 1402 894 πύλης,
1435 827 1516 878 ὅτι
1553 825 1787 880 πλατεῖα

202 911 404 984 ἡπύλη
433 913 528 966 καὶ
571 913 886 986 εὐρύχωρος
924 917 957 984 ὴ
1004 915 1122 979 ὁδὸς
1163 916 1196 985 ἡ
1237 903 1530 985 ἀπάγουσα
1578 918 1660 982 είς
1689 919 1790 988 τὴν

203 1005 510 1060 ἀπώλειαν·
545 1007 640 1060 καὶ
681 1003 868 1060 πολλοί
927 1009 1067 1060 εἰσιν
1121 1007 1169 1060 οἱ
1223 1010 1670 1080 εἰσπορευόμενοι
1726 1009 1796 1063 δι’

201 1099 392 1170 αὐτῆς,
421 1099 503 1152 ὅτι
536 1097 755 1169 στενὴή
802 1097 948 1168 πύλη
1003 1100 1096 1154 καὶ
1138 1096 1478 1172 τεθλιμμένη
1519 1101 1552 1170 ἡ
1593 1101 1712 1164 ὁδὸς
1758 1104 1791 1172 ἡ

205 1193 494 1257 ἀπάγουσα
550 1193 632 1256 εἰς
683 1191 782 1262 τὴν
823 1189 990 1262 ζωὴν,
1018 1210 1037 1242 ι
1216 1182 1584 1262 ἀξιωθείημεν
1614 1192 1798 1263 χάριτι

206 1286 446 1354 Χριστοῦ
489 1283 582 1338 τοῦ
631 1275 818 1357 Θεοῦ.]
851 1284 1012 1356 Αὑτῷ
1040 1287 1074 1354 ἡ
1105 1284 1235 1351 δόξα
1280 1285 1360 1348 εἰς
1401 1285 1530 1346 τοὺς
1568 1280 1793 1348 αἰῶνας.

215 1376 410 1446 Ἀμήν.

1886 569 2036 621 tum;
2076 559 2156 614 si'e
2197 573 2398 630 pugno,
2435 573 2545 612 non
2574 555 2732 626 quasi
2789 569 2974 610 aerem
3003 553 3344 620 verberans;
3375 553 3500 632 sed

1886 647 2096 719 castigo
2124 663 2329 718 corpus
2359 662 2543 701 meum
2581 655 2640 700 et
2689 645 2746 700 in
2801 643 3130 699 servitutem
3160 642 3372 712 redigo,
3407 659 3475 695 ne

1886 737 2029 794 forte
2080 753 2207 792 cum
2259 736 2388 792 aliis
2435 735 2870 808 praedicaverim,
2913 731 3031 804 ipse
3067 734 3336 804 reprobus
3363 732 3478 790 etii-

1888 827 2095 882 ciar".
2130 847 2148 878 ι
2203 825 2284 881 Ad
2333 826 2722 896 Philippenses
2771 833 2958 880 autem
3019 839 3118 893 per
3175 822 3474 892 Epistolam

1888 917 2028 972 dicit
2058 935 2072 972 :
2106 937 2123 969 ι
2145 915 2436 972 Certamen
2469 917 2613 987 quod
2647 915 2867 972 vidistis
2897 923 2954 970 et
2977 915 3252 970 didicistis
3281 913 3335 967 in
3365 928 3473 978 me,
3551 945 3558 952 -

1889 1019 1945 1064 et
1975 1026 2125 1066 nunc
2164 1009 2498 1065 auditis".n
2541 1009 2624 1064 Ad
2673 1007 2941 1064 Hebraeos
2975 1023 3240 1080 quoque:
3281 1025 3298 1057 ι
3323 1006 3478 1060 Non-

1892 1103 2024 1156 dum
2065 1118 2240 1172 usque
2269 1102 2338 1157 ad
2370 1102 2696 1172 sanguinem
2730 1102 3015 1158 restitistis
3049 1100 3315 1156 adversus
3353 1115 3481 1170 pec-

1893 1204 2076 1248 catum
2128 1203 2520 1264 repugnantes,
2578 1203 2636 1249 et
2677 1193 2837 1248 obliti
2886 1194 3023 1250 estis
3078 1191 3481 1248 consolationis

1894 1300 2018 1354 quae
2063 1284 2222 1339 vobis
2267 1294 2528 1355 tanquam
2573 1283 2702 1350 ﬁliis
2727 1285 3008 1356 _loquitur
3033 1303 3048 1340 :
3077 1285 3202 1350 Fili,
3235 1285 3333 1348 ait,
3365 1283 3480 1338 noli

1896 1375 2173 1445 negligere
2202 1374 2550 1446 disciplinam
2573 1375 2825 1442 Domini,
2859 1391 3040 1445 neque
3064 1375 3313 1444 fatigerls
3347 1374 3479 1428 dum

203 1469 276 1524 ab
326 1470 405 1524 eo
447 1463 696 1538 argueris
752 1483 962 1538 :quem
1002 1461 1150 1524 enim
1221 1462 1398 1540 diligit
1445 1467 1734 1534 Dominus,
1785 1469 2017 1538 castigat
2049 1485 2061 1521 :
2093 1467 2333 1539 ﬂagellat
2396 1477 2581 1523 autem
2649 1483 2868 1522 onmem
2909 1468 3083 1523 lilium
3129 1483 3292 1538 quem
3352 1465 3484 1521 reci‘

206 1563 375 1632 pit“.
406 1581 425 1615 ›
500 1561 656 1618 Alios
703 1561 834 1617 item
890 1579 1000 1616 non
1049 1563 1315 1618 mediocri
1387 1563 1550 1618 laude
1597 1563 2015 1628 commendans,
2083 1563 2204 1616 ait:
2270 1551 2401 1617 t'lta
2453 1571 2514 1616 ut
2568 1577 2671 1617 nos
2717 1563 3020 1633 gloriemur
3063 1577 3166 1632 pro
3214 1559 3479 1631 patientia

207 1659 388 1709 vestra
427 1663 484 1708 et
524 1653 628 1708 fide
660 1657 716 1708 in
753 1655 1013 1708 omnibus
1090 1655 1574 1724 persecutionibus
1629 1655 1834 1709 vestris
1871 1665 1926 1708 et
1995 1653 2467 1720 tribulationibus,
2527 1669 2664 1724 quas
2729 1654 3016 1710 sustinetis
3068 1653 3123 1706 in
3167 1651 3479 1720 exemplum

203 1745 340 1815 justi
386 1743 584 1816 judicii
651 1741 768 1805 Dei,
799 1761 898 1815 pro
932 1763 1039 1816 qua
1093 1755 1150 1800 et
1185 1746 1439 1816 patimini
1489 1748 1574 1812 7”;
1610 1747 1931 1816 quicunque
1995 1746 2145 1801 enim
2178 1747 2375 1800 volunt
2437 1745 2525 1816 pie
2567 1745 2756 1801 vivere
2787 1745 2845 1800 in
2874 1745 3119 1812 Christo,
3147 1743 3478 1814 persecutio

206 1854 334 1893 nem
384 1837 804 1907 patientur".i
857 1837 1098 1892 Joannes
1167 1849 1354 1894 autem
1394 1839 1472 1892 ait
1512 1857 1524 1892 :
1563 1838 1785 1892 (Nolite
1825 1838 2016 1892 mirari
2085 1837 2330 1908 (fratres)
2380 1837 2424 1892 si
2463 1837 2582 1892 odit
2635 1852 2734 1892 vos
2791 1837 3053 1904 mundus,
3122 1851 3224 1891 nos
3275 1835 3482 1890 scimus

205 1931 340 2002 quia
379 1931 631 1986 translati
674 1929 982 1990 sumusdc
1032 1940 1209 1986 morte
1245 1931 1312 1985 ad
1381 1931 1552 1984 vitam
1609 1931 1676 1984 ⁷⁷.
1709 1949 1728 1982 ι
1808 1930 2077 1986 Dominus
2123 1945 2254 1984 vero
2292 1948 2304 1983 :
2346 1951 2362 1982 ι
2390 1928 2724 1986 Contendite
2777 1930 2991 1986 intrare
3039 1944 3140 1999 per
3193 1934 3482 1998 angustant

205 2033 446 2094 portam,
475 2023 606 2094 quia
633 2023 740 2077 lata
765 2023 847 2076 cst
872 2025 1029 2092 porta
1067 2029 1124 2076 et
1147 2023 1384 2092 spatiosa
1429 2024 1516 2079 via
1582 2041 1705 2094 quae
1735 2025 1890 2080 ducit
1927 2025 1995 2079 ad
2067 2025 2460 2096 perditionem,
2522 2034 2578 2079 et
2612 2025 2774 2078 multi
2814 2033 2942 2079 sunt
2989 2023 3092 2094 qui
3141 2023 3352 2077 vadunt
3380 2037 3481 2093 per

207 2137 331 2176 eam
365 2137 572 2192 :quam
619 2131 850 2193 angusta
899 2137 1031 2179 vero
1073 2131 1255 2193 porta,
1326 2129 1384 2175 et
1453 2129 1603 2175 arcta
1651 2129 1734 2175 est
1771 2120 1859 2176 via
1901 2136 2022 2190 qua:
2075 2120 2227 2174 ducit
2274 2119 2343 2174 ad
2391 2119 2561 2176 vitam
2585 2120 2648 2174 ⁷⁸.
2688 2139 2706 2170 ι
2751 2119 2856 2189 Ipsi
2925 2117 3101 2189 gloria
3157 2117 3228 2172 in.
3259 2117 3478 2172 saecula.

204 2219 403 2272 Amen.

836 2347 1056 2406 ΛΟΓΟΣ
1089 2355 1169 2408 II’.

779 2480 912 2550 Περὶ
942 2481 1242 2551 ὁμονοίας.

285 2607 667 2666 Εὗαπόδεκτον
712 2612 834 2684 θεῷ
887 2613 988 2682 τῆς
1031 2613 1280 2676 ἐνώσεως
1329 2615 1422 2684 τῆς
1473 2613 1801 2684 Ἐκκλησίας

213 2706 554 2776 φροντίζειν,
599 2701 668 2778 ἦς
695 2705 852 2758 οὐδὲν
877 2705 1102 2777 ἄμεινον
1128 2709 1186 2759 ὲν
1216 2705 1547 2777 ἀνθρώποις.
1581 2709 1690 2762 Καὶ
1716 2711 1798 2773 τὸ,

209 2797 420 2860 πάντας
454 2797 783 2866 βαστάζειν,
821 2797 896 2860 ὡς
925 2798 1020 2852 καὶ
1049 2798 1197 2868 ἡμᾶς
1225 2798 1254 2848 ὁ
1282 2795 1508 2870 Κύριος,
1540 2799 1638 2852 καὶ
1665 2799 1801 2852 πάν-

207 2905 322 2943 των
349 2889 641 2959 ἀνέχεσθαι
675 2893 730 2943 ἐν
764 2891 974 2962 ἀγάπῃ.
1031 2891 1140 2942 Καὶ
1181 2891 1242 2942 οὐ
1274 2889 1379 2960 χρὴ
1409 2889 1615 2962 εὐλόγῳ
1642 2889 1802 2958 δῆθεν

209 2981 488 3052 προφάσει
509 3021 523 3046 ,
577 2981 666 3036 ἵνα
713 2981 788 3052 μὴ
823 2981 992 3044 εἴπω,
1030 2980 1128 3034 καὶ
1159 2981 1280 3034 λίαν
1311 2980 1513 3052 ἀλόγῳ,
1545 2982 1800 3052 ἀποσπᾷν

206 3073 440 3136 ἑαυτοὺς
474 3072 569 3125 τοῦ
609 3071 864 3142 σώματος
902 3074 1000 3144 τῆς
1041 3071 1388 3143 Ἐκκλησίας,
1427 3074 1522 3126 καὶ
1553 3071 1800 3140 ίδιάζειν,
1844 3117 1860 3128 .

207 3162 329 3217 ἀλλ’
357 3164 450 3218 ἐπὶ
479 3164 538 3216 τὸ
565 3163 700 3218 αὐτὸ
737 3163 834 3234 μία
860 3164 1164 3235 προσευχὴ,
1198 3163 1296 3235 μία
1319 3164 1527 3234 δέησις,
1550 3159 1630 3228 εἷς
1657 3165 1801 3232 νοῦς,

213 3256 317 3325 μία
341 3257 515 3319 ἐλπὶς,
553 3258 610 3310 ὲν
637 3256 851 3327 ἀγάπῃ,
884 3257 942 3308 ἐν
969 3259 1034 3328 τῇ
1067 3257 1212 3326 χαρᾷ
1241 3257 1306 3326 τῇ
1337 3254 1574 3326 ἀμώμῳ,
1597 3256 1625 3308 ὃ
1655 3257 1802 3310 ἐστιν

223 3345 436 3415 Ἰησοῦς
463 3345 720 3416 Χριστὸς,
755 3342 815 3400 οῦ
847 3345 998 3400 οὐδὲν
1025 3346 1448 3420 θυμηδέστερον.
1477 3350 1683 3414 Πάντες
1709 3350 1803 3404 οὖν

208 3437 504 3508 ὀφείλομεν
555 3439 869 3510 συντρέχειν
906 3439 982 3502 ὡς
1014 3439 1108 3491 ἐπὶ
1141 3439 1200 3494 ἓν
1231 3439 1650 3514 θυσιαστήριον,
1704 3444 1802 3514 μία

208 3527 399 3598 ψυχὴ,
467 3527 572 3581 κᾶν
630 3530 687 3582 ὲν
739 3527 956 3587 πολλοῖς
1013 3532 1126 3592 τοῖς
1179 3530 1398 3600 μέλεσιν
1455 3531 1554 3599 μία
1606 3531 1799 3603 γνώμη

208 3618 300 3671 ἑνὶ
326 3617 631 3688 θελήματι,
679 3617 756 3682 ὡς
791 3618 850 3672 ἓν
881 3617 1041 3690 σῶμα
1067 3619 1430 3690 ὑπάρχοντες.
1456 3621 1668 3691 Ὥσπερ
1693 3623 1804 3693 γὰρ

213 3709 424 3779 σμῆνος
456 3709 726 3780 μελισσῶν
755 3711 1052 3781 ἐργάζεται
1085 3712 1310 3782 κηρίον,
1346 3712 1518 3776 οὕτως
1549 3690 1806 3784 σύστημα
1832 3690 1874 3747 C

210 3799 460 3871 ἀδελφῶν
494 3799 774 3870 βασιλείαν
803 3802 970 3856 Θεοῦ·
1009 3803 1106 3856 καὶ
1132 3805 1324 3874 ῶσπερ
1352 3804 1587 3872 σάλπιγξ
1606 3807 1794 3874 διεγείσ

212 3909 305 3962 ρει
333 3891 644 3963 προθυμίαν
674 3893 1042 3964 πολεμιστῶν,
1077 3895 1252 3959 οὕτως
1289 3896 1546 3968 μαθητῶν
1577 3898 1802 3969 σπουδὴ,

207 3983 533 4036 διδασκαλία
551 3985 863 4054 πρακτικῆς
880 3986 1108 4056 ἀρετῆς.
1127 3987 1184 4040 Ὀ
1203 3989 1270 4056 γά
1279 4006 1308 4059 ρ
1325 3990 1570 4060 χωρίζων
1589 3989 1800 4055 ἑαυτὸν,

207 4073 392 4126 ἔοικεν
421 4073 596 4144 ὀρνέῳ
622 4076 1015 4130 ὲκπετασθέντι
1049 4078 1148 4148 τῆς
1184 4078 1320 4142 ἰδίας
1344 4081 1563 4144 νοσσιᾶς
1594 4081 1688 4134 κα)⁴
1713 4081 1803 4134 τό·-

206 4181 319 4216 πον
341 4165 402 4216 ὲκ
421 4165 589 4218 τόπου
613 4165 1104 4238 ἀμείϐοντι.”οπερ
1129 4169 1575 4224 εὐεπιϐούλευτον
1595 4170 1804 4240 γίνεται

205 4254 382 4306 παντὶ
431 4254 612 4326 ίξευτῇ
647 4256 742 4308 καὶ
782 4255 1044 4328 θηρευτῇ.
1100 4259 1378 4312 Πάντοθεν
1409 4260 1517 4330 γάρ
1550 4261 1801 4330 παγίδες,

205 4342 312 4396 καὶ
339 4343 612 4398 σκάνδαλα
633 4345 866 4413 ἀνομίας
890 4345 1040 4416 αὐτῷ
1067 4350 1528 4421 καταπεπήγασιν
1551 4351 1600 4402 οί
1621 4352 1805 4420 νοητοὶ

206 4436 423 4500 ίξευταὶ
451 4438 544 4489 καὶ
572 4435 860 4508 θηρευταὶ,
893 4438 1032 4491 ἀλλά
1057 4440 1153 4493 καὶ
1181 4441 1230 4493 oi
1260 4440 1548 4512 ἁρπακταὶ
1569 4442 1804 4514 κόρακες

200 4528 600 4598 ἐξορύσσουσιν
648 4529 816 4582 αὐτοῦ
863 4531 992 4593 τοὺς
1033 4530 1366 4603 ὀφθαλμούς.
1421 4534 1582 4588 Κατά
1624 4534 1804 4588 πάντα

197 4621 308 4676 οὖν
339 4621 480 4692 καλὴ
527 4621 622 4674 καὶ
654 4623 992 4693 εὐάρμοστος
1044 4625 1078 4690 ὴ
1115 4627 1410 4696 συμφωνία
1447 4627 1549 4698 τῆς
1579 4627 1804 4696 ἀδελφὸ-

199 4729 375 4783 τητος
430 4713 570 4782 μετὰ
613 4713 866 4782 ὁμονοίας
887 4753 902 4778 ,
959 4715 1198 4786 μάλιστα
1232 4719 1367 4771 ὅπου
1399 4718 1582 4772 τελεία
1613 4721 1802 4794 ἀγάπη

197 4802 548 4876 ἐρρίζωσεν
581 4803 768 4868 καθὼς
791 4805 1124 4878 εὑρίσκομεν
1155 4809 1422 4864 Ἐλισαῖον
1447 4811 1802 4880 μετάἹνιλίου·

197 4891 455 4956 ἀκούσας
483 4897 593 4966 γὰρ
622 4893 770 4962 ἅπαξ
799 4896 898 4950 καὶ
927 4897 1030 4962 δὶς,
1060 4918 1079 4950 ε
1105 4901 1288 4954 Κάθου
1319 4900 1607 4965 summa,»
1643 4903 1804 4966 αὐτὸς

2262 2344 2796 2420 1152nomLIA
2831 2345 3046 2425 Lxxx.

2493 2475 2564 2529 De
2596 2476 2895 2530 concordia.

1973 2609 2086 2666 Deo
2140 2627 2309 2682 quam
2359 2623 2646 2682 acceptum
2693 2612 2766 2668 sit
2817 2611 3038 2668 tuendae
3089 2609 3482 2667 ecclzsfastiem

1905 2703 2142 2758 unitatis
2205 2703 2494 2769 studium,
2561 2703 2688 2773 quis
2753 2703 3006 2758 oratione
3069 2703 3484 2773 consequatur?

1906 2795 2023 2850 Hae
2055 2811 2164 2850 una
2203 2796 2344 2850 nihil
2380 2811 2613 2866 usquam
2647 2795 2796 2849 inter
2825 2795 3083 2850 homines
3111 2795 3485 2865 eomperietur

1906 2891 2132 2945 melius.
2175 2891 2283 2946 Sed
2308 2898 2365 2946 et
2387 2889 2644 2960 portandi
2670 2905 2864 2943 omnes
2887 2897 3037 2954 sunt,
3061 2887 3278 2943 Domini
3301 2903 3488 2944 exem-

1903 2977 2000 3047 plo
2035 2979 2131 3048 qui
2166 2993 2270 3034 nos
2311 2979 2716 3049 patientissime
2749 2979 2910 3044 tulit,
2969 2995 3162 3034 omnes
3199 2978 3485 3050 (inquam)

1907 3069 1962 3122 in
1997 3068 2270 3124 cbaritate
2307 3070 2578 3125 tolerandi
2611 3071 2866 3125 veniunt.
2902 3069 3015 3126 Nec
3049 3072 3163 3127 ullo
3193 3082 3484 3142 praetextu,

1904 3157 2219 3228 quamlibet
2255 3158 2432 3213 videri
2463 3160 2637 3228 possit
2668 3158 3046 3226 rationabilis,
3082 3167 3144 3216 ut
3171 3177 3282 3216 non
3307 3161 3486 3218 dicam

1907 3232 2058 3318 quod
2089 3249 2144 3304 id
2179 3266 2209 3304 a
2241 3254 2458 3307 ratione
2487 3253 2730 3308 alienum
2759 3254 2867 3320 sit,
2917 3255 3178 3309 convenit
3211 3270 3269 3310 se
3296 3255 3366 3311 ab
3390 3272 3486 3312 ee-

1908 3341 2207 3397 clesiastici
2234 3344 2490 3412 corporis
2515 3345 2729 3400 unitate
2757 3345 3030 3402 divellere
3053 3363 3118 3402 ac
3137 3350 3368 3402 seors'm
3393 3348 3492 3406 de-

1905 3446 2068 3502 gere;
2123 3431 2220 3487 sed
2265 3432 2320 3486 in
2353 3449 2525 3488 unum
2555 3435 2882 3490 coadunatis
2912 3453 3018 3490 una
3047 3437 3119 3492 sit
3149 3440 3349 3503 oratio,
3385 3440 3489 3494 de-

1905 3523 2154 3594 precatio
2208 3541 2346 3590 una,
2403 3541 2560 3581 mens
2605 3543 2747 3593 una,
2805 3545 2915 3584 una
2948 3547 3076 3602 spes
3111 3527 3164 3585 in
3195 3530 3487 3597 charitate,

1909 3613 1966 3668 in
2016 3614 2220 3684 gaudio
2269 3615 2420 3686 quod
2466 3618 2602 3672 nulli
2638 3628 2824 3689 pateat
2851 3620 3014 3692 justaz
3045 3623 3486 3693 reprehensioni,

1909 3705 2002 3774 qui
2057 3705 2220 3760 Jesus
2260 3705 2521 3764 Christus
2559 3719 2678 3776 est,
2735 3727 2848 3781 quo
2879 3712 3104 3782 quidem
3141 3713 3276 3770 nihil
3308 3726 3491 3788 potest

1909 3796 2098 3852 animo
2132 3799 2375 3856 insidere
2406 3803 2639 3872 gratius.
2675 3805 2956 3862 Debemus
2982 3804 3151 3878 igitur
3177 3825 3370 3864 onmes
3390 3827 3490 3866 nos

1908 3888 2071 3956 parili
2127 3899 2184 3943 et
2227 3891 2424 3946 eodem
2472 3893 2660 3949 animo
2709 3897 2944 3965 perinde
2973 3916 3037 3952 ac
3069 3897 3137 3954 ad
3165 3901 3337 3956 altare
3377 3902 3490 3972 (ita

1909 3979 2078 4034 modo
2128 3981 2281 4051 loqui
2331 3983 2532 4054 liceat)
2585 4001 2942 4044 concurrere.
3006 3987 3248 4046 Tametsi
3297 4009 3491 4048 sumus

1907 4071 2206 4141 multiplici
2238 4073 2504 4130 varietate
2535 4077 2916 4134 membrorum
2951 4080 3200 4136 distincti
3227 4123 3242 4146 ,
3291 4085 3488 4140 eadem

1908 4162 1984 4217 sit
2012 4172 2070 4217 et
2096 4165 2372 4220 sententia
2409 4175 2464 4222 et
2491 4184 2590 4238 par
2611 4170 2903 4238 voluntas,
2950 4189 3076 4228 eum
3107 4191 3279 4230 unum
3311 4177 3492 4232 idem—

1906 4271 2016 4326 que
2066 4257 2242 4314 simus
2282 4275 2517 4330 corpus.
2571 4262 3050 4329 Quemadmodum
3078 4269 3227 4323 enim
3257 4286 3488 4326 examen

1907 4364 2072 4418 apum
2109 4351 2294 4406 favum
2327 4353 2434 4408 sibi
2465 4356 2692 4411 coniicit
2717 4358 2927 4424 mellis,
2977 4357 3050 4414 ita
3085 4357 3320 4416 fratrum
3349 4379 3451 4418 con
3473 4394 3486 4404 -

1907 4441 2157 4512 gregatio
2199 4459 2431 4514 regnum
2464 4457 2824 4518 reprzesentat
2857 4448 2972 4506 Dei.
3033 4452 3187 4508 Sicut
3224 4457 3488 4512 tubarum

1910 4533 2136 4604 clangor
2159 4535 2486 4592 bellantium
2506 4551 2799 4608 promovet
2819 4551 2877 4598 et
2897 4546 3105 4602 excitat
3125 4546 3487 4615 alacritatem,

1909 4627 1987 4682 ita
2039 4636 2096 4684 et
2141 4631 2400 4699 practica‘.
2431 4632 2654 4688 virtutis
2686 4634 2940 4692 doctrina
2975 4637 3156 4694 studia
3187 4640 3490 4712 discipulo-

1907 4734 2034 4772 rum
2073 4717 2216 4774 mire
2247 4721 2490 4775 exacuit.
2551 4723 2687 4778 Nam
2723 4724 2979 4795 quisquis
3011 4743 3073 4781 se
3100 4743 3130 4781 a
3158 4730 3373 4784 caeteris
3401 4745 3490 4784 se-

1909 4819 2103 4882 gregat
2152 4818 2208 4866 et
2255 4812 2312 4867 in
2359 4822 2532 4868 totum
2577 4815 2792 4882 avellit,
2836 4815 2976 4872 nihil
3009 4819 3238 4875 differre
3268 4821 3490 4877 videtur

1907 4905 1976 4959 ab
2007 4906 2096 4959 avi
2131 4921 2254 4976 quae
2283 4923 2315 4962 e
2343 4907 2479 4963 nido
2508 4909 2737 4979 proprio
2769 4911 3029 4976 evolavit,
3063 4928 3242 4982 eoque
3270 4915 3490 4986 cogitur

201 4985 336 5056 μεθ’
364 4987 532 5056 ὅρκου
574 4988 934 5058 ἀπεκρίνατο,
965 5010 984 5042 ‹
1024 4992 1098 5063 Ζῇ
1136 4978 1574 5062 Κύριος,λέγων,
1609 4996 1704 5048 καὶ
1735 4994 1799 5066 ζῇ

1911 5011 1942 5050 e
1977 4997 2102 5051 loco
2135 5006 2475 5067 permutare.
2511 4978 2764 5056 Avicula
2797 5017 2918 5072 quae
2951 5003 3074 5059 talis
3098 4978 3182 5059 est
3209 4978 3490 5060 nihildif—

197 5081 235 5148 ἡ
271 5076 422 5148 ψυχή
453 5095 569 5142 σου,
603 5082 654 5133 εἰ
683 5080 1065 5150 ἐγκαταλείψω
1093 5100 1174 5137 σε.
1197 5103 1215 5134 ι
1262 5084 1496 5154 Ὁμοίως
1525 5087 1618 5140 καὶ
1643 5085 1798 5141 Ῥοὺο

198 5173 236 5240 ἡ
297 5170 618 5239 Μωαϐῖτις,
676 5176 744 5245 τῇ
793 5172 1036 5245 πενθερᾷ
1074 5175 1278 5244 αὐτῆς*
1343 5195 1361 5228 ι
1391 5177 1530 5230 Τάδε
1579 5179 1808 5248 ποιήσαι

201 5281 308 5334 μοι
339 5261 544 5335 Κύριος
566 5305 582 5330 ,
636 5265 730 5318 καὶ
763 5265 892 5322 τάδε
923 5265 1215 5337 προσθείη,
1249 5267 1508 5336 λέγουσα,
1539 5270 1622 5324 ὅτι
1651 5271 1679 5323 ὁ
1705 5270 1806 5326 θά-

195 5369 374 5415 νατος
405 5353 678 5408 διαστελεῖ
709 5355 814 5409 ἀνὰ
852 5357 1018 5426 μέσον
1049 5357 1184 5426 ἐμοῦ
1219 5358 1314 5412 καὶ
1341 5358 1458 5413 σοῦ.
1495 5379 1513 5411 ι
1565 5361 1806 5425 Εἰκότως

193 5440 306 5519 οῦν
356 5445 386 5496 ὁ
428 5443 584 5509 Βοὼζ
607 5484 621 5507 ,
677 5446 974 5516 εὐλόγησεν
1003 5447 1197 5519 αὐτὴν,
1227 5449 1434 5516 λέγων·
1480 5467 1497 5500 ι
1523 5451 1807 5504 Ἀποτίσαι

193 5511 424 5606 Κίύριος
452 5535 552 5604 τὴν
584 5537 850 5608 ἐργασίαν
883 5555 978 5591 σου
997 5579 1011 5601 ,
1065 5537 1161 5592 καὶ
1190 5539 1402 5608 γένοιτο
1433 5543 1462 5594 ὀ
1493 5541 1684 5612 μισθός
1711 5559 1805 5596 σου

278 5709 376 5766 ’³1
415 5713 543 5768 Cor.
576 5729 652 5778 Ix,
686 5715 778 5771 ει.

881 5718 926 5792 ’ξ
961 5717 1096 5771 ibid.
1130 5717 1202 5772 eo
1232 5719 1368 5792 .727.
1460 5720 1518 5792 κτλ
1546 5719 1721 5792 Γιιίιῑρ

461 5877 732 5942 Parant.
787 5882 902 5940 Gtt.
935 5883 1276 5942 LXXXEX.

278 5723 374 5766 "I
415 5723 543 5768 Cor.
576 5729 652 5778 Ix,
686 5723 778 5771 Ἢ.
881 5723 926 5750 ⁷³
961 5723 1096 5771 ibid.
1130 5723 1202 5772 26
1232 5759 1245 5780 ,
1277 5723 1368 5772 27.
1473 5723 1518 5752 "
1546 5723 1783 5792 Philipp.

189 5784 250 5820 "
282 5784 334 5841 Η
368 5784 514 5838 Tim.
543 5802 622 5850 ut,
661 5788 745 5841 {2.
774 5783 863 5837 "l
899 5787 1058 5842 Joan.
1104 5804 1184 5852 tu,
1219 5791 1302 5842 15.
1383 5793 1426 5822 ⁷⁸
1455 5791 1640 5846 Matth.
1687 5809 1777 5862 vn,

1931 5723 2020 5776 50.
2127 5723 2366 5780 “Hebr.
2417 5747 2465 5784 att

1932 5795 2030 5860 H;
2063 5793 2220 5868 Lu_c.,
2261 5798 2344 5863 l3,
2381 5801 2466 5855 ξεί.

1913 5088 2058 5142 ﬁeile
2109 5090 2330 5160 capitur
2384 5107 2485 5160 per
2531 5093 2764 5164 aucupis
2797 5103 2893 5149 aut
2923 5097 3205 5152 venatoris
3231 5097 3485 5154 insidias.

1903 5178 2069 5233 Omni
2117 5179 2267 5234 enim
2316 5196 2386 5236 ex
2427 5177 2583 5252 parte
2650 5193 2897 5254 a‘ueupes
2943 5185 3022 5240 illi
3070 5193 3129 5240 et
3165 5187 3487 5258 spirituales

1903 5279 2164 5340 eaptores
2186 5273 2416 5342 laqueos
2444 5288 2508 5330 ac
2531 5277 2785 5332 scandala
2812 5277 3121 5348 iniquitatis
3147 5289 3487 5350 praestruunt

1905 5370 1962 5417 et
1995 5363 2374 5433 agglomerant
2407 5365 2486 5421 illi
2514 5382 2673 5438 vago,
2709 5370 2978 5440 corvique
3029 5387 3258 5440 rapaces
3291 5374 3486 5428 istius.-

1907 5455 2054 5509 modi
2083 5466 2357 5513 exeavant
2385 5467 2442 5515 et
2465 5461 2824 5517 exterebrant
2847 5463 3058 5519 oculos.
3090 5465 3301 5521 Decora
3329 5482 3488 5536 pror-

1907 5561 2008 5602 sus
2056 5555 2114 5602 et
2155 5555 2348 5618 aperte
2403 5566 2500 5622 per
2541 5553 2726 5609 omnia
2762 5569 3075 5626 congruens
3120 5555 3384 5613 fraterna:
3420 5575 3485 5615 es

2127 5723 2172 5755 ⁷⁵
2201 5725 2366 5803 Hebr.
2389 5747 2484 5803 _.\‘n
2517 5725 2548 5792 ,'
2582 5731 2702 5789 4-6.
2811 5735 2924 5790 "ll
2959 5735 3154 5792 Thess.
3203 5753 3219 5790 t
3249 5778 3264 5802 ,
3309 5737 3342 5792 ι
3371 5776 3386 5803 ,
3427 5735 3482 5794 5.

3091 5899 3168 5962 53
