3944 6416
557 330 696 396 ῙῦἹό

1827 324 2192 388 ANTIOCHI
2227 326 2571 388 MONACHI
3635 335 3726 406 1676

547 439 774 500 unionis
837 438 1130 494 consensio
1176 450 1302 492 cum
1348 432 1661 490 animorum
1701 438 1995 492 concordia
2027 455 2044 492 :
2075 437 2128 492 id

2235 437 2447 509 πλήρης
2483 434 2635 504 παρὰ
2663 434 2892 507 Κυρίου.
2922 453 2941 488 ι
2993 435 3107 491 Καὶ
3148 436 3450 508 ἀλλογενὴς
3475 435 3592 495 οὖσα
3610 446 3732 517 ᾕρμά.

551 534 702 608 quod
756 533 943 588 locum
1003 530 1173 586 habet
1229 529 1315 584 vel
1355 529 1633 595 maxime,
1696 528 1791 584 ubi
1841 529 2014 584 solida
2067 545 2132 586 ac

550 627 802 700 perfecta
855 624 1107 680 charitas
1166 623 1384 678 radices
1433 637 1562 678 suas
1617 619 1780 677 ﬁxius
1826 621 2128 692 impressit.

550 719 882 790 Exemplum
905 715 1226 772 invenimus
1251 715 1308 770 in
1329 715 1529 770 Elisaso
1553 729 1678 769 cum
1700 713 1842 768 Elia.
1864 714 1962 770 Ille
1980 715 2130 770 enim

550 813 722 870 semel
767 820 822 867 et
855 811 945 866 bis
984 825 1113 866 cum
1144 807 1435 864 audisset:
1470 826 1489 859 ι
1517 806 1661 862 Sede
1687 806 1780 861 hic
1808 826 1855 872 ι,
1885 822 2013 862 cum
2038 808 2130 878 ju-

551 911 804 960 ramento
833 901 1159 972 respondit:
1193 919 1212 952 ι
1234 900 1381 956 Vivit
1404 899 1769 962 Dominus,et
1791 899 1928 954 vivit
1948 900 2128 954 anima

557 1011 672 1062 tua,
707 997 753 1052 si
783 997 1034 1051 deseram
1065 1002 1116 1048 te
1136 993 1202 1046 ⁷³.
1229 1011 1248 1044 ι
1308 991 1422 1046 Nec
1451 1006 1614 1046 secus
1665 989 1814 1045 Ruth
1862 990 1954 1044 illa
1984 990 2132 1046 Moa-

554 1089 690 1144 bitis
739 1087 922 1143 socrui
969 1101 1082 1140 suae
1133 1101 1148 1139 :
1199 1102 1216 1135 ι
1251 1083 1379 1139 Haec
1413 1083 1580 1138 faciat
1607 1083 1745 1137 mihi
1775 1083 2046 1138 Dominus
2074 1091 2132 1138 et

553 1181 672 1236 haec
714 1179 917 1243 addat,
977 1177 1109 1247 quia
1148 1191 1302 1236 mors
1333 1175 1480 1230 inter
1507 1190 1594 1230 me
1623 1183 1680 1230 et
1705 1183 1758 1232 te
1791 1176 1906 1232 sola
1933 1175 2132 1231 distin-

551 1271 770 1342 guet".
798 1289 818 1322 ι
874 1269 1008 1326 Jure
1053 1267 1223 1338 igitur
1272 1267 1418 1322 Boos
1461 1265 1748 1321 benedixit
1776 1267 1849 1334 ei,
1891 1267 2125 1322 dicens:

556 1380 576 1414 ι
611 1360 830 1416 Reddat
873 1360 1144 1415 Dominus
1195 1373 1337 1428 opus
1379 1367 1570 1423 tuum,
1606 1365 1664 1413 et
1691 1359 1764 1414 sit
1797 1374 2008 1414 merces
2037 1366 2129 1414 tua

550 1453 715 1524 plena
749 1468 780 1506 a
806 1451 1044 1506 Domino
1062 1449 1132 1506 ⁸³.
1155 1469 1174 1502 ι
1216 1450 1344 1506 llaec
1374 1450 1581 1519 alioqui
1611 1449 1807 1506 alienae
1831 1467 1959 1506 cum
1984 1461 2131 1507 esset

549 1543 764 1615 gentis,
821 1543 1104 1598 connubio
1157 1542 1350 1613 juncta
1404 1549 1490 1596 est
1539 1541 1644 1612 ipsi
1696 1542 1867 1608 Booz,
1905 1558 1973 1598 ex
2018 1559 2130 1614 quo

547 1637 744 1706 genuit
767 1633 955 1690 eximii
980 1633 1204 1689 Davidis
1230 1649 1416 1688 avum.
1453 1633 1597 1688 Ecce
1626 1649 1780 1698 sane,
1820 1653 1838 1686 ι
1869 1633 2005 1704 quid
2033 1635 2132 1690 bo-

547 1743 684 1782 num
715 1736 808 1782 aut
836 1727 968 1798 quid
989 1725 1298 1798 jucundum
1322 1767 1336 1791 ,
1391 1725 1437 1780 si
1478 1741 1590 1780 non
1641 1726 1895 1782 habitare
1927 1726 2127 1783 fratres

550 1819 608 1874 in
638 1833 809 1872 unum
831 1818 912 1870 "?
935 1837 953 1868 ι
997 1817 1385 1872 Parmmiastes
1411 1817 1541 1871 item
1580 1834 1594 1871 :
1631 1837 1650 1870 ι
1682 1818 1876 1872 Frater
1907 1819 2001 1888 qui
2027 1819 2128 1874 ad-

544 1912 772 1982 juvatur
819 1925 850 1962 a
888 1908 1094 1973 fratre,
1156 1909 1316 1978 qttasi
1365 1909 1562 1964 civitas
1604 1907 1859 1963 ﬁrma'“
1891 1927 1909 1959 ι
1933 1951 1947 1976 ,
1986 1918 2044 1966 et
2072 1910 2130 1965 in

547 1999 789 2055 editiore
831 1999 956 2052 loco
995 1998 1120 2053 sita.
1178 1998 1248 2052 Et
1295 2015 1308 2051 :
1356 2017 1374 2050 ι
1413 1998 1551 2052 Boni
1581 1997 1694 2053 duo
1737 2014 1902 2068 super
1933 2015 2128 2066 unum,

547 2089 756 2161 quibus
798 2100 884 2144 est
931 2089 1013 2144 eis
1056 2104 1270 2144 merces
1313 2107 1326 2142 :
1361 2089 1512 2159 quia,
1545 2091 1592 2145 si
1618 2091 1946 2157 ceciderint,
1985 2108 2131 2148 unus

547 2183 729 2253 eriget
763 2191 1078 2237 consortem
1113 2180 1364 2236 suum".
1392 2201 1410 2234 ›
1453 2183 1518 2236 Ει
1549 2200 1562 2236 :
1597 2203 1614 2234 ι
1638 2183 1731 2238 Vae
1754 2183 1870 2247 uni,
1909 2183 1954 2239 si
1987 2184 2132 2238 ceci-

548 2275 719 2334 derit,
757 2281 813 2328 et
843 2289 951 2328 non
978 2273 1049 2328 sit
1077 2273 1358 2329 secundus
1390 2275 1485 2344 qui
1513 2275 1691 2346 erigat
1716 2275 1925 2331 cum“.
1953 2295 1970 2326 ι
2017 2275 2082 2330 Et
2115 2295 2128 2330 :

549 2364 766 2435 1153
803 2383 820 2415 ι
857 2365 912 2419 Si
943 2380 1086 2418 unus
1118 2365 1428 2435 impcgerit,
1463 2365 1574 2420 du’o
1601 2367 1910 2422 consistent
1934 2367 2132 2421 adver-

543 2471 647 2510 sus
666 2471 816 2510 eum.
855 2455 1160 2510 Funiculus
1187 2457 1384 2526 triplex
1415 2475 1522 2512 non
1551 2459 1663 2513 cito
1695 2468 1986 2529 rumpctur
2005 2458 2074 2513 ⁸⁵.
2105 2479 2124 2512 ι

547 2547 658 2604 Sed
676 2549 729 2602 in
743 2548 973 2626 Actibus
986 2549 1359 2619 apostolorum
1380 2551 1645 2620 scriptum
1661 2552 1898 2622 est,quia
1920 2571 1936 2602 ι
1961 2553 2132 2618 Quot-

545 2647 687 2710 quot
707 2639 1062 2694 crediderant
1083 2649 1242 2694 erant
1265 2641 1319 2694 in
1345 2659 1537 2703 unum.
1565 2653 1620 2697 et
1644 2643 1924 2698 habebant
1942 2644 2131 2700 omnia

547 2729 866 2785 communia
881 2729 950 2784 ".
978 2749 995 2782 ι
1051 2731 1349 2800 Aliquanto
1377 2741 1501 2802 post
1531 2751 1543 2786 :
1580 2753 1598 2784 ι
1633 2734 2006 2789 Multitudinis
2037 2750 2132 2791 eo-

548 2835 674 2875 rum
709 2820 805 2890 qui
833 2819 1189 2874 crediderant
1215 2832 1336 2876 erat
1363 2838 1460 2875 cor
1489 2839 1658 2877 unum
1691 2832 1746 2876 et
1769 2825 1952 2878 anima
1977 2841 2085 2880 una
2110 2843 2126 2882 :

547 2919 606 2968 et
641 2927 804 2966 nemo
827 2911 1128 2982 quidquam
1162 2927 1354 2965 eorum
1387 2929 1508 2982 quze
1540 2915 1874 2982 possidebat,
1910 2915 2130 2970 dicebat

547 3015 674 3058 csse
719 3018 881 3057 suum
909 3041 926 3074 ,
983 3002 1080 3057 sed
1128 3014 1288 3057 erant
1317 3003 1428 3058 illis
1461 3006 1643 3058 omnia
1674 3007 1988 3060 communia
2003 3008 2072 3059 ⁸⁷.
2101 3026 2120 3058 ι

2235 527 2336 600 σθη
2363 527 2440 600 τῷ
2466 526 2640 593 Βοὼς,
2677 528 2773 582 καὶ
2803 527 3096 600 ἐγέννησεν
3127 529 3220 584 τὸν
3251 529 3474 584 πάππον
3503 534 3583 588 τοῦ
3604 539 3734 598 Δαὸἰδ,

2230 621 2398 689 Λέγει
2443 620 2504 675 δὲ
2553 621 2651 675 καὶ
2691 621 2856 688 αὐτὸς
2887 613 3045 684 οὗτος
3093 621 3359 676 ὁΔαὸἱδ·
3417 644 3438 675 ‹
3481 625 3596 680 Ἰδοὺ
3630 629 3674 683 δὲ
3701 633 3738 686 τι

2231 713 2428 780 καλὸν,
2480 712 2513 785 ἢ
2563 713 2618 768 τί
2658 714 2908 784 τερπνὸν,
2943 713 3058 768 ἀλλ’
3087 715 3122 785 ἢ
3153 715 3216 768 τὸ
3244 721 3522 769 κατοικεῖν
3547 718 3738 788 absim;

2230 805 2324 859 ἐπὶ
2348 805 2410 859 τὸ
2431 805 2594 872 αὐτό;
2617 825 2636 857 ι
2670 807 2780 858 Καὶ
2799 807 2827 859 6
2851 806 3275 878 Παροιμιαστής
3302 822 3491 876 φησιν·
3517 826 3536 858 ι
3553 808 3742 878 Ἀδελςὴ

2232 895 2339 950 ὑπὸ
2387 895 2622 966 ἀδελφοῦ
2677 896 3074 969 βοηθούμενος,
3130 888 3206 961 ὡς
3259 897 3414 962 πόλις
3445 900 3654 972 ὀχυρὰ,›
3685 904 3746 958 κει

2232 987 2432 1060 ὑψηλή.
2465 989 2576 1042 Καὶ
2597 1006 2612 1020 ο
2650 1007 2668 1040 ι
2692 989 2911 1058 ’Δγαθοὶ
2939 989 2989 1042 οἱ
3020 988 3114 1042 δύο
3140 989 3287 1060 ὑπὲρ
3313 989 3405 1041 τὸν
3429 990 3539 1052 ἕνα,
3561 986 3629 1053 οἷς
3647 993 3747 1048 ἔστιν

2229 1079 2258 1132 6
2304 1079 2498 1150 μισθὸς
2546 1079 2770 1144 αὐτοῖς,
2831 1067 2914 1134 ὅτι
2965 1080 3066 1155 ἐὰν
3111 1081 3398 1145 πέσωσιν,
3447 1075 3573 1144 tisi;
3601 1084 3751 1155 ἐγείρει

2229 1173 2324 1225 τὸν
2357 1172 2587 1244 μέτοχον
2613 1172 2801 1227 αὑτοῦ.
2829 1192 2848 1226 ι
2887 1174 3022 1229 Καίο
3057 1154 3081 1226 ὶ
3112 1175 3257 1228 Οὐαὶ
3288 1173 3369 1244 τῷ
3400 1176 3500 1238 ἑνὶ,
3533 1177 3614 1229 ἐὰν
3634 1154 3750 1248 πέσε,

2231 1263 2328 1319 καὶ
2360 1264 2436 1336 μὴ
2525 1265 2779 1337 δεύτερος
2806 1265 2901 1319 τοῦ
2928 1266 3149 1338 ἐγεῖραι
3174 1267 3368 1320 αὐτόν.
3398 1284 3418 1316 ι
3459 1267 3559 1320 Καί
3581 1285 3594 1298 ·
3625 1287 3641 1320 ι
3668 1269 3752 1323 Ἐιν

2231 1355 2604 1427 κραταιωθῇ1ι
2653 1356 2682 1408 6
2730 1350 2852 1420 εἷς,
2925 1357 2974 1409 οἱ
3029 1356 3126 1410 δύο
3183 1359 3482 1428 στήσονται
3531 1360 3752 1415 κατέναντι

2230 1445 2434 1513 αὐτοῦ,
2491 1447 2587 1500 καὶ
2631 1445 2694 1500 τὸ
2742 1449 3040 1516 σπαρτεϊον
3087 1447 3150 1499 τὸ
3193 1447 3448 1512 ἕντριτον
3502 1449 3558 1501 οὐ
3598 1451 3753 1520 ταχέως

2231 1538 2744 1610 ἀποῤῥαγήσεται.»
2783 1537 2893 1589 Καὶ
2922 1539 2980 1589 ὲν
3005 1538 3128 1599 ταῖς
3155 1537 3440 1607 Πράξεσιν
3469 1538 3572 1591 τῶν
3591 1525 3753 1593 ἀποστῇ

2229 1631 2338 1684 λων
2371 1630 2708 1701 γέγραπται,
2743 1629 2828 1682 ὅτι
2867 1645 2888 1681 t
2925 1629 3136 1693 Πάντες
3170 1629 3222 1683 οἱ
3255 1627 3634 1692 πιστεύσαντες
3659 1625 3752 1700 ἦσαν

2196 1723 2200 1728 ’
2232 1723 2326 1775 ἐπὶ
2353 1722 2415 1776 τὸ
2443 1720 2595 1784 αὐτὸ,
2631 1721 2728 1773 καὶ
2757 1715 2906 1790 εἶχον
2933 1721 3150 1774 ἅπαντα
3177 1720 3399 1774 κοινὰ.ι
3437 1721 3544 1774 Καὶ
3572 1722 3753 1790 μετ’ὀλῐο

2232 1829 2361 1884 γον⁶
2397 1831 2416 1865 ι
2452 1813 2562 1866 Τοῦ
2605 1812 2661 1865 δὲ
2691 1810 2932 1882 πλήθους
2961 1811 3070 1865 τῶν
3095 1813 3474 1866 πιστευόντων
3505 1807 3571 1882 ἧν
3593 1814 3751 1884 ἡψυχὴ,

2231 1906 2327 1960 καὶ
2375 1906 2407 1976 ή
2449 1903 2645 1976 καρδία
2693 1903 2832 1974 μία,
2887 1903 2983 1956 καὶ
3029 1902 3210 1966 οὐδείς
3248 1921 3304 1955 τι
3335 1903 3448 1955 τῶν
3477 1903 3753 1972 ὑπαρχόντων

2231 1995 2381 2066 αὐτῷ
2401 1996 2586 2064 ἔλεγεν
2611 1994 2742 2048 ἴδιον
2763 1988 2927 2061 εἶναι,
2945 1992 3058 2046 ἀλλ’
3075 1988 3142 2062 ἦν
3166 1993 3360 2054 αὐτοῖς
3386 1994 3595 2045 ᾶπαντα
3606 1992 3750 2044 κοινά..)

2230 2089 2524 2158 Μακάριος
2555 2082 2650 2140 οὖν
2681 2087 2830 2139 ἐστιν
2871 2086 2899 2138 6
2931 2083 3166 2156 μοναχὸς
3198 2084 3230 2136 ὁ
3266 2085 3485 2147 πάντας
3509 2081 3750 2154 ἀνθρώπως

2231 2180 2306 2242 ὡς
2334 2178 2466 2231 Θεὸν
2501 2177 2639 2248 μετὰ
2664 2171 2800 2230 Θεὸν
2833 2177 3170 2247 ἡγούμενοςο
3239 2177 3521 2246 μακάριός
3549 2179 3675 2228 ἐστιν
3698 2191 3754 2243 po-
3793 2243 3798 2254 ‘

2232 2271 2394 2342 ναχὸς
2447 2271 2476 2324 6
2521 2271 2620 2340 τὴν
2653 2270 2909 2323 ἁπάντων
2940 2271 3218 2342 σωτηρίαν
3271 2269 3370 2321 καὶ
3402 2267 3690 2338 προκοπὴ),
3710 2265 3750 2326 ὡς

2230 2365 2440 2418 οἰκείαν
2493 2364 2632 2434 μετὰ
2679 2363 2863 2432 πάσης
2908 2364 3082 2435 χαρᾶς
3129 2361 3310 2432 ἡδέως
3354 2359 3520 2432 ὁρῶν.
3578 2359 3746 2428 Μονίῇ

2231 2457 2416 2520 ἐστιν,
2469 2457 2498 2508 ὁ
2547 2455 2743 2508 ἑαυτὸν
2793 2454 2932 2524 μετὰ
2971 2455 3190 2508 πάντων
3231 2453 3582 2522 ἡγούμενοςο
3631 2450 3745 2504 dii-it

2231 2550 2290 2602 ὲν
2339 2549 2555 2618 ἑκάστῳ
2608 2545 2798 2600 ἑαυτὸν
2848 2545 3280 2617 ἀπαραλείπτως
3331 2547 3516 2599 δοκεῖν
3561 2546 3751 2615 καθορᾷι.

2231 2640 2342 2696 Καὶ
2377 2643 2405 2694 6
2440 2639 2760 2701 Ἀπόστολος
2790 2637 2847 2692 δέ
2881 2656 3048 2708 φησιν
3072 2651 3087 2667 ⁸
3154 2657 3173 2690 ι
3209 2638 3494 2709 Καθάπερ
3524 2639 3578 2690 ὲν
3606 2637 3754 2690 ὲνὶοὼ-

2234 2749 2366 2803 ματι
2420 2731 2558 2801 μέλη
2608 2729 2778 2783 πολλὰ
2826 2729 3055 2800 ἔχομεν,
3110 2729 3178 2784 τὰ
3221 2729 3288 2782 δὲ
3341 2729 3486 2800 μέλη
3525 2726 3754 2788 πάντα,οὗ

2229 2825 2329 2892 τὴν
2356 2822 2528 2892 αὐτὴν
2555 2821 2670 2892 ἔχει
2694 2821 2926 2891 πρᾶξιν·
2961 2820 3134 2884 οὕτως
3162 2821 3256 2873 καὶ
3292 2822 3345 2874 οἱ
3373 2820 3559 2874 πολλοὶ
3581 2819 3631 2872 ἓν
3649 2817 3756 2887 σῶμά

2230 2919 2397 2988 ἐσμεν
2431 2920 2488 2970 ὲν
2518 2915 2740 2987 Χριστῴ
2762 2955 2778 2981 ,
2830 2915 2891 2969 τὸ
2919 2915 2978 2968 δὲ
3010 2915 3132 2968 καθ’
3179 2908 3292 2978 εἷς,
3334 2915 3581 2984 ἀλλήλων
3605 2911 3752 2982 μέλη.)

2230 3009 2340 3061 Καὶ
2374 3007 2607 3076 ἐπάγει·
2666 3025 2686 3058 ι
2727 3006 2866 3060 Ἀλλ’
2900 3008 2928 3060 6
2961 3007 3092 3071 Θεὸς
3131 3007 3516 3080 συνεκέρασεν
3545 3005 3600 3058 τὸ
3626 3005 3752 3072 σῶμα,

546 3096 752 3151 Beatus
778 3095 946 3166 igitur
975 3095 1022 3150 is
1045 3095 1376 3168 monachus,
1401 3098 1518 3166 qui,
1546 3097 1692 3167 quod
1720 3098 1786 3152 ad
1813 3100 1980 3153 Deum
2006 3115 2128 3169 per-

2233 3100 2310 3170 τῷ
2355 3099 2670 3170 ὑστεροῦντι
2720 3100 3123 3171 περισσοτέραν
3158 3099 3288 3162 δοὺς
3325 3098 3522 3169 τιμὴν,
3558 3099 3634 3151 ἵνα
3660 3089 3754 3165 μὴῇ

548 3189 722 3254 tinet,
771 3197 1005 3242 caeteros
1031 3203 1224 3242 omnes
1254 3187 1608 3245 admirationi
1636 3191 1792 3245 ducit
1822 3202 1878 3245 ct
1902 3191 2126 3257 honori,

2229 3193 2506 3264 σχίσματα
2537 3195 2594 3247 ὲν
2621 3193 2700 3265 τῷ
2728 3192 2962 3262 σώματι,
2990 3192 3128 3246 ἀλλὰ
3154 3191 3214 3246 τὸ
3240 3193 3386 3247 αὐτὸ
3416 3193 3554 3262 ὑπὲρ
3574 3188 3756 3258 ἀλλήλων

547 3280 717 3351 idque
771 3287 896 3350 post
937 3279 1130 3334 Deum.
1194 3279 1395 3334 Beatus
1440 3282 1600 3350 plane
1649 3283 1980 3350 monachus,
2033 3285 2128 3354 qui

2229 3287 2297 3338 τὰ
2328 3285 2465 3354 μέλη
2501 3285 2866 3354 μεριμνῶσιν.
2890 3303 2908 3335 ι
2943 3283 3043 3335 Διὰ
3066 3282 3224 3336 τοῦτο
3257 3283 3550 3352 ὀφείλομεν
3569 3279 3758 3347 ,ἀλλήλω

549 3375 608 3430 in
639 3388 842 3444 genere
881 3373 1131 3426 omnium
1164 3372 1400 3426 salutem
1436 3382 1491 3426 et
1527 3375 1964 3442 promotioncm,
2006 3391 2129 3444 pcr-

2225 3377 2295 3430 τὰ
2339 3375 2482 3447 βάρη
2532 3373 2866 3446 βαστάζειν,
2923 3375 3017 3427 καὶ
3071 3367 3211 3426 εἶναι
3254 3373 3466 3434 πάντες
3499 3371 3756 3441 ὁμόξρονες,

543 3479 704 3534 teque
755 3478 820 3518 ac
865 3463 1184 3532 propriam,
1242 3462 1389 3516 omni
1441 3479 1564 3518 cum
1612 3465 1814 3534 gaudio
1860 3474 1916 3519 et
1957 3465 2128 3520 animi

2229 3471 2252 3522 6
2260 3469 2516 3540 μόψυχοι,
2535 3467 2924 3536 εὔσπλαγχνοι,
2938 3483 3078 3519 ταπε
3089 3466 3398 3537 ινόφρονες,
3413 3465 3586 3517 πάντα
3601 3457 3758 3512 macie.

543 3554 899 3627 jucunditatc
946 3554 1224 3624 pervidet.
1284 3554 1586 3610 Monachus
1634 3565 1747 3618 est,
1804 3557 1898 3626 qui
1953 3574 2124 3612 unum

547 3664 607 3704 se
635 3663 758 3703 esse
790 3646 938 3701 inter
965 3654 1200 3702 caeteros
1231 3647 1484 3718 deputat,
1521 3664 1621 3718 per
1649 3649 1753 3705 hoc
1779 3654 1925 3719 quod
1948 3650 2126 3704 credit

547 3739 996 3808 impraetermisse
1028 3738 1272 3808 scipsum
1299 3741 1554 3794 contueri
1583 3739 1634 3793 in
1661 3756 1996 3810 unoquoque
2018 3741 2131 3797 fra-

2231 3579 2322 3625 τες
2353 3563 2411 3613 ὲν
2437 3562 2653 3632 ἀγάπῃ,
2688 3561 2777 3614 ἵνα
2806 3559 2900 3613 καὶ
2928 3557 3103 3622 οὕτως
3136 3557 3228 3610 τδν
3256 3557 3400 3610 Θεὸν
3431 3555 3562 3626 πρὸς
3588 3550 3760 3608 ἑαυτοὺς

2233 3652 2713 3724 ὲπισπασώμεθα,
2769 3653 2864 3706 καὶ
2896 3651 3303 3722 εὐπρόσδεκτος
3332 3650 3560 3719 γένηται
3583 3647 3612 3715 ἡ
3635 3657 3759 3711 προσ·

2235 3745 2369 3816 ευχὴ
2398 3743 2580 3815 ἡμῶν.
2611 3743 2776 3811 Λέγει
2801 3742 2912 3814 γὰρ
2937 3743 2966 3795 6
2989 3742 3196 3813 Κύριος
3215 3758 3226 3772 ’
3264 3761 3286 3794 ί
3311 3741 3486 3813 ’Δμὴν
3506 3740 3634 3806 λέγω
3651 3737 3758 3804 ὑμῖν,

548 3841 718 3887 trum.
775 3831 1074 3900 Apostolus
1123 3847 1137 3884 :
1188 3849 1206 3881 ‹
1246 3825 1403 3892 Sicut
1451 3829 1506 3884 in
1547 3847 1656 3885 uno
1686 3848 1922 3902 corpore
1955 3833 2128 3888 multa

2237 3839 2319 3892 ὅτι
2369 3836 2464 3890 ἐὰν
2511 3834 2604 3888 δύο
2649 3835 2709 3900 ἐξ
2751 3833 2906 3904 ὑμῶν
2955 3835 3430 3906 συμφωνήσουσιν
3467 3831 3559 3887 ἐπὶ
3583 3830 3666 3899 τῆς
3688 3823 3760 3893 γῆς

547 3922 798 3976 membra
821 3922 1116 3987 habemus,
1143 3921 1329 3976 omnia
1356 3930 1539 3976 autem
1567 3923 1814 3978 membra
1839 3940 1948 3978 non
1971 3941 2128 3980 eum-

2239 3930 2366 3998 περὶ
2413 3927 2616 3992 παντὸς
2659 3927 3008 3998 πράγματος,
3046 3921 3110 3981 οὗ
3145 3927 3240 3981 ἐὰν
3276 3929 3611 3988 αἰτήσονται,
3644 3917 3759 3989 γενή·

549 4013 675 4068 dcm
707 4023 893 4070 actum
925 4014 1171 4080 habent,
1223 4014 1298 4069 ita
1329 4024 1384 4069 et
1415 4015 1574 4070 multi
1607 4031 1778 4070 unum
1806 4032 2010 4087 corpus
2033 4034 2128 4072 su-

2231 4038 2385 4078 σεται
2417 4021 2602 4083 αὐτοῖς
2637 4019 2789 4090 παρὰ
2820 4018 2914 4072 τοῦ
2946 4018 3162 4090 Πατρός
3191 4018 3429 4089 μου·τοῦ
3459 4021 3513 4070 ὲν
3541 4011 3754 4082 οὐρανοῖς.

555 4121 680 4160 mus
711 4105 765 4160 in
792 4104 1038 4166 Christo.
1075 4103 1277 4174 singuli
1311 4113 1497 4158 autem
1533 4105 1673 4160 alter
1700 4106 1929 4160 alterius
1955 4123 2128 4162 mem-

2230 4110 2305 4170 Οὖ
2360 4113 2471 4186 γάρ
2518 4113 2659 4165 εἰσιν
2706 4112 3036 4181 συνηγμένοι
3083 4109 3180 4165 δύο
3221 4111 3253 4181 ἦ
3297 4114 3450 4182 τρεῖς
3497 4111 3570 4170 εἰς
3595 4108 3644 4158 τὸ
3664 4100 3756 4170 ἐμὶν

548 4197 652 4252 bra
670 4199 738 4253 ⁸⁸.
773 4217 791 4250 ι
853 4197 1073 4254 lnducit
1119 4215 1132 4252 :
1183 4217 1201 4248 ι
1231 4197 1336 4251 Sed
1371 4197 1518 4252 Deus
1549 4200 1875 4267 temperavit
1902 4215 2123 4270 corpus,

2230 4207 2443 4277 δνομα,
2493 4206 2610 4257 ἐκεῖ
2649 4204 2767 4273 εἰμι
2822 4205 2880 4255 ὲν
2926 4202 3080 4274 μέσῳ
3123 4202 3329 4258 αὐτῶν.
3363 4221 3382 4255 ι
3444 4193 3753 4270 Αὑτῷήδόξα

545 4288 596 4342 ei
654 4290 746 4345 cui
795 4289 984 4346 deerat
1037 4288 1506 4344 abundantiorem
1554 4290 1806 4346 tribuens
1839 4291 2128 4362 honorem,

2231 4294 2350 4368 [καὶ
2379 4293 2440 4347 τὸ
2465 4289 2691 4363 κράτος]
2723 4292 2802 4354 εἰς
2827 4292 2953 4354 τοὺς
2979 4292 3206 4354 αἰῶνας.
3249 4293 3455 4362 Ἀμήν.

546 4389 609 4435 ιιι
642 4397 752 4436 non
785 4382 858 4436 sit
903 4381 1144 4436 sehisma
1195 4380 1251 4434 in
1297 4396 1561 4450 corpore,
1619 4381 1712 4436 sed
1765 4381 1820 4436 in
1869 4383 2107 4453 idipsum
2150 4404 2252 4460 pro
2317 4384 2550 4441 invicem
2591 4381 2822 4438 sollicita
2853 4383 2965 4438 sint
3009 4382 3257 4438 membra
3293 4383 3363 4436 δ’.
3400 4401 3420 4434 ι
3461 4380 3540 4436 0b
3559 4377 3608 4432 id
3634 4371 3752 4428 debt-

547 4490 672 4530 mus
732 4473 1000 4527 mutuiter
1084 4480 1346 4542 prmstare
1399 4487 1622 4541 operam
1685 4474 1744 4528 in
1793 4475 2150 4536 sublevandis
2190 4481 2424 4536 aliorum
2463 4477 2763 4543 oneribus,
2819 4487 2876 4532 et
2923 4476 3298 4533 concordibus
3363 4477 3558 4531 animis
3611 4467 3748 4524 eadem

547 4569 775 4634 sentire,
809 4583 874 4623 ac
901 4567 990 4638 pia
1027 4582 1158 4637 erga
1186 4567 1320 4621 alios
1349 4577 1563 4638 gestare
1592 4568 1822 4635 viscera,
1858 4571 2105 4630 modeste
2143 4590 2208 4630 ac
2233 4572 2516 4628 humiliter
2548 4571 2618 4626 de
2641 4571 2804 4626 nobis
2863 4571 3107 4637 sentire,
3142 4572 3286 4627 nihil
3353 4587 3464 4626 non
3523 4567 3748 4635 designan‘

545 4671 630 4717 tes
659 4660 845 4731 operis
867 4659 922 4714 in
947 4658 1238 4724 charitate,
1265 4675 1376 4729 quo
1401 4659 1487 4714 vel
1543 4659 1632 4716 his
1687 4661 1949 4731 operibus
1999 4678 2418 4734 promercamur
2453 4660 2616 4717 nobis
2678 4660 2814 4730 ipsis
2859 4661 2956 4716 Dei
3023 4661 3252 4732 gratiam
3287 4663 3555 4716 asisccere
3590 4662 3637 4708 et
3660 4663 3747 4706 ωπ·

545 4753 736 4810 (iliare
763 4752 1038 4819 favorem,
1075 4760 1136 4808 ut
1185 4753 1241 4807 in
1271 4752 1420 4808 illius
1446 4753 1623 4809 oculis
1687 4741 2044 4826 acceptabilis
2105 4760 2198 4816 fiat
2261 4767 2454 4816 nostra
2511 4755 2849 4826 deprecatio.
2917 4755 3064 4810 Dicit
3117 4755 3264 4812 enim
3324 4755 3442 4825 ipse
3493 4747 3743 4807 Dominus:

551 4869 568 4900 ε
600 4847 774 4902 Amen
805 4845 930 4901 dico
955 4844 1135 4910 vobis,
1161 4844 1289 4914 quia
1311 4843 1358 4900 si
1389 4843 1500 4899 duo
1527 4860 1594 4899 ex
1619 4845 1778 4902 vobis
1808 4853 2196 4908 consenserint
2219 4867 2387 4923 super
2411 4858 2640 4912 terram,
2660 4846 2731 4902 de
2755 4861 3091 4918 quacunque
3120 4861 3181 4900 re
3195 4862 3364 4916 quam
3394 4836 3742 4916 postulaverint.

545 4938 639 4993 fiet
659 4937 742 4992 eis
767 4951 798 4990 a
821 4936 981 4990 Patre
1007 4949 1131 4988 meo
1161 4932 1258 5003 qui
1315 4943 1402 4988 est
1432 4932 1488 4987 in
1513 4933 1696 5001 caelis;
1727 4935 1823 4994 ubi
1875 4937 2024 4993 enim
2083 4951 2214 4998 sunt
2252 4937 2569 5013 congregati
2610 4937 2722 4993 duo
2763 4923 2852 4994 vel
2892 4949 3009 4996 tres
3059 4939 3117 4995 in
3150 4939 3378 4994 nomine
3405 4951 3540 4999 meo,
3573 4931 3638 4986 ibi
3661 4938 3742 4981 sum

544 5035 602 5089 in
630 5030 820 5086 medio”
838 5044 1034 5084 eorum
1051 5027 1120 5082 9°.
1151 5045 1170 5079 ι
1230 5025 1340 5096 Ipsi
1370 5025 1540 5097 gloria
1574 5027 1630 5084 in
1659 5029 1880 5085 saecula.
1915 5029 2112 5088 Amen.

1058 5119 1346 5178 HOMILIA
1381 5118 1621 5178 LXXXI.
2148 5126 2200 5187 υ

1064 5209 1144 5264 De
1170 5211 1597 5282 cogitationibus.

612 5303 758 5358 Dicit
780 5301 1064 5372 Scriptura
1089 5319 1102 5354 :
1135 5323 1152 5352 ι
1173 5301 1374 5374 Legem
1402 5301 1454 5358 in
1479 5302 1817 5375 adjutorium
1843 5303 2111 5360 (κῶμ’.)

2299 5305 2470 5377 Φησἰν
2517 5307 2552 5378 ἢ
2593 5306 2786 5380 Γραφή
2810 5323 2825 5338 ⁸
2887 5325 2906 5359 ε
2934 5307 3121 5378 Νόμον
3163 5307 3244 5370 εἰς
3279 5305 3522 5378 βοήθειαν
3548 5299 3730 5352 ἔδωκε-ι

613 5441 660 5474 τ’
689 5441 756 5497 IV
784 5441 917 5511 Reg.
948 5458 1008 5505 ιι,
1036 5439 1092 5494 6.
1167 5441 1214 5474 ⁸ο
1241 5441 1390 5495 Ruth
1447 5442 1601 5502 ι,17.
1677 5443 1720 5475 "
1753 5441 1899 5496 Ruth
1954 5457 2013 5506 ιι,
2048 5441 2128 5497 12.

2243 5441 2290 5473 θ’
2323 5441 2468 5496 Psal.
2525 5457 2725 5508 cxxxu,
2757 5443 2805 5496 l.
2921 5442 2989 5476 ⁸¹“
3019 5444 3184 5500 Prov.
3214 5461 3362 5510 mn,
3389 5443 3471 5497 i9.
3538 5437 3577 5511 ξ’
3599 5428 3729 5499 Εαιε·

541 5529 615 5576 iv,
641 5512 694 5568 9.
773 5511 820 5543 ⁸³
853 5507 986 5566 ibid.
1019 5512 1102 5566 l0.
1204 5513 1253 5544 ⁸⁸
1289 5511 1424 5566 ibid.
1457 5513 1544 5566 12.
1651 5513 1698 5546 ⁸⁸
1724 5514 1916 5571 Act.u.
1953 5513 2044 5568 44.
2122 5512 2168 5544 ⁸⁷
2201 5512 2324 5567 Act.
2355 5527 2429 5575 tv,
2462 5511 2549 5566 '52.
2603 5507 2729 5568 ιιωο
2783 5523 3025 5568 mentem
3080 5515 3320 5570 reddunt
3350 5507 3620 5576 ‘aucttu'ist
3651 5511 3718 5576 μοι

540 5572 672 5636 item
694 5581 884 5646 verba,
925 5590 1221 5650 corruptus
1245 5583 1392 5636 enim
1427 5582 1584 5638 locus
1605 5592 1708 5638 est.
1787 5583 1834 5616 ⁸⁸
1867 5583 2027 5638 Rom.
2061 5598 2155 5648 xu,
2184 5581 2240 5648 4,
2274 5585 2328 5637 5.
2403 5572 2448 5614 ⁸³
2482 5581 2502 5636 l
2532 5581 2660 5636 Cor.
2693 5598 2790 5650 xu,
2817 5583 2906 5638 2i.
2982 5585 3028 5617 ’°
3059 5585 3258 5642 Matth;
3289 5599 3436 5649 xvnt,
3474 5572 3545 5636 l9.
3589 5575 3624 5607 "
3653 5572 3712 5623 153

540 5668 658 5718 \‘ill,
682 5651 752 5706 20
777 5667 890 5707 sec.
916 5651 1060 5705 LXX
1084 5667 1098 5718 ;
1137 5651 1314 5708 Galat.
1347 5669 1426 5719 ιιι,
1456 5653 1556 5707 21.

1814 5723 1856 5778 ν
1869 5721 2063 5776 ARH‘J-
2094 5721 2503 5778 LEC'l'lONES.

611 5813 640 5856 Ιι
675 5814 784 5872 Pro
812 5813 1154 5888 καταρκχῦᾔ,
1190 5815 1450 5872 Aldinum
1490 5817 1772 5888 exemplar
1799 5817 1966 5874 habet
2001 5819 2128 5871 ἐπικ

2229 5817 2441 5890 παιωοῇ.
2481 5819 2664 5876 victus
2697 5820 2882 5876 fuerit.

2829 5119 3047 5174 ΛΟΓΟΣ
3077 5121 3206 5176 ΠΜ.

2779 5215 2920 5284 Περὶ
2950 5214 3282 5286 λογισμῶν.

2243 5441 2290 5473 θ’
2323 5441 2468 5496 Psal.
2525 5457 2725 5508 cxxxu,
2757 5443 2805 5496 l.
