3944 6462
222 312 363 379 1677

1074 301 1405 366 IIOMILIA
1444 301 1707 363 LXXXI.
1740 326 1807 337 -
1834 300 1933 363 DE
1973 298 2641 361 COGlTATIONIBUS.

3349 280 3486 367 1673

221 427 494 498 Βοήθειαν
533 419 736 493 δηλαδὴ
779 420 845 491 τῇ
878 415 1038 489 φύσει
1067 415 1178 470 τῶν
1203 414 1508 486 ἀνθρώπων
1544 413 1680 487 πρὸς
1706 411 1806 484 τὴν
1836 440 1847 474 λ

1935 410 2296 482 idjutorium,
2338 408 2441 480 ipsi
2475 408 2736 464 videlicet
2766 406 3054 464 hominum
3087 417 3294 466 natura:
3327 429 3342 465 :
3374 430 3487 484 quo

216 518 323 590 ἵτῆς
352 515 556 589 ἀρετῆς
588 513 865 583 γεωργίαν
886 526 900 540 ·
955 510 1031 574 ὡς
1077 508 1324 599 γεωργὸς
1355 506 1492 599 πρὸς
1521 507 1581 560 τὸ
1612 504 1805 599 καθα-ί⁴⁵

225 628 345 683 ρειν
375 607 439 662 τὺ
466 606 633 677 φυτὺν
664 603 740 683 τῷ
768 603 974 674 σιδήρῳ
994 619 1007 632 ο
1069 595 1178 655 ἀπὸ
1208 600 1308 671 μὲν
1336 597 1537 670 σαρκὸς
1562 595 1806 652 ἀποϐάλ-

221 714 339 757 Αειν
393 701 491 754 ὅτε
529 695 832 768 διοχλοῦσιν
882 697 938 749 αί
983 694 1212 771 φυσικαὶ
1264 691 1402 762 πρὸς
1446 688 1639 761 ἡδονὴν
1686 689 1808 741 ἑπι-

223 794 422 864 θυμίαι
449 809 463 823 ·
525 789 635 844 ἀπὸ
681 789 738 841 δὲ
782 787 961 857 ψυχῆς
1014 785 1215 855 ὁμοίως
1261 783 1388 846 τοὺς
1433 781 1810 852 ταράσσοντας

225 888 398 955 αὐτὴν
429 884 681 946 ἀσθενεῖς
709 880 1029 949 λογισμοὺς,
1063 877 1095 947 ἢ
1125 875 1192 929 τά
1224 874 1427 945 σαρκὸς
1454 871 1807 944 φρονοῦντας,

1916 504 2084 560 homo
2112 502 2384 559 subnixus
2405 540 2421 566 ,
2476 499 2709 571 perinde
2754 508 2920 570 atque
2952 502 3189 573 agricola
3228 502 3375 560 l‘erro
3403 522 3490 560 as-

1915 594 2058 650 solet
2125 593 2369 664 plantam
2435 605 2772 661 perpurgare
2802 629 2817 656 ,
2898 591 2975 646 ita
3032 592 3489 662 agricolationem

1916 692 2144 737 strenue
2179 688 2465 737 exerceret
2494 679 2738 734 virtutis.
2769 678 2814 733 A
2841 694 3007 734 carne
3034 681 3279 750 quidem,
3304 694 3366 739 ut
3383 701 3414 739 a
3436 696 3491 741 te

1917 773 2157 844 repellas
2190 788 2254 827 ac
2283 772 2574 844 prodigos,
2627 785 2754 827 cum
2804 783 3165 842 perstrepunt
3194 784 3364 845 atque
3390 777 3495 831 ub-

1924 865 2152 920 turbant
2183 872 2426 918 ventose
2452 863 2557 918 illze
2582 862 2755 918 fastus
2777 863 3032 932 ampulla:
3052 903 3067 929 ,
3113 872 3172 918 et
3199 864 3268 919 ad
3293 865 3493 921 obsec-

225 976 261 1048 ἢ
319 974 389 1028 τὰ
446 973 760 1043 πρόσκαιρα
824 969 921 1023 καὶ
972 971 1137 1038 γήϊνα
1185 965 1654 1038 προσκλίναντας,
1714 961 1812 1015 καὶ

1935 973 2043 1012 iam
2067 956 2407 1026 voluptatem
2430 956 2729 1025 proliciunt
2757 954 3083 1011 irritatrices
3103 958 3498 1027 concupiscere

228 1072 298 1123 ὲκ
337 1068 557 1138 φύσεως
606 1064 780 1125 οὕτως
814 1061 1146 1133 ὁρμώντων,
1202 1059 1298 1111 καὶ
1329 1056 1387 1121 ἐξ
1417 1054 1725 1127 ὑπερϐολῆς
1754 1052 1811 1106 δὲ

232 1154 489 1225 πονηρῶν
538 1152 869 1223 πνευμάτων
919 1146 1322 1210 ὲπικλυζὸντων
1366 1146 1465 1216 τὴν
1510 1143 1704 1214 φύσιν,
1739 1142 1815 1206 ὡς

231 1249 266 1317 ή
312 1249 479 1315 πεῖρα
520 1240 665 1297 οἶδε·
727 1243 822 1295 καὶ
871 1240 961 1295 διὰ
993 1239 1152 1292 τοῦτο
1190 1237 1472 1307 διδομένου
1505 1236 1692 1305 νόμου,
1730 1235 1818 1288 ἵνα

238 1338 314 1410 μὴ
364 1337 440 1399 ὡς
485 1333 818 1405 ἀμελοῦντος
860 1329 1110 1401 γεωργοῦ
1152 1328 1403 1401 χερσωθῇ
1453 1326 1513 1380 τὸ
1548 1327 1714 1395 φυτὸν
1756 1326 1817 1378 τὸ

236 1427 542 1499 ἐπιτήδειον
590 1424 665 1495 μὴ
701 1424 867 1493 φέρον
898 1420 1132 1492 καρπόν.
1186 1419 1351 1487 Λέγει
1378 1417 1437 1471 δὲ
1470 1418 1565 1470 καὶ
1592 1418 1620 1470 6
1652 1415 1817 1468 Ἀπό-

237 1520 470 1583 στολοςο
557 1534 577 1569 ι
616 1514 891 1584 Βούλομαι
962 1513 1092 1575 τοὺς
1153 1511 1353 1582 ἄνδρας
1417 1506 1818 1579 προσεύχεσθαι

239 1610 296 1662 ὲν
347 1605 511 1659 παντὶ
559 1604 749 1675 τρόπῳ
818 1601 1151 1672 ἐπαίροντας
1207 1599 1362 1663 ὁσίας
1411 1601 1599 1670 χεῖρας
1649 1598 1819 1670 χωρὶς

239 1699 407 1771 ὀργῆς
454 1698 550 1750 καὶ
597 1693 988 1765 διαλογισμῶν.
1020 1711 1038 1744 ι
1090 1692 1200 1747 Καὶ
1229 1691 1424 1745 πάλιν*
1468 1690 1827 1763 «Λογισμοὺς

241 1788 636 1860 καθαιροῦντες
656 1829 671 1854 ,

242 1884 339 1954 τῆς
369 1880 625 1951 γνώσεως
655 1878 747 1934 τοῦ
777 1878 934 1932 Θεοῦ.
965 1896 983 1929 ι
1037 1875 1251 1938 Σκοπὸς
1276 1871 1369 1929 οῦν
1397 1877 1514 1927 ἐστι
1545 1873 1626 1945 τῷ
1658 1874 1822 1927 Ἀποο

246 1973 414 2043 στόλῳ
446 1971 723 2042 καθαροὺς
756 1970 905 2040 ἡμᾶς
938 1963 1079 2022 εἶναι
1129 1966 1238 2019 ἀπὸ
1273 1964 1551 2035 λογισμῶν
1580 1964 1825 2037 ἀκαθάρα

240 2082 348 2120 των
372 2104 386 2130 ,
421 2065 658 2135 μάλιστα
679 2062 805 2115 ὅταν
826 2059 903 2131 τῷ
923 2059 1040 2130 Θεῷ
1065 2059 1374 2130 προσευχὴν
1397 2056 1787 2128 παριστάμεθα
1807 2072 1821 2087 °

242 2159 302 2211 ού
349 2158 458 2226 γὰρ
509 2156 794 2225 συμφωνεῖ
837 2151 1076 2205 δυσωδία
1118 2149 1352 2226 εὐωδία,
1407 2149 1527 2202 οὐδὲ
1560 2147 1826 2219 δυσοσμία

242 2250 319 2320 τῷ
362 2224 553 2319 μύρῳ.
588 2224 667 2299 7'0
716 2246 825 2315 γὰρ
886 2243 1174 2313 λογισμοῖς
1228 2224 1680 2310 συναπαγόμενος
1732 2241 1827 2292 ὲκ-

243 2328 542 2412 τυφλοῦται
579 2341 669 2393 ὑπ’
702 2337 904 2393 αὐτῶν.
944 2337 1120 2390 Ὅπου
1150 2334 1260 2405 γὰρ
1291 2335 1497 2397 εἰκόνες
1522 2332 1822 2403 λογισμῶν,

247 2438 364 2489 ἐκεῖ
414 2434 509 2487 καὶ
557 2430 959 2501 συγκατάθεσις
1000 2428 1231 2497 γίνεται.
1272 2425 1393 2498 Χρὴ
1424 2422 1519 2480 οὖν
1546 2426 1643 2496 τὴν
1675 2424 1827 2497 πρώ-

245 2541 343 2599 την
391 2524 702 2596 προσϐολὴν
757 2523 847 2576 ἀεὶ
890 2522 1258 2592 ἀνατρέπειν,
1315 2521 1409 2573 καὶ
1454 2519 1826 2590 ὲξολοθρεύειν

248 2620 370 2683 τοὺς
400 2617 767 2690 ἁμαρτωλοὺς
795 2615 1095 2685 λογισμοὺς
1141 2615 1205 2667 ἐκ
1232 2614 1331 2684 τῆς
1360 2613 1486 2683 γῆς,
1523 2613 1647 2684 ἥτις
1680 2613 1828 2666 ἐστὶν

249 2713 283 2782 ἡ
331 2711 531 2783 καρδία
576 2708 735 2780 ἡμῶν
790 2706 932 2760 κατὰ
976 2706 1065 2759 τὸν
1102 2705 1262 2774 λόγον
1307 2705 1401 2759 τοῦ
1443 2705 1671 2774 Κυρίου.
1719 2704 1829 2757 Καὶ

247 2804 321 2868 ὥς
361 2803 441 2857 ἔτι
476 2803 584 2856 εἰσί
609 2802 797 2870 νήπιοι
831 2800 935 2852 υἱοὶ
963 2796 1304 2861 Βαϐυλῶνος,
1340 2798 1621 2850 τουτέστιν
1651 2798 1700 2849 οἱ
1732 2814 1830 2850 τιο-

249 2895 407 2968 νηροὶ
452 2891 713 2961 λογισμοὶ
740 2931 753 2953 ,
819 2889 1093 2959 ἑδαιρῖζειν
1138 2888 1364 2951 τούτους
1398 2889 1491 2941 καὶ
1522 2886 1829 2958 συντρίϐειν

252 2985 383 3056 πρὸς
434 2984 532 3055 τὴν
573 2982 820 3052 πέτραν»,
873 2980 997 3049 ἥτις
1040 2980 1188 3032 ἐστὶν
1222 2982 1250 3033 ὁ
1278 2981 1535 3049 Χριστός.
1576 2979 1830 3034 Μάλιστα

249 3078 377 3141 τοὺς
418 3078 567 3148 τρεῖς
612 3066 1012 3143 γενικωτάτους
1063 3071 1187 3129 καθ’
1216 3071 1373 3143 ἡμῶν
1401 3071 1696 3142 λογισμοὺς
1733 3071 1828 3126 τοῦ

250 3168 498 3223 διαϐόλου
523 3182 539 3200 δ
597 3166 664 3219 δι’
700 3161 776 3221 ὧν
825 3165 922 3218 καὶ
968 3165 1202 3234 πολεμεῖ
1246 3167 1274 3217 ὁ
1308 3152 1565 3235 φθονερὸς
1593 3164 1827 3236 δαίμων,

252 3262 345 3315 καὶ
379 3258 675 3313 ὑποϐάλλει
709 3260 865 3329 ἡμῖν,
926 3256 1016 3309 τὸν
1050 3257 1150 3326 τῆς
1185 3257 1635 3327 γαστριμαργίας
1664 3258 1830 3327 φημὶ,

251 3354 348 3406 καὶ
376 3350 770 3422 φιλαργυρίας,
810 3349 906 3402 καὶ
937 3347 1250 3412 κενοδοξίας
1273 3364 1289 3378 ⁶
1341 3347 1411 3401 δι’
1439 3342 1514 3402 ῶν
1548 3348 1641 3402 καὶ
1671 3350 1834 3403 αὑτὸν

252 3443 342 3496 τὸν
365 3444 571 3515 Κύριον
602 3442 758 3513 ἡμῶν
791 3443 885 3496 καὶ
912 3441 1166 3512 Σωτῆρα,
1206 3442 1263 3494 ἐν
1292 3441 1370 3513 τῷ
1400 3443 1621 3495 τελέσαι
1646 3442 1833 3508 αὐτὸν,

252 3539 431 3590 πάντα
485 3537 795 3607 πειρασμὸν
846 3535 1178 3606 ἐπεχείρησε
1230 3536 1530 3606 πειράσαι,
1581 3535 1704 3588 ὅθεν
1744 3537 1838 3590 καὶ

252 3629 388 3698 ΙΙιττη
401 3628 564 3697 μένος
597 3626 984 3699 ἀπεκρούσθη.
1041 3626 1382 3698 Ὑπόδειγμα
1415 3629 1547 3698 ἡμῖν
1579 3629 1607 3682 6
1632 3627 1838 3699 Κύριος

255 3712 334 3775 είς
368 3713 548 3767 πάντα
583 3714 911 3783 γενόμενος,
981 3716 1233 3768 τουτέστι
1287 3715 1384 3769 τοῦ
1438 3715 1528 3769 διὰ
1571 3717 1839 3787 νηστειῶν

254 3805 353 3857 καὶ
382 3804 472 3857 διὰ
504 3805 827 3875 προσευχῶν
857 3805 1048 3859 τοῦτον
1080 3806 1364 3877 ἄπρακτον
1395 3806 1679 3878 καθιστᾷν.
1727 3809 1842 3861 Ἐν-

255 3895 464 3966 εδρεύει
494 3898 601 3967 γὰρ
645 3899 674 3949 6
711 3897 883 3960 δόλιος
927 3897 1003 3961 ὡς
1043 3897 1180 3951 λέων
1223 3899 1283 3951 ὲν
1326 3900 1393 3970 τῇ
1433 3899 1647 3971 μάνδρᾳ
1674 3899 1839 3954 αὑτοῦ

259 3986 528 4057 κρύπτειν
575 3991 706 4059 ἡμῖν
756 3989 1030 4056 παγίδας,
1109 3989 1205 4043 καὶ
1260 3992 1509 4062 θήρατρα
1560 3991 1841 4063 λογισμῶν

258 4078 590 4151 ἀκαθάρτων
632 4078 727 4132 καὶ
761 4077 996 4133 ἀσεϐῶν.
1033 4079 1155 4152 Χρὴ
1180 4077 1273 4134 οὖν
1300 4082 1426 4146 τοὺς
1455 4082 1843 4153 πολυμόρφους

258 4167 597 4240 λογισμοὺς,
656 4170 733 4234 ὡς
775 4172 1028 4241 εἴρηται,
1092 4173 1374 4243 συντόμως
1418 4176 1843 4246 προαποκλίνειν

257 4261 340 4316 δι’
386 4264 646 4327 εὐσεϐοῦς
703 4264 1018 4331 ἀντιλογίας
1068 4267 1162 4319 καὶ
1207 4271 1544 4340 προσευχῆς,
1598 4269 1692 4322 καὶ
1740 4270 1845 4340 μά-

260 4353 419 4407 λιστα
445 4355 574 4418 τοὺς
601 4354 949 4422 κομιοῦντας,
1004 4357 1093 4409 ἵνα
1126 4356 1200 4428 μὴ
1224 4357 1531 4412 κοινώσωσι
1564 4359 1656 4413 τὸν
1687 4360 1843 4430 ἅγιον

729 1786 826 1840 καὶ
874 1787 983 1839 πᾶν
1028 1784 1229 1855 ὕψωμα
1272 1783 1636 1855 ἐπαιρόμενον
1676 1782 1821 1837 κατὰ
1857 1769 1897 1824 Β

1922 1051 2012 1106 tiae
2068 1068 2081 1103 :
2130 1049 2200 1104 ab
2260 1049 2443 1104 anima
2497 1063 2628 1102 vero
2683 1047 3090 1115 consimiliter;
3150 1062 3498 1121 quacunque

1919 1142 2281 1215 cogitationes
2314 1157 2413 1212 per
2440 1140 2817 1195 inﬁrmitatem
2849 1141 2953 1210 ipsi
2983 1141 3182 1197 animae
3210 1142 3502 1198 turbulen-

1923 1245 2033 1290 tam
2066 1236 2334 1291 conciunt
2363 1235 2774 1305 intemperiem,
2799 1243 2862 1289 ut
2887 1236 3124 1306 primum
3149 1236 3502 1293 sentisobrco

1922 1343 2075 1398 pere,
2107 1327 2398 1398 provideto
2431 1335 2493 1383 ut
2523 1343 2553 1381 ιι
2581 1335 2633 1381 te
2661 1342 2824 1398 quam
2851 1329 3118 1385 citissime
3140 1331 3501 1397 submoveas,

1927 1417 2141 1490 1155
2159 1417 2275 1473 sive
2303 1417 2373 1472 ad
2396 1433 2460 1471 ea
2485 1416 2733 1471 illectent
2754 1432 2877 1487 quae
2901 1418 3145 1473 studium
3169 1420 3353 1475 carnis
3376 1436 3503 1491 pcr-

1923 1510 2170 1566 colendae
2201 1511 2496 1580 resipiunt,
2531 1509 2648 1565 sive
2682 1511 2955 1566 inclinent
2976 1520 3028 1567 te
3055 1510 3121 1565 ad
3148 1512 3337 1568 isthaec
3360 1521 3503 1568 tem-

1923 1600 2141 1672 poraria
2171 1616 2235 1655 ac
2267 1608 2509 1655 terrena.
2538 1601 2607 1655 Et
2628 1600 2851 1671 quidem
2884 1600 2951 1656 ad
2977 1616 3108 1657 cum
3140 1603 3362 1657 modum
3393 1603 3505 1658 alli-

1926 1693 2106 1747 cimnr
2137 1692 2337 1763 partim
2370 1692 2687 1747 conditione
2718 1700 2931 1748 natnrze
2955 1692 3276 1764 fragilioris,
3306 1697 3505 1766 partim

1928 1784 2059 1839 item
2088 1800 2157 1840 eo
2179 1800 2282 1839 nos
2302 1794 2589 1855 promovet
2618 1792 2675 1840 et
2700 1780 3324 1857 instigat'malignorum
3347 1788 3500 1858 spiri-

1930 1884 2087 1932 tuum
2122 1876 2387 1932 insidiosa
2416 1876 2731 1947 suggestio,
2783 1876 2878 1947 qui
2918 1886 3172 1933 naturam
3201 1878 3378 1949 ipsam
3409 1894 3508 1935 sua

1929 1968 2266 2039 malignitate
2304 1967 2460 2038 quasi
2493 1968 2951 2039 destagnantibns
2980 1969 3146 2025 undis
3180 1977 3508 2025 lantumnon

1930 2061 2205 2125 obruunt,
2261 2069 2323 2114 ut
2356 2069 2412 2116 et
2437 2060 2683 2118 doctrice
2714 2060 3057 2130 experientia
3088 2063 3384 2132 perspicue
3410 2078 3512 2116 no-

1929 2154 2134 2208 vimus.
2171 2154 2229 2209 In
2259 2154 2367 2209 hoc
2396 2154 2566 2225 igitur
2590 2153 2716 2208 data
2747 2154 2834 2207 lex
2865 2160 2975 2219 est,
3004 2169 3096 2219 ne,
3118 2154 3272 2208 velut
3300 2168 3400 2225 per
3422 2169 3513 2210 os-

1932 2246 2221 2301 citantiam
2270 2245 2558 2319 agricolae,
2611 2245 2797 2315 planta
2843 2245 3052 2316 alioqui
3088 2245 3262 2312 utilis,
3297 2246 3511 2301 nullum

1933 2340 2178 2394 all'erens
2204 2339 2471 2402 fructum,
2496 2336 2817 2392 obsolesca't
2842 2338 3118 2408 squalore.
3152 2338 3299 2393 Dicit
3324 2346 3513 2394 autem

1933 2442 1990 2487 et
2016 2431 2316 2501 Apostolus
2369 2450 2380 2484 :
2437 2450 2454 2481 ι
2491 2430 2627 2485 Volo
2678 2429 2830 2483 viros
2875 2444 3037 2484 orare
3089 2428 3143 2482 in
3177 2429 3327 2484 omni
3360 2430 3508 2492 loco,

1933 2524 2185 2579 levantes
2214 2533 2434 2580 sanctas
2458 2538 2656 2576 manus
2684 2522 2805 2575 sine
2827 2521 2990 2579 ira.ct
3011 2521 3513 2591 disceptationibus

1934 2616 2334 2687 cogitationum
2354 2616 2424 2668 θ’.
2453 2634 2471 2666 ι
2514 2614 2720 2669 iterum
2762 2630 2775 2666 :
2817 2633 2835 2663 ι
2863 2612 3109 2667 Consilia
3141 2613 3513 2678 destruentes,

1934 2717 1991 2764 et
2046 2723 2269 2762 omnem
2324 2706 2682 2762 altitudinem
2743 2706 3101 2761 extollentem
3143 2722 3202 2762 se
3250 2707 3516 2762 adversus

1936 2797 2226 2854 scientiam
2261 2797 2358 2851 Dei
2378 2797 2451 2851 ³³.
2476 2815 2493 2847 ι
2533 2796 2635 2850 llic
2666 2794 2853 2865 itaque
2889 2795 3087 2850 unicus
3119 2795 3383 2865 Apostolo
3412 2795 3517 2851 fuit

1935 2907 2158 2962 scopas,
2197 2906 2299 2945 nos
2330 2896 2392 2945 ut
2423 2887 2686 2944 redderet
2715 2902 2889 2958 puros
2915 2887 3289 2941 obscenarum
3321 2896 3379 2941 et
3403 2895 3517 2940 tur—

1937 2983 2090 3054 pium
2120 2982 2543 3054 cogitationnm,
2578 2978 2816 3034 maxime
2845 2994 2972 3033 cum
3001 2977 3251 3033 sistimur
3276 2978 3516 3033 oﬂ'crcn-

1937 3076 2021 3131 dae
2051 3076 2165 3130 Deo
2201 3074 2469 3129 orationi.
2506 3073 2656 3127 Inter
2679 3070 2828 3127 enim
2854 3071 3287 3142 graveolcntium
3314 3080 3372 3126 et
3393 3088 3516 3126 sna-

1936 3182 2059 3222 vem
2091 3165 2452 3237 fragrantiam
2488 3165 2639 3219 nulla
2671 3163 2967 3219 intercedit
2996 3163 3310 3228 consensio,
3335 3180 3518 3233 neque

1937 3259 2242 3330 quidquam
2285 3257 2550 3312 convenit
2597 3256 2683 3311 ori
2720 3254 2917 3326 putido
2952 3270 3017 3309 ac
3049 3255 3349 3315 fetulenlo.
3390 3272 3516 3310 cum

1938 3360 2224 3422 unguento
2257 3348 2508 3405 suaviter
2537 3347 2805 3419 spirante.
2835 3347 2940 3413 Qui
2974 3362 3033 3401 se
3059 3348 3195 3403 sinit
3224 3348 3516 3418 cogitatis-

1937 3459 2075 3501 num
2111 3442 2368 3498 turbellis
2399 3439 2684 3505 abstrahi,
2737 3439 2807 3493 ab
2836 3439 2923 3494 eis
2961 3439 3154 3509 utique
3184 3449 3517 3494 exerceatur.

1938 3536 2044 3592 Ubi
2081 3535 2230 3590 enim
2279 3534 2548 3602 imagines
2585 3532 2987 3601 cogitationum
3037 3533 3252 3587 haerent
3286 3532 3516 3597 diutius,

1941 3628 2017 3691 ibi
2069 3637 2125 3683 et
2161 3627 2458 3682 consensio
2493 3625 2755 3696 gignitur.
2795 3624 2939 3680 Sane
2972 3626 3187 3695 primus
3215 3626 3307 3681 ille
3338 3626 3519 3680 assul-

1944 3728 2032 3775 tus
2084 3718 2465 3790 proﬂigandus
2509 3716 2663 3772 venit
2700 3731 2922 3786 semper
2963 3725 3021 3770 et
3058 3716 3518 3786 proslernendns,

1940 3827 2005 3867 ac
2057 3810 2444 3881 disperdendae
2490 3810 2859 3879 cogitationes
2877 3809 2924 3842 "*
2957 3809 3025 3864 de
3060 3816 3204 3863 terra
3226 3851 3241 3875 ,
3273 3823 3396 3879 quae
3429 3825 3520 3863 ra-

1947 3904 2100 3960 dices
2130 3911 2263 3958 sunt
2291 3912 2647 3974 peccatorum
2688 3920 2701 3956 :
2734 3917 2767 3957 e
2794 3913 2967 3966 terra,
3002 3902 3247 3972 inquam,
3284 3918 3406 3972 qum
3437 3911 3525 3956 cst

1946 4011 2044 4050 cor
2067 4003 2343 4058 riostrum,
2362 3995 2518 4065 juxta
2540 3994 2889 4049 Dominicum
2912 4007 3250 4048 sermonem.
3271 3994 3524 4063 Dumque

1946 4087 2232 4143 infantiles
2260 4087 2444 4143 adhuc
2469 4102 2536 4142 ac
2559 4087 2748 4142 tenelli
2776 4085 2872 4140 lilii
2900 4085 3195 4157 Babylonis
3223 4086 3524 4161 (improba:

1947 4175 2214 4230 nimirum
2244 4174 2643 4246 cogitationes)
2677 4176 2922 4230 oderunt
2948 4190 3007 4230 se
3036 4175 3245 4240 menti,
3287 4174 3526 4230 aliide-n—

1949 4264 2033 4321 dae
2062 4272 2193 4321 sunt
2222 4265 2363 4329 solo,
2399 4264 2866 4335 conterendaeque
2895 4264 2962 4319 ad
2990 4273 3203 4334 petram
3222 4265 3272 4297 "
3297 4278 3418 4335 qum
3438 4276 3525 4321 est

1946 4354 2225 4411 Christus.
2285 4353 2423 4409 Tres
2470 4353 2719 4409 omnium
2772 4354 3008 4409 maxime
3043 4354 3330 4425 generales
3370 4356 3524 4426 (εοεὶ-

258 4447 461 4512 τὸπον,
520 4448 617 4500 καὶ
666 4449 758 4500 τὸν
804 4449 1093 4518 ἄνθρωπον
1143 4449 1239 4502 τοῦ
1281 4450 1417 4503 Θεοῦ
1460 4450 1836 4522 βεϐηλώσωσι.

1950 4446 2207 4509 lationes,
2233 4446 2523 4501 incentore
2545 4444 2769 4503 diabolo
2793 4444 3087 4499 adversum
3111 4459 3212 4500 nos
3234 4456 3521 4516 promotae,

257 4535 414 4590 Μετὰ
438 4535 637 4598 παντὸς
680 4535 775 4590 οὖν
825 4536 992 4605 φόϐου
1037 4537 1324 4607 ὀφείλομεν
1358 4538 1456 4601 τὰς
1500 4538 1843 4610 λειτουργίας

259 4625 500 4679 ἐκτελεῖν
543 4624 621 4695 τῷ
666 4625 808 4695 Θεῷ,
841 4627 1052 4697 μήποτε
1102 4625 1421 4696 εύρεθῶμεν
1449 4630 1559 4691 τοῖς
1598 4627 1698 4698 μὲν
1727 4627 1843 4699 χείο

260 4718 376 4773 λεσι
405 4720 483 4788 τῷ
516 4718 633 4789 Θεῷ
664 4718 1212 4790 προσδιαλεγόμενοι,
1264 4723 1330 4790 τῇ
1355 4720 1412 4772 δὲ
1442 4720 1641 4793 καρδίᾳ
1670 4724 1842 4791 αἰχμ-

262 4812 461 4866 άλωτοι
486 4813 564 4874 είς
586 4810 884 4864 Βαϐυλῶνα
906 4810 1191 4879 ἀκάθαρτα
1217 4808 1538 4882 τρώγοντες·
1562 4814 1655 4865 καὶ
1674 4811 1844 4866 ἀκού-

264 4919 449 4974 σωμεν
477 4919 493 4934 ⁸
530 4922 548 4955 ι
598 4901 656 4955 '0
687 4901 815 4965 λαὸς
859 4895 1012 4964 οὗτος
1041 4904 1157 4966 τοῖς
1184 4903 1385 4973 χείλεσι
1429 4921 1496 4974 με
1533 4905 1688 4975 τιμᾷ,
1722 4905 1756 4975 ἡ
1784 4904 1844 4957 δὲ

263 4995 464 5068 καρδία
508 4995 689 5049 αὐτῶν
743 4995 938 5067 πόρρω
975 4995 1171 5067 ἀπέχει
1209 4997 1303 5049 ἀπ’
1347 4997 1504 5067 ἐμοῦ.
1548 5016 1566 5048 ι
1607 4996 1846 5067 Ἀγῶνος

260 5085 357 5157 οὖν
385 5088 566 5159 χρεία,
599 5086 897 5158 ἀγαπητοὶ,
926 5088 1021 5140 καὶ
1065 5087 1281 5158 νήψεως
1326 5088 1548 5159 πολλῆς,
1577 5089 1665 5141 ἵνα
1710 5106 1847 5159 συμ-

263 5183 419 5252 φωνῇ
448 5183 477 5234 6
523 5180 648 5243 νοῦς
682 5180 780 5233 σὺν
820 5181 886 5251 τῇ
937 5180 1139 5251 καρδία
1167 5182 1261 5234 καὶ
1292 5183 1403 5244 τοῖς
1432 5180 1668 5251 χείλεσιν
1694 5183 1751 5235 ὲν
1778 5184 1843 5253 τῇ

257 5271 572 5343 ψαλμιρδίᾳ,
617 5269 704 5323 ἵνα
749 5270 825 5341 μὴ
873 5270 1302 5341 παροργίσωμεν
1333 5272 1424 5325 τὸν
1484 5272 1688 5344 Κύριον
1726 5276 1847 5329 ἀντὶ

263 5363 367 5421 τοῦ
393 5361 738 5436 θεραπεῦσαι
770 5364 958 5430 αὐτὸν,
988 5365 1046 5417 ὲν
1075 5367 1142 5435 τῇ
1171 5366 1448 5436 προσευχῇ
1487 5366 1771 5437 μίσγοντες
1793 5368 1850 5421 ἐν

258 5454 340 5525 τῷ
371 5454 678 5525 θυμιάματι
726 5455 952 5508 κνίσσαν
1002 5459 1181 5525 κακήν
1203 5472 1216 5486 ’
1266 5458 1358 5510 καὶ
1391 5457 1591 5528 εὑρεθῇ
1621 5461 1653 5529 ἡ
1692 5458 1851 5512 θυσία

264 5546 368 5619 τῆς
394 5545 709 5617 προσευχῆς
731 5544 889 5618 ἡμῶν
910 5547 1197 5618 ἐπίμωμος
1223 5547 1297 5611 ὡς
1328 5549 1361 5620 ἡ
1390 5549 1481 5601 τοῦ
1517 5552 1676 5607 Καῖν.
1704 5551 1846 5605 Πολὺ

332 5728 384 5764 ⁹²
422 5726 444 5783 ι
474 5702 618 5783 Tim.
647 5743 711 5795 ιι,
734 5728 791 5784 8.
865 5726 911 5760 ⁸³
942 5724 988 5780 ιι
1007 5725 1132 5782 Cor.
1166 5741 1218 5793 χ,
1244 5724 1350 5795 ί,5.
1371 5727 1415 5758 ’⁸
1449 5726 1591 5781 Psal.
1623 5743 1813 5794 xxxvi,
1850 5728 1933 5781 l7.

1946 4539 2004 4593 in
2048 4538 2282 4609 vestigio
2330 4537 2682 4593 eliminandze
2712 4546 2843 4593 sunt
2882 4538 3069 4593 cordis
3105 4537 3282 4592 aditu.
3318 4538 3523 4593 Harum

1943 4633 2285 4703 malignitate
2327 4633 2515 4687 nitens
2563 4639 2769 4686 nostra:
2797 4630 2995 4686 salutis
3024 4631 3258 4686 reinulus
3285 4631 3521 4697 diemon,

1943 4731 2001 4778 et
2025 4723 2232 4778 bellum
2257 4722 2418 4777 nobis
2441 4721 2654 4785 indicit,
2688 4728 2745 4776 et
2769 4737 2864 4776 eas
2885 4721 3027 4777 clam
3052 4722 3282 4775 instillat
3307 4737 3371 4777 ac
3393 4736 3525 4792 sug-

1942 4816 2105 4886 gerit.
2164 4814 2299 4870 Tres
2337 4814 2570 4869 dixerim
2592 4852 2608 4878 ,
2666 4813 2878 4867 ventris
2914 4812 3236 4881 ingluviem,
3272 4812 3521 4867 studium

1945 4904 2309 4976 congerenda:
2335 4905 2606 4975 pecunia,
2634 4912 2692 4958 ct
2716 4903 3076 4958 ambitionem
3102 4903 3292 4974 gloriae
3316 4904 3518 4960 inanis.

1944 4998 2051 5054 Per
2071 4998 2170 5052 has
2189 5005 2245 5052 et
2261 4996 2441 5068 ipsum
2458 4995 2759 5051 Dominum
2769 5002 3018 5051 nostrum
3034 4995 3223 5051 Jesum
3234 4994 3519 5053 Christum

1948 5103 2013 5144 ac
2033 5088 2395 5154 Salvatorem,
2422 5104 2547 5143 cum
2573 5089 2788 5159 integro
2808 5087 2987 5143 atatis
3010 5086 3146 5143 ﬂore
3168 5087 3521 5155 adolevisset,

1944 5196 2236 5253 aggressus
2259 5183 2425 5249 est",
2457 5182 2607 5237 omni
2630 5196 2835 5252 genere
2861 5182 3231 5238 tentationum
3266 5191 3328 5238 ut
3347 5193 3527 5240 tenta-

1946 5283 2033 5329 r-et
2064 5292 2078 5328 :
2110 5274 2258 5330 unde
2287 5283 2346 5331 et
2372 5276 2554 5331 victus
2584 5276 2826 5346 reiectus
2851 5284 2957 5331 est.
2993 5274 3135 5332 Hinc
3164 5291 3269 5333 nos
3295 5292 3399 5333 suo
3424 5277 3526 5333 do-

1947 5369 2065 5423 cuit
2117 5367 2387 5424 Dominus
2434 5369 2729 5438 exemplo,
2787 5383 2897 5439 qua
2946 5377 3063 5426 arte
3120 5369 3270 5426 illius
3319 5371 3524 5442 impuri

1948 5458 2229 5516 insidiosa:
2260 5475 2455 5516 omnes
2489 5459 2699 5531 pedica:
2733 5457 3041 5515 ineliicaces
3072 5460 3231 5517 reddi
3261 5460 3520 5527 debeant,

1954 5568 2157 5623 nempe
2188 5551 2418 5624 ieiuniis
2445 5559 2502 5607 et
2528 5550 2894 5607 orationibus.
2944 5549 3106 5605 Omni
3136 5552 3285 5608 cnim
3319 5561 3518 5611 conatu

2013 5732 2055 5760 rs
2088 5731 2465 5798 p3;,!,cvxxw,
2491 5730 2546 5789 θ,
2620 5730 2667 5763 ’⁸
2700 5731 2890 5788 Matth.
2918 5749 2990 5799 Iv,
3030 5733 3049 5787 Ι
3083 5749 3236 5805 seqq.
