  <div class='ocr_page' id='page_1' title='image "/cluster/home/n/w/nwhite01/storage/ocr_20150623/89/coo.31924054869932/856.png"; bbox 0 0 3944 6422; ppageno 0'>
   <div class='ocr_carea' id='block_1_1' title="bbox 173 405 3466 498">
    <p class='ocr_par' dir='ltr' id='par_1_1' title="bbox 173 405 3466 498">
     <span class='ocr_line' id='line_1_1' title="bbox 173 405 3466 498; baseline -0.008 -3"><span class='ocrx_word' id='word_1_1' title='bbox 173 428 306 498; x_wconf 71' lang='lat'><strong>1531</strong></span> <span class='ocrx_word' id='word_1_2' title='bbox 1064 434 1399 498; x_wconf 80' lang='lat' dir='ltr'><strong>HOMILIA</strong></span> <span class='ocrx_word' id='word_1_3' title='bbox 1437 428 1739 492; x_wconf 76' lang='lat' dir='ltr'><strong>LXXXII.</strong></span> <span class='ocrx_word' id='word_1_4' title='bbox 1775 451 1844 460; x_wconf 79' lang='grc'><strong>-</strong></span> <span class='ocrx_word' id='word_1_5' title='bbox 1879 424 1977 485; x_wconf 82' lang='lat' dir='ltr'><strong>DE</strong></span> <span class='ocrx_word' id='word_1_6' title='bbox 2019 417 2579 482; x_wconf 74' lang='lat' dir='ltr'><strong>COllllEPTIONE.</strong></span> <span class='ocrx_word' id='word_1_7' title='bbox 3325 405 3466 472; x_wconf 78' lang='lat'><strong>1(8‘2</strong></span> 
     </span>
    </p>
   </div>
   <div class='ocr_carea' id='block_1_2' title="bbox 167 529 3553 618">
    <p class='ocr_par' dir='ltr' id='par_1_2' title="bbox 167 529 3553 618">
     <span class='ocr_line' id='line_1_2' title="bbox 167 529 3553 618; baseline -0.008 -13"><span class='ocrx_word' id='word_1_8' title='bbox 167 550 483 606; x_wconf 73' lang='lat' dir='ltr'><strong>etliberari</strong></span> <span class='ocrx_word' id='word_1_9' title='bbox 525 560 611 618; x_wconf 88' lang='lat' dir='ltr'><strong>te;</strong></span> <span class='ocrx_word' id='word_1_10' title='bbox 641 551 926 610; x_wconf 71' lang='lat' dir='ltr'><strong>exaudiri.</strong></span> <span class='ocrx_word' id='word_1_11' title='bbox 959 561 1009 608; x_wconf 91' lang='lat' dir='ltr'><strong>te</strong></span> <span class='ocrx_word' id='word_1_12' title='bbox 1045 551 1102 607; x_wconf 89' lang='lat' dir='ltr'><strong>in</strong></span> <span class='ocrx_word' id='word_1_13' title='bbox 1159 547 1490 606; x_wconf 80' lang='lat' dir='ltr'><strong>abscondito</strong></span> <span class='ocrx_word' id='word_1_14' title='bbox 1535 540 1883 614; x_wconf 76' lang='lat' dir='ltr'><strong>tempestatis</strong></span> <span class='ocrx_word' id='word_1_15' title='bbox 1933 540 1974 592; x_wconf 87' lang='grc'><strong>⁷.</strong></span> <span class='ocrx_word' id='word_1_16' title='bbox 2016 556 2034 588; x_wconf 72' lang='grc' dir='ltr'><strong>ι</strong></span> <span class='ocrx_word' id='word_1_17' title='bbox 2087 535 2341 590; x_wconf 79' lang='lat' dir='ltr'><strong>Manibus</strong></span> <span class='ocrx_word' id='word_1_18' title='bbox 2383 533 2550 602; x_wconf 76' lang='lat' dir='ltr'><strong>igitur</strong></span> <span class='ocrx_word' id='word_1_19' title='bbox 2595 529 2854 600; x_wconf 79' lang='lat' dir='ltr'><strong>expansis</strong></span> <span class='ocrx_word' id='word_1_20' title='bbox 2910 537 2968 585; x_wconf 89' lang='lat' dir='ltr'><strong>et</strong></span> <span class='ocrx_word' id='word_1_21' title='bbox 3025 535 3232 585; x_wconf 83' lang='lat' dir='ltr'><strong>attenta</strong></span> <span class='ocrx_word' id='word_1_22' title='bbox 3256 533 3463 618; x_wconf 57' lang='lat' dir='ltr'><strong>mentm,</strong></span> <span class='ocrx_word' id='word_1_23' title='bbox 3548 566 3553 571; x_wconf 92' lang='lat'><strong>.</strong></span> 
     </span>
    </p>
   </div>
   <div class='ocr_carea' id='block_1_3' title="bbox 169 617 3466 712">
    <p class='ocr_par' dir='ltr' id='par_1_3' title="bbox 169 617 3466 712">
     <span class='ocr_line' id='line_1_3' title="bbox 169 617 3466 712; baseline -0.008 -12"><span class='ocrx_word' id='word_1_24' title='bbox 169 650 416 712; x_wconf 86' lang='lat' dir='ltr'><strong>iratrcs,</strong></span> <span class='ocrx_word' id='word_1_25' title='bbox 481 647 956 704; x_wconf 89' lang='lat' dir='ltr'><strong>clementissimus</strong></span> <span class='ocrx_word' id='word_1_26' title='bbox 1031 648 1178 703; x_wconf 84' lang='lat' dir='ltr'><strong>Deus</strong></span> <span class='ocrx_word' id='word_1_27' title='bbox 1229 643 1392 699; x_wconf 89' lang='lat' dir='ltr'><strong>nobis</strong></span> <span class='ocrx_word' id='word_1_28' title='bbox 1454 639 1608 696; x_wconf 84' lang='lat' dir='ltr'><strong>venit</strong></span> <span class='ocrx_word' id='word_1_29' title='bbox 1659 633 1977 694; x_wconf 79' lang='lat' dir='ltr'><strong>exorandus</strong></span> <span class='ocrx_word' id='word_1_30' title='bbox 2065 647 2132 686; x_wconf 90' lang='lat' dir='ltr'><strong>ac</strong></span> <span class='ocrx_word' id='word_1_31' title='bbox 2181 627 2664 700; x_wconf 83' lang='lat' dir='ltr'><strong>repropitiamlus,</strong></span> <span class='ocrx_word' id='word_1_32' title='bbox 2727 632 2791 679; x_wconf 88' lang='lat' dir='ltr'><strong>ut</strong></span> <span class='ocrx_word' id='word_1_33' title='bbox 2845 638 2876 678; x_wconf 92' lang='lat' dir='ltr'><strong>e</strong></span> <span class='ocrx_word' id='word_1_34' title='bbox 2916 622 3055 712; x_wconf 86' lang='lat' dir='ltr'><strong>solio</strong></span> <span class='ocrx_word' id='word_1_35' title='bbox 3108 635 3211 677; x_wconf 88' lang='lat' dir='ltr'><strong>suo</strong></span> <span class='ocrx_word' id='word_1_36' title='bbox 3251 617 3466 712; x_wconf 77' lang='lat' dir='ltr'><strong>emittat</strong></span> 
     </span>
    </p>
   </div>
   <div class='ocr_carea' id='block_1_4' title="bbox 167 708 3466 811">
    <p class='ocr_par' dir='ltr' id='par_1_4' title="bbox 167 708 3466 811">
     <span class='ocr_line' id='line_1_4' title="bbox 167 708 3466 811; baseline -0.009 -18"><span class='ocrx_word' id='word_1_37' title='bbox 167 708 438 796; x_wconf 81' lang='lat' dir='ltr'><strong>auxiliare</strong></span> <span class='ocrx_word' id='word_1_38' title='bbox 500 741 842 811; x_wconf 68' lang='lat' dir='ltr'><strong>praesidium,</strong></span> <span class='ocrx_word' id='word_1_39' title='bbox 865 755 1002 810; x_wconf 90' lang='lat' dir='ltr'><strong>_qu0</strong></span> <span class='ocrx_word' id='word_1_40' title='bbox 1031 736 1180 803; x_wconf 79' lang='lat' dir='ltr'><strong>freti,</strong></span> <span class='ocrx_word' id='word_1_41' title='bbox 1213 737 1404 793; x_wconf 89' lang='lat' dir='ltr'><strong>hostes</strong></span> <span class='ocrx_word' id='word_1_42' title='bbox 1445 741 1798 802; x_wconf 89' lang='lat' dir='ltr'><strong>superemus,</strong></span> <span class='ocrx_word' id='word_1_43' title='bbox 1875 720 2343 794; x_wconf 76' lang='lat' dir='ltr'><strong>quemadmodum</strong></span> <span class='ocrx_word' id='word_1_44' title='bbox 2390 718 2568 774; x_wconf 85' lang='lat' dir='ltr'><strong>Moses</strong></span> <span class='ocrx_word' id='word_1_45' title='bbox 2630 713 2934 787; x_wconf 81' lang='lat' dir='ltr'><strong>prostravit</strong></span> <span class='ocrx_word' id='word_1_46' title='bbox 2994 711 3220 768; x_wconf 81' lang='lat' dir='ltr'><strong>Amalec</strong></span> <span class='ocrx_word' id='word_1_47' title='bbox 3239 709 3302 764; x_wconf 69' lang='grc' dir='ltr'><strong>τ’.</strong></span> <span class='ocrx_word' id='word_1_48' title='bbox 3344 708 3466 764; x_wconf 76' lang='lat' dir='ltr'><strong>Non</strong></span> 
     </span>
    </p>
   </div>
   <div class='ocr_carea' id='block_1_5' title="bbox 165 803 3468 906">
    <p class='ocr_par' dir='ltr' id='par_1_5' title="bbox 165 803 3468 906">
     <span class='ocr_line' id='line_1_5' title="bbox 165 803 3468 906; baseline -0.008 -21"><span class='ocrx_word' id='word_1_49' title='bbox 165 831 321 887; x_wconf 89' lang='lat' dir='ltr'><strong>enim</strong></span> <span class='ocrx_word' id='word_1_50' title='bbox 344 834 644 890; x_wconf 90' lang='lat' dir='ltr'><strong>mediocris</strong></span> <span class='ocrx_word' id='word_1_51' title='bbox 665 845 752 892; x_wconf 89' lang='lat' dir='ltr'><strong>est</strong></span> <span class='ocrx_word' id='word_1_52' title='bbox 787 835 1048 906; x_wconf 83' lang='lat' dir='ltr'><strong>periculi,</strong></span> <span class='ocrx_word' id='word_1_53' title='bbox 1113 834 1226 890; x_wconf 89' lang='lat' dir='ltr'><strong>imo</strong></span> <span class='ocrx_word' id='word_1_54' title='bbox 1277 829 1502 888; x_wconf 83' lang='lat' dir='ltr'><strong>exitiale</strong></span> <span class='ocrx_word' id='word_1_55' title='bbox 1545 838 1800 897; x_wconf 83' lang='lat' dir='ltr'><strong>prorsus,</strong></span> <span class='ocrx_word' id='word_1_56' title='bbox 1869 834 2072 875; x_wconf 89' lang='lat' dir='ltr'><strong>arcana</strong></span> <span class='ocrx_word' id='word_1_57' title='bbox 2124 816 2366 889; x_wconf 90' lang='lat' dir='ltr'><strong>quadam</strong></span> <span class='ocrx_word' id='word_1_58' title='bbox 2416 813 2781 886; x_wconf 82' lang='lat' dir='ltr'><strong>persuasione</strong></span> <span class='ocrx_word' id='word_1_59' title='bbox 2826 807 3032 883; x_wconf 81' lang='lat' dir='ltr'><strong>pacisci</strong></span> <span class='ocrx_word' id='word_1_60' title='bbox 3090 816 3148 862; x_wconf 86' lang='lat' dir='ltr'><strong>et</strong></span> <span class='ocrx_word' id='word_1_61' title='bbox 3206 803 3468 860; x_wconf 81' lang='lat' dir='ltr'><strong>assentiri</strong></span> 
     </span>
    </p>
   </div>
   <div class='ocr_carea' id='block_1_6' title="bbox 168 896 3471 998">
    <p class='ocr_par' dir='ltr' id='par_1_6' title="bbox 168 896 3471 998">
     <span class='ocr_line' id='line_1_6' title="bbox 168 896 3471 998; baseline -0.008 -22"><span class='ocrx_word' id='word_1_62' title='bbox 168 922 406 994; x_wconf 87' lang='lat' dir='ltr'><strong>impuris</strong></span> <span class='ocrx_word' id='word_1_63' title='bbox 435 896 886 998; x_wconf 71' lang='lat' dir='ltr'><strong>cogitationibus.</strong></span> <span class='ocrx_word' id='word_1_64' title='bbox 913 927 996 983; x_wconf 85' lang='lat' dir='ltr'><strong>Ab</strong></span> <span class='ocrx_word' id='word_1_65' title='bbox 1023 896 1144 982; x_wconf 81' lang='lat' dir='ltr'><strong>istis</strong></span> <span class='ocrx_word' id='word_1_66' title='bbox 1163 923 1316 982; x_wconf 90' lang='lat' dir='ltr'><strong>enim</strong></span> <span class='ocrx_word' id='word_1_67' title='bbox 1331 917 1766 992; x_wconf 84' lang='lat' dir='ltr'><strong>cogitationibus</strong></span> <span class='ocrx_word' id='word_1_68' title='bbox 1801 911 2149 984; x_wconf 76' lang='lat' dir='ltr'><strong>pertrahitur</strong></span> <span class='ocrx_word' id='word_1_69' title='bbox 2181 909 2308 980; x_wconf 89' lang='lat' dir='ltr'><strong>quis</strong></span> <span class='ocrx_word' id='word_1_70' title='bbox 2341 907 2409 962; x_wconf 89' lang='lat' dir='ltr'><strong>ad</strong></span> <span class='ocrx_word' id='word_1_71' title='bbox 2436 904 2840 978; x_wconf 79' lang='lat' dir='ltr'><strong>OperatiOnem,</strong></span> <span class='ocrx_word' id='word_1_72' title='bbox 2907 917 2974 959; x_wconf 88' lang='lat' dir='ltr'><strong>ac</strong></span> <span class='ocrx_word' id='word_1_73' title='bbox 3039 898 3250 956; x_wconf 83' lang='lat' dir='ltr'><strong>sensim</strong></span> <span class='ocrx_word' id='word_1_74' title='bbox 3289 896 3471 953; x_wconf 83' lang='lat' dir='ltr'><strong>desci-</strong></span> 
     </span>
    </p>
   </div>
   <div class='ocr_carea' id='block_1_7' title="bbox 167 999 3468 1092">
    <p class='ocr_par' dir='ltr' id='par_1_7' title="bbox 167 999 3468 1092">
     <span class='ocr_line' id='line_1_7' title="bbox 167 999 3468 1092; baseline -0.008 -23"><span class='ocrx_word' id='word_1_75' title='bbox 167 1015 325 1070; x_wconf 88' lang='lat' dir='ltr'><strong>scita</strong></span> <span class='ocrx_word' id='word_1_76' title='bbox 349 1018 482 1074; x_wconf 92' lang='lat' dir='ltr'><strong>Deo.</strong></span> <span class='ocrx_word' id='word_1_77' title='bbox 520 1020 737 1092; x_wconf 75' lang='lat'><strong>1156</strong></span> <span class='ocrx_word' id='word_1_78' title='bbox 768 1021 1010 1076; x_wconf 89' lang='lat' dir='ltr'><strong>Proinde</strong></span> <span class='ocrx_word' id='word_1_79' title='bbox 1040 1019 1138 1091; x_wconf 86' lang='lat' dir='ltr'><strong>qui</strong></span> <span class='ocrx_word' id='word_1_80' title='bbox 1191 1034 1262 1074; x_wconf 80' lang='lat' dir='ltr'><strong>ex</strong></span> <span class='ocrx_word' id='word_1_81' title='bbox 1320 1020 1608 1084; x_wconf 84' lang='lat' dir='ltr'><strong>compacto</strong></span> <span class='ocrx_word' id='word_1_82' title='bbox 1637 1021 1926 1065; x_wconf 85' lang='lat' dir='ltr'><strong>assensum</strong></span> <span class='ocrx_word' id='word_1_83' title='bbox 1968 1003 2179 1075; x_wconf 65' lang='lat' dir='ltr'><strong>praebet</strong></span> <span class='ocrx_word' id='word_1_84' title='bbox 2215 1002 2356 1061; x_wconf 84' lang='lat' dir='ltr'><strong>istis.</strong></span> <span class='ocrx_word' id='word_1_85' title='bbox 2393 1001 2714 1065; x_wconf 82' lang='lat' dir='ltr'><strong>damnatur,</strong></span> <span class='ocrx_word' id='word_1_86' title='bbox 2779 1013 2846 1052; x_wconf 88' lang='lat' dir='ltr'><strong>ae</strong></span> <span class='ocrx_word' id='word_1_87' title='bbox 2911 999 2959 1052; x_wconf 89' lang='lat' dir='ltr'><strong>si</strong></span> <span class='ocrx_word' id='word_1_88' title='bbox 3014 1001 3288 1066; x_wconf 83' lang='lat' dir='ltr'><strong>operetur</strong></span> <span class='ocrx_word' id='word_1_89' title='bbox 3313 1003 3468 1092; x_wconf 69' lang='lat' dir='ltr'><strong>pec-</strong></span> 
     </span>
    </p>
   </div>
   <div class='ocr_carea' id='block_1_8' title="bbox 168 1080 3469 1178">
    <p class='ocr_par' dir='ltr' id='par_1_8' title="bbox 168 1080 3469 1178">
     <span class='ocr_line' id='line_1_8' title="bbox 168 1080 3469 1178; baseline -0.007 -22"><span class='ocrx_word' id='word_1_90' title='bbox 168 1111 376 1160; x_wconf 87' lang='lat' dir='ltr'><strong>catum.</strong></span> <span class='ocrx_word' id='word_1_91' title='bbox 411 1080 779 1178; x_wconf 53' lang='lat' dir='ltr'><strong>Neque-cnim</strong></span> <span class='ocrx_word' id='word_1_92' title='bbox 819 1129 837 1162; x_wconf 82' lang='grc' dir='ltr'><strong>ι</strong></span> <span class='ocrx_word' id='word_1_93' title='bbox 872 1110 934 1164; x_wconf 91' lang='lat' dir='ltr'><strong>In</strong></span> <span class='ocrx_word' id='word_1_94' title='bbox 996 1080 1324 1164; x_wconf 77' lang='lat' dir='ltr'><strong>malevolam</strong></span> <span class='ocrx_word' id='word_1_95' title='bbox 1369 1080 1610 1160; x_wconf 80' lang='lat' dir='ltr'><strong>animam</strong></span> <span class='ocrx_word' id='word_1_96' title='bbox 1655 1097 1886 1154; x_wconf 84' lang='lat' dir='ltr'><strong>intrabit</strong></span> <span class='ocrx_word' id='word_1_97' title='bbox 1930 1093 2226 1164; x_wconf 88' lang='lat' dir='ltr'><strong>sapientia,</strong></span> <span class='ocrx_word' id='word_1_98' title='bbox 2268 1091 2368 1146; x_wconf 86' lang='lat' dir='ltr'><strong>sed</strong></span> <span class='ocrx_word' id='word_1_99' title='bbox 2426 1105 2528 1146; x_wconf 89' lang='lat' dir='ltr'><strong>nec</strong></span> <span class='ocrx_word' id='word_1_100' title='bbox 2573 1087 2848 1144; x_wconf 89' lang='lat' dir='ltr'><strong>habitabit</strong></span> <span class='ocrx_word' id='word_1_101' title='bbox 2876 1089 2934 1142; x_wconf 90' lang='lat' dir='ltr'><strong>in</strong></span> <span class='ocrx_word' id='word_1_102' title='bbox 2967 1099 3204 1156; x_wconf 86' lang='lat' dir='ltr'><strong>corpore</strong></span> <span class='ocrx_word' id='word_1_103' title='bbox 3243 1080 3469 1138; x_wconf 88' lang='lat' dir='ltr'><strong>subdito</strong></span> 
     </span>
    </p>
   </div>
   <div class='ocr_carea' id='block_1_9' title="bbox 168 1175 3470 1276">
    <p class='ocr_par' dir='ltr' id='par_1_9' title="bbox 168 1175 3470 1276">
     <span class='ocr_line' id='line_1_9' title="bbox 168 1175 3470 1276; baseline -0.008 -22"><span class='ocrx_word' id='word_1_104' title='bbox 168 1203 446 1269; x_wconf 85' lang='lat' dir='ltr'><strong>peccatis:</strong></span> <span class='ocrx_word' id='word_1_105' title='bbox 510 1221 786 1276; x_wconf 58' lang='lat' dir='ltr'><strong>perversa;</strong></span> <span class='ocrx_word' id='word_1_106' title='bbox 828 1207 978 1262; x_wconf 88' lang='lat' dir='ltr'><strong>enim</strong></span> <span class='ocrx_word' id='word_1_107' title='bbox 1028 1205 1396 1276; x_wconf 81' lang='lat' dir='ltr'><strong>cogitationes</strong></span> <span class='ocrx_word' id='word_1_108' title='bbox 1461 1205 1722 1268; x_wconf 85' lang='lat' dir='ltr'><strong>separant</strong></span> <span class='ocrx_word' id='word_1_109' title='bbox 1763 1209 1796 1248; x_wconf 90' lang='lat' dir='ltr'><strong>a</strong></span> <span class='ocrx_word' id='word_1_110' title='bbox 1826 1195 1970 1256; x_wconf 90' lang='lat' dir='ltr'><strong>Deo;</strong></span> <span class='ocrx_word' id='word_1_111' title='bbox 2009 1197 2236 1245; x_wconf 89' lang='lat' dir='ltr'><strong>sanctus</strong></span> <span class='ocrx_word' id='word_1_112' title='bbox 2262 1189 2411 1244; x_wconf 89' lang='lat' dir='ltr'><strong>enim</strong></span> <span class='ocrx_word' id='word_1_113' title='bbox 2466 1186 2709 1256; x_wconf 83' lang='lat' dir='ltr'><strong>Spiritus</strong></span> <span class='ocrx_word' id='word_1_114' title='bbox 2743 1182 3033 1255; x_wconf 74' lang='lat' dir='ltr'><strong>sapientiae</strong></span> <span class='ocrx_word' id='word_1_115' title='bbox 3087 1178 3317 1250; x_wconf 77' lang='lat' dir='ltr'><strong>etl‘ugiet</strong></span> <span class='ocrx_word' id='word_1_116' title='bbox 3374 1175 3470 1228; x_wconf 80' lang='lat' dir='ltr'><strong>lic-</strong></span> 
     </span>
    </p>
   </div>
   <div class='ocr_carea' id='block_1_10' title="bbox 171 1269 3469 1370">
    <p class='ocr_par' dir='ltr' id='par_1_10' title="bbox 171 1269 3469 1370">
     <span class='ocr_line' id='line_1_10' title="bbox 171 1269 3469 1370; baseline -0.007 -22"><span class='ocrx_word' id='word_1_117' title='bbox 171 1300 313 1357; x_wconf 87' lang='lat' dir='ltr'><strong>tum,</strong></span> <span class='ocrx_word' id='word_1_118' title='bbox 343 1303 400 1349; x_wconf 91' lang='lat' dir='ltr'><strong>et</strong></span> <span class='ocrx_word' id='word_1_119' title='bbox 421 1269 716 1352; x_wconf 76' lang='lat' dir='ltr'><strong>subtrahet</strong></span> <span class='ocrx_word' id='word_1_120' title='bbox 736 1313 798 1353; x_wconf 92' lang='lat' dir='ltr'><strong>se</strong></span> <span class='ocrx_word' id='word_1_121' title='bbox 823 1313 854 1353; x_wconf 88' lang='lat' dir='ltr'><strong>a</strong></span> <span class='ocrx_word' id='word_1_122' title='bbox 879 1269 1312 1370; x_wconf 72' lang='lat' dir='ltr'><strong>cogitationibus</strong></span> <span class='ocrx_word' id='word_1_123' title='bbox 1349 1306 1472 1363; x_wconf 76' lang='lat' dir='ltr'><strong>quae</strong></span> <span class='ocrx_word' id='word_1_124' title='bbox 1501 1296 1630 1345; x_wconf 90' lang='lat' dir='ltr'><strong>sunt</strong></span> <span class='ocrx_word' id='word_1_125' title='bbox 1653 1287 1788 1342; x_wconf 71' lang='lat' dir='ltr'><strong>sine</strong></span> <span class='ocrx_word' id='word_1_126' title='bbox 1813 1284 2096 1340; x_wconf 87' lang='lat' dir='ltr'><strong>intellectu</strong></span> <span class='ocrx_word' id='word_1_127' title='bbox 2116 1283 2160 1345; x_wconf 79' lang='grc'>³,</span> <span class='ocrx_word' id='word_1_128' title='bbox 2194 1301 2212 1333; x_wconf 76' lang='grc' dir='ltr'><strong>ι</strong></span> <span class='ocrx_word' id='word_1_129' title='bbox 2243 1281 2402 1352; x_wconf 70' lang='lat' dir='ltr'><strong>juata</strong></span> <span class='ocrx_word' id='word_1_130' title='bbox 2459 1293 2629 1334; x_wconf 74' lang='lat' dir='ltr'><strong>sacra:</strong></span> <span class='ocrx_word' id='word_1_131' title='bbox 2657 1277 2856 1348; x_wconf 76' lang='lat' dir='ltr'><strong>dogma</strong></span> <span class='ocrx_word' id='word_1_132' title='bbox 2904 1275 3226 1344; x_wconf 72' lang='lat' dir='ltr'><strong>Scriptum.</strong></span> <span class='ocrx_word' id='word_1_133' title='bbox 3257 1269 3366 1324; x_wconf 86' lang='lat' dir='ltr'><strong>Sed</strong></span> <span class='ocrx_word' id='word_1_134' title='bbox 3411 1283 3469 1324; x_wconf 79' lang='grc' dir='ltr'>(ι</span> 
     </span>
    </p>
   </div>
   <div class='ocr_carea' id='block_1_11' title="bbox 167 1361 3468 1460">
    <p class='ocr_par' dir='ltr' id='par_1_11' title="bbox 167 1361 3468 1460">
     <span class='ocr_line' id='line_1_11' title="bbox 167 1361 3468 1460; baseline -0.007 -21"><span class='ocrx_word' id='word_1_135' title='bbox 167 1386 442 1444; x_wconf 89' lang='lat' dir='ltr'><strong>Dominus</strong></span> <span class='ocrx_word' id='word_1_136' title='bbox 492 1407 506 1443; x_wconf 92' lang='lat'><strong>:</strong></span> <span class='ocrx_word' id='word_1_137' title='bbox 559 1409 577 1443; x_wconf 78' lang='grc' dir='ltr'><strong>ι</strong></span> <span class='ocrx_word' id='word_1_138' title='bbox 609 1392 689 1447; x_wconf 73' lang='lat' dir='ltr'><strong>Ex</strong></span> <span class='ocrx_word' id='word_1_139' title='bbox 753 1393 922 1448; x_wconf 92' lang='lat' dir='ltr'><strong>corde</strong></span> <span class='ocrx_word' id='word_1_140' title='bbox 948 1361 1184 1447; x_wconf 47' lang='lat' dir='ltr'><strong>vexeunt</strong></span> <span class='ocrx_word' id='word_1_141' title='bbox 1233 1361 1602 1460; x_wconf 77' lang='lat' dir='ltr'><strong>cogitationes</strong></span> <span class='ocrx_word' id='word_1_142' title='bbox 1648 1380 1826 1445; x_wconf 86' lang='lat' dir='ltr'><strong>malae,</strong></span> <span class='ocrx_word' id='word_1_143' title='bbox 1867 1377 2200 1442; x_wconf 78' lang='lat' dir='ltr'><strong>homicidia,</strong></span> <span class='ocrx_word' id='word_1_144' title='bbox 2255 1375 2552 1440; x_wconf 83' lang='lat' dir='ltr'><strong>adulteria,</strong></span> <span class='ocrx_word' id='word_1_145' title='bbox 2601 1369 3046 1432; x_wconf 79' lang='lat' dir='ltr'><strong>fornicationes,</strong></span> <span class='ocrx_word' id='word_1_146' title='bbox 3093 1365 3284 1430; x_wconf 82' lang='lat' dir='ltr'><strong>furta,</strong></span> <span class='ocrx_word' id='word_1_147' title='bbox 3325 1361 3468 1418; x_wconf 78' lang='lat' dir='ltr'><strong>falsa</strong></span> 
     </span>
    </p>
   </div>
   <div class='ocr_carea' id='block_1_12' title="bbox 170 1458 3468 1557">
    <p class='ocr_par' dir='ltr' id='par_1_12' title="bbox 170 1458 3468 1557">
     <span class='ocr_line' id='line_1_12' title="bbox 170 1458 3468 1557; baseline -0.008 -20"><span class='ocrx_word' id='word_1_148' title='bbox 170 1485 517 1550; x_wconf 73' lang='lat' dir='ltr'><strong>teszimonia,</strong></span> <span class='ocrx_word' id='word_1_149' title='bbox 568 1486 1012 1557; x_wconf 61' lang='lat' dir='ltr'><strong>blasphemiae“.</strong></span> <span class='ocrx_word' id='word_1_150' title='bbox 1043 1509 1061 1540; x_wconf 75' lang='grc' dir='ltr'><strong>ι</strong></span> <span class='ocrx_word' id='word_1_151' title='bbox 1110 1458 1398 1557; x_wconf 84' lang='lat' dir='ltr'><strong>Ejusmodi</strong></span> <span class='ocrx_word' id='word_1_152' title='bbox 1452 1487 1585 1534; x_wconf 90' lang='lat' dir='ltr'><strong>sunt</strong></span> <span class='ocrx_word' id='word_1_153' title='bbox 1631 1475 1768 1531; x_wconf 81' lang='lat' dir='ltr'><strong>vitia</strong></span> <span class='ocrx_word' id='word_1_154' title='bbox 1803 1489 1927 1544; x_wconf 64' lang='lat' dir='ltr'><strong>quae</strong></span> <span class='ocrx_word' id='word_1_155' title='bbox 1955 1474 2008 1528; x_wconf 91' lang='lat' dir='ltr'><strong>in</strong></span> <span class='ocrx_word' id='word_1_156' title='bbox 2053 1473 2316 1526; x_wconf 86' lang='lat' dir='ltr'><strong>thesauro</strong></span> <span class='ocrx_word' id='word_1_157' title='bbox 2394 1467 2582 1522; x_wconf 87' lang='lat' dir='ltr'><strong>cordis</strong></span> <span class='ocrx_word' id='word_1_158' title='bbox 2647 1463 2754 1528; x_wconf 90' lang='lat' dir='ltr'><strong>sui,</strong></span> <span class='ocrx_word' id='word_1_159' title='bbox 2785 1471 2845 1518; x_wconf 92' lang='lat' dir='ltr'><strong>ut</strong></span> <span class='ocrx_word' id='word_1_160' title='bbox 2906 1459 3180 1532; x_wconf 87' lang='lat' dir='ltr'><strong>reprobus</strong></span> <span class='ocrx_word' id='word_1_161' title='bbox 3231 1458 3468 1527; x_wconf 84' lang='lat' dir='ltr'><strong>quisque</strong></span> 
     </span>
    </p>
   </div>
   <div class='ocr_carea' id='block_1_13' title="bbox 169 1551 3471 1650">
    <p class='ocr_par' dir='ltr' id='par_1_13' title="bbox 169 1551 3471 1650">
     <span class='ocr_line' id='line_1_13' title="bbox 169 1551 3471 1650; baseline -0.009 -15"><span class='ocrx_word' id='word_1_162' title='bbox 169 1590 283 1646; x_wconf 89' lang='lat' dir='ltr'><strong>est,</strong></span> <span class='ocrx_word' id='word_1_163' title='bbox 312 1579 592 1634; x_wconf 88' lang='lat' dir='ltr'><strong>recondit.</strong></span> <span class='ocrx_word' id='word_1_164' title='bbox 626 1551 796 1650; x_wconf 81' lang='lat' dir='ltr'><strong>Atqui</strong></span> <span class='ocrx_word' id='word_1_165' title='bbox 847 1595 950 1636; x_wconf 89' lang='lat' dir='ltr'><strong>nos</strong></span> <span class='ocrx_word' id='word_1_166' title='bbox 987 1581 1138 1650; x_wconf 90' lang='lat' dir='ltr'><strong>ipsos</strong></span> <span class='ocrx_word' id='word_1_167' title='bbox 1155 1551 1325 1633; x_wconf 32' lang='lat' dir='ltr'><strong>vnullo</strong></span> <span class='ocrx_word' id='word_1_168' title='bbox 1370 1591 1484 1631; x_wconf 86' lang='lat' dir='ltr'><strong>non</strong></span> <span class='ocrx_word' id='word_1_169' title='bbox 1527 1583 1788 1640; x_wconf 80' lang='lat' dir='ltr'><strong>tempore-</strong></span> <span class='ocrx_word' id='word_1_170' title='bbox 1814 1568 2208 1638; x_wconf 84' lang='lat' dir='ltr'><strong>provelvamus</strong></span> <span class='ocrx_word' id='word_1_171' title='bbox 2247 1565 2301 1618; x_wconf 92' lang='lat' dir='ltr'><strong>in</strong></span> <span class='ocrx_word' id='word_1_172' title='bbox 2361 1567 2724 1630; x_wconf 74' lang='lat' dir='ltr'><strong>conspectum</strong></span> <span class='ocrx_word' id='word_1_173' title='bbox 2755 1555 2959 1612; x_wconf 63' lang='lat' dir='ltr'><strong>divina;</strong></span> <span class='ocrx_word' id='word_1_174' title='bbox 2997 1551 3382 1621; x_wconf 80' lang='lat' dir='ltr'><strong>benignitatis,</strong></span> <span class='ocrx_word' id='word_1_175' title='bbox 3407 1564 3471 1604; x_wconf 90' lang='lat' dir='ltr'><strong>ac</strong></span> 
     </span>
    </p>
   </div>
   <div class='ocr_carea' id='block_1_14' title="bbox 168 1643 3468 1743">
    <p class='ocr_par' dir='ltr' id='par_1_14' title="bbox 168 1643 3468 1743">
     <span class='ocr_line' id='line_1_14' title="bbox 168 1643 3468 1743; baseline -0.009 -17"><span class='ocrx_word' id='word_1_176' title='bbox 168 1672 568 1743; x_wconf 83' lang='lat' dir='ltr'><strong>projiciamus,</strong></span> <span class='ocrx_word' id='word_1_177' title='bbox 597 1643 958 1728; x_wconf 77' lang='lat' dir='ltr'><strong>obsecrantes</strong></span> <span class='ocrx_word' id='word_1_178' title='bbox 996 1643 1315 1737; x_wconf 82' lang='lat' dir='ltr'><strong>Dominum,</strong></span> <span class='ocrx_word' id='word_1_179' title='bbox 1372 1665 1540 1724; x_wconf 88' lang='lat' dir='ltr'><strong>corda</strong></span> <span class='ocrx_word' id='word_1_180' title='bbox 1600 1660 1885 1717; x_wconf 64' lang='lat' dir='ltr'><strong>nostra’ut</strong></span> <span class='ocrx_word' id='word_1_181' title='bbox 1913 1659 2121 1728; x_wconf 78' lang='lat' dir='ltr'><strong>expiet,</strong></span> <span class='ocrx_word' id='word_1_182' title='bbox 2156 1655 2237 1711; x_wconf 86' lang='lat' dir='ltr'><strong>sic</strong></span> <span class='ocrx_word' id='word_1_183' title='bbox 2288 1661 2348 1708; x_wconf 91' lang='lat' dir='ltr'><strong>ut</strong></span> <span class='ocrx_word' id='word_1_184' title='bbox 2379 1653 2531 1724; x_wconf 76' lang='lat' dir='ltr'><strong>digni</strong></span> <span class='ocrx_word' id='word_1_185' title='bbox 2565 1650 2872 1706; x_wconf 73' lang='lat' dir='ltr'><strong>habeantur</strong></span> <span class='ocrx_word' id='word_1_186' title='bbox 2901 1646 2998 1718; x_wconf 90' lang='lat' dir='ltr'><strong>qui</strong></span> <span class='ocrx_word' id='word_1_187' title='bbox 3055 1644 3135 1699; x_wconf 88' lang='lat' dir='ltr'><strong>illi</strong></span> <span class='ocrx_word' id='word_1_188' title='bbox 3169 1643 3468 1698; x_wconf 84' lang='lat' dir='ltr'><strong>oﬁ&#39;eramus</strong></span> 
     </span>
    </p>
   </div>
   <div class='ocr_carea' id='block_1_15' title="bbox 171 1737 3470 1839">
    <p class='ocr_par' dir='ltr' id='par_1_15' title="bbox 171 1737 3470 1839">
     <span class='ocr_line' id='line_1_15' title="bbox 171 1737 3470 1839; baseline -0.01 -17"><span class='ocrx_word' id='word_1_189' title='bbox 171 1768 324 1824; x_wconf 80' lang='lat' dir='ltr'><strong>dona</strong></span> <span class='ocrx_word' id='word_1_190' title='bbox 348 1769 406 1824; x_wconf 90' lang='lat' dir='ltr'><strong>in</strong></span> <span class='ocrx_word' id='word_1_191' title='bbox 428 1769 778 1839; x_wconf 88' lang='lat' dir='ltr'><strong>spiritualem</strong></span> <span class='ocrx_word' id='word_1_192' title='bbox 807 1771 958 1824; x_wconf 82' lang='lat' dir='ltr'><strong>illam</strong></span> <span class='ocrx_word' id='word_1_193' title='bbox 991 1766 1416 1825; x_wconf 85' lang='lat' dir='ltr'><strong>transcribenda</strong></span> <span class='ocrx_word' id='word_1_194' title='bbox 1466 1759 1796 1821; x_wconf 73' lang='lat' dir='ltr'><strong>Jerusalem,</strong></span> <span class='ocrx_word' id='word_1_195' title='bbox 1835 1763 1894 1809; x_wconf 83' lang='lat' dir='ltr'><strong>et</strong></span> <span class='ocrx_word' id='word_1_196' title='bbox 1948 1753 2017 1807; x_wconf 91' lang='lat' dir='ltr'><strong>ab</strong></span> <span class='ocrx_word' id='word_1_197' title='bbox 2063 1752 2184 1822; x_wconf 90' lang='lat' dir='ltr'><strong>ipso</strong></span> <span class='ocrx_word' id='word_1_198' title='bbox 2215 1750 2542 1806; x_wconf 84' lang='lat' dir='ltr'><strong>audiamus:</strong></span> <span class='ocrx_word' id='word_1_199' title='bbox 2587 1765 2605 1798; x_wconf 78' lang='grc' dir='ltr'><strong>ι</strong></span> <span class='ocrx_word' id='word_1_200' title='bbox 2638 1746 2824 1801; x_wconf 86' lang='lat' dir='ltr'><strong>Bonus</strong></span> <span class='ocrx_word' id='word_1_201' title='bbox 2871 1743 3040 1798; x_wconf 92' lang='lat' dir='ltr'><strong>homo</strong></span> <span class='ocrx_word' id='word_1_202' title='bbox 3081 1741 3150 1795; x_wconf 91' lang='lat' dir='ltr'><strong>de</strong></span> <span class='ocrx_word' id='word_1_203' title='bbox 3193 1737 3470 1792; x_wconf 73' lang='lat' dir='ltr'><strong>thesauro</strong></span> 
     </span>
    </p>
   </div>
   <div class='ocr_carea' id='block_1_16' title="bbox 169 1844 2406 1933">
    <p class='ocr_par' dir='ltr' id='par_1_16' title="bbox 169 1844 2406 1933">
     <span class='ocr_line' id='line_1_16' title="bbox 169 1844 2406 1933; baseline -0.002 -17"><span class='ocrx_word' id='word_1_204' title='bbox 169 1859 366 1918; x_wconf 88' lang='lat' dir='ltr'><strong>cordis</strong></span> <span class='ocrx_word' id='word_1_205' title='bbox 389 1863 477 1918; x_wconf 89' lang='lat' dir='ltr'><strong>sui</strong></span> <span class='ocrx_word' id='word_1_206' title='bbox 501 1862 715 1933; x_wconf 70' lang='lat' dir='ltr'><strong>profert</strong></span> <span class='ocrx_word' id='word_1_207' title='bbox 747 1863 928 1920; x_wconf 89' lang='lat' dir='ltr'><strong>bonos</strong></span> <span class='ocrx_word' id='word_1_208' title='bbox 969 1862 1185 1918; x_wconf 79' lang='lat' dir='ltr'><strong>[ructus</strong></span> <span class='ocrx_word' id='word_1_209' title='bbox 1223 1859 1394 1917; x_wconf 72' lang='lat' dir='ltr'><strong>Deo”.</strong></span> <span class='ocrx_word' id='word_1_210' title='bbox 1435 1877 1454 1910; x_wconf 72' lang='grc' dir='ltr'><strong>ι</strong></span> <span class='ocrx_word' id='word_1_211' title='bbox 1491 1853 1603 1926; x_wconf 85' lang='lat' dir='ltr'><strong>Ipsi</strong></span> <span class='ocrx_word' id='word_1_212' title='bbox 1653 1849 1833 1923; x_wconf 75' lang='lat' dir='ltr'><strong>gloria</strong></span> <span class='ocrx_word' id='word_1_213' title='bbox 1867 1846 1922 1900; x_wconf 73' lang='lat' dir='ltr'><strong>in</strong></span> <span class='ocrx_word' id='word_1_214' title='bbox 1953 1846 2172 1901; x_wconf 63' lang='grc' dir='ltr'><strong>εξεουιει-</strong></span> <span class='ocrx_word' id='word_1_215' title='bbox 2203 1844 2406 1898; x_wconf 53' lang='lat' dir='ltr'><strong>Aule&quot;.</strong></span> 
     </span>
    </p>
   </div>
   <div class='ocr_carea' id='block_1_17' title="bbox 783 1980 1163 2040">
    <p class='ocr_par' dir='ltr' id='par_1_17' title="bbox 783 1980 1163 2040">
     <span class='ocr_line' id='line_1_17' title="bbox 783 1980 1163 2040; baseline -0.013 0"><span class='ocrx_word' id='word_1_216' title='bbox 783 1981 1004 2040; x_wconf 81' lang='grc' dir='ltr'><strong>ΛΟΓΟΣ</strong></span> <span class='ocrx_word' id='word_1_217' title='bbox 1035 1980 1163 2036; x_wconf 80' lang='lat' dir='ltr'><strong>HB&#39;.</strong></span> 
     </span>
    </p>
   </div>
   <div class='ocr_carea' id='block_1_18' title="bbox 745 2091 1222 2162">
    <p class='ocr_par' dir='ltr' id='par_1_18' title="bbox 745 2091 1222 2162">
     <span class='ocr_line' id='line_1_18' title="bbox 745 2091 1222 2162; baseline 0 -16"><span class='ocrx_word' id='word_1_218' title='bbox 745 2091 889 2162; x_wconf 81' lang='grc' dir='ltr'><strong>Περὶ</strong></span> <span class='ocrx_word' id='word_1_219' title='bbox 925 2091 1222 2160; x_wconf 78' lang='grc' dir='ltr'><strong>παιδείας.</strong></span> 
     </span>
    </p>
   </div>
   <div class='ocr_carea' id='block_1_19' title="bbox 245 2197 1767 2275">
    <p class='ocr_par' dir='ltr' id='par_1_19' title="bbox 245 2197 1767 2275">
     <span class='ocr_line' id='line_1_19' title="bbox 245 2197 1767 2275; baseline -0.003 -18"><span class='ocrx_word' id='word_1_220' title='bbox 245 2205 404 2275; x_wconf 79' lang='grc' dir='ltr'>Καλή</span> <span class='ocrx_word' id='word_1_221' title='bbox 431 2205 578 2258; x_wconf 71' lang='grc' dir='ltr'>ἐστιν</span> <span class='ocrx_word' id='word_1_222' title='bbox 609 2204 642 2274; x_wconf 84' lang='grc' dir='ltr'>ἡ</span> <span class='ocrx_word' id='word_1_223' title='bbox 671 2201 890 2257; x_wconf 81' lang='grc' dir='ltr'>παιδεία</span> <span class='ocrx_word' id='word_1_224' title='bbox 919 2201 1066 2257; x_wconf 80' lang='grc' dir='ltr'>κατὰ</span> <span class='ocrx_word' id='word_1_225' title='bbox 1089 2203 1271 2256; x_wconf 81' lang='grc' dir='ltr'>πᾶσαν</span> <span class='ocrx_word' id='word_1_226' title='bbox 1297 2199 1499 2265; x_wconf 79' lang='grc' dir='ltr'>αἰτίαν,</span> <span class='ocrx_word' id='word_1_227' title='bbox 1532 2197 1767 2270; x_wconf 79' lang='grc' dir='ltr'>μάλιστα</span> 
     </span>
    </p>
   </div>
   <div class='ocr_carea' id='block_1_20' title="bbox 167 2293 1767 2366">
    <p class='ocr_par' dir='ltr' id='par_1_20' title="bbox 167 2293 1767 2366">
     <span class='ocr_line' id='line_1_20' title="bbox 167 2293 1767 2366; baseline -0.003 -16"><span class='ocrx_word' id='word_1_228' title='bbox 167 2295 231 2350; x_wconf 78' lang='grc' dir='ltr'><strong>δὲ</strong></span> <span class='ocrx_word' id='word_1_229' title='bbox 263 2298 407 2350; x_wconf 70' lang='grc' dir='ltr'>κατὰ</span> <span class='ocrx_word' id='word_1_230' title='bbox 439 2296 593 2350; x_wconf 81' lang='grc' dir='ltr'>Θεὸν.</span> <span class='ocrx_word' id='word_1_231' title='bbox 627 2296 734 2348; x_wconf 85' lang='grc' dir='ltr'>Τὸν</span> <span class='ocrx_word' id='word_1_232' title='bbox 762 2296 828 2348; x_wconf 81' lang='grc' dir='ltr'>ἐκ</span> <span class='ocrx_word' id='word_1_233' title='bbox 857 2295 1059 2366; x_wconf 83' lang='grc' dir='ltr'>νεαρᾶς</span> <span class='ocrx_word' id='word_1_234' title='bbox 1087 2293 1198 2366; x_wconf 76' lang='grc' dir='ltr'><strong>γὰρ</strong></span> <span class='ocrx_word' id='word_1_235' title='bbox 1229 2293 1450 2366; x_wconf 81' lang='grc' dir='ltr'>ἡλικίας</span> <span class='ocrx_word' id='word_1_236' title='bbox 1476 2293 1767 2363; x_wconf 60' lang='lat' dir='ltr'><strong>6x2912030-</strong></span> 
     </span>
    </p>
   </div>
   <div class='ocr_carea' id='block_1_21' title="bbox 170 2386 1769 2460">
    <p class='ocr_par' dir='ltr' id='par_1_21' title="bbox 170 2386 1769 2460">
     <span class='ocr_line' id='line_1_21' title="bbox 170 2386 1769 2460; baseline -0.003 -17"><span class='ocrx_word' id='word_1_237' title='bbox 170 2389 407 2459; x_wconf 79' lang='grc' dir='ltr'>φοῦντα,</span> <span class='ocrx_word' id='word_1_238' title='bbox 445 2389 540 2442; x_wconf 79' lang='grc' dir='ltr'><strong>καὶ</strong></span> <span class='ocrx_word' id='word_1_239' title='bbox 580 2388 974 2458; x_wconf 66' lang='grc' dir='ltr'><strong>παιδευόμενον</strong></span> <span class='ocrx_word' id='word_1_240' title='bbox 1003 2388 1221 2460; x_wconf 76' lang='grc' dir='ltr'>παιδείᾳ</span> <span class='ocrx_word' id='word_1_241' title='bbox 1240 2387 1336 2442; x_wconf 73' lang='grc' dir='ltr'><strong>καὶ</strong></span> <span class='ocrx_word' id='word_1_242' title='bbox 1365 2386 1622 2456; x_wconf 68' lang='grc' dir='ltr'>νουθεσίᾳ.</span> <span class='ocrx_word' id='word_1_243' title='bbox 1654 2387 1769 2440; x_wconf 82' lang='grc' dir='ltr'><strong>Κυ-</strong></span> 
     </span>
    </p>
   </div>
   <div class='ocr_carea' id='block_1_22' title="bbox 173 2479 1765 2555">
    <p class='ocr_par' dir='ltr' id='par_1_22' title="bbox 173 2479 1765 2555">
     <span class='ocr_line' id='line_1_22' title="bbox 173 2479 1765 2555; baseline -0.003 -21"><span class='ocrx_word' id='word_1_244' title='bbox 173 2481 320 2555; x_wconf 82' lang='grc' dir='ltr'>ρίου,</span> <span class='ocrx_word' id='word_1_245' title='bbox 345 2481 450 2544; x_wconf 74' lang='grc' dir='ltr'>ἕως</span> <span class='ocrx_word' id='word_1_246' title='bbox 484 2481 712 2552; x_wconf 85' lang='grc' dir='ltr'>γήρους,</span> <span class='ocrx_word' id='word_1_247' title='bbox 747 2482 844 2535; x_wconf 76' lang='grc' dir='ltr'><strong>καὶ</strong></span> <span class='ocrx_word' id='word_1_248' title='bbox 877 2480 1194 2552; x_wconf 75' lang='grc' dir='ltr'>πρεσϐείου,</span> <span class='ocrx_word' id='word_1_249' title='bbox 1219 2479 1282 2534; x_wconf 81' lang='grc' dir='ltr'><strong>ού</strong></span> <span class='ocrx_word' id='word_1_250' title='bbox 1308 2481 1383 2552; x_wconf 83' lang='grc' dir='ltr'><strong>μὴ</strong></span> <span class='ocrx_word' id='word_1_251' title='bbox 1416 2479 1765 2552; x_wconf 75' lang='grc' dir='ltr'><strong>ἐγκαταλίπῃ</strong></span> 
     </span>
    </p>
   </div>
   <div class='ocr_carea' id='block_1_23' title="bbox 173 2573 1766 2654">
    <p class='ocr_par' dir='ltr' id='par_1_23' title="bbox 173 2573 1766 2654">
     <span class='ocr_line' id='line_1_23' title="bbox 173 2573 1766 2654; baseline 0.001 -27"><span class='ocrx_word' id='word_1_252' title='bbox 173 2575 203 2627; x_wconf 91' lang='lat'><strong>6</strong></span> <span class='ocrx_word' id='word_1_253' title='bbox 235 2573 392 2638; x_wconf 85' lang='grc' dir='ltr'>Θεός.</span> <span class='ocrx_word' id='word_1_254' title='bbox 433 2575 508 2628; x_wconf 85' lang='grc' dir='ltr'><strong>Οὺ</strong></span> <span class='ocrx_word' id='word_1_255' title='bbox 552 2574 661 2646; x_wconf 79' lang='grc' dir='ltr'><strong>γὰρ</strong></span> <span class='ocrx_word' id='word_1_256' title='bbox 691 2575 874 2654; x_wconf 81' lang='grc' dir='ltr'>ἄδικος</span> <span class='ocrx_word' id='word_1_257' title='bbox 914 2576 942 2628; x_wconf 97' lang='lat'><strong>6</strong></span> <span class='ocrx_word' id='word_1_258' title='bbox 965 2575 1097 2640; x_wconf 82' lang='grc' dir='ltr'>Θεὸς</span> <span class='ocrx_word' id='word_1_259' title='bbox 1122 2575 1476 2631; x_wconf 80' lang='grc' dir='ltr'>ἐπιλαθέσθαι</span> <span class='ocrx_word' id='word_1_260' title='bbox 1506 2576 1608 2646; x_wconf 76' lang='grc' dir='ltr'><strong>τῆς</strong></span> <span class='ocrx_word' id='word_1_261' title='bbox 1637 2592 1766 2629; x_wconf 85' lang='grc' dir='ltr'>παι-</span> 
     </span>
    </p>
   </div>
   <div class='ocr_carea' id='block_1_24' title="bbox 170 2664 1768 2736">
    <p class='ocr_par' dir='ltr' id='par_1_24' title="bbox 170 2664 1768 2736">
     <span class='ocr_line' id='line_1_24' title="bbox 170 2664 1768 2736; baseline 0 -18"><span class='ocrx_word' id='word_1_262' title='bbox 170 2665 349 2729; x_wconf 72' lang='grc' dir='ltr'>δείας,</span> <span class='ocrx_word' id='word_1_263' title='bbox 382 2665 476 2718; x_wconf 75' lang='grc' dir='ltr'>καὶ</span> <span class='ocrx_word' id='word_1_264' title='bbox 502 2664 598 2718; x_wconf 77' lang='grc' dir='ltr'><strong>τοῦ</strong></span> <span class='ocrx_word' id='word_1_265' title='bbox 636 2665 807 2718; x_wconf 80' lang='grc' dir='ltr'><strong>κόπου</strong></span> <span class='ocrx_word' id='word_1_266' title='bbox 839 2664 946 2719; x_wconf 77' lang='grc' dir='ltr'><strong>τῶν</strong></span> <span class='ocrx_word' id='word_1_267' title='bbox 977 2665 1064 2719; x_wconf 77' lang='grc' dir='ltr'>διὰ</span> <span class='ocrx_word' id='word_1_268' title='bbox 1089 2665 1151 2719; x_wconf 82' lang='grc' dir='ltr'>τὸ</span> <span class='ocrx_word' id='word_1_269' title='bbox 1174 2665 1346 2736; x_wconf 82' lang='grc' dir='ltr'>ὄνομα</span> <span class='ocrx_word' id='word_1_270' title='bbox 1371 2666 1536 2720; x_wconf 66' lang='grc' dir='ltr'>αὑτοῦ</span> <span class='ocrx_word' id='word_1_271' title='bbox 1555 2667 1768 2736; x_wconf 74' lang='grc' dir='ltr'>ὑπομε-</span> 
     </span>
    </p>
   </div>
   <div class='ocr_carea' id='block_1_25' title="bbox 167 2756 1767 2828">
    <p class='ocr_par' dir='ltr' id='par_1_25' title="bbox 167 2756 1767 2828">
     <span class='ocr_line' id='line_1_25' title="bbox 167 2756 1767 2828; baseline 0 -14"><span class='ocrx_word' id='word_1_272' title='bbox 167 2756 400 2814; x_wconf 81' lang='grc' dir='ltr'>νόντων.</span> <span class='ocrx_word' id='word_1_273' title='bbox 457 2757 522 2810; x_wconf 83' lang='grc' dir='ltr'><strong>ἸΙ</strong></span> <span class='ocrx_word' id='word_1_274' title='bbox 571 2757 683 2828; x_wconf 76' lang='grc' dir='ltr'><strong>γὰρ</strong></span> <span class='ocrx_word' id='word_1_275' title='bbox 739 2759 883 2811; x_wconf 83' lang='grc' dir='ltr'>κατὰ</span> <span class='ocrx_word' id='word_1_276' title='bbox 933 2757 1068 2812; x_wconf 86' lang='grc' dir='ltr'>Θεὸν</span> <span class='ocrx_word' id='word_1_277' title='bbox 1121 2758 1342 2812; x_wconf 77' lang='grc' dir='ltr'>παιδεία</span> <span class='ocrx_word' id='word_1_278' title='bbox 1387 2760 1477 2812; x_wconf 78' lang='grc' dir='ltr'>ἐπ’</span> <span class='ocrx_word' id='word_1_279' title='bbox 1520 2761 1767 2828; x_wconf 82' lang='grc' dir='ltr'>ἐσχάτων</span> 
     </span>
    </p>
   </div>
   <div class='ocr_carea' id='block_1_26' title="bbox 169 2852 1768 2924">
    <p class='ocr_par' dir='ltr' id='par_1_26' title="bbox 169 2852 1768 2924">
     <span class='ocr_line' id='line_1_26' title="bbox 169 2852 1768 2924; baseline 0.003 -20"><span class='ocrx_word' id='word_1_280' title='bbox 169 2852 730 2924; x_wconf 78' lang='grc' dir='ltr'>παρῤησιασῦήσεται</span> <span class='ocrx_word' id='word_1_281' title='bbox 761 2854 817 2905; x_wconf 78' lang='grc' dir='ltr'><strong>ἐν</strong></span> <span class='ocrx_word' id='word_1_282' title='bbox 837 2853 1006 2923; x_wconf 78' lang='grc' dir='ltr'>πολλῇ</span> <span class='ocrx_word' id='word_1_283' title='bbox 1030 2853 1233 2906; x_wconf 76' lang='grc' dir='ltr'>ἀνέσει·</span> <span class='ocrx_word' id='word_1_284' title='bbox 1260 2853 1376 2922; x_wconf 83' lang='grc' dir='ltr'>εἴγε</span> <span class='ocrx_word' id='word_1_285' title='bbox 1409 2855 1506 2907; x_wconf 70' lang='grc' dir='ltr'>καὶ</span> <span class='ocrx_word' id='word_1_286' title='bbox 1530 2855 1599 2908; x_wconf 82' lang='grc' dir='ltr'><strong>τὰ</strong></span> <span class='ocrx_word' id='word_1_287' title='bbox 1625 2854 1768 2908; x_wconf 62' lang='grc' dir='ltr'><strong>καὶᾶ</strong></span> 
     </span>
    </p>
   </div>
   <div class='ocr_carea' id='block_1_27' title="bbox 167 2943 1768 3016">
    <p class='ocr_par' dir='ltr' id='par_1_27' title="bbox 167 2943 1768 3016">
     <span class='ocr_line' id='line_1_27' title="bbox 167 2943 1768 3016; baseline -0.004 -18"><span class='ocrx_word' id='word_1_288' title='bbox 167 2945 234 3010; x_wconf 72' lang='grc' dir='ltr'><strong>ἐξ</strong></span> <span class='ocrx_word' id='word_1_289' title='bbox 267 2944 428 3014; x_wconf 79' lang='grc' dir='ltr'><strong>ἡμῶν</strong></span> <span class='ocrx_word' id='word_1_290' title='bbox 460 2944 725 3007; x_wconf 77' lang='grc' dir='ltr'><strong>πολλάκις</strong></span> <span class='ocrx_word' id='word_1_291' title='bbox 775 2944 1096 3014; x_wconf 81' lang='grc' dir='ltr'>ἀφαιρεῖται</span> <span class='ocrx_word' id='word_1_292' title='bbox 1156 2944 1384 3016; x_wconf 75' lang='grc' dir='ltr'>Κύριος,</span> <span class='ocrx_word' id='word_1_293' title='bbox 1435 2943 1624 3016; x_wconf 77' lang='grc' dir='ltr'>ὥσπερ</span> <span class='ocrx_word' id='word_1_294' title='bbox 1677 2947 1768 3001; x_wconf 76' lang='grc' dir='ltr'>τὸν</span> 
     </span>
    </p>
   </div>
   <div class='ocr_carea' id='block_1_28' title="bbox 167 3034 1768 3110">
    <p class='ocr_par' dir='ltr' id='par_1_28' title="bbox 167 3034 1768 3110">
     <span class='ocr_line' id='line_1_28' title="bbox 167 3034 1768 3110; baseline 0.004 -22"><span class='ocrx_word' id='word_1_295' title='bbox 167 3035 408 3090; x_wconf 76' lang='grc' dir='ltr'>πλοῦτον</span> <span class='ocrx_word' id='word_1_296' title='bbox 460 3035 557 3090; x_wconf 84' lang='grc' dir='ltr'>τοῦ</span> <span class='ocrx_word' id='word_1_297' title='bbox 615 3035 760 3090; x_wconf 72' lang='grc' dir='ltr'><strong>Ἰώϐο</strong></span> <span class='ocrx_word' id='word_1_298' title='bbox 803 3054 821 3088; x_wconf 81' lang='grc' dir='ltr'><strong>ι</strong></span> <span class='ocrx_word' id='word_1_299' title='bbox 877 3034 1084 3108; x_wconf 77' lang='grc' dir='ltr'>Κύριος</span> <span class='ocrx_word' id='word_1_300' title='bbox 1131 3037 1240 3108; x_wconf 78' lang='grc' dir='ltr'>γὰρ</span> <span class='ocrx_word' id='word_1_301' title='bbox 1293 3037 1528 3102; x_wconf 80' lang='grc' dir='ltr'>ἔδωκεν,</span> <span class='ocrx_word' id='word_1_302' title='bbox 1566 3041 1768 3110; x_wconf 73' lang='grc' dir='ltr'>Κύριος</span> 
     </span>
    </p>
   </div>
   <div class='ocr_carea' id='block_1_29' title="bbox 170 3127 1767 3203">
    <p class='ocr_par' dir='ltr' id='par_1_29' title="bbox 170 3127 1767 3203">
     <span class='ocr_line' id='line_1_29' title="bbox 170 3127 1767 3203; baseline 0.003 -22"><span class='ocrx_word' id='word_1_303' title='bbox 170 3127 458 3198; x_wconf 70' lang='grc' dir='ltr'>ἀφείλατο.</span> <span class='ocrx_word' id='word_1_304' title='bbox 499 3146 518 3180; x_wconf 73' lang='grc' dir='ltr'><strong>ι</strong></span> <span class='ocrx_word' id='word_1_305' title='bbox 555 3127 782 3192; x_wconf 85' lang='grc' dir='ltr'><strong>Πάντως</strong></span> <span class='ocrx_word' id='word_1_306' title='bbox 835 3144 940 3181; x_wconf 84' lang='grc' dir='ltr'><strong>που</strong></span> <span class='ocrx_word' id='word_1_307' title='bbox 999 3129 1095 3180; x_wconf 70' lang='grc' dir='ltr'>καὶ</span> <span class='ocrx_word' id='word_1_308' title='bbox 1149 3129 1222 3181; x_wconf 71' lang='grc' dir='ltr'><strong>τὰ</strong></span> <span class='ocrx_word' id='word_1_309' title='bbox 1263 3129 1407 3182; x_wconf 64' lang='grc' dir='ltr'>κακὲ</span> <span class='ocrx_word' id='word_1_310' title='bbox 1455 3131 1600 3202; x_wconf 75' lang='grc' dir='ltr'>ἅπερ</span> <span class='ocrx_word' id='word_1_311' title='bbox 1635 3135 1767 3203; x_wconf 75' lang='grc' dir='ltr'>ἡμῖν</span> 
     </span>
    </p>
   </div>
   <div class='ocr_carea' id='block_1_30' title="bbox 170 3219 1767 3296">
    <p class='ocr_par' dir='ltr' id='par_1_30' title="bbox 170 3219 1767 3296">
     <span class='ocr_line' id='line_1_30' title="bbox 170 3219 1767 3296; baseline 0.006 -24"><span class='ocrx_word' id='word_1_312' title='bbox 170 3221 462 3290; x_wconf 80' lang='grc' dir='ltr'><strong>ἐπήγαγεν</strong></span> <span class='ocrx_word' id='word_1_313' title='bbox 493 3222 521 3274; x_wconf 91' lang='lat'><strong>6</strong></span> <span class='ocrx_word' id='word_1_314' title='bbox 549 3219 790 3285; x_wconf 80' lang='grc' dir='ltr'>αἰώνιος,</span> <span class='ocrx_word' id='word_1_315' title='bbox 815 3224 879 3276; x_wconf 78' lang='grc' dir='ltr'>ἐκ</span> <span class='ocrx_word' id='word_1_316' title='bbox 905 3223 1087 3294; x_wconf 78' lang='grc' dir='ltr'>χειρὸς</span> <span class='ocrx_word' id='word_1_317' title='bbox 1115 3223 1270 3294; x_wconf 80' lang='grc' dir='ltr'>ἡμῶν</span> <span class='ocrx_word' id='word_1_318' title='bbox 1291 3225 1546 3296; x_wconf 60' lang='grc' dir='ltr'>λήψεται·</span> <span class='ocrx_word' id='word_1_319' title='bbox 1571 3249 1588 3278; x_wconf 76' lang='grc' dir='ltr'><strong>ι</strong></span> <span class='ocrx_word' id='word_1_320' title='bbox 1615 3231 1767 3296; x_wconf 77' lang='grc' dir='ltr'>Ἀγα-</span> 
     </span>
    </p>
   </div>
   <div class='ocr_carea' id='block_1_31' title="bbox 171 3311 1847 3388">
    <p class='ocr_par' dir='ltr' id='par_1_31' title="bbox 171 3311 1847 3388">
     <span class='ocr_line' id='line_1_31' title="bbox 171 3311 1847 3388; baseline 0.006 -22"><span class='ocrx_word' id='word_1_321' title='bbox 171 3311 246 3366; x_wconf 65' lang='grc' dir='ltr'><strong>θὰ</strong></span> <span class='ocrx_word' id='word_1_322' title='bbox 275 3312 386 3384; x_wconf 81' lang='grc' dir='ltr'>γὰρ</span> <span class='ocrx_word' id='word_1_323' title='bbox 413 3314 508 3367; x_wconf 77' lang='grc' dir='ltr'>καὶ</span> <span class='ocrx_word' id='word_1_324' title='bbox 539 3314 687 3367; x_wconf 74' lang='grc' dir='ltr'>κακὰ</span> <span class='ocrx_word' id='word_1_325' title='bbox 719 3318 871 3386; x_wconf 68' lang='grc' dir='ltr'>παρὰ</span> <span class='ocrx_word' id='word_1_326' title='bbox 892 3316 1100 3386; x_wconf 62' lang='grc' dir='ltr'>Κυίίου</span> <span class='ocrx_word' id='word_1_327' title='bbox 1123 3357 1135 3378; x_wconf 91' lang='grc'><strong>,</strong></span> <span class='ocrx_word' id='word_1_328' title='bbox 1175 3336 1193 3367; x_wconf 76' lang='grc' dir='ltr'><strong>ι</strong></span> <span class='ocrx_word' id='word_1_329' title='bbox 1259 3320 1445 3388; x_wconf 73' lang='grc' dir='ltr'>φησίν.</span> <span class='ocrx_word' id='word_1_330' title='bbox 1480 3321 1587 3373; x_wconf 72' lang='grc' dir='ltr'><strong>Καὶ</strong></span> <span class='ocrx_word' id='word_1_331' title='bbox 1621 3323 1648 3374; x_wconf 93' lang='lat'><strong>6</strong></span> <span class='ocrx_word' id='word_1_332' title='bbox 1676 3327 1772 3376; x_wconf 78' lang='grc' dir='ltr'><strong>ὲπ-</strong></span> <span class='ocrx_word' id='word_1_333' title='bbox 1806 3331 1847 3385; x_wconf 86' lang='grc' dir='ltr'><strong>Β</strong></span> 
     </span>
    </p>
   </div>
   <div class='ocr_carea' id='block_1_32' title="bbox 170 3405 1771 3481">
    <p class='ocr_par' dir='ltr' id='par_1_32' title="bbox 170 3405 1771 3481">
     <span class='ocr_line' id='line_1_32' title="bbox 170 3405 1771 3481; baseline 0.004 -21"><span class='ocrx_word' id='word_1_334' title='bbox 170 3405 405 3475; x_wconf 81' lang='grc' dir='ltr'>αγαγὼν</span> <span class='ocrx_word' id='word_1_335' title='bbox 426 3407 560 3475; x_wconf 81' lang='grc' dir='ltr'><strong>ἡμῖν</strong></span> <span class='ocrx_word' id='word_1_336' title='bbox 585 3405 656 3458; x_wconf 75' lang='grc' dir='ltr'>τὰ</span> <span class='ocrx_word' id='word_1_337' title='bbox 673 3405 1021 3474; x_wconf 74' lang='grc' dir='ltr'>κακὰ,αύτὺς</span> <span class='ocrx_word' id='word_1_338' title='bbox 1051 3408 1241 3474; x_wconf 73' lang='grc' dir='ltr'>ἐπάξει</span> <span class='ocrx_word' id='word_1_339' title='bbox 1267 3411 1398 3478; x_wconf 81' lang='grc' dir='ltr'>ἡμῖν</span> <span class='ocrx_word' id='word_1_340' title='bbox 1426 3409 1524 3481; x_wconf 75' lang='grc' dir='ltr'><strong>τὴν</strong></span> <span class='ocrx_word' id='word_1_341' title='bbox 1553 3411 1771 3466; x_wconf 77' lang='grc' dir='ltr'>αἰώνιον</span> 
     </span>
    </p>
   </div>
   <div class='ocr_carea' id='block_1_33' title="bbox 173 3497 1772 3571">
    <p class='ocr_par' dir='ltr' id='par_1_33' title="bbox 173 3497 1772 3571">
     <span class='ocr_line' id='line_1_33' title="bbox 173 3497 1772 3571; baseline 0.003 -19"><span class='ocrx_word' id='word_1_342' title='bbox 173 3497 551 3569; x_wconf 61' lang='grc' dir='ltr'>εὐφροσύνην.</span> <span class='ocrx_word' id='word_1_343' title='bbox 588 3497 800 3553; x_wconf 75' lang='grc' dir='ltr'>Οὐκοῦν</span> <span class='ocrx_word' id='word_1_344' title='bbox 848 3499 1126 3568; x_wconf 70' lang='grc' dir='ltr'>ὀφειλέται</span> <span class='ocrx_word' id='word_1_345' title='bbox 1178 3502 1346 3571; x_wconf 80' lang='grc' dir='ltr'>ἐσμὲν</span> <span class='ocrx_word' id='word_1_346' title='bbox 1379 3502 1478 3564; x_wconf 81' lang='grc' dir='ltr'>τΞις</span> <span class='ocrx_word' id='word_1_347' title='bbox 1513 3504 1572 3556; x_wconf 79' lang='grc' dir='ltr'><strong>ἐν</strong></span> <span class='ocrx_word' id='word_1_348' title='bbox 1607 3503 1772 3557; x_wconf 74' lang='grc' dir='ltr'>παντὶ</span> 
     </span>
    </p>
   </div>
   <div class='ocr_carea' id='block_1_34' title="bbox 175 3589 1774 3664">
    <p class='ocr_par' dir='ltr' id='par_1_34' title="bbox 175 3589 1774 3664">
     <span class='ocr_line' id='line_1_34' title="bbox 175 3589 1774 3664; baseline 0.003 -20"><span class='ocrx_word' id='word_1_349' title='bbox 175 3590 439 3652; x_wconf 76' lang='grc' dir='ltr'>παιδείας</span> <span class='ocrx_word' id='word_1_350' title='bbox 469 3589 810 3661; x_wconf 81' lang='grc' dir='ltr'>εὐχαρίστως</span> <span class='ocrx_word' id='word_1_351' title='bbox 839 3589 1118 3654; x_wconf 75' lang='grc' dir='ltr'>δέξασθαι.</span> <span class='ocrx_word' id='word_1_352' title='bbox 1165 3590 1221 3644; x_wconf 92' lang='grc' dir='ltr'>Ὀ</span> <span class='ocrx_word' id='word_1_353' title='bbox 1248 3592 1358 3662; x_wconf 79' lang='grc' dir='ltr'><strong>γὰρ</strong></span> <span class='ocrx_word' id='word_1_354' title='bbox 1403 3594 1477 3664; x_wconf 82' lang='grc' dir='ltr'><strong>μὴ</strong></span> <span class='ocrx_word' id='word_1_355' title='bbox 1511 3595 1774 3664; x_wconf 69' lang='grc' dir='ltr'>αἱρούμε-</span> 
     </span>
    </p>
   </div>
   <div class='ocr_carea' id='block_1_35' title="bbox 174 3683 1774 3755">
    <p class='ocr_par' dir='ltr' id='par_1_35' title="bbox 174 3683 1774 3755">
     <span class='ocr_line' id='line_1_35' title="bbox 174 3683 1774 3755; baseline 0.005 -21"><span class='ocrx_word' id='word_1_356' title='bbox 174 3699 274 3746; x_wconf 89' lang='grc' dir='ltr'><strong>νος</strong></span> <span class='ocrx_word' id='word_1_357' title='bbox 321 3683 447 3746; x_wconf 69' lang='grc' dir='ltr'>τοὺς</span> <span class='ocrx_word' id='word_1_358' title='bbox 479 3683 622 3755; x_wconf 83' lang='grc' dir='ltr'>ὑπὲρ</span> <span class='ocrx_word' id='word_1_359' title='bbox 654 3683 917 3754; x_wconf 74' lang='grc' dir='ltr'><strong>ἀληθείας</strong></span> <span class='ocrx_word' id='word_1_360' title='bbox 965 3683 1182 3749; x_wconf 70' lang='grc' dir='ltr'>πόνους,</span> <span class='ocrx_word' id='word_1_361' title='bbox 1225 3686 1492 3748; x_wconf 77' lang='grc' dir='ltr'>ἑκουσίως</span> <span class='ocrx_word' id='word_1_362' title='bbox 1529 3687 1633 3740; x_wconf 78' lang='grc' dir='ltr'><strong>ὑπὸ</strong></span> <span class='ocrx_word' id='word_1_363' title='bbox 1664 3687 1774 3742; x_wconf 76' lang='grc' dir='ltr'><strong>τῶν</strong></span> 
     </span>
    </p>
   </div>
   <div class='ocr_carea' id='block_1_36' title="bbox 176 3773 1775 3846">
    <p class='ocr_par' dir='ltr' id='par_1_36' title="bbox 176 3773 1775 3846">
     <span class='ocr_line' id='line_1_36' title="bbox 176 3773 1775 3846; baseline 0.003 -16"><span class='ocrx_word' id='word_1_364' title='bbox 176 3773 460 3830; x_wconf 72' lang='grc' dir='ltr'>ἀκουσίων</span> <span class='ocrx_word' id='word_1_365' title='bbox 490 3775 890 3846; x_wconf 79' lang='grc' dir='ltr'>χαλεπωτέρως</span> <span class='ocrx_word' id='word_1_366' title='bbox 924 3776 1264 3831; x_wconf 80' lang='grc' dir='ltr'><strong>παιδεύεται.</strong></span> <span class='ocrx_word' id='word_1_367' title='bbox 1317 3777 1378 3832; x_wconf 89' lang='grc' dir='ltr'>Ὀ</span> <span class='ocrx_word' id='word_1_368' title='bbox 1422 3778 1481 3832; x_wconf 72' lang='grc' dir='ltr'>δὲ</span> <span class='ocrx_word' id='word_1_369' title='bbox 1513 3779 1683 3834; x_wconf 80' lang='grc' dir='ltr'>ποιῶν</span> <span class='ocrx_word' id='word_1_370' title='bbox 1712 3779 1775 3834; x_wconf 82' lang='grc' dir='ltr'><strong>τὸ</strong></span> 
     </span>
    </p>
   </div>
   <div class='ocr_carea' id='block_1_37' title="bbox 181 3865 1772 3942">
    <p class='ocr_par' dir='ltr' id='par_1_37' title="bbox 181 3865 1772 3942">
     <span class='ocr_line' id='line_1_37' title="bbox 181 3865 1772 3942; baseline 0.004 -21"><span class='ocrx_word' id='word_1_371' title='bbox 181 3868 404 3938; x_wconf 70' lang='grc' dir='ltr'>θέλημα</span> <span class='ocrx_word' id='word_1_372' title='bbox 435 3866 532 3920; x_wconf 81' lang='grc' dir='ltr'>τοῦ</span> <span class='ocrx_word' id='word_1_373' title='bbox 567 3865 704 3921; x_wconf 84' lang='grc' dir='ltr'>θεοῦ</span> <span class='ocrx_word' id='word_1_374' title='bbox 742 3867 885 3920; x_wconf 82' lang='grc' dir='ltr'>κατὰ</span> <span class='ocrx_word' id='word_1_375' title='bbox 917 3866 1169 3938; x_wconf 60' lang='grc' dir='ltr'>δύναμιν,</span> <span class='ocrx_word' id='word_1_376' title='bbox 1205 3867 1294 3922; x_wconf 83' lang='grc' dir='ltr'>διὰ</span> <span class='ocrx_word' id='word_1_377' title='bbox 1345 3871 1558 3942; x_wconf 81' lang='grc' dir='ltr'>μικρῶν</span> <span class='ocrx_word' id='word_1_378' title='bbox 1593 3873 1772 3928; x_wconf 82' lang='grc' dir='ltr'>πόνων</span> 
     </span>
    </p>
   </div>
   <div class='ocr_carea' id='block_1_38' title="bbox 175 3957 1774 4034">
    <p class='ocr_par' dir='ltr' id='par_1_38' title="bbox 175 3957 1774 4034">
     <span class='ocr_line' id='line_1_38' title="bbox 175 3957 1774 4034; baseline 0.004 -22"><span class='ocrx_word' id='word_1_379' title='bbox 175 3957 310 4022; x_wconf 79' lang='grc' dir='ltr'>τοὺς</span> <span class='ocrx_word' id='word_1_380' title='bbox 345 3957 614 4030; x_wconf 80' lang='grc' dir='ltr'>μεγάλους</span> <span class='ocrx_word' id='word_1_381' title='bbox 672 3957 1018 4026; x_wconf 74' lang='grc' dir='ltr'>ἐκφεύξεται.</span> <span class='ocrx_word' id='word_1_382' title='bbox 1054 3961 1226 4029; x_wconf 71' lang='grc' dir='ltr'>Φησὶν</span> <span class='ocrx_word' id='word_1_383' title='bbox 1269 3960 1325 4015; x_wconf 83' lang='grc' dir='ltr'>δὲ</span> <span class='ocrx_word' id='word_1_384' title='bbox 1366 3963 1458 4014; x_wconf 75' lang='grc' dir='ltr'>καὶ</span> <span class='ocrx_word' id='word_1_385' title='bbox 1496 3965 1524 4016; x_wconf 92' lang='lat'><strong>6</strong></span> <span class='ocrx_word' id='word_1_386' title='bbox 1566 3964 1774 4034; x_wconf 84' lang='grc' dir='ltr'>Παροι-</span> 
     </span>
    </p>
   </div>
   <div class='ocr_carea' id='block_1_39' title="bbox 182 4048 1774 4124">
    <p class='ocr_par' dir='ltr' id='par_1_39' title="bbox 182 4048 1774 4124">
     <span class='ocr_line' id='line_1_39' title="bbox 182 4048 1774 4124; baseline 0.006 -23"><span class='ocrx_word' id='word_1_387' title='bbox 182 4050 444 4121; x_wconf 80' lang='grc' dir='ltr'>μιαστής·</span> <span class='ocrx_word' id='word_1_388' title='bbox 471 4068 490 4101; x_wconf 83' lang='grc'>‹</span> <span class='ocrx_word' id='word_1_389' title='bbox 527 4049 585 4102; x_wconf 84' lang='grc' dir='ltr'>Ὀ</span> <span class='ocrx_word' id='word_1_390' title='bbox 618 4048 952 4120; x_wconf 77' lang='grc' dir='ltr'>φοϐούμενος</span> <span class='ocrx_word' id='word_1_391' title='bbox 978 4051 1069 4103; x_wconf 80' lang='grc' dir='ltr'><strong>τὸν</strong></span> <span class='ocrx_word' id='word_1_392' title='bbox 1097 4050 1301 4124; x_wconf 80' lang='grc' dir='ltr'>Κύριον</span> <span class='ocrx_word' id='word_1_393' title='bbox 1337 4053 1616 4119; x_wconf 81' lang='grc' dir='ltr'>ἐκδέξεται</span> <span class='ocrx_word' id='word_1_394' title='bbox 1645 4074 1774 4112; x_wconf 85' lang='grc' dir='ltr'>παι-</span> 
     </span>
    </p>
   </div>
   <div class='ocr_carea' id='block_1_40' title="bbox 174 4137 1775 4218">
    <p class='ocr_par' dir='ltr' id='par_1_40' title="bbox 174 4137 1775 4218">
     <span class='ocr_line' id='line_1_40' title="bbox 174 4137 1775 4218; baseline 0.004 -24"><span class='ocrx_word' id='word_1_395' title='bbox 174 4141 352 4196; x_wconf 74' lang='grc' dir='ltr'>δείαν.</span> <span class='ocrx_word' id='word_1_396' title='bbox 390 4160 410 4192; x_wconf 69' lang='grc' dir='ltr'><strong>ι</strong></span> <span class='ocrx_word' id='word_1_397' title='bbox 455 4141 564 4196; x_wconf 68' lang='grc' dir='ltr'><strong>Καὶ</strong></span> <span class='ocrx_word' id='word_1_398' title='bbox 591 4137 783 4205; x_wconf 75' lang='grc' dir='ltr'>αὖθιςο</span> <span class='ocrx_word' id='word_1_399' title='bbox 822 4159 841 4194; x_wconf 74' lang='grc' dir='ltr'><strong>ι</strong></span> <span class='ocrx_word' id='word_1_400' title='bbox 887 4144 982 4204; x_wconf 84' lang='grc' dir='ltr'>Ὃς</span> <span class='ocrx_word' id='word_1_401' title='bbox 1029 4143 1272 4212; x_wconf 68' lang='grc' dir='ltr'>φείδεται</span> <span class='ocrx_word' id='word_1_402' title='bbox 1303 4145 1401 4216; x_wconf 85' lang='grc' dir='ltr'><strong>τῆς</strong></span> <span class='ocrx_word' id='word_1_403' title='bbox 1441 4147 1638 4201; x_wconf 78' lang='grc' dir='ltr'>ἑαυτοῦ</span> <span class='ocrx_word' id='word_1_404' title='bbox 1678 4148 1775 4218; x_wconf 85' lang='grc' dir='ltr'><strong>βα-</strong></span> 
     </span>
    </p>
   </div>
   <div class='ocr_carea' id='block_1_41' title="bbox 179 4231 1776 4303">
    <p class='ocr_par' dir='ltr' id='par_1_41' title="bbox 179 4231 1776 4303">
     <span class='ocr_line' id='line_1_41' title="bbox 179 4231 1776 4303; baseline 0.003 -18"><span class='ocrx_word' id='word_1_405' title='bbox 179 4231 438 4301; x_wconf 71' lang='grc' dir='ltr'>κτηρίας,</span> <span class='ocrx_word' id='word_1_406' title='bbox 483 4236 633 4300; x_wconf 83' lang='grc' dir='ltr'>μισεῖ</span> <span class='ocrx_word' id='word_1_407' title='bbox 663 4233 753 4284; x_wconf 82' lang='grc' dir='ltr'><strong>τὸν</strong></span> <span class='ocrx_word' id='word_1_408' title='bbox 786 4232 982 4286; x_wconf 76' lang='grc' dir='ltr'>ἑαυτοῦ</span> <span class='ocrx_word' id='word_1_409' title='bbox 1018 4233 1152 4286; x_wconf 61' lang='grc' dir='ltr'><strong>υίὸπν</strong></span> <span class='ocrx_word' id='word_1_410' title='bbox 1184 4234 1212 4286; x_wconf 89' lang='lat'><strong>6</strong></span> <span class='ocrx_word' id='word_1_411' title='bbox 1252 4232 1308 4286; x_wconf 82' lang='grc' dir='ltr'>δὲ</span> <span class='ocrx_word' id='word_1_412' title='bbox 1358 4235 1614 4303; x_wconf 82' lang='grc' dir='ltr'>ἀγαπῶν,</span> <span class='ocrx_word' id='word_1_413' title='bbox 1653 4238 1776 4290; x_wconf 79' lang='grc' dir='ltr'>ἑπι-</span> 
     </span>
    </p>
   </div>
   <div class='ocr_carea' id='block_1_42' title="bbox 186 4321 1776 4392">
    <p class='ocr_par' dir='ltr' id='par_1_42' title="bbox 186 4321 1776 4392">
     <span class='ocr_line' id='line_1_42' title="bbox 186 4321 1776 4392; baseline 0.003 -20"><span class='ocrx_word' id='word_1_414' title='bbox 186 4321 367 4392; x_wconf 78' lang='grc' dir='ltr'>μελῶς</span> <span class='ocrx_word' id='word_1_415' title='bbox 415 4321 680 4374; x_wconf 80' lang='grc' dir='ltr'>παιδεύει.</span> <span class='ocrx_word' id='word_1_416' title='bbox 723 4339 740 4372; x_wconf 72' lang='grc' dir='ltr'><strong>ι</strong></span> <span class='ocrx_word' id='word_1_417' title='bbox 781 4321 892 4374; x_wconf 75' lang='grc' dir='ltr'>Καὶ</span> <span class='ocrx_word' id='word_1_418' title='bbox 921 4321 1084 4375; x_wconf 73' lang='grc' dir='ltr'>πάλιν</span> <span class='ocrx_word' id='word_1_419' title='bbox 1112 4337 1126 4351; x_wconf 90' lang='grc'><strong>·</strong></span> <span class='ocrx_word' id='word_1_420' title='bbox 1167 4340 1185 4372; x_wconf 81' lang='grc' dir='ltr'><strong>ι</strong></span> <span class='ocrx_word' id='word_1_421' title='bbox 1227 4321 1461 4375; x_wconf 83' lang='grc' dir='ltr'>ΙΙαίδευε</span> <span class='ocrx_word' id='word_1_422' title='bbox 1506 4323 1600 4375; x_wconf 81' lang='grc' dir='ltr'>τὸν</span> <span class='ocrx_word' id='word_1_423' title='bbox 1659 4323 1776 4377; x_wconf 80' lang='grc' dir='ltr'>υίόν</span> 
     </span>
    </p>
   </div>
   <div class='ocr_carea' id='block_1_43' title="bbox 184 4407 1778 4499">
    <p class='ocr_par' dir='ltr' id='par_1_43' title="bbox 184 4407 1778 4499">
     <span class='ocr_line' id='line_1_43' title="bbox 184 4407 1778 4499; baseline 0.003 -33"><span class='ocrx_word' id='word_1_424' title='bbox 184 4431 304 4468; x_wconf 88' lang='grc' dir='ltr'>σου·</span> <span class='ocrx_word' id='word_1_425' title='bbox 345 4407 500 4499; x_wconf 49' lang='lat' dir='ltr'><strong>chao;</strong></span> <span class='ocrx_word' id='word_1_426' title='bbox 526 4415 634 4486; x_wconf 79' lang='grc' dir='ltr'>γὰρ</span> <span class='ocrx_word' id='word_1_427' title='bbox 663 4413 816 4466; x_wconf 73' lang='grc' dir='ltr'>ἔσται</span> <span class='ocrx_word' id='word_1_428' title='bbox 841 4412 1086 4478; x_wconf 76' lang='grc' dir='ltr'>εὔελπις.</span> <span class='ocrx_word' id='word_1_429' title='bbox 1120 4415 1346 4480; x_wconf 77' lang='grc' dir='ltr'>Ἀκουε,</span> <span class='ocrx_word' id='word_1_430' title='bbox 1378 4416 1487 4484; x_wconf 81' lang='grc' dir='ltr'>υἱὲ,</span> <span class='ocrx_word' id='word_1_431' title='bbox 1514 4417 1606 4470; x_wconf 78' lang='grc' dir='ltr'><strong>καὶ</strong></span> <span class='ocrx_word' id='word_1_432' title='bbox 1624 4415 1778 4481; x_wconf 76' lang='grc' dir='ltr'>δέξαι</span> 
     </span>
    </p>
   </div>
   <div class='ocr_carea' id='block_1_44' title="bbox 180 4506 1776 4580">
    <p class='ocr_par' dir='ltr' id='par_1_44' title="bbox 180 4506 1776 4580">
     <span class='ocr_line' id='line_1_44' title="bbox 180 4506 1776 4580; baseline 0.003 -22"><span class='ocrx_word' id='word_1_433' title='bbox 180 4507 356 4577; x_wconf 76' lang='grc' dir='ltr'>ἐμοὺς</span> <span class='ocrx_word' id='word_1_434' title='bbox 387 4506 600 4574; x_wconf 83' lang='grc' dir='ltr'>λόγους,</span> <span class='ocrx_word' id='word_1_435' title='bbox 649 4506 1262 4578; x_wconf 74' lang='grc' dir='ltr'>καὶ’πληθυνθήσονται</span> <span class='ocrx_word' id='word_1_436' title='bbox 1303 4507 1398 4578; x_wconf 80' lang='grc' dir='ltr'><strong>ἔτη</strong></span> <span class='ocrx_word' id='word_1_437' title='bbox 1451 4509 1598 4580; x_wconf 79' lang='grc' dir='ltr'>ζωῆς</span> <span class='ocrx_word' id='word_1_438' title='bbox 1658 4527 1776 4564; x_wconf 86' lang='grc' dir='ltr'>σου.</span> 
     </span>
    </p>
   </div>
   <div class='ocr_carea' id='block_1_45' title="bbox 196 4599 1778 4674">
    <p class='ocr_par' dir='ltr' id='par_1_45' title="bbox 196 4599 1778 4674">
     <span class='ocr_line' id='line_1_45' title="bbox 196 4599 1778 4674; baseline 0.002 -19"><span class='ocrx_word' id='word_1_439' title='bbox 196 4599 493 4655; x_wconf 73' lang='grc' dir='ltr'>Ἐπιλαϐού</span> <span class='ocrx_word' id='word_1_440' title='bbox 530 4599 670 4670; x_wconf 80' lang='grc' dir='ltr'>ἐμῆς</span> <span class='ocrx_word' id='word_1_441' title='bbox 703 4599 951 4664; x_wconf 77' lang='grc' dir='ltr'>παιδείας</span> <span class='ocrx_word' id='word_1_442' title='bbox 971 4641 984 4666; x_wconf 89' lang='grc'><strong>,</strong></span> <span class='ocrx_word' id='word_1_443' title='bbox 1021 4603 1094 4672; x_wconf 84' lang='grc' dir='ltr'>μὴ</span> <span class='ocrx_word' id='word_1_444' title='bbox 1126 4601 1304 4672; x_wconf 82' lang='grc' dir='ltr'>ἀφείς·</span> <span class='ocrx_word' id='word_1_445' title='bbox 1337 4601 1454 4666; x_wconf 82' lang='grc' dir='ltr'>υἱὸς</span> <span class='ocrx_word' id='word_1_446' title='bbox 1487 4605 1598 4674; x_wconf 68' lang='grc' dir='ltr'>γὰρ</span> <span class='ocrx_word' id='word_1_447' title='bbox 1637 4605 1778 4658; x_wconf 85' lang='grc' dir='ltr'>ἀπο-</span> 
     </span>
    </p>
   </div>
   <div class='ocr_carea' id='block_1_46' title="bbox 178 4691 1777 4767">
    <p class='ocr_par' dir='ltr' id='par_1_46' title="bbox 178 4691 1777 4767">
     <span class='ocr_line' id='line_1_46' title="bbox 178 4691 1777 4767; baseline 0.003 -23"><span class='ocrx_word' id='word_1_448' title='bbox 178 4691 593 4762; x_wconf 81' lang='grc' dir='ltr'>λιμπανόμενος</span> <span class='ocrx_word' id='word_1_449' title='bbox 642 4692 876 4762; x_wconf 72' lang='grc' dir='ltr'>φυλάξαι</span> <span class='ocrx_word' id='word_1_450' title='bbox 917 4693 1169 4747; x_wconf 83' lang='grc' dir='ltr'>παιδείαν</span> <span class='ocrx_word' id='word_1_451' title='bbox 1216 4695 1444 4766; x_wconf 75' lang='grc' dir='ltr'>πατρὸς,</span> <span class='ocrx_word' id='word_1_452' title='bbox 1487 4695 1777 4767; x_wconf 79' lang='grc' dir='ltr'>μελετήσει</span> 
     </span>
    </p>
   </div>
   <div class='ocr_carea' id='block_1_47' title="bbox 183 4783 1776 4860">
    <p class='ocr_par' dir='ltr' id='par_1_47' title="bbox 183 4783 1776 4860">
     <span class='ocr_line' id='line_1_47' title="bbox 183 4783 1776 4860; baseline 0.004 -24"><span class='ocrx_word' id='word_1_453' title='bbox 183 4786 379 4856; x_wconf 76' lang='grc' dir='ltr'>ῥήσεις</span> <span class='ocrx_word' id='word_1_454' title='bbox 421 4783 622 4846; x_wconf 73' lang='grc' dir='ltr'>κακὰς.</span> <span class='ocrx_word' id='word_1_455' title='bbox 654 4802 672 4834; x_wconf 76' lang='grc' dir='ltr'><strong>ι</strong></span> <span class='ocrx_word' id='word_1_456' title='bbox 705 4785 819 4838; x_wconf 77' lang='grc' dir='ltr'><strong>Καὶ</strong></span> <span class='ocrx_word' id='word_1_457' title='bbox 869 4783 1068 4838; x_wconf 77' lang='grc' dir='ltr'>πάλιν-</span> <span class='ocrx_word' id='word_1_458' title='bbox 1116 4805 1134 4836; x_wconf 76' lang='grc' dir='ltr'><strong>ι</strong></span> <span class='ocrx_word' id='word_1_459' title='bbox 1169 4787 1398 4858; x_wconf 73' lang='grc' dir='ltr'>’Ἄφρων</span> <span class='ocrx_word' id='word_1_460' title='bbox 1447 4789 1776 4860; x_wconf 78' lang='grc' dir='ltr'>μυκτηρίζει</span> 
     </span>
    </p>
   </div>
   <div class='ocr_carea' id='block_1_48' title="bbox 182 4876 1776 4956">
    <p class='ocr_par' dir='ltr' id='par_1_48' title="bbox 182 4876 1776 4956">
     <span class='ocr_line' id='line_1_48' title="bbox 182 4876 1776 4956; baseline 0.003 -26"><span class='ocrx_word' id='word_1_461' title='bbox 182 4876 440 4932; x_wconf 82' lang='grc' dir='ltr'>παιδείαν</span> <span class='ocrx_word' id='word_1_462' title='bbox 469 4879 703 4948; x_wconf 59' lang='grc' dir='ltr'>πατρὸς·</span> <span class='ocrx_word' id='word_1_463' title='bbox 731 4880 760 4932; x_wconf 92' lang='grc' dir='ltr'>ὁ</span> <span class='ocrx_word' id='word_1_464' title='bbox 805 4877 864 4931; x_wconf 78' lang='grc' dir='ltr'>δὲ</span> <span class='ocrx_word' id='word_1_465' title='bbox 897 4878 1189 4948; x_wconf 79' lang='grc' dir='ltr'>φυλάσσων</span> <span class='ocrx_word' id='word_1_466' title='bbox 1215 4880 1496 4952; x_wconf 83' lang='grc' dir='ltr'>ὲλὲγχους,</span> <span class='ocrx_word' id='word_1_467' title='bbox 1532 4899 1776 4956; x_wconf 84' lang='grc' dir='ltr'>πανουρ-</span> 
     </span>
    </p>
   </div>
   <div class='ocr_carea' id='block_1_49' title="bbox 181 4971 1779 5046">
    <p class='ocr_par' dir='ltr' id='par_1_49' title="bbox 181 4971 1779 5046">
     <span class='ocr_line' id='line_1_49' title="bbox 181 4971 1779 5046; baseline 0.004 -22"><span class='ocrx_word' id='word_1_468' title='bbox 181 4971 452 5043; x_wconf 82' lang='grc' dir='ltr'>τώτερος.</span> <span class='ocrx_word' id='word_1_469' title='bbox 489 4991 508 5024; x_wconf 73' lang='grc' dir='ltr'><strong>ι</strong></span> <span class='ocrx_word' id='word_1_470' title='bbox 547 4971 656 5028; x_wconf 73' lang='grc' dir='ltr'><strong>Καὶ</strong></span> <span class='ocrx_word' id='word_1_471' title='bbox 681 4971 846 5026; x_wconf 66' lang='grc' dir='ltr'>πάλιν</span> <span class='ocrx_word' id='word_1_472' title='bbox 877 4987 890 5000; x_wconf 83' lang='lat'><strong><em>°</em></strong></span> <span class='ocrx_word' id='word_1_473' title='bbox 922 4990 940 5024; x_wconf 78' lang='grc' dir='ltr'><strong>ι</strong></span> <span class='ocrx_word' id='word_1_474' title='bbox 977 4972 1078 5037; x_wconf 70' lang='grc' dir='ltr'><strong>Δὸς</strong></span> <span class='ocrx_word' id='word_1_475' title='bbox 1110 4975 1190 5038; x_wconf 83' lang='grc' dir='ltr'><strong>είς</strong></span> <span class='ocrx_word' id='word_1_476' title='bbox 1227 4974 1477 5028; x_wconf 80' lang='grc' dir='ltr'>παιδείαν</span> <span class='ocrx_word' id='word_1_477' title='bbox 1511 4975 1611 5046; x_wconf 74' lang='grc' dir='ltr'><strong>τὴν</strong></span> <span class='ocrx_word' id='word_1_478' title='bbox 1641 4992 1779 5046; x_wconf 82' lang='grc' dir='ltr'>καρ-</span> 
     </span>
    </p>
   </div>
   <div class='ocr_carea' id='block_1_50' title="bbox 182 5067 1780 5140">
    <p class='ocr_par' dir='ltr' id='par_1_50' title="bbox 182 5067 1780 5140">
     <span class='ocr_line' id='line_1_50' title="bbox 182 5067 1780 5140; baseline 0.001 -20"><span class='ocrx_word' id='word_1_479' title='bbox 182 5067 307 5120; x_wconf 79' lang='grc' dir='ltr'>δίαν</span> <span class='ocrx_word' id='word_1_480' title='bbox 338 5084 455 5133; x_wconf 82' lang='grc' dir='ltr'>σου,</span> <span class='ocrx_word' id='word_1_481' title='bbox 485 5067 556 5120; x_wconf 76' lang='grc' dir='ltr'><strong>τὰ</strong></span> <span class='ocrx_word' id='word_1_482' title='bbox 601 5067 661 5120; x_wconf 74' lang='grc' dir='ltr'>δὲ</span> <span class='ocrx_word' id='word_1_483' title='bbox 703 5068 842 5122; x_wconf 78' lang='grc' dir='ltr'><strong>ὀστᾶ</strong></span> <span class='ocrx_word' id='word_1_484' title='bbox 891 5085 984 5122; x_wconf 86' lang='grc' dir='ltr'><strong>σου</strong></span> <span class='ocrx_word' id='word_1_485' title='bbox 1035 5069 1326 5140; x_wconf 71' lang='grc' dir='ltr'>ἑτοίμασον</span> <span class='ocrx_word' id='word_1_486' title='bbox 1372 5069 1552 5137; x_wconf 73' lang='grc' dir='ltr'>λύγοις</span> <span class='ocrx_word' id='word_1_487' title='bbox 1582 5070 1780 5140; x_wconf 75' lang='grc' dir='ltr'>αἰσθὴ-</span> 
     </span>
    </p>
   </div>
   <div class='ocr_carea' id='block_1_51' title="bbox 187 5147 1777 5235">
    <p class='ocr_par' dir='ltr' id='par_1_51' title="bbox 187 5147 1777 5235">
     <span class='ocr_line' id='line_1_51' title="bbox 187 5147 1777 5235; baseline 0.003 -23"><span class='ocrx_word' id='word_1_488' title='bbox 187 5177 348 5222; x_wconf 78' lang='grc' dir='ltr'>σεως.</span> <span class='ocrx_word' id='word_1_489' title='bbox 396 5179 415 5212; x_wconf 71' lang='grc' dir='ltr'><strong>ι</strong></span> <span class='ocrx_word' id='word_1_490' title='bbox 455 5161 564 5214; x_wconf 76' lang='grc' dir='ltr'>Καὶ</span> <span class='ocrx_word' id='word_1_491' title='bbox 594 5159 776 5214; x_wconf 71' lang='grc' dir='ltr'><strong>πάλιν⁸</strong></span> <span class='ocrx_word' id='word_1_492' title='bbox 815 5179 834 5212; x_wconf 76' lang='grc' dir='ltr'><strong>ι</strong></span> <span class='ocrx_word' id='word_1_493' title='bbox 865 5159 956 5230; x_wconf 82' lang='grc' dir='ltr'><strong>Μὴ</strong></span> <span class='ocrx_word' id='word_1_494' title='bbox 987 5147 1208 5235; x_wconf 71' lang='grc' dir='ltr'>ἁπόσχῄ</span> <span class='ocrx_word' id='word_1_495' title='bbox 1243 5163 1442 5232; x_wconf 82' lang='grc' dir='ltr'>νήπιον</span> <span class='ocrx_word' id='word_1_496' title='bbox 1469 5161 1777 5228; x_wconf 82' lang='grc' dir='ltr'>παιδεύειν,</span> 
     </span>
    </p>
   </div>
   <div class='ocr_carea' id='block_1_52' title="bbox 185 5251 1780 5325">
    <p class='ocr_par' dir='ltr' id='par_1_52' title="bbox 185 5251 1780 5325">
     <span class='ocr_line' id='line_1_52' title="bbox 185 5251 1780 5325; baseline 0.001 -19"><span class='ocrx_word' id='word_1_497' title='bbox 185 5253 272 5306; x_wconf 76' lang='grc' dir='ltr'><strong>ὅτι</strong></span> <span class='ocrx_word' id='word_1_498' title='bbox 299 5251 397 5305; x_wconf 79' lang='grc' dir='ltr'><strong>ἐὰν</strong></span> <span class='ocrx_word' id='word_1_499' title='bbox 432 5251 682 5323; x_wconf 75' lang='grc' dir='ltr'>πατάξῃς</span> <span class='ocrx_word' id='word_1_500' title='bbox 714 5253 887 5306; x_wconf 72' lang='grc' dir='ltr'>αὑτὸν</span> <span class='ocrx_word' id='word_1_501' title='bbox 914 5253 1118 5324; x_wconf 79' lang='grc' dir='ltr'>ῥάϐδῳ,</span> <span class='ocrx_word' id='word_1_502' title='bbox 1141 5254 1243 5307; x_wconf 81' lang='grc' dir='ltr'><strong>οὐκ</strong></span> <span class='ocrx_word' id='word_1_503' title='bbox 1273 5253 1650 5320; x_wconf 73' lang='grc' dir='ltr'>ἀποθανεῖται,</span> <span class='ocrx_word' id='word_1_504' title='bbox 1683 5255 1780 5325; x_wconf 83' lang='grc' dir='ltr'><strong>τὴν</strong></span> 
     </span>
    </p>
   </div>
   <div class='ocr_carea' id='block_1_53' title="bbox 186 5335 1782 5416">
    <p class='ocr_par' dir='ltr' id='par_1_53' title="bbox 186 5335 1782 5416">
     <span class='ocr_line' id='line_1_53' title="bbox 186 5335 1782 5416; baseline 0.007 -22"><span class='ocrx_word' id='word_1_505' title='bbox 186 5347 242 5399; x_wconf 69' lang='grc' dir='ltr'><strong>δὲ</strong></span> <span class='ocrx_word' id='word_1_506' title='bbox 269 5335 448 5416; x_wconf 68' lang='grc' dir='ltr'>ψυχῆν</span> <span class='ocrx_word' id='word_1_507' title='bbox 481 5344 648 5400; x_wconf 78' lang='grc' dir='ltr'>αὐτοῦ</span> <span class='ocrx_word' id='word_1_508' title='bbox 681 5345 894 5410; x_wconf 84' lang='grc' dir='ltr'>σώσεις.</span> <span class='ocrx_word' id='word_1_509' title='bbox 935 5365 954 5400; x_wconf 85' lang='grc'>›</span> <span class='ocrx_word' id='word_1_510' title='bbox 981 5347 1090 5400; x_wconf 69' lang='grc' dir='ltr'>Καὶ</span> <span class='ocrx_word' id='word_1_511' title='bbox 1117 5343 1273 5412; x_wconf 78' lang='grc' dir='ltr'>αὖθις</span> <span class='ocrx_word' id='word_1_512' title='bbox 1300 5366 1314 5380; x_wconf 73' lang='grc' dir='ltr'><strong>ο</strong></span> <span class='ocrx_word' id='word_1_513' title='bbox 1359 5367 1376 5399; x_wconf 79' lang='grc' dir='ltr'><strong>ι</strong></span> <span class='ocrx_word' id='word_1_514' title='bbox 1411 5349 1640 5402; x_wconf 85' lang='grc' dir='ltr'>Παίδευε</span> <span class='ocrx_word' id='word_1_515' title='bbox 1667 5350 1782 5406; x_wconf 73' lang='grc' dir='ltr'>υἱόν</span> 
     </span>
    </p>
   </div>
   <div class='ocr_carea' id='block_1_54' title="bbox 191 5436 1777 5512">
    <p class='ocr_par' dir='ltr' id='par_1_54' title="bbox 191 5436 1777 5512">
     <span class='ocr_line' id='line_1_54' title="bbox 191 5436 1777 5512; baseline 0.002 -22"><span class='ocrx_word' id='word_1_516' title='bbox 191 5453 317 5498; x_wconf 80' lang='grc' dir='ltr'>σου,</span> <span class='ocrx_word' id='word_1_517' title='bbox 365 5437 463 5489; x_wconf 78' lang='grc' dir='ltr'>καὶ</span> <span class='ocrx_word' id='word_1_518' title='bbox 511 5436 821 5490; x_wconf 77' lang='grc' dir='ltr'>ἀναπαύσει</span> <span class='ocrx_word' id='word_1_519' title='bbox 864 5454 946 5502; x_wconf 88' lang='grc' dir='ltr'><strong>σε,</strong></span> <span class='ocrx_word' id='word_1_520' title='bbox 985 5437 1082 5490; x_wconf 76' lang='grc' dir='ltr'>καὶ</span> <span class='ocrx_word' id='word_1_521' title='bbox 1115 5439 1276 5492; x_wconf 84' lang='grc' dir='ltr'>δώσει</span> <span class='ocrx_word' id='word_1_522' title='bbox 1333 5439 1538 5510; x_wconf 79' lang='grc' dir='ltr'>κόσμον</span> <span class='ocrx_word' id='word_1_523' title='bbox 1591 5443 1660 5512; x_wconf 78' lang='grc' dir='ltr'><strong>τῇ</strong></span> <span class='ocrx_word' id='word_1_524' title='bbox 1711 5443 1777 5512; x_wconf 86' lang='grc' dir='ltr'>σῇ</span> 
     </span>
    </p>
   </div>
   <div class='ocr_carea' id='block_1_55' title="bbox 185 5527 1780 5605">
    <p class='ocr_par' dir='ltr' id='par_1_55' title="bbox 185 5527 1780 5605">
     <span class='ocr_line' id='line_1_55' title="bbox 185 5527 1780 5605; baseline 0.003 -25"><span class='ocrx_word' id='word_1_525' title='bbox 185 5529 360 5600; x_wconf 61' lang='grc' dir='ltr'>ψυχῇ.</span> <span class='ocrx_word' id='word_1_526' title='bbox 399 5546 417 5579; x_wconf 73' lang='grc' dir='ltr'><strong>ι</strong></span> <span class='ocrx_word' id='word_1_527' title='bbox 459 5528 568 5583; x_wconf 73' lang='grc' dir='ltr'><strong>Καὶ</strong></span> <span class='ocrx_word' id='word_1_528' title='bbox 595 5528 760 5583; x_wconf 71' lang='grc' dir='ltr'>πάλιν</span> <span class='ocrx_word' id='word_1_529' title='bbox 789 5545 802 5558; x_wconf 88' lang='grc'><strong>·</strong></span> <span class='ocrx_word' id='word_1_530' title='bbox 844 5547 863 5581; x_wconf 72' lang='grc' dir='ltr'><strong>ι</strong></span> <span class='ocrx_word' id='word_1_531' title='bbox 910 5527 1140 5598; x_wconf 79' lang='grc' dir='ltr'>’Λγαοδν</span> <span class='ocrx_word' id='word_1_532' title='bbox 1173 5530 1233 5582; x_wconf 70' lang='grc' dir='ltr'><strong>τὸ</strong></span> <span class='ocrx_word' id='word_1_533' title='bbox 1261 5529 1780 5605; x_wconf 67' lang='grc' dir='ltr'>ἀκοῦσαιέπιτξμηη</span> 
     </span>
    </p>
   </div>
   <div class='ocr_carea' id='block_1_56' title="bbox 191 5619 1773 5696">
    <p class='ocr_par' dir='ltr' id='par_1_56' title="bbox 191 5619 1773 5696">
     <span class='ocr_line' id='line_1_56' title="bbox 191 5619 1773 5696; baseline 0.001 -20"><span class='ocrx_word' id='word_1_534' title='bbox 191 5637 282 5676; x_wconf 84' lang='grc' dir='ltr'><strong>σιν</strong></span> <span class='ocrx_word' id='word_1_535' title='bbox 315 5620 503 5690; x_wconf 77' lang='grc' dir='ltr'>σοφοῦ,</span> <span class='ocrx_word' id='word_1_536' title='bbox 541 5622 685 5694; x_wconf 81' lang='grc' dir='ltr'>ὑπὲρ</span> <span class='ocrx_word' id='word_1_537' title='bbox 725 5622 896 5695; x_wconf 82' lang='grc' dir='ltr'>ἄνδρα</span> <span class='ocrx_word' id='word_1_538' title='bbox 932 5621 1204 5677; x_wconf 81' lang='grc' dir='ltr'>ἀκούοντα</span> <span class='ocrx_word' id='word_1_539' title='bbox 1242 5619 1396 5696; x_wconf 74' lang='grc' dir='ltr'>ᾆσμα</span> <span class='ocrx_word' id='word_1_540' title='bbox 1435 5625 1710 5696; x_wconf 68' lang='grc' dir='ltr'>ἀφρόνων.</span> <span class='ocrx_word' id='word_1_541' title='bbox 1754 5644 1773 5678; x_wconf 77' lang='grc' dir='ltr'><strong>ι</strong></span> 
     </span>
    </p>
   </div>
   <div class='ocr_carea' id='block_1_57' title="bbox 189 5775 1330 5847">
    <p class='ocr_par' dir='ltr' id='par_1_57' title="bbox 189 5775 1330 5847">
     <span class='ocr_line' id='line_1_57' title="bbox 189 5775 1330 5847; baseline 0.003 -15"><span class='ocrx_word' id='word_1_542' title='bbox 189 5803 194 5807; x_wconf 95' lang='grc'><strong>-</strong></span> <span class='ocrx_word' id='word_1_543' title='bbox 263 5775 287 5810; x_wconf 81' lang='grc'><strong>⁷</strong></span> <span class='ocrx_word' id='word_1_544' title='bbox 317 5775 463 5833; x_wconf 87' lang='lat' dir='ltr'><strong>Psal.</strong></span> <span class='ocrx_word' id='word_1_545' title='bbox 487 5793 644 5844; x_wconf 73' lang='lat' dir='ltr'><strong>LXXX,</strong></span> <span class='ocrx_word' id='word_1_546' title='bbox 671 5775 722 5834; x_wconf 92' lang='lat'><strong>8.</strong></span> <span class='ocrx_word' id='word_1_547' title='bbox 799 5777 841 5809; x_wconf 76' lang='lat'><strong>&quot;‘</strong></span> <span class='ocrx_word' id='word_1_548' title='bbox 864 5777 1038 5834; x_wconf 79' lang='lat' dir='ltr'><strong>Exod.</strong></span> <span class='ocrx_word' id='word_1_549' title='bbox 1072 5795 1205 5847; x_wconf 72' lang='lat' dir='ltr'><strong>xm,</strong></span> <span class='ocrx_word' id='word_1_550' title='bbox 1244 5779 1330 5835; x_wconf 81' lang='lat' dir='ltr'><strong>li.</strong></span> 
     </span>
    </p>
   </div>
   <div class='ocr_carea' id='block_1_58' title="bbox 187 5855 848 5923">
    <p class='ocr_par' dir='ltr' id='par_1_58' title="bbox 187 5855 848 5923">
     <span class='ocr_line' id='line_1_58' title="bbox 187 5855 848 5923; baseline -0.002 -12"><span class='ocrx_word' id='word_1_551' title='bbox 187 5873 235 5919; x_wconf 70' lang='grc' dir='ltr'><strong>ι,</strong></span> <span class='ocrx_word' id='word_1_552' title='bbox 274 5859 368 5911; x_wconf 70' lang='grc'><strong>⁵21.</strong></span> <span class='ocrx_word' id='word_1_553' title='bbox 453 5858 491 5888; x_wconf 80' lang='grc'><strong>⁸¹</strong></span> <span class='ocrx_word' id='word_1_554' title='bbox 525 5856 550 5911; x_wconf 76' lang='lat' dir='ltr'><strong>.l</strong></span> <span class='ocrx_word' id='word_1_555' title='bbox 589 5859 622 5912; x_wconf 91' lang='lat' dir='ltr'><strong>b</strong></span> <span class='ocrx_word' id='word_1_556' title='bbox 657 5873 714 5923; x_wconf 89' lang='grc' dir='ltr'><strong>ιι,</strong></span> <span class='ocrx_word' id='word_1_557' title='bbox 765 5855 848 5910; x_wconf 90' lang='lat' dir='ltr'><strong>l0.</strong></span> 
     </span>
    </p>
   </div>
   <div class='ocr_carea' id='block_1_59' title="bbox 931 5855 1494 5926">
    <p class='ocr_par' dir='ltr' id='par_1_59' title="bbox 931 5855 1494 5926">
     <span class='ocr_line' id='line_1_59' title="bbox 931 5855 1494 5926; baseline 0.007 -17"><span class='ocrx_word' id='word_1_558' title='bbox 931 5858 972 5888; x_wconf 86' lang='grc'><strong>¹¹</strong></span> <span class='ocrx_word' id='word_1_559' title='bbox 1007 5855 1168 5912; x_wconf 54' lang='lat' dir='ltr'><strong>Ecl-li.</strong></span> <span class='ocrx_word' id='word_1_560' title='bbox 1208 5873 1377 5926; x_wconf 73' lang='lat' dir='ltr'><strong>xxxii,</strong></span> <span class='ocrx_word' id='word_1_561' title='bbox 1411 5857 1494 5913; x_wconf 69' lang='grc'><strong>18.</strong></span> 
     </span>
    </p>
   </div>
   <div class='ocr_carea' id='block_1_60' title="bbox 188 5929 411 5999">
    <p class='ocr_par' dir='ltr' id='par_1_60' title="bbox 188 5929 411 5999">
     <span class='ocr_line' id='line_1_60' title="bbox 188 5929 411 5999; baseline -0.013 -12"><span class='ocrx_word' id='word_1_562' title='bbox 188 5947 272 5999; x_wconf 79' lang='grc' dir='ltr'><strong>ιι,</strong></span> <span class='ocrx_word' id='word_1_563' title='bbox 317 5929 411 5984; x_wconf 72' lang='lat'><strong>20.</strong></span> 
     </span>
    </p>
   </div>
   <div class='ocr_carea' id='block_1_61' title="bbox 1801 1946 1849 2002">
    <p class='ocr_par' dir='ltr' id='par_1_61' title="bbox 1801 1946 1849 2002">
     <span class='ocr_line' id='line_1_61' title="bbox 1801 1946 1849 2002; baseline 0 -2"><span class='ocrx_word' id='word_1_564' title='bbox 1801 1946 1849 2002; x_wconf 85' lang='lat' dir='ltr'><strong>A</strong></span> 
     </span>
    </p>
   </div>
   <div class='ocr_carea' id='block_1_62' title="bbox 1442 5779 1842 5852">
    <p class='ocr_par' dir='ltr' id='par_1_62' title="bbox 1442 5779 1842 5852">
     <span class='ocr_line' id='line_1_62' title="bbox 1442 5779 1842 5852; baseline 0.005 -17"><span class='ocrx_word' id='word_1_565' title='bbox 1442 5781 1462 5812; x_wconf 86' lang='grc'>⁸</span> <span class='ocrx_word' id='word_1_566' title='bbox 1487 5779 1613 5852; x_wconf 79' lang='lat' dir='ltr'><strong>Sap.</strong></span> <span class='ocrx_word' id='word_1_567' title='bbox 1639 5797 1676 5845; x_wconf 85' lang='grc' dir='ltr'><strong>ι,</strong></span> <span class='ocrx_word' id='word_1_568' title='bbox 1711 5781 1762 5848; x_wconf 68' lang='grc'>4,</span> <span class='ocrx_word' id='word_1_569' title='bbox 1791 5782 1842 5837; x_wconf 70' lang='lat'><strong>5.</strong></span> 
     </span>
    </p>
   </div>
   <div class='ocr_carea' id='block_1_63' title="bbox 1579 5857 2088 5921">
    <p class='ocr_par' dir='ltr' id='par_1_63' title="bbox 1579 5857 2088 5921">
     <span class='ocr_line' id='line_1_63' title="bbox 1579 5857 2088 5921; baseline -0.002 -9"><span class='ocrx_word' id='word_1_570' title='bbox 1579 5857 1623 5888; x_wconf 82' lang='grc'><strong>’³</strong></span> <span class='ocrx_word' id='word_1_571' title='bbox 1649 5859 1807 5913; x_wconf 68' lang='lat' dir='ltr'><strong>Prov.</strong></span> <span class='ocrx_word' id='word_1_572' title='bbox 1847 5873 1967 5921; x_wconf 81' lang='lat' dir='ltr'><strong>xm,</strong></span> <span class='ocrx_word' id='word_1_573' title='bbox 1995 5859 2088 5912; x_wconf 66' lang='grc' dir='ltr'>Ἡ.</span> 
     </span>
    </p>
   </div>
   <div class='ocr_carea' id='block_1_64' title="bbox 2374 1933 2968 2012">
    <p class='ocr_par' dir='ltr' id='par_1_64' title="bbox 2374 1933 2968 2012">
     <span class='ocr_line' id='line_1_64' title="bbox 2374 1933 2968 2012; baseline -0.017 1"><span class='ocrx_word' id='word_1_574' title='bbox 2374 1933 2660 2012; x_wconf 64' lang='lat' dir='ltr'><strong>neultra</strong></span> <span class='ocrx_word' id='word_1_575' title='bbox 2701 1949 2968 2007; x_wconf 68' lang='lat' dir='ltr'><strong>LXXX“.</strong></span> 
     </span>
    </p>
   </div>
   <div class='ocr_carea' id='block_1_65' title="bbox 2217 2063 3119 2142">
    <p class='ocr_par' dir='ltr' id='par_1_65' title="bbox 2217 2063 3119 2142">
     <span class='ocr_line' id='line_1_65' title="bbox 2217 2063 3119 2142; baseline -0.017 -14"><span class='ocrx_word' id='word_1_576' title='bbox 2217 2075 2292 2128; x_wconf 84' lang='lat' dir='ltr'><strong>De</strong></span> <span class='ocrx_word' id='word_1_577' title='bbox 2331 2069 2611 2142; x_wconf 79' lang='lat' dir='ltr'><strong>disciplina</strong></span> <span class='ocrx_word' id='word_1_578' title='bbox 2631 2069 2738 2123; x_wconf 82' lang='lat' dir='ltr'><strong>sive</strong></span> <span class='ocrx_word' id='word_1_579' title='bbox 2767 2063 3119 2135; x_wconf 79' lang='lat' dir='ltr'><strong>correptione.</strong></span> 
     </span>
    </p>
   </div>
   <div class='ocr_carea' id='block_1_66' title="bbox 1949 2170 3469 2263">
    <p class='ocr_par' dir='ltr' id='par_1_66' title="bbox 1949 2170 3469 2263">
     <span class='ocr_line' id='line_1_66' title="bbox 1949 2170 3469 2263; baseline -0.016 -14"><span class='ocrx_word' id='word_1_580' title='bbox 1949 2191 2250 2263; x_wconf 85' lang='lat' dir='ltr'><strong>Disciplina</strong></span> <span class='ocrx_word' id='word_1_581' title='bbox 2286 2187 2588 2259; x_wconf 87' lang='lat' dir='ltr'><strong>quominus</strong></span> <span class='ocrx_word' id='word_1_582' title='bbox 2634 2183 2781 2239; x_wconf 89' lang='lat' dir='ltr'><strong>bona</strong></span> <span class='ocrx_word' id='word_1_583' title='bbox 2807 2179 2986 2235; x_wconf 90' lang='lat' dir='ltr'><strong>videri</strong></span> <span class='ocrx_word' id='word_1_584' title='bbox 3039 2175 3261 2237; x_wconf 87' lang='lat' dir='ltr'><strong>debeat,</strong></span> <span class='ocrx_word' id='word_1_585' title='bbox 3314 2170 3469 2226; x_wconf 76' lang='lat' dir='ltr'><strong>nulla</strong></span> 
     </span>
    </p>
   </div>
   <div class='ocr_carea' id='block_1_67' title="bbox 1874 2263 3467 2352">
    <p class='ocr_par' dir='ltr' id='par_1_67' title="bbox 1874 2263 3467 2352">
     <span class='ocr_line' id='line_1_67' title="bbox 1874 2263 3467 2352; baseline -0.016 -16"><span class='ocrx_word' id='word_1_586' title='bbox 1874 2281 2125 2352; x_wconf 76' lang='lat' dir='ltr'><strong>suppetit</strong></span> <span class='ocrx_word' id='word_1_587' title='bbox 2171 2276 2334 2342; x_wconf 86' lang='lat' dir='ltr'><strong>ratio,</strong></span> <span class='ocrx_word' id='word_1_588' title='bbox 2391 2273 2633 2329; x_wconf 83' lang='lat' dir='ltr'><strong>maxime</strong></span> <span class='ocrx_word' id='word_1_589' title='bbox 2676 2271 2722 2325; x_wconf 88' lang='lat' dir='ltr'><strong>si</strong></span> <span class='ocrx_word' id='word_1_590' title='bbox 2768 2265 3075 2324; x_wconf 90' lang='lat' dir='ltr'><strong>secundum</strong></span> <span class='ocrx_word' id='word_1_591' title='bbox 3134 2263 3318 2316; x_wconf 91' lang='lat' dir='ltr'><strong>Deum.</strong></span> <span class='ocrx_word' id='word_1_592' title='bbox 3359 2266 3467 2312; x_wconf 88' lang='lat' dir='ltr'><strong>est.</strong></span> 
     </span>
    </p>
   </div>
   <div class='ocr_carea' id='block_1_68' title="bbox 1877 2355 3469 2442">
    <p class='ocr_par' dir='ltr' id='par_1_68' title="bbox 1877 2355 3469 2442">
     <span class='ocr_line' id='line_1_68' title="bbox 1877 2355 3469 2442; baseline -0.014 -16"><span class='ocrx_word' id='word_1_593' title='bbox 1877 2372 2064 2442; x_wconf 80' lang='lat' dir='ltr'><strong>Neque</strong></span> <span class='ocrx_word' id='word_1_594' title='bbox 2115 2371 2264 2426; x_wconf 89' lang='lat' dir='ltr'><strong>enim</strong></span> <span class='ocrx_word' id='word_1_595' title='bbox 2325 2384 2452 2424; x_wconf 91' lang='lat' dir='ltr'><strong>eum</strong></span> <span class='ocrx_word' id='word_1_596' title='bbox 2489 2367 2586 2437; x_wconf 89' lang='lat' dir='ltr'><strong>qui</strong></span> <span class='ocrx_word' id='word_1_597' title='bbox 2640 2365 2711 2419; x_wconf 86' lang='lat' dir='ltr'><strong>ab</strong></span> <span class='ocrx_word' id='word_1_598' title='bbox 2741 2361 2970 2416; x_wconf 89' lang='lat' dir='ltr'><strong>ineunte</strong></span> <span class='ocrx_word' id='word_1_599' title='bbox 3001 2355 3246 2428; x_wconf 90' lang='lat' dir='ltr'><strong>primum</strong></span> <span class='ocrx_word' id='word_1_600' title='bbox 3305 2357 3469 2406; x_wconf 75' lang='lat' dir='ltr'><strong>:etate</strong></span> 
     </span>
    </p>
   </div>
   <div class='ocr_carea' id='block_1_69' title="bbox 1875 2442 3470 2535">
    <p class='ocr_par' dir='ltr' id='par_1_69' title="bbox 1875 2442 3470 2535">
     <span class='ocr_line' id='line_1_69' title="bbox 1875 2442 3470 2535; baseline -0.016 -16"><span class='ocrx_word' id='word_1_601' title='bbox 1875 2463 2300 2535; x_wconf 89' lang='lat' dir='ltr'><strong>philosophatus</strong></span> <span class='ocrx_word' id='word_1_602' title='bbox 2327 2461 2400 2516; x_wconf 86' lang='lat' dir='ltr'><strong>sit</strong></span> <span class='ocrx_word' id='word_1_603' title='bbox 2424 2467 2481 2514; x_wconf 94' lang='lat' dir='ltr'><strong>et</strong></span> <span class='ocrx_word' id='word_1_604' title='bbox 2505 2455 2764 2513; x_wconf 87' lang='lat' dir='ltr'><strong>eruditus</strong></span> <span class='ocrx_word' id='word_1_605' title='bbox 2780 2453 2849 2508; x_wconf 88' lang='lat' dir='ltr'><strong>ad</strong></span> <span class='ocrx_word' id='word_1_606' title='bbox 2873 2448 3182 2518; x_wconf 75' lang='lat' dir='ltr'><strong>disciplinae</strong></span> <span class='ocrx_word' id='word_1_607' title='bbox 3210 2453 3268 2500; x_wconf 91' lang='lat' dir='ltr'><strong>et</strong></span> <span class='ocrx_word' id='word_1_608' title='bbox 3285 2442 3470 2498; x_wconf 79' lang='lat' dir='ltr'><strong>Domi~</strong></span> 
     </span>
    </p>
   </div>
   <div class='ocr_carea' id='block_1_70' title="bbox 1873 2541 3470 2618">
    <p class='ocr_par' dir='ltr' id='par_1_70' title="bbox 1873 2541 3470 2618">
     <span class='ocr_line' id='line_1_70' title="bbox 1873 2541 3470 2618; baseline -0.019 0"><span class='ocrx_word' id='word_1_609' title='bbox 1873 2563 2012 2618; x_wconf 73' lang='lat' dir='ltr'><strong>nica:</strong></span> <span class='ocrx_word' id='word_1_610' title='bbox 2045 2555 2448 2616; x_wconf 88' lang='lat' dir='ltr'><strong>admonitionis</strong></span> <span class='ocrx_word' id='word_1_611' title='bbox 2479 2562 2758 2615; x_wconf 90' lang='lat' dir='ltr'><strong>tenorem,</strong></span> <span class='ocrx_word' id='word_1_612' title='bbox 2790 2559 2967 2614; x_wconf 91' lang='lat' dir='ltr'><strong>usque</strong></span> <span class='ocrx_word' id='word_1_613' title='bbox 2993 2541 3051 2596; x_wconf 89' lang='lat' dir='ltr'><strong>in</strong></span> <span class='ocrx_word' id='word_1_614' title='bbox 3085 2545 3368 2595; x_wconf 85' lang='lat' dir='ltr'><strong>senectam</strong></span> <span class='ocrx_word' id='word_1_615' title='bbox 3413 2543 3470 2589; x_wconf 87' lang='lat' dir='ltr'><strong>et</strong></span> 
     </span>
    </p>
   </div>
   <div class='ocr_carea' id='block_1_71' title="bbox 1875 2629 3468 2710">
    <p class='ocr_par' dir='ltr' id='par_1_71' title="bbox 1875 2629 3468 2710">
     <span class='ocr_line' id='line_1_71' title="bbox 1875 2629 3468 2710; baseline -0.018 -1"><span class='ocrx_word' id='word_1_616' title='bbox 1875 2654 2091 2708; x_wconf 89' lang='lat' dir='ltr'><strong>senium</strong></span> <span class='ocrx_word' id='word_1_617' title='bbox 2116 2652 2266 2706; x_wconf 87' lang='lat' dir='ltr'><strong>hunc</strong></span> <span class='ocrx_word' id='word_1_618' title='bbox 2291 2649 2437 2702; x_wconf 91' lang='lat' dir='ltr'><strong>Deus</strong></span> <span class='ocrx_word' id='word_1_619' title='bbox 2465 2641 2840 2710; x_wconf 87' lang='lat' dir='ltr'><strong>derelinquct.</strong></span> <span class='ocrx_word' id='word_1_620' title='bbox 2874 2635 2996 2691; x_wconf 84' lang='lat' dir='ltr'><strong>Non</strong></span> <span class='ocrx_word' id='word_1_621' title='bbox 3029 2631 3178 2689; x_wconf 88' lang='lat' dir='ltr'><strong>enim</strong></span> <span class='ocrx_word' id='word_1_622' title='bbox 3228 2629 3468 2700; x_wconf 79' lang='lat' dir='ltr'><strong>injustas</strong></span> 
     </span>
    </p>
   </div>
   <div class='ocr_carea' id='block_1_72' title="bbox 1873 2723 3470 2811">
    <p class='ocr_par' dir='ltr' id='par_1_72' title="bbox 1873 2723 3470 2811">
     <span class='ocr_line' id='line_1_72' title="bbox 1873 2723 3470 2811; baseline -0.019 -9"><span class='ocrx_word' id='word_1_623' title='bbox 1873 2747 2044 2811; x_wconf 91' lang='lat' dir='ltr'><strong>Deus,</strong></span> <span class='ocrx_word' id='word_1_624' title='bbox 2075 2751 2136 2799; x_wconf 92' lang='lat' dir='ltr'><strong>ut</strong></span> <span class='ocrx_word' id='word_1_625' title='bbox 2170 2741 2534 2798; x_wconf 84' lang='lat' dir='ltr'><strong>obliviscatur</strong></span> <span class='ocrx_word' id='word_1_626' title='bbox 2565 2732 2876 2804; x_wconf 65' lang='lat' dir='ltr'><strong>disciplinae</strong></span> <span class='ocrx_word' id='word_1_627' title='bbox 2922 2735 2981 2784; x_wconf 92' lang='lat' dir='ltr'><strong>et</strong></span> <span class='ocrx_word' id='word_1_628' title='bbox 3025 2723 3236 2782; x_wconf 89' lang='lat' dir='ltr'><strong>laboris</strong></span> <span class='ocrx_word' id='word_1_629' title='bbox 3274 2734 3470 2776; x_wconf 89' lang='lat' dir='ltr'><strong>eorum</strong></span> 
     </span>
    </p>
   </div>
   <div class='ocr_carea' id='block_1_73' title="bbox 1874 2811 3472 2911">
    <p class='ocr_par' dir='ltr' id='par_1_73' title="bbox 1874 2811 3472 2911">
     <span class='ocr_line' id='line_1_73' title="bbox 1874 2811 3472 2911; baseline -0.019 -16"><span class='ocrx_word' id='word_1_630' title='bbox 1874 2839 1969 2911; x_wconf 93' lang='lat' dir='ltr'><strong>qui</strong></span> <span class='ocrx_word' id='word_1_631' title='bbox 1993 2854 2094 2909; x_wconf 90' lang='lat' dir='ltr'><strong>pro</strong></span> <span class='ocrx_word' id='word_1_632' title='bbox 2127 2835 2303 2908; x_wconf 78' lang='lat' dir='ltr'><strong>gloria</strong></span> <span class='ocrx_word' id='word_1_633' title='bbox 2334 2829 2578 2887; x_wconf 91' lang='lat' dir='ltr'><strong>nominis</strong></span> <span class='ocrx_word' id='word_1_634' title='bbox 2605 2827 2784 2898; x_wconf 90' lang='lat' dir='ltr'><strong>ipsius</strong></span> <span class='ocrx_word' id='word_1_635' title='bbox 2811 2838 2926 2878; x_wconf 91' lang='lat' dir='ltr'><strong>non</strong></span> <span class='ocrx_word' id='word_1_636' title='bbox 2959 2821 3247 2875; x_wconf 89' lang='lat' dir='ltr'><strong>instrenue</strong></span> <span class='ocrx_word' id='word_1_637' title='bbox 3299 2811 3472 2870; x_wconf 85' lang='lat' dir='ltr'><strong>susti-</strong></span> 
     </span>
    </p>
   </div>
   <div class='ocr_carea' id='block_1_74' title="bbox 1875 2905 3474 2992">
    <p class='ocr_par' dir='ltr' id='par_1_74' title="bbox 1875 2905 3474 2992">
     <span class='ocr_line' id='line_1_74' title="bbox 1875 2905 3474 2992; baseline -0.017 -8"><span class='ocrx_word' id='word_1_638' title='bbox 1875 2905 2030 2984; x_wconf 77' lang='lat' dir='ltr'><strong>nent.</strong></span> <span class='ocrx_word' id='word_1_639' title='bbox 2056 2905 2189 2992; x_wconf 54' lang='lat' dir='ltr'><strong>Qui?</strong></span> <span class='ocrx_word' id='word_1_640' title='bbox 2209 2921 2523 2979; x_wconf 91' lang='lat' dir='ltr'><strong>secundum</strong></span> <span class='ocrx_word' id='word_1_641' title='bbox 2564 2919 2740 2974; x_wconf 89' lang='lat' dir='ltr'><strong>Deum</strong></span> <span class='ocrx_word' id='word_1_642' title='bbox 2773 2922 2859 2970; x_wconf 89' lang='lat' dir='ltr'><strong>est</strong></span> <span class='ocrx_word' id='word_1_643' title='bbox 2899 2909 3222 2981; x_wconf 87' lang='lat' dir='ltr'><strong>disciplina,</strong></span> <span class='ocrx_word' id='word_1_644' title='bbox 3264 2905 3324 2961; x_wconf 90' lang='lat' dir='ltr'><strong>in</strong></span> <span class='ocrx_word' id='word_1_645' title='bbox 3373 2919 3474 2960; x_wconf 80' lang='lat' dir='ltr'><strong>ex-</strong></span> 
     </span>
    </p>
   </div>
   <div class='ocr_carea' id='block_1_75' title="bbox 1877 2999 3472 3075">
    <p class='ocr_par' dir='ltr' id='par_1_75' title="bbox 1877 2999 3472 3075">
     <span class='ocr_line' id='line_1_75' title="bbox 1877 2999 3472 3075; baseline -0.014 0"><span class='ocrx_word' id='word_1_646' title='bbox 1877 3019 2072 3075; x_wconf 90' lang='lat' dir='ltr'><strong>tremis</strong></span> <span class='ocrx_word' id='word_1_647' title='bbox 2101 3017 2222 3072; x_wconf 87' lang='lat' dir='ltr'><strong>suis</strong></span> <span class='ocrx_word' id='word_1_648' title='bbox 2251 3014 2425 3070; x_wconf 88' lang='lat' dir='ltr'><strong>multa</strong></span> <span class='ocrx_word' id='word_1_649' title='bbox 2458 3027 2587 3066; x_wconf 88' lang='lat' dir='ltr'><strong>cum</strong></span> <span class='ocrx_word' id='word_1_650' title='bbox 2623 3009 2886 3064; x_wconf 88' lang='lat' dir='ltr'><strong>libertate</strong></span> <span class='ocrx_word' id='word_1_651' title='bbox 2915 3020 2982 3060; x_wconf 88' lang='lat' dir='ltr'><strong>ac</strong></span> <span class='ocrx_word' id='word_1_652' title='bbox 3027 3000 3231 3057; x_wconf 80' lang='lat' dir='ltr'><strong>ﬁducia</strong></span> <span class='ocrx_word' id='word_1_653' title='bbox 3276 2999 3472 3069; x_wconf 88' lang='lat' dir='ltr'><strong>loque-</strong></span> 
     </span>
    </p>
   </div>
   <div class='ocr_carea' id='block_1_76' title="bbox 1878 3095 3471 3176">
    <p class='ocr_par' dir='ltr' id='par_1_76' title="bbox 1878 3095 3471 3176">
     <span class='ocr_line' id='line_1_76' title="bbox 1878 3095 3471 3176; baseline -0.014 -10"><span class='ocrx_word' id='word_1_654' title='bbox 1878 3121 1989 3167; x_wconf 89' lang='lat' dir='ltr'><strong>tur.</strong></span> <span class='ocrx_word' id='word_1_655' title='bbox 2010 3111 2054 3165; x_wconf 79' lang='grc' dir='ltr'>Α</span> <span class='ocrx_word' id='word_1_656' title='bbox 2079 3109 2242 3164; x_wconf 85' lang='lat' dir='ltr'><strong>nobis</strong></span> <span class='ocrx_word' id='word_1_657' title='bbox 2277 3107 2472 3176; x_wconf 90' lang='lat' dir='ltr'><strong>utique</strong></span> <span class='ocrx_word' id='word_1_658' title='bbox 2497 3105 2644 3159; x_wconf 90' lang='lat' dir='ltr'><strong>Deus</strong></span> <span class='ocrx_word' id='word_1_659' title='bbox 2669 3099 3006 3156; x_wconf 87' lang='lat' dir='ltr'><strong>ctiam‘bona</strong></span> <span class='ocrx_word' id='word_1_660' title='bbox 3032 3095 3237 3159; x_wconf 80' lang='lat' dir='ltr'><strong>aufert,</strong></span> <span class='ocrx_word' id='word_1_661' title='bbox 3269 3107 3471 3164; x_wconf 42' lang='lat' dir='ltr'><strong>qu‘em-</strong></span> 
     </span>
    </p>
   </div>
   <div class='ocr_carea' id='block_1_77' title="bbox 1876 3183 3474 3260">
    <p class='ocr_par' dir='ltr' id='par_1_77' title="bbox 1876 3183 3474 3260">
     <span class='ocr_line' id='line_1_77' title="bbox 1876 3183 3474 3260; baseline -0.015 0"><span class='ocrx_word' id='word_1_662' title='bbox 1876 3203 2174 3260; x_wconf 76' lang='lat' dir='ltr'><strong>admodum</strong></span> <span class='ocrx_word' id='word_1_663' title='bbox 2226 3217 2255 3254; x_wconf 89' lang='lat' dir='ltr'><strong>a</strong></span> <span class='ocrx_word' id='word_1_664' title='bbox 2324 3205 2520 3254; x_wconf 89' lang='lat' dir='ltr'><strong>sancto</strong></span> <span class='ocrx_word' id='word_1_665' title='bbox 2549 3195 2653 3252; x_wconf 87' lang='lat' dir='ltr'><strong>.lob</strong></span> <span class='ocrx_word' id='word_1_666' title='bbox 2683 3193 2939 3248; x_wconf 81' lang='lat' dir='ltr'><strong>divitias:</strong></span> <span class='ocrx_word' id='word_1_667' title='bbox 2978 3209 2994 3242; x_wconf 86' lang='grc' dir='ltr'><strong>ι</strong></span> <span class='ocrx_word' id='word_1_668' title='bbox 3026 3186 3298 3243; x_wconf 87' lang='lat' dir='ltr'><strong>Dominus</strong></span> <span class='ocrx_word' id='word_1_669' title='bbox 3325 3183 3474 3239; x_wconf 75' lang='lat' dir='ltr'><strong>enin</strong></span> 
     </span>
    </p>
   </div>
   <div class='ocr_carea' id='block_1_78' title="bbox 1877 3275 3476 3360">
    <p class='ocr_par' dir='ltr' id='par_1_78' title="bbox 1877 3275 3476 3360">
     <span class='ocr_line' id='line_1_78' title="bbox 1877 3275 3476 3360; baseline -0.014 -8"><span class='ocrx_word' id='word_1_670' title='bbox 1877 3297 2057 3360; x_wconf 85' lang='lat' dir='ltr'><strong>dedit,</strong></span> <span class='ocrx_word' id='word_1_671' title='bbox 2108 3304 2166 3350; x_wconf 92' lang='lat' dir='ltr'><strong>et</strong></span> <span class='ocrx_word' id='word_1_672' title='bbox 2210 3292 2481 3348; x_wconf 89' lang='lat' dir='ltr'><strong>Dominus</strong></span> <span class='ocrx_word' id='word_1_673' title='bbox 2527 3287 2760 3342; x_wconf 86' lang='lat' dir='ltr'><strong>abstulit</strong></span> <span class='ocrx_word' id='word_1_674' title='bbox 2794 3286 2860 3337; x_wconf 83' lang='lat'><strong>&#39;°.</strong></span> <span class='ocrx_word' id='word_1_675' title='bbox 2913 3303 2932 3334; x_wconf 81' lang='grc' dir='ltr'><strong>ι</strong></span> <span class='ocrx_word' id='word_1_676' title='bbox 2991 3281 3346 3348; x_wconf 80' lang='lat' dir='ltr'><strong>Quaecunque</strong></span> <span class='ocrx_word' id='word_1_677' title='bbox 3403 3275 3476 3331; x_wconf 88' lang='lat' dir='ltr'><strong>ab</strong></span> 
     </span>
    </p>
   </div>
   <div class='ocr_carea' id='block_1_79' title="bbox 1875 3370 3478 3442">
    <p class='ocr_par' dir='ltr' id='par_1_79' title="bbox 1875 3370 3478 3442">
     <span class='ocr_line' id='line_1_79' title="bbox 1875 3370 3478 3442; baseline -0.012 0"><span class='ocrx_word' id='word_1_678' title='bbox 1875 3388 2036 3442; x_wconf 91' lang='lat' dir='ltr'><strong>initio</strong></span> <span class='ocrx_word' id='word_1_679' title='bbox 2081 3385 2295 3440; x_wconf 87' lang='lat' dir='ltr'><strong>conditi</strong></span> <span class='ocrx_word' id='word_1_680' title='bbox 2337 3381 2530 3438; x_wconf 83' lang='lat' dir='ltr'><strong>saeculi</strong></span> <span class='ocrx_word' id='word_1_681' title='bbox 2561 3379 2709 3434; x_wconf 85' lang='lat' dir='ltr'><strong>mala</strong></span> <span class='ocrx_word' id='word_1_682' title='bbox 2759 3376 2976 3439; x_wconf 85' lang='lat' dir='ltr'><strong>intulit,</strong></span> <span class='ocrx_word' id='word_1_683' title='bbox 3021 3373 3090 3427; x_wconf 90' lang='lat' dir='ltr'><strong>de</strong></span> <span class='ocrx_word' id='word_1_684' title='bbox 3147 3386 3316 3426; x_wconf 88' lang='lat' dir='ltr'><strong>manu</strong></span> <span class='ocrx_word' id='word_1_685' title='bbox 3355 3370 3478 3440; x_wconf 80' lang='lat' dir='ltr'><strong>ejus</strong></span> 
     </span>
    </p>
   </div>
   <div class='ocr_carea' id='block_1_80' title="bbox 1875 3467 3479 3550">
    <p class='ocr_par' dir='ltr' id='par_1_80' title="bbox 1875 3467 3479 3550">
     <span class='ocr_line' id='line_1_80' title="bbox 1875 3467 3479 3550; baseline -0.014 -13"><span class='ocrx_word' id='word_1_686' title='bbox 1875 3481 2226 3550; x_wconf 84' lang='lat' dir='ltr'><strong>accepimus:</strong></span> <span class='ocrx_word' id='word_1_687' title='bbox 2261 3497 2278 3530; x_wconf 79' lang='grc' dir='ltr'><strong>ι</strong></span> <span class='ocrx_word' id='word_1_688' title='bbox 2317 3478 2467 3532; x_wconf 83' lang='lat' dir='ltr'><strong>Bona</strong></span> <span class='ocrx_word' id='word_1_689' title='bbox 2493 3475 2644 3531; x_wconf 88' lang='lat' dir='ltr'><strong>enim</strong></span> <span class='ocrx_word' id='word_1_690' title='bbox 2691 3481 2749 3528; x_wconf 91' lang='lat' dir='ltr'><strong>et</strong></span> <span class='ocrx_word' id='word_1_691' title='bbox 2795 3471 2940 3526; x_wconf 88' lang='lat' dir='ltr'><strong>mala</strong></span> <span class='ocrx_word' id='word_1_692' title='bbox 2970 3467 3292 3532; x_wconf 88' lang='lat' dir='ltr'><strong>Domino”,</strong></span> <span class='ocrx_word' id='word_1_693' title='bbox 3325 3483 3344 3516; x_wconf 74' lang='grc' dir='ltr'><strong>ι</strong></span> <span class='ocrx_word' id='word_1_694' title='bbox 3399 3467 3479 3518; x_wconf 71' lang='lat' dir='ltr'><strong>ai.</strong></span> 
     </span>
    </p>
   </div>
   <div class='ocr_carea' id='block_1_81' title="bbox 1877 3557 3473 3643">
    <p class='ocr_par' dir='ltr' id='par_1_81' title="bbox 1877 3557 3473 3643">
     <span class='ocr_line' id='line_1_81' title="bbox 1877 3557 3473 3643; baseline -0.012 -15"><span class='ocrx_word' id='word_1_695' title='bbox 1877 3573 2185 3643; x_wconf 89' lang='lat' dir='ltr'><strong>Scriptura.</strong></span> <span class='ocrx_word' id='word_1_696' title='bbox 2241 3569 2481 3626; x_wconf 84' lang='lat' dir='ltr'><strong>Proinde</strong></span> <span class='ocrx_word' id='word_1_697' title='bbox 2521 3568 2619 3638; x_wconf 89' lang='lat' dir='ltr'><strong>qui</strong></span> <span class='ocrx_word' id='word_1_698' title='bbox 2672 3565 2814 3620; x_wconf 90' lang='lat' dir='ltr'><strong>mala</strong></span> <span class='ocrx_word' id='word_1_699' title='bbox 2867 3564 2986 3618; x_wconf 51' lang='lat' dir='ltr'><strong>hac</strong></span> <span class='ocrx_word' id='word_1_700' title='bbox 3028 3561 3244 3616; x_wconf 84' lang='lat' dir='ltr'><strong>invehit</strong></span> <span class='ocrx_word' id='word_1_701' title='bbox 3289 3557 3473 3614; x_wconf 85' lang='lat' dir='ltr'><strong>nobis.</strong></span> 
     </span>
    </p>
   </div>
   <div class='ocr_carea' id='block_1_82' title="bbox 1879 3651 3477 3734">
    <p class='ocr_par' dir='ltr' id='par_1_82' title="bbox 1879 3651 3477 3734">
     <span class='ocr_line' id='line_1_82' title="bbox 1879 3651 3477 3734; baseline -0.009 -16"><span class='ocrx_word' id='word_1_702' title='bbox 1879 3665 2024 3720; x_wconf 87' lang='lat' dir='ltr'><strong>idem</strong></span> <span class='ocrx_word' id='word_1_703' title='bbox 2059 3677 2282 3734; x_wconf 88' lang='lat' dir='ltr'><strong>quoque</strong></span> <span class='ocrx_word' id='word_1_704' title='bbox 2311 3661 2460 3728; x_wconf 61' lang='lat' dir='ltr'><strong>Deus</strong></span> <span class='ocrx_word' id='word_1_705' title='bbox 2480 3669 2750 3715; x_wconf 72' lang='lat' dir='ltr'><strong>aeternam</strong></span> <span class='ocrx_word' id='word_1_706' title='bbox 2781 3657 3010 3712; x_wconf 86' lang='lat' dir='ltr'><strong>inducet</strong></span> <span class='ocrx_word' id='word_1_707' title='bbox 3055 3654 3322 3710; x_wconf 64' lang='lat' dir='ltr'><strong>Iaatitiam.</strong></span> <span class='ocrx_word' id='word_1_708' title='bbox 3369 3651 3477 3704; x_wconf 66' lang='lat' dir='ltr'><strong>De»</strong></span> 
     </span>
    </p>
   </div>
   <div class='ocr_carea' id='block_1_83' title="bbox 1877 3746 3480 3824">
    <p class='ocr_par' dir='ltr' id='par_1_83' title="bbox 1877 3746 3480 3824">
     <span class='ocr_line' id='line_1_83' title="bbox 1877 3746 3480 3824; baseline -0.007 -14"><span class='ocrx_word' id='word_1_709' title='bbox 1877 3756 2076 3811; x_wconf 87' lang='lat' dir='ltr'><strong>bemus</strong></span> <span class='ocrx_word' id='word_1_710' title='bbox 2101 3755 2286 3824; x_wconf 87' lang='lat' dir='ltr'><strong>itaque</strong></span> <span class='ocrx_word' id='word_1_711' title='bbox 2309 3753 2483 3807; x_wconf 89' lang='lat' dir='ltr'><strong>multa</strong></span> <span class='ocrx_word' id='word_1_712' title='bbox 2503 3766 2630 3806; x_wconf 89' lang='lat' dir='ltr'><strong>cum</strong></span> <span class='ocrx_word' id='word_1_713' title='bbox 2651 3749 2955 3821; x_wconf 81' lang='lat' dir='ltr'><strong>gratiarum</strong></span> <span class='ocrx_word' id='word_1_714' title='bbox 2985 3748 3202 3802; x_wconf 88' lang='lat' dir='ltr'><strong>aetione</strong></span> <span class='ocrx_word' id='word_1_715' title='bbox 3222 3746 3480 3816; x_wconf 80' lang='lat' dir='ltr'><strong>accipere</strong></span> 
     </span>
    </p>
   </div>
   <div class='ocr_carea' id='block_1_84' title="bbox 1879 3838 3474 3915">
    <p class='ocr_par' dir='ltr' id='par_1_84' title="bbox 1879 3838 3474 3915">
     <span class='ocr_line' id='line_1_84' title="bbox 1879 3838 3474 3915; baseline -0.007 -13"><span class='ocrx_word' id='word_1_716' title='bbox 1879 3848 1937 3902; x_wconf 90' lang='lat' dir='ltr'><strong>in</strong></span> <span class='ocrx_word' id='word_1_717' title='bbox 1965 3846 2228 3902; x_wconf 86' lang='lat' dir='ltr'><strong>omnibus</strong></span> <span class='ocrx_word' id='word_1_718' title='bbox 2261 3845 2616 3915; x_wconf 84' lang='lat' dir='ltr'><strong>disciplinam</strong></span> <span class='ocrx_word' id='word_1_719' title='bbox 2661 3852 2718 3898; x_wconf 92' lang='lat' dir='ltr'><strong>ct</strong></span> <span class='ocrx_word' id='word_1_720' title='bbox 2749 3841 3166 3912; x_wconf 65' lang='lat' dir='ltr'><strong>(surreptionem</strong></span> <span class='ocrx_word' id='word_1_721' title='bbox 3214 3838 3474 3894; x_wconf 83' lang='lat' dir='ltr'><strong>Domini:</strong></span> 
     </span>
    </p>
   </div>
   <div class='ocr_carea' id='block_1_85' title="bbox 1878 3933 3478 4011">
    <p class='ocr_par' dir='ltr' id='par_1_85' title="bbox 1878 3933 3478 4011">
     <span class='ocr_line' id='line_1_85' title="bbox 1878 3933 3478 4011; baseline -0.006 -16"><span class='ocrx_word' id='word_1_722' title='bbox 1878 3940 1975 4011; x_wconf 89' lang='lat' dir='ltr'><strong>qui</strong></span> <span class='ocrx_word' id='word_1_723' title='bbox 2012 3941 2162 3996; x_wconf 89' lang='lat' dir='ltr'><strong>enim</strong></span> <span class='ocrx_word' id='word_1_724' title='bbox 2199 3955 2300 4010; x_wconf 90' lang='lat' dir='ltr'><strong>pro</strong></span> <span class='ocrx_word' id='word_1_725' title='bbox 2341 3939 2574 3994; x_wconf 85' lang='lat' dir='ltr'><strong>veritate</strong></span> <span class='ocrx_word' id='word_1_726' title='bbox 2603 3937 2916 4008; x_wconf 86' lang='lat' dir='ltr'><strong>quamlibet</strong></span> <span class='ocrx_word' id='word_1_727' title='bbox 2944 3935 3239 4006; x_wconf 76' lang='lat' dir='ltr'><strong>perplexas</strong></span> <span class='ocrx_word' id='word_1_728' title='bbox 3263 3933 3478 3988; x_wconf 70' lang='lat' dir='ltr'><strong>labores</strong></span> 
     </span>
    </p>
   </div>
   <div class='ocr_carea' id='block_1_86' title="bbox 1879 4027 3480 4098">
    <p class='ocr_par' dir='ltr' id='par_1_86' title="bbox 1879 4027 3480 4098">
     <span class='ocr_line' id='line_1_86' title="bbox 1879 4027 3480 4098; baseline -0.005 -10"><span class='ocrx_word' id='word_1_729' title='bbox 1879 4047 1992 4088; x_wconf 87' lang='lat' dir='ltr'><strong>nou</strong></span> <span class='ocrx_word' id='word_1_730' title='bbox 2043 4032 2150 4089; x_wconf 76' lang='lat' dir='ltr'><strong>fert</strong></span> <span class='ocrx_word' id='word_1_731' title='bbox 2193 4032 2509 4097; x_wconf 86' lang='lat' dir='ltr'><strong>ultroneus,</strong></span> <span class='ocrx_word' id='word_1_732' title='bbox 2563 4030 2704 4085; x_wconf 88' lang='lat' dir='ltr'><strong>nolit</strong></span> <span class='ocrx_word' id='word_1_733' title='bbox 2756 4029 2908 4094; x_wconf 80' lang='lat' dir='ltr'><strong>licet,</strong></span> <span class='ocrx_word' id='word_1_734' title='bbox 2979 4029 3157 4082; x_wconf 84' lang='lat' dir='ltr'><strong>multo</strong></span> <span class='ocrx_word' id='word_1_735' title='bbox 3201 4027 3480 4098; x_wconf 87' lang='lat' dir='ltr'><strong>plectetur</strong></span> 
     </span>
    </p>
   </div>
   <div class='ocr_carea' id='block_1_87' title="bbox 1880 4121 3480 4196">
    <p class='ocr_par' dir='ltr' id='par_1_87' title="bbox 1880 4121 3480 4196">
     <span class='ocr_line' id='line_1_87' title="bbox 1880 4121 3480 4196; baseline -0.004 -16"><span class='ocrx_word' id='word_1_736' title='bbox 1880 4126 2176 4196; x_wconf 86' lang='lat' dir='ltr'><strong>disciplina</strong></span> <span class='ocrx_word' id='word_1_737' title='bbox 2207 4125 2505 4181; x_wconf 86' lang='lat' dir='ltr'><strong>atrociore.</strong></span> <span class='ocrx_word' id='word_1_738' title='bbox 2529 4123 2797 4194; x_wconf 86' lang='lat' dir='ltr'><strong>Quisquis</strong></span> <span class='ocrx_word' id='word_1_739' title='bbox 2825 4132 3010 4179; x_wconf 84' lang='lat' dir='ltr'><strong>autem</strong></span> <span class='ocrx_word' id='word_1_740' title='bbox 3031 4121 3316 4194; x_wconf 69' lang='lat' dir='ltr'><strong>explendae</strong></span> <span class='ocrx_word' id='word_1_741' title='bbox 3337 4121 3480 4176; x_wconf 77' lang='lat' dir='ltr'><strong>divi-</strong></span> 
     </span>
    </p>
   </div>
   <div class='ocr_carea' id='block_1_88' title="bbox 1880 4214 3556 4289">
    <p class='ocr_par' dir='ltr' id='par_1_88' title="bbox 1880 4214 3556 4289">
     <span class='ocr_line' id='line_1_88' title="bbox 1880 4214 3556 4289; baseline -0.005 -13"><span class='ocrx_word' id='word_1_742' title='bbox 1880 4236 1966 4279; x_wconf 79' lang='lat' dir='ltr'><strong>nae</strong></span> <span class='ocrx_word' id='word_1_743' title='bbox 1999 4219 2276 4275; x_wconf 85' lang='lat' dir='ltr'><strong>voluntati</strong></span> <span class='ocrx_word' id='word_1_744' title='bbox 2293 4234 2354 4274; x_wconf 90' lang='lat' dir='ltr'><strong>se</strong></span> <span class='ocrx_word' id='word_1_745' title='bbox 2388 4229 2732 4289; x_wconf 87' lang='lat' dir='ltr'><strong>spontaneus</strong></span> <span class='ocrx_word' id='word_1_746' title='bbox 2754 4216 3156 4284; x_wconf 86' lang='lat' dir='ltr'><strong>accommodat,</strong></span> <span class='ocrx_word' id='word_1_747' title='bbox 3177 4233 3274 4286; x_wconf 83' lang='lat' dir='ltr'><strong>per</strong></span> <span class='ocrx_word' id='word_1_748' title='bbox 3297 4214 3478 4270; x_wconf 85' lang='lat' dir='ltr'><strong>modi-</strong></span> <span class='ocrx_word' id='word_1_749' title='bbox 3550 4277 3556 4284; x_wconf 44' lang='grc'><strong>,</strong></span> 
     </span>
    </p>
   </div>
   <div class='ocr_carea' id='block_1_89' title="bbox 1881 4307 3554 4382">
    <p class='ocr_par' dir='ltr' id='par_1_89' title="bbox 1881 4307 3554 4382">
     <span class='ocr_line' id='line_1_89' title="bbox 1881 4307 3554 4382; baseline -0.004 -12"><span class='ocrx_word' id='word_1_750' title='bbox 1881 4331 1980 4370; x_wconf 88' lang='lat' dir='ltr'><strong>eos</strong></span> <span class='ocrx_word' id='word_1_751' title='bbox 2010 4309 2233 4369; x_wconf 77' lang='lat' dir='ltr'><strong>labores</strong></span> <span class='ocrx_word' id='word_1_752' title='bbox 2267 4313 2526 4368; x_wconf 90' lang='lat' dir='ltr'><strong>ultronee</strong></span> <span class='ocrx_word' id='word_1_753' title='bbox 2572 4312 2838 4367; x_wconf 88' lang='lat' dir='ltr'><strong>toleratos</strong></span> <span class='ocrx_word' id='word_1_754' title='bbox 2875 4311 3037 4382; x_wconf 81' lang='lat' dir='ltr'><strong>longe</strong></span> <span class='ocrx_word' id='word_1_755' title='bbox 3076 4311 3276 4367; x_wconf 64' lang='lat' dir='ltr'><strong>exadet</strong></span> <span class='ocrx_word' id='word_1_756' title='bbox 3324 4327 3480 4366; x_wconf 87' lang='lat' dir='ltr'><strong>acer-</strong></span> <span class='ocrx_word' id='word_1_757' title='bbox 3549 4307 3554 4312; x_wconf 83' lang='grc'><strong>’</strong></span> 
     </span>
    </p>
   </div>
   <div class='ocr_carea' id='block_1_90' title="bbox 1882 4402 3483 4474">
    <p class='ocr_par' dir='ltr' id='par_1_90' title="bbox 1882 4402 3483 4474">
     <span class='ocr_line' id='line_1_90' title="bbox 1882 4402 3483 4474; baseline -0.002 -12"><span class='ocrx_word' id='word_1_758' title='bbox 1882 4407 2091 4462; x_wconf 89' lang='lat' dir='ltr'><strong>biores.</strong></span> <span class='ocrx_word' id='word_1_759' title='bbox 2148 4404 2542 4462; x_wconf 72' lang='lat' dir='ltr'><strong>Parmmiastes</strong></span> <span class='ocrx_word' id='word_1_760' title='bbox 2587 4404 2869 4474; x_wconf 87' lang='lat' dir='ltr'><strong>siquidem</strong></span> <span class='ocrx_word' id='word_1_761' title='bbox 2935 4405 3057 4458; x_wconf 90' lang='lat' dir='ltr'><strong>ait:</strong></span> <span class='ocrx_word' id='word_1_762' title='bbox 3111 4423 3128 4454; x_wconf 75' lang='grc' dir='ltr'><strong>ι</strong></span> <span class='ocrx_word' id='word_1_763' title='bbox 3162 4403 3268 4470; x_wconf 74' lang='lat' dir='ltr'><strong>Qui</strong></span> <span class='ocrx_word' id='word_1_764' title='bbox 3321 4402 3483 4458; x_wconf 80' lang='lat' dir='ltr'><strong>timet</strong></span> 
     </span>
    </p>
   </div>
   <div class='ocr_carea' id='block_1_91' title="bbox 1880 4498 3479 4572">
    <p class='ocr_par' dir='ltr' id='par_1_91' title="bbox 1880 4498 3479 4572">
     <span class='ocr_line' id='line_1_91' title="bbox 1880 4498 3479 4572; baseline -0.004 -15"><span class='ocrx_word' id='word_1_765' title='bbox 1880 4501 2180 4557; x_wconf 90' lang='lat' dir='ltr'><strong>Dominum</strong></span> <span class='ocrx_word' id='word_1_766' title='bbox 2203 4499 2450 4572; x_wconf 78' lang='lat' dir='ltr'><strong>excipiet</strong></span> <span class='ocrx_word' id='word_1_767' title='bbox 2471 4499 2829 4570; x_wconf 86' lang='lat' dir='ltr'><strong>disciplinam</strong></span> <span class='ocrx_word' id='word_1_768' title='bbox 2855 4501 2918 4553; x_wconf 74' lang='lat'><strong>&quot;.</strong></span> <span class='ocrx_word' id='word_1_769' title='bbox 2955 4518 2974 4550; x_wconf 75' lang='grc' dir='ltr'><strong>ι</strong></span> <span class='ocrx_word' id='word_1_770' title='bbox 3008 4498 3256 4554; x_wconf 77' lang='lat' dir='ltr'><strong>Rursus:</strong></span> <span class='ocrx_word' id='word_1_771' title='bbox 3314 4517 3332 4549; x_wconf 85' lang='grc'><em>‹</em></span> <span class='ocrx_word' id='word_1_772' title='bbox 3374 4498 3479 4564; x_wconf 78' lang='lat' dir='ltr'><strong>Qui</strong></span> 
     </span>
    </p>
   </div>
   <div class='ocr_carea' id='block_1_92' title="bbox 1883 4592 3484 4664">
    <p class='ocr_par' dir='ltr' id='par_1_92' title="bbox 1883 4592 3484 4664">
     <span class='ocr_line' id='line_1_92' title="bbox 1883 4592 3484 4664; baseline -0.002 -16"><span class='ocrx_word' id='word_1_773' title='bbox 1883 4595 2062 4664; x_wconf 90' lang='lat' dir='ltr'><strong>parcit</strong></span> <span class='ocrx_word' id='word_1_774' title='bbox 2093 4593 2318 4658; x_wconf 78' lang='lat' dir='ltr'><strong>baculo,</strong></span> <span class='ocrx_word' id='word_1_775' title='bbox 2355 4593 2476 4648; x_wconf 87' lang='lat' dir='ltr'><strong>odit</strong></span> <span class='ocrx_word' id='word_1_776' title='bbox 2494 4592 2674 4648; x_wconf 84' lang='lat' dir='ltr'><strong>ﬁlium</strong></span> <span class='ocrx_word' id='word_1_777' title='bbox 2700 4610 2724 4660; x_wconf 88' lang='lat'><strong>;.</strong></span> <span class='ocrx_word' id='word_1_778' title='bbox 2757 4593 2852 4664; x_wconf 91' lang='lat' dir='ltr'><strong>qui</strong></span> <span class='ocrx_word' id='word_1_779' title='bbox 2886 4604 3074 4648; x_wconf 89' lang='lat' dir='ltr'><strong>autem</strong></span> <span class='ocrx_word' id='word_1_780' title='bbox 3107 4593 3306 4664; x_wconf 79' lang='lat' dir='ltr'><strong>diligit,</strong></span> <span class='ocrx_word' id='word_1_781' title='bbox 3351 4592 3484 4646; x_wconf 89' lang='lat' dir='ltr'><strong>dili—</strong></span> 
     </span>
    </p>
   </div>
   <div class='ocr_carea' id='block_1_93' title="bbox 1805 4681 3478 4759">
    <p class='ocr_par' dir='ltr' id='par_1_93' title="bbox 1805 4681 3478 4759">
     <span class='ocr_line' id='line_1_93' title="bbox 1805 4681 3478 4759; baseline -0.001 -19"><span class='ocrx_word' id='word_1_782' title='bbox 1805 4681 1847 4740; x_wconf 88' lang='lat' dir='ltr'>C</span> <span class='ocrx_word' id='word_1_783' title='bbox 1881 4696 2078 4759; x_wconf 77' lang='lat' dir='ltr'><strong>genter</strong></span> <span class='ocrx_word' id='word_1_784' title='bbox 2114 4688 2308 4744; x_wconf 90' lang='lat' dir='ltr'><strong>erudit</strong></span> <span class='ocrx_word' id='word_1_785' title='bbox 2355 4687 2602 4742; x_wconf 70' lang='lat' dir='ltr'><strong>illum”.</strong></span> <span class='ocrx_word' id='word_1_786' title='bbox 2637 4707 2655 4740; x_wconf 78' lang='grc' dir='ltr'><strong>ι</strong></span> <span class='ocrx_word' id='word_1_787' title='bbox 2717 4687 2964 4743; x_wconf 77' lang='lat' dir='ltr'><strong>iterum:</strong></span> <span class='ocrx_word' id='word_1_788' title='bbox 3010 4706 3028 4738; x_wconf 77' lang='grc' dir='ltr'><strong>ι</strong></span> <span class='ocrx_word' id='word_1_789' title='bbox 3075 4687 3246 4742; x_wconf 85' lang='lat' dir='ltr'><strong>Erudi</strong></span> <span class='ocrx_word' id='word_1_790' title='bbox 3301 4687 3478 4741; x_wconf 84' lang='lat' dir='ltr'><strong>lilium</strong></span> 
     </span>
    </p>
   </div>
   <div class='ocr_carea' id='block_1_94' title="bbox 1882 4777 3482 4848">
    <p class='ocr_par' dir='ltr' id='par_1_94' title="bbox 1882 4777 3482 4848">
     <span class='ocr_line' id='line_1_94' title="bbox 1882 4777 3482 4848; baseline -0.002 -13"><span class='ocrx_word' id='word_1_791' title='bbox 1882 4789 2062 4845; x_wconf 89' lang='lat' dir='ltr'><strong>tuum,</strong></span> <span class='ocrx_word' id='word_1_792' title='bbox 2093 4779 2175 4835; x_wconf 89' lang='lat' dir='ltr'><strong>sic</strong></span> <span class='ocrx_word' id='word_1_793' title='bbox 2195 4779 2347 4835; x_wconf 87' lang='lat' dir='ltr'><strong>enim</strong></span> <span class='ocrx_word' id='word_1_794' title='bbox 2373 4779 2533 4835; x_wconf 74' lang='lat' dir='ltr'><strong>bona:</strong></span> <span class='ocrx_word' id='word_1_795' title='bbox 2561 4779 2676 4848; x_wconf 88' lang='lat' dir='ltr'><strong>spei</strong></span> <span class='ocrx_word' id='word_1_796' title='bbox 2709 4781 2841 4834; x_wconf 90' lang='lat' dir='ltr'><strong>erit.</strong></span> <span class='ocrx_word' id='word_1_797' title='bbox 2876 4777 3043 4845; x_wconf 90' lang='lat' dir='ltr'><strong>Audi,</strong></span> <span class='ocrx_word' id='word_1_798' title='bbox 3069 4777 3168 4842; x_wconf 82' lang='lat' dir='ltr'><strong>liii,</strong></span> <span class='ocrx_word' id='word_1_799' title='bbox 3201 4787 3259 4833; x_wconf 91' lang='lat' dir='ltr'><strong>et</strong></span> <span class='ocrx_word' id='word_1_800' title='bbox 3283 4777 3482 4848; x_wconf 77' lang='lat' dir='ltr'><strong>excipe</strong></span> 
     </span>
    </p>
   </div>
   <div class='ocr_carea' id='block_1_95' title="bbox 1881 4869 3478 4942">
    <p class='ocr_par' dir='ltr' id='par_1_95' title="bbox 1881 4869 3478 4942">
     <span class='ocr_line' id='line_1_95' title="bbox 1881 4869 3478 4942; baseline 0 -14"><span class='ocrx_word' id='word_1_801' title='bbox 1881 4887 2035 4928; x_wconf 82' lang='lat' dir='ltr'><strong>meos</strong></span> <span class='ocrx_word' id='word_1_802' title='bbox 2057 4888 2368 4938; x_wconf 85' lang='lat' dir='ltr'><strong>sermones,</strong></span> <span class='ocrx_word' id='word_1_803' title='bbox 2392 4880 2445 4929; x_wconf 91' lang='lat' dir='ltr'><strong>ct</strong></span> <span class='ocrx_word' id='word_1_804' title='bbox 2477 4870 3006 4942; x_wconf 84' lang='lat' dir='ltr'><strong>multiplicabuntur</strong></span> <span class='ocrx_word' id='word_1_805' title='bbox 3028 4871 3163 4926; x_wconf 84' lang='lat' dir='ltr'><strong>anni</strong></span> <span class='ocrx_word' id='word_1_806' title='bbox 3183 4869 3310 4926; x_wconf 75' lang='lat' dir='ltr'><strong>vita:</strong></span> <span class='ocrx_word' id='word_1_807' title='bbox 3339 4879 3478 4932; x_wconf 77' lang='lat' dir='ltr'><strong>tuae;</strong></span> 
     </span>
    </p>
   </div>
   <div class='ocr_carea' id='block_1_96' title="bbox 1886 4961 3482 5047">
    <p class='ocr_par' dir='ltr' id='par_1_96' title="bbox 1886 4961 3482 5047">
     <span class='ocr_line' id='line_1_96' title="bbox 1886 4961 3482 5047; baseline -0.003 -27"><span class='ocrx_word' id='word_1_808' title='bbox 1886 4965 2100 5035; x_wconf 80' lang='lat'><strong>1157</strong></span> <span class='ocrx_word' id='word_1_809' title='bbox 2135 4964 2358 5034; x_wconf 88' lang='lat' dir='ltr'><strong>suscipe</strong></span> <span class='ocrx_word' id='word_1_810' title='bbox 2404 4965 2820 5034; x_wconf 88' lang='lat' dir='ltr'><strong>eorreptionem</strong></span> <span class='ocrx_word' id='word_1_811' title='bbox 2863 4977 3065 5028; x_wconf 89' lang='lat' dir='ltr'><strong>meam,</strong></span> <span class='ocrx_word' id='word_1_812' title='bbox 3109 4979 3181 5018; x_wconf 90' lang='lat' dir='ltr'><strong>ne</strong></span> <span class='ocrx_word' id='word_1_813' title='bbox 3228 4961 3482 5047; x_wconf 66' lang='lat' dir='ltr'><strong>dimittas</strong></span> 
     </span>
    </p>
   </div>
   <div class='ocr_carea' id='block_1_97' title="bbox 1881 5056 3478 5129">
    <p class='ocr_par' dir='ltr' id='par_1_97' title="bbox 1881 5056 3478 5129">
     <span class='ocr_line' id='line_1_97' title="bbox 1881 5056 3478 5129; baseline -0.003 -15"><span class='ocrx_word' id='word_1_814' title='bbox 1881 5075 2044 5127; x_wconf 89' lang='lat' dir='ltr'><strong>eam;</strong></span> <span class='ocrx_word' id='word_1_815' title='bbox 2083 5059 2228 5114; x_wconf 83' lang='lat' dir='ltr'><strong>[iiius</strong></span> <span class='ocrx_word' id='word_1_816' title='bbox 2249 5060 2400 5114; x_wconf 86' lang='lat' dir='ltr'><strong>enim</strong></span> <span class='ocrx_word' id='word_1_817' title='bbox 2429 5059 2526 5129; x_wconf 90' lang='lat' dir='ltr'><strong>qui</strong></span> <span class='ocrx_word' id='word_1_818' title='bbox 2553 5059 2766 5114; x_wconf 90' lang='lat' dir='ltr'><strong>omittit</strong></span> <span class='ocrx_word' id='word_1_819' title='bbox 2792 5057 3078 5123; x_wconf 82' lang='lat' dir='ltr'><strong>custodire</strong></span> <span class='ocrx_word' id='word_1_820' title='bbox 3125 5056 3478 5127; x_wconf 84' lang='lat' dir='ltr'><strong>disciplinam</strong></span> 
     </span>
    </p>
   </div>
   <div class='ocr_carea' id='block_1_98' title="bbox 1882 5153 3475 5226">
    <p class='ocr_par' dir='ltr' id='par_1_98' title="bbox 1882 5153 3475 5226">
     <span class='ocr_line' id='line_1_98' title="bbox 1882 5153 3475 5226; baseline -0.003 -18"><span class='ocrx_word' id='word_1_821' title='bbox 1882 5155 2078 5226; x_wconf 88' lang='lat' dir='ltr'><strong>patris,</strong></span> <span class='ocrx_word' id='word_1_822' title='bbox 2138 5153 2476 5226; x_wconf 79' lang='lat' dir='ltr'><strong>excogitabit</strong></span> <span class='ocrx_word' id='word_1_823' title='bbox 2529 5154 2804 5224; x_wconf 86' lang='lat' dir='ltr'><strong>colloquia</strong></span> <span class='ocrx_word' id='word_1_824' title='bbox 2852 5154 3111 5224; x_wconf 74' lang='lat' dir='ltr'><strong>prava”.</strong></span> <span class='ocrx_word' id='word_1_825' title='bbox 3159 5172 3178 5206; x_wconf 69' lang='grc' dir='ltr'><strong>ι</strong></span> <span class='ocrx_word' id='word_1_826' title='bbox 3229 5153 3475 5208; x_wconf 84' lang='lat' dir='ltr'><strong>lterum:</strong></span> 
     </span>
    </p>
   </div>
   <div class='ocr_carea' id='block_1_99' title="bbox 1889 5248 3479 5322">
    <p class='ocr_par' dir='ltr' id='par_1_99' title="bbox 1889 5248 3479 5322">
     <span class='ocr_line' id='line_1_99' title="bbox 1889 5248 3479 5322; baseline -0.001 -20"><span class='ocrx_word' id='word_1_827' title='bbox 1889 5269 1908 5302; x_wconf 75' lang='grc' dir='ltr'><strong>ι</strong></span> <span class='ocrx_word' id='word_1_828' title='bbox 1947 5249 2164 5306; x_wconf 87' lang='lat' dir='ltr'><strong>Stultus</strong></span> <span class='ocrx_word' id='word_1_829' title='bbox 2187 5249 2865 5320; x_wconf 87' lang='lat' dir='ltr'><strong>subsannatdisciplinam</strong></span> <span class='ocrx_word' id='word_1_830' title='bbox 2906 5248 3103 5322; x_wconf 86' lang='lat' dir='ltr'><strong>patris,</strong></span> <span class='ocrx_word' id='word_1_831' title='bbox 3152 5249 3246 5318; x_wconf 91' lang='lat' dir='ltr'><strong>qui</strong></span> <span class='ocrx_word' id='word_1_832' title='bbox 3292 5257 3479 5303; x_wconf 74' lang='lat' dir='ltr'><strong>autem</strong></span> 
     </span>
    </p>
   </div>
   <div class='ocr_carea' id='block_1_100' title="bbox 1887 5339 3479 5411">
    <p class='ocr_par' dir='ltr' id='par_1_100' title="bbox 1887 5339 3479 5411">
     <span class='ocr_line' id='line_1_100' title="bbox 1887 5339 3479 5411; baseline -0.003 -15"><span class='ocrx_word' id='word_1_833' title='bbox 1887 5342 2129 5396; x_wconf 88' lang='lat' dir='ltr'><strong>custodit</strong></span> <span class='ocrx_word' id='word_1_834' title='bbox 2189 5341 2594 5411; x_wconf 89' lang='lat' dir='ltr'><strong>correptiones,</strong></span> <span class='ocrx_word' id='word_1_835' title='bbox 2631 5341 2870 5396; x_wconf 90' lang='lat' dir='ltr'><strong>astutior</strong></span> <span class='ocrx_word' id='word_1_836' title='bbox 2914 5340 3106 5395; x_wconf 80' lang='lat' dir='ltr'><strong>erit”.</strong></span> <span class='ocrx_word' id='word_1_837' title='bbox 3147 5357 3167 5392; x_wconf 74' lang='grc' dir='ltr'><strong>ι</strong></span> <span class='ocrx_word' id='word_1_838' title='bbox 3227 5339 3479 5394; x_wconf 75' lang='lat' dir='ltr'><strong>Rursus:</strong></span> 
     </span>
    </p>
   </div>
   <div class='ocr_carea' id='block_1_101' title="bbox 1894 5433 3482 5504">
    <p class='ocr_par' dir='ltr' id='par_1_101' title="bbox 1894 5433 3482 5504">
     <span class='ocr_line' id='line_1_101' title="bbox 1894 5433 3482 5504; baseline -0.002 -17"><span class='ocrx_word' id='word_1_839' title='bbox 1894 5454 1913 5487; x_wconf 73' lang='grc' dir='ltr'><strong>ι</strong></span> <span class='ocrx_word' id='word_1_840' title='bbox 1961 5435 2036 5490; x_wconf 87' lang='lat' dir='ltr'><strong>Da</strong></span> <span class='ocrx_word' id='word_1_841' title='bbox 2063 5433 2130 5489; x_wconf 83' lang='lat' dir='ltr'><strong>ad</strong></span> <span class='ocrx_word' id='word_1_842' title='bbox 2157 5433 2512 5504; x_wconf 82' lang='lat' dir='ltr'><strong>disciplinam</strong></span> <span class='ocrx_word' id='word_1_843' title='bbox 2547 5448 2646 5488; x_wconf 90' lang='lat' dir='ltr'><strong>cor</strong></span> <span class='ocrx_word' id='word_1_844' title='bbox 2670 5439 2848 5500; x_wconf 87' lang='lat' dir='ltr'><strong>tuum,</strong></span> <span class='ocrx_word' id='word_1_845' title='bbox 2904 5447 3068 5488; x_wconf 90' lang='lat' dir='ltr'><strong>aures</strong></span> <span class='ocrx_word' id='word_1_846' title='bbox 3113 5439 3300 5486; x_wconf 90' lang='lat' dir='ltr'><strong>autem</strong></span> <span class='ocrx_word' id='word_1_847' title='bbox 3358 5438 3482 5485; x_wconf 76' lang='lat' dir='ltr'><strong>luas</strong></span> 
     </span>
    </p>
   </div>
   <div class='ocr_carea' id='block_1_102' title="bbox 1887 5525 3482 5604">
    <p class='ocr_par' dir='ltr' id='par_1_102' title="bbox 1887 5525 3482 5604">
     <span class='ocr_line' id='line_1_102' title="bbox 1887 5525 3482 5604; baseline -0.003 -20"><span class='ocrx_word' id='word_1_848' title='bbox 1887 5527 2244 5584; x_wconf 84' lang='lat' dir='ltr'><strong>accommoda</strong></span> <span class='ocrx_word' id='word_1_849' title='bbox 2265 5528 2621 5583; x_wconf 82' lang='lat' dir='ltr'><strong>sermonibus</strong></span> <span class='ocrx_word' id='word_1_850' title='bbox 2644 5527 2953 5604; x_wconf 39' lang='lat' dir='ltr'><strong>sensus‘ﬂ</strong></span> <span class='ocrx_word' id='word_1_851' title='bbox 2973 5545 2994 5574; x_wconf 79' lang='grc' dir='ltr'><strong>ι</strong></span> <span class='ocrx_word' id='word_1_852' title='bbox 3041 5527 3290 5582; x_wconf 88' lang='lat' dir='ltr'><strong>lterum:</strong></span> <span class='ocrx_word' id='word_1_853' title='bbox 3347 5543 3370 5576; x_wconf 69' lang='grc' dir='ltr'><strong><em>τ</em></strong></span> <span class='ocrx_word' id='word_1_854' title='bbox 3402 5525 3482 5580; x_wconf 70' lang='lat' dir='ltr'><strong>Ne</strong></span> 
     </span>
    </p>
   </div>
   <div class='ocr_carea' id='block_1_103' title="bbox 1886 5621 3483 5696">
    <p class='ocr_par' dir='ltr' id='par_1_103' title="bbox 1886 5621 3483 5696">
     <span class='ocr_line' id='line_1_103' title="bbox 1886 5621 3483 5696; baseline -0.004 -15"><span class='ocrx_word' id='word_1_855' title='bbox 1886 5625 2146 5681; x_wconf 84' lang='lat' dir='ltr'><strong>omiseris</strong></span> <span class='ocrx_word' id='word_1_856' title='bbox 2169 5623 2395 5680; x_wconf 89' lang='lat' dir='ltr'><strong>erudire</strong></span> <span class='ocrx_word' id='word_1_857' title='bbox 2420 5638 2696 5694; x_wconf 87' lang='lat' dir='ltr'><strong>puerum;</strong></span> <span class='ocrx_word' id='word_1_858' title='bbox 2743 5623 2875 5694; x_wconf 88' lang='lat' dir='ltr'><strong>quia</strong></span> <span class='ocrx_word' id='word_1_859' title='bbox 2899 5621 2944 5679; x_wconf 92' lang='lat' dir='ltr'><strong>si</strong></span> <span class='ocrx_word' id='word_1_860' title='bbox 2976 5623 3132 5696; x_wconf 72' lang='lat' dir='ltr'><strong>virga</strong></span> <span class='ocrx_word' id='word_1_861' title='bbox 3173 5637 3302 5678; x_wconf 89' lang='lat' dir='ltr'><strong>eum</strong></span> <span class='ocrx_word' id='word_1_862' title='bbox 3348 5635 3483 5693; x_wconf 82' lang='lat' dir='ltr'><strong>per-</strong></span> 
     </span>
    </p>
   </div>
   <div class='ocr_carea' id='block_1_104' title="bbox 1955 5782 2576 5849">
    <p class='ocr_par' dir='ltr' id='par_1_104' title="bbox 1955 5782 2576 5849">
     <span class='ocr_line' id='line_1_104' title="bbox 1955 5782 2576 5849; baseline 0.005 -13"><span class='ocrx_word' id='word_1_863' title='bbox 1955 5783 1997 5814; x_wconf 80' lang='grc'><strong>⁸⁴</strong></span> <span class='ocrx_word' id='word_1_864' title='bbox 2028 5783 2217 5839; x_wconf 72' lang='lat' dir='ltr'><strong>Matth.</strong></span> <span class='ocrx_word' id='word_1_865' title='bbox 2247 5799 2334 5849; x_wconf 79' lang='lat' dir='ltr'><strong>xv,</strong></span> <span class='ocrx_word' id='word_1_866' title='bbox 2368 5782 2456 5848; x_wconf 82' lang='grc'><strong>18,</strong></span> <span class='ocrx_word' id='word_1_867' title='bbox 2494 5782 2576 5839; x_wconf 81' lang='lat' dir='ltr'><strong>l9.</strong></span> 
     </span>
    </p>
   </div>
   <div class='ocr_carea' id='block_1_105' title="bbox 2172 5853 2674 5926">
    <p class='ocr_par' dir='ltr' id='par_1_105' title="bbox 2172 5853 2674 5926">
     <span class='ocr_line' id='line_1_105' title="bbox 2172 5853 2674 5926; baseline -0.002 -17"><span class='ocrx_word' id='word_1_868' title='bbox 2172 5859 2218 5889; x_wconf 64' lang='grc' dir='ltr'>’δ</span> <span class='ocrx_word' id='word_1_869' title='bbox 2247 5855 2410 5913; x_wconf 80' lang='lat' dir='ltr'><strong>Prov.</strong></span> <span class='ocrx_word' id='word_1_870' title='bbox 2446 5870 2556 5926; x_wconf 72' lang='lat' dir='ltr'><strong>xix,</strong></span> <span class='ocrx_word' id='word_1_871' title='bbox 2591 5853 2674 5910; x_wconf 89' lang='lat' dir='ltr'><strong>l8.</strong></span> 
     </span>
    </p>
   </div>
   <div class='ocr_carea' id='block_1_106' title="bbox 2689 5779 3487 5848">
    <p class='ocr_par' dir='ltr' id='par_1_106' title="bbox 2689 5779 3487 5848">
     <span class='ocr_line' id='line_1_106' title="bbox 2689 5779 3487 5848; baseline -0.003 -10"><span class='ocrx_word' id='word_1_872' title='bbox 2689 5784 2710 5816; x_wconf 84' lang='lat'>&#39;</span> <span class='ocrx_word' id='word_1_873' title='bbox 2737 5783 2930 5838; x_wconf 81' lang='lat' dir='ltr'><strong>Matth.</strong></span> <span class='ocrx_word' id='word_1_874' title='bbox 2968 5799 3062 5848; x_wconf 85' lang='lat' dir='ltr'><strong>xu,</strong></span> <span class='ocrx_word' id='word_1_875' title='bbox 3091 5780 3183 5837; x_wconf 76' lang='lat'><strong>55..</strong></span> <span class='ocrx_word' id='word_1_876' title='bbox 3302 5779 3346 5812; x_wconf 76' lang='grc'><strong>⁸⁸³</strong></span> <span class='ocrx_word' id='word_1_877' title='bbox 3377 5779 3487 5836; x_wconf 81' lang='lat' dir='ltr'><strong>Job</strong></span> 
     </span>
    </p>
   </div>
   <div class='ocr_carea' id='block_1_107' title="bbox 2756 5853 3480 5914">
    <p class='ocr_par' dir='ltr' id='par_1_107' title="bbox 2756 5853 3480 5914">
     <span class='ocr_line' id='line_1_107' title="bbox 2756 5853 3480 5914; baseline 0.006 -5"><span class='ocrx_word' id='word_1_878' title='bbox 2756 5855 2796 5886; x_wconf 83' lang='lat'>&quot;</span> <span class='ocrx_word' id='word_1_879' title='bbox 2819 5855 2982 5911; x_wconf 80' lang='lat' dir='ltr'><strong>Prm&#39;.</strong></span> <span class='ocrx_word' id='word_1_880' title='bbox 3017 5869 3102 5910; x_wconf 71' lang='lat' dir='ltr'><strong>xv.</strong></span> <span class='ocrx_word' id='word_1_881' title='bbox 3129 5854 3183 5910; x_wconf 84' lang='lat'><strong>5.</strong></span> <span class='ocrx_word' id='word_1_882' title='bbox 3241 5853 3280 5886; x_wconf 85' lang='grc'><strong>¹⁶</strong></span> <span class='ocrx_word' id='word_1_883' title='bbox 3312 5855 3480 5914; x_wconf 80' lang='lat' dir='ltr'><strong>Prov.</strong></span> 
     </span>
    </p>
   </div>
  </div>
