3944 6448
251 349 448 416 «less

1257 346 1588 407 HOMILIA
1625 345 1954 407 LXXXIII.
1990 371 2051 380 ·-
2095 348 2192 408 DE
2233 348 2607 412 CONSILIO.

3426 349 3562 416 lCSG

305 461 602 535 θεάρεετὸν
635 462 804 516 ἐστιν.
837 460 1024 524 Οὐδεὶς
1055 457 1165 531 γὰρ
1203 459 1232 513 6
1268 459 1344 530 μὴ
1377 459 1596 532 χρῄζων
1641 457 1881 531 συμϐού-

1993 460 2135 515 ceris
2165 461 2426 530 pretium,
2463 475 2693 532 remque
2724 460 2836 516 Deo
2872 476 3204 532 magnopere
3253 470 3560 532 acceptam,

307 563 424 622 λου,
455 558 504 610 εἰ
536 555 610 628 μὴ
641 555 798 626 μόνος
829 555 860 608 6
887 553 1041 619 Θεὸς,
1075 553 1104 605 6
1134 551 1234 622 τὴν
1273 551 1468 622 σοφίαν
1517 551 1734 616 κτίσας.
1765 551 1882 615 Πᾶς

305 649 365 702 δὲ
395 648 680 720 ἄνθρωπος
706 649 896 726 χρείαν
929 649 1042 720 ἔχει
1072 650 1403 720 συμϐουλίας
1430 651 1642 721 ἀγαθῆς
1679 650 1882 722 μᾶλλον

307 735 462 806 ἢτὺν
509 737 648 808 ἀέρα
698 737 980 794 ἀναπνεῖν.
1029 739 1227 804 Καθὼς
1273 745 1368 796 καὶ
1417 741 1570 811 παρά
1598 742 1699 810 τῆς
1731 739 1884 804 θείας

308 829 534 900 Γραφῆς
583 830 972 902 παιδευόμεθα.
1021 833 1192 902 Φησὶν
1235 833 1380 906 γάρ·
1419 852 1439 885 ‹
1490 832 1647 888 Μετά
1689 832 1884 904 βουλῆς

311 922 490 974 πάντα
524 921 689 988 ποίει,
722 923 860 994 μετά
892 923 1090 994 βουλῆς
1117 925 1412 979 οίνοπότει·
1451 943 1471 978 ι
1517 924 1608 980 τὸν
1642 941 1889 994 πνευμα-

253 1013 465 1072 ·,τικὺν
519 1010 721 1083 δηλαδὴ
783 1009 948 1077 οἶνον,
993 1014 1086 1067 τὸν
1135 1015 1495 1083 εὐφραίνοντα
1542 1015 1790 1086 καρδίαν.
1829 1013 1889 1068 ’0

309 1102 548 1168 τοιοῦτος
581 1106 840 1175 οὐδέποτε
887 1107 1108 1176 ἀστοχεῖ
1137 1147 1152 1171 ,
1207 1106 1322 1162 ἀλλ’
1371 1107 1692 1176 ἀμερίμνως
1741 1124 1892 1178 πιερ-

309 1195 486 1248 οδεύει.
543 1197 721 1250 πάντα
761 1197 854 1250 16v
897 1195 1010 1266 βίον
1039 1197 1226 1252 αὑτοῦ.
1255 1199 1601 1267 Μισοτυφίας
1647 1197 1755 1266 γὰρ
1797 1198 1890 1252 καὶ

309 1286 698 1350 ταπεινώσεως
739 1289 1042 1356 τεκμήριον
1069 1327 1084 1350 ,
1124 1289 1216 1341 τοῦ
1272 1289 1480 1342 δεῖσθαι
1533 1288 1889 1358 συμϐουλίας,

317 1377 556 1446 μάλιστα
591 1379 701 1430 τῶν
735 1380 795 1431 ἐν
839 1380 1007 1450 πείρᾳ
1048 1381 1344 1448 γερόντων.
1385 1381 1662 1451 Πρόδηλον
1707 1380 1765 1434 δὲ
1809 1381 1892 1434 ὅτι

316 1472 594 1531 ταπεινοῖς
627 1469 844 1522 δίδωσιν
875 1473 904 1524 6
933 1471 1066 1534 Θεὸς
1095 1470 1275 1542 χάριν,
1310 1472 1686 1542 ὑπερηφάνοις
1709 1471 1765 1524 δὲ
1794 1472 1890 1526 ἀν-

314 1561 657 1615 τιτάσσεται.
693 1561 891 1625 Καθὼς
937 1579 1102 1630 φησιν
1141 1565 1234 1616 καὶ
1265 1565 1293 1616 ὀ
1329 1563 1530 1628 Τοϐίας
1565 1564 1644 1636 τῷ
1673 1565 1774 1637 υἱῷ
1799 1565 1895 1618 αύ-

309 1652 430 1703 τοῦ·
469 1670 488 1703 ‹
529 1651 872 1721 Συμϐουλίαν
908 1653 1059 1722 παρά
1097 1654 1299 1718 παντὸς
1327 1654 1594 1726 φρονίμου
1627 1644 1892 1726 ζήτησον,

313 1744 411 1796 καὶ
449 1745 522 1814 μὴ
563 1747 984 1818 καταφρονήσῃς
1028 1747 1121 1800 ἐπὶ
1159 1747 1340 1817 πάσης
1386 1746 1717 1817 συμϐουλίας
1757 1765 1894 1819 χρη-

315 1835 504 1904 σίμης.
546 1856 566 1887 ι
602 1837 658 1890 Ὁ
689 1838 797 1907 γὰρ
837 1839 1082 1908 μετέχων
1115 1839 1448 1909 συμϐουλίας
1476 1839 1708 1909 ἀγαθῆς,
1741 1841 1800 1894 ὲν
1828 1843 1894 1912 τῇ
1929 1827 1968 1881 Β

445 1929 553 1982 τῶν
579 1929 811 1983 ἐντολῶν
844 1930 937 1984 τοῦ
968 1931 1176 2003 Κυρίου
1210 1931 1436 2002 βαδίζει·
1464 1931 1604 2004 ἀνὴρ
1625 1932 1680 1986 δὲ
1717 1933 1895 2002 ἀσύμο

312 2020 528 2086 ϐουλος,
564 2021 761 2074 ἑαυτοῦ
795 2023 1074 2092 πολέμιος,
1105 2024 1182 2088 ὡς
1229 2025 1499 2096 Ῥοϐοάμ,
1530 2028 1558 2079 ὁ
1600 2025 1695 2080 τοῦ
1733 2025 1897 2078 Σολο-

313 2113 554 2182 μῶντος.
618 2113 1054 2186 Ἐγκαταλείψας
1116 2117 1224 2190 γὰρ
1275 2119 1372 2188 τὴν
1425 2119 1638 2190 ἀγαθὴν
1701 2117 1897 2189 βουλὴν

308 2204 424 2257 τῶν
449 2205 858 2276 πρεσϐυτέρων,
891 2207 987 2259 καὶ
1015 2211 1305 2278 κατασχὼν
1325 2211 1426 2280 τὴν
1455 2207 1564 2262 τῶν
1591 2207 1898 2281 παιδαρίων

314 2295 538 2366 βουλὴν,
569 2297 1022 2365 ἀνεκτραφέντων
1053 2298 1167 2367 μετ’
1195 2299 1384 2363 αὐτοῦ,
1409 2299 1619 2370 ηὑρέθη
1649 2298 1897 2352 ἀπόλλων

307 2387 416 2456 τὴν
444 2387 724 2456 βασιλείαν
750 2388 858 2440 τῶν
886 2389 1018 2442 δέκα
1046 2390 1340 2461 σκήπτρων
1374 2391 1465 2443 τοῦ
1520 2391 1755 2464 Ἰσραήλ.
1788 2394 1898 2447 Κα-

309 2479 426 2543 λῶς
455 2476 548 2532 οὖν
583 2478 855 2544 ταλανίζει
887 2481 1014 2544 τοὺς
1045 2481 1323 2544 τοιούτους
1357 2483 1386 2535 6
1427 2483 1674 2546 Ἡσαΐας.
1715 2503 1734 2535 ‹
1757 2483 1896 2538 Οὐαὶ

313 2573 448 2644 γὰρ,
485 2574 688 2642 φησὶν,
730 2575 776 2626 oi
827 2564 1222 2643 βουλευόμενοι.
1269 2575 1330 2627 ού
1375 2575 1462 2628 διὰ
1495 2575 1724 2646 Κυρίου,
1757 2577 1806 2630 οἱ
1837 2579 1895 2632 ὲν

313 2665 500 2733 κρυφῇ
550 2662 848 2726 ποιοῦντες·
883 2665 979 2717 καὶ
1006 2663 1160 2719 ἔσται
1191 2667 1249 2718 ὲν
1289 2665 1475 2720 σκότει
1509 2668 1578 2720 τὰ
1624 2667 1762 2738 ἔργα
1792 2670 1892 2722 αύ-

311 2753 447 2806 τῶν.
483 2771 502 2804 ι
542 2753 605 2806 Ἥ
647 2755 755 2822 γὰρ
790 2753 954 2826 βουλὴ
987 2755 1096 2808 τῶν
1133 2757 1385 2826 πονηρῶν
1421 2757 1601 2828 ἄνομα
1641 2757 1895 2828 βουλεύε-

312 2861 430 2898 ται·
465 2845 514 2898 οἱ
553 2845 608 2898 δὲ
634 2847 902 2912 εὐσεϐεῖς,
945 2848 1144 2901 συνετά
1173 2849 1579 2902 ἐϐουλεύσαντο·
1612 2851 1708 2904 καὶ
1737 2851 1896 2916 ἄλλος

313 2938 492 3006 Σοφὸς
518 2937 724 3006 ἔλεγεν·
756 2958 776 2990 ‹
820 2940 952 2992 ’Δπὸ
988 2941 1162 2994 κακοῦ
1195 2942 1502 3010 συμϐούλου
1532 2942 1767 3011 φύλαξον
1795 2943 1894 3016 τὴν

311 3027 500 3099 ψυχήν
545 3047 662 3082 σου·
695 3032 790 3085 καὶ
833 3033 942 3102 γὰρ
989 3032 1150 3096 αὐτὸς
1195 3034 1371 3106 ἑαυτῷ
1418 3035 1753 3104 βουλεύεται,
1799 3037 1894 3090 καὶ

315 3123 578 3186 στήσεται
602 3125 660 3190 ἐξ
692 3112 963 3188 ἐναντίας,
1001 3126 1129 3178 ἰδεῖν
1162 3126 1224 3178 16
1259 3127 1690 3197 συμϐησόμενον.
1728 3147 1746 3180 ι
1784 3127 1893 3182 Καὶ

311 3213 501 3280 αὖθις·
549 3236 568 3268 ι
596 3219 687 3287 Μὴ
723 3217 976 3288 βουλεύου
1025 3219 1165 3289 μετά
1212 3219 1631 3273 ὑποϐλεπόντων
1667 3238 1746 3286 σε,
1797 3225 1892 3275 καὶ

311 3310 426 3363 ἀπὸ
475 3309 584 3364 τῶν
629 3309 934 3380 ζηλούντων
971 3329 1057 3376 σε,
1094 3311 1303 3382 κρύψον
1335 3311 1550 3382 βουλήν.
1596 3331 1614 3364 ι
1656 3314 1892 3378 Εἰκότως

309 3397 410 3467 οὖν
440 3402 535 3454 καὶ
574 3402 880 3472 ἀραρότως,
911 3401 1096 3466 καθὼς
1131 3403 1479 3472 προείρηται,
1520 3403 1810 3477 ὀφείλομεν
1834 3407 1892 3458 ὲν

311 3495 486 3547 πᾶσιν
519 3495 617 3563 τῆς
657 3497 1038 3562 πνευματικῆς
1083 3495 1568 3562 συμϐουλίαςιτῶν
1609 3497 1893 3566 ἐμπείρων

309 3585 590 3652 γερόντων
623 3585 890 3654 μετέχειν,
940 3585 1164 3654 φεύγειν
1204 3585 1261 3638 δὲ
1303 3585 1404 3648 τὰς
1454 3586 1563 3638 τῶν
1611 3587 1892 3658 σαρκικῶν

309 3677 413 3728 καὶ
440 3674 784 3729 ἀπαιδεύτων
809 3676 1162 3746 συμϐουλίας·
1197 3676 1282 3728 ἵνα
1316 3675 1390 3746 μὴ
1431 3677 1555 3730 ἀντὶ
1586 3678 1890 3748 στηριγμοῦ

313 3767 626 3837 φοινικίνης
651 3765 974 3836 βακτηρίας,
1013 3766 1322 3836 καλαμίνην
1362 3766 1558 3838 ῥάϐδον
1601 3768 1890 3838 κατάσχω-

316 3877 438 3932 μεν·
471 3861 596 3929 ἦτις
623 3861 722 3929 τὴν
765 3863 922 3930 χεῖρα
953 3860 1047 3913 τοῦ
1077 3860 1366 3931 ἀνθρώπου
1426 3861 1638 3932 τρήσει,
1666 3861 1763 3914 καὶ
1799 3861 1891 3916 τὸν

315 3951 398 4005 ἰὸν
425 3951 524 4019 τῆς
569 3949 784 4020 φύσεως
817 3950 1092 4017 ἐκϐάλλει,
1137 3951 1232 4004 καὶ
1276 3951 1399 4004 ἀντὶ
1433 3950 1708 4020 προϐάτου
1738 3950 1892 4024 λύκῳ

313 4039 726 4112 περιπέσωμεν.
765 4057 784 4090 ι
837 4040 894 4092 '0
945 4041 1056 4110 γὰρ
1107 4041 1586 4111 συμπορευὸμενος
1649 4045 1880 4111 σοφοῖς,

313 4131 488 4201 σοφὸς
502 4129 677 4182 ἔσται·
707 4131 734 4182 6
757 4129 812 4182 δὲ
837 4130 1316 4201 συμπορευόμενος
1350 4129 1604 4202 ἄφροσιν,
1635 4131 1888 4202 γνωσθή-

312 4239 487 4276 σεται·
521 4221 776 4294 αἴσοησις
814 4223 924 4292 γὰρ
951 4221 1104 4292 παρὰ
1135 4221 1442 4291 φρονίμοις,
1473 4223 1722 4293 εὐχερής.
1765 4241 1785 4274 ι
1831 4223 1892 4276 '0

310 4312 372 4366 δὲ
401 4310 674 4381 Σολομὼν,
707 4333 725 4363 ι
751 4311 812 4376 ὃς
842 4312 1038 4382 πλανᾷ,
1071 4312 1257 4380 φησὶν,
1284 4312 1466 4374 etilli-fi;
1493 4313 1552 4364 ὲν
1585 4313 1689 4385 ὀδῷ
1719 4315 1888 4385 κακῇ,

311 4403 398 4464 εἰς
431 4401 729 4470 διαφθορὰν
766 4401 927 4464 αὐτὸς
962 4403 1464 4469 ὲμπεσείται.ιῐὶαὶ
1493 4403 1654 4456 πάλιν
1677 4419 1690 4432 ·
1727 4422 1746 4454 ‹
1769 4403 1887 4469 Υἱὲ,

1989 551 2034 606 si
2061 551 2354 606 consilium
2377 561 2625 622 expetes.
2647 551 2817 606 Nemo
2829 551 2976 606 enim
2999 550 3312 605 invenietur
3331 551 3424 621 qui
3449 566 3561 607 non

1991 643 2210 714 indigus
2254 643 2327 699 sit
2385 639 2888 708 consiliarii,.nisi
2941 643 3087 696 Deus
3137 641 3330 706 solus,
3390 656 3564 711 penes

1990 751 2154 807 quem
2185 737 2458 808 sapientia
2479 746 2564 792 est
2592 737 2792 792 omnis.
2821 737 2958 790 Nam
2993 736 3160 790 homo
3198 737 3378 791 omnis
3411 736 3562 790 indi-

1991 845 2094 899 gus
2123 838 2210 884 est
2259 829 2449 900 proba:
2496 827 2946 891 consultationis,
3001 842 3116 896 prae
3169 826 3344 881 halitu
3399 842 3564 897 quem

1993 936 2089 976 ore
2121 921 2265 977 emat
2295 937 2360 976 ac
2380 921 2572 991 spirat,
2601 929 2662 975 ut
2686 937 2788 976 nos
2824 919 3028 974 divinre
3081 918 3393 988 Scripturm'
3431 934 3566 973 eruo

1995 1015 2156 1070 diunt
2183 1014 2330 1069 hunc
2363 1015 2419 1068 in
2446 1013 2698 1072 modum:
2735 1031 2753 1064 ι
2789 1011 2983 1069 Omnia
3015 1011 3100 1066 fac
3129 1027 3256 1068 cum
3309 1010 3563 1074 consilio,

1995 1123 2120 1164 cum
2151 1107 2386 1162 consilio
2442 1107 2632 1162 vinum
2665 1107 2853 1162 bibe”
2881 1126 2894 1161 :
2927 1127 2948 1158 ›
2996 1105 3260 1160 nimirum
3309 1103 3364 1158 id
3416 1101 3566 1173 quod

1997 1219 2093 1258 cor
2118 1201 2385 1265 laetificat,
2430 1200 2716 1270 spirituale
2741 1200 3004 1255 videlicet
3049 1198 3260 1252 vinum.
3295 1195 3400 1263 Qui
3443 1194 3568 1248 talis

1996 1303 2102 1360 est,
2135 1308 2417 1363 nunquam
2465 1293 2692 1348 aberrat
2741 1308 2780 1346 a.
2805 1307 2995 1362 scopo,
3055 1289 3152 1344 scd
3203 1289 3345 1344 liber
3393 1287 3570 1342 anxiae

2001 1387 2412 1453 sollicitudinis,
2433 1401 2588 1442 suam
2613 1399 2834 1440 omnem
2859 1382 3152 1452 tranquille
3179 1379 3350 1451 exigit
3376 1379 3565 1433 vitam.

1997 1480 2298 1537 Consilium
2335 1479 2482 1535 enim
2507 1494 2538 1532 a
2570 1477 2832 1548 quopiam
2863 1491 3157 1546 corrogare
3203 1483 3258 1528 ct
3287 1481 3566 1542 expetere,

1999 1572 2161 1641 plane
2210 1578 2594 1641 argumentum
2640 1577 2728 1622 est
2757 1567 3043 1623 hominum
3103 1565 3198 1636 qui
3251 1562 3570 1632 superbiam

2001 1661 2241 1725 oderint,
2273 1660 2416 1716 etde
2443 1676 2502 1716 se
2529 1659 2775 1715 modeste
2811 1659 3071 1720 sentiant,
3105 1673 3297 1711 eorum
3334 1654 3572 1710 maxime

2001 1752 2094 1822 qui
2154 1753 2414 1822 praesenti
2475 1758 2742 1822 urgentur
2795 1749 3064 1819 periculo.
3117 1747 3262 1802 Nulli
3327 1745 3572 1800 arbitror

1999 1844 2322 1910 obscurum,
2369 1843 2500 1914 quia
2561 1863 2578 1894 ι
2612 1842 2918 1896 humilibus
2965 1841 3112 1893 Deus
3161 1837 3256 1892 dat
3307 1835 3568 1906 gratiam,

1997 1934 2246 2004 superbis
2276 1946 2459 1989 autem
2481 1933 2772 1988 resistit“.
2811 1951 2829 1990 ι
2864 1930 3338 1999 Quemadmodum
3370 1927 3572 1983 Tobias

1997 2025 2133 2078 dicit
2157 2025 2302 2079 filio:
2338 2045 2356 2076 ι
2385 2023 2688 2080 Consilium
2719 2023 2788 2078 ab
2815 2022 2964 2078 omni
2997 2022 3242 2091 sapiente
3287 2016 3568 2089 petquire,

1997 2129 2150 2173 etne
2186 2118 2586 2188 contempseris
2611 2117 2901 2172 consilium
2951 2113 3164 2168 utile”.
3207 2132 3224 2163 ι
3262 2111 3365 2177 Qui
3420 2109 3571 2164 enim

1998 2210 2276 2278 particeps
2320 2219 2404 2262 est
2435 2206 2568 2261 boni
2611 2204 2851 2269 consilii,
2903 2219 3004 2274 per
3061 2201 3204 2256 viam
3259 2197 3572 2270 ingreditur

1997 2299 2384 2354 mandatorum
2415 2298 2631 2353 Domini
2655 2314 2671 2364 ;
2695 2297 2782 2352 vir
2809 2303 2992 2350 autem
3018 2291 3366 2348 inconsultus
3395 2331 3410 2356 ,
3433 2289 3573 2344 sibi-

1997 2385 2100 2456 ipsi
2137 2385 2314 2468 lLostis
2353 2393 2462 2440 est.
2519 2384 2784 2454 Exemplo
2829 2394 2914 2438 est
2961 2382 3207 2436 Roboatn
3260 2380 3572 2436 Salomonis

2001 2477 2166 2542 ﬁlius,
2203 2477 2320 2548 qui,
2355 2478 2625 2534 derelicto
2645 2477 2924 2533 seniorum
2957 2476 3134 2546 probo
3158 2475 3410 2539 consilio,
3437 2473 3572 2528 dum

1999 2587 2296 2640 puerorum
2314 2570 2406 2640 qui
2451 2585 2636 2626 secum
2664 2569 3039 2639 indulgentius
3064 2567 3280 2623 fuerant
3327 2566 3571 2632 educati,

1999 2663 2322 2718 adluerescit
2349 2663 2606 2728 consilio,
2633 2663 2920 2718 lsraelitici
2949 2662 3100 2733 regni
3125 2669 3348 2732 sceptra
3377 2661 3571 2716 decem

1996 2757 2322 2827 perdidit”.
2357 2759 2526 2812 Recte
2558 2756 2726 2826 igitur
2757 2757 2834 2810 sic
2861 2753 3204 2811 inconsultos
3236 2751 3575 2823 deperzedicat

1997 2851 2228 2904 miseros
2263 2851 2451 2914 Isaias,
2491 2850 2716 2905 dicens:
2745 2869 2762 2900 ι
2796 2851 2888 2905 Vae
2918 2838 3009 2920 qui
3035 2850 3226 2905 ineunt
3251 2847 3570 2910 consilium,

1996 2961 2104 2998 non
2132 2961 2230 3013 per
2257 2945 2576 3006 Dominum,
2597 2945 2652 2998 in
2676 2944 2892 2999 occulto
2929 2944 3212 3010 facientes,
3239 2951 3296 2998 et
3318 2949 3483 3009 erunt
3515 2941 3575 2996 in

1999 3037 2242 3091 tenebris
2271 3052 2437 3106 opera
2465 3052 2658 3092 eorum
2675 3036 3080 3092 3°.«Consilium
3111 3035 3260 3090 enim
3301 3035 3576 3103 maligno-

1997 3144 2116 3181 rum
2167 3127 2354 3195 iniqua
2387 3127 2685 3192 consultat,
2715 3127 2790 3196 pii
2825 3135 3010 3180 autem
3063 3125 3356 3195 prudentia
3395 3125 3574 3179 iniere

1995 3219 2250 3274 consilia.
2301 3219 2455 3274 Alius
2502 3220 2632 3274 item
2681 3218 2905 3288 sapiens
2953 3219 3226 3274 dicebat:
3272 3239 3290 3270 ‹
3328 3219 3374 3273 Α
3426 3218 3576 3272 malo

1993 3309 2313 3364 consiliario
2372 3309 2588 3364 custodi
2655 3311 2895 3364 animam
2944 3319 3091 3364 tuam
3115 3327 3154 3382 ἧς
3214 3309 3420 3364 etenim
3479 3309 3574 3365 ille

1994 3400 2210 3469 sibiipsi
2242 3401 2502 3464 consulit,
2535 3410 2591 3456 et
2634 3401 2806 3455 stabit
2843 3417 2910 3454 ex
2953 3401 3211 3470 Opposito
3267 3408 3330 3455 ut
3386 3401 3576 3456 videat

1994 3472 2133 3565 quid
2172 3495 2505 3542 eventurum
2546 3488 2704 3542 sit".
2741 3485 3000 3545 nRursus
3035 3505 3048 3542 :
3090 3507 3108 3538 ‹
3140 3488 3218 3544 Ne
3259 3489 3577 3544 consilieris

1993 3598 2117 3635 cum
2144 3597 2211 3636 eo
2241 3581 2335 3650 qui
2369 3589 2420 3636 te
2451 3589 2605 3636 torve
2659 3580 2927 3648 intuetur,
2979 3590 3035 3637 et
3089 3597 3120 3636 a
3171 3581 3480 3637 zelantibus
3522 3591 3574 3637 te

1993 3673 2271 3729 absconde
2322 3674 2701 3729 consilium“.
2747 3693 2766 3726 ›
2822 3675 2942 3728 Non
2985 3675 3153 3746 igitur
3199 3675 3300 3729 abs
3343 3690 3424 3740 re,
3475 3675 3572 3730 sed

1980 3779 2237 3835 congrue
2270 3763 2354 3834 (ut
2399 3765 2724 3834 praedictum
2774 3763 2879 3836 est)
2927 3765 2984 3820 in
3036 3764 3296 3820 omnibus
3343 3777 3574 3834 exspes;

1994 3857 2222 3913 tandum
2257 3857 2422 3912 nobis
2451 3867 2536 3912 est
2565 3859 2910 3914 consortium
2935 3857 3242 3927 spiritualis
3294 3857 3510 3912 consilii
3542 3873 3572 3912 a

1992 3950 2308 4006 senioribus
2341 3967 2483 4020 quos
2527 3967 2662 4006 usus
2717 3967 2898 4006 rerum
2957 3942 3228 4021 prolixior
3269 3950 3574 4022 prudentes
3672 3942 3677 3952 ’

1953 4054 1971 4072 ·
1993 4039 2258 4106 reddidit,
2287 4041 2594 4096 carnalium
2617 4056 2750 4098 vero
2777 4049 2832 4096 et
2859 4039 3266 4095 ineruditorum
3295 4041 3574 4096 consulta-

1995 4131 2174 4186 tiones
2200 4131 2438 4185 vitandae
2465 4146 2716 4216 prorsus,
2752 4139 2904 4186 utne
2951 4146 3052 4200 pro
3089 4116 3416 4186 fulcimento
3465 4131 3574 4187 sci-
3645 4208 3650 4216 ί

1991 4222 2220 4293 pionise
2249 4223 2448 4278 robore
2472 4223 2666 4293 palmae
2699 4221 2944 4292 decerpti
2975 4221 3188 4293 1159
3210 4222 3574 4278 arundineam
3643 4219 3648 4260 ἶ

1993 4313 2332 4368 retineamus
2355 4313 2592 4384 virgam,
2637 4329 2760 4384 quae
2791 4329 3012 4368 manum
3069 4314 3311 4369 hominis
3367 4313 3575 4370 fodicet

1993 4418 2059 4458 ac
2087 4402 2355 4472 perforet,
2375 4419 2596 4474 suaeque
2623 4403 2902 4476 inspergat
2921 4421 3196 4460 venenum
3223 4418 3452 4471 naturae,
3477 4415 3573 4462 aut

315 4492 394 4563 μὴ
451 4491 735 4564 καταλᾴϐῃ
778 4507 837 4544 σε
885 4490 1050 4562 βουλὴ
1082 4489 1251 4561 κακὴ.
1284 4493 1316 4562 ή
1344 4491 1718 4548 ἀπολείπουσα
1748 4493 1890 4547 διδα-

1996 4513 2098 4568 pro
2123 4511 2248 4564 ove,
2279 4497 2334 4550 in
2377 4496 2569 4567 lupum
2601 4498 2947 4553 revolvamur
2974 4506 3031 4554 et
3057 4497 3386 4554 incidamus.
3420 4517 3438 4551 ι
3466 4498 3572 4566 Qui

311 4583 544 4636 σκαλίαν
579 4583 850 4651 νεότητος.
885 4576 980 4644 Οἷς
1004 4581 1112 4651 γὰρ
1151 4580 1227 4652 μὴ
1263 4581 1501 4652 ὑπάρχει
1529 4583 1885 4654 κυϐέρνησις,

313 4675 608 4728 πίπτουσιν
635 4673 711 4736 ὡς
743 4671 918 4741 φύλλα
943 4688 956 4700 ·
995 4672 1240 4742 σωτηρία
1267 4671 1326 4726 δὲ
1361 4672 1598 4744 ὑπάρχει
1628 4675 1687 4726 ἐν
1719 4674 1890 4746 πολλῇ

313 4767 504 4838 βουλῇ.
531 4766 746 4836 Ὠσπερ
766 4765 874 4835 γάρ
902 4763 1057 4827 πόλις
1083 4763 1412 4834 ἀτείχιστος,
1447 4762 1622 4828 οὕτως
1649 4766 1788 4836 ἀνὴρ
1815 4765 1890 4837 μὴ

311 4857 455 4928 μετὰ
487 4855 682 4927 βουλῆς
721 4855 982 4926 πράσσων
1015 4869 1070 4906 τι
1130 4872 1150 4904 ι
1199 4853 1260 4907 '0
1289 4853 1382 4908 τοῦ
1423 4854 1556 4908 Θεοῦ
1604 4856 1893 4927 συνόμιλος

309 4949 577 5018 Μωῦσῆς,
598 4947 700 5022 οὐκ
723 4945 1037 5017 ἀπηξίωσεν
1057 4945 1156 5015 τῆς
1181 4960 1244 4998 συ
1254 4945 1516 5015 μϐουλίας
1557 4947 1650 5000 τοῦ
1679 4947 1884 5016 ’Ῑοθὼρ,

309 5037 448 5092 ἀλλά
469 5038 564 5092 καὶ
591 5038 692 5091 ὅσα
722 5033 876 5090 εἶπεν
901 5035 1069 5108 αὐτῷ,
1104 5036 1362 5102 εύδοκῶν,
1395 5039 1572 5092 πάντα
1605 5039 1886 5111 ἐποίησεν,

307 5131 407 5184 καὶ
440 5131 540 5183 οὐκ
571 5130 776 5200 ἐπῆρεν
807 5127 969 5182 αὐτὸν
1009 5129 1041 5198 η
1070 5126 1310 5197 τοσαύτη
1339 5129 1466 5196 δόξα
1497 5129 1589 5184 τοῦ
1617 5131 1751 5184 Θεοῦ
1793 5133 1889 5187 καὶ

308 5222 422 5276 τῶν
449 5203 773 5292 ἀνθρώπων.
793 5221 902 5274 Καὶ
933 5217 1066 5274 ὀτδν
1088 5221 1324 5292 Χριστὸν
1360 5222 1497 5295 ἔχων
1517 5225 1575 5278 ὲν
1598 5225 1776 5296 ἑαυτῷ
1791 5225 1886 5281 λα-

307 5312 509 5366 λοῦντα
555 5309 766 5376 Παῦλος
797 5313 826 5366 6
875 5311 1174 5376 ἀπόστολος
1235 5316 1400 5384 φησὶν
1436 5315 1570 5388 πρὸς
1601 5315 1882 5384 Γαλάτας·

315 5424 335 5457 ε
385 5403 612 5474 ’Δνέϐην
646 5405 726 5468 είς
765 5403 1140 5476 Ἰερουσαλὴμ,
1179 5406 1272 5458 καὶ
1303 5406 1576 5478 ἀνεθέμην
1608 5409 1790 5474 αὐτοῖς
1823 5411 1885 5464 16

309 5494 672 5566 Εὑαγγὲλιον,
718 5496 747 5552 6
793 5496 1074 5569 κηρύσσω,
1115 5499 1236 5552 κατ’
1269 5497 1408 5552 ἰδίαν
1438 5497 1495 5553 δὲ
1539 5503 1652 5565 τοῖς
1699 5500 1884 5558 δοκοῦ-

377 5643 426 5677 ⁸⁵
449 5641 614 5722 Ρωι.
638 5642 878 5722 κξιιλιρ.
905 5645 999 5722 _"
1027 5644 1143 5722 Jac;
1182 5661 1258 5710 Iv,
1296 5644 1350 5700 Β.
1426 5645 1476 5722 ’ξ
1492 5645 1745 5722 Τοῦ-χιχ,
1798 5649 1890 5722 19.

1993 5651 2020 5684 ⁵⁸
2055 5650 2125 5722 Ill
2157 5651 2288 5722 Reg.
2319 5667 2418 5717 xu,
2442 5651 2668 5722 passim.
2743 5654 2786 5686 ⁸⁸
2809 5651 2915 5722 Isa.
2942 5668 3088 5717 χχιιι,
3121 5653 3206 5706 15.

304 5728 527 5791 xxxvu,
549 5712 604 5769 9.
677 5715 718 5747 “
746 5713 880 5770 ibid.
905 5714 960 5770 7.
1033 5716 1078 5748 “
1109 5715 1270 5773 Prov.
1299 5732 1416 5784 xm,
1447 5717 1538 5775 20.
1617 5712 1854 5776 "Eccli.
1883 5737 1890 5775 :

1993 5737 2052 5789 ιι,
2084 5721 2173 5778 30.
2241 5712 2296 5756 ’⁵⁸
2316 5712 2477 5779 Prov.
2509 5738 2590 5791 ιιι,
2630 5723 2680 5778 1.

309 5799 438 5852 xxv,
458 5783 548 5842 28.

1993 4587 2141 4642 enim
2170 4587 2424 4659 graditur
2448 4604 2573 4643 cum
2613 4589 2976 4660 sapientibus,
3006 4590 3228 4661 sapiens
3245 4591 3390 4658 erit;
3439 4591 3576 4647 stul-

1991 4679 2064 4734 tis
2095 4694 2159 4733 ac
2195 4678 2552 4757 dementibus
2581 4693 2778 4736 sensus
2813 4691 2899 4737 est
2937 4683 3324 4752 proclivior".
3358 4703 3376 4736 ι
3419 4680 3576 4742 Salo-

1991 4790 2122 4830 mon
2155 4790 2322 4830 vero:
2363 4793 2381 4826 ι
2419 4773 2948 4842 Quiseducitrectos
2976 4775 3032 4831 in
3062 4777 3149 4832 via
3183 4777 3344 4842 mala,
3369 4777 3422 4832 in
3448 4793 3576 4833 cor-

1990 4854 2305 4938 ruptionem
2338 4867 2456 4938 ipse
2498 4867 2914 4924 .devolvetur“.
2948 4885 2969 4920 ι
3008 4866 3243 4923 Iterum:
3281 4887 3298 4921 ι
3337 4868 3462 4934 Fili,
3498 4885 3571 4926 ne

1995 4968 2049 5014 te
2072 4959 2455 5028 apprehendat
2491 4959 2782 5013 consilium
2835 4959 3063 5025 malum,
3113 4959 3260 5030 quod
3307 4961 3572 5031 relinquit

1995 5051 2310 5107 doctrinam
2333 5051 2736 5124 iuventutis“:
2763 5051 2968 5123 quibus
2992 5052 3139 5106 enim
3167 5069 3278 5110 non
3325 5055 3572 5124 suppetit

1991 5143 2346 5215 gubernatio,
2372 5143 2631 5200 foliorum
2659 5144 2833 5199 instar
2871 5143 3159 5209 decidunt,
3203 5145 3354 5202 salus
3385 5154 3571 5201 autem

1993 5234 2170 5302 adest,
2235 5235 2329 5290 ubi
2383 5236 2552 5292 multa
2603 5236 2835 5292 consilia
2855 5236 2936 5291 θυι
2985 5237 3131 5294 sicut
3179 5239 3329 5294 enim
3379 5239 3576 5298 civitas

1991 5327 2164 5382 nullis
2189 5329 2372 5384 cincta
2411 5329 2712 5392 moenibus,
2745 5329 2822 5385 ita
2855 5330 2949 5400 qui
2973 5329 3259 5402 quidpiam
3311 5333 3422 5398 agit
3449 5333 3575 5387 sine

1991 5420 2222 5476 consilio
2244 5419 2312 5474 “.
2342 5440 2361 5474 ι
2400 5421 2632 5493 Moyses,
2666 5422 2761 5492 qui
2794 5431 2902 5476 tam
2937 5420 3288 5488 familiariter
3303 5440 3428 5479 cum
3459 5424 3570 5479 Deo

1990 5507 2353 5576 loquebatur,
2375 5510 2701 5579 neutiquam
2726 5510 3041 5581 repudiavit
3059 5513 3354 5570 consilium
3372 5511 3571 5570 Jothor

3307 5651 3365 5683 "°
3395 5648 3564 5710 Eecll.

2791 5723 2836 5756 "
2859 5721 3022 5780 Prov.
3055 5739 3128 5790 ιι,
3159 5723 3242 5779 Η.
3337 5721 3380 5753 ⁸⁸
3402 5721 3565 5780 Prov.
