3944 6454
505 341 638 409 1687

1777 361 2144 426 ANTIOCHI
2181 367 2528 429 MONACHI

3605 357 3703 427 1683

503 457 600 511 sed
622 473 962 528 quamcunque
993 459 1167 530 ipsius
1191 465 1364 520 relatu
1392 467 1606 536 didicit,
1635 472 1874 542 explevit
1893 490 2082 544 opere,

2194 497 2299 546 σιν,
2336 481 2410 552 μή
2445 496 2561 542 πως
2597 478 2676 542 εἰς
2710 477 2862 530 κενὸν
2885 475 3092 547 τρέχω,
3115 471 3150 543 ἢ
3181 469 3478 540 ἔδραμον.»
3509 465 3559 522 ’0
3578 471 3706 538 λέγων

502 547 696 603 eadem
734 551 1142 620 comprobatus:
1171 571 1351 626 neque
1377 557 1506 614 hinc
1537 560 1590 615 in
1648 564 1962 632 superbiam
1992 582 2086 622 ex-

501 639 632 694 tulit
655 655 736 706 se,
763 651 916 697 tanta
940 645 1143 716 alioqui
1175 647 1317 717 apud
1357 649 1527 704 Deum
1559 661 1615 706 et
1659 653 1916 710 homines
1953 673 2082 728 per-

411 741 430 775 ξ
501 731 708 790 fruitus
740 735 912 805 gloria
938 736 1001 788 ⁸⁷.
1033 739 1138 794 Sed
1170 749 1225 794 et
1247 742 1448 797 Paulus
1479 745 1779 813 apostolus,
1803 747 2084 806 Christum

502 821 558 876 iu
587 839 646 879 se
668 825 985 894 loquentem
1012 831 1107 898 qui
1135 830 1392 891 habebat.
1421 833 1498 886 ait
1529 834 1764 891 Galatis:
1798 855 1814 889 ι
1848 840 2084 896 Ascendi

503 915 909 984 iuJerusalem,
941 931 996 974 et
1019 922 1227 976 contuli
1252 939 1374 977 cum
1410 925 1493 980 eis
1551 926 1908 998 Evangelium
1937 934 2084 1004 quod

503 1011 766 1078 prindico,
800 1031 1048 1070 seorsum
1091 1025 1276 1072 autem
1312 1018 1399 1074 his
1428 1019 1522 1090 qui
1572 1021 1908 1082 videbantur
1940 1044 2084 1096 esse,

503 1117 574 1156 ne
600 1102 740 1159 forte
769 1104 822 1159 in
858 1121 1056 1160 vanum
1091 1123 1374 1165 currerem
1417 1121 1515 1168 aut
1563 1117 2023 1175 cucurrissem".
2061 1141 2079 1174 ι

501 1191 572 1246 Et
594 1192 642 1248 is
673 1194 766 1264 qui
802 1194 936 1251 dicit
959 1211 1018 1252 se
1054 1213 1164 1253 non
1195 1199 1266 1254 ab
1309 1200 1628 1260 hominibus
1649 1207 1934 1276 didicisse,
1989 1212 2086 1266 sed

503 1299 602 1352 per
623 1285 1014 1342 revelatiouem
1045 1289 1173 1344 Jesu
1205 1290 1437 1358 Christi,
1474 1295 1613 1350 nihil
1654 1301 1922 1368 gravatim
1959 1302 2089 1357 tulit

502 1388 628 1426 cum
659 1376 1054 1447 condiscipulis
1083 1380 1360 1444 conferre,
1381 1385 1595 1439 consilii
1628 1387 1854 1444 ineundi
1890 1391 2086 1460 gratia.

501 1465 695 1536 Neque
724 1467 873 1522 enim
907 1471 1125 1540 privato
1151 1473 1368 1544 judicio
1409 1483 1622 1534 tantum
1647 1482 1752 1536 sibi
1781 1483 1874 1537 uni
1896 1483 2091 1538 tribuit

502 1557 739 1624 fiduciae,
759 1560 970 1616 veritus
993 1579 1062 1618 ne
1094 1565 1150 1618 in
1173 1582 1376 1622 vanum
1409 1580 1663 1626 curreret
1689 1581 1784 1627 aut
1809 1573 2092 1628 cucurris-

501 1658 604 1706 set.
640 1651 754 1706 Nos
780 1664 988 1719 autem,
1013 1673 1154 1726 quos
1183 1659 1320 1714 latet
1341 1678 1464 1732 quas
1484 1663 1559 1717 sit
1599 1673 1696 1719 aut
1727 1665 1955 1720 dextera
1992 1675 2090 1720 aut

500 1741 749 1801 sinistra.
773 1755 982 1814 quanto
1003 1749 1217 1818 aequius
1243 1760 1330 1806 est
1355 1754 1494 1808 nihil
1527 1756 1706 1810 moliri
1744 1757 1930 1826 operis
1961 1757 2090 1812 abs—

2191 571 2266 643 μὴ
2285 570 2596 642 διδαχθῆναι
2625 571 2756 641 παρ’
2777 567 2872 624 ἀνθ
2883 567 3089 640 ρώπου,
3123 563 3271 619 ἀλλὰ
3291 561 3362 616 δι’
3382 559 3706 630 ἀποκαλύψεως

2199 661 2374 733 Ἰησοῦ
2420 661 2684 734 Χριστοῦ,
2718 661 2821 714 οὐκ
2869 657 3192 730 ἀπηξίωσεν
3226 651 3614 723 συμϐουλεύσας
3630 657 3709 714 τοῖς

2189 753 2577 824 συμμαθηταϊς
2633 751 2825 807 αὐτοῦ.
2872 751 3008 805 Ούδὲ
3050 751 3162 821 γὰρ
3203 745 3390 818 ἑαυτῷ
3435 743 3711 812 ἐπίστευσεν,

2187 843 2520 914 φοϐούμενος
2555 845 2628 916 μὴ
2680 845 2760 908 είς
2789 843 2948 898 κενὸν
2980 843 3180 915 τρέχῃ,
3209 839 3246 910 ἥ
3285 839 3532 909 ἔδραμεν.
3569 836 3716 906 Ἡμεῖς

2185 937 2243 991 δὲ
2279 939 2328 990 οἱ
2355 937 2430 1009 μὴ
2456 935 2844 1007 γινώσκοντες,
2871 935 3001 993 ποία
3031 934 3184 999 δεξιὰ
3213 932 3249 1000 ἢ
3279 929 3556 1002 ἀριστερὰ,
3580 929 3720 1002 πολλῷ

2192 1029 2396 1102 μᾶλλον
2423 1031 2716 1102 ὀφείλομεν
2743 1031 2928 1084 πάντα
2961 1029 3102 1100 μετὰ
3127 1024 3372 1096 γνώμης
3399 1023 3503 1076 τῶν
3531 1039 3723 1091 πνευμα-

2187 1123 2355 1178 τικῶν
2382 1122 2542 1194 ἡμῶν
2574 1121 2836 1193 Πατέρων
2865 1120 3129 1192 πράττειν
3148 1157 3167 1182 ,
3202 1115 3531 1187 φοϐούμενοι
3551 1113 3605 1168 τὺ
3625 1113 3725 1167 imi-

2187 1219 2388 1286 δειγμα
2438 1215 2532 1270 τοῦ
2579 1215 2932 1270 Ἀποστόλου·
2971 1214 3068 1268 καὶ
3105 1213 3263 1283 πάσῃ
3297 1208 3506 1279 σπουδῇ
3533 1211 3594 1279 τῇ
3618 1225 3724 1278 συμ-

2189 1309 2376 1382 ϐουλίᾳ
2411 1309 2766 1380 χρησάμενον
2802 1307 2862 1359 ὲν
2912 1305 3105 1376 μηδενὶ
3141 1301 3490 1374 θαρροῦντες
3537 1299 3722 1362 ἑαυτοῖς,

2189 1402 2221 1474 ἦ
2257 1401 2600 1464 πιστεύοντες
2629 1403 2742 1462 τοῖς
2765 1398 3046 1468 λογισμοῖς
3069 1394 3255 1465 ἡμῶν,
3275 1391 3413 1446 ἀλλὰ
3437 1390 3725 1460 ποιχοῦντες

2188 1495 2254 1564 τῇ
2299 1492 2576 1563 συμϐουλῇ
2634 1491 2728 1544 καὶ⁸
2789 1493 2854 1560 τῇ
2898 1489 3078 1561 κρίσει
3113 1486 3227 1540 τῶν
3263 1484 3373 1556 πρὸ
3417 1482 3568 1555 ἡμῶν
3595 1483 3724 1536 Πατέ-

2195 1600 2323 1655 ρων,
2359 1583 2569 1652 μήποτε
2622 1577 3020 1650 ἐμπαιχθῶμεν
3065 1575 3172 1630 ὑπὸ
3205 1573 3324 1628 τῶν
3377 1572 3615 1642 πονηρῶν
3642 1570 3724 1623 δαι-

2193 1675 2391 1744 μόνων.
2459 1673 2548 1736 Ὠς
2601 1672 2714 1742 γὰρ
2764 1671 3014 1724 θέλουσιν
3071 1663 3640 1738 μετασχηματίζουσιν
3675 1661 3722 1714 τὰ

2192 1769 2518 1838 πράγματα,
2555 1766 2792 1837 μάλιστα
2819 1767 2933 1829 τοῖς
2961 1764 3061 1828 τὰς
3091 1762 3301 1834 τέχνας
3339 1757 3522 1812 αὐτῶν
3550 1757 3616 1826 μὴ
3639 1758 3723 1809 sat-

498 1850 611 1902 que
651 1837 1026 1906 spiritualium
1098 1842 1329 1898 Patrum
1396 1847 1668 1902 arbitratur
1722 1857 1779 1903 et
1828 1849 2084 1914 consilio,

2195 1834 2566 1932 σταμενοις,ἣ
2608 1857 2930 1912 πεποιθόσιν
2969 1857 3067 1910 ἐπὶ
3099 1854 3180 1926 τῷ
3209 1853 3360 1924 τόξῳ
3403 1851 3496 1905 καὶ
3538 1849 3608 1920 τῷ
3630 1847 3722 1919 βρα-

499 1933 752 2002 cxemplo
783 1936 916 1990 tanti
943 1935 1104 1993 istius
1129 1939 1413 2010 Apostoli?
1434 1944 1530 2000 sed
1558 1947 1707 2000 omni
1739 1947 1926 2002 studio
1964 1947 2089 2004 illo-

2193 1955 2332 2026 χίονι
2354 1952 2553 2007 αὐτῶν.
2590 1950 2688 2005 Διὰ
2718 1950 2828 2022 γὰρ
2861 1949 2961 2019 τῆς
2995 1944 3396 2007 ταπεινώσεως
3425 1939 3723 1994 ἐπελεύσεται

500 2041 624 2080 rum
655 2029 889 2086 consilio
923 2033 1027 2097 usi,
1062 2050 1170 2088 non
1231 2037 1362 2091 item
1395 2038 1447 2092 in
1495 2056 1554 2095 re
1599 2042 1797 2110 quavis
1849 2043 2090 2098 nitentes

2194 2045 2278 2114 ἐφ’
2305 2045 2450 2114 ἡμᾶς
2481 2044 2516 2111 ἡ
2555 2041 2717 2112 χάρις
2745 2039 2842 2094 τοῦ
2874 2039 3031 2106 ἁγίου
3075 2033 3438 2105 Πνεύματοςο
3474 2027 3639 2092 καθὼς
3661 2028 3726 2082 καὶ

498 2127 690 2174 nostra
718 2123 1092 2194 qualicunque
1119 2127 1439 2196 prudentia,
1474 2141 1568 2186 aut
1593 2132 1835 2202 prepriis
1879 2133 2088 2204 cogita-

2194 2135 2220 2188 ό
2251 2133 2454 2205 Κύριος
2479 2131 2720 2196 ἐδίδαξεν
2751 2130 2904 2201 ἡμᾶς
2939 2127 3116 2196 λέγων
3139 2143 3153 2157 '
3196 2144 3216 2177 ι
3257 2126 3434 2178 Ὀταν
3457 2119 3724 2192 προσφέρω-

499 2211 750 2268 tionibus
800 2215 962 2272 fidem
1017 2223 1523 2289 accommodantes,
1577 2227 1751 2296 magis
1798 2235 1983 2282 autem
2020 2227 2090 2282 ad

2194 2238 2275 2275 σιν
2329 2221 2478 2292 ὑμᾶς
2525 2219 2621 2273 ἐπὶ
2667 2219 2768 2282 τὰς
2802 2215 3152 2284 συναγωγὰς,
3189 2212 3293 2267 καὶ
3334 2210 3437 2274 τὰς
3467 2207 3725 2278 ἀρχὰς,καὶ

499 2319 694 2359 eorum
731 2307 824 2377 qui
881 2322 1129 2367 nostram
1179 2315 1324 2372 hanc
1377 2325 1802 2374 anteverterunt
1847 2328 2088 2387 aatatem,

2194 2313 2288 2378 τὰς
2325 2311 2597 2379 ἐξουσίας,
2647 2307 2724 2379 μὴ
2776 2309 3184 2403 μεριμνήσητε-
3359 2297 3725 2403 unusnon:

499 2397 798 2453 consilium
841 2400 1222 2472 decretumve,
1273 2424 1376 2464 ceu
1407 2409 1474 2464 ad
1503 2426 1732 2480 scopum
1768 2420 1918 2467 recta
1975 2411 2092 2466 col-

2194 2405 2370 2460 σεσθε.
2407 2402 2482 2455 Τὸ
2529 2401 2639 2472 γὰρ
2696 2399 2853 2468 ἅγιον
2887 2397 3115 2468 Πνεῦμα
3155 2393 3366 2458 διδάξει
3395 2391 3614 2493 ὑμᾶςιὲν
3631 2389 3725 2493 aiat!

499 2485 796 2556 linccmus,
831 2509 898 2547 ne
934 2493 1077 2552 forte
1107 2499 1391 2570 contingat
1428 2501 1692 2557 insidiosa
1745 2502 2090 2572 malignitate

2194 2499 2254 2570 τῇ
2291 2497 2411 2568 ὥρα
2453 2494 2490 2550 δ.
2519 2496 2602 2548 δεῖ
2628 2495 2827 2548 εἰπεῖν.
2867 2512 2886 2544 ι
2917 2491 3079 2562 Αὐτῷ
3111 2491 3144 2560 ἡ
3191 2487 3330 2558 δόξα
3370 2487 3455 2549 είς
3485 2483 3603 2546 τοὺς
3633 2482 3726 2534 αἰῶ-

501 2577 812 2636 ιῐτειηοηιιηι
861 2584 1022 2641 nobis
1061 2587 1242 2643 illudi.
1274 2590 1382 2645 Pro
1414 2606 1511 2647 sua
1547 2592 1696 2648 enim
1752 2593 2092 2649 vetcratoria
2187 2608 2306 2654 νας.
2342 2590 2538 2660 Ἀμήνο

499 2671 788 2729 Voluptate
823 2692 910 2732 res
941 2679 1290 2749 quaslibctin
1312 2683 1474 2738 aliam
1499 2684 1734 2740 subinde
1763 2691 2084 2757 permutant
2118 2681 2376 2746 formam,
2438 2681 2496 2734 in
2565 2695 2758 2736 eorum
2811 2677 3048 2732 maxime
3094 2679 3402 2746 prospectu
3460 2671 3551 2742 qui
3621 2683 3728 2724 com-

503 2767 790 2827 mentitias
813 2781 961 2828 artes
990 2775 1212 2830 illorum
1269 2792 1380 2834 non
1439 2779 1735 2835 admodum
1765 2781 1903 2838 scite
1934 2780 2158 2844 callent,
2185 2786 2280 2832 aut
2318 2775 2412 2846 qui
2437 2775 2564 2846 plus
2595 2790 2756 2846 mque
2783 2773 3042 2828 nituntur
3080 2769 3289 2825 fiducia
3323 2767 3411 2824 sui
3459 2780 3608 2822 arcus
3647 2763 3727 2818 sire

505 2863 744 2918 brachii.
779 2865 838 2920 In
877 2884 977 2924 nos
1020 2871 1172 2926 enim
1225 2888 1326 2943 per
1373 2873 1768 2948 humilitatem,
1825 2876 1958 2932 sidit
2021 2891 2086 2930 ac
2121 2871 2400 2930 delabitur
2459 2870 2636 2926 sancti
2728 2867 2972 2938 Spiritus
3056 2865 3262 2936 gratia.
3317 2857 3724 2959 «ιυεηιειξξωοδυξι

507 2969 612 3008 nos
645 2955 870 3012 edocuit
913 2959 1184 3019 Dominus
1239 2980 1254 3018 :
1331 2983 1350 3015 ‹
1385 2965 1522 3022 Cum
1566 2967 1902 3023 adduxerint
1952 2983 2092 3023 vos:

2194 2977 2497 3036 synagogas
2530 2970 2588 3016 et
2614 2959 2962 3032 principatus
2990 2965 3048 3013 et
3071 2962 3409 3028 potestates,
3441 2951 3601 3008 nolite
3623 2951 3728 3019 cogi-

507 3053 625 3102 tare
657 3049 934 3118 quomodo
955 3061 1050 3107 aut
1079 3053 1211 3124 quid
1239 3056 1653 3126 respondeatis:
1689 3058 1932 3130 Spiritus
1946 3058 2096 3114 enim
2133 3065 2361 3112 sanctus
2395 3053 2618 3111 docebit
2653 3067 2755 3108 vos
2817 3051 2874 3106 in
2903 3050 2997 3106 illa
3035 3049 3172 3104 hora
3203 3045 3350 3119 quid
3411 3061 3508 3102 vos
3533 3049 3726 3114 oporteat

508 3139 696 3195 dicere
717 3141 777 3193 ⁸⁸³.
813 3160 832 3194 ι
887 3142 1001 3213 ,1βεί
1062 3146 1236 3215 gloria
1297 3159 1354 3204 et
1413 3150 1708 3220 imperium
1755 3153 1810 3206 in
1865 3151 2085 3207 saecula.

2194 3165 2325 3204 neu.

868 3237 911 3306 1
925 3239 1084 3310 160
1123 3240 1408 3297 HOMILIA
1449 3243 1736 3301 LXXXIV.

1094 3332 1172 3388 De
1209 3335 1502 3391 insomniis.

581 3417 699 3474 Jam
732 3421 955 3490 quando
1015 3425 1268 3482 nonnulli
1311 3437 1442 3481 sunt
1498 3429 1591 3498 qui
1653 3445 1754 3499 per
1783 3429 1890 3484 hoc
1943 3427 2093 3500 quod

511 3509 675 3564 ﬁdem
735 3511 1056 3568 habuerunt
1117 3515 1440 3583 insomniis,
1495 3535 1524 3572 a
1583 3519 1922 3576 rectitudine
1993 3521 2095 3574 viae

509 3601 734 3657 abducti
757 3602 812 3656 in
846 3603 1139 3672 pudendos
1187 3621 1412 3662 errores
1448 3608 1818 3676 deﬂexerunt,
1864 3609 2093 3681 hujusce

509 3693 590 3747 rei
622 3696 798 3764 gratia
829 3697 1226 3754 submonemus
1247 3716 1366 3766 vos,
1387 3701 1757 3765 dilectissimi,
1781 3719 1850 3758 ne
1873 3701 2094 3772 quando

511 3785 825 3842 istiusmodi
861 3789 1136 3862 aeriragis
1186 3799 1243 3848 et
1308 3793 1747 3848 multiformibus
1799 3793 2093 3849 insomniis

509 3879 879 3936 commodetis
941 3881 1132 3937 (idem.
1185 3883 1327 3939 Sunt
1381 3884 1530 3939 enim
1586 3885 1704 3940 lure
1749 3885 1900 3940 aliud
1951 3885 2093 3940 nihil

509 3989 676 4042 quam
705 3975 1246 4047 mentisimplanatm
1293 3993 1356 4032 ac
1409 3976 1722 4032 deerrantis
1771 3976 2091 4044 simulacra,

509 4064 959 4135 iznaginationes,
993 4076 1050 4124 et
1075 4067 1444 4123 fru'stratoriae
1471 4068 1878 4123 ludiﬁcationes
1900 4084 2092 4138 repro-

509 4155 708 4210 boruni
734 4157 1068 4224 daemonum,
1085 4159 1248 4214 nobis
1281 4171 1342 4218 ut
1363 4159 1656 4230 imponant
1679 4169 1734 4214 et
1764 4159 2088 4230 implanent;

509 4246 591 4301 sic
626 4247 829 4304 misere
856 4250 1116 4306 seductos
1161 4259 1222 4305 ut
1261 4251 1511 4306 inescent
1558 4250 1680 4306 istis
1713 4249 2093 4305 delinimentis

509 4347 676 4405 atque
713 4337 1016 4402 oblectent,
1063 4346 1121 4393 ut
1165 4339 1431 4410 deinceps
1459 4340 1614 4394 nullo
1645 4339 1871 4410 negotio
1913 4339 2092 4394 homi—

509 4443 635 4482 nem
665 4430 989 4498 pertrahunt
1030 4431 1097 4486 ad
1127 4431 1395 4501 captanda
1423 4432 1698 4488 lenocinia
1750 4432 2092 4489 illccebrosze

505 4519 830 4590 voluptatis,
853 4522 1006 4592 juxta
1035 4523 1264 4578 verbum
1291 4522 1448 4578 Judae
1477 4522 1710 4592 apostoli
1753 4523 1944 4579 Jacobi
1980 4522 2092 4578 fra-

511 4614 635 4679 tris,
671 4613 740 4670 de
773 4615 1045 4686 ejusmodi
1078 4615 1433 4690 quihusdam,
1459 4614 1728 4670 dicentis:
1772 4634 1789 4666 ι
1827 4615 2094 4672 Similiter

509 4716 568 4764 ct
595 4707 652 4762 hi
684 4708 957 4766 insomnia
985 4725 1084 4767 sua
1109 4717 1405 4774 sectantes,
1447 4725 1672 4764 carnem
1705 4707 1931 4778 quidem
1983 4723 2100 4763 ma-

511 4798 720 4867 culant,
747 4801 1185 4856 dominationem
1215 4809 1398 4854 autem
1429 4807 1722 4870 spernunt,
1755 4799 2098 4870 maiestatem

509 4903 645 4944 vero
679 4891 1156 4963 blasphemant”.
1197 4912 1216 4944 ι
1252 4890 1618 4948 Ecclesiastes
1649 4889 1779 4944 item
1823 4889 2096 4960 praecipit,

511 4983 741 5040 «licens:
781 5005 802 5037 ι
829 4985 1246 5042 lnsomniumin
1277 4983 1636 5039 multitudine
1671 4983 2013 5048 tentationis,
2043 4991 2103 5038 et

509 5092 617 5130 vox
639 5079 795 5133 stulti
827 5079 882 5134 in
918 5079 1278 5140 multitudine
1321 5093 1638 5134 sermonum
1661 5078 1729 5132 ⁸⁸.
1761 5096 1779 5128 ι
1837 5075 2096 5131 lhduclt:

519 5185 535 5214 ι
576 5165 655 5220 Ne
685 5167 784 5222 des
809 5182 872 5224 os
904 5178 1059 5224 tuum
1091 5177 1150 5224 ut
1177 5184 1436 5225 exerrare
1470 5168 1642 5224 facias
1672 5181 1894 5223 carnem
1925 5174 2098 5233 tuam,

420 5280 430 5289 -
513 5261 668 5308 utne
689 5254 962 5311 irascatur
989 5257 1137 5312 Deus
1171 5273 1339 5328 super
1369 5272 1506 5312 voce
1541 5265 1654 5323 tua,
1691 5264 1748 5312 et
1781 5265 2102 5325 corrumpat

513 5345 736 5401 labores
795 5363 1059 5403 manuum
1131 5357 1387 5416 tuarum,
1449 5348 1582 5420 quia
1641 5347 1697 5402 in
1745 5346 2104 5404 multitudine

515 5439 863 5494 somniorum
929 5448 987 5496 et
1053 5441 1362 5498 vanitatum
1405 5450 1464 5498 et
1506 5455 1829 5498 sermonum
1899 5440 2102 5510 multo-

515 5532 728 5586 rum".
785 5550 804 5585 ι
859 5533 1018 5590 Jesus
1087 5534 1220 5590 item
1276 5534 1472 5592 Sirach
1522 5533 1705 5591 filius:
1765 5533 2100 5590 «Insomnia

515 5624 1264 5697 extolluntimprudentes”.
1301 5647 1320 5680 ι
1351 5625 1554 5684 infert:
1580 5645 1598 5680 ι
1623 5625 2100 5695 Quemadmodum

2784 3236 3006 3292 ΛΟΓΟΣ
3055 3236 3176 3290 ΠΔ’.

2727 3327 2868 3398 Περὶ
2897 3327 3223 3382 ἐνυπνίων.

2279 3421 2498 3494 Ἐπειδὴ
2556 3438 2702 3484 τινες
2751 3417 3247 3491 ἐμπιστεύσαντες-
3277 3413 3565 3477 ἐνυπνίοις,
3621 3424 3726 3477 πιρ-

2195 3515 2516 3586 ετράπησαν
2537 3515 2636 3586 τῆς
2658 3512 2878 3576 εὐθείας
2901 3511 3046 3578 ὁδοῦ,
3063 3509 3255 3564 τούτου
3279 3510 3441 3580 χάριν
3469 3499 3726 3575 ὑπομιμνή-

2196 3625 2400 3678 σκομεν
2439 3607 2607 3677 ὑμᾶς,
2645 3603 2940 3674 ἀγαπητοὶ,
2989 3603 3064 3666 ὡς
3113 3603 3176 3655 ού
3219 3600 3329 3673 χρὴ
3383 3598 3570 3670 ῥᾳδίως
3597 3597 3721 3664 ἐμπι·

2197 3699 2422 3755 στεῦσαι
2437 3701 2552 3762 τοῖς
2571 3696 2930 3769 ὰστροπόλοις
2962 3695 3058 3749 καὶ
3083 3691 3464 3762 πολυσχιδέσιν
3485 3685 3722 3747 ἐνυπνίοις.

2196 3789 2382 3844 Ταῦτα
2413 3789 2520 3860 γὰρ
2549 3787 2700 3842 οὐδὲν
2740 3785 2930 3859 ἕτερόν
2978 3786 3122 3838 εἰσιν
3152 3783 3185 3854 ἢ
3213 3783 3456 3844 διανοίας
3485 3771 3720 3844 πλανωμέο

2195 3901 2292 3954 νης
2325 3882 2641 3952 ἰνδάλματα,
2672 3879 2767 3934 καὶ
2803 3877 3120 3950 φαντασίαι,
3151 3877 3249 3930 καὶ
3280 3874 3447 3946 χλεύη
3477 3869 3573 3924 τῶν
3595 3883 3720 3935 πονη-

2198 3977 2308 4048 ρῶν
2330 3975 2620 4046 δαιμόνων,
2654 3973 2790 4045 πρδς
2825 3971 2888 4025 τὸ
2917 3969 3236 4025 ἀπατᾶσθαι
3267 3968 3435 4038 ἡμᾶς,
3466 3963 3550 4018 καὶ
3573 3958 3720 4048 ἐξακοέ

2193 4047 2404 4122 λουθεῖν
2444 4066 2626 4120 αὐτῶν
2670 4067 2782 4127 τοῖς
2829 4062 3185 4132 δελεάσμασι,
3212 4058 3404 4113 λοιπὸν
3445 4056 3499 4110 δὲ
3543 4054 3615 4106 ἱνα
3649 4047 3716 4102 καὶ

2195 4159 2332 4228 πρὸς
2363 4156 2556 4228 ἡδονὴν
2597 4153 2956 4226 κατασύρωσι
2997 4152 3091 4205 τὸν
3123 4149 3432 4222 ἄνθρωπον,
3463 4147 3534 4208 ὡς
3559 4136 3716 4208 λέγειὸ

2194 4250 2492 4314 ἀπόστολος
2525 4249 2731 4312 Ἰούδας
2761 4248 2790 4300 ὁ
2831 4245 3094 4302 Ἰακώϐου
3133 4243 3263 4315 περί
3300 4257 3459 4296 τινων
3490 4233 3711 4291 τοιούτων.

2193 4347 2334 4417 Φησὶ
2365 4345 2475 4418 γάρ
2500 4359 2514 4374 ⁸
2553 4363 2572 4396 ί
2621 4341 2858 4414 Ὁμοίως
2907 4339 3094 4412 μέντοι
3138 4337 3233 4390 καὶ
3267 4330 3418 4390 οὗτοι
3457 4322 3711 4426 ἐνυπνιαζῶ

2197 4455 2372 4510 μενοι,
2399 4439 2580 4510 σάρκα
2615 4436 2713 4507 μὲν
2741 4429 3393 4515 μιαίνουσι,-κυριότητας
3419 4425 3471 4478 δὲ
3495 4421 3710 4515 ἀθετοῦσιν

2195 4531 2355 4599 δόξας
2386 4529 2443 4584 δὲ
2477 4526 2883 4600 βλασφημοῦσι.
2921 4543 2940 4576 ι
2987 4512 3140 4577 Ὀδὲ
3181 4512 3608 4591 Ἐκκλησιαστὴςν
3639 4523 3711 4560 πα·

2199 4621 2483 4694 ραγίνεται
2515 4619 2625 4689 γὰρ
2658 4617 2854 4686 λέγων’
2887 4633 2907 4668 ι
2960 4613 3242 4668 Ἐνύπνιον
3269 4613 3328 4664 ὲν
3355 4609 3540 4678 πλήθει

2199 4691 2362 4784 σμοῦ,
2416 4710 2511 4765 καὶ
2561 4707 2712 4778 φωνὴ
2760 4708 2995 4790 ἄιρρονος
3038 4706 3096 4758 ὲν
3135 4699 3596 4796 πλήθειᾉλόγωνιι
3633 4691 3710 4796 Ital

2198 4805 2396 4871 ἐπάγει
2429 4819 2444 4832 ·
2481 4822 2500 4856 ι
2537 4800 2632 4872 Μὴ
2683 4788 2876 4870 δῷς-τὺ
2925 4799 3100 4870 στόμα
3151 4812 3244 4850 σου
3298 4788 3601 4862 ἐξαμαρτεῖν
3639 4788 3709 4848 ili”

2201 4896 2378 4966 σάρκα
2409 4909 2524 4947 σου·
2557 4891 2646 4947 ἵνα
2675 4891 2752 4962 μὴ
2797 4887 3028 4962 ὁργισθῇ
3073 4887 3103 4940 ὁ
3127 4886 3259 4950 Θεὸς
3305 4883 3398 4940 ἐπὶ
3449 4877 3596 4976 φωνῇ.
3617 4886 3702 4976 {toto

2199 4987 2293 5041 mi.
2323 4983 2615 5056 διαφθείρῃ
2647 4981 2719 5036 τά
2750 4981 3033 5052 ποιήματα
3059 4977 3173 5032 τῶν
3213 4977 3413 5048 χειρῶν
3447 4987 3547 5034 σου,
3574 4967 3641 5020 ὅτι

2201 5065 2398 5148 «mea
2425 5051 2695 5130 ἐνυπνίων
2743 5072 2840 5128 καὶ
2868 5051 3270 5142 ματαιοτήτων
3308 5067 3404 5122 καὶ
3438 5065 3588 5130 λόγων
3610 5051 3705 5108 πολ·

2197 5169 2332 5226 λῶν.
2371 5187 2391 5221 ι
2451 5167 2566 5221 Καὶ
2623 5167 2652 5219 ὁ
2701 5163 2797 5219 τοῦ
2843 5162 3043 5234 Σειράχ
3097 5177 3303 5232 φησιν,
3340 5159 3416 5214 ὅτι
3465 5151 3702 5234 «Ἐνύπνιςο

2197 5257 2599 5330 ἆκδαπτεροῦσιν
2627 5255 2889 5327 ἄφρονας.
3133 5231 3405 5326 ἐπιφέρει,
3435 5265 3453 5298 ι
3487 5231 3700 5330 Ὠσπερξ

2199 5323 2574 5424 δρασσόμενος
2618 5323 2798 5412 mittite,
2831 5345 2930 5401 καῖ
2961 5347 2990 5400 ό
3018 5343 3228 5412 διάγων
3264 5323 3500 5434 ἀνέμους,

2208 5423 2424 5516 ἐπέχων
2454 5440 2746 5504 ἐνυπνίοις.
2787 5435 2923 5492 Ἀπὸ
2946 5437 3054 5508 γὰρ
3081 5434 3309 5506 ψεύδους
3345 5432 3393 5485 τί
3425 5423 3690 5524 ἀληθεύειςέ

2209 5537 2320 5592 Καὶ
2352 5535 2534 5589 πάλιν·
2573 5553 2591 5586 ι
2633 5529 2923 5594 Μαντείαι,
2953 5527 3050 5583 καὶ
3077 5525 3357 5597 οἱωνισμοὶ
3375 5562 3389 5587 ,
3417 5517 3689 5613 καξένύπνία

2209 5625 2420 5696 μάταιά
2451 5625 2602 5678 ἐστι·
2649 5620 2878 5684 πολλοὺς
2914 5618 3024 5690 γὰρ
3064 5616 3376 5687 ἑπλάνησαν
3409 5609 3469 5664 τὰ
3504 5605 3686 5656 ἐνύπνια.

589 5737 633 5768 ⁵⁷
663 5737 836 5829 Esset}.
871 5736 1245 5810 wm,passim.
1324 5739 1368 5771 “
1384 5739 1560 5795 Galat.
1590 5755 1647 5803 ll,
1668 5739 1724 5794 2.
1802 5739 1846 5772 ⁸⁸
1872 5739 2066 5796 Matth.

2194 5740 2262 5796 l9.
2339 5739 2383 5772 ⁸⁸
2413 5737 2538 5795 Jud.
2577 5739 2627 5794 8.
2707 5737 2748 5768 ⁵¹
2776 5733 2960 5792 Eccle.
2982 5749 3034 5800 ν,
3061 5731 3114 5785 2.
3194 5731 3239 5763 ⁸¹
3265 5728 3450 5786 ibid.5.
3512 5726 3536 5754 ⁵·
3567 5703 3682 5770 Επιίο
3821 5706 3826 5821 Ι

517 5823 698 5879 lxxw,
725 5809 770 5862 ι.

2013 5911 2044 5920 ο-
