3944 6470
179 353 352 420 ί689
1177 369 1507 432 ΗΟΜΙΙᾸΑ
1544 373 1802 434 LXXXI‘

1910 401 1961 412 -
1992 374 2090 435 DE
2127 375 2424 437 INSOMN
2429 377 2557 438 IIS.
3371 377 3506 447 1690

167 471 299 520 καὶ
329 465 594 530 ἐξέπεσον
621 468 934 535 ἐλπίζοντες
960 471 1048 525 ἐπ’
1073 472 1279 539 αὐτοῖς.
1321 495 1340 528 ι
1389 477 1514 531 Ἐὰν
1539 477 1634 532 οὖν
1659 479 1798 551 ὀφθῇ

1910 483 2000 552 qui
2041 497 2227 553 pugno
2258 491 2440 552 raptat
2467 480 2694 535 umbras
2721 493 2778 536 et
2805 482 3163 553 persequitur
3177 493 3392 544 ventos,
3422 486 3503 540 sie.

165 572 310 612 τινι
349 559 460 614 τῶν
493 559 940 634 ἀγωνιζομένων,
975 562 1008 634 ἦ
1041 565 1176 634 φῶς,
1207 565 1240 638 ἦ
1283 567 1470 640 σχῆμά
1495 588 1548 622 τι
1583 589 1802 642 πυροει-

1913 573 2008 642 qui
2040 573 2280 628 intendit
2308 573 2622 636 insomniis,
2652 589 2681 627 a
2709 573 2976 628 mendace
3011 576 3160 630 enim
3188 576 3320 646 quid
3347 593 3509 648 egre-

165 649 335 713 δὲς,
397 653 670 726 μηδαμῶς
731 653 1126 720 καταδεξάσθω
1173 657 1236 711 τὸ
1291 659 1534 715 τοιοῦτον
1587 664 1797 736 ὅραμα.

1910 664 2098 720 dietur
2141 664 2459 720 veritatis”
2491 665 2514 718 ?
2551 683 2568 716 ι
2627 665 2838 720 lterum
2884 681 2898 720 :
2945 684 2964 716 ι
3000 666 3386 724 Divinationes
3449 677 3508 724 et

181 741 436 816 Ἀπάτη
483 745 594 816 γάρ
653 747 772 801 ἐστι
825 749 1010 820 σαφὴς
1059 751 1124 804 ἐκ
1177 749 1282 820 τῆς
1319 755 1676 824 κακοτεχνίας
1707 755 1801 810 τοῦ

1910 757 2143 828 auguria
2165 764 2222 810 et
2250 755 2525 811 insomnia
2553 772 2694 810 vana
2714 767 2868 820 sunt,
2906 758 3112 813 multos
3129 759 3279 813 enim
3313 749 3506 814 errare

163 833 432 908 ἐχθροῦ.
477 837 650 893 Τοῦτο
683 839 740 894 δὲ
763 841 952 910 σαφῶς
988 842 1088 896 καὶ
1111 843 1140 896 ὁ
1189 843 1516 910 Ἀπόστολος
1559 846 1802 903 διδάσκει

1910 847 2168 904 fecerunt
2198 848 2494 912 insomnia,
2521 856 2579 903 et
2605 847 2935 904 exciderunt
2965 865 3118 920 spem
3151 861 3425 920 ponentes
3447 853 3504 906 in

166 926 384 998 ἡμᾶς,
423 949 442 981 ι
474 931 568 995 Εἰς
599 932 832 1001 ἄγγελον
861 934 1042 1003 φωτὸς
1084 955 1102 986 ι
1146 935 1307 988 αὐτὸν
1337 935 1510 1005 λέγων
1537 955 1802 1011 μετασχη-

1913 941 1995 997 eis
2012 941 2080 994 ⁵⁸.
2124 961 2142 991 δ
2175 939 2234 994 Si
2269 940 2512 1011 cuipiam
2545 941 2714 1012 igitur
2741 951 2984 996 vestrum
3011 942 3105 1012 qui
3144 942 3200 996 in
3250 943 3356 998 hoc
3391 945 3507 1014 spi-

174 1018 568 1088 ματίζεσθαι.
604 1024 788 1078 Καλὸν
817 1021 910 1079 οὖν
959 1026 1076 1079 ἐστι
1121 1027 1228 1096 πρὸ
1269 1025 1440 1082 ὕπνου
1487 1029 1581 1082 ἐπὶ
1621 1029 1802 1100 κοίτης

1915 1031 2108 1087 rituali
2135 1031 2371 1086 desudat
2421 1047 2618 1102 agone,
2657 1047 2716 1087 sc
2775 1032 3064 1088 visendam
3111 1035 3382 1090 obtulerit
3409 1043 3508 1091 aut

170 1109 288 1174 εἰς
324 1111 704 1185 φυλακτήριον
727 1113 930 1185 ψυχῆς,
957 1117 1055 1170 καὶ
1081 1117 1520 1190 φυγαδευτήριον
1547 1121 1646 1190 τῆς
1671 1121 1802 1176 πλά-

1915 1124 2010 1179 lux
2035 1133 2132 1178 aut
2159 1124 2266 1179 alia
2289 1123 2502 1193 quaevis
2533 1124 2706 1194 figura
2743 1123 3039 1194 imaginem
3097 1133 3507 1193 repraesentans

171 1216 312 1272 νης
360 1202 616 1274 εὔχεσθαι
653 1205 756 1278 τὴν
795 1207 966 1278 εὐχὴν
999 1209 1240 1280 ταύτην

1919 1217 2083 1288 ignis,
2112 1216 2266 1270 nullo
2291 1223 2455 1286 pacto
2485 1215 2760 1286 ejusmodi
2792 1226 3078 1286 spectrum
3125 1217 3272 1272 sinat
3320 1219 3508 1275 animo

174 1297 580 1356 illabizaliud
602 1301 752 1356 enim
782 1302 839 1358 id
865 1303 1110 1360 nihilest
1137 1320 1305 1375 quam
1360 1305 1646 1362 luculenta
1671 1306 1844 1375 fraus,
1881 1310 2118 1366 subdola
2165 1320 2283 1367 arte
2347 1311 2556 1366 inimici
2614 1311 2967 1366 concinnata.
3018 1311 3138 1365 Hoc
3204 1313 3506 1382 perspicue

179 1391 384 1449 docet
409 1396 853 1466 nosApostolus,
913 1398 1046 1454 dum
1109 1401 1315 1454 astruit
1377 1401 1654 1472 impurum
1711 1403 1869 1459 illum
1911 1405 2092 1461 solere
2147 1421 2204 1460 se
2260 1403 2658 1476 transﬁgurare
2716 1422 2735 1456 ι
2776 1404 2830 1458 in
2893 1403 3150 1473 angelum
3213 1403 3440 1458 lucis".
3480 1418 3502 1452 ι

172 1485 504 1542 Protuerit
557 1487 751 1558 igitur,
777 1491 1103 1560 priusquam
1153 1492 1436 1563 carpendo
1485 1494 1674 1563 sapori
1727 1493 1782 1548 in
1824 1496 1996 1551 cubili
2048 1495 2222 1551 dedas
2257 1503 2334 1560 te,
2370 1494 2439 1550 ad
2478 1494 2678 1549 anima:
2725 1495 2970 1548 salutare
3001 1491 3318 1548 antidotum
3352 1501 3409 1548 et
3435 1493 3506 1549 ad

174 1581 590 1636 amoliendam
625 1591 683 1638 et
711 1582 1150 1654 propulsandam
1183 1585 1254 1640 ab
1289 1602 1354 1640 ea
1389 1587 1700 1641 daemonum
1732 1587 2118 1658 imposturam,
2145 1597 2208 1644 ut
2237 1604 2365 1645 ores
2397 1588 2713 1644 orationem
2745 1589 2928 1644 hanc:

279 1675 720 1746 Παντοκράτωρ
751 1679 906 1747 Λότε
953 1678 1060 1733 τοῦ
1103 1679 1359 1748 Πατρῦς,
1402 1683 1436 1735 ό
1467 1683 1809 1750 αὐτοτελὴς

176 1769 366 1836 Bede
403 1771 600 1838 Ἰησοῦ
631 1772 869 1840 Χριστὲ,
901 1773 976 1826 τὰ
997 1773 1186 1842 ταχέα
1215 1788 1334 1828 σου
1361 1773 1651 1842 σπλάχνα
1692 1777 1807 1864 "In-

1985 1681 2327 1754 Omnipotens
2359 1681 2582 1737 Verbum
2607 1679 2846 1746 Patrisl,
2888 1689 3072 1754 tuapte
3096 1691 3296 1738 natura
3330 1683 3476 1754 perfe

1915 1783 2028 1828 ctus
2051 1774 2190 1828 Deus
2216 1774 2344 1828 Iesu
2377 1773 2622 1839 Christe;
2648 1789 2742 1844 per
2788 1775 2990 1828 viscera
3034 1783 3150 1837 tua,
3177 1774 3305 1829 Jesu
3350 1775 3505 1838 bone,

172 1863 356 1930 σοῦ,
392 1867 426 1919 ό
443 1865 752 1934 μηδέποτε
783 1865 1176 1936 χωριζόμενος
1217 1867 1338 1921 τῶν
1379 1866 1510 1921 σῶν
1539 1863 1802 1935 οἰκετῶν,

1916 1885 2037 1939 qua:
2065 1869 2134 1923 ad
2166 1867 2584 1922 misericordiam
2614 1869 3026 1938 prapensissiina
3053 1877 3178 1923 sunt
3195 1885 3215 1934 ;
3239 1871 3330 1940 qui
3363 1885 3490 1924 nun-

173 1953 356 2009 d.1.l’
385 1956 477 2010 ἀεὶ
511 1956 582 2009 ἐν
606 1957 830 2024 αὐτοῖς.
849 1958 1334 2027 ἀναπαυόμενος,
1383 1959 1590 2027 Ἰησοῦ
1619 1963 1652 2015 ὀ
1675 1975 1796 2013 ποι·

162 2047 340 2115 μὴν
379 2051 413 2102 ὀ
445 2049 637 2116 καλὸς
681 2047 802 2102 τῶν
849 2049 978 2102 σῶν
1009 2049 1340 2118 προϐάτων,
1377 2051 1464 2120 μὴ
1519 2051 1806 2120 παραδῴς

165 2156 277 2208 με
321 2139 401 2208 τῇ
448 2141 740 2210 ἐπιϐουλῇ
790 2142 897 2196 τοῦ
944 2143 1156 2212 ὄφεως,
1197 2143 1358 2213 μηδὲ
1396 2143 1472 2214 τῇ
1523 2145 1806 2216 ἐπιθυμίᾳ

174 2231 316 2286 τοῦ
354 2232 594 2288 Σατανᾶ
635 2236 980 2303 καταλίπῃς
1024 2253 1139 2304 με,
1181 2237 1271 2291 ὅτι
1311 2238 1552 2307 σπέρμα
1578 2237 1807 2308 φθορᾶς

173 2325 490 2396 πέφυκεν
532 2327 602 2380 ἐν
643 2327 824 2394 αὐτῷ.
861 2328 944 2382 Σὺ
972 2325 1107 2396 οὖν,
1148 2331 1348 2398 Κύριε,
1386 2331 1658 2395 ,βασιλεῦ
1689 2347 1805 2384 παι.

173 2420 404 2489 rarts,
447 2422 482 2474 ό
535 2420 680 2486 Θεὸς
733 2424 766 2476 ὁ
800 2424 1246 2491 «προσκυνητὸς
1297 2424 1497 2492 Ἰησοῦ
1547 2424 1802 2492 Χριστὲ,

179 2512 588 2566 καθεύδοντά
615 2530 695 2583 με
722 2515 1002 2583 φύλαξον
1027 2515 1104 2584 τῇ
1134 2516 1409 2584 ἀθανάτῳ
1450 2534 1568 2571 σου
1593 2517 1806 2586 ,ϐουλῇ

181 2603 308 2658 καὶ
337 2601 420 2668 τῷ
451 2605 756 2674 Πνεύματί
804 2621 922 2660 σου
969 2605 1048 2672 τῷ
1079 2607 1245 2676 ἁγίῳ,
1283 2601 1333 2675 ᾧ
1368 2608 1631 2676 ἡγίασας
1659 2609 1806 2675 τοὺς

177 2695 368 2762 σοὺς
409 2697 706 2766 μαθητὰς,
742 2699 1047 2768 ῥυόμενος
1089 2717 1169 2768 με
1202 2699 1272 2754 ἐκ
1315 2698 1424 2768 τῆς
1473 2700 1806 2770 ἑπιϐοαῖῆς

175 2788 318 2842 τοῦ
367 2788 579 2856 ὄφεως.
615 2789 728 2858 Δὸς
757 2790 826 2845 δέ
852 2808 956 2861 μοι
989 2789 1069 2856 τῷ
1111 2791 1341 2860 ἀναξίῳ
1369 2793 1488 2861 τὴν
1514 2795 1806 2864 ἀναλλιά-

176 2893 316 2932 an-
361 2879 468 2932 τοῦ
512 2879 812 2948 σωτηρίου
863 2895 981 2935 σου
1023 2880 1124 2935 ἐπὶ
1154 2880 1266 2951 τῆς
1299 2883 1506 2952 κοίτης
1533 2901 1674 2953 μου,
1703 2885 1801 2939 καὶ

173 2971 481 3042 φώτισόν
527 2990 648 3042 μου
697 2972 808 3026 τὸν
853 2973 1008 3028 νοῦν
1051 2973 1131 3040 τῷ
1171 2974 1320 3044 φωτί
1359 2973 1472 3043 τῆς
1526 2975 1803 3044 γνώσεως

175 3061 317 3117 τοῦ
353 3064 724 3134 Εὐαγγελίου
746 3081 884 3120 σου.
915 3064 1041 3134 Τὴν
1069 3068 1284 3136 ψυχήν
1301 3085 1421 3136 μου
1452 3068 1522 3120 ἑν
1547 3066 1622 3135 τῇ
1653 3068 1802 3130 ἀτά-

178 3170 292 3224 πῃ
329 3155 436 3210 τοῦ
459 3157 729 3224 σταυροῦ
749 3171 888 3212 σου·
917 3158 1034 3226 τὴν
1064 3157 1318 3226 καρδίαν
1335 3177 1456 3229 μου
1489 3159 1560 3212 ἐν
1595 3159 1666 3226 τῇ
1699 3177 1804 3212 κα-

1915 1979 2076 2035 quam
2101 1981 2133 2017 a
2163 1960 2379 2032 famulis
2401 1961 2505 2014 tuis
2529 1968 2579 2013 te
2606 1959 2890 2031 disjungis,
2911 1960 3002 2014 sed
3024 1961 3079 2014 in
3107 1961 3232 2030 ipsis
3261 1963 3489 2032 conquie

1912 2057 2048 2112 scis:
2076 2071 2274 2128 quaaso,
2310 2055 2503 2111 Pastor
2531 2053 2662 2108 bone
2684 2053 2854 2107 ovium
2893 2062 3132 2120 tuarum,
3161 2053 3298 2120 Iesu,
3327 2070 3394 2108 ne
3423 2069 3508 2108 me

1914 2147 2101 2200 tradas
2128 2145 2398 2200 insidiosw
2431 2144 2762 2214 malignitati
2794 2145 3072 2214 serpentis,
3104 2160 3205 2198 neu
3233 2146 3382 2199 sinas
3421 2161 3506 2198 me

1910 2239 2156 2310 intercipi
2203 2238 2627 2309 concupiscentia
2660 2234 2916 2292 Satancc:
2966 2254 3144 2292 semen
3197 2240 3340 2292 enim
3387 2253 3505 2292 cor-

1913 2311 2136 2403 τηρεείῶ
2159 2333 2214 2386 in
2249 2331 2363 2402 ipso
2395 2337 2722 2401 prognatum
2773 2336 2872 2382 est.
2931 2327 3005 2382 Tu
3037 2329 3222 2400 igitur,
3277 2327 3504 2382 Domine

1913 2427 2008 2493 mi,
2036 2442 2130 2480 rea:
2181 2425 2538 2490 sanctissime,
2595 2424 2740 2478 Deus
2764 2422 3038 2479 adoranda
3087 2420 3216 2476 Jesu
3271 2419 3500 2487 Christe,

1912 2523 2116 2576 custodi
2139 2537 2220 2574 me
2247 2520 2619 2585 dormientem,
2646 2516 2942 2573 immortali
2966 2524 3054 2570 tuo
3095 2513 3350 2578 consilio;
3379 2520 3502 2567 tuo-

1911 2629 2011 2686 que
2039 2621 2223 2666 sancto
2250 2611 2475 2682 Spiritu,
2502 2627 2604 2681 quo
2629 2619 2744 2664 tuos
2775 2608 2896 2664 illos
2941 2605 3293 2674 sancti/icasti
3339 2604 3501 2658 disci—

1911 2705 2081 2776 pulos.
2108 2707 2296 2761 Exime
2314 2721 2396 2758 me
2423 2704 2683 2774 serpentis
2709 2701 3014 2756 veteratorii
3035 2699 3265 2753 insidiis.
3286 2697 3496 2768 1161
3521 2686 3538 2707 ‘

1912 2799 2039 2855 Mihi
2070 2797 2358 2870 quamlibet
2387 2796 2606 2866 indigno
2635 2793 2918 2864 impertire
2957 2791 3210 2863 gaudium
3250 2788 3327 2842 tui
3353 2787 3506 2842 salu-

1912 2894 2044 2946 taris
2083 2892 2140 2946 in
2169 2889 2327 2945 cubili
2363 2905 2500 2951 meo,
2534 2895 2866 2956 mentemque
2902 2899 3076 2938 meam
3127 2881 3345 2936 illustre
3385 2879 3504 2934 luce

1911 2981 2223 3051 cognitionis
2253 2975 2537 3046 Evangelii
2577 2975 2684 3051 tui,
2725 2974 2978 3028 Animam
3017 2987 3190 3025 meam
3249 2971 3306 3022 in
3334 2967 3502 3022 dilec-

1911 3073 2051 3124 tione
2079 3078 2279 3124 sancta:
2317 3075 2423 3121 tua:
2452 3066 2622 3119 crucis
2643 3048 2684 3130 ;’
2720 3079 2812 3117 cor
2868 3078 3043 3116 meum
3092 3061 3146 3114 in
3195 3059 3504 3114 sinceritate

1909 3163 2188 3220 verborum
2220 3169 2472 3223 tuorum;
2529 3173 2720 3226 corpus
2765 3170 2942 3209 meum
2972 3155 3028 3206 in
3067 3153 3312 3223 passione
3369 3160 3501 3216 tua,"

178 3246 496 3316 Oupdz'nz't
523 3249 628 3304 τοῦ
663 3250 854 3320 λόγου
887 3265 1024 3304 σου·
1058 3249 1124 3302 τὸ
1162 3249 1336 3320 σῶμά
1362 3269 1483 3318 μου
1505 3252 1575 3304 ἐν
1607 3249 1687 3315 τῷ
1713 3249 1802 3315 σῷ

1910 3255 2063 3325 idque
2095 3269 2188 3323 per
2218 3251 2452 3322 gratiam
2476 3255 2580 3300 tua:
2624 3244 3107 3312 impassibilitatis;
3145 3243 3498 3312 cogitationes

181 3337 408 3398 πάθει.
440 3337 517 3408 τῇ
537 3337 624 3408 σῇ
647 3340 924 3408 ἀπαθείᾳ·
964 3341 1106 3410 τοὺς
1133 3343 1467 3412 λογισμούς
1492 3329 1706 3412 μοιίέν
1731 3341 1803 3412 τῇ

180 3428 292 3498 (τῇ
323 3430 537 3499 εἰρήνῃ
584 3431 990 3501 διαφύλαξονιο
1023 3433 1124 3487 καί
1157 3434 1390 3503 smper
1406 3450 1484 3501 με
1526 3433 1596 3485 ἐν
1623 3431 1807 3500 καιρῷ

181 3520 432 3587 εὐθέτῳ
465 3521 614 3590 πρὸς
643 3523 772 3592 σὴν
816 3523 1197 3594 δοξολογίῑν’
1242 3524 1330 3578 ὅτι
1364 3527 1806 3592 προσκυνητιὲς

181 3613 386 3669 εἶκαὶ
419 3613 866 3684 δεδοξασμένος
917 3616 1040 3671 σὺν
1081 3617 1161 3682 τῷ
1195 3615 1377 3686 Πατρὶ
1413 3616 1514 3670 καὶ
1556 3617 1636 3684 τῷ
1659 3617 1805 3688 ἁγίῳ

186 3707 516 3775 Πνεύματι
549 3709 637 3773 εὶς
663 3707 804 3775 τοὺς
831 3708 1071 3774 αἰῶνας.
1117 3708 1316 3778 Ἀμήν.

272 3797 408 3851 Εἰσὶ
435 3795 490 3849 δὲ
518 3795 746 3850 ἐνύπνια
785 3797 880 3851 καὶ
913 3797 1069 3863 ἄλλα,
1103 3793 1214 3851 οἷόν
1240 3817 1293 3852 τι
1322 3797 1398 3862 ὡς
1423 3799 1574 3867 λέγει
1596 3800 1624 3851 ὁ
1655 3799 1798 3853 Ἰὼϐ·

189 3909 217 3946 ι
277 3889 376 3942 Ἐν
403 3888 512 3960 γὰρ
545 3889 625 3961 τῷ
667 3889 816 3957 ἅπαξ
844 3889 1070 3962 λαλήσει
1113 3891 1321 3964 Κύριος
1347 3906 1360 3921 ’
1394 3895 1453 3946 ὲν
1481 3893 1540 3947 δὲ
1575 3893 1654 3966 τῷ
1677 3895 1802 3946 δευ-

181 3986 358 4058 τέρῳ
405 3985 640 4056 ἐνυπνίῳ
678 3985 754 4047 ὡς
791 3987 922 4040 ὅταν
957 3985 1216 4056 ἐμπίπτῃ
1277 3987 1444 4056 φόϐος
1479 3988 1538 4040 ἐν
1563 3987 1742 4042 νυκτί.
1775 4007 1794 4040 ι

197 4078 418 4147 Ἦμεῐς
451 4075 527 4142 δὲ,
553 4077 856 4147 ἀγαπητοὶ,
900 4077 1001 4130 οὐκ
1053 4077 1345 4148 ὀφείλομεν
1414 4077 1692 4130 πιστεύειν
1719 4121 1732 4145 ,
1767 4077 1798 4148 ἦ

189 4167 711 4237 συγκατατίθεσθαι
731 4170 843 4231 τοῖς
872 4167 1173 4232 ἐνυπνίοις⁹
1204 4169 1254 4221 εἰ
1281 4167 1398 4236 καὶ,
1433 4169 1510 4232 ὡς
1537 4168 1704 4235 εἰκὸς,
1735 4170 1801 4222 ἐκ

186 4261 365 4322 θείας
397 4258 542 4326 τινὸς
588 4258 989 4329 ἀποκαλύψεως
1020 4259 1390 4329 καταπεμφθῇ
1423 4261 1556 4330 ἡμῖν
1589 4259 1796 4332 ὅραμα,

189 4353 284 4426 μὴ
347 4350 680 4420 πρόσχωμεν
738 4349 934 4420 τούτῳ,
968 4350 1056 4404 ἵνα
1103 4349 1178 4420 μὴ
1228 4349 1351 4402 ἀντὶ
1391 4349 1568 4417 φωτὸς
1593 4333 1799 4405 καπνὸν

183 4437 644 4508 ὑποδεξὼμεθα’
675 4439 826 4492 οὐδὲν
883 4439 993 4510 γὰρ
1045 4439 1105 4491 ὲν
1156 4437 1334 4510 τούτῳ
1387 4439 1798 4510 παροργίζομεν

179 4535 294 4591 τὸν
318 4531 546 4604 Κύριον,
584 4531 720 4586 ἀλλὰ
751 4531 952 4603 μᾶλλον
985 4535 1080 4585 καὶ¹
1109 4529 1441 4601 ἀποδέξηται
1471 4532 1620 4602 ἡμᾶς
1657 4529 1796 4602 μετὰ

1911 3362 2055 3400 meas
2084 3345 2140 3397 in
2169 3359 2298 3414 pace
2327 3349 2418 3394 tua
2439 3338 2681 3393 custodi:
2711 3343 3010 3407 opportuno
3037 3343 3274 3403 tempore
3303 3347 3500 3403 exper-

1907 3434 2132 3506 gefacito
2154 3447 2234 3485 me
2256 3431 2325 3485 ad
2351 3429 2766 3501 gloriﬁcandum
2816 3442 3006 3480 nomen
3047 3433 3216 3478 tuum.
3249 3423 3500 3477 Aderan-

1909 3529 2005 3580 clus
2033 3526 2175 3580 enim
2198 3533 2255 3578 tu
2281 3530 2330 3575 et
2353 3520 2736 3593 gloriﬁcandus
2769 3535 2889 3573 cum
2915 3517 3083 3572 Patre
3103 3525 3151 3570 et
3171 3523 3356 3570 sancto
3377 3513 3499 3585 Spi-

1908 3622 2014 3676 ritu
2041 3619 2094 3674 in
2125 3615 2342 3673 stccula.
2374 3615 2564 3671 Amen.

1978 3799 2118 3856 Sunt
2140 3798 2371 3870 proinde
2399 3806 2456 3854 et
2481 3798 2586 3854 alia
2611 3798 2908 3860 insomnia,
2928 3796 3092 3870 quale
3125 3792 3262 3849 illud
3298 3793 3366 3848 de
3388 3807 3502 3862 quo

1903 3894 2008 3948 Job
2033 3911 2047 3946 :
2079 3912 2096 3944 ι
2118 3893 2345 3950 Etenim
2377 3893 2544 3948 semel
2569 3893 2834 3962 loquetur
2852 3869 3145 3952 Dominus,
3172 3889 3227 3942 in
3253 3885 3502 3941 secundo

1905 3993 2087 4038 autem
2119 3975 2396 4036 insomnio
2417 4022 2432 4046 ,
2465 3980 2612 4034 sicut
2637 3995 2764 4034 cum
2796 3979 3057 4033 inciderit
3098 3979 3264 4032 timar
3306 3977 3361 4030 in
3403 3991 3502 4029 no-

1904 4081 1990 4127 cte
2003 4072 2072 4126 ⁵⁷.
2101 4093 2119 4125 ›
2139 4073 2260 4128 Nos
2278 4073 2535 4144 proinde,
2567 4071 3064 4136 dilectissimi,non
3089 4069 3308 4124 facilem
3341 4083 3500 4123 com-

1903 4165 2129 4221 modare
2144 4165 2308 4222 [idem
2333 4166 2603 4221 debemus
2619 4174 2716 4220 aut
2733 4163 2992 4220 assentiri
3023 4161 3340 4226 insomniis,
3363 4170 3503 4215 tam-

1902 4257 2008 4312 etsi
2031 4257 2086 4311 in
2105 4257 2345 4327 speciem
2362 4257 2540 4312 videri
2564 4258 2780 4327 possint
2796 4255 2863 4311 ad
2884 4271 2986 4310 nos
3004 4255 3226 4310 caelitus
3258 4253 3500 4308 demissa

1903 4365 2025 4406 esse
2053 4349 2195 4420 (nisi
2221 4349 2368 4404 adsit
2385 4349 2652 4405 discretio
2677 4349 3000 4419 spirituum,
3038 4354 3189 4402 certa
3210 4362 3315 4402 nec
3335 4347 3500 4400 fallax

1903 4443 2184 4514 interpres
2203 4442 2280 4497 rei
2299 4439 2454 4513 visze)
2470 4456 2540 4496 ne
2559 4457 2662 4512 pro
2684 4441 2809 4494 lucc
2825 4440 2852 4494 1'
2853 4455 3042 4493 omum
3079 4439 3298 4493 inanem
3323 4446 3504 4506 cupie-

1901 4546 2046 4586 mus.
2071 4531 2459 4600 Num,quazso,
2493 4545 2592 4600 per
2625 4531 2732 4584 hoc
2759 4530 3160 4585 exacerbamus
3199 4528 3498 4584 adversum

183 4625 378 4702 φόϐου
432 4623 803 4694 φυλάττοντας
851 4623 944 4678 τὸν
992 4623 1430 4693 ἐμπιστευθέντα
1481 4625 1613 4694 ἡμῖν
1667 4623 1798 4694 παρ’

1910 4638 2006 4678 nos
2031 4622 2358 4677 Donninum?
2379 4621 2531 4677 Adeo
2548 4621 2687 4674 nihil
2709 4621 2866 4674 illum
2891 4621 2996 4676 hac
3014 4636 3122 4675 una
3138 4635 3198 4676 re
3215 4633 3504 4690 exaspera-

179 4715 374 4777 αὐτοῦ
431 4715 728 4788 θησαυρόν.
770 4716 880 4768 Καὶ
913 4714 1136 4786 εἴχομεν
1161 4713 1330 4768 πολλὰ
1359 4714 1677 4786 διηγήματα
1709 4714 1798 4768 ἐλ-

182 4813 374 4870 θόντα
405 4811 484 4873 εἰς
529 4807 633 4878 ἐμὲ
681 4807 892 4862 παλαιὰ
942 4809 1038 4861 καὶ
1075 4806 1172 4860 νέα
1214 4806 1485 4879 ἐφ’ήμῶν
1533 4807 1800 4878 γινόμενα

181 4903 342 4976 περὶ
363 4900 472 4955 τῶν
500 4899 910 4972 χλευασθέντων
939 4899 1048 4956 ἀπὸ
1090 4899 1380 4964 ἐνυπνίων,
1405 4899 1502 4952 καὶ
1545 4897 1799 4963 ἐλεεινῶς

179 4992 586 5056 ἐκπεσόντων,
617 4990 867 5046 ἐνθέσθαι
899 4993 964 5061 τῇ
1004 4989 1255 5062 παρούσῃ
1291 4993 1477 5060 γραφῇ
1525 4990 1664 5060 πρὸς
1699 4991 1798 5043 ἀσ-

180 5089 437 5162 φάλειαν
467 5086 595 5140 «ὧν
641 5069 1085 5156 ἐντυγχανόντων
1113 5101 1126 5114 ’
1175 5084 1291 5136 ἀλλ’
1327 5085 1411 5137 ἵνα
1446 5083 1521 5155 μὴ
1551 5083 1797 5137 ἐκπέσω-

185 5195 308 5258 μεν
361 5176 456 5231 τοῦ
511 5177 878 5250 προκειμένου
927 5177 1061 5247 ήμϊν
1109 5175 1316 5230 σκοποῦ
1345 5216 1360 5239 ,
1389 5176 1448 5228 ἓν
1482 5177 1577 5229 καὶ
1638 5175 1798 5246 μόνον

181 5269 510 5342 κεφάλαιον
542 5268 809 5342 παραθεὶς
841 5267 1184 5323 καταπαύσω
1207 5267 1301 5321 τὸν
1331 5267 1510 5336 λόγον.
1550 5267 1798 5336 Ἐγένετό

188 5383 292 5429 τις
329 5362 683 5433 παράδειγμα
715 5361 947 5433 μοναχὸς
978 5363 1038 5413 ἐν
1068 5361 1148 5432 τῷ
1169 5360 1285 5431 ὄρει
1306 5361 1385 5434 τῷ
1413 5361 1576 5432 Σινᾷ·
1603 5360 1663 5424 ὃς
1684 5377 1802 5414 τοσ-

189 5458 386 5528 αύτην
416 5455 746 5526 ἐγκράτειαν
779 5451 1214 5524 ἐπιδειξάμενος,
1241 5454 1337 5506 καὶ
1364 5455 1422 5506 ἐν
1450 5451 1671 5526 κελλίῳ,
1703 5452 1802 5506 καὶ

273 5667 322 5704 σε
355 5663 718 5731 Err:li.xxx1v,
740 5663 808 5718 ε.
885 5662 930 5695 πυ
955 5661 1094 5718 ibid.
1115 5661 1169 5729 5,
1191 5663 1244 5716 7.
1321 5661 1366 5693 ε
1390 5661 1435 5716 u
1472 5660 1598 5719 Cor.
1629 5678 1703 5731 ιι,
1739 5662 1826 5719 tt.

295 5821 312 5864 ι
351 5823 529 5881 Secus
553 5821 719 5878 habet
750 5823 922 5880 editio
949 5830 1138 5881 nostra
1169 5830 1226 5880 et
1255 5818 1428 5906 LXX.)

1900 4724 2122 4779 mus,ut
2147 4714 2226 4768 illi
2247 4715 2416 4769 etiam
2442 4712 2616 4768 futuri
2650 4711 2827 4767 simus
2856 4713 3152 4783 gratiores,
3171 4712 3376 4782 quippe
3404 4711 3500 4780 qui

1897 4821 2022 4860 cum
2044 4806 2244 4860 timore
2258 4815 2314 4860 et
2327 4805 2830 4874 circumspectione
2850 4819 2953 4859 nec
2966 4803 3232 4858 mediocri
3256 4817 3502 4858 asserva-

1897 4915 2022 4955 mus
2036 4899 2358 4955 thesaurum
2374 4899 2442 4953 ab
2459 4899 2577 4968 ipso
2595 4897 2758 4954 nobis
2777 4893 3500 4965 concreditum.thuidem

1897 5005 2008 5044 non
2041 5005 2215 5060 pauca
2239 4991 2360 5061 ejus
2389 4988 2612 5062 generis
2645 4988 2896 5058 exempla
2927 4987 3208 5056 possimus
3235 5000 3500 5040 enarrare

1897 5097 2020 5152 quae
2035 5081 2106 5136 ad
2124 5097 2227 5138 nos
2245 5097 2419 5152 usque
2437 5089 2844 5152 pervenerunt,
2863 5095 2987 5135 cum
3002 5087 3210 5143 vetera,
3225 5087 3340 5132 tum
3357 5091 3498 5132 nova

1897 5184 1960 5228 ut
1974 5189 2098 5244 qum
2117 5183 2277 5228 aetate
2293 5175 2460 5227 etiam
2481 5173 2586 5226 hac
2599 5181 2793 5228 nostra
2811 5171 3188 5241 contigerunt,
3206 5169 3275 5224 de
3293 5169 3384 5223 his
3399 5168 3498 5238 qui

1899 5282 2000 5337 per
2013 5266 2286 5347 insomnia
2303 5265 2714 5321 ludificationes
2733 5263 3048 5319 daemonum
3072 5259 3320 5331 perpessi
3343 5267 3496 5322 sunt,

1898 5369 1954 5414 et
1979 5360 2179 5415 misere
2199 5359 2574 5416 conciderunt
2603 5375 2703 5430 per
2723 5359 2885 5414 Iidem
2909 5357 3154 5412 habitam
3177 5352 3492 5409 insomniis.

1899 5453 2042 5511 Sane
2070 5453 2188 5510 haec
2231 5452 2495 5523 pratsenti
2533 5452 2748 5524 scripto
2797 5449 3058 5507 venirent
3088 5445 3388 5504 inserenda
3425 5444 3494 5500 ad

1897 5663 1944 5696 ⁵⁷
1968 5662 2072 5720 Job
2098 5678 2286 5728 χχχιιι,
2327 5663 2392 5718 l5
