3944 6454
201 383 406 450 H293
979 387 1314 450 HOMILIA
1349 391 1629 455 LXXXV.
1659 417 1731 429 -
1763 393 1865 455 DE
1896 395 2620 472 PUSILLANIMITATE,
2653 399 2816 462 ETC.
3389 400 3526 466 ICM

196 500 361 568 γὰρ
411 503 438 552 ὁ
477 498 608 562 Θεὸς
642 497 718 561 ὡς
759 499 809 554 oi
857 498 1162 572 ἄνθρωποι,
1197 503 1690 574 μνησικακοῦντες,
1731 503 1846 560 ἀλλ’

1948 515 2131 578 pacto,
2165 507 2224 563 in
2253 507 2577 564 discrimine
2616 509 2816 580 quovis
2870 511 3112 580 positum
3175 519 3228 567 te
3279 512 3522 574 deseret.

201 593 428 655 αὐτὸς
480 591 860 662 ἀμνησίκακός
909 594 1085 659 ἐστιν,
1125 594 1222 648 καὶ
1276 595 1703 668 σπλαγχνίζεται
1751 597 1846 651 ἐπὶ

1948 599 2046 656 sed
2095 583 2256 670 plena
2304 599 2412 656 llde
2465 600 2770 656 satisfaciet
2821 601 3077 672 petitioni
3138 605 3336 659 anima:
3395 615 3521 662 tum.

201 686 347 756 τὴν
398 685 618 757 ποίησιν
645 684 835 740 αὑτοῦ.
865 686 941 740 Σὺ
989 681 1084 741 οὖν
1125 687 1442 760 καθάρισον.
1467 691 1568 761 τὴν
1614 691 1847 764 καρδίαν

206 793 344 828 σου
406 777 515 830 ἀπὸ
567 777 664 830 τοῦ
702 777 999 843 διστάζειν,
1025 780 1120 833 καὶ
1167 779 1324 834 αἰτοῦ
1375 781 1508 854 παρ’
1538 782 1728 850 αὑτοῦ,
1753 783 1851 838 καλ.⁴

206 867 408 940 mea
465 869 529 922 τὸ
583 867 797 940 αττημά
869 862 1008 923 σοῦ’·
1079 873 1222 928 ἐπὰν
1287 872 1346 926 δὲ
1411 873 1726 950 διστάζῃς,
1782 877 1844 930 οὐ

209 957 430 1030 λήψῃ.
462 960 524 1014 (li
579 959 690 1032 γὰρ
717 959 1068 1024 διστάζοντες
1105 963 1188 1027 εἰς
1227 964 1319 1020 τὸν
1347 964 1502 1030 Θεὸν,
1535 959 1684 1019 οὗτοί
1707 969 1846 1020 εἰσιν

1946 692 2136 763 Neque
2169 693 2321 748 enim
2363 692 2510 748 Deus
2541 702 2602 747 ut
2628 693 2884 748 homines
2905 734 2920 757 ,
2947 695 3040 765 qui
3079 705 3320 766 acceptae
3353 679 3528 752 semel

1947 782 2164 854 injuriae
2217 790 2326 838 tam
2378 783 2560 839 solent
2610 785 2929 839 meminisse
2975 787 3356 855 pertinaciter.
3407 787 3529 857 lpsc

1947 875 2094 931 enim
2133 875 2345 931 nullius
2387 891 2602 931 memor
2639 877 2856 947 injuria:
2881 885 2987 942 est,
3019 877 3193 947 magis
3217 877 3274 932 in
3303 885 3527 932 creatu-

1947 983 2064 1022 ram
2094 983 2312 1024 omnem
2359 967 2836 1039 indulgentissime
2867 970 3132 1039 expandit
3157 985 3274 1025 sua!
3310 969 3529 1025 viscera

215 1053 284 1104 ot
369 1052 629 1122 δίψυχοι,
684 1053 782 1106 καὶ
839 1053 992 1108 οὐδὲν
1041 1055 1179 1120 ὅλως
1227 1057 1686 1126 ἐπιτυγχάνουσιν
1735 1059 1846 1112 τῶν

217 1147 586 1218 αἰτημάτων
617 1149 820 1202 αὐτῶν.
850 1151 914 1204 Οἱ
960 1151 1016 1204 δὲ
1051 1151 1317 1216 ὁλοτελεῖς
1349 1154 1524 1220 ὄντες,
1555 1156 1613 1209 ἐν
1636 1157 1710 1234 τῇ
1759 1155 1849 1210 πί-

1947 1061 2324 1134 benignitatis.
2351 1063 2433 1117 Tu
2469 1063 2624 1135 igitur
2676 1081 2774 1120 cor
2802 1073 2957 1120 tuum
2990 1081 3266 1137 perpurga
3315 1073 3527 1120 tantum

1947 1153 2017 1207 ab
2055 1153 2204 1206 omni
2253 1153 2604 1206 vacillatione
2653 1161 2709 1206 et
2761 1153 3128 1217 haesitatione,
3166 1168 3233 1208 ac
3301 1167 3424 1223 pete
3457 1151 3526 1209 ab

221 1255 375 1292 στει
425 1239 603 1292 πάντα
655 1241 954 1308 αἰτοῦνται,
993 1243 1318 1310 πεποιθότες
1349 1246 1442 1299 ἐπὶ
1489 1247 1581 1300 τὸν
1617 1247 1844 1318 Κύριον,

1948 1261 2036 1310 eo,
2057 1245 2278 1314 erisque
2329 1252 2436 1298 tua:
2467 1243 2752 1314 petitionis
2779 1260 3008 1314 compos
3040 1263 3052 1299 :
3087 1261 3209 1300 nam
3255 1247 3444 1300 varius
3470 1255 3530 1302 et

221 1336 348 1388 καὶ
419 1336 791 1406 λαμϐάνουσιν
819 1337 848 1390 ὅ
900 1355 956 1390 τι
985 1338 1326 1402 ἁδιστάκτως
1373 1337 1673 1394 αἰτοῦνται.
1719 1341 1846 1396 Ἐὰν

221 1427 298 1480 δὲ
344 1429 448 1480 καὶ
480 1427 808 1499 βραδύτερον
835 1430 1154 1502 λαμϐάνῃς,
1177 1431 1252 1502 μὴ
1281 1429 1608 1505 διψυχὴησῃς,
1643 1433 1724 1486 ὅτι
1745 1433 1846 1487 οὐκ

223 1522 456 1585 ἔλαϐες
491 1523 629 1594 ταχὺ
656 1525 718 1576 τὸ
749 1524 958 1596 αἴτημα
985 1526 1084 1596 τῆς
1109 1525 1294 1597 ψυχῆς
1324 1545 1419 1580 σου
1441 1544 1455 1558 ο
1486 1528 1705 1592 πάντως
1735 1531 1845 1600 γὰρ

223 1614 342 1667 διὶ
385 1615 693 1686 πειρασμόν
725 1619 928 1689 τινα,ἢ
973 1619 1328 1689 παράπτωμά
1367 1635 1418 1674 τι
1452 1620 1480 1674 ὃ
1508 1623 1571 1675 σὺ
1606 1622 1842 1690 ἀγνοεῖς,

228 1705 590 1777 βραδύτερον
625 1707 943 1779 λαμὸὁινεις.
973 1709 1044 1764 Σὺ
1079 1710 1174 1764 οὖν
1200 1713 1274 1783 μὴ
1297 1713 1549 1784 διαλίπῃς
1583 1714 1844 1784 αἰτούμε-

225 1815 341 1858 νος
373 1797 440 1852 τὸ
465 1797 678 1868 αἴτημα
723 1800 822 1870 τῆς
875 1800 1055 1871 ψυχῆς
1087 1819 1206 1868 σου,
1235 1804 1330 1857 καὶ
1353 1803 1498 1874 λήψῃ
1546 1805 1844 1858 αὒτόλΕὰν
1879 1809 1936 1874 η’

225 1889 313 1956 δὴ
346 1889 670 1959 ἐκκακήσῃς
740 1891 1094 1960 αἰτούμενος,
1131 1895 1360 1948 σεαυτὸν
1407 1895 1590 1958 αίτιῶ,
1632 1896 1726 1949 καὶ
1769 1895 1844 1968 μὴ

227 1983 346 2034 τδλν
407 1981 654 2036 necem
695 1981 882 2035 σοι.⁹Η
930 1983 1039 2054 γὰρ
1092 1982 1312 2054 διψυχία
1342 2025 1356 2050 ,
1397 1983 1649 2056 θυγάτηρ
1692 1986 1844 2039 ἐστὶν

235 2073 354 2126 τοῦ
386 2073 658 2137 διαϐόλου,
696 2073 792 2126 καὶ
810 2073 931 2127 λίαν
961 2076 1327 2148 πονηρεύεται
1355 2079 1436 2140 είς
1469 2079 1596 2142 τοὺς
1621 2079 1845 2144 δούλους

235 2165 356 2218 τοῦ
414 2165 572 2218 Θεοῦ.
610 2167 684 2218 Σὺ
721 2165 814 2219 οὖν
857 2165 1072 2220 ἔνδυσαι
1120 2167 1218 2239 τὴν
1249 2169 1432 2224 πίστιν
1458 2169 1556 2245 τὴν
1595 2172 1841 2240 ἰσχυράν.

235 2258 484 2329 Σιῶμεν
509 2255 604 2312 οὖν
631 2259 856 2329 ἑδραῖοι,
882 2259 956 2320 ὡς
981 2259 1177 2330 ἄκμων
1202 2260 1551 2331 τυπτόμενοι.
1584 2263 1842 2331 Μεγάλου

237 2347 496 2418 ἀθλητοῦ
567 2351 714 2402 ἐστιν
771 2349 1046 2420 δέρεσθαι,
1101 2351 1196 2403 καὶ
1251 2353 1431 2422 νικᾷν.
1486 2353 1740 2408 Μάλιστα
1785 2355 1842 2408 δὲ

239 2440 396 2494 Θεοῦ
426 2441 612 2494 ἕνεκεν
641 2440 816 2494 πάντα
846 2441 1230 2510 ὑπομένωμεν,
1263 2442 1350 2495 ἵνα
1383 2443 1476 2496 καὶ
1507 2445 1668 2508 αὐτος
1697 2447 1846 2516 ἡμᾶς

244 2533 530 2604 ὑπομείνῃ
552 2549 566 2562 ⁸
601 2533 880 2586 σπουδαῖοι
937 2532 1228 2604 γενώμεθα
1251 2577 1265 2602 ,
1293 2537 1422 2598 τοὺς
1475 2539 1700 2608 καιροὺς
1742 2555 1845 2591 κα-

243 2626 630 2696 ταμάθωμεν,
690 2627 782 2681 τὸν
842 2628 1179 2700 ὑπέρχρονον
1244 2632 1697 2700 προσδοκοῦντες,
1753 2633 1844 2686 τὸν

245 2719 514 2788 ἄχρονον,
538 2720 629 2773 τὸν
662 2721 918 2789 ἀόρατον,
957 2721 1025 2774 δι’
1053 2723 1198 2792 ἡμᾶς
1233 2723 1289 2776 δέ
1319 2725 1532 2794 ὁρατὸν,
1561 2725 1654 2778 τὸν
1701 2727 1844 2798 ἅψη-

243 2811 521 2880 λάφητον,
562 2811 630 2864 δι’
663 2813 810 2881 ἡμᾶς
851 2812 909 2865 δὲ
949 2811 1367 2884 ψηλαφηθέντα,
1403 2815 1494 2867 τὸν
1537 2817 1746 2887 ἀπαθῆ,
1775 2818 1847 2871 δι’

245 2903 410 2972 ἡμᾶς
459 2902 516 2955 δὲ
575 2902 818 2956 παθόντα
847 2919 860 2932 ·
899 2904 987 2956 τὸν
1039 2906 1098 2956 ἐν
1154 2905 1513 2977 μακροθυμίᾳ
1569 2906 1748 2960 πάντα
1776 2907 1848 2961 δι’

245 2996 412 3063 ἡμᾶς
435 2995 826 3065 ὑπομείναντα.
859 2995 1021 3062 Λέγει
1051 2995 1108 3050 δέ
1140 2998 1234 3050 καὶ
1269 3000 1300 3070 ἡ
1339 2999 1531 3070 Γραφή
1553 3015 1566 3030 ο
1605 3018 1623 3051 ι
1655 3001 1716 3053 Οξ
1749 3018 1848 3070 φο..

1877 1850 1918 1905 Β

1947 1352 2157 1406 anceps
2198 1336 2241 1390 si
2282 1335 2720 1405 deprehendere,
2758 1335 2896 1389 nihil
2947 1336 3206 1404 accipies.
3234 1323 3529 1402 Qui‘cnim

1948 1445 2074 1499 erga
2124 1429 2294 1484 Deum
2323 1428 2508 1482 animo
2557 1427 2846 1493 fluctuant,
2883 1444 2946 1484 ac
2977 1429 3146 1483 veluti
3176 1429 3528 1496 dividuntur,

1949 1523 2038 1578 isti
2071 1523 2256 1576 animo
2289 1521 2540 1591 duplices
2575 1537 2698 1576 eum
2722 1523 2853 1587 sint,
2875 1537 2946 1576 ne
2975 1523 3251 1576 tantillum
3303 1523 3528 1592 quidem

1949 1631 1983 1670 α
2007 1614 2122 1669 suis
2172 1615 2636 1684 postulationibus
2681 1625 3052 1685 assequuntur
3076 1615 3141 1668 δι.
3174 1618 3252 1670 Ac
3295 1615 3526 1685 perfecti

1949 1705 2044 1775 qui
2099 1715 2227 1760 sunt
2259 1706 2384 1761 ﬁdei
2440 1707 2780 1778 integritate,
2821 1723 2947 1762 cum
2989 1723 3086 1778 spe
3113 1709 3364 1762 nitantur
3397 1723 3528 1780 erga

1948 1796 2242 1851 Dominum
2305 1797 2610 1864 incolumi,
2675 1799 2946 1868 quidquid
3011 1799 3332 1870 postulant,
3386 1799 3533 1854 acci-

1947 1886 2124 1958 piunt,
2155 1890 2607 1960 quandoquidem
2653 1891 2792 1945 nihil
2841 1891 3102 1946 [uerendo
3135 1890 3403 1946 noverint
3425 1905 3528 1960 pe-

1947 1989 2086 2036 tere.
2121 1979 2276 2047 Quod
2307 1981 2352 2036 si
2385 1983 2564 2037 serius
2592 1998 2756 2052 quam
2785 1983 2956 2038 velles
2985 1985 3270 2054 continget
3293 1993 3346 2040 te
3383 1983 3530 2039 acci-

1945 2087 2098 2142 pere,
2133 2087 2203 2126 ne
2223 2073 2294 2126 ob
2324 2071 2378 2126 id
2411 2073 2636 2128 vacilles
2667 2074 2852 2128 animo
2885 2074 3082 2128 anxius
3105 2117 3119 2140 ,
3148 2075 3278 2144 quia
3313 2089 3427 2128 non
3469 2074 3528 2129 in

1945 2163 2178 2234 vestigio
2209 2171 2314 2218 tuae
2369 2164 2569 2220 anima:
2609 2165 3038 2234 postulationem
3072 2174 3406 2220 consecutus
3441 2179 3526 2220 es.

1945 2253 2182 2310 Omnino
2200 2257 2347 2310 enim
2369 2256 2692 2326 ohaliquam
2715 2257 3094 2322 tentationem,
3111 2267 3204 2312 aut
3223 2266 3375 2313 certe
3396 2257 3529 2328 quia

1947 2347 2230 2404 intercidit
2266 2348 2454 2404 delicti
2477 2349 2760 2418 quidpiam
2789 2349 2956 2418 (quod
2986 2349 3196 2418 alioqui
3222 2349 3340 2420 ipse
3372 2350 3531 2420 igno-

1948 2443 2058 2508 ras)
2075 2443 2254 2496 serius
2273 2443 2496 2511 accipis.
2511 2441 2553 2510 ι
2567 2441 2722 2512 163
2741 2441 2821 2495 Tu
2845 2441 3013 2510 igitur
3037 2457 3106 2496 ne
3127 2441 3531 2511 interquiescas

1947 2546 2037 2594 aut
2055 2539 2332 2594 cunetcris
2351 2547 2535 2608 petere
2553 2553 2581 2591 a
2598 2535 2710 2590 Deo
2727 2536 2873 2606 quod
2898 2549 3229 2606 magnopere
3241 2533 3531 2589 contendit

1949 2630 2130 2684 anima
2163 2638 2275 2695 tua,
2303 2639 2357 2684 et
2385 2612 2644 2698 accipies.
2675 2627 2830 2696 Quod
2891 2626 2934 2681 si
2991 2626 3340 2680 delassabere
3386 2625 3533 2680 inter

1948 2724 2270 2793 petendum,
2309 2723 2542 2792 teipsum
2579 2723 2790 2784 incusa,
2826 2735 2938 2774 non
2971 2722 3102 2774 item
3130 2735 3256 2776 eum
3290 2720 3383 2788 qui
3411 2719 3528 2773 dat.

1947 2813 2254 2882 Duplicitas
2311 2811 2482 2866 animi
2521 2812 2682 2881 plane
2743 2810 2948 2864 diaboli
2989 2819 3073 2864 est
3108 2809 3236 2874 lilia,
3262 2825 3382 2878 qua:
3408 2824 3532 2862 om-

1947 2907 2102 2961 nium
2130 2905 2366 2960 maxime
2393 2904 2447 2958 in
2484 2920 2674 2958 servos
2696 2903 2814 2968 Dei,
2849 2903 3033 2957 nativa
3062 2917 3160 2957 sua
3190 2900 3530 2969 malignitate

1949 2997 2322 3052 debacchatur
2345 3011 2407 3050 ac
2427 2997 2603 3050 saevit.
2627 2994 2709 3048 Tu
2742 2994 2910 3065 igitur
2931 2994 3129 3048 fortem
3155 3008 3220 3048 ac
3248 3001 3531 3047 strenuam

249 3086 520 3156 6ούμενοι
550 3085 640 3139 τὸν
665 3085 895 3156 Κύριον,
926 3087 1257 3158 ἀναμείνατε
1283 3091 1342 3143 τὸ
1361 3090 1509 3154 ἔλεος
1537 3091 1724 3154 αὑτοῦ,
1753 3093 1846 3146 καὶ

1951 3089 2114 3144 [idem
2164 3088 2290 3142 vide
2343 3088 2573 3142 indutus
2604 3094 2664 3141 ut
2691 3087 2787 3142 sis.
2821 3085 2966 3141 Sane
3009 3094 3325 3156 perstemus
3367 3082 3533 3138 solidi

255 3179 346 3250 μὴ
391 3179 668 3232 ἐκκλίνετε
719 3180 806 3232 ἵνα
856 3179 929 3250 μὴ
963 3181 1188 3251 πέσητε.
1237 3201 1256 3234 ι
1295 3183 1402 3236 Καὶ
1433 3185 1653 3252 ἐπάγει,
1694 3203 1718 3236 ο
1749 3186 1844 3249 Τίς

1948 3195 2013 3235 ac
2072 3179 2304 3234 stabiles
2353 3178 2572 3234 ineudis
2620 3178 2972 3244 inomorem,
3002 3178 3290 3232 undelibet
3355 3173 3532 3230 attriti

253 3271 587 3324 ἐπίστευσεν
619 3270 828 3342 Κυρίῳ,
861 3274 956 3326 καὶ
985 3274 1340 3345 κατῃσχύνθη
1368 3291 1384 3340 ;
1419 3275 1450 3346 ἢ
1513 3276 1596 3338 τίς
1643 3277 1849 3328 ἐπεκα-

253 3363 456 3417 λέσατο
479 3364 666 3429 αὐτὸν,
697 3365 790 3420 καὶ
819 3367 1105 3436 ὑπερεῖδεν
1135 3367 1303 3420 αὐτόν
1337 3383 1352 3434 ;
1387 3367 1418 3438 ἢ
1447 3367 1533 3430 τίς
1567 3367 1848 3438 ἐνέμεινεν

374 3456 532 3526 φόϐῳ
554 3457 744 3525 αὑτοῦ,
779 3459 874 3512 καὶ
899 3458 1294 3530 ἐγκατελείφθη
1321 3477 1335 3526 ;
1373 3479 1391 3510 ι
1423 3460 1511 3532 illi;
1540 3457 1633 3514 οῦν
1665 3461 1848 3528 όλιγου

255 3549 513 3622 ψυχήσῃς
549 3551 606 3603 ἐν
634 3555 702 3622 τῇ
733 3553 1006 3622 προσευχῇ
1047 3569 1162 3615 σου,
1187 3551 1274 3606 ἵνα
1295 3555 1368 3622 μὴ
1394 3552 1666 3624 ὁμοιωθῇς
1693 3553 1770 3625 τῷ
1790 3554 1848 3605 ἐν

255 3641 522 3712 Αἰγύπτῳ
575 3644 710 3714 λαῷ,
742 3646 936 3708 οἵτινες
963 3645 1072 3698 ἀπὺ
1108 3644 1494 3715 ὀλιγοψυχίας,
1516 3645 1616 3698 οὐκ
1657 3645 1848 3717 ἤθελον

260 3733 493 3789 ἀκοῦσαι
533 3735 629 3789 τοῦ
686 3737 916 3808 Μωῦσῆ.
955 3739 1227 3790 Ἄκουσον
1291 3737 1466 3808 Ἰησοῦ
1524 3737 1616 3808 τοῦ
1663 3737 1846 3808 Ναυῆ,

259 3825 512 3895 λέγοντος
537 3842 548 3856 ·
593 3845 611 3878 ι
645 3827 988 3881 Φυλάσσεσθε
1029 3829 1233 3898 σφόδρα
1291 3828 1388 3890 τὰς
1454 3828 1634 3900 ψυχὰς
1671 3827 1845 3899 ὑμῶν,

264 3921 491 3990 ἀγαπᾷν·
512 3919 718 3990 Κύριον
745 3919 837 3972 τὸν
863 3919 995 3974 Θεδν
1021 3921 1198 3992 ἡμῶν,
1223 3921 1318 3974 καὶ
1345 3921 1506 3984 αὐτὸς
1545 3921 1848 3992 πολεμήσει

268 4012 408 4084 ὑπὲρ
461 4012 639 4084 ὑμῶν.
684 4031 705 4066 t
742 4011 1076 4082 Γέγραπταιπ
1107 4013 1163 4067 δὲ
1208 4015 1302 4066 καὶ
1348 4016 1406 4066 ἐν
1433 4015 1544 4076 τοῖς
1574 4015 1804 4084 Κριταῖς
1829 4029 1846 4044 ·

280 4122 302 4155 ι
334 4101 420 4174 Μὴ
451 4103 881 4175 παρθργίσωμεν
913 4103 1116 4174 Κύριον
1142 4103 1233 4156 τὸν
1265 4103 1400 4156 Θεὸν
1425 4103 1607 4173 ἡμῶν,
1649 4103 1735 4156 ἵνα
1771 4103 1846 4174 μὴ

1952 3268 2396 3324 contusiouibus.
2426 3268 2642 3322 Excelsi
2679 3267 2864 3322 animo
2899 3267 3120 3322 athletre
3143 3274 3248 3330 est,
3282 3274 3338 3320 et
3367 3265 3533 3320 nudi-

1950 3379 2059 3433 que
2089 3362 2246 3426 caadi,
2281 3373 2336 3418 et
2384 3372 2566 3416 tamen
2600 3361 2824 3416 vincere
2861 3377 2876 3414 :
2917 3361 3154 3414 maxime
3207 3361 3264 3412 in
3302 3360 3532 3429 gratiam

1950 3454 2046 3509 Dei
2079 3454 2220 3508 nihil
2245 3471 2354 3508 non
2395 3455 2692 3508 toleremus
2714 3454 2924 3507 alacres
2961 3463 3016 3508 ut
3051 3460 3106 3506 et
3131 3451 3247 3520 ipse
3275 3465 3375 3504 nos
3414 3451 3537 3504 lon-

1951 3546 2244 3617 ganimiter
2304 3545 2520 3599 toleret.
2561 3543 2806 3599 Studiosi
2871 3544 3045 3598 simus
3098 3558 3162 3596 ac
3210 3541 3531 3611 pervigiles.

1949 3637 2346 3692 Condiscamus
2379 3635 2524 3691 ferre
2559 3635 2819 3704 temporis
2851 3635 3012 3688 istius
3043 3632 3412 3702 iniquitatem,
3435 3629 3532 3700 qui

1951 3741 2047 3796 spe
2098 3726 2237 3780 nihil
2291 3725 2460 3780 dubia
2518 3725 2904 3795 prmstolamur
2952 3723 3252 3778 adventum
3283 3721 3405 3790 ejus
3435 3719 3534 3790 qui

1949 3835 2114 3889 supra
2140 3828 2386 3888 tempora
2403 3826 2488 3873 est
2520 3827 2577 3872 ct
2601 3817 2695 3886 qui
2729 3816 2847 3870 sine
2871 3822 3118 3884 tempore
3148 3822 3233 3868 est
3266 3829 3280 3866 :
3309 3822 3368 3867 et
3391 3813 3536 3867 invi-

1951 3913 2150 3978 sibilis,
2203 3911 2378 3966 nostri
2431 3925 2596 3964 causa
2648 3909 2702 3963 in
2769 3916 3018 3976 tempore
3068 3905 3363 3976 palpabilis
3409 3919 3536 3960 esse

1947 4003 2125 4060 voluit
2153 4019 2168 4069 ;
2205 4001 2559 4072 impassibilis
2583 4015 2708 4054 cum
2753 4007 2921 4064 esset,
2953 3999 3216 4069 dignatus
3249 4011 3372 4050 esse
3404 4009 3535 4065 pas-

1949 4095 2144 4151 sibilis.
2179 4095 2248 4150 Et
2287 4091 2385 4148 hic
2450 4102 2634 4148 tantus
2684 4092 2740 4146 in
2805 4091 3038 4160 gratiam
3083 4097 3292 4143 nostra
3334 4085 3536 4141 salutis

270 4195 440 4267 ἀναϐῇ
498 4196 724 4266 Μαδιὰμ
769 4195 906 4266 μετὰ
965 4195 1075 4249 τῶν
1119 4195 1334 4266 κτηνῶν
1379 4196 1572 4266 αὐτῆς,
1609 4195 1702 4248 καὶ
1725 4193 1846 4248 δια-

1951 4187 2374 4246 tolerantissime
2401 4193 2600 4242 cuncta
2634 4183 2883 4278 pertulit.
2920 4181 3068 4237 Dicit
3105 4179 3340 4251 proinde
3375 4177 3532 4234 Scri-

272 4285 460 4358 φθείρῃ
483 4285 572 4340 τδν
592 4285 805 4354 καρπὸν
827 4285 1008 4356 ἡμῶν,
1029 4287 1124 4339 καὶ.
1147 4285 1560 4356 πτωχεύσωμεν
1581 4285 1806 4356 σφόδρα.
1821 4304 1840 4337 ι

1948 4289 2109 4352 ptura
2143 4296 2158 4332 :
2195 4297 2214 4330 ι
2243 4277 2348 4344 Qui
2385 4277 2593 4332 timetis
2641 4269 2963 4339 Dominum,
2995 4278 3312 4342 exspectate
3369 4269 3538 4324 misc-

287 4376 626 4453 ’ᾼκούσωμεν
663 4378 886 4432 Ἡσαΐου
941 4378 1188 4444 λέγοντος
1209 4395 1223 4411 ·
1256 4398 1275 4430 ι
1310 4377 1706 4449 Παρα-καλιῖτε,
1737 4379 1849 4432 ὀλι-

1948 4367 2246 4424 ricordiam
2271 4367 2412 4438 ejus,
2451 4373 2507 4420 et
2539 4381 2611 4420 ne
2641 4363 2934 4420 declinetis
3056 4377 3127 4417 ne
3157 4359 3370 4416 cadatis
3395 4359 3465 4414 ".
3507 4376 3534 4414 ι

273 4451 518 4540 γόψυχοι,
548 4470 852 4541 τῇδιανοία
873 4487 888 4500 ’
925 4489 944 4522 ι
971 4469 1178 4542 Κύριος
1208 4470 1319 4541 γὰρ
1347 4471 1566 4524 δίδωσιν
1587 4471 1846 4542 ὀλιγοψύ-

1948 4461 2206 4516 lnducit:
2251 4477 2271 4512 ι
2309 4458 2444 4524 Quis
2475 4456 2704 4512 conlidit
2737 4457 2792 4512 in
2841 4470 2969 4511 eum
3013 4463 3070 4510 et
3103 4452 3373 4509 confusus
3401 4457 3488 4506 est
3511 4451 3543 4510 ἓ

271 4539 384 4634 got;
410 4539 837 4633 μακροθυμίαν,
870 4563 965 4616 καὶ
1007 4539 1152 4634 Cui-ip)
1201 4539 1314 4627 τοῖς
1355 4539 1845 4634 συντετριμμένοις

1949 4562 2045 4609 aut
2063 4553 2186 4623 quis
2210 4551 2488 4606 invocavit
2525 4564 2653 4605 eum
2691 4557 2747 4604 et
2781 4547 3034 4618 despexit
3069 4546 3246 4610 illum,
3280 4553 3376 4599 aut
3407 4541 3541 4612 quis

273 4657 340 4722 τῇ
372 4655 567 4726 καρδίᾳ
587 4654 604 4686 °“
636 4657 730 4709 uel.
763 4657 922 4726 ἡμεῖς
946 4652 1040 4709 οὖν
1084 4657 1222 4727 μετὰ
1256 4655 1600 4720 κατανύξεως
1643 4657 1740 4709 σὺν
1769 4655 1847 4728 τῷ

275 4744 430 4800 Δασὶδ
457 4745 774 4816 ἐντύχωμεν
795 4746 874 4818 τῷ
906 4747 1046 4818 Θεῷ,
1085 4747 1353 4815 λέγοντες⁸
1389 4765 1408 4797 ι
1458 4746 1844 4816 Ἦδολέσχησα,

277 4838 370 4892 καὶ
419 4837 813 4912 ὀλιγοψύχησεν
851 4839 910 4892 τὸ
960 4838 1180 4908 πνεῦμά
1227 4855 1348 4910 μου.
1390 4839 1462 4892 Ἡ
1511 4839 1706 4908 καρδία
1746 4854 1847 4908 μου

280 4933 580 5004 ἐταράχθη,
616 4931 943 5001 ἐγκατέλιπέ
999 4949 1066 5002 με
1115 4934 1149 5004 ἡ
1201 4933 1354 5002 ἰσχύς
1403 4950 1530 5001 μου.
1574 4931 1851 4985 Ἀπώλετο

285 5025 415 5096 ψυγὴ
443 5024 537 5078 ἀπ’
567 5024 728 5092 ἐμοῦ,
757 5025 852 5078 καὶ
879 5025 980 5078 οὐκ
1015 5025 1163 5078 ἔστιν
1192 5026 1220 5078 ὁ
1247 5025 1495 5097 ἐκζητῶν
1541 5024 1640 5097 τὴν
1667 5024 1846 5094 ψυχήν

290 5133 398 5190 μου.
439 5135 458 5171 ι
511 5115 674 5171 Ἀλλὰ
701 5135 720 5169 ι
758 5115 849 5186 Μὴ
897 5116 1272 5188 ἑγκαταλίπῃς
1319 5134 1410 5187 με,
1447 5117 1618 5188 Κύριε
1659 5119 1688 5170 ὁ
1715 5115 1850 5180 Θεός

292 5228 399 5286 μου,
425 5209 498 5282 μὴ
523 5211 767 5281 ἀποστῇς
791 5209 886 5262 ἀπ’
917 5208 1054 5279 ἐμοῦ
1081 5225 1096 5240 ο
1131 5227 1150 5260 ι
1185 5211 1286 5273 τὰς
1334 5210 1392 5264 δὲ
1439 5208 1714 5282 μάστιγας
1755 5225 1848 5262 σου

289 5303 584 5374 ἁπόστησον
640 5299 736 5356 ἀπ’
778 5300 936 5372 ἐμοῦ,
976 5301 1060 5357 ὅτι
1091 5321 1110 5354 ι
1168 5299 1304 5356 Ἀπδ
1357 5303 1456 5372 τῆς
1519 5301 1704 5372 ῑτκύος
1751 5300 1851 5370 τῆς

1944 4643 2252 4716 permansit
2304 4642 2362 4696 in
2413 4643 2608 4696 timore
2639 4641 2780 4706 ejus,
2811 4647 2869 4694 et
2908 4637 3212 4693 derelictus
3265 4645 3350 4691 est
3377 4633 3470 4687 ⁸³2
3510 4649 3531 4684 ι

1945 4740 2027 4794 Ne
2065 4748 2186 4794 esto
2239 4736 2296 4791 in
2343 4735 2594 4790 oratione
2627 4739 2720 4786 tua
2765 4730 3156 4802 pusillanimis,
3185 4734 3246 4782 ut
3275 4743 3345 4782 ne
3375 4726 3537 4780 inve-.

1946 4833 2100 4886 niare
2150 4830 2228 4884 illi
2291 4827 2551 4883 assimilis
2607 4825 2812 4896 populo
2850 4825 2906 4878 in
2934 4821 3170 4892 Egypto
3214 4819 3308 4890 qui
3337 4817 3546 4880 abnuitL

1947 4923 2144 4980 audire
2175 4922 2417 4994 Moysen,
2447 4919 2583 4974 vitio
2613 4917 2870 4972 laborans
2898 4911 3376 4987 pusillanimitatis
3403 4909 3472 4964 ⁸³⁵.
3507 4927 3538 4963 ι.

1943 5015 2090 5072 Audi
2139 5023 2198 5070 tu
2227 5013 2416 5070 Jesum
2443 5010 2611 5075 Nave,
2641 5009 2917 5064 dicentem
2950 5027 2964 5063 :
3003 5026 3022 5058 ι
3058 5003 3345 5061 Custodite
3363 5002 3548 5058 vehes

1947 5117 2162 5164 menter
2227 5105 2440 5160 animas
2498 5109 2754 5168 vestras,
2819 5108 2882 5155 u-t
2939 5099 3184 5169 diligatis
3241 5097 3542 5154 Dominum

1945 5200 2118 5255 Deum
2175 5205 2444 5260 vestrum,
2476 5201 2534 5249 et
2587 5193 2706 5262 ipse
2755 5189 3024 5262 pugnabit
3070 5204 3170 5261 pro
3218 5185 3382 5242 vobis
3411 5185 3477 5240 ".
3512 5203 3538 5237 ι

1947 5289 2231 5360 Scriptum
2261 5295 2346 5342 est
2377 5293 2434 5341 et
2465 5283 2520 5339 in
2549 5281 2808 5340 Judicum
2839 5280 2986 5336 libro
3016 5296 3031 5334 :
3067 5295 3091 5330 ι
3129 5277 3208 5332 Ne
3235 5273 3545 5330 exacerhea

289 5392 450 5466 χειρός
474 5367 581 5446 ’σου
609 5389 722 5458 ἐγὼ
751 5367 1020 5458 ἐξέλιπον.
1057 5409 1078 5444 ι
1110 5391 1220 5446 Καί
1244 5406 1260 5422 ο
1296 5410 1316 5444 ι
1373 5367 1532 5458 Ἰδοὺ,
1564 5367 1846 5464 ἐμακρυνα

1957 5397 2082 5438 mus
2105 5379 2425 5444 Dominum,
2462 5384 2525 5432 ut
2546 5391 2614 5430 ne
2644 5371 2907 5430 ascendat
2933 5370 3146 5426 Madian
3174 5383 3302 5424 cum
3318 5367 3546 5438 jumenq

292 5483 612 5556 φυγαδεύων,
639 5485 734 5538 καὶ
775 5482 1040 5555 ηὑλίσθην
1085 5484 1142 5538 ἐν
1177 5483 1248 5555 τῇ
1299 5482 1513 5554 ἐρήμῳ,
1549 5481 1849 5553 προσδεχό-

293 5575 436 5652 μενός
477 5591 538 5628 σε
565 5575 661 5628 τὸν
699 5571 1076 5638 ζωοποιοῦντα
1118 5573 1424 5637 Θεὸν,·ὰπδ
1473 5571 1852 5644 ὀλιγοψυχίας,

1959 5478 2030 5533 tis
2076 5475 2213 5541 suis,
2253 5482 2311 5530 et
2359 5477 2680 5539 corrumpant
2737 5467 2982 5521 fructum
3036 5471 3316 5525 nostrum,
3366 5466 3424 5514 et
3467 5459 3538 5512 ad

1961 5578 2265 5626 extremam
2335 5570 2718 5638 paupertatem
2776 5559 3137 5616 devolvamur
3166 5555 3234 5609 “.
3280 5551 3426 5620 Quin
3485 5557 3545 5606 et

357 5740 538 5796 "Jac.
569 5759 609 5805 ι,
645 5735 700 5803 6,
735 5738 790 5792 8.
866 5737 912 5772 ⁸⁸
940 5731 1110 5793 Eccli.
1146 5749 1207 5802 τι,
1241 5732 1294 5800 7,
1327 5734 1377 5790 9.
1460 5731 1506 5765 ⁸³
1532 5729 1668 5787 ibid.
1711 5727 1794 5795 ll,
1831 5727 1919 5784 l2.
2000 5727 2044 5756 °‘
2073 5725 2248 5783 Exod.
2289 5740 2366 5792 ιν,
2396 5723 2621 5796 passim.
2699 5718 2745 5752 “
2775 5715 2890 5775 los.
2927 5729 3089 5785 mn,
3132 5711 3222 5777 ll.
3295 5709 3340 5743 °°
3365 5705 3552 5770 ludio.

291 5830 356 5882 rt,
387 5815 415 5874 5
441 5829 594 5886 δίειμι.
