3944 6426
172 294 324 359 1Γ97
828 294 1155 356 ΙΙΟΜΙΠᾹ
1197 295 1510 356 LXXXVI.
1538 320 1609 329 -
1639 295 1736 354 DE

1877 293 2075 353 liOIlE
2119 295 2534 357 SECUNDUM
2575 297 2812 358 DEUM.
3320 301 3456 368 18.98

167 417 341 463 tuum
370 407 548 462 virtus
614 411 721 460 tuac
756 404 1082 476 maiestatis,
1141 410 1198 458 et
1253 403 1544 460 confirmet
1605 403 2091 469 me,Dominc,et
2145 403 2498 460 constabiliat
2540 405 2799 462 salutaris
2855 406 3103 466 doctrina
3150 413 3452 485 Evangelii.

157 499 361 556 Certe.
403 494 653 559 Domine,
725 495 938 548 viscera
988 509 1074 548 me
1127 503 1388 563 artusque
1413 509 1566 548 meos
1597 509 1790 550 omnes
1829 493 1916 550 fac
1944 496 2331 566 splendescere
2366 495 2642 551 infusione
2670 506 2776 552 tute
2835 499 2996 565 lucis,
3036 511 3238 574 tuaque
3280 509 3456 564 Salius

162 588 488 642 voluntate.
525 583 697 653 Expia
746 599 833 638 me
891 583 961 638 ab
1007 583 1160 638 omni
1223 583 1433 640 malitia
1481 594 1536 642 et
1573 593 1822 654 peccato.
1862 585 2199 642 Conservato
2226 601 2314 641 me
2378 586 2790 643 immaculatum
2818 599 2875 645 et
2911 591 3456 663 irreprehensibilem

163 679 250 734 ab
286 677 437 734 omni
501 673 826 745 operatione
879 674 1223 729 adversarii:
1253 683 1456 745 tuaque
1513 675 1852 745 benignitate
1893 675 2112 748 imparti
2147 678 2306 743 mihi,
2339 687 2400 760 ut
2443 694 2565 749 qua:
2617 688 2706 734 tua
2749 693 2880 736 sunt
2911 686 3167 754 cogitem,
3202 705 3325 760 qua:
3360 701 3454 746 tua

161 778 310 825 sunt
360 767 592 838 sapiam,
629 765 683 818 in
737 764 804 818 iis
844 779 966 834 quae
1011 773 1105 840 tua
1156 775 1287 819 sunt
1322 779 1638 829 converser,
1669 774 1783 828 tuo,
1819 781 2016 837 nempe
2051 767 2225 833 tiliali,
2259 759 2453 822 timbre
2481 776 2533 822 te
2569 768 2788 825 timeam
2827 772 2895 828 ad
2941 759 3248 832 extremum
3281 796 3456 852 usque

164 863 437 916 halitum.
505 860 704 913 Invoco
767 866 860 921 te,
931 855 1162 914 Domine
1222 856 1352 912 Jesu
1398 856 1640 921 Christe,
1703 872 1804 928 ego
1860 867 2140 928 peccator,
2188 867 2250 914 ut
2331 874 2430 929 per
2519 862 2947 920 inenarrabilem
3017 868 3455 929 miscricordiam

165 963 327 1008 tuam
361 969 657 1008 conserves
696 967 898 1021 corpus
937 966 1141 1016 meum,
1168 951 1407 1005 animam
1438 968 1502 1008 ac
1555 953 1810 1023 Spiritum
1850 951 1920 1006 ab
1951 953 2099 1006 omni
2127 954 2327 1024 laqueo
2358 959 2727 1026 oppugnantis
2749 974 2858 1014 me.
2890 959 2989 1026 Ita,
3031 961 3194 1018 Pater
3242 977 3455 1028 sancte,

169 1056 274 1102 tua
311 1047 485 1103 solius
515 1049 722 1116 pietate
750 1061 1034 1116 propugna
1068 1061 1155 1101 me
1185 1060 1407 1100 servum
1443 1055 1622 1112 tuum,
1653 1061 1754 1100 nec
1792 1045 1850 1099 in
1887 1053 2039 1102 tanto
2099 1047 2422 1102 discriminc
2453 1049 2818 1125 constitutum
2865 1053 3091 1110 deseras
3127 1071 3234 1120 me,
3271 1065 3332 1111 ut
3385 1073 3455 1112 ne

163 1143 366 1216 dicant
393 1141 600 1196 inimici
627 1141 756 1196 mei.
787 1140 1188 1211 chlutivimus
1235 1155 1385 1195 eum.
1421 1141 1462 1195 Τ
1469 1158 1503 1196 u
1534 1141 1704 1207 enim,
1735 1141 1962 1198 Domine
1987 1143 2082 1210 mi,
2111 1153 2484 1215 propugnator
2537 1161 2694 1202 meus
2725 1163 2806 1214 es,
2837 1158 2894 1204 et
2915 1168 2934 1202 ι
2960 1149 3020 1204 In
3048 1159 3100 1207 te
3209 1151 3454 1212 laudatio

169 1252 304 1291 mea
324 1251 542 1305 semper
561 1233 631 1301 ⁸³,
665 1255 684 1286 ι
712 1245 770 1290 et
796 1234 853 1288 in
880 1233 1099 1289 saecula.
1120 1235 1312 1289 Amen.

247 1349 442 1413 Οὕτως
468 1345 562 1402 οὖν
594 1347 981 1420 προσέλθωμεν
1012 1345 1091 1417 τῷ
1128 1345 1318 1415 ἀγαθῷ
1345 1347 1592 1418 Δεσπότῃ
1614 1388 1628 1410 ,
1672 1347 1766 1401 καὶ

1945 1348 2156 1420 1165
2208 1349 2290 1404 Ad
2340 1349 2490 1404 hunc
2537 1350 2761 1405 modum
2812 1353 3041 1422 propius
3090 1355 3455 1429 adjungamus

174 1446 260 1516 μὴ
301 1442 787 1513 ὀλιγοψυχήσωμεν
819 1439 878 1494 ἐν
907 1455 1037 1503 τινι,
1072 1438 1207 1493 ἀλλὰ
1240 1437 1636 1506 ἀγωνισώμεθα
1669 1440 1766 1492 ἀν·-

169 1537 375 1608 δρείως
397 1531 831 1605 μνημονεύοντες
855 1531 948 1584 τοῦ
976 1529 1387 1600 γεγραμμένου,
1419 1527 1536 1591 τοῦ,
1572 1523 1766 1581 «Εἶπεν

167 1628 237 1682 δὲ
273 1626 370 1680 καὶ
389 1623 706 1696 παραϐολὴν
733 1623 940 1685 αὐτοῖς,
970 1621 1106 1692 πρὸς
1133 1621 1190 1674 τὸ
1206 1621 1315 1672 δεῖν
1346 1619 1575 1672 πάντοτε
1601 1635 1762 1689 προσ-

169 1717 460 1788 εύχεσθαι,
532 1715 628 1768 καὶ
661 1713 736 1784 μὴ
796 1714 1072 1766 ἐκκακεῖν.
1113 1730 1132 1761 ι
1183 1711 1292 1764 Καὶ
1325 1711 1614 1781 ἐπιφέρειο
1645 1730 1663 1762 ι
1709 1711 1766 1763 ’0

167 1811 236 1864 δὲ
267 1808 399 1872 Θεὸς
437 1807 498 1860 οὐ
533 1807 608 1877 μὴ
648 1806 865 1876 ποιήσει
893 1805 992 1874 τὴν
1023 1804 1303 1874 ἐκδίκησιν
1344 1803 1452 1856 τῶν
1494 1802 1766 1856 ἐκλεκτῶν

169 1897 350 1956 αὐτοῦ
374 1897 484 1951 τῶν
513 1896 762 1968 βοώντων
805 1895 942 1965 πρὸς
975 1894 1138 1948 αὑτὸν
1183 1893 1373 1956 νυκτὸς
1403 1894 1496 1946 καὶ
1531 1893 1764 1963 ἡμέρας,

171 1992 279 2045 καὶ
301 1989 648 2062 μακροθυμεῖ
670 2006 684 2055 ;
710 1988 820 2040 Ναὶ
845 1987 986 2056 λέγω
1011 1987 1161 2056 ὑμῖν,
1182 1987 1265 2039 ὅτι
1291 1987 1507 2056 ποιήσει
1531 1987 1588 2038 ἐν
1610 1985 1767 2053 τάχει

169 2083 284 2154 τὴν
315 2082 597 2151 ἐκδίκησιν
635 2079 838 2136 αὐτῶν.
871 2098 889 2130 ι
937 2079 1098 2150 Αὐτῷ
1131 2079 1164 2148 ή
1205 2076 1334 2142 δόξα
1368 2079 1448 2141 εις
1480 2077 1607 2140 τοὺς
1635 2075 1768 2130 αἰῶ-

171 2191 302 2238 νας.
339 2171 530 2244 Ἀμήν.
1532 2178 1548 2188 “

754 2287 973 2340 ΛΟΓΟΣ
1021 2287 1164 2354 nq'.

783 2379 923 2447 Περὶ
955 2379 1166 2432 κόπου.
1379 2433 1392 2445 ,

256 2476 320 2528 Οἱ
360 2471 503 2527 κατὰ
531 2471 664 2525 Θεὸν
704 2471 863 2524 κόποι
899 2469 1164 2534 σώζουσιν
1216 2469 1306 2522 τὸν
1341 2468 1646 2540 ἄνθρωπον,
1673 2469 1761 2524 καὶ

181 2564 500 2634 παρρησίαν
551 2562 700 2634 αὐτῷ
737 2561 1072 2631 παρέχουσιν
1104 2559 1238 2630 πρὸς
1267 2560 1358 2614 τὸν
1405 2560 1536 2612 Θεὸν
1565 2559 1763 2629 λέγειν.

187 2675 212 2710 ι
258 2658 364 2709 Ἴδε
391 2656 490 2725 τὴν
525 2654 860 2708 ταπείνωσίν
891 2669 1015 2723 μου,
1052 2653 1146 2705 καὶ
1185 2652 1275 2704 τὸν
1322 2651 1487 2704 κόπον
1519 2669 1642 2722 μου,
1675 2652 1768 2704 καὶ

177 2748 323 2817 ἄφες
357 2749 534 2809 πάσας
581 2745 680 2809 τάς
709 2745 982 2816 ἁμαρτίας
1035 2761 1158 2814 μου,
1192 2761 1208 2796 ι
1245 2745 1358 2810 ὅτι,
1392 2761 1411 2794 ι
1459 2744 1762 2798 Ἐκοπεασα

177 2839 426 2911 κράζων,
452 2837 817 2909 ἐϐραγχίασεν
848 2839 875 2890 ὁ
904 2835 1110 2906 λάρυγξ
1148 2853 1271 2906 μου,
1295 2835 1387 2888 καὶ
1412 2837 1462 2888 οἱ
1495 2835 1762 2905 ὀφθαλμοί

183 2947 294 3000 μου
338 2929 583 2996 ἐξέλιπον
627 2929 736 2984 ἀπὸ
791 2928 884 2982 τοῦ
941 2928 1182 2992 ἐλπίζειν
1225 2944 1290 2997 με
1342 2927 1436 2980 ἐπὶ
1486 2927 1578 2980 τὸν
1632 2928 1764 2980 Θεὸν

181 3038 314 3093 μου.
343 3041 361 3072 ι
395 3020 586 3090 Δῶμεν
611 3016 725 3082 οὖν,
751 3019 1045 3090 ἀγαπητοὶ,
1080 3017 1140 3071 τὺ
1180 3019 1339 3088 σῶμα
1364 3017 1522 3088 ἡμῶν
1554 3019 1632 3080 εἰς
1675 3018 1766 3070 κύ·

180 3130 290 3166 πον
317 3113 412 3166 σὺν
438 3115 504 3184 τῇ
555 3113 697 3183 ψυχῇ
730 3113 788 3164 ὲν
827 3111 1128 3181 νηστείαις,
1161 3113 1256 3164 καὶ
1285 3110 1638 3181 ἀγρυπνίαις,
1671 3110 1764 3162 καὶ

175 3204 549 3278 ψαλμῳδίαις,
577 3205 669 3258 καὶ
693 3205 879 3275 εὐχαῖς
902 3201 1286 3269 ἀδιαλείπτοις,
1321 3202 1415 3254 καὶ
1444 3202 1761 3272 ὲργοχείρῳ,

179 3298 206 3352 ἴ
233 3315 276 3350 α
304 3296 661 3366 ἀπολάϐωμεν
689 3295 780 3349 τὸν
827 3295 1040 3364 μισθὸν,
1079 3313 1097 3346 ι
1133 3294 1302 3348 Ὅταν
1349 3292 1426 3364 δῷ
1473 3295 1582 3366 τοῖς
1623 3293 1762 3360 ἀγα-

181 3390 379 3458 πητοῖς
405 3386 573 3440 αὑτοῦ
602 3385 826 3451 ὕπνον,ι
857 3385 1136 3438 τουτέστιν
1157 3384 1485 3450 ἀνάπαυσιν,
1509 3386 1660 3437 ποῖον
1679 3401 1766 3453 μι-

181 3479 314 3533 σθόν
335 3495 349 3543 ;
379 3477 452 3530 Τὸ
473 3477 840 3549 κληρονόμους
861 3478 1008 3548 ἡμᾶς
1035 3475 1290 3545 γενέσθαι
1312 3476 1405 3529 καὶ
1438 3476 1586 3538 υἱοὺς
1607 3474 1762 3528 Θεοῦ.

180 3562 356 3630 Οὗτος
389 3569 520 3639 γὰρ,
562 3587 581 3620 ι
624 3569 682 3622 Ὀ
715 3567 905 3639 μισθὸς
930 3567 1025 3621 τοῦ
1068 3567 1286 3639 καρποῦ·
1317 3568 1418 3637 τῆς
1449 3566 1701 3638 γαστρὸς,
1739 3581 1760 3618 ι

178 3658 465 3714 τουτέστιν
487 3659 584 3730 τῆς
599 3659 942 3730 ἐγκρατείας.
969 3659 1325 3730 Εὑρίσκονται
1342 3657 1450 3729 γὰρ
1469 3658 1518 3710 οἱ
1537 3657 1764 3710 τοιοῦτοι

180 3749 266 3814 ὡς
316 3752 365 3803 οἱ
408 3749 716 3812 ἀπόστολοι,
779 3749 1014 3818 μάλιστα
1043 3752 1092 3802 oi
1120 3750 1414 3811 ἀσκοῦντες
1468 3747 1565 3818 τὴν
1596 3748 1766 3818 ἀκτη-

185 3839 450 3911 μοσύνην.
476 3859 494 3892 ι
535 3840 679 3893 Ὠσεὶ
704 3839 831 3910 βέλη
855 3839 984 3910 γὰρ,
1015 3839 1074 3893 ὲν
1108 3839 1248 3910 χειρὶ
1277 3836 1524 3902 δυνατοῦ,
1553 3859 1570 3888 ο
1597 3837 1769 3901 οὕτως

185 3933 300 3984 υἱοὶ
323 3931 431 3986 τῶν
453 3930 844 3996 ἐκτιναξάντων
865 3933 1088 3994 ἑαυτοὺς
1111 3930 1218 3984 ἀπὸ
1238 3931 1334 4000 τῆς
1356 3929 1486 3997 ὕλης
1512 3928 1607 3982 τοῦ
1634 3928 1768 3982 αἰῶ-

1869 1455 1969 1494 nos
2004 1451 2109 1494 tam
2143 1443 2401 1496 clementi
2431 1443 2682 1510 Domino,
2712 1461 2818 1500 nec
2853 1447 2962 1502 ulla
3011 1463 3078 1502 ex
3128 1465 3186 1504 re
3227 1452 3309 1506 sic
3352 1453 3452 1508 mi-

1867 1545 1990 1584 sere
2025 1531 2340 1600 eliquemur
2367 1541 2462 1586 aut
2491 1533 2815 1590 deficiamus
2855 1537 3076 1604 animo;
3111 1541 3287 1610 magis
3319 1559 3453 1600 vero

1869 1631 2091 1677 strenue
2124 1625 2546 1692 contendamus,
2590 1627 2738 1681 illius
2781 1645 3060 1686 memores
3106 1631 3448 1703 Scripturze:

1874 1735 1892 1766 ι
1924 1715 2070 1771 Dixit
2101 1727 2285 1772 autem
2321 1719 2402 1773 eis
2434 1727 2490 1772 et
2528 1720 2870 1788 parabolam,
2903 1721 3036 1791 quia
3059 1733 3279 1794 oportet
3307 1741 3426 1781 sem

1868 1821 1969 1877 per
1995 1823 2156 1862 orare
2189 1817 2244 1862 et
2289 1824 2397 1862 non
2430 1809 2669 1864 deficere
2696 1811 2763 1864 ⁸⁵.
2799 1830 2816 1860 ι
2849 1811 3058 1866 Infert:
3096 1833 3114 1864 ι
3150 1814 3294 1870 Deus
3319 1832 3452 1871 vero

1867 1913 1977 1952 non
2002 1898 2165 1954 faciet
2190 1899 2486 1953 vindictam
2513 1901 2870 1956 clamantium
2895 1903 2962 1957 ad
2987 1919 3046 1958 se
3067 1903 3157 1959 die
3176 1921 3240 1960 ac
3263 1916 3449 1973 nocte,

1867 2001 1922 2044 et
1953 1991 2172 2060 patiens
2203 1992 2350 2047 erit?
2374 1992 2536 2048 Certe
2562 1993 2688 2048 dico
2722 1994 2900 2059 vobis,
2937 1995 3065 2064 quia
3098 1995 3266 2052 faciet
3297 1999 3452 2053 velo-

1867 2083 2006 2136 citer
2038 2084 2335 2139 vindictam
2358 2100 2552 2140 eorum
2583 2087 2682 2140 ⁸⁸.»
2709 2087 2815 2158 lpsi
2843 2089 3015 2160 gloria
3045 2089 3100 2144 in
3128 2091 3326 2146 saecula
3349 2105 3452 2146 saam

1869 2176 2146 2231 culorum.
2174 2177 2370 2234 Amen.

2353 2292 2635 2348 llOMlLlA
2683 2291 2966 2351 LXXXVI.

2501 2384 2576 2438 De
2618 2384 2816 2440 labore.

1938 2470 2041 2536 Qui
2101 2471 2404 2526 secundum
2460 2473 2632 2528 Deum
2687 2484 2820 2529 sunt
2870 2475 3112 2543 labores,
3169 2477 3451 2534 hominem

1869 2575 2017 2616 recta
2075 2565 2385 2633 provehunt
2443 2566 2510 2618 ad
2561 2575 2780 2636 portum
2815 2569 3029 2629 salutis,
3100 2570 3452 2640 multumque

1870 2664 2128 2724 praestant
2162 2656 2375 2712 fiducizc
2429 2658 2574 2727 apud
2604 2659 2808 2712 Deum:
2867 2676 2972 2729 qua
3022 2659 3217 2726 fretus,
3265 2662 3452 2716 dicere

1869 2745 2102 2814 ingenue
2132 2747 2313 2802 ausit:
2355 2767 2374 2798 ι
2413 2749 2547 2802 Vide
2579 2749 2944 2803 humilitatem
2996 2767 3170 2804 meam
3196 2760 3253 2805 ct
3299 2751 3454 2806 labo-

1866 2853 1980 2890 rem
2014 2855 2220 2902 meum,
2278 2848 2334 2893 et
2369 2839 2584 2894 dimitte
2633 2840 2886 2894 universa
2913 2851 3134 2910 peceata
3189 2843 3394 2898 mea“:
3427 2862 3448 2896 ι

1865 2931 1994 3002 quia
2035 2951 2050 2980 ι
2083 2929 2351 2985 Laboravi
2384 2933 2647 2996 clamans,
2684 2948 2865 2987 raucae
2913 2934 3068 2988 facta:
3098 2942 3227 2988 sunt
3266 2933 3454 2990 fauces

1867 3040 2021 3086 mete,
2055 3032 2108 3078 et
2139 3025 2282 3077 oculi
2312 3021 2417 3077 mei
2453 3024 2778 3078 defecerunt
2802 3023 2933 3078 dum
2961 3041 3122 3093 spero
3162 3024 3216 3078 in
3277 3023 3448 3080 Deum

1867 3131 2048 3169 meum
2080 3116 2147 3168 ⁸⁷.
2183 3135 2199 3166 ι
2265 3114 2480 3184 Corpus
2528 3115 2712 3183 itaque
2760 3124 3007 3168 nostrum
3057 3115 3448 3185 animamque,

1867 3206 2202 3267 charissimi.
2243 3206 2482 3260 assiduis
2535 3221 2878 3260 maceremus
2929 3206 3175 3277 jejuniis,
3221 3223 3452 3262 manua-

1866 3297 1950 3351 rio
1985 3299 2114 3352 item
2157 3297 2311 3367 operi
2361 3297 2616 3366 nosipsos
2673 3298 3071 3366 I'nancipcmus,
3133 3306 3212 3362 ut,
3259 3317 3279 3349 ‹
3310 3297 3448 3353 cum

1867 3384 2081 3438 dederit
2109 3383 2323 3438 dileCtis
2351 3384 2464 3436 suis
2489 3399 2742 3437 somnum
2765 3384 2862 3448 ⁸⁸,ι
2903 3383 3008 3438 hoc
3039 3392 3146 3446 cst,
3179 3385 3446 3454 requiem,

1868 3475 2109 3530 fructum
2165 3475 2344 3544 digna:
2403 3475 2732 3544 recipiamus
2789 3475 3079 3530 mercedis.
3147 3475 3448 3543 Quamnam

1868 3567 2178 3622 mercedem
2195 3569 2216 3620 ?
2233 3567 2498 3621 Nimirum
2522 3583 2644 3622 cum
2669 3565 2972 3622 efliciemur
2994 3556 3238 3623 hzcredes
3261 3585 3326 3626 ac
3354 3569 3451 3624 filii

1869 3661 1965 3716 Dei
1985 3661 2052 3714 3’.
2105 3659 2229 3714 ilco
2277 3661 2436 3730 plane
2499 3680 2516 3712 ι
2557 3660 2766 3713 Merces
2825 3660 3040 3715 fructus
3088 3661 3390 3715 ventris":
3424 3681 3443 3714 ι

1871 3753 1979 3808 hoc
2013 3762 2118 3815 cst,
2151 3751 2552 3821 temperantitc.
2576 3750 2939 3804 Inveniuntur
2959 3760 3014 3805 et
3047 3751 3183 3804 tales
3232 3752 3446 3806 assimi-

1869 3843 1949 3899 lcs
1981 3845 2244 3914 apostolis
2277 3844 2509 3897 maxime
2545 3843 2638 3913 qui
2669 3859 2851 3896 rerum
2881 3843 3120 3912 inopiam
3151 3843 3334 3898 studio
3359 3858 3450 3898 as-

1870 3935 2241 3990 sectabantur.
2275 3953 2291 3984 ι
2323 3933 2488 4000 Quasi
2521 3933 2668 3988 enim
2702 3933 2912 4003 sagitta:
2959 3933 3014 3987 in
3066 3950 3228 3988 manu
3261 3943 3453 4004 poten-

183 4041 281 4086 νος
322 4025 533 4078 τούτου.
594 4024 806 4086 Οῐτινες
862 4021 959 4076 καὶ
1012 4021 1426 4092 μακαρίζονται,
1476 4019 1553 4083 ὡς
1597 4018 1766 4090 καλὴν

1873 4026 1941 4082 tis
1960 4027 2028 4092 θ’,
2059 4045 2078 4078 ›
2115 4027 2189 4080 ita
2225 4025 2318 4079 filii
2355 4041 2547 4079 eorum
2575 4024 2668 4094 qui
2701 4041 2758 4080 se
2786 4033 3144 4078 excusserunt
3190 4025 3259 4078 ab
3301 4025 3450 4080 omni

181 4113 484 4184 ἐπιθυμίαν
552 4113 910 4186 πληροῦντες.
983 4112 1094 4167 Καὶ
1151 4112 1212 4165 οὐ
1275 4113 1769 4182 καταισχυνθήσον-

180 4224 303 4272 ται,
351 4207 478 4260 ὅταν
513 4206 748 4260 λαλῶσιν
777 4221 791 4236 ·
838 4222 858 4257 ι
887 4205 1012 4268 Τοῖς
1064 4203 1278 4274 ἐχθροῖς
1329 4202 1507 4256 αὐτῶν
1554 4204 1613 4254 ἐν
1663 4201 1769 4254 πύ-

179 4300 291 4372 λῃ·
349 4318 369 4352 ι
412 4299 691 4353 τουτέστιν
720 4300 778 4353 ἐν
807 4297 889 4370 τῷ
940 4296 1117 4368 καιρῷ
1156 4298 1254 4366 τῆς
1300 4294 1408 4348 ἀπὸ
1449 4293 1544 4347 τοῦ
1581 4292 1770 4363 σώμα-

180 4409 279 4454 τος
314 4391 492 4446 αὐτῶν
532 4391 736 4458 ἐξόδου.
783 4391 952 4444 Ὅταν
989 4389 1255 4460 ἐρχωνται
1285 4389 1336 4441 οἱ
1387 4387 1615 4458 πονηροὶ
1663 4386 1773 4440 δαί·

184 4501 351 4556 μονες
405 4483 651 4548 Θέλοντες
697 4485 990 4554 κατασχεῖν
1015 4482 1112 4553 τὴν
1143 4482 1321 4551 ψυχὴν
1378 4480 1486 4533 ἀπο
1534 4477 1626 4532 τοῦ
1674 4479 1777 4532 σώ-

185 4595 380 4651 ματος.
412 4577 509 4640 Τίς
540 4571 634 4630 οὖν
663 4575 824 4644 σοφὸς
856 4573 1026 4628 ταῦτα
1055 4572 1360 4642 γινώσκων,
1409 4571 1484 4644 μὴ
1519 4571 1770 4625 κοπιάσει

181 4672 294 4732 ἕως
340 4668 573 4722 θανάτου
623 4666 796 4720 σῶσαι
825 4667 924 4738 τὴν
950 4665 1125 4736 ψυχὴν
1156 4664 1380 4734 tautae;
1411 4664 1470 4716 οὐ
1505 4663 1664 4734 μόνον
1712 4662 1770 4716 δὲ

179 4761 288 4832 τὴν
319 4761 496 4830 ψυχὴν
547 4759 814 4822 σώζουσιν
843 4759 892 4811 oi
939 4759 1080 4811 κατὰ
1108 4756 1239 4810 Θεὸν
1286 4755 1462 4815 κόποι,
1513 4753 1646 4808 ἀλλά
1675 4753 1770 4806 καὶ

179 4855 251 4908 τὸ
295 4853 454 4923 σῶμα
490 4852 642 4922 ὑγιὲς
673 4851 767 4904 καὶ
797 4849 1069 4920 εὔρωστον
1085 4847 1458 4902 ἀποτελοῦσιν.
1477 4847 1770 4918 Ἑπιχορηο

181 4947 279 5014 γεῖ
330 4945 440 5014 γὰρ
466 4945 566 5014 τὴν
593 4943 790 5014 ῑσχὺνό
811 4942 942 5006 Θεὸς
978 4941 1116 4994 κατὰ
1145 4941 1243 5011 τὴν
1273 4940 1529 5008 πρόθεσιν
1556 4935 1650 4994 τοῦ
1672 4941 1770 4994 ἀν-

184 5037 433 5108 θρώπου.
477 5037 545 5089 Ἦ
576 5037 634 5088 δὲ
666 5035 835 5105 ἀργία
869 5033 1067 5088 κακίαν
1095 5034 1404 5088 ἐκδιδάσκει
1441 5034 1726 5104 ἀκανϐὡδη
1751 5047 1767 5062 ⁸

183 5133 252 5186 ἐν
293 5129 398 5199 γὰρ
445 5129 604 5198 χερσὶ
651 5127 746 5180 τοῦ
801 5125 1003 5196 ἀέργου
1050 5123 1283 5178 ἄκανθαι
1358 5124 1602 5194 φύονται.
1661 5125 1771 5180 Καὶ

192 5243 213 5276 ι
272 5221 412 5274 Όδώ⁸
463 5222 680 5292 ἀέργων
731 5218 1073 5289 ἐστρωμέναι
1106 5217 1390 5280 ἀκάνθαις.
1447 5235 1466 5268 ι
1525 5215 1768 5270 Tomis-co!

184 5315 330 5369 εἰσιν
383 5312 434 5365 οἱ
492 5311 656 5382 μηδὲν
708 5309 1099 5380 ἐργαζόμενοι,
1150 5308 1618 5371 κατα).αλοῦντες,
1678 5310 1771 5361 καὶ

1877 4136 2011 4176 cura
2039 4117 2675 4175 concretionismaterite
2724 4117 2911 4172 saeculi
2965 4117 3145 4172 istius.
3171 4117 3450 4187 Ejusmodi

1876 4227 2006 4268 sane
2029 4227 2191 4281 quam
2237 4211 2382 4265 beati
2413 4209 2805 4280 praedicantur,
2835 4216 2894 4262 ut
2943 4207 3034 4277 qui
3083 4207 3368 4263 honestam
3399 4216 3454 4262 et

1876 4301 2371 4356 commendabilem
2401 4299 2621 4368 explent
2647 4297 3172 4368 concupiscentiam,
3207 4313 3277 4352 ne
3319 4313 3454 4352 con-

1876 4391 2212 4456 fundantur,
2270 4406 2396 4444 cum
2457 4389 2790 4458 loquentur,
2849 4407 2867 4439 ι
2932 4387 3172 4443 inimicis
3230 4387 3346 4443 suis
3397 4390 3452 4442 in

1877 4484 2131 4554 porta”.
2166 4501 2184 4533 ι
2241 4482 2347 4536 hoc
2398 4490 2506 4545 est,
2533 4481 2589 4534 in
2628 4481 2862 4536 articulo
2909 4495 3021 4534 sua:
3087 4479 3460 4535 defunctionis

1877 4587 2042 4648 atque
2067 4577 2250 4632 exitus
2279 4592 2308 4630 c
2341 4574 2592 4644 corporis
2621 4574 2935 4628 domicilio:
2967 4581 3077 4642 Quo
3109 4571 3454 4642 potissimum

1879 4677 2124 4737 tempore
2177 4655 2454 4718 hominem
2500 4662 2737 4731 maligni,
2775 4661 3103 4716 adoriuntur
3143 4659 3451 4724 daemones,

1877 4761 2062 4816 studio
2095 4768 2151 4814 et
2179 4767 2377 4812 conatu
2403 4754 2824 4826 praeoccupandi
2875 4754 3133 4806 animam.
3161 4752 3261 4818 Qui
3311 4753 3456 4822 sapit

1877 4861 1934 4908 et
1963 4853 2078 4906 hmo
2107 4851 2267 4921 plane
2294 4849 2468 4906 novit,
2497 4847 2562 4902 ad
2592 4855 2822 4900 mortem
2854 4861 3026 4912 usque
3048 4860 3155 4897 non
3188 4845 3455 4912 conquie-

1877 4955 2012 5009 scet,
2041 4942 2215 4996 (innec
2242 4955 2395 4994 suam
2422 4939 2594 5008 ipsius
2619 4938 2854 4991 animam
2887 4935 3049 4988 faciat
3075 4934 3178 4988 salx
3193 4949 3300 4986 am.
3342 4934 3456 4990 Nec

1877 5035 2115 5088 animam
2149 5032 2310 5088 modo
2339 5030 2545 5085 faciunt
2571 5029 2773 5083 salvam
2806 5030 2899 5097 qui
2929 5025 3229 5081 secundum
3283 5025 3454 5080 Deum

1877 5134 2006 5182 sunt
2037 5125 2278 5185 labores,
2327 5121 2422 5176 sed
2477 5129 2534 5176 et
2582 5120 2800 5190 corpori
2854 5117 3145 5172 sanitatem
3187 5133 3250 5170 ac
3309 5117 3458 5172 vires

1877 5213 2197 5274 conciliant,
2231 5211 2318 5266 cui
2347 5211 2494 5266 Deus
2517 5208 3029 5278 robur-suppeditat
3065 5223 3165 5278 pro
3217 5207 3458 5262 hominis

1877 5305 2159 5377 proposito
2199 5321 2214 5356 ι
2255 5311 2310 5356 at
2345 5303 2541 5366 otium,
2592 5301 2856 5356 malitiam
2915 5315 3133 5354 omnem
3195 5299 3458 5368 perdocet

184 5401 558 5474 φλυαροῦντες
608 5403 666 5457 ἐν
705 5400 905 5470 ἀφοὸἱᾳ
944 5397 1101 5453 Θεοῦ.
1138 5399 1280 5468 Πρὸς
1323 5398 1531 5462 τούτοις
1563 5399 1640 5460 δὲ,
1675 5399 1766 5451 καὶ

1873 5397 2157 5467 spinarum
2187 5394 2361 5449 instar
2384 5393 2708 5448 aculeatam.
2731 5392 2791 5446 ln
2825 5391 3084 5445 manibus
3121 5390 3268 5446 enim
3294 5391 3454 5446 otiosi

182 5496 484 5568 προπετεῖς
513 5497 651 5548 εἰσιν
697 5496 756 5548 ἐν
795 5492 973 5561 λόγοις
1026 5491 1443 5561 ἀσυναρτήτοις,
1495 5490 1766 5562 προφάσει

1876 5497 2071 5560 sponte
2094 5501 2191 5541 sua
2215 5485 2455 5541 emicant
2476 5484 2666 5556 spina).
2700 5485 2788 5547 Et,
2824 5503 2841 5534 ι
2874 5483 2984 5537 Via:
3012 5481 3316 5538 otiosorum
3347 5481 3456 5551 spi-

257 5642 304 5676 ⁸³
340 5640 481 5695 Psal.
513 5655 636 5707 Lxx,
671 5640 722 5694 ti.
802 5639 844 5671 ⁸⁸
882 5638 1008 5693 Luc.
1045 5651 1201 5703 xvm,
1234 5635 1284 5690 -Ι,
1361 5633 1569 5707 "_ibicl._
1601 5633 1654 5707 7,
1687 5635 1742 5688 8.

1900 5634 1978 5686 ινςο
2004 5633 2039 5684 l.
2073 5647 2226 5707 xxiv.
2255 5629 2342 5686 18.
2416 5626 2463 5661 ⁸⁷
2492 5627 2634 5684 Psal.
2666 5639 2848 5692 vatzl,
2883 5625 2936 5681 4.
3019 5623 3065 5657 ⁸⁸
3089 5622 3235 5682 l‘sal.
3267 5641 3457 5692 cxxvr,

172 5719 236 5778 2.
309 5715 355 5745 ⁵³
391 5712 548 5767 Huni.
597 5704 706 5778 νίιι,
751 5711 833 5768 l6.
917 5709 1130 5764 “Psal.
1173 5722 1351 5772 ωτι-ι,
1393 5704 1445 5756 9..

1529 5704 1572 5736 ει
1611 5706 1741 5758 ibid.
1779 5709 1834 5762 ι,
1903 5706 1946 5735 εἰ

1981 5704 2047 5758 ibi
2075 5709 2108 5756 i.
2144 5701 2196 5759 5.

3461 5757 3488 5781 Ι
