3944 6426
604 298 745 366 1ῢ99

1875 291 2243 354 ANTIOCHI
2279 291 2626 354 MONACHI
3664 296 3746 369 lilii

598 411 689 467 nis
724 410 972 463 instrata:
987 412 1120 463 sunt
1135 406 1206 459 ".
1236 424 1256 459 ι
1285 402 1446 461 Tales
1475 402 1608 459 dum
1656 402 1806 458 aliud
1839 402 1980 458 nihil
2016 402 2186 458 conli-

2293 402 2453 474 δῆθιν
2482 399 2827 464 διδασκαλίας
2850 413 2863 430 ·
2919 399 2995 472 μὴ
3043 398 3294 465 νοοῦντες
3338 399 3373 456 ἃ
3401 399 3630 471 λέγουσιν,
3664 415 3749 483 μήτι

600 500 759 561 ciunt
785 499 992 570 operis,
1020 507 1167 554 totos
1195 513 1255 553 se
1280 498 1491 554 dedunt
1517 494 1868 560 detractioni,
1893 494 2188 565 dispuncto

602 612 636 652 a
663 609 724 649 se
756 601 814 647 et
831 606 1068 646 excusso
1101 590 1199 645 Dei
1232 589 1451 644 timore.
1502 588 1657 644 Adde
1693 588 1800 652 his,
1827 587 2101 642 temerarii
2132 595 2189 642 et

604 685 874 744 eﬂ‘rontes
895 683 1082 738 verbis
1107 691 1240 737 sunt
1280 681 1629 737 inconeinnis
1673 695 1739 735 ac
1785 678 2182 743 immoderatis,

604 794 728 849 qua:
752 786 1076 847 praetextum
1108 775 1312 844 alioqui
1354 790 1468 844 pra:
1500 789 1557 827 se
1584 772 1765 826 ferant
1794 771 2029 842 alicujus
2057 771 2188 826 doc-

606 876 786 939 trinae,
821 888 946 928 cum
979 872 1201 926 interim
1237 885 1347 924 non
1378 862 1709 938 intelligant,
1735 882 1914 936 neque
1940 881 2059 936 qum
2082 866 2186 935 ipsi

603 967 928 1036 loquuntur,
951 979 1130 1032 neque
1163 963 1229 1016 de
1278 960 1483 1030 quibus
1521 958 1813 1013 allirmant.
1854 956 1969 1011 Hoc
2013 971 2186 1027 genus

605 1057 849 1113 hominis
875 1056 1009 1109 scite
1037 1052 1334 1106 admodum
1362 1050 1683 1120 perstringit
1710 1056 2010 1103 concentor
2034 1047 2178 1102 Psal-

606 1163 821 1203 niorum
853 1145 1044 1210 David,
1068 1143 1290 1198 dicens:
1331 1160 1349 1192 ι
1378 1142 1437 1195 ln
1463 1139 2050 1195 laboribushominum
2072 1153 2185 1193 non

605 1249 756 1303 sunt,
816 1248 871 1292 et
920 1252 1043 1290 cum
1099 1234 1419 1289 hominibus
1468 1249 1579 1285 non
1620 1230 2119 1302 ﬂagellabuntur”.
2159 1248 2178 1281 ι

611 1332 825 1401 1166
851 1328 955 1396 Qui
998 1328 1145 1383 enim
1197 1333 1447 1397 peccant,
1479 1340 1599 1405 nec!
1624 1333 1805 1379 tamen
1856 1323 2187 1393 resipiscunt

604 1420 950 1492 paenitudine
1006 1419 1193 1481 ducti,
1242 1432 1422 1487 neque
1503 1414 1690 1486 flagris
1750 1414 2187 1470 conscinduntur

602 1515 721 1568 sive
773 1511 1111 1580 castigantur
1161 1508 1255 1563 hic
1309 1523 1436 1562 cum
1470 1505 1959 1572 hominibus,illic
1991 1505 2183 1574 utique

603 1608 660 1660 in
685 1606 994 1659 daemonum
1017 1601 1387 1657 contubernio
1426 1615 1620 1670 poenas
1672 1599 1827 1653 luent
1871 1597 2027 1651 nullo
2074 1595 2184 1650 cir-

602 1694 1059 1751 cumscribeudas
1093 1692 1219 1747 (ine.
1245 1692 1304 1747 In
1332 1692 1438 1746 hoc
1474 1691 1736 1761 perdocet
1756 1705 1860 1744 nos
1879 1696 1935 1743 et
1962 1687 2184 1742 instruit

605 1785 914 1854 Scriptura,
944 1783 1190 1836 laborem
1226 1792 1284 1835 ut
1312 1760 1626 1851 diligamus,
1655 1778 1803 1848 quod
1838 1778 1886 1832 is
1908 1777 1976 1831 ad
1999 1777 2182 1831 omnia
2217 1760 2258 1815 Β

605 1880 747 1931 mire
782 1875 1063 1931 conducit.
1101 1874 1242 1928 Dicit
1268 1874 1450 1929 enim:
1479 1892 1498 1923 ι
1534 1873 1612 1927 Ne
1642 1872 1825 1926 oderis
1854 1871 2183 1925 laboriosam

604 1968 1007 2038 operationem,
1037 1966 1133 2021 sed
1162 1965 1395 2020 humilia
1416 1963 1572 2018 valde
1614 1964 1849 2017 animam
1885 1971 2032 2016 tuam
2050 1962 2116 2014 ".
2158 1979 2176 2014 ι

604 2063 708 2120 Et:
742 2084 758 2113 ι
796 2063 854 2117 1n
887 2060 1145 2116 omnibus
1163 2061 1426 2130 operibus
1454 2060 1561 2114 tuis
1579 2068 1698 2114 esto
1730 2058 1909 2122 velox,
1932 2064 1987 2109 et
2006 2054 2187 2110 omnis

604 2151 898 2206 inﬁrmitas
936 2166 1050 2205 non
1091 2158 1349 2205 occurret
1401 2149 1572 2204 tibi“.
1608 2149 1667 2202 ln
1711 2147 1990 2202 desiderio
2036 2146 2186 2200 enim

603 2245 712 2298 erit
747 2249 927 2298 omnis
948 2245 1120 2315 piger,
1155 2243 1257 2298 viae
1275 2251 1457 2296 autem
1483 2241 1708 2295 fortium
1728 2240 1901 2310 plana:
1928 2239 2130 2293 sunt“.
2161 2256 2181 2289 ι

602 2336 775 2390 David
826 2337 955 2390 item
983 2354 995 2389 :
1028 2354 1045 2386 ι
1081 2335 1194 2390 Hoc
1218 2334 1374 2389 labor
1393 2342 1479 2389 est
1506 2342 1632 2387 ante
1658 2348 1767 2397 me,
1792 2331 1969 2385 donec
1987 2330 2187 2383 intrem

604 2429 661 2482 in
690 2428 1066 2482 sanctuarium
1099 2428 1218 2491 Dei,
1247 2425 1343 2481 sed
1372 2435 1427 2480 et
1458 2434 1749 2495 propterea
1798 2423 2082 2485 laborabo,
2129 2429 2188 2475 ut

603 2521 782 2574 vivam
814 2519 869 2573 in
895 2519 1170 2573 ﬁnem’h
1206 2518 1288 2572 'l‘u
1319 2523 1466 2572 enim
1488 2516 1697 2581 dixisti,
1726 2514 1989 2570 Domine:
2021 2532 2037 2562 ι
2074 2513 2187 2583 Ego

604 2627 726 2666 sum
751 2613 1018 2666 Dominus
1042 2612 1184 2665 Deus
1206 2618 1335 2664 tuus
1352 2608 1452 2679 qui
1475 2618 1526 2662 te
1549 2608 1714 2663 eduxi
1740 2607 1807 2662 de
1832 2617 1975 2661 terra
1992 2604 2189 2675 [Egyp-

607 2706 668 2771 ti,
705 2704 773 2759 de
800 2704 966 2759 domo
999 2704 1361 2769 servitutis",
1398 2720 1416 2753 ι
1470 2702 1573 2756 luti
1629 2709 1680 2756 et
1731 2701 1940 2762 lateris,
1990 2712 2187 2767 nempe

604 2797 970 2853 obscenarum
1008 2812 1073 2851 ac
1106 2796 1347 2865 turpium
1377 2794 1751 2849 alfectionum.
1783 2792 1925 2847 Sane
1968 2791 2192 2862 profue-

606 2887 947 2944 ritarmulari
969 2887 1290 2957 Apostolum
1317 2903 1330 2945 ;
1364 2885 1442 2940 ait
1464 2884 1610 2939 enim
1632 2885 1680 2939 is
1709 2898 1723 2935 :
1751 2903 1768 2935 ι
1799 2883 2041 2945 Fratres,
2072 2897 2190 2935 me-

605 2982 791 3030 mores
841 2985 1019 3030 estote
1056 2976 1307 3029 laborum
1342 2983 1657 3029 nostrorum
1705 2982 1762 3027 et
1809 2972 2184 3034 amictionum,

607 3081 766 3122 nocte
798 3084 862 3122 ac
891 3068 980 3122 die
1018 3068 1314 3137 operantes
1342 3066 1568 3131 fuimus,
1610 3082 1679 3120 nc
1723 3080 1886 3135 quem
1942 3074 2184 3117 vestrum

605 3175 985 3230 gravaremus.
1049 3158 1157 3229 Ipsi
1203 3158 1350 3213 enim
1402 3159 1556 3212 scitis
1603 3158 1731 3227 quia
1773 3158 1942 3227 gratis
1989 3171 2186 3227 panem
2216 3158 2259 3179 υ
2293 3174 2453 3222 σεως,

607 3266 717 3303 non
742 3248 1199 3303 manducavimus
1223 3250 1263 3302 ‘.
1301 3268 1317 3298 ι
1347 3247 1454 3301 Sed
1483 3255 1534 3301 et
1562 3247 1629 3300 ad
1663 3246 2001 3309 Corinthios,
2049 3260 2188 3299 euu-

608 3341 836 3395 meratis
890 3340 1163 3411 agonibus
1215 3341 1330 3394 suis
1376 3354 1515 3409 quos
1564 3355 1666 3406 pro
1733 3338 1934 3392 tuenda
1986 3337 2190 3407 pietate

606 3428 923 3492 desudarat,
953 3428 1107 3483 addit
1148 3445 1161 3482 :
1210 3447 1226 3479 ι
1268 3429 1329 3484 In
1374 3428 1663 3482 laboribus
1698 3426 2131 3481 abundantius'.
2166 3443 2184 3475 ι

605 3521 811 3575 lterum
831 3539 877 3573 ει
906 3520 1026 3577 Pra:
1052 3519 1162 3574 illis
1185 3520 1559 3575 abundantius
1580 3518 1847 3579 laboravi.
1874 3532 1983 3572 non
2008 3523 2192 3570 autem

605 3628 729 3680 ego,
755 3611 850 3665 sed
883 3612 1059 3680 gratia
1090 3612 1185 3665 Dei
1221 3628 1437 3666 mecum
1458 3613 1498 3666 ³.
1529 3632 1547 3664 ι
1596 3611 1662 3667 Ει
1707 3611 1927 3681 quidem
1969 3609 2188 3663 labores

607 3703 769 3771 nobis
798 3703 1071 3757 subeundi
1108 3712 1254 3766 sunt,
1288 3703 1382 3757 sed
1421 3720 1545 3758 cum
1592 3703 1901 3757 humilitate
1939 3710 1995 3755 et
2038 3700 2189 3753 arbi-

609 3799 753 3844 tratu
792 3789 1093 3846 discretivo
1124 3793 1494 3862 spiritualium
1524 3794 1764 3848 Patrum.
1792 3793 1869 3847 ita
1902 3792 2049 3847 enim
2098 3791 2192 3845 ﬁet

607 3891 670 3935 ut
701 3883 756 3935 in
790 3884 1003 3936 nullum
1029 3883 1340 3940 incidamus
1374 3900 1645 3948 errorem,
1693 3900 1796 3938 nec
1852 3882 2192 3938 daemonibus

609 3974 910 4029 reddentur
934 3975 1254 4030 deridiculi.
1281 3975 1518 4046 lmpuris
1544 3976 1690 4031 enim
1748 3976 1869 4031 istis
1907 3974 2192 4045 spiritibus

609 4065 717 4120 hoc
760 4065 904 4121 inest
966 4067 1247 4136 peculiare
1301 4068 1571 4130 studium,
1624 4068 1844 4122 fervore
1894 4067 2191 4121 indiscreto

609 4159 1156 4229 acecnduntsemper
1188 4161 1572 4227 hominem,ea
1598 4168 1657 4215 ut
1678 4161 1953 4224 moliatur,
1990 4158 2192 4228 quibus

608 4250 972 4321 perﬁciundis
1014 4253 1340 4323 neutiquam
1396 4270 1496 4324 par
1531 4254 1603 4308 sit
1641 4272 1652 4308 :
1700 4255 1862 4308 talem
1914 4260 2191 4322 postremo

610 4342 937 4397 dcridiculis
959 4342 1147 4397 sannis
1170 4343 1554 4414 proscindunt.
1572 4345 1731 4400 Juxta
1766 4345 1934 4414 igitur
1956 4347 2195 4413 Aposlo-’

612 4435 727 4489 lum
758 4435 1053 4488 dicendum
1084 4443 1168 4488 est
1202 4445 1260 4489 et
1283 4435 1630 4505 sapientium,
1661 4437 1878 4506 quoties
1906 4437 2187 4508 quidpiam

614 4526 800 4595 operis
820 4542 943 4580 cum
992 4526 1157 4580 laude
1206 4543 1269 4581 ac
1313 4528 1558 4599 legitime
1605 4510 1963 4601 gesserimus:
2021 4551 2036 4582 ι
2071 4530 2189 4584 Non

614 4634 715 4690 ego
741 4626 947 4682 autem,
969 4618 1061 4672 sed
1087 4620 1256 4689 gratia
1283 4620 1378 4675 Dei
1406 4637 1620 4676 mecum
1641 4620 1682 4674 ⁸.
1716 4641 1734 4673 ι
1760 4621 1873 4677 Nec
1897 4621 2194 4693 Apostolus

2287 493 2424 566 περὶ
2468 493 2617 555 τινος
2664 490 3123 546 διαϐεϐαιοῦνται.
3180 489 3294 555 Οὓς
3345 491 3439 545 καὶ
3478 493 3505 545 δ
3545 495 3753 569 γαλμφς

2290 583 2590 654 μέμφεται,
2618 582 2815 650 λέγων’
2855 600 2875 634 ι
2920 581 3009 635 Ἐν
3027 581 3221 645 κόποις
3251 581 3539 653 ἀνθρώπων
3559 588 3755 657 cimini,

2288 679 2383 728 καὶ
2427 675 2566 746 μετά
2596 671 2897 744 ἀνθρώπων
2937 673 2999 726 οὐ
3042 673 3556 743 μαστιγωθήσονται.
3588 695 3604 727 ι
3631 681 3759 752 (iiii?

2286 767 2696 837 ἁμαρτάνοντες
2724 766 2817 819 καὶ
2849 770 2922 837 μὴ
2954 767 3371 836 μετανοοῦντες,
3408 767 3531 836 μηδὲ
3555 776 3761 841 pasam.

2290 875 2462 927 μενοι,
2493 859 2660 930 ἧγουν
2688 858 3064 929 παιδευόμενοι
3098 858 3340 912 ἐνταῦθα
3375 861 3505 929 μετὰ
3531 861 3763 930 ἀνθρώπω,

2287 951 2406 1002 ἐκεῖ
2481 951 2619 1019 μετὰ
2667 948 2935 1019 δαιμόνων
2983 950 3369 1020 ἀτελευτήτως
3420 950 3763 1023 κολασθήσονται

2285 1040 2386 1094 Διὰ
2410 1040 2570 1094 τοῦτο
2601 1041 2697 1094 καὶ
2726 1044 2889 1112 ἡμεῖς
2920 1042 3069 1113 παρὰ
3097 1046 3197 1113 τῆς
3237 1043 3461 1114 Γραφῆς
3500 1045 3766 1116 παιδευόμεὲιι

2284 1135 2508 1204 ἀγαπᾷν
2539 1134 2633 1187 τὸν
2655 1135 2842 1199 κόπον,
2875 1134 2960 1188 ὅτι
2984 1136 3066 1199 εἰς
3094 1137 3279 1189 πάντα
3315 1136 3651 1207 ωμὸἁλλετσι
3673 1141 3763 1210 ἡμὴ.

2283 1226 2447 1293 Λέγει
2477 1224 2587 1296 γάρ
2615 1241 2628 1255 ·
2662 1244 2681 1276 ι
2730 1225 2821 1295 Μὴ
2870 1228 3110 1297 μισήσῃς
3134 1227 3401 1280 ἐπίπονον
3439 1229 3690 1297 ἐργασίαν·
3714 1251 3767 1285 τι·

2285 1316 2551 1368 πείνωσον
2587 1316 2790 1385 σφόδρα
2828 1318 2927 1385 τὴν
2955 1318 3135 1387 ψυχήν
3163 1334 3283 1372 σου.
3323 1336 3344 1370 ο
3377 1319 3503 1372 Καὶ·
3534 1338 3549 1370 ι
3595 1320 3666 1375 ἐν
3689 1327 3767 1377 aia

2284 1409 2394 1469 τοῖς
2424 1405 2607 1478 ἔργοις
2638 1424 2731 1460 σου
2758 1408 2910 1476 γίνου
2941 1410 3228 1479 ὲντρεχὴς,
3263 1412 3358 1463 καὶ
3384 1411 3490 1464 πᾶν
3522 1409 3769 1480 inﬁdis-np;

2287 1496 2348 1549 οὐ
2383 1498 2457 1566 μή
2489 1513 2572 1549 σοι
2601 1498 2926 1566 ἀπαντήσει.
2988 1498 3076 1550 Ἐν
3123 1498 3399 1571 ἐπιθυμίᾳ
3430 1497 3528 1568 γὰρ
3567 1497 3768 1562 ἔσταιπᾶς

2283 1589 2514 1660 ἀεργος·
2559 1591 2617 1643 αἱ
2666 1589 2724 1643 δὲ
2760 1590 2872 1643 ὁδοὶ
2918 1591 3028 1645 τῶν
3080 1591 3372 1661 ἀνδρείων,
3406 1592 3542 1647 λεῖοι.
3599 1608 3616 1642 ι
3668 1589 3708 1643 '0
3738 1591 3769 1644 ii

2283 1680 2445 1733 Δαυῒδ
2466 1696 2480 1712 ’
2527 1700 2547 1732 ι
2587 1682 2758 1735 Τοῦτο
2802 1683 2970 1747 κόπος
3020 1683 3167 1736 ἐστὶν
3215 1681 3452 1736 ἐνώπιόν
3494 1698 3605 1751 μου,
3631 1681 3706 1745 ἕως
3734 1677 3767 1735 ei

2283 1773 2510 1827 εἰσέλθω
2535 1774 2614 1838 εἰς
2645 1774 2705 1827 τὸ
2750 1774 3109 1846 ἁγιαστήριον
3152 1774 3253 1828 τοῦ
3284 1773 3449 1835 Θεοῦ.
3481 1771 3603 1826 ἀλλὰ
3634 1774 3769 1826 καὶδιά

2283 1864 2442 1918 τοῦτο
2476 1865 2674 1929 κοπιῶ,
2710 1866 2794 1919 ἵνα
2822 1865 2973 1937 ζήσω
3008 1868 3090 1931 εἰς
3131 1868 3315 1931 τέλος.
3360 1885 3380 1919 ι
3426 1867 3497 1920 Σὺ
3536 1864 3628 1935 γὰρ
3655 1861 3766 1929 εἴτις,

2282 1957 2549 2010 Δέσποτα·
2588 1955 2765 2025 ιἘγὼ
2792 1959 2901 2028 γάρ
2930 1959 3047 2028 εἰμι
3081 1959 3296 2030 Κύριος
3324 1958 3354 2011 ό
3377 1957 3510 2019 Θεὸς
3540 1957 3767 2020 comitiu-

2284 2048 2471 2118 γαγών
2501 2066 2561 2102 σε
2589 2051 2655 2102 ὲκ
2696 2049 2799 2121 γῆς
2825 2049 3125 2118 Αἰγύπτου,
3156 2050 3221 2114 ἐξ
3245 2049 3403 2102 οῐκου
3424 2047 3659 2110 δουλείας,
3684 2047 3765 2099 ιιι]

2286 2140 2590 2211 ﬂammata!
2615 2140 2713 2206 τῆς
2749 2140 3027 2204 πλινθείας
3054 2142 3161 2195 τῶν
3179 2141 3432 2211 αἰσχρῶν
3454 2139 3641 2193 παθῶν.
3664 2140 3765 2191 [lilii

2284 2232 2341 2286 δέ
2371 2235 2518 2286 ἐστιν
2551 2230 2794 2300 ζηλῶσαι
2845 2233 2940 2285 καὶ
2993 2234 3088 2284 τὸν
3156 2233 3489 2284 Ἀπὸστολον
3510 2248 3522 2261 ·
3555 2233 3686 2301 ιξησὶν
3712 2232 3763 2299 γὰρ

2287 2325 2469 2387 αὑτός·
2517 2343 2535 2375 ι
2587 2325 2850 2394 Ἀδελφοὶ,
2904 2323 3279 2394 μνημονεύετε
3328 2324 3440 2377 τῶν
3467 2324 3633 2376 κόπων
3665 2324 3755 2389 ips.

2288 2418 2382 2470 καὶ
2409 2418 2519 2471 τῶν
2556 2417 2793 2488 μόχθων,
2824 2419 2905 2470 ὃτι
2944 2417 3136 2481 νυκτὸς
3170 2419 3271 2471 καὶ
3306 2418 3520 2487 ἡμέρας
3564 2416 3753 2485 ἑργαζφ

2287 2528 2368 2564 νοι
2404 2510 2540 2581 πρὸς
2569 2511 2631 2563 τὸ
2669 2512 2743 2581 μὴ
2793 2509 3129 2582 ἐπιϐαρῆσαί
3175 2527 3302 2564 τινα
3350 2510 3525 2581 ὑμῶν.
3570 2511 3764 2577 Adtoin

2288 2603 2466 2656 οἴδατε
2495 2603 2575 2655 ὅτι
2604 2602 2812 2673 δωρεὰν
2839 2604 3003 2674 ἄρτον
3033 2604 3133 2656 οὐκ
3180 2604 3490 2674 ἐφάγομεν.
3529 2623 3546 2655 ι
3580 2602 3769 2669 Καὶοπρπ

2290 2695 2612 2765 Κορινθίους
2661 2695 3181 2767 ἁπαριθμησόμενος
3232 2697 3367 2759 τοὺς
3414 2696 3544 2769 ὑπὲρ
3587 2694 3771 2753 εὐσείεὶις

2289 2787 2506 2856 ἀγῶνας
2541 2787 2704 2840 αὐτοῦ
2734 2787 3109 2859 προστίθησινο
3150 2807 3170 2840 ι
3223 2788 3317 2842 Ἐν
3349 2789 3537 2851 κόποις
3564 2784 3775 2857 περιστιτέ-

2293 2897 2421 2950 ρως.
2461 2896 2479 2929 ι
2517 2879 2627 2931 Καὶ
2657 2880 2839 2933 πάλιν·
2880 2900 2898 2932 ι
2934 2880 3335 2952 Περισσότερον
3367 2881 3541 2934 αὐτῶν
3572 2882 3773 2932 ἐκοπίω-

2289 2973 2391 3025 οὑκ
2420 2969 2532 3040 ἐγὼ
2557 2972 2636 3035 δὲ,
2669 2971 2784 3024 ἀλλ’
2818 2974 2851 3043 ὴ
2875 2974 3035 3043 χάρις
3066 2973 3158 3026 τοῦ
3182 2974 3326 3027 Θεοῦ
3363 2977 3397 3045 ἡ
3431 2975 3525 3026 σὺν
3550 2971 3667 3043 ἐμοί.
3695 2970 3778 3022 »Δεῖ

2289 3060 2382 3116 οὖν
2413 3063 2509 3116 καὶ
2538 3063 2687 3132 ἡμᾶς
2721 3066 2894 3115 ποιεῖν
2923 3063 3020 3133 μὲν
3046 3064 3174 3126 τοὺς
3203 3063 3417 3126 κόπους
3445 3062 3575 3135 μετὰ
3598 3058 3776 3115 ταπεινώ-

2511 3156 2606 3209 κειὶ
2664 3154 3011 3224 διακρίσεως,
3068 3156 3377 3222 τουτέστιν,
3431 3154 3497 3208 δι’
3552 3153 3778 3224 ἐρωτήσεως

2290 3249 2682 3318 πνευματικῶν
2713 3249 2984 3320 πατέρων.
3010 3248 3196 3312 Οὕτως
3226 3252 3342 3321 γὰρ
3364 3251 3463 3303 οὐκ
3491 3243 3777 3315 ὲκπεσούμξὲει

2290 3341 2371 3403 εἰς
2403 3340 2612 3411 πλάνην
2644 3342 2740 3394 καὶ
2787 3341 2985 3412 χλεύην
3029 3341 3338 3410 δαιμόνων·
3383 3343 3469 3395 ἀεὶ
3507 3342 3599 3412 γὰρ
3627 3336 3780 3407 θερμαί·

2291 3451 2474 3487 νουσιν
2506 3433 2596 3487 τὸν
2633 3432 2922 3503 ἄνθρωπον
2962 3432 3033 3486 τὰ
3065 3434 3358 3505 ἀκάθαρτα
3394 3432 3669 3502 πνεύματα,
3690 3427 3778 3490 εἱςᾶ

2292 3528 2354 3583 οὐ
2385 3527 2607 3581 δύναται
2650 3527 2954 3592 ἐκτελέσαι,
2987 3528 3083 3582 καὶ
3115 3525 3348 3600 ὕστερον
3380 3524 3780 3598 ὲκμυκτηρίζουσιν

2285 3621 2467 3674 αὐτόν’
2496 3621 2690 3688 Agre”
2724 3620 2780 3672 δὲ
2835 3620 2931 3673 καὶ
2979 3623 3197 3691 φρονεῖν
3235 3623 3391 3692 ἡμᾶς
3417 3621 3539 3691 χρὴ,
3582 3617 3694 3671 κατὰ
3726 3616 3779 3663 τὶν

2286 3710 2631 3774 Ἀπόστολον,
2660 3712 2789 3764 ὅταν
2842 3728 2893 3764 τι
2944 3710 3422 3783 κατορθώσωμεν
3460 3729 3476 3762 ι
3515 3710 3615 3761 Οὐκ
3641 3705 3719 3772 ἐγὼ

2287 3801 2404 3856 ἀλλ’
2443 3803 2476 3872 ἡ
2508 3801 2667 3873 χάρις
2695 3800 2789 3854 τοῦ
2817 3801 2950 3854 Θεοῦ
2979 3803 3013 3872 ἡ
3057 3803 3157 3855 σὺν
3183 3803 3330 3871 ἐμοί.
3381 3822 3399 3854 ι
3433 3801 3502 3855 Οὐ
3536 3799 3669 3869 μόνον
3701 3793 3776 3845 (Et

2304 3892 2628 3955 Ἀπόστολος
2671 3894 2750 3954 εἰς
2802 3892 2982 3947 πάντα
3024 3892 3203 3958 τύπος
3253 3895 3387 3964 ἡμῖν
3430 3892 3658 3961 γέγονεν,
3693 3882 3776 3936 ἀλλὰ

2295 3986 2389 4037 καὶ
2418 3983 2579 4047 αὐτὸς
2615 3985 2643 4036 ὁ
2678 3983 2881 4054 Κύριος
2914 3984 3071 4055 ήμῶν
3112 3985 3328 4055 Ἰησοῦς
3358 3983 3577 4055 Χριστὸς
3609 3979 3663 4033 δι’
3699 3978 3774 4027 ἐαυ-

2291 4076 2386 4129 τοῦ
2443 4076 2721 4143 ὑπέδειξεν
2770 4078 2900 4148 ἡμῖν
2943 4079 3012 4130 τὰ
3056 4076 3261 4132 πάντα.
3314 4076 3681 4146 ’Δναμάρτῃτος
3711 4065 3774 4133 γάρ

2291 4168 2394 4232 ὢν,
2427 4170 2520 4222 καὶ
2549 4169 2682 4233 Θεὸς
2712 4168 2808 4232 ὢν,
2845 4170 2940 4223 καὶ
2969 4169 3044 4240 μὴ
3080 4170 3297 4241 χρῄζων
3323 4165 3638 4239 σωματικῶν,
3661 4161 3770 4214 πάντα

2291 4259 2618 4326 κατεδέξατο
2667 4260 2894 4329 ποιῆσαι
2948 4261 3043 4313 καὶ
3094 4260 3305 4325 διδάξαι
3366 4263 3510 4330 ἡμῖν.
3545 4256 3772 4321 ιἘνήστει-

2297 4364 2388 4401 σεν
2420 4351 2527 4418 γὰρ
2554 4352 2965 4417 τεσσαράκοντα
2995 4352 3207 4423 ᾐαέρας
3227 4369 3240 4383 ·
3282 4372 3302 4405 ι
3336 4352 3450 4419 καὶ,
3486 4370 3503 4403 ι
3545 4344 3768 4402 Ἑκυπέαςξν

2300 4443 2364 4494 ἐκ
2396 4441 2497 4507 τῆς
2529 4441 2856 4512 ὁδοιπορίας,
2891 4462 2909 4495 ι
2942 4445 3039 4496 καὶ
3086 4445 3185 4497 οὐκ
3209 4441 3355 4515 εἶχεν
3384 4445 3481 4498 ποῦ
3502 4442 3588 4513 τὴν
3610 4434 3767 4503 malit

2300 4534 2505 4597 κλῖναι,
2550 4536 2647 4588 καὶ
2692 4536 3080 4607 ἐνυκτέρευσεν
3131 4538 3189 4590 ὲν
3235 4541 3355 4601 ταῖς
3400 4533 3679 4605 προσευχαῖς
3712 4521 3764 4574 τιῦ

2300 4624 2459 4678 Θεοῦ.
2494 4625 2652 4697 Αὐτῷ
2682 4627 2714 4694 ἡ
2754 4626 2881 4692 δόξα
2903 4628 2984 4690 εἰς
3007 4627 3134 4690 τοὺς
3162 4628 3384 4691 αἰῶνας.
3412 4627 3573 4697 Δμήν.

612 4711 778 4767 rnodo
813 4711 974 4767 nobis
1004 4712 1071 4767 ad
1120 4714 1302 4769 omnia
1364 4715 1600 4770 formula
1631 4716 1757 4771 vita:
1815 4716 1995 4772 factus
2046 4725 2150 4783 est,
2181 4718 2275 4772 sed
2308 4727 2366 4773 et
2422 4717 2560 4790 ipse
2588 4716 2854 4776 Dominus
2898 4732 3087 4777 noster
3137 4722 3299 4778 Jesus
3338 4722 3579 4778 Christus
3627 4714 3759 4769 suo“!

612 4801 863 4872 exemplo
896 4803 1037 4858 nihil
1067 4820 1176 4858 non
1205 4806 1351 4875 quod
1386 4806 1586 4863 contio!
1651 4807 1882 4872 debeat,
1947 4807 2264 4865 deliueavit.
2307 4811 2357 4866 ls
2402 4813 2548 4867 enim
2597 4813 2651 4867 in
2687 4830 2852 4884 quem
2908 4817 3062 4870 nulla
3120 4815 3345 4872 decolor
3400 4812 3587 4887 peccati
3630 4802 3759 4862 ειυςῑω

613 4895 811 4952 cadere
832 4905 1072 4967 poterat,
1096 4897 1240 4953 Deus
1264 4914 1388 4953 cum
1409 4908 1575 4965 esset,
1605 4916 1707 4955 nec
1731 4901 1899 4955 ullius
1936 4902 2241 4972 corporalis
2272 4903 2493 4974 indigus
2517 4904 2745 4972 laboris,
2784 4908 2947 4963 nobis
2978 4916 3160 4963 tamen
3212 4907 3547 4967 erudiendis,
3576 4897 3755 4956 nihiltwn

615 4993 858 5063 suscepit
886 4991 1195 5048 faciendum
1219 5011 1264 5047 ει
1287 4994 1563 5066 Jejunavit
1585 4997 1733 5051 enim
1763 4996 1961 5053 diebus
1980 4999 2343 5070 quadraginta
2361 5002 2406 5066 ⁸,
2434 5020 2451 5052 ι
2479 5011 2538 5057 et
2558 5022 2575 5054 ι
2602 5002 2885 5073 Fatigatus
2902 5013 2989 5060 est
3013 5021 3081 5060 ex
3107 5005 3307 5060 itinere
3329 4990 3755 5059 “.i—tNecintcriI

616 5081 852 5139 habebat
871 5085 1017 5156 pius,
1041 5084 1136 5141 ubi
1159 5095 1325 5156 caput
1348 5088 1739 5145 reclinaret'.»
1773 5089 1923 5146 idem
1955 5092 2314 5163 pernoctabat
2338 5092 2394 5148 in
2425 5095 2773 5152 orationibus
2797 5098 2954 5154 Dei“.
2988 5100 3097 5169 ipsi
3130 5101 3305 5172 gloria
3326 5101 3379 5156 in
3399 5092 3735 5155 saecula.Ametl

1092 5196 1379 5256 HOMILIA
1416 5200 1726 5259 LXXXVII.

621 5281 699 5338 De
722 5283 897 5337 studio
918 5286 1026 5340 sive
1052 5286 1427 5359 sollicitudine,
1449 5308 1569 5363 qua:
1589 5293 1875 5351 secundum
1907 5295 2074 5351 Deum
2103 5298 2194 5352 sit.

687 5374 931 5446 Diligens
954 5388 1013 5435 et
1050 5379 1297 5437 studiosa
1349 5383 1665 5440 sollicitudo
1723 5401 1845 5456 quae
1883 5388 2190 5445 secundum

689 5527 737 5560 ”
766 5526 930 5585 Prov.
955 5530 1157 5594 xv,-l9.
1267 5534 1314 5565 "
1341 5533 1538 5591 Psalm.
1561 5552 1724 5596 Lxxu.
1751 5536 1806 5593 5.

622 5614 787 5672 uxu.
818 5598 901 5656 l7.
973 5600 1214 5672 _”Exod.
1249 5604 1412 5665 11.2.
1518 5608 1533 5637 ¹
1584 5608 1602 5662 l
1638 5608 1831 5663 Thess.
1868 5625 1927 5672 ιι,
1968 5610 2022 5670 9,
2061 5610 2147 5665 ll).

623 5671 822 5728 ‘Joatt.
860 5685 932 5736 tv,
962 5670 1013 5725 6.
1092 5673 1109 5703 ⁷
1142 5672 1331 5729 Matth.
1359 5691 1473 5743 vni,
1498 5677 1588 5732 20.
1671 5678 1692 5710 ⁸
1732 5677 1867 5734 Luc.
1892 5670 1963 5745 vi,
1994 5680 2079 5735 l2.

2894 5210 3116 5266 ΛΟΓΟΣ
3154 5212 3277 5266 ΠΖ’.

2837 5303 2978 5369 Περὶ
3029 5301 3328 5371 σπουδῆς.

2369 5389 2438 5444 Ἦ
2491 5391 2634 5446 κατὰ
2681 5392 2814 5447 Θεὸν
2850 5392 3059 5464 σπουδὴ
3092 5395 3149 5447 ὲν
3184 5394 3349 5448 παντὶ
3380 5389 3535 5462 καιρῷ
3570 5383 3641 5439 καὶ
3670 5373 3753 5445 τρί’

1899 5538 1948 5572 ⁸⁸
1973 5537 2142 5593 Eccli.
2171 5555 2186 5589 ι

1899 5625 1927 5672 ι,
1968 5610 2147 5682 9,]0.

2298 5541 2384 5596 16.
2460 5544 2507 5576 ⁸⁸
2525 5543 2695 5599 Eccli.
2725 5548 3001 5611 xxxu,27.
3077 5549 3124 5583 "
3150 5549 3314 5603 Prov.
3352 5562 3449 5608 nt.
3475 5543 3549 5599 25.
3608 5524 3750 5586 "PS-'1'-

2317 5612 2488 5669 lCOl’.
2535 5631 2626 5682 xv,
2664 5615 2752 5670 10.
2857 5619 2878 5650 ³
2916 5618 3052 5676 ibid.
3150 5619 3171 5650 ⁵
3209 5619 3346 5675 ibid.
3441 5617 3460 5648 ⁸
3484 5607 3631 5670 Matth.
3655 5597 3748 5659 μ’,ἳο

2857 5597 2892 5650 δ’
2915 5597 3052 5676 ibid.
3150 5597 3171 5650 ῖ
3195 5597 3460 5675 “tua”?
3479 5597 3631 5670 mi.
3655 5597 3748 5659 [v.2
