3944 6430
142 320 305 387 1701

1052 309 1385 372 IIOMILIA
1425 309 1772 373 LXXXVII.
1811 336 1882 347 -·-
1908 311 2007 372 DE
2046 313 2349 392 STUDIO,
2386 316 2549 379 ETC.

3309 321 3451 387 1702

144 454 351 510 γματι
407 432 547 504 καλή
613 430 780 485 ἐστιν.
839 425 950 483 Καὶ
974 424 1278 494 Δεσποτικὴ
1326 421 1517 495 πρώτη
1571 423 1758 494 ἐντολή

1871 424 2038 480 Deum
2066 434 2172 494 est,
2204 426 2360 483 nullo
2389 444 2500 484 non
2530 437 2780 500 tempore
2802 429 2952 486 nulla
2975 447 3083 488 non
3110 432 3167 488 in
3202 449 3261 490 re
3299 436 3449 495 bona

141 533 342 595 ἐστιν,
382 528 415 598 ή
461 527 527 579 ὲκ
555 521 800 584 δουλείας
831 520 911 582 είς
937 515 1252 587 ἐλευθερίαν
1282 515 1614 587 μετάγουσα.
1648 512 1758 567 Καὶ

139 622 280 693 γὰρ
310 623 339 674 6
377 617 508 682 λαὸς
542 615 603 682 ἐξ
646 613 926 682 Αίγύπτου
981 608 1121 681 μετά
1155 608 1391 678 σπουδῆς
1440 604 1758 678 προσετάγη

142 713 411 781 ἐξελθεῖν
460 709 554 763 καὶ
601 709 680 770 είς
730 703 831 774 τὴν
874 703 1086 773 ἀγαθὴν
1138 701 1244 770 γῆν
1287 700 1643 767 καταντῆσαι,
1692 699 1759 750 ὲκ

142 807 269 875 τῆς
323 800 606 869 σκοτεινῆς
636 796 881 859 δουλείας
912 796 992 855 είς
1019 793 1081 847 τὸ
1126 792 1431 861 ἐλευθέριον
1459 791 1575 859 φῶς
1600 806 1614 821 ο
1663 789 1760 844 καὶ

145 897 224 950 τὺ
249 896 447 962 Πάσχα
481 889 618 961 μετὰ
653 887 892 953 σπουδῆς
916 886 1310 953 ἐπιτέτραπται
1330 883 1512 944 αὐτοῖς
1540 883 1755 948 φαγεῖν.

146 985 286 1036 Καὶ
311 984 340 1035 6
379 981 590 1041 Παῦλος
619 975 925 1031 ἐπιστέλλει
969 972 1240 1043 Τιμοθέῳ,
1272 970 1446 1038 λέγων
1467 984 1481 997 ⁶
1524 986 1542 1019 ι
1586 967 1759 1021 Σπού-

150 1076 337 1129 δασον
388 1070 614 1124 σεαυτὸν
644 1068 879 1137 »δόκιμον
931 1064 1281 1135 παραστῆσαι
1305 1060 1384 1132 τῷ
1423 1059 1563 1130 Θεῷ,
1597 1058 1760 1129 ἔργά.

150 1182 275 1235 την
303 1159 752 1230 ἀνεπαίσχυντον.
791 1174 810 1208 ι
838 1155 950 1209 Καὶ
984 1152 1198 1221 ἐπάγει·
1231 1169 1249 1202 ι
1284 1151 1397 1212 Πᾶς
1424 1147 1533 1219 γὰρ
1561 1150 1587 1201 6
1617 1148 1761 1215 ἀγω-

150 1254 477 1325 νιζόμενος,
507 1252 684 1304 πάντα
715 1246 1130 1318 ἐγκρατεύεται.
1167 1263 1187 1295 ι
1226 1243 1335 1297 Καὶ
1364 1241 1541 1303 ἄλλος·
1570 1259 1588 1292 ι
1633 1239 1760 1293 Ἐὰν

154 1347 296 1419 ἴδῃς
330 1343 572 1408 συνετὸν,
604 1339 825 1411 δρθριζε
876 1338 1012 1409 πρὸς
1060 1335 1242 1390 αὐτόν.
1286 1334 1396 1386 Καὶ
1433 1334 1516 1395 τίς
1560 1331 1756 1400 σοφός;

151 1437 330 1509 αὐτῴ
379 1431 855 1507 προσκολλήθητι’
915 1431 1096 1483 πᾶσαν
1147 1427 1403 1497 διήγησιν
1443 1422 1591 1477 θείαν
1637 1421 1759 1477 θέλε

154 1526 581 1600 ἀκροάσασθαι,
620 1525 717 1578 καὶ
764 1521 1058 1594 παροιμίαι
1092 1519 1362 1581 συνέσεως
1407 1517 1482 1587 μὴ
1524 1513 1761 1585 ἐκφυγέ-

152 1602 373 1676 τωσάνχ
394 1637 497 1674 σοι.
537 1638 556 1670 ι
588 1619 700 1672 Καὶ
733 1616 897 1671 πάλιν
923 1630 939 1647 ·
970 1634 989 1667 ι
1031 1616 1121 1667 Ἐν
1148 1616 1266 1677 ταῖς
1288 1610 1526 1674 ἐντολαῖς
1553 1609 1759 1681 Κυρίου

163 1714 385 1786 μελέτα
433 1711 524 1765 διὰ
573 1709 795 1773 παντὸς,
841 1709 1078 1780 τήρησον
1110 1706 1208 1778 τὴν
1240 1702 1466 1775 καρδίαν
1510 1720 1627 1769 σου,
1668 1702 1761 1756 καὶ

166 1804 256 1875 μὴ
299 1802 518 1873 ἀστὸχει
557 1800 876 1871 διηγήματα
918 1798 1216 1867 γερόντων,
1267 1797 1349 1850 ὅτι
1390 1794 1521 1867 παρ’
1578 1794 1758 1848 αὐτῶν

167 1894 406 1965 μαθήσῃ
454 1893 706 1945 σύνεσιν·
744 1890 839 1942 καὶ
890 1888 1028 1959 μετὰ
1072 1888 1311 1941 συνετῶν
1351 1886 1491 1940 ἔστω
1535 1888 1563 1939 6
1590 1885 1763 1938 διαλο-

163 1986 379 2055 γισμός
407 2001 502 2036 σου
530 1999 542 2012 ·
587 1982 679 2035 καὶ
710 1983 863 2034 πᾶσα
909 1980 1162 2051 διήγησις
1187 1997 1280 2033 σου
1327 1981 1384 2033 ὲν
1411 1980 1563 2049 νόμῳ
1607 1979 1763 2048 Ὑψί-

168 2095 339 2131 στου.
399 2075 629 2145 Ἀνδρες
681 2074 880 2127 δίκαιοι
936 2073 1151 2127 ἔσονται
1209 2073 1515 2127 σύνδειπνοι
1562 2090 1678 2127 σου.
1740 2092 1759 2126 ι

167 2167 370 2221 Ταῦτα
408 2166 505 2236 μὲν
538 2161 632 2219 οὐν
663 2166 829 2218 πᾶσιν
870 2164 1149 2235 ἀρμὸδιαι.
1192 2165 1511 2234 Ἑξαιρέτως
1558 2164 1614 2217 δὲ
1657 2167 1767 2228 τοῖς

167 2256 337 2312 οὖσιν
377 2258 533 2321 ἐκτὸς
565 2257 674 2310 τῶν
707 2256 977 2327 βιωτικῶν
1012 2256 1349 2327 πραγμάτων
1369 2296 1384 2320 ,
1432 2258 1644 2320 σοῖτινες
1673 2257 1767 2310 καὶ

169 2350 497 2417 ἐξελέξαντο
544 2346 1049 2420 παραρριπτεῖσθαι
1090 2348 1146 2399 ὲν
1176 2347 1251 2418 τῷ
1302 2347 1435 2417 οἴκῳ
1475 2347 1568 2400 τοῦ
1608 2347 1765 2414 Θεοῦ,

178 2443 389 2512 μᾶλλον
432 2441 488 2494 δὲ
517 2439 612 2503 οὓς
650 2442 678 2492 6
716 2438 920 2507 Κύριος
967 2438 1147 2511 ἑαυτῷ
1198 2440 1598 2510 προσηγάγετο.
1642 2440 1768 2493 Ἐὰν

176 2530 280 2588 οὖν
320 2532 409 2586 διὰ
444 2532 545 2602 τῆς
579 2531 854 2603 ῥᾳθυμίας
903 2531 1291 2601 ἀμελήσωμεν,
1319 2530 1641 2585 ἀναλύονται
1677 2532 1769 2584 καὶ

178 2622 256 2675 τὰ
286 2620 477 2692 πρώην
508 2619 936 2691 συγχωρηθέντα
976 2622 1131 2690 ἡμῖν.
1162 2621 1373 2693 Ὥσπερ
1414 2620 1522 2692 γὲορ
1550 2620 1610 2672 τὸ
1633 2637 1768 2691 χρυο

180 2713 304 2767 σίον
351 2712 714 2784 πυρούμενον,
747 2712 843 2765 ἐὰν
895 2712 1165 2782 ἀμεληθῇ,
1197 2712 1462 2783 σκληρίαν
1520 2713 1764 2783 ἐμποιεῖ,

177 2806 363 2867 οὓτως
401 2806 497 2858 καὶ
537 2808 566 2859 6
597 2805 909 2869 σπουδαῖος,
963 2804 1059 2858 ἐὰν
1109 2806 1356 2874 ἀμελήσῃ
1421 2805 1551 2874 μίαν
1596 2803 1769 2874 ὤραν,

178 2896 493 2969 ψυχροῦται
525 2899 589 2950 ὲκ
625 2897 724 2967 τῆς
771 2896 1013 2966 χάριτος,
1041 2896 1133 2948 καὶ
1177 2895 1379 2957 εὐθέως
1433 2895 1770 2948 ἐπισπῶνται

1862 518 2280 589 comprobatur.
2355 520 2463 576 Sed
2517 529 2573 576 et
2623 522 2972 578 Dominicum
3008 524 3143 581 illud
3199 527 3440 596 primum

1865 609 2077 680 1167
2112 610 2431 664 mandatum
2461 619 2565 678 est,
2601 611 2749 681 quod
2794 613 3057 683 populum
3080 630 3110 669 a
3159 618 3446 674 servitutis

1855 701 1988 772 jugo
2022 703 2341 759 transcribit
2381 704 2436 758 in
2462 704 2773 760 libertatem
2828 721 2892 761 ac
2917 705 3179 761 vindicat.
3227 708 3443 764 Etenim

1859 794 2069 863 populo
2095 795 2173 848 illi
2210 796 2527 850 mandatum
2558 797 2680 862 fuit,
2709 812 2834 851 cum
2887 796 3241 861 festinatione
3287 807 3348 853 ut
3385 815 3446 854 se

1860 900 1927 940 ex
1955 885 2189 957 Egypto
2221 888 2493 958 reciperet
2513 888 2575 952 ‘°,
2607 896 2774 957 utque
2802 887 2859 941 in
2904 897 3108 943 terram
3163 889 3362 943 bonam
3412 906 3447 944 e

1861 981 2214 1037 tenebricosa
2239 982 2528 1046 servitute,
2560 996 2725 1035 cursu
2758 982 2974 1036 concito
3025 989 3345 1051 properaret
3376 982 3444 1035 ad

1860 1068 2045 1124 lumen
2065 1069 2316 1140 genuinae
2336 1069 2636 1124 libertatis:
2662 1070 3123 1139 commissumque
3147 1070 3224 1124 illi
3241 1069 3448 1125 Pascha

1863 1168 1926 1213 ut
1955 1159 2272 1213 comederet
2300 1175 2426 1213 cum
2456 1160 2830 1214 festinatione.
2858 1160 3060 1214 Paulus
3081 1160 3313 1230 proinde
3344 1175 3448 1230 per

1861 1249 2153 1320 epistolam
2210 1265 2311 1304 suo
2367 1250 2503 1304 dicit
2554 1249 2847 1303 Timotheo
2889 1267 2902 1303 :
2937 1269 2953 1300 ι
2986 1248 3230 1304 Sollicite
3289 1263 3446 1311 cura,

1867 1344 2105 1412 teipsum
2185 1342 2526 1412 probabilem
2590 1342 2855 1397 exhibere
2909 1341 3057 1405 Deo,
3129 1340 3445 1409 operarium

1865 1430 2409 1486 inconfusibilem“.
2464 1450 2481 1482 ι
2534 1430 2603 1485 Et
2659 1429 2898 1484 inducit:
2943 1449 2961 1481 ι
3013 1428 3204 1484 Omnis
3240 1428 3331 1498 qui
3390 1428 3447 1483 in

1862 1537 2037 1593 agone
2107 1522 2421 1585 contendit,
2486 1522 2555 1576 ab
2609 1522 2868 1577 omnibus
2927 1536 2987 1577 se
3053 1521 3369 1576 abstinet".
3422 1539 3439 1571 ι

1862 1614 2054 1669 Alius:
2088 1634 2105 1665 ι
2138 1612 2194 1668 Si
2220 1614 2429 1669 videris
2456 1614 2635 1667 virum
2664 1622 2969 1673 sensatum.
2993 1627 3155 1666 mane
3191 1627 3354 1682 surge
3377 1610 3447 1665 ad

1864 1722 1993 1762 eum
2016 1707 2080 1761 ι’.
2118 1726 2135 1756 ο
2167 1706 2378 1776 Ecquis
2407 1707 2668 1776 sapiens?
2698 1705 3060 1760 adhaerescito
3091 1705 3142 1759 ei
3170 1723 3185 1769 ;
3228 1712 3448 1757 Omnem

1868 1796 2277 1852 enarrationem
2308 1796 2448 1851 velis
2475 1796 2808 1858 auscultare,
2849 1804 2898 1848 et
2935 1792 3229 1865 proverbia
3284 1792 3450 1845 intel—

1867 1890 2111 1961 ligentia
2138 1906 2249 1944 non
2286 1899 2337 1945 te
2361 1888 2629 1959 effugiant
2649 1886 2715 1939 “.
2749 1906 2768 1938 ι
2799 1887 3032 1941 lterum:
3069 1904 3086 1936 ι
3116 1885 3173 1939 ln
3221 1884 3451 1938 manda-

1868 1979 1940 2034 tis
1971 1980 2192 2034 Domini
2233 1978 2501 2033 meditare
2525 1977 2751 2048 jugiter,
2780 1974 3041 2030 conﬁrma
3073 1988 3171 2027 cor
3194 1979 3368 2038 tuum,
3393 1980 3453 2026 et

1866 2089 1937 2128 ne
1962 2073 2189 2128 dcerrcs
2217 2088 2247 2125 a
2278 2071 2596 2125 narratione
2648 2083 2841 2124 senum
2887 2068 3015 2137 quia
3045 2066 3113 2120 ab
3154 2066 3236 2120 eis
3268 2064 3450 2121 disces

1868 2163 2298 2235 intelligentiam
2323 2165 2395 2215 ".
2432 2160 2568 2217 Cum
2604 2160 2970 2230 prudentibus
2992 2157 3066 2212 sit
3118 2156 3453 2211 sermocina«

1871 2257 1951 2311 tio
1979 2264 2093 2318 tua,
2127 2265 2184 2309 et
2212 2255 2392 2309 omnis
2432 2252 2710 2307 enarratio
2765 2260 2857 2305 tua
2898 2251 2954 2304 in
3000 2250 3118 2317 lege
3141 2248 3447 2312 Altissimi;

1868 2348 1973 2402 viri
1998 2348 2131 2419 justi
2173 2356 2340 2401 erunt
2391 2346 2637 2401 conviva:
2671 2344 2837 2399 tui”.
2874 2364 2892 2394 ι
2933 2342 3001 2398 Ει
3049 2342 3165 2395 ιιωο
3226 2339 3447 2410 quidem

1871 2440 2133 2496 omnibus
2190 2439 2441 2509 apposite
2504 2444 2854 2507 congruunt,
2908 2420 3003 2491 sed
3069 2448 3166 2491 eos
3234 2433 3444 2507 alioqui

1870 2531 2232 2603 peculiariter
2258 2529 2580 2599 respiciunt,
2613 2528 2706 2596 qui
2738 2542 2795 2581 se
2825 2528 2893 2582 ab
2926 2528 3074 2582 omni
3109 2528 3455 2597 temporaria)

1872 2621 1955 2675 rei
1990 2621 2336 2674 extriearunt
2367 2618 2765 2682 sollicitudine,
2798 2620 2890 2688 qui
2921 2620 3206 2689 elegerunt
3245 2619 3451 2690 hl‘jeeti
3524 2616 3539 2629 ί

1873 2729 1997 2768 esse
2030 2714 2083 2767 in
2116 2714 2280 2768 domo
2322 2712 2452 2767 Dei:
2491 2712 2604 2765 imo
2635 2727 2775 2782 quos
2820 2713 2874 2766 in
2907 2728 3070 2767 suum
3117 2713 3453 2767 famulitium

1876 2806 2076 2860 ascivit
2103 2805 2395 2868 Dominus,
2446 2821 2511 2859 ac
2556 2820 2786 2874 propius
2819 2806 3069 2876 adiunxit
3111 2806 3237 2860 sibi.
3286 2806 3454 2860 Plane

1875 2897 2081 2968 prioris
2108 2898 2233 2951 vitae
2257 2907 2480 2966 peccata
2511 2911 2633 2965 quze
2662 2896 3004 2965 benignitate
3028 2896 3246 2950 Domini
3275 2897 3459 2951 indul-

180 2990 342 3061 αὐτῴ
389 2990 447 3041 αί
501 2992 652 3058 μυῖαι
683 2988 791 3058 si};
814 2989 1111 3060 ἁμαρτίας,
1159 2988 1256 3041 καὶ
1288 2988 1643 3056 ἀφανίζουσιν
1673 2987 1770 3057 τὴν

1874 2995 1927 3040 ta
1962 2995 2113 3052 sunt,
2144 2987 2406 3040 redibunt
2430 2986 2497 3040 de
2522 2986 2761 3057 integro,
2789 2986 3063 3055 siquidem
3092 2987 3291 3056 supino
3318 3003 3456 3058 quo-

180 3082 418 3135 εὐωδίαν
461 3081 559 3150 τῆς
592 3081 971 3150 πνευματικῆς
999 3080 1164 3134 αὐτοῦ
1192 3081 1474 3151 ἐργασίας.
1512 3081 1570 3135 '0
1601 3082 1768 3137 θέλων

1875 3077 2000 3133 dam
2024 3077 2192 3132 animi
2250 3076 2636 3132 desidebimus
2673 3087 2925 3131 veterno.
2956 3077 3027 3132 Ut
3056 3078 3205 3131 enim
3257 3092 3452 3131 aurum

181 3167 283 3226 οὖν
316 3173 399 3224 τὸν
434 3171 626 3242 ἐχθρὸν
661 3172 862 3241 ἀσθενῆ
904 3173 1152 3242 ποιῆσαι,
1181 3173 1280 3242 τὴν
1309 3173 1584 3244 ἁμαρτίαν
1616 3191 1770 3245 περι-

183 3264 461 3324 κοπτέτω,
487 3266 580 3317 καὶ
609 3265 917 3335 γυμνωθεὶς
948 3264 1065 3317 τῶν
1095 3264 1331 3335 πτερῶν,
1364 3263 1437 3326 ὡς
1490 3265 1769 3334 στρουθίον

186 3355 542 3426 ιμπαίζεται.
572 3357 635 3407 0i
665 3355 773 3425 γὰρ
799 3356 1025 3425 πονηροὶ
1058 3356 1310 3424 δαίμονες
1331 3354 1589 3408 εἰώθασιν
1621 3356 1772 3426 παρὰ

186 3450 374 3501 πᾶσαν
402 3448 497 3515 τὴν
524 3445 667 3516 ζωὴν
698 3447 839 3499 κατὰ
868 3447 978 3499 τῶν
1010 3447 1316 3501 σπουδαίων
1350 3446 1624 3517 μοναχῶν,
1673 3446 1772 3500 καὶ

190 3538 423 3609 ⁴ήσύχιον
452 3536 722 3607 ἑλομένων
756 3536 909 3606 βίον,’
939 3537 1141 3607 ἀκονᾷν
1171 3536 1240 3589 τὰ
1282 3536 1406 3606 ξίφη
1449 3537 1557 3589 τῶν
1588 3553 1774 3605 πειρα·

191 3627 369 3697 σμῶν,
404 3628 497 3679 καὶ
551 3626 926 3697 μανικώτερον
976 3627 1174 3696 μᾶλλον
1210 3629 1323 3689 τοῖς
1360 3626 1774 3697 εὐλαϐεστέροις

190 3735 255 3772 τε
301 3718 396 3772 καὶ
454 3717 896 3788 σπουδαιοτέροις
946 3717 1359 3788 ἐπιστρατεύειν
1401 3718 1521 3770 κατ’
1570 3717 1768 3785 αὐτῶν,

191 3809 459 3872 ὠθοῦντες
506 3809 761 3872 τούτους,
824 3808 1083 3880 πολέμοις
1132 3810 1463 3879 ἀφορήτοις,
1512 3809 1599 3862 ἵνα
1656 3826 1774 3873 πως

191 3901 494 3971 δυνηθῶσιν
528 3901 835 3967 ἀποστῆσαι
866 3901 966 3969 τῆς
994 3900 1178 3971 εὐχῆς.
1213 3901 1333 3971 Χρὴ
1378 3898 1471 3955 οῦν
1500 3901 1560 3954 τὸ
1584 3902 1774 3956 ἄοκνον

194 3994 291 4047 καὶ
328 3994 529 4064 θερμὸν
557 3993 653 4045 τοῦ
686 3992 980 4046 σπουδαίου
1002 3992 1268 4057 ἐπιδεῖξαι
1297 3995 1377 4057 είς
1401 3994 1461 4046 τὸ
1487 3992 1646 4063 ἔργον
1675 3994 1774 4064 τῆς

194 4085 381 4155 εὐχῆς,
432 4085 520 4138 ῖνα
568 4086 617 4137 ci
666 4084 764 4154 μὲν
798 4083 1017 4152 ἄγγελοι
1072 4084 1488 4154 εὐφραινόμενοι
1533 4086 1776 4155 παραμέ-

194 4194 379 4238 νωσιν,
428 4178 478 4230 οί
520 4176 579 4229 δὲ
611 4177 868 4246 δαίμονες
916 4175 1299 4246 μαστιζὸμενοι
1348 4176 1774 4247 δραπετεύωσιν.

194 4268 297 4319 Διὰ
325 4266 483 4318 τοῦτο
511 4262 604 4320 οὖν
631 4266 839 4334 ὀφείλει
867 4268 895 4319 ὁ
929 4266 1234 4329 σπουδαῖος,
1275 4267 1505 4321 πάντοτε
1534 4269 1677 4333 ζέειν
1697 4270 1776 4342 τῷ

197 4358 488 4428 πνεύματι.
546 4358 759 4428 Ὥσπερ
804 4358 913 4429 γὰρ
939 4360 967 4411 6
1015 4358 1357 4429 πυρούμενος
1398 4360 1612 4432 σίδηρος
1658 4362 1776 4427 ὅλος

1871 3170 2214 3240 exploratum
2243 3170 2352 3239 igni
2380 3177 2433 3221 et
2457 3162 2878 3238 perpurgatur“,
2909 3168 2954 3221 si
2986 3168 3172 3223 minus
3199 3182 3455 3225 accurate

1871 3268 2165 3324 tractetur,
2188 3260 2602 3330 strigositatemt
2629 3260 2908 3315 contrahit
2956 3267 3013 3314 et
3064 3263 3452 3330 asperitatem:

1872 3352 1948 3407 ita
1999 3360 2056 3407 et
2078 3348 2372 3406 'studiosus
2434 3351 2683 3416 virtutis,
2717 3350 2760 3405 si
2822 3351 2909 3405 vel
2976 3367 3143 3406 unam
3200 3354 3453 3413 horulam

1873 3443 2154 3499 desederit
2176 3443 2417 3508 otiosus,
2444 3458 2570 3496 mox
2599 3458 2628 3496 a
2670 3442 2887 3497 fervore
2921 3444 3109 3514 gratia:
3144 3446 3456 3514 refrixit,ct

1872 3533 1929 3589 in
1973 3533 2205 3605 vestigio
2238 3548 2297 3589 se
2339 3533 2417 3587 illi
2485 3532 2740 3588 inserunt
2787 3548 2989 3587 muscae
3045 3537 3278 3604 peccati,
3333 3554 3456 3608 quae

1873 3625 2201 3681 exinaniunt
2282 3624 2594 3694 spiritualis
2685 3625 2891 3694 Opificii
2987 3628 3451 3685 suaveolentiam.

1873 3714 2138 3785 Quisquis
2161 3715 2332 3786 igitur
2349 3716 2504 3770 voles
2526 3714 2859 3771 imbecillem
2885 3716 3117 3773 reddere
3144 3718 3454 3786 inimicum,

1875 3807 2264 3862 circumcidito
2324 3816 2636 3876 peccatum,
2672 3815 2790 3860 esto
2823 3807 2927 3862 alis
2960 3809 3164 3875 nudus,
3210 3811 3458 3867 imitatus

1874 3895 2253 3965 passerculum
2303 3894 2392 3949 cui
2446 3911 2476 3949 a
2541 3896 2792 3965 puerulis
2838 3897 3111 3954 illuditur.
3171 3901 3460 3958 Dtemoncs

1875 3989 2024 4042 enim
2082 3990 2234 4043 nuilo
2287 4004 2397 4043 non
2428 4004 2631 4059 genere
2691 3993 3042 4047 veteratorizn
3097 3995 3459 4065 malignitatis

1875 4080 2148 4135 obarmati
2181 4089 2591 4136 consueverunt
2622 4097 2722 4152 per
2755 4097 2974 4138 omnem
3014 4086 3243 4143 omnino
3285 4089 3457 4155 vitam

1876 4174 2144 4229 adversus
2168 4174 2471 4229 monachos
2503 4175 2607 4243 pia:
2656 4174 2891 4231 actionis
2914 4177 3215 4243 studiosos,
3264 4189 3320 4235 et
3359 4197 3459 4236 eos

1877 4267 1974 4336 qui
2016 4267 2322 4337 requietum
2353 4270 2825 4339 tranquillamque
2862 4271 3193 4341 delegerunt
3232 4274 3457 4332 vivendi

1877 4356 2195 4419 formulam.
2211 4375 2440 4413 suarum
2461 4376 2733 4415 exacuere
2750 4361 2961 4432 gladios
2980 4363 3371 4420 tentationum.
3389 4367 3458 4422 Et

196 4451 265 4502 ix
290 4449 386 4518 τῆς
439 4450 576 4512 ίδίας
608 4448 822 4516 φύσεως
871 4452 951 4514 είς
987 4450 1085 4522 τὴν
1114 4450 1208 4503 τοῦ
1253 4453 1422 4523 πυρὸς
1454 4454 1777 4523 μεταϐάλλε-

1882 4466 1993 4521 quo
2014 4451 2250 4521 quisque
2276 4452 2462 4506 studet
2483 4468 2603 4507 esse
2637 4454 2843 4523 arrepti
2866 4456 3135 4526 propositi
3156 4456 3461 4513 observan-

193 4555 306 4601 ται,
333 4540 427 4591 καὶ
455 4539 669 4607 γίνεται
698 4528 818 4604 ὅλος
855 4540 930 4603 ὡς
961 4540 1069 4612 πῦρ
1094 4558 1107 4570 ·
1151 4542 1323 4605 οὕτως
1361 4545 1454 4597 καὶ
1482 4546 1510 4597 6
1538 4546 1617 4617 τῶ
1658 4547 1778 4620 Θ;ῷ

196 4629 598 4701 προσεδρεύων,
628 4630 837 4700 ὀφείλει
862 4632 1165 4704 ἁπορῤίψαι
1195 4634 1261 4687 τὰ
1291 4634 1384 4689 τοῦ
1417 4634 1531 4705 βίου
1576 4638 1780 4708 μελαμ-

193 4720 454 4791 ψὼματα,
487 4722 582 4775 καὶ
632 4721 900 4791 ἐνωθῆναι
946 4724 1027 4795 τῷ
1073 4723 1202 4795 θείῳ
1250 4728 1382 4795 πυρὶ
1425 4726 1453 4780 ὃ
1498 4727 1526 4779 6
1578 4726 1780 4797 Κύριος

194 4809 360 4883 ἦλθεν
403 4812 584 4884 βαλεῖν
614 4816 706 4867 ἐπὶ
748 4814 849 4885 τὴν
888 4816 1027 4885 γῆν
1065 4816 1157 4869 καὶ
1189 4818 1439 4886 γενέσθαι
1484 4818 1604 4882 ὅλος
1645 4819 1776 4889 πῦρ,

199 4905 288 4957 ἵνα
312 4905 405 4957 καὶ
434 4908 543 4968 τοῖς
576 4904 915 4968 ὑπεναντίοις
944 4905 1215 4970 ἀνάλωτος
1242 4906 1487 4978 γένηται.
1518 4909 1687 4978 Φησὶν
1722 4908 1778 4961 δὲ

196 4996 294 5050 καὶ
331 4997 359 5050 6
423 4995 745 5059 Ἀπόστολος
774 5010 789 5026 ·
824 5018 839 5046 ι
898 4997 977 5069 Τῇ
1027 4999 1227 5070 σπουδῇ
1282 4999 1356 5073 μή
1406 5002 1647 5072 ὀκνηροὶ,
1700 5003 1780 5075 τῷ

196 5084 470 5154 πνεύματι
508 5085 740 5149 ζέοντες,
770 5084 851 5158 τῷ
877 5085 1069 5157 Κυρίῳ
1086 5086 1448 5153 δουλεύοντες.
1489 5109 1508 5142 ι
1543 5091 1662 5162 Χρὴ
1690 5089 1780 5145 οὖν

194 5177 290 5232 τὸν
314 5178 506 5231 ἑαυτὸν
534 5179 853 5232 ἀνατιθέντα
878 5179 959 5251 τῷ
997 5179 1118 5251 Θεῷ
1165 5183 1304 5251 μετὰ
1352 5183 1596 5255 καθαροῦ
1645 5185 1783 5255 λογι-

199 5267 335 5337 σμοῦ
367 5268 463 5321 καὶ
494 5268 748 5339 πράξεων
782 5268 1028 5337 ἀγαθῶν,
1084 5273 1181 5324 σὺν
1224 5266 1301 5339 τῷ
1341 5272 1503 5325 Δαυῖὀ
1530 5275 1776 5344 ψάλλειν,

195 5361 295 5413 καὶ
324 5359 504 5428 λέγειν
525 5375 541 5390 ο
574 5378 594 5407 σ
631 5360 776 5413 Μίαν
803 5361 1094 5431 ᾐτησάμην
1121 5362 1273 5433 παρὰ
1314 5365 1543 5435 Κυρίου,
1574 5367 1780 5439 ταύτην

200 5451 441 5523 ζητήσω,
484 5452 578 5505 τοῦ
614 5454 892 5505 κατοικεῖν
939 5469 1005 5523 με
1039 5454 1098 5507 ἐν
1126 5454 1284 5525 ιοῖκῳ
1338 5457 1545 5526 Κυρίου
1601 5460 1782 5529 πάσας

192 5543 294 5605 τὰς
341 5543 549 5614 ἡμέρας
590 5545 687 5613 τῆς
741 5542 887 5614 ζωῆς
939 5562 1078 5613 μου·
1138 5545 1233 5599 τοῦ
1291 5546 1516 5618 θεωρεῖν
1567 5567 1635 5619 με
1682 5555 1780 5623 τὴν

271 5672 315 5709 ¹⁰
347 5677 518 5732 Exod.
549 5694 644 5741 xu,
684 5680 909 5749 passim.

1013 5680 1054 5712 “
1086 5681 1131 5737 ii
1160 5682 1401 5739 Timolb.
1437 5701 1494 5753 ιι,
1523 5687 1605 5743 l5.

190 5764 312 5816 vm,
344 5751 425 5809 9.,
477 5749 707 5804 "Eccli.
742 5764 816 5815 Ix,
843 5749 932 5804 2|.

1688 5690 1730 5721 ¹²
1781 5691 1799 5745 l
1834 5691 1962 5748 Cor.
1987 5709 2060 5759 Ix,
2095 5694 2184 5749 εδ.

1876 4544 2011 4609 tior,
2037 4560 2102 4599 eo
2131 4544 2301 4615 magis
2325 4545 2592 4599 adversus
2617 4546 2779 4601 talem
2805 4547 2997 4617 c0pias
3022 4564 3135 4603 suae
3155 4551 3460 4622 malignita-

1877 4636 1948 4690 tis
1971 4645 2199 4705 apparat
2230 4637 2461 4692 insanus
2488 4636 2721 4699 dzemon.
2752 4647 2809 4693 ct
2838 4649 3127 4708 promovet
3160 4644 3460 4713 perplexos

1877 4729 2080 4798 vixque
2137 4729 2454 4783 tolerabiles
2510 4729 2840 4796 conflictus,
2895 4741 2957 4786 ut
3020 4749 3246 4803 quoquo
3298 4745 3459 4804 pacto

1878 4819 2146 4875 divellere
2168 4820 2315 4875 hunc
2340 4821 2408 4876 ab
2433 4823 2686 4877 oratione
2725 4823 2921 4893 possit.
2959 4822 3111 4893 Opus
3136 4825 3305 4895 igitur
3334 4825 3461 4880 fue-

1880 4908 1975 4973 rit,
2002 4921 2063 4964 ut
2088 4912 2317 4968 virtutis
2342 4914 2630 4968 studiosus
2658 4914 2724 4967 ad
2755 4931 2897 4983 opus
2928 4915 3110 4970 iturus
3167 4917 3458 4983 orationis,

1869 5018 2036 5058 suam
2062 5004 2404 5060 alacritatem
2431 5013 2673 5060 ostentet
2693 5016 3077 5077 expromptam
3108 5007 3464 5078 etpraafervi-

1879 5099 2030 5165 dam,
2068 5109 2129 5155 ut
2151 5102 2328 5172 angeli
2357 5113 2644 5172 perspecta
2673 5101 2776 5157 hac
2807 5101 3250 5172 promptitudine
3302 5104 3463 5159 exhi-

1880 5191 2180 5258 larescant,
2235 5208 2299 5247 ac
2361 5192 2595 5263 proinde
2650 5209 2777 5248 eum
2840 5194 2934 5248 tali
2987 5207 3382 5263 perseverent;
3431 5212 3466 5252 e

1887 5282 2131 5348 diverso,
2189 5283 2470 5340 daemones
2519 5292 2673 5339 tanto
2724 5284 2948 5340 fervore
3000 5284 3255 5355 ﬂagellati
3297 5300 3357 5341 se
3409 5286 3465 5341 in

1887 5370 2071 5443 fugam
2114 5374 2426 5443 proripiant
2457 5373 2667 5444 refugo.
2714 5373 2889 5429 Debet
2928 5373 3094 5446 igitur
3124 5374 3211 5429 vel
3244 5374 3317 5430 ob
3357 5374 3466 5430 hoc

1888 5466 2070 5520 cultor
2106 5466 2327 5520 virtutis
2356 5466 2571 5522 fervere
2597 5483 2816 5538 semper
2840 5466 3058 5537 spiritu.
3092 5467 3465 5535 Quemadmo-

1889 5557 2021 5613 dum
2050 5558 2197 5614 enim
2227 5557 2436 5613 ferrum
2468 5559 2578 5630 igni
2631 5558 2877 5615 candens
2926 5568 3105 5619 totum
3160 5577 3192 5620 a
3239 5562 3464 5634 propria
3496 5554 3513 5565 ’

2262 5696 2306 5727 ’³
2344 5695 2514 5753 Eccli.
2543 5714 2615 5764 τι,
2642 5698 2730 5754 56.
2810 5699 2852 5731 ’⁵
2877 5698 3016 5754 ibid.
3047 5699 3137 5756 55.
3214 5699 3259 5733 "
3292 5700 3465 5757 Eccli.
