3944 6426
587 297 607 361 1

1850 291 2213 354 AN'I‘IOCHI
2250 290 2597 353 MONACHI
3655 301 3737 368 liii

580 421 778 469 natura
804 407 858 463 in
889 423 1010 464 eam
1045 424 1168 480 qute
1217 409 1402 465 nativa
1437 415 1524 466 est
1558 409 1668 482 igni
1721 409 1940 474 transit,
1986 409 2156 480 ﬁtquc

2273 407 2602 477 ιερπνότητα
2659 401 2892 476 Κυρίου.
2951 422 2971 457 ι
3008 405 3119 458 Καὶ
3167 406 3272 460 τό·
3349 425 3367 458 ι
3400 406 3530 476 Ἐγὼ
3575 411 3622 465 δὲ
3659 417 3741 472 ἐπεὶ

580 497 982 571 propemodum
1007 499 1152 570 ignis
1176 517 1188 552 :
1218 499 1290 554 ita
1317 509 1373 553 ct
1397 499 1492 570 qui
1523 501 1638 554 Deo
1662 500 1893 570 prOpius
1916 497 2169 570 adjungi-

579 603 692 659 tur,
722 607 824 664 par
850 599 958 658 est,
983 607 1015 646 a
1040 606 1100 646 se
1129 601 1191 646 ut
1215 591 1342 645 vitae
1373 591 1538 647 istius
1581 592 1688 646 situ
1745 590 2059 662 ferrugineo
2113 597 2170 646 et

581 683 940 740 tenebricoso
999 681 1273 738 obductas
1321 696 1486 736 curas
1533 681 1800 747 excutiat,
1844 689 1902 736 et
1946 681 2168 735 uniatur

581 775 722 848 igni,
753 791 920 845 quem
965 774 1240 830 Dominus
1268 773 1420 828 venit
1445 773 1668 829 mittere
1706 773 1762 828 in
1799 781 2023 836 terram,
2047 771 2170 826 [iat-

581 883 694 938 que
749 875 900 922 totus
946 865 1110 938 ignis,
1169 883 1238 921 ne
1289 882 1321 920 a
1385 881 1664 936 quoquam
1713 863 2162 919 adversariorum

583 959 842 1030 intercipi
871 957 1122 1030 possitet
1151 957 1478 1028 expugnari.
1521 955 1740 1026 1163
1780 955 1872 1009 Ait
1925 954 2056 1008 item
2106 960 2165 1009 et

581 1051 916 1122 Apostolus:
975 1069 993 1102 ι
1035 1049 1426 1106 Sollicitudine
1453 1064 1566 1104 non
1621 1048 1784 1119 pigri,
1815 1047 2012 1118 Spiritu
2047 1047 2164 1102 fer-

582 1153 795 1207 ventes,
821 1141 1054 1196 Domino
1080 1141 1392 1196 servientes
1413 1142 1479 1195 ”.
1521 1159 1540 1192 ι
1573 1139 1678 1206 Qui
1717 1140 1886 1210 igitur
1915 1141 2161 1210 seipsum

581 1234 925 1290 consecravit
953 1234 1086 1296 Deo,
1141 1248 1372 1288 necesse
1399 1243 1485 1288 est
1533 1242 1590 1287 ut
1647 1248 1774 1288 cum
1826 1232 2163 1302 cogitatione

581 1337 810 1394 prorsus
839 1323 1088 1388 sincera,
1119 1333 1176 1378 et
1200 1323 1546 1378 ornamentis
1576 1322 1850 1376 bonarum
1878 1323 2160 1377 actionum

583 1416 943 1486 conspicuus,
1000 1431 1111 1470 una
1177 1431 1304 1470 cum
1354 1415 1560 1470 Davide
1610 1415 1809 1486 psallat
1869 1431 1936 1470 ac
1980 1415 2160 1470 dicat:

589 1529 608 1561 ι
637 1509 814 1564 Unam
843 1506 1010 1578 petivi
1031 1523 1060 1561 a
1085 1507 1503 1572 Domino,hanc
1520 1507 1823 1577 requiram,
1857 1513 1918 1560 ut
1944 1505 2166 1560 inhabi-

583 1607 694 1653 tem
727 1597 784 1652 in
818 1596 984 1651 domo
1007 1597 1226 1652 Domini
1252 1596 1514 1652 erunibus
1538 1597 1736 1652 diebus
1762 1597 1890 1652 vitae
1927 1611 2083 1661 meae,
2109 1603 2170 1651 ut

2267 497 2422 551 ἐλαία
2452 497 2810 566 κατάκαρπος
2837 497 2896 550 ὲν
2929 496 3008 568 τῷ
3039 495 3176 568 οἴκῳ
3224 495 3324 551 τοῦ
3354 497 3500 553 Gabii.
3533 519 3550 552 ι
3581 503 3663 557 Καὶ
3680 511 3742 562 τό·

2271 608 2290 640 ι
2331 588 2528 659 Κύριε,
2561 587 2828 659 ἠγάπησα
2873 587 3214 660 εὐπρέπειαν
3241 589 3393 642 οἴκου
3424 605 3530 655 σου,
3548 595 3624 646 καὶ
3642 598 3747 654 τόπον

2267 683 2628 754 σκηνώματος
2683 683 2844 752 δόξης
2890 699 3008 736 σου.
3051 701 3072 736 ι
3119 681 3234 735 Καί
3255 699 3272 714 ο
3307 681 3460 735 ιὈτι
3484 683 3751 754 humata

2267 775 2612 846 σκηνώματα
2655 792 2774 844 σου,
2824 776 3022 847 Κύριε,
3071 775 3250 846 Κύριε
3285 773 3396 828 τῶν
3435 776 3683 848 δυνάμεωι.
3710 815 3752 826 _

2275 884 2294 918 ι
2317 864 2600 919 Ἐπιποθεῑ
2647 865 2756 936 γὰρ
2802 865 2900 918 καὶ
2951 863 3193 918 ἐκλείπει
3239 865 3275 934 ὴ
3325 863 3467 934 ψυχή
3505 882 3593 934 μου
3617 869 3755 934 εἰςτὰς

2273 961 2444 1024 αὐλὰς
2489 957 2587 1012 τοῦ
2637 959 2864 1027 Κυρίου.
2917 959 3203 1029 Μακάριος
3229 957 3343 1027 γὰρ
3389 957 3447 1010 ὃν
3486 956 3673 1025 ἐξελέξω
3701 965 3757 1016 iui

2269 1049 2608 1116 προσελάδου
2660 1047 3110 1118 κατασκηνώσειν
3165 1049 3226 1101 ὲν
3280 1049 3402 1111 ταῖς
3450 1046 3616 1111 αὐλαῖς
3643 1066 3755 1104 σου.»

2269 1141 2382 1196 Καὶ
2410 1143 2443 1212 ἡ
2487 1141 2734 1210 μακαρία
2766 1141 2959 1210 Μαρία
2987 1141 3020 1211 ἡ
3061 1139 3156 1193 τοῦ
3191 1137 3448 1210 Λαζάρου
3485 1139 3655 1210 ἀδελφὴ
3679 1144 3755 1211 τρὶς

2269 1233 2396 1296 τοὺς
2443 1233 2606 1295 πόδας
2637 1231 2873 1300 ἐκάθητο
2899 1231 2994 1284 τοῦ
3037 1231 3337 1296 Δεσπὸτου,
3370 1234 3759 1300 προσκαρτεροῦςι

2273 1323 2414 1396 μετὰ
2461 1324 2628 1377 πόθου
2689 1323 2910 1389 πολλοῦ,
2974 1324 3070 1377 καὶ
3115 1323 3294 1392 ἡδέως
3344 1321 3600 1376 ἀκούουσα
3640 1326 3758 1380 uita-3.

2273 1417 2443 1480 Αὐτὸς
2469 1417 2525 1469 δὲ
2563 1416 2822 1486 ὑΚύριος
2863 1415 3107 1470 διδάσκει
3141 1417 3320 1490 ἡμᾶς,
3366 1415 3568 1482 λέγων·
3597 1433 3614 1465 ι
3653 1417 3761 1482 Ἀγω-

2273 1507 2488 1573 νίζεσθε
2517 1508 2782 1560 εἰσελθεῖν
2809 1507 2896 1562 διὰ
2925 1507 3028 1577 τῆς
3055 1509 3250 1576 στενῆς
3293 1507 3490 1576 πύλης,
3528 1508 3599 1559 ὅτι
3629 1507 3759 1572 mich

2274 1597 2420 1666 λέγω
2457 1598 2610 1668 ὑμῖν,
2645 1597 2973 1668 ζητήσουσιν
3004 1596 3300 1660 εἰσελθεῖν,
3355 1598 3448 1649 καὶ
3475 1597 3568 1648 οὐκ
3597 1597 3763 1666 ἰσχύειν

581 1691 798 1744 videam
839 1688 972 1759 quid
1011 1688 1322 1759 jucundum
1352 1688 1425 1743 sit
1467 1688 1789 1743 Domino".
1826 1705 1844 1738 ι
1893 1688 1962 1742 Ει
2000 1687 2170 1743 illud:

2278 1705 2383 1741 σιν.
2422 1707 2442 1740 ι
2480 1687 2640 1758 Λύτῷ
2667 1685 2705 1758 ἤ
2729 1687 2854 1754 δόξα
2892 1689 2973 1751 είς
3001 1688 3131 1748 τοὺς
3158 1687 3392 1750 αἰῶνας.
3439 1685 3614 1756 Ἀμήν.

589 1775 748 1844 «Ego
778 1782 958 1828 autem
987 1771 1132 1833 sicut
1181 1773 1322 1856 oliva
1372 1765 1660 1829 fructifera
1709 1773 1765 1826 in
1823 1773 1991 1828 domo
2022 1774 2204 1828 Dei".
2239 1793 2259 1826 ι
2340 1777 2468 1828 Item
2526 1778 2659 1830 illud

2728 1795 2747 1832 :
2794 1795 2814 1830 ι
2845 1776 3094 1840 Domine,
3135 1775 3306 1830 dilexi
3361 1777 3600 1834 decorem
3639 1776 3762 1829 donius

583 1873 696 1919 tua:
725 1861 794 1920 ’°.
819 1879 838 1914 ι
874 1860 1015 1928 Quia
1047 1861 1246 1917 dilecta
1280 1861 1630 1918 tabernacula
1665 1871 1780 1928 tua,
1817 1861 2092 1927 Domine;
2139 1863 2484 1931 concupiscit
2514 1865 2660 1920 enim
2703 1874 2759 1922 et
2797 1864 2984 1920 det’icit
3029 1862 3212 1917 anima
3252 1877 3378 1918 mea
3434 1863 3487 1920 in
3539 1865 3654 1917 atria
3695 1872 3760 1931 ιιι,

582 1956 898 2028 Domine“,
935 1963 998 2008 ut
1036 1953 1315 2008 inhabitet
1358 1953 1412 2006 in
1471 1953 1632 2006 atriis
1690 1952 1802 2006 tuis
1822 1952 1888 2004 ".
1931 1968 1948 2000 ι
2002 1949 2169 2004 Beata
2205 1964 2428 2018 quoque
2459 1949 2628 2002 Maria
2651 1947 2843 2018 Lazari
2878 1965 3059 2014 soror,
3123 1950 3190 2003 ad
3231 1947 3411 2019 pedes
3479 1948 3668 2002 sedebat
3704 1949 3762 2001 [te

582 2048 722 2102 mini
749 2047 924 2102 multo
947 2060 1071 2101 cum
1105 2043 1386 2099 desiderio
1414 2057 1798 2113 perseverans,
1853 2050 1908 2096 et
1950 2055 2236 2112 perquam
2275 2041 2526 2096 suaviter
2577 2041 2752 2112 ipsius
2814 2038 3444 2116 exaudiensvocem“.
3481 2038 3580 2094 Sed
3619 2049 3664 2092 et
3697 2042 3760 2109 ipse

582 2140 852 2200 Dominus
871 2137 1042 2194 uocet
1075 2151 1198 2201 nos,
1232 2135 1461 2190 dicens:
1509 2151 1528 2184 ι
1569 2133 1906 2188 Contemlite
1955 2132 2164 2186 intrare
2204 2146 2306 2202 per
2331 2141 2620 2202 angustam
2647 2141 2890 2203 portam,
2918 2133 3048 2202 quia
3108 2132 3272 2187 multi
3303 2131 3454 2204 (dico
3505 2131 3656 2199 vobis)
3673 2149 3759 2200 qu:-

583 2237 710 2285 rent
740 2229 974 2296 intrare,
1014 2239 1074 2284 et
1116 2243 1227 2281 non
1279 2225 1632 2296 poterunt“.
1665 2244 1683 2277 ι
1723 2223 1833 2296 Ipsi
1878 2222 2054 2295 gloria
2113 2221 2170 2276 in
2208 2222 2409 2278 saecula
2437 2223 2786 2280 saeculorum.
2819 2223 3016 2278 Amen.

1039 2363 1324 2420 IIOMILIA
1364 2359 1675 2418 LXXXVIII

1165 2475 1244 2530 De
1283 2475 1598 2530 ministerio.

655 2592 761 2660 Qui
794 2591 1058 2647 minister
1091 2569 1206 2654 est,
1231 2589 1407 2642 multa
1432 2602 1558 2642 cum
1587 2585 1890 2641 sedulitate
1934 2578 2174 2641 admini-

581 2691 760 2741 strare
799 2682 992 2746 debet,
1013 2696 1138 2736 cum
1171 2679 1467 2750 perspicue
1495 2678 1719 2734 noverit
1749 2693 1889 2747 epus
1909 2693 2028 2733 esse
2051 2677 2168 2733 Dei.

2857 2362 3077 2416 ΛΟΓΟΣ
3127 2363 3262 2419 ΠΗ’.

2807 2475 2944 2545 Περὶ
2992 2476 3331 2544 διακονίας.

2356 2589 2416 2646 '0
2447 2589 2795 2662 διακονιστὴς
2847 2593 3114 2662 χρεωστεῖ
3158 2591 3448 2661 ἐπιμελῶς
3479 2589 3765 2648 διακονεῖν,εὲ-

2271 2681 2377 2744 δὼς
2405 2682 2487 2734 ὅτι
2517 2679 2650 2733 Θεοῦ
2697 2679 2858 2750 ἔργον
2905 2680 3051 2732 ἐστίν
3075 2696 3090 2710 ο
3129 2681 3225 2732 καὶ
3267 2681 3343 2751 μὴ
3375 2679 3585 2750 ἀμελεῖν
3617 2680 3661 2732 ἐν
3691 2698 3762 2740 τινι,

581 2773 744 2830 Nulla
775 2773 831 2827 in
877 2788 938 2828 re
962 2772 1034 2826 sit
1079 2771 1126 2826 is
1159 2769 1477 2824 cunctatior
1530 2777 1626 2824 aut
1677 2768 1866 2823 minus
1911 2768 2167 2840 diligens,

2275 2773 2428 2845 ἢ,διὰ
2459 2771 2654 2841 λύπην,
2700 2771 2732 2841 ἦ
2779 2771 3222 2842 παροξυσμὸν,ἢ
3268 2773 3361 2825 διὰ
3410 2773 3525 2840 ἔριν
3548 2771 3650 2824 τινὰ
3672 2771 3766 2822 disl-

585 2863 814 2928 sive,ob
833 2863 1108 2934 ingestam
1139 2861 1380 2916 tristitia:
1414 2861 1640 2926 nubem,
1677 2869 1772 2915 aut
1795 2859 1942 2930 quod
1975 2876 2004 2914 a
2031 2875 2172 2931 quo-

585 2955 740 3026 piam
794 2953 1051 3008 irritatus
1077 2961 1181 3016 est,
1226 2967 1330 3006 nec
1361 2951 1719 3016 transmittat,
1779 2961 1876 3006 aut
1927 2952 2172 3023 segniter

583 3046 806 3117 expleat
867 3043 1263 3109 ministerium,
1318 3043 1390 3097 ob
1437 3043 1590 3098 litem
1631 3042 1772 3098 forte
1825 3059 1854 3098 ιι
1893 3043 2174 3098 nonnullis

585 3139 908 3192 excitatam.
939 3134 1294 3204 Quaecunque
1326 3133 1474 3187 enim
1513 3133 1832 3188 monastica:
1865 3143 1993 3188 sunt
2019 3149 2174 3188 man-

587 3228 788 3293 sionis,
841 3229 956 3282 Deo
987 3235 1408 3292 consecrantur,
1465 3233 1726 3295 tanquam
1764 3241 1828 3280 ea
1857 3242 1981 3295 qute
2031 3224 2172 3281 olfe-

587 3331 791 3375 runtur
815 3318 918 3372 illi.
952 3317 1128 3384 Quam
1183 3332 1389 3387 magno
1427 3316 1483 3370 in
1539 3315 1791 3385 periculo
1823 3325 2079 3370 versetur
2125 3315 2172 3371 is

585 3413 681 3485 qui
701 3411 998 3483 neglectim
1025 3409 1330 3472 ministrat,
1366 3422 1531 3463 nosse
1553 3406 1675 3462 vis?
1711 3404 1945 3461 Perinde
1973 3415 2077 3473 est,
2109 3421 2173 3461 ac

587 3506 633 3562 si
663 3506 834 3560 Deum
868 3503 1050 3574 ipsum
1091 3501 1456 3571 contemptim
1483 3508 1839 3570 aspernetur,
1861 3499 2172 3568 habeatque

587 3597 786 3652 nihili:
824 3615 842 3648 ι
871 3594 1126 3662 Quandiu
1152 3594 1300 3650 enim
1327 3592 1538 3648 fecistis
1569 3591 1667 3646 uni
1698 3609 1764 3648 ex
1793 3592 1880 3646 his
1907 3590 2170 3654 minimis,

588 3687 728 3743 mihi
752 3686 984 3752 fecistis,
1014 3694 1091 3752 et,
1128 3685 1374 3756 quandiu
1403 3701 1513 3739 non
1546 3683 1780 3746 fecistis,
1817 3699 1998 3759 neque
2036 3681 2172 3737 mihi

558 3777 884 3834 'fecistis".
921 3800 940 3832 ι
987 3778 1114 3835 Sive
1169 3777 1336 3848 igitur
1381 3777 1508 3846 quis
1550 3777 1903 3832 administrat
1955 3776 2170 3838 sedulo,

589 3869 706 3925 sive
735 3869 1026 3941 neglectim
1057 3868 1291 3942 inservit
1332 3867 1622 3932 fratribus,
1662 3867 1718 3922 in
1768 3867 1940 3921 Deum
1991 3866 2172 3936 ipsum

590 3958 741 4016 illius
773 3958 1012 4014 recurrit
1038 3973 1105 4012 ac
1126 3957 1371 4012 refertur
1411 3957 1806 4012 ministerium.
1828 3957 1963 4012 Jure
2006 3955 2174 4027 igitur

587 4051 660 4108 de
713 4051 836 4109 istis
891 4051 1318 4107 cunctatoribus
1377 4058 1434 4104 et
1493 4049 1636 4104 male
1690 4049 1904 4104 sedulis
1957 4049 2176 4104 dicebat

2277 2864 2415 2934 φῶν,
2469 2864 2888 2934 παραπέμπειν,
2933 2865 3028 2917 καὶ
3070 2863 3364 2936 ῥᾳθυμεῖν.
3415 2865 3586 2919 Πάντα
3619 2864 3698 2932 γὰρ
3727 2861 3766 2913 τὰ

2275 2957 2373 3024 τῆς
2405 2955 2574 3026 μονῆς
2598 2952 2674 3026 τῷ
2703 2955 2824 3026 Θεῷ
2852 2954 3240 3025 καθιέρωνται,
3272 2957 3351 3018 ὡς
3385 2955 3529 3025 αὐτῷ
3556 2953 3770 3025 προσφερό-

2281 3062 2436 3116 μενα,
2469 3045 2564 3098 καὶ
2623 3045 2846 3115 μεγάλῳ
2891 3045 3205 3098 ὑπόκεινται
3241 3044 3494 3116 κινδύνῳ.
3551 3045 3600 3098 '0
3622 3041 3767 3112 ἀμελῶς

2276 3134 2540 3190 διακονῶν
2565 3174 2578 3198 ,
2627 3136 2702 3198 ὡς
2751 3136 2886 3190 Θεοῦ
2936 3137 3322 3206 καταφρονῶν.
3376 3155 3394 3188 ι
3423 3137 3532 3206 Ἐφ’
3570 3137 3668 3188 ὅσον
3703 3132 3770 3200 τὰρ

2277 3229 2572 3298 ἐποιήσατε
2607 3226 2686 3281 ἐνὶ
2733 3227 2940 3282 τούτων
2969 3229 3076 3282 τῶν
3109 3229 3361 3298 ἀδελφῶν
3402 3247 3502 3300 μου
3528 3227 3618 3282 τῶν
3653 3224 3771 3294 ἐλαχί-

2280 3339 2440 3384 στων,
2493 3321 2618 3391 ἐμοὶ
2647 3321 2964 3390 ἐποιήσατε,
3010 3322 3106 3375 καὶ
3154 3324 3242 3391 ἐφ’
3269 3324 3400 3376 ὅσον
3426 3323 3522 3376 οὐκ
3561 3322 3770 3386 inetiam

2278 3411 2360 3464 ἑνὶ
2405 3411 2634 3482 τούτων,
2675 3412 2796 3464 οὐδὲ
2827 3412 2951 3480 ἐμοὶ
2985 3413 3306 3482 ἐποιήσατε.
3343 3433 3362 3465 ι
3399 3414 3514 3466 Εἴτε
3541 3407 3622 3464 οὖν
3639 3413 3770 3475 ἐπιμε·

2277 3503 2385 3567 λῶς
2413 3521 2496 3567 τις
2525 3500 2784 3566 διακονεῖ,
2813 3506 2890 3566 είς
2921 3504 3012 3558 τὸν
3051 3505 3184 3558 Θεὸν
3213 3505 3503 3576 ἀνατρέχει
3547 3507 3576 3573 ἠ
3601 3501 3772 3555 tiranii:

2280 3593 2468 3648 αὑτοῦ.
2503 3594 2744 3657 Εἰκότως
2770 3593 2863 3648 οὖν
2889 3595 3072 3664 ἔλεγεν
3116 3595 3392 3667 Ἱερεμίας
3421 3597 3537 3667 περὶ
3576 3595 3665 3646 τῶν
3680 3593 3771 3660 ἀρε·

2277 3686 2514 3741 λούντων
2537 3705 2551 3717 ⁸
2591 3705 2610 3738 ι
2633 3687 3072 3757 Ἐπικατάρατος
3122 3686 3414 3759 ἄνθρωπος
3435 3729 3450 3751 ,
3508 3691 3535 3740 ὁ
3575 3684 3709 3739 ποιῶν
3735 3682 3771 3733 τὸ

2279 3777 2441 3849 ἔργον
2483 3777 2690 3848 Κυρίου
2734 3777 2974 3848 ἀμελῶς.
3034 3777 3092 3831 '0
3135 3779 3192 3830 δὲ
3231 3775 3628 3848 καταφρονητὴς
3661 3772 3767 3840 ἀνὴρ.

2279 3868 2496 3934 ἀλαζὼν
2534 3870 2629 3922 καὶ
2660 3869 3031 3940 ὑπερήφανος.
3071 3869 3270 3938 Ἡμεῖς
3295 3865 3390 3925 οὖν
3410 3868 3556 3930 ἐκτὸς
3579 3866 3662 3934 τῆς
3681 3864 3769 3932 ἀρᾶς

2278 3960 2452 4024 ὄντες,
2497 3959 2596 4030 τῆς
2635 3958 2692 4012 δὲ
2744 3959 2993 4028 εὐλογίας
3042 3959 3194 4024 ἐντὸς
3233 3961 3310 4024 ὡς
3343 3961 3568 4015 διάκονοι
3599 3951 3766 4025 Χριστοῦ

2279 4053 2336 4105 ὲν
2381 4052 2530 4124 πάσῃ
2557 4051 2846 4122 ἐπιμελείᾳ
2881 4053 2984 4105 καὶ·
3021 4053 3226 4124 σπουδῇ
3263 4055 3362 4124 τὴν
3397 4051 3643 4106 διακονίαν
3661 4045 3766 4117 ἡμῶν

586 4140 858 4198 Jeremias
897 4157 914 4200 ;
955 4159 973 4192 ι
1012 4139 1338 4194 Malcdictus
1393 4139 1561 4193 homo
1599 4137 1694 4207 qui
1726 4137 1858 4192 facit
1901 4153 2040 4208 opus
2074 4137 2170 4193 Dei

2280 4142 2810 4214 πληροφορήσώμεν,
2856 4143 2940 4196 ἵνα
2967 4142 3220 4210 εὐλογίαν
3240 4133 3766 4216 κληρονομήσωμεν,ῶ;

589 4233 936 4305 negligenter
953 4232 1022 4284 “.
1065 4250 1082 4283 ι
1131 4231 1282 4286 Talis
1306 4239 1664 4299 contemptor
1707 4245 1974 4309 arrogans
2009 4237 2173 4285 estet

589 4325 888 4396 superbus.
910 4321 1023 4378 Nos
1050 4322 1223 4394 igitur
1251 4322 1344 4392 qui
1373 4321 1441 4376 ab
1472 4321 1743 4392 ejusmodi
1783 4320 2172 4377 maledictione

590 4417 793 4472 seclusi
817 4429 1033 4479 sumus,
1064 4421 1258 4483 utpote
1303 4411 1401 4466 ﬁlii
1437 4411 1864 4478 benedictionis,
1913 4421 2172 4482 tanquam

589 4509 831 4564 ministri
875 4506 1108 4569 Christi,
1151 4505 1304 4561 omni
1361 4520 1486 4558 eum
1520 4503 1812 4560 sedulitate
1859 4521 1925 4560 ac
1961 4505 2171 4570 studio,

590 4599 917 4657 monasterii
974 4597 1137 4652 nobis
1201 4597 1576 4653 concreditum
1626 4595 1968 4652 iunctionem
2012 4596 2174 4666 plena

593 4692 700 4748 title
727 4704 1122 4760 exsequamur,
1147 4697 1410 4757 tanquam
1441 4686 1716 4742 benedicti
1740 4686 1998 4756 discipuli
2025 4687 2174 4742 illius

588 4785 682 4854 qui
719 4783 898 4838 dixit:
934 4799 952 4830 ι
994 4779 1099 4836 Ubi
1130 4795 1250 4834 sum
1281 4795 1404 4850 ego,
1454 4777 1567 4833 illic
1597 4786 1652 4833 et
1707 4779 1960 4834 minister
2015 4794 2174 4834 meus

587 4873 777 4931 erit".
822 4892 839 4924 ι
871 4871 1016 4940 Quid
1045 4870 1273 4940 insuper
1310 4869 1610 4940 Apostolus
1645 4869 1814 4934 dicat,
1849 4869 2171 4924 audiamus:

595 4985 614 5016 ‹
645 4965 786 5020 Ecce
817 4979 966 5018 nunc
1013 4973 1234 5032 tempus
1285 4963 1646 5032 aceeptabile,
1677 4977 1807 5017 ecce
1862 4976 2012 5018 nunc
2053 4962 2173 5019 dies

590 5055 820 5111 salutis:
853 5053 1063 5108 nemini
1097 5053 1298 5108 dantes
1349 5053 1514 5106 uilam
1547 5050 1930 5117 offensionem,
1965 5060 2027 5107 ut
2061 5068 2173 5106 non

589 5146 940 5214 vituperetur
970 5142 1346 5198 ministerium
1375 5151 1646 5206 nostrum,
1687 5141 1782 5196 sed
1814 5141 1868 5196 in
1914 5139 2174 5197 omnibus

590 5235 1044 5292 commendantes
1076 5233 1451 5304 nosmetipsos
1477 5235 1622 5290 sicut
1648 5235 1744 5288 Dei
1778 5235 2082 5299 ministros,
2115 5233 2172 5288 in

592 5327 764 5382 multa
797 5327 1093 5397 patientia,
1126 5327 1182 5380 in
1213 5325 1689 5391 tribulationibus,
1728 5325 1782 5380 in
1829 5325 2176 5382 necessitati-

591 5420 718 5486 bus,
754 5418 810 5472 in
839 5416 1128 5490 angustiis,
1159 5418 1214 5472 in
1243 5417 1551 5485 laboribus,
1604 5419 1658 5472 in
1694 5417 1919 5490 vigiliis,
1954 5417 2012 5472 in
2044 5417 2171 5472 lon-

666 5579 706 5608 "
733 5578 890 5631 Rom.
922 5593 1014 5638 xu,
1049 5578 1134 5634 Η.
1252 5578 1295 5610 ’⁸
1334 5577 1477 5632 Psal.
1530 5593 1674 5642 xxvi,
1710 5576 1760 5628 4.

593 5663 732 5705 txiv,
764 5649 812 5700 Si.
871 5647 916 5680 ³³
939 5648 1072 5703 Luc.
1097 5647 1254 5714 x,59.

589 5733 682 5780 xu,
707 5717 794 5774 ΞΟ.

1869 5573 1910 5606 "
1937 5573 2080 5628 Psal.
2112 5589 2186 5639 LI,
2240 5573 2323 5628 10.

1331 5649 1372 5680 ’⁸
1408 5649 1596 5702 Matth.
1621 5663 1712 5710 vn,
1742 5646 1837 5710 15;
1873 5644 2005 5699 Luc.
2035 5660 2145 5711 xm,
2179 5643 2269 5699 ει.

2279 4235 2521 4306 μαθηταὶ⁸
2567 4233 2662 4287 τοῦ
2708 4233 3076 4305 εὐλογημένου
3126 4235 3220 4288 τοῦ
3271 4235 3574 4306 εἰρηκότος·
3604 4249 3620 4280 ι
3649 4229 3761 4280 Ὅπω

2275 4327 2394 4396 εἰμὶ⁸
2432 4323 2563 4395 ἐγὼ,
2596 4327 2692 4379 καὶ
2719 4329 2746 4380 ὁ
2777 4327 3026 4392 διάκονος
3050 4329 3078 4381 ὁ
3101 4327 3234 4397 ἐμὸς
3263 4327 3438 4381 ἔσται.
3465 4345 3482 4377 ι
3503 4321 3762 4385 Ἀκοὺσωμεν

2275 4415 2326 4468 τί
2356 4415 2452 4468 καὶ
2479 4417 2507 4468 ὁ
2533 4415 2746 4480 Παῦλος
2792 4414 2942 4484 λέγει
2963 4433 2978 4447 ⁸
3014 4436 3032 4468 ι
3055 4417 3186 4470 Ἰδοὺ
3219 4416 3316 4470 νῦν
3343 4415 3523 4486 καιρὸς
3547 4405 3760 4478 εὐπρὸπῖει

2275 4523 2424 4570 κτος,
2461 4507 2570 4560 ἰδοὺ
2599 4507 2694 4560 νῦν
2723 4507 2908 4578 ἡμέρα
2929 4509 3207 4578 σωτηρίας
3231 4525 3244 4538 ·
3275 4508 3536 4580 μηδεμίαν
3564 4505 3612 4556 ἐν
3636 4495 3760 4571 μηδενὶ

2275 4597 2508 4662 διδόντες
2562 4601 2900 4670 προσκοπὴν,
2937 4601 3025 4654 ἵνα
3074 4603 3150 4670 μὴ
3200 4600 3434 4673 μωμηθῇ
3469 4595 3605 4669 ἡμῶν
3639 4590 3755 4662 ἢδί²⁴

2276 4690 2430 4743 κονία
2449 4707 2464 4722 ο
2498 4691 2614 4745 ἀλλ’
2645 4693 2703 4744 ἐν
2731 4691 2894 4744 παντὶ
2923 4679 3283 4756 συνιστῶντες
3318 4691 3552 4754 ἑαυτοὺς,
3591 4685 3652 4747 ὡς
3673 4675 3755 4732 θεώ

2274 4781 2514 4835 διάκονοι
2535 4783 2592 4837 ὲν
2619 4782 2862 4852 ὑπομονῇ
2889 4781 3082 4852 πολλῇ,
3108 4783 3166 4837 ὲν
3191 4783 3451 4852 ϐλὶψεσιν,
3475 4781 3526 4831 ἐν
3549 4775 3751 4838 ἀνάῖκαιίι

2229 4943 2234 4948 θ
2276 4872 2336 4924 ὲν
2366 4872 2771 4943 στενοχωρίαις,
2813 4873 2872 4926 ὲν
2910 4872 3122 4937 κόποις,
3156 4873 3216 4924 ὲν
3261 4869 3590 4942 ἀγρυπνίαις,
3622 4864 3668 4914 ἐν
3691 4871 3752 4926 i1“

2279 4961 2650 5034 μακροθυμίᾳ,
2693 4962 2752 5016 ὲν
2791 4962 2980 5036 ἀγάπῃ
3013 4963 3383 5034 ἀνυποκρίτῳ,
3425 4962 3478 5012 ἐν
3518 4956 3637 5023 λόγῳ
3668 4949 3749 5012 ἀλη·

2275 5054 2478 5116 οείας.»
2507 5053 2618 5106 Καὶ
2652 5055 2813 5108 πάλιν
2843 5071 2858 5086 ο
2897 5075 2915 5106 ι
2965 5055 3052 5118 Ὠς
3074 5054 3249 5108 δοῦλοι
3277 5051 3518 5126 Χριστοῦ,
3533 5049 3586 5101 τὸ
3606 5043 3750 5109 θέλημα

2276 5142 2440 5196 αὐτοῦ
2471 5141 2752 5206 ποιοῦντες
2779 5147 2843 5198 ἐκ
2879 5143 3080 5216 ψυχῆς,
3104 5145 3222 5214 μετ’
3247 5145 3453 5207 εὐνοίας
3477 5134 3744 5194 δουλεύοντες,

2275 5231 2352 5296 ὡς
2395 5233 2474 5304 τῷ
2515 5234 2728 5305 Κυρίῳ.
2773 5237 2868 5288 καὶ
2915 5237 3016 5289 οὐκ
3052 5234 3382 5306 ἀνθρώποις,
3435 5253 3452 5286 ι
3484 5229 3577 5285 Καὶ
3607 5223 3744 5276 πάλιν⁸

2281 5343 2302 5378 ⁴
2362 5323 2632 5396 Ἀδελφοὶν
2677 5327 2880 5396 ἑδραῖοι
2927 5327 3164 5396 γίνεσθε,
3213 5325 3586 5397 ἀμετακίνητοι,
3619 5323 3743 5380 cepit-

2277 5417 2526 5481 σεύοντες
2560 5419 2618 5472 ἐν
2657 5417 2736 5490 τῷ
2764 5418 2915 5491 ἔργῳ
2957 5419 3052 5473 τοῦ
3099 5419 3302 5490 Κυρίου
3351 5419 3576 5474 πάντοτε·
3607 5401 3743 5461 εἰδότες

2435 5575 2481 5607 ’⁸
2507 5575 2648 5630 Psal.
2677 5591 2802 5639 xxv,
2833 5575 2886 5630 8.
2993 5579 3035 5619 ιι
3070 5575 3214 5632 Psai.
3249 5591 3458 5636 vaxut,
3486 5571 3531 5624 5-
3588 5566 3624 5639 ῨΪ
3641 5552 3735 5639 PS’J'

2348 5644 2600 5700 "Matth.
2628 5662 2752 5709 xxv,
2785 5631 2870 5701 io.
2947 5647 2992 5682 ²⁴¹
3012 5631 3216 5703 Jerczn.
3246 5631 3524 5712 nmmo.
3584 5631 3734 5685 "103"-
