3944 6416
170 331 338 396 1705
1220 331 1550 394 IIOMILIA
1590 331 1782 392 LXXX

1888 375 1912 392 η.
1937 355 2007 367 ο·-
2031 331 2130 391 ΒΕ
2172 330 2456 392 ΙΝΟΡΙΑ.
3328 329 3462 392 1706

163 448 270 502 ὅτι
309 449 340 501 6
367 445 535 510 κόπος
567 443 722 517 ὑμῶν
753 445 855 500 οὐκ
886 444 1033 499 ἔστιν
1062 445 1216 509 κενὸς
1259 447 1317 499 ὲν
1353 445 1564 518 Κυρίῳ.
1613 464 1631 498 ι
1667 446 1780 500 Καὶ

1888 443 2226 516 ganimitate,
2247 443 2304 498 in
2334 443 2610 508 charitate
2643 457 2751 500 non
2788 443 2934 508 ficta,
2967 444 3022 498 in
3055 442 3224 498 verbo
3258 445 3464 497 verita-

166 539 336 610 πρὸς
383 538 666 610 Τιμόθεον,
721 537 934 606 λέγων’
975 556 995 591 ι
1051 538 1210 608 Νῆφε
1256 540 1314 591 ὲν
1367 539 1552 608 πᾶσιν,
1615 536 1779 609 ἔργον

1888 537 1958 592 tis
1982 536 2048 590 ³⁸.
2105 555 2124 588 ι
2189 535 2404 606 1169
2447 535 2654 590 lterum
2692 554 2707 592 :
2772 554 2790 588 ι
2822 535 2977 590 Sicut
3033 534 3180 590 servi
3218 534 3462 600 Christi,

171 631 424 702 ποίησον
455 629 868 700 εὐαγγελιστοῦ,
909 631 1008 702 τὴν
1038 630 1314 684 διακονίαν
1354 644 1450 684 σου
1500 628 1778 702 πληροφόο

174 742 389 798 ρησον.
438 743 456 776 ι
503 723 673 794 Φησὶν
709 722 767 775 δὲ
805 721 902 775 καὶ
931 721 1061 794 περὶ
1095 721 1328 775 ἑαυτοῦο
1365 741 1384 774 (
1417 721 1555 774 Νυνί¹
1583 719 1640 774 δὲ
1678 735 1778 772 πο-

177 817 432 890 ρεύομαι
473 817 553 879 εἰς
585 813 936 885 Ἰερουσαλὴμ
967 812 1228 866 διακονῶν
1255 813 1366 875 τοῖς
1389 811 1562 881 ἁγίοις
1581 827 1596 842 ·
1645 809 1780 863 ἀλλά

179 907 640 977 συναγωνίσαιτοέ
677 924 768 978 μοι
809 907 867 979 ἐν
908 907 1030 969 ταῖς
1068 906 1416 975 προσευχαῖς,
1461 902 1550 957 ῖνα
1589 903 1624 972 ή
1668 899 1782 953 δια-

180 1000 356 1055 κονία
396 1016 498 1069 μου
541 997 936 1068 εὐπρόσδεκτος
963 996 1188 1066 γένηται
1225 996 1338 1058 τοῖς
1365 994 1562 1062 ἁγίοις.
1613 1011 1632 1045 ›
1666 993 1782 1046 Κα-

180 1090 560 1159 τανοήσωμεν
608 1085 726 1150 οὖν,
765 1087 1007 1156 ἀδελφοὶ,
1049 1086 1202 1140 αὐτοὶ
1243 1086 1296 1140 οἱ
1347 1083 1634 1138 ἀπόστολοι
1681 1082 1781 1148 τῆς

200 1179 562 1249 Ἑκκλησίας,
596 1177 735 1248 μετὰ
760 1179 914 1232 ποίου
947 1178 1156 1247 ἀγῶνος
1180 1177 1275 1230 καὶ
1304 1176 1469 1229 πόθου
1499 1175 1780 1247 διηκόνουν

185 1274 315 1333 τοῖς
347 1271 406 1324 ἑν
433 1269 838 1340 Ἱεροσολύμοις
867 1271 1127 1339 πτωχοῖς.
1163 1267 1330 1340 Φησίν
1365 1267 1422 1319 δὲ
1454 1267 1549 1320 καὶ
1576 1264 1778 1330 ἄλλοις,

197 1380 219 1412 ι
282 1361 358 1414 Οὐ
420 1361 528 1430 γὰρ
578 1359 760 1423 ἄδικος
809 1360 837 1413 6
889 1359 1020 1422 Θεὸς
1075 1357 1426 1413 ἐπιλαθέσθαι
1475 1357 1572 1412 τοῦ
1616 1355 1779 1427 ἔργου

191 1454 226 1505 ὑ
237 1452 382 1524 μῶν,
425 1453 519 1508 καὶ
550 1454 648 1522 τῆς
681 1453 902 1522 ἀγάπης
942 1447 1011 1526 ἧς
1049 1451 1384 1516 ἐνεδείξασθε
1419 1453 1499 1516 είς
1523 1451 1583 1505 τὸ
1609 1451 1783 1520 ὄνομα

192 1545 398 1611 αὐτοῦ,
421 1546 840 1614 διακονήσαντες
865 1549 976 1610 τοῖς
997 1545 1194 1614 ἁγίοις,
1217 1546 1310 1599 καὶ¹
1331 1543 1729 1606 διακονοῦντες.
1757 1562 1776 1597 ι

191 1639 370 1705 Λέγει
409 1638 466 1690 δὲ
511 1637 608 1690 καὶ
653 1639 681 1690 6
724 1638 948 1707 Πέτρος·
977 1655 995 1688 ι
1034 1637 1304 1699 Ἕκαστος
1352 1634 1534 1700 καθὼς
1590 1633 1782 1687 ἔλασεν

193 1730 473 1800 χάρισμα,
504 1730 585 1792 εἰς
615 1729 842 1792 ἑαυτοὺς
901 1728 1034 1781 αὐτὸ
1060 1725 1454 1790 διακονοῦντες.
1493 1745 1512 1780 ι
1545 1726 1656 1779 Καὶ
1685 1727 1783 1778 ὲπ-

1885 627 2154 685 facientes
2185 627 2526 690 voluntatem
2567 628 2743 698 ipsius
2781 642 2848 682 ex
2880 625 3080 692 animo,
3115 619 3241 682 cum
3290 627 3488 682 bene~

1884 720 2130 776 volentia
2146 719 2480 784 servientes,
2513 718 2673 790 quasi
2704 717 2938 776 Domino
2970 725 3025 772 et
3077 732 3189 772 non
3222 718 3467 774 homini-

1885 812 1992 866 bus
2008 813 2073 865 ”.
2098 829 2116 862 ι
2143 811 2347 866 lterum
2371 827 2384 864 :
2417 829 2434 862 ι
2466 811 2710 876 Fratres,
2734 810 2962 865 stabiles
2990 817 3169 865 estote
3196 818 3252 865 et
3275 811 3470 866 immo-

1886 903 2050 967 biles,
2076 902 2424 958 abundantes
2444 902 2500 956 in
2523 917 2693 972 opere
2717 901 2938 958 Domini
2960 917 3201 972 semper,
3228 902 3470 957 scientes

1887 993 2037 1062 quod
2079 993 2237 1048 labor
2272 1001 2456 1048 vester
2501 1008 2612 1046 non
2642 999 2728 1047 est
2762 991 2945 1048 inanis
2992 993 3047 1046 in
3084 993 3320 1048 Domino
3339 994 3405 1048 ³⁸.
3444 1013 3463 1045 ι
3536 1045 3552 1070 π

1887 1085 1956 1140 Et
1977 1084 2048 1139 ad
2085 1085 2475 1140 Timotheum:
2521 1102 2539 1135 ι
2580 1083 2777 1154 Vigila,
2839 1084 2896 1138 in
2943 1084 3203 1140 omnibus
3255 1086 3467 1151 labora,
3538 1069 3552 1110 ί

1887 1191 2027 1246 opus
2059 1175 2145 1230 fac
2169 1176 2544 1246 evangelista,
2577 1175 2948 1229 ministerium
2976 1183 3134 1228 tuum
3158 1175 3322 1244 imple
3344 1176 3411 1229 δ’.
3444 1196 3462 1227 ι
3543 1157 3550 1165 ’

1887 1266 1963 1322 De
1985 1267 2170 1337 seipso
2199 1281 2422 1336 quoque
2455 1265 2626 1320 dicit:
2665 1284 2683 1315 ‹
2721 1265 2880 1320 Nunc
2911 1273 3096 1320 autem
3146 1265 3474 1336 proficiscor

1888 1359 1946 1414 in
1967 1361 2274 1417 Jerusalem
2301 1359 2620 1414 ministrare
2641 1358 2872 1424 sanctis,
2905 1359 3002 1414 sed
3021 1358 3278 1430 adjuvate
3301 1343 3388 1414 me
3414 1360 3469 1415 in

1888 1453 2259 1518 orationibus,
2299 1460 2362 1506 ut
2411 1451 2748 1522 obsequium
2812 1464 2997 1505 meum
3051 1459 3339 1520 acceptum
3398 1452 3473 1506 sit

1889 1540 2197 1594 sanctis".
2257 1558 2276 1590 ›
2341 1537 2644 1594 Nobiscum
2704 1546 3048 1609 reputemus,
3097 1537 3316 1602 fratres,
3365 1539 3468 1609 ipsi

1889 1632 2124 1702 apostoli
2151 1632 2245 1702 qui
2279 1639 2336 1686 et
2355 1631 2626 1687 columna
2652 1630 2933 1695 Ecclesia,
2967 1637 3174 1700 quanto
3203 1647 3376 1702 agone
3404 1646 3470 1686 ac

1889 1723 2168 1779 desiderio
2196 1722 2580 1778 ministrabant
2617 1721 3060 1792 Hierosolymitis
3107 1723 3467 1792 pauperibus.

194 1822 330 1890 άγει
355 1837 368 1848 ·
399 1840 418 1872 σ
452 1822 520 1875 Et
540 1839 620 1885 τις
645 1820 818 1885 λαλεῖ,
846 1820 921 1883 ὡς
959 1819 1114 1889 λόγια
1146 1817 1304 1885 Θεοῦ,
1341 1817 1395 1872 εῐ
1417 1835 1500 1882 τις
1523 1817 1780 1880 διακονεῖ,

1890 1815 2028 1870 Aliis
2063 1815 2293 1884 insuper
2321 1814 2480 1879 dicit,
2521 1833 2540 1866 ι
2572 1813 2690 1869 Νοη
2715 1812 2866 1868 enim
2899 1813 3137 1884 injustus
3180 1821 3265 1868 est
3300 1813 3472 1895 Deus,

193 1909 280 1974 ὼς
308 1911 366 1977 ἐξ
399 1909 602 1980 ἰσχύος,
641 1904 706 1980 ἦς
736 1913 960 1980 χορηγεῖ
986 1911 1014 1962 6
1041 1909 1196 1974 Θεὸς,
1227 1909 1315 1963 ἵνα
1351 1908 1409 1962 ὲν
1441 1909 1606 1962 πᾶσιν
1631 1905 1784 1970 δοξά-

197 2000 370 2070 ζηται
398 2003 426 2054 ό
446 2001 600 2066 Θεὸς,
626 2002 712 2054 διὰ
738 2001 830 2054 τοῦ
858 2001 1060 2072 Κυρίου
1083 1999 1240 2071 ἡμῶν
1277 1997 1448 2070 Ἰησοῦ
1472 1997 1775 2069 Χριστοῦ..)

217 2093 279 2147 Ὀ
315 2093 370 2146 δὲ
406 2093 638 2164 Κύριος·
679 2114 696 2145 ι
721 2093 846 2148 Ἐάν
896 2111 993 2158 τις·
1019 2094 1143 2162 ἐμοὶ
1179 2091 1425 2162 διακονῇ,
1487 2090 1612 2160 ἐμοὶ
1654 2089 1785 2142 ἀκο-

1886 1916 1947 1963 ut
1975 1907 2342 1964 obliviscatur
2389 1907 2574 1978 operis
2624 1905 2797 1963 vestri
2827 1914 2884 1961 et
2931 1905 3249 1962 dilectionis
3302 1923 3469 1977 quam

1884 2000 2308 2057 demonstrastis
2330 2000 2388 2055 in
2404 1989 2628 2055 nomine
2653 1999 2849 2070 ipsius,
2883 1998 3013 2053 dum
3035 1997 3471 2055 administrastis

1883 2093 2093 2162 sanctis
2114 2100 2170 2148 et
2188 2091 2598 2147 administratis
2618 2091 2682 2145 ³³.
2727 2111 2746 2144 ι
2787 2092 2986 2148 Petrus
3023 2091 3156 2146 item
3184 2110 3196 2144 :
3237 2111 3256 2144 ι
3284 2092 3469 2147 Unus-

195 2183 494 2248 λουθείτω,
537 2187 631 2238 καὶ
670 2187 804 2238 ὅπου
845 2185 961 2252 είμί
1018 2183 1150 2254 ἐγὼ,
1190 2185 1308 2238 ἐκεῖ
1337 2183 1432 2235 καὶ
1475 2183 1506 2236 6
1539 2181 1782 2243 διάκονος

1888 2184 2124 2255 quisque
2154 2184 2298 2239 sicut
2329 2183 2832 2254 accepitgra'tiam,
2855 2183 2911 2238 in
2934 2182 3266 2238 alterutrum
3317 2183 3468 2237 illam

197 2279 232 2328 ὁ
263 2278 398 2346 ὲμδς
426 2276 577 2330 ἔσται
597 2293 611 2307 ·
643 2277 736 2330 ἐὰν
764 2275 886 2346 ἐμοί
911 2293 992 2340 τις
1031 2274 1289 2344 διακονῇ,
1317 2274 1540 2345 τιμήσει
1566 2271 1729 2326 αὐτὸν
1754 2271 1782 2324 6

1889 2273 2345 2330 administrantes
2363 2276 2445 2329 ’δε
2508 2294 2527 2326 ι
2564 2274 2821 2330 inducit:
2857 2294 2876 2326 ‹
2917 2273 2975 2330 Si
3006 2276 3133 2345 quis
3166 2275 3469 2344 ministrat,

198 2368 400 2436 Πατήρ
431 2385 552 2439 μου.
584 2387 602 2420 ι
619 2369 731 2420 Καὶ
751 2367 911 2420 πάλιν
927 2382 940 2395 ⁶
984 2366 1130 2434 Ἐγὼ
1151 2365 1221 2420 δέ
1237 2368 1353 2436 εἰμι
1375 2364 1628 2434 ἐνμέσῳ
1646 2363 1726 2430 ὡς
1750 2364 1782 2418 ό

1892 2374 2152 2437 tanquam
2183 2383 2250 2422 ex
2285 2368 2490 2422 virtute
2521 2384 2685 2437 quam
2715 2367 3068 2423 administrat
3093 2369 3261 2433 Deus,
3315 2376 3376 2423 ut
3412 2369 3469 2423 in

202 2458 528 2515 διακονῶν.
558 2479 576 2513 ι
605 2491 674 2501 -
700 2479 716 2510 ι
749 2459 859 2513 Καὶ
887 2459 996 2531 γὰρ
1021 2461 1049 2512 6
1080 2457 1206 2521 Υίδς
1229 2455 1324 2510 τοῦ
1357 2454 1646 2527 ἀνθρώπου
1684 2455 1782 2507 οὐκ

1888 2459 2146 2516 omnibus
2165 2459 2568 2515 hunorificetur
2596 2460 2741 2515 Deus
2771 2476 2869 2530 per
2892 2460 3186 2516 Dominum
3215 2470 3468 2516 nostrum

201 2547 372 2623 ἦλθεν
401 2551 808 2623 διακονηθῆναι,
843 2550 980 2604 ἀλλὰ
1004 2549 1324 2619 διακονῆσαι
1357 2548 1454 2601 καὶ
1480 2547 1667 2601 δοῦναι
1689 2545 1782 2617 τὴν

1888 2551 2074 2608 Iesum
2095 2551 2379 2607 Christum
2397 2552 2465 2606 ³³.
2505 2571 2523 2604 ι
2565 2551 2662 2607 llis
2695 2553 2942 2610 concinit
2964 2553 3262 2609 Dominus:
3316 2575 3334 2606 ι
3364 2553 3470 2622 Qui

201 2641 386 2714 ψυχὴν
415 2642 581 2696 αὐτοῦ
613 2641 807 2712 λύτρον
856 2639 981 2695 ἀντὶ
1029 2639 1263 2694 πολλῶν.
1325 2656 1344 2689 ι
1385 2636 1544 2694 Δύτῶ
1579 2637 1616 2710 ή
1658 2635 1782 2702 δόξα

1888 2640 2024 2695 mihi
2043 2639 2343 2706 ministrat,
2377 2657 2464 2696 me
2489 2651 2778 2712 sequatur,
2813 2651 2870 2697 et
2893 2643 2986 2698 ubi
3018 2658 3139 2698 sum
3168 2659 3292 2714 ego,
3353 2643 3472 2700 illic

200 2734 288 2796 είς
324 2734 449 2796 τοὺς
479 2733 705 2798 αἰῶνας.
753 2734 950 2805 Ἀμήν.

1888 2740 1946 2788 et
1968 2733 2222 2790 minister
2237 2748 2398 2788 meus
2428 2735 2559 2789 erit.
2597 2735 2654 2790 Si
2689 2735 2816 2805 quis
2840 2735 3258 2804 ministraverit,
3295 2737 3476 2793 hono-

201 2827 447 2884 riﬁcabit
475 2843 603 2884 eum
647 2830 810 2885 Pater
856 2844 1013 2884 meus
1066 2829 1132 2884 ³⁸.
1159 2846 1177 2880 ι
1211 2828 1418 2883 lterum
1475 2843 1490 2881 :
1529 2844 1548 2879 ι
1581 2827 1697 2898 Ego
1720 2835 1908 2884 autem
1943 2828 2002 2884 in
2029 2829 2217 2885 medio
2251 2839 2498 2886 vestrum
2519 2847 2664 2897 sum,
2691 2832 2837 2888 sicut
2870 2833 2964 2903 qui
3005 2833 3284 2888 ministrat
3331 2835 3408 2890 ’τι
3444 2853 3469 2890 ι

201 2952 283 2965 -
316 2943 334 2976 ι
379 2925 594 2980 Etenim
623 2925 797 2982 Filius
831 2925 1075 2980 hominis
1096 2940 1208 2979 non
1239 2923 1394 2978 venit
1413 2923 1742 2989 ministrari,
1777 2922 1873 2980 sed
1913 2923 2254 2990 ministrare,
2285 2934 2340 2981 et
2371 2926 2501 2982 dare
2548 2927 2788 2981 animam
2824 2941 2980 2982 suam
3032 2926 3474 2999 redemptionem

201 3031 315 3089 pro
362 3018 630 3073 multis”.
677 3037 696 3071 ι
734 3019 844 3091 lpsi
891 3019 1066 3090 gloria
1133 3019 1190 3076 in
1241 3020 1440 3076 sacula
1495 3019 1846 3077 saculorum.
1883 3019 2078 3076 Amen.

810 3134 1030 3188 ΛΟΓΟΣ
1066 3133 1194 3188 ΠΘ’.

2373 3134 2658 3191 HOMILIA
2697 3134 2986 3191 LXXXIX.
3048 3111 3052 3114 ’

682 3247 822 3317 Περὶ
868 3248 1318 3318 ἀκτημοσύνης.

301 3361 365 3414 Ἥ
403 3361 756 3435 ἀκτημοσύνη
786 3362 1053 3436 εἰλικρινῆ
1096 3362 1198 3435 τὴν
1239 3357 1520 3416 πολιτείαν
1558 3361 1654 3416 τοῦ
1687 3380 1780 3432 μο⁸

203 3453 376 3525 ναχοῦ
407 3453 810 3509 ἀποδείκνυσιν.
859 3455 1147 3528 ’Δκτήμων
1179 3452 1408 3525 μοναχὸς
1430 3452 1589 3518 ἀετὸς
1614 3453 1789 3526 ὑπάρ-

205 3563 298 3616 χει
348 3545 637 3616 ὑψιπέτης.
677 3547 964 3617 Ἀκτήμων
1033 3546 1268 3617 μοναχδς
1330 3543 1620 3616 ἐλεύθερος
1675 3546 1784 3599 τῶν

203 3638 406 3708 ὀλίγων
436 3639 606 3704 ἐστὶν,
639 3639 726 3692 ἵνα
777 3640 834 3692 ὲν
879 3639 1182 3694 ἀπολαύσει
1215 3639 1324 3694 τῶν
1359 3640 1569 3694 πολλῶν
1623 3641 1786 3712 γένη-

205 3748 323 3785 ται.
391 3732 680 3803 ’Δκτήμων
730 3730 1010 3804 [μοναχδς]
1056 3732 1343 3788 ἐπίσταται
1388 3734 1474 3787 ὅτι
1521 3733 1788 3806 πάροικός

206 3825 360 3875 ἐστιν
415 3824 505 3876 ἐπὶ
556 3826 655 3894 τῆς
701 3823 826 3894 γῆς.
872 3823 1052 3894 Μηδὲν
1100 3824 1208 3898 γὰρ
1251 3825 1646 3898 ἐπιφερόμενος
1690 3823 1786 3878 τοῦ

206 3915 546 3988 προσκαίρου
581 3916 798 3980 αἰῶνος,
830 3915 989 3986 δῆλός
1026 3917 1174 3970 ἐστιν
1201 3917 1282 3972 ὅτι
1313 3919 1424 3972 τῶν
1453 3918 1638 3972 ἀϊδίων
1663 3917 1787 3990 ὀρέ-

205 4025 366 4078 γεται
422 4008 665 4078 ἀγαθῶν.
716 4009 776 4061 '0
833 4008 1119 4079 ἀκτήμων,
1157 4010 1400 4082 μιμητὴς
1458 4011 1640 4066 Ἡλίου
1691 4009 1787 4064 καὶ

222 4099 470 4153 Ἰωάννου
525 4101 861 4170 εὑρίσκεται,
917 4103 1012 4155 καὶ
1060 4102 1167 4155 τῶν
1217 4102 1485 4170 λεγόντων
1510 4119 1525 4134 ’
1567 4121 1588 4156 ‹
1652 4103 1784 4156 ’ἰδοὺ

205 4190 368 4258 ἡμεῖς
408 4190 706 4259 ἀφήκαμεν
735 4191 933 4253 πάντα,
973 4193 1067 4244 καὶ
1100 4191 1555 4263 ἠκολουθήσαμέν
1584 4209 1700 4246 σοι·
1732 4193 1786 4246 τί

206 4280 318 4350 ἄρα
355 4279 507 4334 ἔσται
542 4281 714 4352 ήμῖν;
756 4299 774 4332 ι
811 4279 922 4334 Καὶ
952 4279 1246 4334 ἀκούσουσι
1294 4279 1446 4352 παρά
1473 4278 1567 4334 τοῦ
1598 4280 1785 4352 Σωτῆ-

210 4389 303 4444 ρος
325 4388 341 4404 ο
379 4392 396 4424 ι
438 4373 560 4426 Ὅτι
597 4373 755 4446 ὑμεῖς
792 4373 841 4426 oi
865 4373 1090 4442 ἀφέντες
1124 4373 1320 4440 πάντα,
1357 4372 1455 4427 καὶ
1487 4371 1786 4444 ἀκολουθή-

2522 3247 2602 3302 De
2639 3248 2843 3318 inopia.

1956 3365 2304 3423 Facultatum
2340 3361 2586 3418 omnium
2612 3361 2890 3432 possessio
2940 3361 3191 3434 ablegata
3224 3363 3392 3418 semel
3443 3379 3474 3420 a

1887 3459 2150 3530 quopiam
2184 3466 2244 3514 et
2273 3471 2506 3512 excussa
2534 3455 2673 3510 nihil
2701 3455 2938 3511 obscure
2979 3455 3227 3511 declarat
3276 3471 3474 3528 synec-

1887 3567 2008 3607 ram
2055 3565 2178 3606 esse
2232 3547 2492 3606 monachi
2539 3548 3040 3604 conversationem.
3102 3548 3208 3615 Qui
3259 3550 3472 3605 nullum

1887 3643 2140 3715 possidet
2193 3640 2477 3713 peculium
2517 3641 2846 3710 monachus,
2872 3643 3055 3712 aquila
3093 3651 3180 3698 est
3225 3644 3470 3700 altivola.

1887 3735 2053 3806 Inops
2076 3731 2407 3797 monachus,
2431 3732 2574 3787 liber
2597 3733 2659 3787 fit
2692 3748 2992 3803 paucorum
3025 3751 3151 3802 usu,
3185 3743 3247 3791 ut
3271 3753 3470 3808 quam-

1886 3826 2143 3897 plurimis
2176 3824 2516 3896 perfruatur.
2557 3825 2660 3892 Qui
2701 3825 2918 3896 peculio
2943 3828 3096 3882 exuit
3145 3844 3225 3894 se,
3279 3830 3472 3900 utique

1886 3917 2047 3972 novit
2077 3917 2207 3986 quia
2238 3914 2548 3985 inquilinus
2579 3923 2663 3968 est
2692 3925 2749 3970 et
2771 3913 2982 3971 advena
3009 3933 3179 3988 super
3223 3928 3468 3976 terram:

1885 4027 1954 4066 ex
1993 4025 2061 4065 eo
2095 4009 2244 4064 enim
2271 4007 2417 4080 quod
2453 4007 2591 4062 nihil
2623 4006 2946 4065 circumfert
2975 4025 3164 4066 secum
3207 4012 3290 4067 rei
3327 4021 3470 4071 tem-

1886 4105 2124 4176 poraria
2143 4119 2208 4160 ac
2239 4101 2544 4168 sacularis,
2573 4118 2673 4173 per
2703 4102 2812 4158 hoc
2827 4103 3016 4174 prodit
3043 4118 3101 4158 se
3129 4104 3468 4176 sempiterna

1887 4196 1981 4251 illa
2009 4204 2294 4266 expetere.
2331 4195 2433 4264 Qui
2466 4211 2525 4251 se
2553 4195 2707 4250 exuit
2735 4196 3085 4266 possessione
3112 4196 3464 4263 facultatum,

1885 4287 2058 4342 Helia
2094 4287 2435 4357 comperitur
2481 4302 2605 4342 esse
2655 4286 2923 4354 imitator,
2971 4287 3198 4344 Joannis
3230 4288 3362 4345 item
3409 4299 3466 4346 et

1885 4393 2079 4435 eorum
2112 4377 2208 4448 qui
2257 4377 2452 4432 dicunt
2478 4394 2493 4433 :
2523 4397 2540 4429 ι
2571 4378 2713 4432 Ecce
2744 4393 2846 4433 nos
2893 4377 3221 4448 reliquimus
3278 4379 3466 4435 omnia

211 4465 401 4527 σαντές
437 4481 548 4536 μοι,
602 4483 622 4516 ι
665 4464 1104 4519 πολλαπλασίονα
1140 4463 1378 4536 λήψεσθε
1422 4464 1480 4518 ὲν
1513 4463 1591 4535 τῷ
1624 4463 1782 4520 αἰῶνι

1888 4482 1942 4528 et
1973 4470 2148 4527 secuti
2180 4463 2374 4526 sumus
2404 4479 2456 4525 te
2484 4488 2496 4524 :
2524 4470 2659 4540 quid
2701 4484 2835 4541 ergo
2866 4469 2975 4525 erit
3005 4469 3166 4525 nobis
3186 4469 3268 4523 ”?
3305 4489 3323 4523 ι
3358 4471 3465 4538 Qui

205 4555 400 4627 τούτῳ,
433 4558 528 4609 καὶ
557 4559 615 4609 ὲν
645 4556 722 4627 τῷ
759 4557 1006 4626 μέλλοντι
1038 4555 1185 4623 ζωὴν
1223 4554 1464 4612 αἰώνιον.
1512 4556 1569 4610 '0
1604 4557 1780 4627 ἀκτή-

209 4665 346 4718 μων,
383 4648 477 4702 ὲπί
509 4648 612 4718 γῆς
656 4648 754 4718 μὲν
791 4646 1160 4711 πολιτεύεται,
1187 4645 1285 4718 τὴν
1311 4645 1366 4700 δὲ
1397 4646 1682 4718 διατριϐήν
1721 4647 1780 4699 ὲν

1886 4564 2046 4630 tales,
2101 4564 2172 4620 ab
2237 4563 2359 4634 ipso
2413 4562 2609 4618 salutis
2659 4570 2864 4618 nostra
2915 4561 3144 4618 Vindice
3187 4562 3462 4618 audiunt:

1892 4656 2078 4724 «Quia
2101 4672 2202 4712 vos
2236 4655 2332 4726 qui
2371 4654 2676 4724 reliquistis
2729 4654 2916 4708 omnia
2979 4662 3037 4708 et
3099 4655 3276 4709 secuti
3330 4654 3465 4710 estis

205 4738 454 4808 οὐρανοῖς
503 4739 792 4808 κέκτηται.
827 4738 925 4790 Διά
965 4736 1076 4807 γάρ
1108 4737 1207 4807 τῆς
1253 4735 1641 4807 ἁκτημοσύνης
1668 4737 1781 4798 τοῖς

1888 4766 1975 4806 me
1995 4749 2064 4816 “,
2110 4770 2130 4804 ι
2167 4748 2499 4819 multiplicia
2526 4747 2812 4818 accipietis
2841 4747 2897 4801 in
2928 4747 3133 4802 saculo
3165 4747 3294 4813 isto,
3325 4755 3382 4801 et
3405 4747 3464 4801 in

204 4829 456 4896 ἀγγέλοις
481 4829 896 4898 συναμιλλᾶται,
923 4829 1018 4882 καὶ
1041 4829 1154 4891 τοῖς
1177 4827 1409 4891 δικαίοις
1437 4827 1774 4899 συγχορεύει.

1879 4842 2071 4897 futuro
2097 4842 2266 4898 vitam
2289 4849 2576 4898 aternam.
2607 4839 2711 4906 Qui
2742 4838 2903 4909 inops
2925 4847 3033 4904 est,
3063 4853 3232 4908 super
3256 4847 3462 4893 terram

219 4922 724 4994 ’Λποστρεφόμενος
775 4922 887 4993 γὰρ
952 4921 1015 4976 τὰ
1065 4921 1305 4990 ἐπίγεια,
1357 4919 1427 4974 τὰ
1476 4919 1777 4990 ἐπουράνια

1888 4934 2110 5005 quidem
2166 4941 2456 4998 versatur,
2525 4930 3010 4987 conversationem
3059 4945 3194 4986 vero
3231 4930 3344 5000 jam
3404 4932 3462 4986 in

207 5014 560 5084 ςαντάζεται.
608 5015 720 5086 υύχ
750 5017 885 5086 ὁρᾷς
916 5014 1058 5085 πόση
1086 5013 1322 5086 διαφορά
1361 5013 1454 5066 τοῦ
1487 5013 1775 5068 ἀπολιπεῖν

1888 5027 2040 5081 nalis
2075 5025 2181 5080 sibi
2213 5023 2596 5094 comparavit:
2635 5021 2838 5092 inopia
2866 5019 3016 5077 enim
3051 5021 3272 5086 merito,
3334 5038 3462 5078 cum

205 5107 278 5159 τὰ
323 5107 682 5177 ὀλιγοχρόνια,
722 5107 819 5160 καὶ
874 5105 1025 5170 ἐντὸς
1073 5105 1330 5174 γενέσθαι
1381 5105 1490 5159 τῶν
1539 5105 1776 5159 αἰωνίων

1888 5115 2094 5188 angelis
2126 5115 2486 5188 congreditur
2529 5113 2897 5179 familiariter,
2929 5113 3102 5169 choro
3135 5122 3465 5168 accensetur

209 5198 426 5266 ἀγαθῶν
445 5214 459 5228 ⁸
511 5199 832 5252 καταλιπεῖν
877 5197 944 5252 τά
976 5198 1212 5270 φθαρτὰ,
1247 5197 1344 5253 καὶ
1370 5198 1781 5270 κληρονομῆσαι

1888 5211 2177 5279 iustorum.
2239 5207 2455 5278 1170
2499 5208 2636 5262 Dum
2691 5206 2840 5261 enim
2884 5205 3004 5261 hac
3065 5215 3352 5260 aversatur
3408 5215 3466 5261 et

207 5293 278 5346 τὰ
323 5292 609 5363 ἄφθαρτα’
663 5293 986 5348 καταλιπεῖν
1022 5293 1090 5348 τὰ
1142 5293 1218 5363 μή
1257 5294 1523 5365 ἡμέτερα,
1571 5293 1668 5347 καὶ
1723 5295 1782 5347 ὲν

1888 5295 2137 5366 repudiat
2163 5302 2406 5360 terrena,
2446 5296 2532 5351 vel
2563 5294 2680 5366 ipsa
2706 5293 3103 5366 imaginatione
3125 5294 3463 5365 colligitjam

206 5385 501 5441 ἀπολαύσει
545 5387 799 5456 γενέσθαι
849 5387 960 5440 τῶν
1009 5387 1433 5458 ἡτοιμασμένων
1481 5389 1594 5450 τοῖς
1645 5387 1782 5455 ἀγα-

1880 5395 1939 5442 et
1971 5387 2380 5458 contemplatur
2402 5387 2671 5444 caelestia.
2704 5387 2826 5444 Non
2857 5385 3017 5443 vides
3061 5395 3272 5457 quanto
3315 5387 3464 5442 inter

208 5477 351 5532 πῶσι
378 5479 466 5532 τὸν
503 5479 633 5533 Θεόν
654 5498 666 5512 ·
699 5479 1044 5551 [καταλιπεῖν
1076 5480 1140 5534 τὸ
1163 5480 1354 5551 ὁρατὰ,
1380 5478 1683 5549 λαμϐάνειν
1710 5478 1779 5532 τά

1888 5495 1940 5535 se
1968 5480 2273 5536 dissideant
2295 5480 2640 5546 discrimine,
2666 5480 2783 5536 hac
2821 5477 3140 5536 corruntiva
3161 5477 3462 5547 dimisisse,

279 5636 321 5705 ξε
342 5633 384 5688 11
411 5633 539 5688 Cor.
575 5651 646 5698 vt,
676 5636 791 5690 2-7.
869 5635 913 5667 ”
937 5635 1139 5705 Ephes.
1162 5638 1294 5703 vr,6,
1323 5634 1378 5688 7.
1396 5635 1476 5690 ³’³1
1498 5634 1625 5691 (Lor.
1657 5650 1747 5696 xv,
1771 5635 1858 5690 58.
1938 5635 1979 5667 ³¹
2011 5635 2053 5689 11
2078 5635 2218 5691 Tim.
2256 5651 2329 5697 IV,
2360 5635 2412 5689 5.
2491 5634 2534 5668 "
2557 5634 2717 5688 Rom.
2739 5649 2827 5705 xv,
2854 5634 2942 5688 51.
2988 5633 3068 5705 __”
3091 5629 3258 5705 Hebr.
3281 5627 3461 5705 v1.29.

205 5703 574 5774 ³Ῥί,Ροιι-.ιν,
603 5705 685 5759 10.
762 5707 805 5739 ³⁵
846 5703 995 5763 ibid.
1022 5708 1105 5761 ll.
1185 5708 1229 5739 ³⁸
1252 5707 1408 5762 Joan.
1431 5722 1526 5773 xu,
1560 5706 1650 5762 ‘26.
1727 5708 1769 5740 ⁸⁷

1888 5720 1930 5761 c.
1956 5723 2087 5774 XX“,
2123 5706 2212 5760 27.

203 5771 258 5808 “
287 5773 420 5830 Luc.
451 5789 599 5838 xvnl,
622 5774 711 5830 28.

526 5865 794 5930 PATROL.
838 5871 954 5931 GR.
1003 5871 1340 5938 LXXXIX,

2325 5706 2368 5740 ³⁸
2400 5705 2598 5760 Matth.
2623 5721 2714 5774 xx,
2736 5697 2826 5760 28.
2933 5703 3176 5758 "Matth.
3208 5715 3297 5757 nx
3317 5739 3332 5767 ,
3367 5697 3460 5756 27.

3144 5866 3219 5926 5h
