4042 6458
231 377 383 445 1713

798 380 1131 443 HOMILIA
1167 380 1350 443 XCII.
1379 407 1448 418 -
1481 382 1945 445 CALAMITATI
1988 384 2289 445 ALIEN/E
2323 384 2947 446 COMPATIENDUM.

3378 343 3515 441 1m

228 498 484 570 κρίσεως
520 515 545 548 ι
573 496 835 565 γινώσκει
882 499 1085 569 καρδία
1136 497 1327 569 σοφοῦ,
1360 503 1455 554 καὶ
1503 501 1664 556 τοῦτο
1706 502 1834 556 ὅταν

1952 504 2149 560 .iouum
2177 510 2424 558 armatus
2459 501 2601 557 telis.
2653 518 2672 552 ι
2710 501 2954 571 Tempus
2975 496 3351 572 pacis";iuhi
3395 495 3512 551 dis-

230 587 626 658 ὲ).ευθεροῦται
655 589 755 660 τῆς
805 589 1009 661 πλάνης
1041 590 1138 645 καὶ
1165 593 1275 645 τῶν
1311 592 1500 646 παθῶν
1520 609 1535 623 ο
1567 592 1833 665 χαίρουσα

230 682 273 749 ἡ
310 680 459 750 ψυχὴ
491 679 641 748 λέγει
668 695 680 709 ·
720 699 739 733 ι
777 681 1033 752 Ἔκρινέν
1065 699 1157 750 μοι
1180 684 1209 736 6
1236 682 1389 749 Θεὸς,
1420 683 1654 737 ἀπὸτοῦ
1685 686 1837 739 ἀντι-

230 772 399 825 δίκου
451 790 576 842 μου,
610 772 692 826 ὅτι
745 776 911 826 παντὶ
958 773 1251 846 πράγματι
1305 775 1454 830 ἔστιν
1504 775 1694 847 καιρὸς
1740 776 1837 830 καὶ

232 862 452 931 κρίσις,
499 862 594 915 καί
621 862 927 934 ἀπάντημα
975 864 1034 917 ἓν
1082 866 1477 937 συναντήσεται
1522 868 1637 931 τοῖς
1670 869 1835 923 πᾶσιν

234 954 458 1016 αὐτοῖς.
497 973 510 1005 ι
546 955 658 1008 Kal
696 954 856 1008 τοῦτο
900 957 1031 1028 περὶ
1062 957 1162 1027 τῆς
1191 956 1456 1029 τελευτῆς
1489 958 1583 1013 τοῦ
1619 958 1834 1033 ἀνθρώ-

236 1060 356 1096 που
399 1044 573 1111 λέγει,
613 1043 700 1096 διὰ
742 1043 806 1097 τὸ
851 1043 1052 1116 ἄδηλον
1096 1044 1191 1099 τοῦ
1237 1046 1376 1117 βίου.
1431 1047 1660 1116 Ἐπάγει
1704 1048 1833 1121 γὰρ,

245 1151 272 1184 ι
309 1135 440 1187 ’Ὁτι
471 1134 572 1186 οὐκ
605 1132 748 1202 ἔγνω
776 1133 1069 1207 ἄνθρωπος
1096 1138 1188 1190 τδν
1231 1137 1427 1209 καιρὸν
1460 1137 1646 1203 αὐτοῦ,
1677 1138 1752 1202 ὡς
1787 1139 1837 1191 οἱ

242 1225 441 1296 ἰχθύες
469 1227 519 1279 οί
550 1226 910 1299 θηρευόμενοι
937 1231 995 1282 ἐν
1015 1229 1469 1302 ἀμφιϐλήστρῳη
1495 1231 1605 1284 Καὶ
1638 1227 1795 1295 αὖθις
1817 1249 1831 1262 ·

250 1338 274 1372 ο
330 1316 486 1372 Εἶδον
516 1319 694 1374 πάντα
727 1320 824 1375 τὸν
875 1324 1259 1395 περισσασμὺν
1291 1305 1351 1377 δν
1385 1323 1587 1378 ἔδωκεν
1633 1325 1663 1378 6
1706 1324 1840 1390 Θεὸς

238 1413 365 1475 τοῖς
398 1413 535 1474 υἱοῖς
566 1412 673 1466 τῶν
702 1413 1027 1486 ἀνθρώπων,
1050 1418 1111 1470 τὸ
1134 1415 1503 1486 περισσᾶσθαι
1532 1417 1593 1470 ἐν
1612 1416 1781 1488 αὐτῷ.
1813 1438 1833 1471 ι

242 1500 328 1557 Τὸ
358 1504 416 1557 δὲ
446 1505 693 1568 ἔδωκεν,
732 1506 855 1559 ἀντὶ
883 1506 1000 1571 τοῦ,
1035 1506 1485 1577 συνεχώρησεν,
1518 1509 1837 1583 ἐκληπτέον.

243 1593 441 1645 Καλὸν
468 1588 581 1659 οὗν,
614 1595 705 1647 καὶ
733 1596 1097 1676 εύαπόδεκτόν
1141 1599 1295 1652 ἐστιν
1318 1600 1493 1654 ποιεῖν
1518 1596 1583 1655 τὸ
1608 1601 1836 1673 εἰρημέ-

242 1701 366 1738 νον.
402 1685 689 1740 Ἔστωσαν
717 1687 847 1760 γὰρ,
878 1688 1035 1758 φησι,
1063 1690 1121 1743 ἐν
1151 1689 1317 1744 παντὶ
1345 1691 1523 1763 καιρῷ
1551 1692 1621 1747 τὰ
1651 1692 1842 1762 ἱμάτιά

247 1793 351 1829 σου
383 1776 573 1842 λευκὰ,
602 1778 696 1833 καὶ
726 1779 906 1834 ἔλαιον
930 1780 1031 1836 ἐπὶ
1052 1783 1152 1853 τῆς
1182 1782 1427 1853 κεφαλῆς
1454 1800 1548 1836 σου
1581 1783 1657 1855 μὴ
1685 1784 1842 1837 ὑστε-

1935 612 2094 653 cussa
2125 595 2495 651 teutationum
2534 594 2703 660 nube,
2737 591 3012 653 serenitas
3060 604 3274 645 amoena
3315 587 3516 645 divinae

1935 688 2126 759 gratiae
2153 685 2382 757 aﬂ‘ulget
2397 693 2454 741 et
2509 682 2849 749 iuclarcscit,
2879 681 3209 737 incredibile
3252 678 3517 750 gaudium

1936 779 2188 834 inserens
2248 776 2465 833 animae.
2532 795 2550 828 ι
2607 776 2854 846 Tempus
2899 772 3099 845 iudicii
3140 790 3158 823 ι
3216 770 3375 825 novit
3421 782 3518 823 cor

1937 870 2224 941 sapientis,
2254 869 2422 940 idque
2452 883 2580 924 cum
2614 883 2644 923 a
2666 868 2815 922 lucta
2839 881 2904 921 ae
2937 863 3227 933 multiiuga
3278 860 3515 929 impres-

1938 957 2094 1013 sione
2123 957 2435 1027 passionem
2457 956 2842 1025 emancipatur
2869 953 3052 1008 anima
3073 959 3134 1015 et
3154 951 3424 1007 asseritur
3459 948 3515 1003 in

1936 1046 2281 1103 libertatem:
2316 1045 2519 1118 gaudio
2538 1045 2688 1101 enim
2728 1044 2956 1115 perfusa
2978 1043 3151 1098 dicit:
3185 1061 3204 1094 ι
3238 1039 3518 1097 Judicavit

1939 1138 1997 1193 in
2025 1154 2114 1194 me
2142 1139 2290 1194 Deus
2317 1138 2387 1194 de
2427 1136 2749 1192 adversario
2791 1150 2937 1191 meo.
2988 1133 3202 1204 Cuique
3230 1131 3395 1203 enim,
3436 1129 3521 1186 rei
3568 1194 3577 1199 _

1938 1230 2245 1300 praestituta
2278 1238 2415 1285 sunt
2438 1238 2497 1284 et
2537 1237 2756 1298 tempus
2775 1233 2833 1281 et
2855 1217 3244 1297 judicium"t;
3268 1231 3325 1279 et
3375 1235 3523 1277 unus

1940 1322 2196 1392 idemque
2225 1336 2490 1377 occursus
2522 1327 2785 1375 occurret
2815 1318 3082 1375 omnibus
3109 1315 3198 1370 his
3291 1330 3306 1367 :
3344 1332 3362 1365 ι
3414 1312 3524 1368 hoc

1940 1412 2163 1468 dicitde
2201 1412 2445 1467 hominis
2489 1418 2690 1475 morte,
2740 1417 2969 1479 propter
3008 1407 3135 1462 vita:
3175 1403 3524 1460 incertitudi-

1940 1520 2092 1560 nem.
2155 1503 2374 1559 lnducit
2425 1502 2611 1560 enim:
2667 1522 2687 1555 ι
2743 1502 2885 1570 Quia
2936 1502 3116 1557 nescit
3158 1500 3325 1554 homo
3387 1506 3525 1552 tem-

1943 1597 2105 1666 pus"
2134 1615 2152 1648 ι
2183 1611 2367 1660 suum,
2397 1595 2542 1651 sicut
2562 1594 2915 1666 pisces.capti
2936 1592 3234 1648 verriculo.
3270 1591 3520 1644 Rursus:

1951 1705 1968 1736 ι
2004 1686 2179 1742 Vidit'
2206 1701 2429 1741 omnem
2495 1674 2920 1755 occupationem
2959 1696 3126 1753 quam
3177 1680 3333 1734 dedit
3380 1679 3527 1732 Deus

1944 1778 2073 1833 ﬁliis
2116 1778 2425 1843 hominum,
2454 1784 2517 1832 ut
2544 1782 2957 1847 occuparentur
3007 1774 3065 1829 in
3109 1787 3175 1828 ea
3195 1772 3262 1825 7’.
3290 1789 3309 1822 ι
3360 1767 3523 1831 Illud.

247 1869 502 1941 ρησάτω.
523 1890 542 1923 ι
573 1872 889 1938 Τουτέστιν,
912 1876 977 1928 Αἱ
1006 1873 1108 1944 μὲν
1139 1874 1367 1947 πράξεις
1395 1876 1492 1947 τῆς
1513 1875 1695 1948 ψυχῆς
1719 1893 1837 1944 σου,

1952 1868 2161 1936 ἔδωκεν,
2197 1868 2395 1934 dedit,
2456 1868 2614 1924 venit
2667 1866 3059 1939 exponendum
3128 1879 3230 1934 pro
3290 1859 3528 1931 συνεχώ·

244 1963 352 2014 καὶ
385 1960 480 2016 τοῦ
512 1962 767 2034 σώματος
811 1964 900 2020 διὰ
948 1966 1151 2030 παντὸς
1180 1965 1426 2022 ἔστωσαν
1474 1967 1710 2038 καθαραὶ
1745 1969 1841 2022 καὶ⁸

246 2051 498 2123 ἄμωμοι.
526 2054 685 2126 nam
715 2054 771 2109 δέ
791 2057 857 2127 τῇ
881 2055 1109 2127 δυνάμει
1137 2074 1253 2124 σου,
1276 2056 1337 2111 τὸ
1362 2056 1539 2111 ἔλαιον
1571 2057 1672 2129 τῆς
1690 2058 1844 2129 ἐλεη-

249 2143 503 2215 μοσύνης
528 2145 615 2199 διὰ
646 2145 755 2199 τῶν
808 2148 1055 2222 πενήτων
1089 2147 1279 2219 ἐπίχεε
1324 2148 1419 2202 ἐπ)⁵
1452 2148 1551 2219 τὴν
1600 2150 1842 2222 κεφαλήν

249 2252 355 2289 σου
369 2238 620 2307 Χριστόν.
636 2238 807 2301 Αὐτὸς
824 2219 937 2311 ἰγάρ
954 2240 1110 2312 ήμῶν
1125 2242 1158 2312 ή
1176 2240 1409 2310 κεφαλὴ,
1429 2240 1657 2310 λέγων’(
1691 2219 1845 2313 Ἐμοὶ

248 2328 550 2398 ἐποιήσατε
560 2329 661 2382 ὅσα
676 2331 790 2395 τοῖς
801 2330 1108 2401 ἐλαχίστοις
1124 2334 1238 2396 τοῖς
1259 2333 1510 2402 ἀδελφοῖς
1534 2350 1634 2403 μου
1659 2333 1847 2405 ἐποιή-

256 2434 414 2473 σατε.
437 2438 456 2470 ι
479 2420 589 2473 Καὶ
620 2420 707 2475 διὰ
740 2422 833 2476 τοῦ
849 2423 1093 2488 Ἡσαΐου,
1117 2443 1136 2475 ι
1158 2424 1351 2495 Καιρῷ
1374 2423 1547 2495 δεκτῷ
1566 2424 1849 2494 ἐπήκουσά

257 2523 394 2574 σου,
438 2510 533 2563 καὶ
577 2512 837 2583 ἐνήμέρᾳ
877 2513 1151 2585 σωτηρίας
1188 2514 1465 2586 ἐϐοήθησά
1513 2530 1616 2568 σοι.
1660 2532 1680 2567 ι
1716 2514 1846 2569 Ὅτε

256 2594 356 2653 οὖν
381 2596 543 2672 ἦλθεν
588 2604 615 2656 ὁ
641 2602 827 2669 δεκτὸς
869 2604 1079 2677 καιρὸς,
1111 2605 1208 2659 καὶ
1236 2607 1270 2678 ἡ
1316 2607 1500 2677 ἡμέρα
1530 2606 1634 2677 τῆς
1673 2624 1850 2679 σωτη-

257 2692 387 2762 ρίας
430 2691 588 2764 ήμῶν
632 2695 665 2764 ὴ
716 2695 900 2765 χάρις,
946 2695 1135 2750 τοῦτον
1178 2699 1208 2750 6
1262 2698 1588 2763 ’Δπόστολος
1618 2716 1849 2770 φανερο-

257 2786 440 2837 ποιῶν
470 2785 561 2839 τὸν
593 2789 803 2858 καιρὸν,
834 2787 1017 2858 λέγει’
1050 2806 1070 2840 ι
1119 2789 1249 2843 Ἰδοὺ
1280 2788 1374 2844 νῦν
1396 2791 1587 2866 καιρὸς
1613 2792 1849 2863 εὐπρόσ-

256 2874 477 2942 δεκτος,
508 2878 619 2932 ἰδοὺ
647 2878 741 2933 νῦν
773 2879 957 2953 ήμέρα
989 2881 1291 2953 σωτηρίας,
1339 2883 1610 2955 μηδεμίαν
1655 2885 1715 2938 ἐν
1748 2902 1849 2957 μη-

252 2966 380 3022 δενὶ
405 2968 638 3034 διδόντες
666 2973 973 3045 προκοπὴν,
1007 2974 1097 3028 ἴνα
1123 2975 1198 3045 μὴ
1228 2975 1467 3048 μωμηθῇ
1506 2979 1540 3048 ἡ
1567 2976 1811 3032 διακονία
1829 2994 1846 3011 ο

255 3056 405 3110 ἀλλά
435 3058 611 3114 πάντα
641 3061 991 3133 εὐσχημόνως
1031 3064 1126 3118 καὶ
1170 3066 1312 3121 κατὰ
1346 3066 1500 3132 τάξιν
1529 3068 1781 3137 γινέσθω.
1824 3088 1843 3121 ι

260 3148 436 3203 ’Ὅθεν
470 3152 565 3205 καὶ
612 3154 640 3206 6
682 3153 883 3224 Κύριος
913 3154 1104 3211 τοῦτον
1131 3156 1414 3225 δεικνύων,
1450 3159 1849 3230 ἐγκαλούμενος

1951 1979 2105 2032 ρησε,
2135 1960 2411 2031 permisit.
2459 1959 2742 2016 Profuerit
2782 1959 2950 2030 igitur
2980 1958 3099 2030 (sed
3143 1964 3202 2012 et
3248 1971 3339 2011 res
3379 1969 3530 2011 com-

1947 2053 2303 2109 mendatione
2339 2068 2466 2108 cum
2494 2052 2691 2123 primis
2714 2050 2902 2122 digna)
2934 2057 2996 2106 ut
3018 2049 3163 2121 quod
3182 2049 3393 2105 dictum
3419 2055 3527 2112 est,

1948 2143 2291 2215 implendum
2313 2158 2613 2211 curemus;
2642 2158 2844 2213 nempe
2870 2141 3005 2197 illud
3040 2159 3054 2195 :
3087 2159 3106 2192 ‹
3143 2140 3267 2197 Sint
3299 2140 3356 2194 in
3379 2139 3530 2195 omni

1953 2246 2200 2308 tempore
2267 2236 2599 2293 vestimenta
2660 2243 2756 2290 tua
2808 2233 3081 2298 candida,
3134 2241 3191 2288 et
3231 2232 3415 2289 oleum
3473 2231 3531 2285 in

1952 2331 2132 2401 capite
2167 2336 2263 2385 tuo
2292 2344 2364 2385 ne
2390 2328 2723 2385 deﬁciat'”.
2774 2346 2792 2379 ι
2834 2328 2953 2383 Hoc
2977 2336 3086 2391 est,
3122 2325 3374 2381 actiones
3404 2323 3531 2395 qui-

1952 2423 2076 2478 dem
2105 2422 2302 2478 animaa
2332 2429 2390 2476 et
2419 2420 2676 2491 corporis
2723 2419 2802 2475 tui
2832 2435 2986 2490 purae
3034 2419 3280 2475 sordium
3313 2433 3534 2487 semper

1953 2511 2068 2566 sint
2111 2519 2168 2565 et
2223 2511 2543 2582 inculpatae.
2602 2510 2767 2567 Omni
2816 2509 3051 2582 proinde
3102 2509 3291 2564 studio
3346 2508 3533 2563 oleum

1951 2603 2322 2674 eleemosyuae
2382 2611 2493 2658 tua:
2540 2618 2640 2673 per
2695 2618 3001 2673 pauperum
3057 2617 3255 2656 manus
3308 2600 3545 2656 eﬂ‘unde’

1953 2710 2122 2764 super
2166 2702 2333 2765 caput
2377 2702 2559 2762 tuum,
2592 2694 2876 2751 Christum
2907 2694 3192 2750 videlicet.
3233 2694 3355 2764 Ipse
3382 2694 3534 2749 enim

1954 2795 2121 2858 caput
2157 2795 2411 2842 nostrum
2448 2794 2537 2843 est
2577 2786 2674 2856 qui
2706 2785 2876 2842 dicit:
2919 2806 2939 2840 ι
2970 2786 3105 2841 Mihi
3134 2786 3345 2842 fecistis
3381 2801 3537 2857 quaa~
3606 2851 3611 2856 ε

1956 2894 2176 2949 cunque
2196 2877 2464 2935 fratribus
2499 2878 2640 2933 meis
2670 2877 2916 2933 minimis
2950 2877 3242 2933 fecistis".
3283 2896 3304 2929 ι
3342 2878 3411 2932 Et
3434 2891 3539 2948 per

1955 2968 2179 3024 Isaiam:
2213 2987 2231 3020 ι
2249 2968 2522 3039 Tempore
2546 2975 2775 3039 accepto
2800 2968 3057 3024 exaudivi
3082 2978 3158 3034 te,
3180 2977 3236 3024 et
3254 2969 3314 3023 in
3337 2967 3429 3023 die
3451 2982 3550 3023 sa-.

1954 3059 2089 3115 lutis
2109 3059 2300 3115 audivi
2319 3068 2374 3115 te
2397 3061 2466 3115 ει.
2500 3079 2518 3113 ι
2550 3060 2697 3117 Sane
2723 3068 2943 3132 tempus
2966 3061 3107 3117 illud
3134 3060 3215 3118 sic
3239 3067 3537 3132 acceptum

1957 3151 2054 3207 ubi
2075 3150 2302 3208 advenit
2331 3160 2391 3207 et
2431 3152 2553 3209 dies
2585 3152 2782 3209 salutis
2834 3163 3057 3220 nostrai,
3092 3138 3292 3224 nempe
3323 3151 3536 3225 gratia:

256 3240 373 3295 ὑπὸ
419 3240 530 3295 τῶν
570 3243 973 3316 Γραμματέων,
1022 3248 1119 3302 καὶ
1162 3250 1496 3321 Φαρισαίων,
1531 3250 1619 3306 διὰ
1665 3251 1720 3307 τί
1773 3251 1847 3324 μὴ

1952 3251 2087 3300 tunc
2107 3243 2470 3315 etApostolus
2490 3246 2629 3302 illud
2642 3246 2796 3303 velut
2818 3246 3002 3303 indice
3022 3246 3376 3303 manifestius
3406 3260 3540 3317 pro-

257 3333 621 3403 νηστεύουσιν
649 3336 700 3389 οἱ
737 3338 978 3410 μαθηταὶ
1010 3339 1200 3407 αὐτοῦ,
1234 3342 1597 3413 ἐπεστόμισεν
1626 3343 1845 3411 αὐτοὺς,

256 3423 473 3492 λέγων·
508 3444 531 3478 ι
584 3426 675 3497 Μὴ
719 3427 970 3482 δύνανται
1018 3431 1067 3485 οἱ
1118 3433 1223 3485 υίοὶ
1270 3432 1365 3484 τοῦ
1412 3433 1723 3503 νυμφῶνος,
1763 3433 1849 3503 ἐφ’

254 3516 392 3568 ὅσον
420 3516 611 3586 χρόνον
644 3519 761 3586 μετ’
792 3519 971 3573 αὐτῶν
1001 3522 1029 3575 6
1054 3523 1288 3592 νυμφίος
1317 3524 1494 3585 ἐστὶν,
1528 3524 1814 3596 νηστεύειν
1833 3541 1848 3557 ·

256 3607 581 3663 ἐλεύσονται
625 3611 682 3664 δὲ
736 3612 961 3683 ἡμέραι,
1021 3614 1149 3667 ὅταν
1194 3615 1422 3687 ἀπαρθῇ
1468 3617 1563 3671 ἀπ’
1596 3616 1777 3671 αὐτῶν
1823 3617 1852 3670 6

256 3702 529 3769 νυμφίος,
582 3704 679 3757 καὶ
723 3705 845 3758 τότε
903 3707 1291 3776 νηστεύσουσιν
1339 3711 1399 3762 ἐν
1445 3709 1685 3774 ἐκείναις
1735 3711 1856 3773 ταῖς

257 3792 537 3863 ἡμέραις.
578 3814 597 3847 ι
640 3795 799 3866 Αὐτῷ
843 3798 876 3866 ή
907 3797 1033 3863 δόξα
1061 3799 1139 3868 τῷ
1169 3799 1424 3871 ἀθανάτῳ
1450 3802 1670 3872 νυμφίῳ
1712 3803 1852 3873 Χρι-

261 3880 493 3952 στῷ.τῷ
542 3883 662 3954 Θεῴ
711 3886 871 3956 ἡμῶν
909 3890 987 3952 εἰς
1033 3889 1160 3953 τοὺς
1211 3891 1415 3954 αἰῶνας
1461 3891 1573 3945 τῶν
1617 3889 1849 3945 αἰώνων.

283 3968 484 4044 Ἀμήν.

1953 3335 2112 3401 deus,
2138 3336 2219 3391 ait
2237 3352 2251 3391 :
2266 3336 2437 3394 «Ecce
2458 3354 2612 3394 nunc
2634 3346 2857 3410 tempus
2872 3339 3233 3410 acceptabile,
3253 3339 3377 3396 dies
3394 3339 3542 3395 salu-

1956 3428 2030 3485 tis
2046 3469 2062 3495 ,
2093 3428 2310 3485 nemini
2329 3429 2531 3487 dantes
2554 3431 2727 3487 ullam
2752 3431 3144 3497 oll‘ensionem,
3161 3440 3225 3488 ut
3252 3447 3366 3487 non
3388 3432 3541 3487 vitu-

1956 3512 2187 3589 peretur
2209 3518 2581 3575 ministerium
2604 3529 2880 3588 nostrum,
2903 3522 2998 3577 sed
3017 3521 3251 3577 honeste
3267 3529 3324 3577 et
3339 3535 3540 3576 secun-

1959 3610 2093 3665 dum
2136 3611 2393 3667 ordinem
2446 3613 2636 3668 omnia
2678 3613 2913 3668 ﬁant":
2944 3631 2963 3665 ι
3000 3612 3157 3669 Unde
3182 3621 3240 3667 et
3272 3612 3542 3668 Dominus

1961 3704 2069 3759 hoc
2116 3703 2299 3774 ipsum
2350 3713 2575 3775 tempus
2627 3704 2922 3770 iudicans,
2989 3716 3121 3761 cum’
3182 3712 3544 3761 accusaretur

1960 3811 1991 3851 a
2025 3794 2236 3851 Scribis
2270 3804 2326 3850 et
2350 3796 2646 3852 Pharisaeis
2685 3806 2982 3867 propterea
3013 3796 3164 3867 quod
3194 3796 3343 3852 illius
3377 3797 3545 3852 disci-

1960 3887 2077 3958 puli
2135 3886 2462 3957 neutiquam
2513 3888 2830 3960 jcjunareut
2873 3905 2888 3942 :
2932 3904 3032 3945 ora
3072 3888 3295 3944 illorum
3332 3896 3543 3945 temere

1957 3989 2014 4036 et
2039 3977 2390 4048 impudenter
2408 3978 2742 4034 oblatrantia
2757 3979 3356 4050 compescuit,dicens:
3381 4000 3400 4032 ι
3423 3982 3545 4036 Non

264 4066 640 4132 possuntiilii
658 4069 867 4138 sponsi,
901 4080 1109 4142 quanto
1133 4075 1379 4145 tbmpore
1406 4091 1644 4146 sponsus
1675 4084 1759 4131 est
1788 4088 1912 4130 cum
1938 4071 2043 4137 eis,
2058 4071 2337 4142 jejunare:
2363 4070 2591 4126 venient
2615 4080 2799 4126 autem
2823 4072 2963 4137 dies,
2985 4087 3112 4128 cum
3136 4072 3357 4129 ablatus
3374 4072 3545 4128 fuerit

263 4155 345 4209 ab
392 4157 482 4213 eis
516 4173 751 4229 Sponsus
775 4202 789 4227 ,
842 4170 975 4220 tunc
1024 4166 1352 4237 jejunabunt
1389 4169 1446 4225 in
1476 4170 1588 4226 illis
1617 4170 1816 4226 diebus
1831 4169 1898 4223 ⁸³.
1941 4184 1963 4218 ι
2010 4163 2118 4235 Ipsi
2152 4170 2356 4235 sponso
2389 4163 2689 4220 immortali
2736 4164 2960 4221 Christo
2988 4165 3103 4222 Deo
3132 4175 3324 4225 nostro
3358 4167 3551 4250 gloria.

267 4247 332 4300 in
368 4250 567 4311 saecula
592 4254 948 4310 saeculorum.
991 4257 1191 4314 Amen.

890 4368 1108 4423 ΛΟΓΟΣ
1141 4372 1254 4437 qua

704 4478 840 4545 Περὶ
873 4478 980 4533 τοῦ
1011 4482 1424 4551 συμπάσχειν.

346 4564 419 4616 Τὸ
446 4566 798 4637 συμπάσχειν
830 4569 1109 4640 ἀλλήλοις,
1141 4574 1236 4626 καὶ
1267 4576 1575 4645 συναλγεῖν,
1629 4580 1856 4651 συντρέ-

262 4673 392 4728 χειν
439 4674 521 4721 re,
549 4659 649 4711 καὶ
697 4664 1028 4734 συγκοπιᾷν,
1086 4665 1383 4737 εὐάρεστόν
1408 4669 1558 4725 ἐστιν
1605 4670 1684 4741 τῷ
1713 4671 1852 4743 Θεῷ.

259 4746 387 4802 Καὶ
416 4748 525 4818 γὰρ
577 4752 964 4824 χρεωστοῦμεν
1014 4754 1173 4809 τοῦτο
1223 4758 1485 4829 πράττειν
1534 4760 1611 4824 ὡς
1654 4761 1854 4828 δοῦλοι,

260 4838 373 4892 καὶ
427 4839 715 4911 πάρεδροι,
753 4842 847 4895 καὶ
891 4845 1162 4916 ὑπηρέται
1197 4849 1292 4903 τοῦ
1341 4849 1477 4903 Θεοῦ
1508 4851 1704 4921 Λόγου.
1737 4854 1859 4907 Ἵνα

260 4930 653 5001 εύαρέσωμεν,
677 4925 723 5001 ᾧ
746 4934 1216 5009 ἐστρατεύθημεν.
1256 4942 1376 5009 Ἀφ’
1409 4936 1469 4996 οὗ
1499 4945 1591 4997 καὶ
1617 4945 1688 4999 τὰ
1713 4945 1859 5017 ὀψώ-

260 5038 365 5078 νια
399 5022 764 5093 κομισάμεθα.
784 5025 977 5097 Ψυχὴν
1016 5029 1572 5105 ἐλεήμοναξκέκτηται
1592 5036 1620 5088 6
1638 5051 1859 5106 συμπα-

261 5112 396 5180 θής.
446 5111 504 5164 Ὀ
530 5113 639 5183 γὰρ
662 5112 762 5184 τὴν
793 5114 973 5185 ψυχὴν
1015 5118 1272 5189 τοιαύτην
1305 5120 1468 5189 ἔχων,
1504 5120 1683 5175 πάντα
1723 5123 1856 5175 ἁνα-

262 5199 470 5254 6).ύσει
503 5202 571 5255 τὰ
605 5205 764 5260 καλά.
793 5206 913 5259 Κᾶν
929 5206 1040 5278 γὰρ
1065 5210 1325 5279 χρήματα
1355 5210 1490 5281 ἔχει,
1522 5213 1822 5284 προήσεται
1845 5227 1858 5244 ⁸

264 5291 383 5348 κᾶν
447 5293 507 5346 ἐν
543 5300 848 5367 συμφοραῖς
904 5298 989 5370 ἴδῃ
1022 5298 1166 5361 τινὰ,
1233 5300 1550 5369 κλαύσεται,
1588 5304 1694 5357 κᾶν
1720 5306 1863 5375 ἐπη-

265 5380 599 5457 ρεαζομένῳ
620 5386 916 5462 περιτύχῃ,
949 5392 1105 5459 χεῖρα
1126 5391 1322 5461 ὀρέξει,
1353 5395 1445 5447 καί
1476 5395 1653 5447 οὐδενὶ
1685 5412 1867 5467 παρα-

264 5473 460 5545 λείψει
490 5476 599 5529 τῶν
636 5480 718 5544 εἰς
756 5480 919 5533 αὐτὸν
947 5482 1281 5550 φθανόντων.
1301 5484 1723 5555 Ἀγωνισώμεθα
1748 5482 1864 5553 οὖν,

263 5566 373 5622 ἵνα
464 5567 645 5632 πίστις
677 5571 855 5641 ἡμῶν,
888 5573 984 5627 καὶ
1012 5577 1044 5644 ἡ
1070 5574 1282 5645 ἀγάπη,
1305 5576 1399 5628 καὶ
1427 5577 1460 5645 ἡ
1492 5575 1758 5646 ὑπομονὴ,
1792 5577 1868 5640 ὡς

2407 4362 2624 4436 1174.
2646 4362 2932 4421 HOMlLlA
2961 4363 3126 4420 XCII.

1957 4476 2159 4534 Aliena
2174 4476 2478 4532 calamitati
2492 4478 2922 4535 indolescendum
2941 4483 3320 4554 compassionis
3339 4484 3544 4555 adiectu.

2034 4567 2115 4624 0b
2142 4569 2377 4624 alienam
2405 4569 2773 4624 calamitatem
2822 4573 2948 4643 angi
2989 4572 3197 4641 animo,
3244 4575 3549 4630 incommo-

1962 4660 2157 4730 disque
2180 4661 2559 4731 proximorum
2596 4662 2866 4718 mutuitcr
2894 4665 3311 4731 condolescere,
3344 4665 3547 4723 suﬂ'ra—

1963 4752 2079 4823 gari
2106 4753 2239 4807 item
2294 4764 2352 4808 et
2386 4752 2747 4820 collaborare,
2783 4771 2945 4825 quam
2990 4756 3064 4810 sit
3098 4757 3212 4812 Deo
3244 4758 3547 4828 gratiosum

1962 4850 2020 4897 et
2055 4851 2365 4912 acceptum,
2393 4843 2517 4913 quis
2554 4845 2830 4914 explicet?
2876 4828 2991 4902 Hoc
3015 4847 3219 4902 etenim
3282 4848 3463 4918 reipsa
3487 4859 3549 4907 ut

1964 4941 2311 5001 praestemus,
2330 4935 2415 4989 vel
2442 4934 2630 4990 debito
2679 4936 3101 5008 obstringimur,
3146 4947 3206 4993 ut
3262 4939 3357 5009 qui
3400 4941 3549 4995 serti

1965 5038 2189 5089 sumus,
2232 5041 2541 5101 assessores
2568 5034 2625 5082 et
2654 5028 2999 5084 subminislri
3032 5029 3130 5089 Dei
3158 5031 3345 5092 Verbi.
3378 5042 3439 5087 ιιι
3467 5032 3548 5093 illi

1965 5130 2069 5170 nos
2092 5117 2391 5186 probemus
2430 5117 2483 5170 in
2515 5117 2674 5187 cujus
2695 5117 3056 5174 accenturi’ati
3078 5135 3270 5176 sumus
3293 5130 3350 5175 et
3372 5122 3547 5176 ascri-

1967 5207 2049 5278 pti
2071 5208 2348 5272 militiam,
2379 5224 2408 5261 a
2434 5223 2545 5280 quo
2580 5209 2853 5264 relaturos
2895 5224 2996 5265 nos
3034 5210 3305 5281 stipendia
3336 5221 3550 5267 navata:

1969 5298 2260 5368 insigniter
2286 5314 2466 5369 operae
2496 5307 2650 5353 certo
2677 5299 2901 5356 scimus.
2949 5302 3200 5356 Animam
3252 5303 3440 5372 utique
3480 5304 3548 5358 ad

1969 5388 2147 5445 ollicia
2178 5391 2499 5446 exercenda:
2536 5393 2760 5462 pictatis
2789 5408 2918 5464 erga
2947 5393 3228 5462 proximos
3262 5394 3401 5449 mire
3446 5394 3546 5448 ha-

1967 5481 2064 5537 bet
2097 5483 2421 5552 proclivem,
2446 5484 2703 5554 quisquis
2731 5484 2812 5540 sic
2843 5484 3191 5541 condolescit
3217 5485 3410 5541 aliena:
3458 5486 3548 5541 iu-

1968 5576 2243 5633 felicitati.
2277 5577 2380 5644 Qui
2431 5578 2593 5633 talem
2622 5636 2623 5643 η
2652 5578 2897 5649 possidet
2939 5577 3202 5646 animam,
3259 5578 3398 5632 nihil
3441 5594 3548 5644 non

352 5764 396 5791 τ·
429 5761 609 5815 Ecrle.
643 5779 721 5823 nt,
765 5764 783 5817 Ι
825 5778 981 5832 scql-
1068 5764 1107 5798 "
1144 5763 1276 5818 Ῐιηοι
1337 5780 1497 5820 “m-
1560 5765 1612 5824 5°
1662 5767 1715 5831 7’
1767 5765 1822 5820 δ’

1954 5720 2161 5823 Ἐοώθ.
2205 5780 2280 5826 ιτ,
2318 5762 2403 5815 1%.
2483 5763 2531 5792 ν’
2584 5761 2768 5817 Eccle.
2830 5775 2869 5829 ι,
2910 5761 2997 5818 1⁸5.
3074 5760 3139 5793 "'
3171 5760 3349 5817 Ecclc.
3378 5774 3451 5826 tr,
3493 5757 3548 5817 8.

258 5834 321 5866 ⁸ο
359 5833 548 5887 Ῑνίιιιιιι.
579 5848 700 5901 xxv,
729 5835 818 5889 40.

897 5836 941 5867 ⁸⁸
978 5833 1081 5891 lsa.
1117 5851 1260 5900 xm,
1297 5837 1349 5889 8.
1425 5836 1469 5869 “
1499 5835 1538 5890 ll
1568 5837 1693 5893 Cor.
1738 5854 1811 5903 γι,
1848 5837 1902 5904 ‘2,
1941 5837 1993 5892 5.
2072 5838 2117 5868 ⁸³
2150 5834 2341 5890 Matth.
2374 5849 2445 5901 Ix,
2497 5833 2576 5889 15.
