4042 6444
619 331 755 398 1719

1862 331 2232 393 ANTIOCHI
2279 333 2625 395 MONACHI
3703 339 3791 405 17ἓο

613 454 785 510 mueli
823 454 893 512 de
932 453 1060 511 filiis
1093 455 1248 513 Jcsse
1275 454 1353 510 ait
1382 471 1393 508 :
1437 472 1454 503 ‹
1482 450 1560 506 Ne
1594 449 1857 520 respicias
1891 450 1948 504 in
1981 451 2196 505 vultum

2332 469 2406 505 ιου
2439 452 2532 506 τοῦ
2559 455 2618 506 ὲν
2644 453 2912 524 οὐρανοῖς,
2939 445 3094 516 οὗτός
3126 470 3230 523 μου
3255 451 3506 524 ἀδελφὸς,
3532 453 3614 506 καί
3633 453 3791 529 ἀδελφὴ,

611 559 671 604 et
696 549 764 604 ad
783 548 1221 620 magnitudinem
1235 549 1378 618 ejus,
1420 545 1550 617 quia
1580 545 1747 600 homo
1792 544 1847 598 in
1887 543 2082 598 faciem
2111 543 2198 598 vi-

613 639 790 708 debit,
834 642 981 697 Deus
1009 651 1194 708 autem
1221 642 1471 695 intuetur
1501 654 1597 696 cor
1626 638 1667 692 '.
1709 657 1725 689 ι
1750 637 1870 706 Ipse
1894 651 2057 704 porro
2085 634 2199 689 Do-

615 827 698 882 dit
725 828 803 882 illi

2310 545 2406 600 καὶ
2438 546 2621 618 μήτηρ
2658 547 2761 618 μού
2783 547 2949 600 ἐστιν.
2973 564 2992 598 ›
3013 546 3171 618 Αὑτῷ
3186 548 3221 617 ή
3252 545 3385 614 δόξα
3403 546 3485 610 είς
3512 547 3625 612 τοὺς
3644 550 3790 617 alim;

2267 659 2273 663 λ·
2305 636 2413 690 τῶν
2441 636 2674 692 αίώνων.
2722 639 2916 692 Ἀμήν.

613 657 790 708 αευιι,
835 657 981 697 υουε
1009 657 1194 708 alue")
1221 657 1471 695 tutuetur
1501 657 1597 696 COI'
1628 657 1667 692 ’.
1709 657 1725 689 Ι
1752 657 1870 706 Ipse
1894 657 2057 704 llOI'I'O
2086 657 2199 689 UU-
2267 659 2273 663 "
2305 657 2413 690 των
2441 657 2674 692 αιωνων.
2725 657 2916 708 Ἀμην.
3282 657 3289 659 ’

613 735 802 791 minus
822 751 948 791 cum
977 735 1266 806 aquodam
1298 732 1601 788 audivisset
1627 748 1639 784 :
1679 749 1698 781 ι
1740 730 1879 784 Ecce
1904 736 2082 783 mater
2104 735 2198 783 tua
2233 736 2290 783 et
2343 727 2542 785 fratres
2569 730 2648 784 tui
2681 729 2820 785 foris
2852 737 3004 785 stant
3053 738 3368 802 quaerentes
3396 737 3450 784 te

3523 768 3540 795 ,
3641 743 3802 801 respon-

895 846 909 882 :
993 826 1130 894 Quae
1160 836 1244 883 est
1275 836 1450 882 mater
1481 841 1622 890 mea,
1648 835 1705 880 et
1758 823 1851 895 qui
1892 833 2024 878 sunt
2067 823 2269 881 fratres
2297 826 2407 881 mei
2446 827 2526 880 “f
2563 845 2582 878 ›
2624 824 2877 898 Cumque
2931 828 3275 884 extendisset
3330 843 3558 884 manum
3603 843 3730 885 suam
3767 833 3805 887 in

615 918 943 990 discipulos,
975 919 1144 977 dicit:
1225 920 1367 974 Ecce
1395 926 1572 972 mater
1594 933 1714 972 mea
1735 927 1792 972 et
1815 916 2014 972 fratres
2069 915 2176 972 mei
2209 934 2223 971 :
2264 917 2586 989 quicunque
2640 920 2790 974 enim
2821 919 3018 975 fecerit
3051 920 3398 976 voluntatem
3422 920 3594 977 Patris
3627 922 3716 979 mei
3744 925 3806 996 qui

617 1013 782 1068 estin
811 1013 987 1080 caelis,
1021 1013 1116 1068 hic
1144 1027 1302 1067 meus
1329 1012 1501 1066 frater
1534 1019 1590 1066 et
1628 1019 1805 1067 mater
1834 1004 1967 1066 est“
1995 1003 2208 1084 "-Dlpsi
2241 1011 2413 1084 gloria
2445 1011 2503 1068 in
2537 1014 2738 1070 saecula
2787 1015 3135 1073 saeculorum.
3160 1013 3363 1070 Arnen.

1149 1148 1435 1205 HOMIHA
1457 1149 1640 1205 XCIV.

810 1267 1230 1322 Colmbitamlum
1257 1245 1442 1336 paucis
1465 1264 1698 1336 quidem,
1733 1264 1824 1318 sed
1839 1263 2006 1320 bonis.

693 1379 988 1443 Profuerit,
1017 1376 1358 1441 charissimi,
1386 1391 1510 1431 cum
1541 1375 1732 1446 paucis
1766 1375 1992 1446 quidem
2037 1374 2202 1431 babi-

620 1481 758 1535 tare,
783 1470 880 1524 sed
913 1470 1073 1524 bouis
1102 1487 1114 1523 :
1147 1469 1198 1523 id
1239 1468 1390 1539 quod
1423 1469 1535 1522 Deo
1567 1468 1729 1539 longe
1767 1468 1998 1540 gratius,
2035 1483 2200 1537 quam

619 1573 682 1617 ut
709 1562 900 1617 multis
928 1562 1214 1616 cohabites
1241 1560 1336 1631 qui
1375 1560 1487 1616 sint
1515 1569 1928 1630 contemptores
1977 1559 2205 1614 manda-

620 1665 804 1710 torum
833 1653 1200 1710 Domini.Ubi
1224 1653 1373 1708 enim
1410 1653 1580 1709 timor
1619 1653 1860 1719 Domini,
1910 1653 2023 1708 illic
2067 1653 2200 1707 cha-

2916 1149 3130 1203 ΛΟΓΟΣ
3157 1153 3272 1217 ur.

2513 1261 2655 1332 Περὶ
2681 1261 2787 1317 τοῦ
2810 1260 2999 1317 οἰκεῖν
3023 1263 3176 1332 μετὰ
3203 1262 3434 1332 ὀλίγων
3460 1259 3671 1315 καλῶν.

2375 1375 2559 1429 Καλόν
2587 1377 2759 1439 ἐστιν,
2791 1375 3089 1448 ἀγαπητοὶ,
3133 1375 3305 1428 οίκεῖν
3361 1372 3509 1445 μετὰ
3563 1374 3736 1441 ὀλίγων
3757 1377 3814 1429 εὐ-

2304 1465 2682 1538 αρεστούντων
2732 1467 2811 1538 τῷ
2842 1467 2983 1538 Θεῷ,
3017 1468 3168 1537 ἢπερ
3193 1466 3336 1537 μετὰ
3373 1465 3587 1519 πολλῶν
3607 1483 3814 1538 κατατρι-

2304 1559 2482 1631 νητῶν
2505 1559 2616 1614 τῶν
2649 1559 2881 1614 ἐντολῶν
2937 1560 3394 1632 Κυρίου.-Ὅπου
3430 1559 3543 1631 γὰρ
3585 1559 3723 1628 φόϐος
3744 1562 3814 1614 Ku-

2309 1653 2446 1725 ρίου,
2479 1654 2598 1707 ἐκεῖ
2625 1654 2719 1706 καὶ
2744 1654 2957 1724 ἀγάπη,
2995 1655 3092 1707 καὶ
3119 1654 3352 1725 ὁμόνοια
3370 1652 3616 1721 ἀδελφῶν
3633 1670 3646 1683 ·
3671 1653 3769 1706 ὅπου
3785 1653 3816 1706 ἢ

620 1747 758 1802 ritas
790 1754 846 1800 et
871 1745 1103 1800 fratrum
1129 1744 1425 1800 concordia
1457 1762 1469 1798 :
1509 1744 1603 1798 ubi
1635 1744 1825 1799 nullus
1868 1743 2202 1813 relinquitur

2332 1745 2527 1815 εφοϐία,
2563 1745 2682 1798 ἐκεῖ
2711 1745 2827 1817 ἔρις
2856 1745 2954 1799 καὶ
2997 1745 3159 1813 ζῆλος
3180 1762 3192 1776 ’
3224 1747 3366 1800 ὅπου
3424 1743 3674 1798 εὐλάϐεια
3711 1743 3815 1808 Θεοῦ,

621 1841 810 1896 timori
842 1841 939 1896 Dei
976 1840 1264 1905 locus,-ibi
1301 1838 1587 1897 contentio
1640 1855 1705 1894 ac
1750 1838 1902 1894 zelus
1937 1858 1950 1893 :
1985 1838 2082 1894 ubi
2117 1854 2206 1894 re-

617 1935 872 1990 verentia
905 1949 971 1988 ac
1021 1933 1202 2003 pietas
1253 1947 1384 2004 erga
1434 1933 1631 1997 Deum,
1666 1940 1725 1986 et
1771 1931 2027 1986 amabilis
2074 1946 2205 2002 erga

618 2029 932 2098 proximum
962 2025 1216 2092 affectus,
1261 2025 1376 2080 illic
1415 2025 1786 2080 interrnedius
1809 2024 2009 2079 horum
2040 2023 2202 2078 habi-

620 2129 692 2175 tat
721 2121 867 2174 Deus
893 2137 906 2173 :
931 2118 1027 2174 ubi
1069 2126 1255 2174 autem
1301 2117 1512 2173 invidia
1571 2132 1636 2172 ac
1675 2118 1817 2172 male
1847 2117 2120 2187 morigera
2149 2124 2206 2170 et

620 2214 1000 2282 inobsequens
1027 2211 1319 2282 subiectio,
1346 2211 1463 2266 illic
1491 2226 1522 2266 e
1570 2211 1795 2282 regione
1829 2209 2065 2266 ambitio
2112 2223 2204 2262 re-

618 2311 750 2371 gnat
792 2302 980 2373 gloria}
1003 2301 1205 2356 inanis.
1238 2300 1602 2356 Commodum
1623 2300 1791 2356 fuerit
1819 2317 1882 2356 ac
1911 2299 2054 2370 frugi
2104 2313 2208 2355 nos

623 2395 906 2450 mordicus
935 2393 1077 2448 tueri
1117 2408 1180 2448 ac
1206 2395 1448 2449 retinere
1497 2393 1915 2464 simplicitatem
1955 2401 2011 2446 et
2041 2390 2206 2444 inno-

619 2487 882 2553 centiam,
908 2495 1072 2556 atque
1097 2486 1165 2541 ad
1202 2485 1471 2541 infantilis
1525 2486 1652 2541 vitae
1689 2485 1984 2540 formulam
2021 2497 2208 2540 mores

621 2580 940 2642 iustituere,
966 2579 1172 2650 quibus
1197 2579 1539 2650 incomperta
1572 2587 1658 2634 est
1680 2594 1906 2648 prorsus
1955 2578 2209 2649 improba

622 2673 958 2744 malignitas,
1004 2673 1262 2730 humanae
1295 2673 1424 2728 vitae
1465 2672 1742 2742 expultrix
1776 2689 1789 2726 :
1821 2687 2004 2743 neque
2034 2672 2210 2727 simus

622 2766 920 2822 adversum
981 2781 1085 2821 nos
1143 2766 1374 2821 invectae
1428 2765 1598 2820 ullius
1647 2765 1864 2837 injuriae
1913 2781 2207 2832 memores,

624 2873 734 2912 neu
796 2872 896 2927 per
950 2857 1218 2912 malitiam
1277 2857 1426 2927 leges
1464 2857 1894 2927 praevaricemur
1951 2873 1966 2912 :
2035 2858 2209 2927 magis

623 2956 807 3003 autem
835 2963 1054 3007 omnem
1081 2948 1423 3016 deponamus
1459 2948 1757 3013 malitiam,
1812 2963 2030 3003 omnem
2062 2963 2209 3003 ama-

625 3041 932 3096 ritudinem
993 3040 1196 3096 divinae
1249 3041 1386 3111 legis
1439 3039 1972 3108 praevaricatricem,
2041 3041 2208 3111 inque

2308 1838 2405 1893 καὶ
2435 1839 2638 1908 στοργὴ
2659 1838 2752 1892 τοῦ
2803 1838 3054 1909 πλησίον,
3089 1839 3206 1893 ἐκεῖ
3233 1839 3262 1892 ὁ
3313 1837 3456 1900 Θεδς
3476 1837 3616 1890 οικεῖ
3631 1837 3681 1888 ὲν
3722 1835 3817 1905 μέσῳ

2309 1930 2491 1985 αὐτῶν
2512 1947 2527 1962 ·
2578 1930 2713 1985 ὅπου
2743 1930 2802 1984 δὲ
2855 1930 3052 2001 φθόνος
3086 1929 3183 1985 καὶ
3219 1929 3595 1994 ἀνυποταξία,
3622 1929 3721 1981 ἐκεῖ
3745 1929 3816 1992 όὲξ

2309 2024 2559 2087 ἐναντίας
2577 2023 2954 2095 ἐναϐρύνεται.
2975 2023 3156 2078 Καλόν
3176 2025 3328 2077 ἐστιν
3352 2024 3582 2094 κρατεῖν
3613 2021 3697 2092 τήν
3714 2021 3818 2073 ἀπλέ-

2307 2127 2447 2186 τητα
2473 2115 2570 2169 καὶ
2595 2115 2693 2187 τὴν
2721 2115 2978 2181 ἀκακίαν,
3010 2116 3105 2170 καὶ
3135 2111 3274 2169 εἶναι
3299 2115 3383 2178 ὡς
3410 2116 3483 2168 τὰ
3517 2114 3678 2184 νήπια
3707 2113 3755 2166 τὰ
3776 2111 3815 2184 μή

2307 2209 2650 2280 γινώσκοντα
2673 2211 2773 2280 τὴν
2787 2212 3078 2282 πονηρίαν,
3103 2210 3204 2280 τὴν
3227 2209 3620 2265 ἀπολλύουσαν
3633 2208 3718 2280 τὴν
3732 2209 3815 2276 {uiti

2306 2304 2418 2358 τῶν
2475 2304 2808 2376 ἀνθρώπων·
2851 2305 2946 2359 καὶ
2993 2306 3068 2377 μὴ
3109 2303 3251 2359 εἶναι
3296 2304 3694 2375 μνησικάκους,
3739 2303 3812 2371 Piri

2309 2398 2663 2471 παρανόμους
2706 2401 2772 2471 τῇ
2821 2398 3009 2471 κακίᾳ,
3059 2397 3173 2451 ἀλλ’
3197 2395 3511 2451 ἀποθέσθαι
3554 2395 3648 2456 τὰς
3673 2392 3810 2452 xiixii;

2309 2491 2405 2547 καλ⁵
2441 2492 2541 2556 τὰς
2564 2491 2851 2563 πονηρίας,
2877 2492 2974 2545 καὶ
2996 2491 3095 2550 τὰς
3123 2490 3358 2560 πικρίας
3392 2489 3497 2553 τὰς
3529 2485 3817 2556 παρανόμους,

2310 2584 2404 2640 καὶ
2432 2571 2686 2654 γενέσθαί
2718 2583 2778 2638 ἓν
2807 2583 3047 2654 πνεῦμα,
3078 2584 3175 2638 καὶ
3207 2581 3277 2636 τὰ
3305 2583 3574 2654 σχήματα
3602 2579 3664 2631 τὰ
3683 2573 3821 2645 πονηρὲ

2310 2677 2631 2749 ἀνατρέψαι,
2660 2678 2809 2739 ὅπως
2842 2679 2870 2732 ό
2919 2675 3126 2749 Κύριος
3176 2677 3279 2746 τῆς
3323 2676 3560 2746 εἰρήνης
3598 2669 3822 2739 arctoum

2311 2771 2370 2824 ὲν
2405 2771 2596 2833 πᾶσιν,
2626 2771 2713 2824 ἵνα
2733 2771 2829 2824 καὶ
2861 2769 2923 2824 τὸ
2978 2769 3197 2839 πνεῦμα
3245 2768 3408 2836 ὑγιὲς
3436 2767 3676 2836 γένηται,
3698 2763 3822 2828 ὥσπερ

2312 2862 2444 2916 αὐτὸ
2465 2861 2658 2917 ἔλαϐεν
2692 2863 2722 2915 ό
2749 2861 3057 2932 ἄνθρωπος.
3096 2860 3224 2915 Ἐὰν
3263 2860 3380 2930 γάρ
3417 2877 3506 2923 τις
3539 2857 3714 2926 κναφεῖ
3729 2850 3822 2919 δώτῃ

2314 2951 2532 3022 ἱμάτιον
2561 2951 2749 3007 καινὸν
2787 2952 2882 3007 καὶ
2908 2950 3081 3021 ὑγιὲς,
3115 2949 3211 3003 καὶ
3266 2948 3438 3002 τοῦτο
3470 2947 3611 3001 ϐέλει
3662 2943 3824 3012 κομίσσ-

2313 3045 2457 3100 σθαι·
2481 3048 2509 3100 ὁ
2539 3047 2594 3100 δὲ
2617 3045 2857 3115 κναφεὺς
2880 3044 3071 3117 σχίσας
3091 3043 3153 3097 τὸ
3177 3042 3426 3115 ἱμάτιον,
3463 3037 3732 3100 ἀποδώσει,
3753 3028 3824 3102 ἄρα

627 3150 801 3189 unum
849 3133 1230 3189 coalescamus'
1263 3132 1546 3202 spiritum,
1596 3131 1744 3186 omni
1787 3145 2016 3202 prorsus
2045 3147 2076 3186 a
2101 3148 2206 3188 no-

2332 3135 2550 3208 ιήψεται
2579 3137 2710 3192 αὐτό
2730 3153 2748 3203 ;

624 3226 713 3282 "bis
786 3225 1015 3296 depulsa
1065 3225 1441 3290 simulatione,
1509 3233 1784 3296 quatenus
1838 3225 1894 3278 in
1948 3224 2110 3280 nobis
2183 3226 2442 3300 dignetur
2521 3232 2770 3288 habitare
2833 3231 3106 3287 Dominus
3155 3229 3328 3302 pacis,
3380 3236 3446 3283 ut
3498 3225 3706 3298 spiritus
3752 3219 3827 3289 ipse

627 3316 950 3381 revalescat,
1017 3316 1265 3388 pristinae
1305 3315 1526 3371 sanitati
1578 3331 1743 3386 quam
1781 3315 2024 3386 gratuito
2073 3329 2390 3389 acceperat,
2453 3321 2509 3377 in
2547 3322 2822 3395 integrum
2870 3324 3190 3378 restitutus.
3246 3321 3303 3378 Si
3347 3321 3619 3392 quispiam
3647 3323 3828 3370 nostrum

625 3416 836 3462 vestem
891 3404 1108 3461 dederit
1147 3405 1365 3468 fulloni,
1426 3420 1625 3460 novam
1692 3406 1921 3476 quidem
1979 3407 2129 3461 illam
2186 3417 2352 3480 atque
2415 3412 2789 3481 incolumem;
2839 3423 2897 3470 et
2949 3415 3095 3470 hanc
3139 3430 3170 3468 a
3205 3413 3424 3468 fullone
3465 3406 3828 3482 reciperevelit.

632 3497 846 3568 1177
916 3495 1049 3552 fullo
1107 3504 1292 3551 autem
1346 3496 1393 3550 si
1445 3495 1787 3552 frustillatim
1847 3497 2125 3554 concisam
2183 3510 2238 3556 et
2294 3501 2588 3560 di'ssectam
2639 3505 2983 3573 reddiderit,
3041 3506 3190 3562 itane
3229 3505 3468 3579 (quaso)
3526 3503 3732 3575 accipiet
3751 3512 3832 3554 eam

631 3591 893 3647 dominus
944 3588 1149 3645 vestis?

709 3680 974 3752 Nunquid
1007 3697 1117 3737 non
1153 3680 1416 3736 cumillo
1455 3680 1779 3737 velitaribus
1810 3681 1999 3739 verbis
2030 3683 2211 3739 deliti-

2391 3683 2526 3754 Οὐχὶ
2562 3685 2889 3756 μαχήσεται,
2923 3685 3018 3739 καὶ
3053 3685 3511 3759 ὑϐρίσειλλέγων
3542 3684 3696 3755 αὐτῷ·
3726 3682 3830 3753 Ἱμέ.

621 3775 814 3845 .gnbit,
849 3773 1099 3844 vitioque
1151 3773 1231 3828 illi
1286 3783 1505 3839 vertet,
1545 3773 2211 3832 dicens:Vestimentnm

2332 3775 2430 3828 τιόν
2462 3792 2545 3829 σοι
2581 3775 2735 3844 ὑγιὲς
2773 3776 2970 3843 ἔδωκα,
3007 3776 3100 3830 διὰ
3137 3777 3188 3830 τί
3235 3777 3371 3831 αὐτὸ
3416 3779 3650 3847 ἓσχισας,
3679 3775 3754 3828 καὶ
3772 3788 3829 3826 7:-

630 3869 760 3924 dedi
806 3868 864 3922 in
905 3884 1102 3923 manus
1132 3877 1252 3923 tuas
1295 3884 1491 3923 sanum
1540 3878 1600 3924 et
1637 3866 1938 3935 incolume,
1975 3871 2106 3940 quid
2139 3870 2211 3925 ita

2332 3868 2553 3940 ποίηκας
2586 3869 2898 3940 ἀχρήστως
2927 3871 2989 3923 Εἰ
3028 3865 3122 3923 οὖν
3156 3871 3331 3934 οὕτως
3381 3870 3518 3942 περὶ
3563 3868 3746 3938 ἱματίου
3773 3867 3826 3917 λε»-

628 3961 812 4016 lacere
844 3960 1165 4023 concidisti,
1208 3967 1268 4016 ut
1310 3959 1444 4015 nulli
1476 3961 1588 4030 jam
1627 3961 1753 4016 usui
1794 3961 2211 4016 accommodum

2332 3961 2501 4015 ιτεῖταί
2527 3979 2609 4026 τις
2645 3963 2739 4016 καὶ
2780 3961 3036 4032 μάχεται,
3061 3962 3146 4016 ὅτι
3181 3963 3282 4016 οὐκ
3326 3962 3628 4032 ἀπείληφεν
3656 3959 3774 4028 ὑγιὲς
3795 3955 3830 4008 τί

631 4053 937 4110 redderes?
981 4053 1139 4120 Quod
1187 4054 1232 4110 si
1276 4070 1422 4109 unus
1457 4053 1661 4124 aliquis
1692 4070 1793 4124 pro
1838 4054 2211 4125 qualicunque

2332 4055 2559 4124 ἱμάτιον,
2594 4053 2649 4107 τί
2678 4054 2944 4126 δοκοῦμεν
2975 4056 3138 4126 ἡμεῖς
3171 4055 3368 4109 παθεῖν
3411 4055 3519 4110 ὑπὸ
3545 4055 3633 4109 τοῦ
3661 4052 3827 4122 κυρίως

613 4140 988 4210 vestimento,
1037 4145 1104 4200 ad
1147 4161 1274 4199 eum
1324 4145 1549 4200 modum
1609 4161 1852 4202 maerore
1891 4145 2210 4214 conficitur,

2332 4149 2381 4202 ιδ
2415 4146 2634 4206 πνεῦμα
2665 4147 2923 4211 λαϐόντες
2969 4148 3141 4217 ὑγιὲς,
3203 4149 3302 4202 καὶ
3343 4149 3508 4202 τοῦτο
3541 4147 3826 4216 λυπήσαντες,

631 4255 924 4310 pugnaque
967 4238 1182 4294 velitari
1227 4238 1541 4298 contendit,
1594 4239 1726 4306 quia
1765 4253 1876 4293 non
1936 4237 2211 4309 integrum

2332 4241 2414 4294 καὶ
2463 4239 2888 4311 ἀχρειὼσαντες,
2929 4239 3004 4310 μὴ
3059 4243 3117 4293 ὲν
3166 4240 3464 4309 σεμνότητι
3513 4235 3825 4302 πολιτευσάμε·

632 4334 877 4403 recipit:
911 4340 1179 4402 quantum
1235 4347 1337 4385 nos
1380 4330 1634 4386 adituros
1677 4330 1937 4401 supplicii
1989 4346 2090 4401 par
2127 4338 2211 4386 est

2332 4350 2429 4396 θοις
2463 4332 2558 4386 καὶ
2588 4333 2664 4395 είς
2685 4332 2944 4402 οὐδεμίαν
2975 4332 3172 4403 χρῆσιν
3203 4331 3434 4385 δύναται
3462 4327 3599 4384 εἶναι
3618 4328 3684 4399 τῷ
3700 4323 3824 4395 Κυρίῳ

631 4423 886 4489 credere,
921 4421 1104 4476 ultore
1139 4421 1396 4485 Domino,
1430 4420 1526 4489 qui
1575 4436 1702 4474 cum
1741 4422 2002 4491 spiritum
2054 4435 2211 4476 acce-

2332 4424 2554 4490 ὲαυτοῦ;
2597 4425 2664 4479 Ἦ
2711 4425 2820 4496 γὰρ
2871 4425 3070 4496 χρῆσις
3117 4423 3209 4478 τοῦ
3259 4424 3574 4496 πνεύματος
3618 4417 3823 4490 arma

632 4515 880 4585 perimus
897 4513 1045 4568 nulla
1073 4521 1303 4582 contage
1318 4512 1634 4568 decolorem
1665 4512 1760 4568 sed
1794 4528 2012 4579 sanum,
2037 4512 2211 4583 ipsum

2332 4516 2670 4588 κατεφθάρη.
2705 4517 2796 4588 Τῷ
2832 4516 2942 4587 γὰρ
2985 4518 3042 4568 ἐν
3086 4515 3246 4586 ἔριδι,
3277 4517 3374 4569 καὶ⁵
3418 4515 3583 4586 ζήλῳ,
3621 4511 3700 4568 καὶ
3730 4508 3823 4575 aii-3r

635 4623 877 4663 moerere
926 4606 1181 4668 fecimus,
1231 4605 1495 4677 quodque
1541 4605 1714 4660 vitam
1773 4605 1917 4660 hanc
1971 4613 2211 4659 nostram

2332 4611 2532 4682 ἀνομίᾳ
2576 4609 2809 4678 διάγειν,
2869 4609 3106 4681 φανερὸν
3151 4612 3234 4663 ὅτι
3287 4609 3462 4682 ὀργὴν
3523 4609 3613 4664 καὶ
3665 4608 3821 4702 θάνατιν

636 4705 821 4760 minus
869 4705 1291 4775 composuimus
1339 4705 1620 4776 religiose,
1661 4703 2012 4760 reddidimus
2048 4701 2211 4758 inuti-

2332 4703 2482 4774 παρὰ
2509 4703 2717 4775 Κυρίου
2747 4703 2962 4766 ἑαυτοῖς
2985 4703 3342 4773 ἐπιφέρομεν.
3381 4721 3401 4754 ι
3422 4689 3823 4773 Αίρετώτερονοῖν

635 4801 742 4854 lem
765 4798 906 4854 adeo
929 4807 988 4853 ut
1008 4799 1146 4853 nulli
1174 4798 1286 4870 jam
1323 4799 1592 4854 usuiesse
1631 4798 1806 4868 possit
1827 4797 2054 4852 domino
2085 4796 2211 4851 suo?

2332 4795 2438 4847 ἑστι
2489 4792 2632 4864 μετὰ
2676 4793 2876 4862 ὀλίγων
2917 4791 3106 4846 καλῶν
3151 4792 3380 4860 διάγειν,
3414 4793 3447 4864 ἦ
3487 4791 3620 4863 μετὰ
3659 4787 3819 4856 πλήθους

635 4891 780 4948 Usus
831 4891 980 4946 enim
1033 4891 1152 4961 ipse
1212 4891 1445 4962 spiritus
1497 4891 1697 4952 nostri,
1743 4898 1938 4944 nostra
1972 4874 2211 4960 Ipsorum

2332 4887 2639 4957 ἀχρήστων,
2677 4887 2728 4940 εί
2787 4885 2861 4957 μή
2918 4885 3037 4938 ἐστι
3075 4883 3241 4953 φόϐος
3280 4885 3494 4956 Κυρίου
3547 4883 3657 4954 μετ’
3685 4875 3817 4932 αὐτῶν.

637 4986 798 5055 culpa
844 4985 1104 5055 deperiit.
1161 4985 1298 5040 Dum
1333 4986 1481 5040 enim
1515 4985 1596 5040 sic
1636 4999 1736 5054 per
1784 4982 2224 5042 contentionem.

641 5078 845 5141 zelum,
891 5086 948 5132 et
985 5077 1338 5132 omnifariam
1379 5076 1734 5147 iniquitatem
1775 5075 1946 5130 vitam
1984 5073 2227 5129 traduci-

642 5183 787 5228 mus,
811 5169 1006 5237 utique
1027 5169 1165 5223 nulli
1191 5168 1491 5223 obscurum
1520 5175 1628 5234 est,
1659 5166 1794 5238 quin
1821 5166 1923 5236 ipsi
1949 5165 2228 5220 nobismet

643 5256 789 5327 apud
820 5257 1117 5313 Dominum
1140 5259 1506 5315 conciliemus
1538 5259 1700 5320 iram,
1724 5245 1967 5328 denique
1998 5266 2052 5312 et
2081 5273 2231 5311 mor-

645 5361 776 5405 tem.
811 5351 982 5407 Multo
1012 5351 1184 5423 igitur
1208 5353 1281 5407 sit
1314 5347 1686 5422 prazstabilius
1711 5350 1912 5421 degere
1937 5363 2060 5402 cum
2090 5365 2227 5418 pan-

644 5443 728 5499 cis
759 5444 854 5514 qui
903 5445 1036 5502 boni
1078 5445 1211 5510 sint,
1251 5461 1415 5515 quam
1460 5458 1584 5498 cum
1619 5443 1814 5497 crebra
1869 5441 2228 5496 multitudine

647 5538 952 5607 inutilium,
985 5547 1045 5593 ut
1071 5548 1126 5593 ct
1158 5538 1358 5593 divinae
1387 5535 1738 5592 tradiderunt
1786 5534 2107 5604 Scriptum.
2138 5533 2231 5587 Ait

647 5632 796 5686 enim
828 5629 1220 5686 Partemiastes
1250 5647 1264 5683 :
1299 5628 1413 5685 «Ne
1453 5626 1743 5682 desideres
1772 5641 1894 5681 esse
1928 5640 2053 5679 cum
2087 5624 2228 5678 mu|«

730 5812 790 5866 'l
823 5813 958 5883 Reg.
997 5828 1108 5885 xw,
1139 5818 1190 5871 7.

2323 4979 2615 5048 Κρείσσων
2655 4978 2765 5047 γὰρ
2795 4973 2876 5041 εἷς
2909 4976 3142 5042 δίκαιος,
3178 4975 3211 5046 ἢ
3239 4977 3404 5046 χίλιοι
3433 4969 3736 5046 ἁμαρτωλοί.
3771 4964 3817 5016 Ἐν

2328 5072 2627 5140 Συναγωγῇ
2661 5070 2770 5139 γὰρ
2800 5069 3142 5142 ἁμαρτωλῶν
3167 5068 3571 5141 ἐκκαυθήσεται
3595 5063 3710 5134 πῦρ.
3736 5054 3818 5112 Καὶ.

2334 5163 2381 5214 εἰ
2472 5161 2974 5233 σκληροτράχηλος,
3007 5160 3327 5230 θαυμαστὸν
3358 5160 3532 5222 τοῦτο,
3560 5159 3604 5210 εἰ
3630 5149 3815 5212 ἀοωωῦἡ-

2334 5270 2520 5307 σεται·
2552 5252 2700 5316 ἔλεος
2725 5252 2834 5323 γὰρ
2867 5252 2964 5306 καὶ
2993 5251 3131 5323 ὀργὴ
3172 5251 3327 5324 παρὰ
3357 5251 3574 5324 Κυρίου.
3602 5266 3619 5299 ι
3653 5242 3737 5299 Καὶ
3882 5309 3883 5312 η

2331 5344 2440 5407 λος·
2478 5363 2495 5395 ι
2527 5345 2618 5413 Mi;
2648 5343 2906 5414 ὲπιθύμει
2936 5343 3137 5413 πλῆθος
3176 5343 3502 5414 ἀχρήστων·
3539 5340 3621 5392 ἐὰν
3649 5331 3813 5402 1:11:02?-
3882 5325 3883 5336 ‘

2333 5436 2521 5500 Θῶσιν,
2574 5436 2647 5506 μὴ
2687 5435 2983 5505 εὐφραίνου
3021 5435 3107 5487 ἐπ’
3155 5435 3363 5497 αὐτοῖς,
3397 5436 3442 5486 εί
3475 5433 3543 5502 μή
3588 5419 3812 5491 ἑστιςόίθὲ

2334 5531 2539 5599 Κυρὲου
2571 5529 2690 5599 μετ’
2728 5527 2929 5580 αὐτῶν.
2958 5527 3050 5594 Μὴ
3082 5525 3454 5598 ὲμπιστεὺσῃς
3470 5526 3531 5595 τῇ
3559 5521 3653 5590 ζωῇ
3671 5511 3806 5569 αὑτῶν

2335 5622 2612 5688 στενάξεις
2647 5622 2755 5690 γὰρ
2788 5620 2976 5674 πένθει
3007 5620 3193 5692 ἀώρῳ.
3239 5621 3522 5692 Κρείσσων
3561 5612 3650 5684 γὰρ
3680 5599 3738 5666 τίς
3759 5599 3804 5657 δέ·

1281 5815 1398 5856 ³ο-¹²
1427 5810 1613 5866 Matth.
1646 5828 1736 5878 xu,
1773 5813 1972 5881 43-5-9;
2023 5810 2192 5866 Marc.
2223 5825 2301 5873 ιιι,
2339 5806 2545 5871 52-34;
2601 5805 2734 5856 Luc.
2763 5817 2880 5868 vm,
2925 5799 3110 5854 iii-9|.
