4042 6428
267 314 420 385 179.1

1428 304 1761 365 HOMILIA
1797 303 1969 369 XCV.
1991 331 2063 343 -
2103 305 2201 368 DE
2239 307 2448 368 RISU.

3410 298 3551 364 1722

264 438 440 485 καιος
485 419 656 474 ποιῶν
688 418 746 476 τὸ
774 420 989 491 θέλημα
1028 421 1124 476 τοῦ
1153 421 1312 489 Θεοῦ,
1343 422 1375 493 ἢ
1411 421 1596 499 μύριοι
1621 422 1863 495 παράνο-

1970 424 2211 480 titudine
2255 425 2559 485 inutilium,
2607 423 2712 478 nisi
2765 421 2910 477 adsit
2954 420 3121 476 timor
3159 418 3379 475 Domini
3421 434 3547 473 cum

271 528 404 582 μοι.
454 512 627 574 ιΚαὶ,
667 512 925 566 «Δίκαιον
976 512 1269 567 ἀποθανεῖν
1322 512 1568 580 ἄτεκνον,
1626 513 1659 584 ἢ
1719 514 1865 584 ἔχειν

264 602 453 654 τέκνα
481 602 678 673 ἀσεϐῆ.
720 602 853 657 Ἀπὸ
882 603 990 673 γὰρ
1018 604 1141 666 ἐνὸς
1190 603 1413 657 συνετοῦ
1451 605 1868 676 συνοικισθήσε-

268 708 376 747 ται
426 694 603 757 πόλις.
631 712 649 744 ι
700 694 759 748 'O
783 695 840 748 δὲ
880 695 1202 758 Ἀπόστολός
1248 712 1415 766 φησιν
1439 712 1453 726 ·
1497 715 1515 748 ι
1539 694 1866 765 ἘγνωΚύ-

274 799 408 853 ριος
457 785 585 848 τοὺς
640 785 799 849 ὄντας
859 785 1045 841 αὐτοῦ.
1080 805 1101 839 ι
1166 788 1297 852 Καὶ,
1335 806 1353 839 ι
1393 789 1712 859 Ἀποστήτω
1756 789 1866 843 ἀπὸ

271 873 507 937 ἀδικίας
556 878 665 940 πᾶς
712 878 742 931 ὀ
784 877 1069 948 ὀνομάζων
1117 878 1182 932 τὸ
1225 878 1396 949 ὄνομα
1442 879 1537 933 τοῦ
1573 880 1806 952 Κυρίου.
1841 900 1859 934 ι

270 965 402 1021 Καὶ
434 968 686 1040 ἐπιφέρει
716 984 732 999 ο
761 988 780 1021 ι
824 969 912 1022 Ἐν
947 970 1158 1041 μεγάλῃ
1190 970 1247 1025 δὲ
1276 970 1421 1042 οἰκίᾳ
1444 973 1545 1025 οὐκ
1574 971 1723 1025 ἐστιν
1766 973 1867 1043 μό-

270 1073 378 1111 νον
415 1058 588 1129 σκεύη
619 1061 799 1131 χρυσᾶ
834 1062 929 1114 καὶ
972 1062 1212 1134 ἀργυρᾶ,
1246 1061 1382 1116 ἀλλά
1428 1064 1525 1115 καὶ
1555 1063 1743 1128 ξύλινα
1773 1064 1866 1118 καὶ

272 1147 609 1220 ὀστράκινα,
638 1151 731 1205 καὶ
769 1150 806 1206 ἃ
839 1151 938 1223 μὲν
970 1154 1049 1215 είς
1078 1153 1268 1223 τιμὴν,
1303 1151 1340 1207 ἀ
1368 1152 1424 1206 δὲ
1453 1153 1533 1216 είς
1568 1154 1815 1224 ἀτιμίαν.
1841 1174 1860 1206 ι

277 1236 448 1293 Ὅσοι
476 1236 572 1294 οὖν
608 1243 776 1312 ἐσμεν
805 1241 993 1307 ξύλινα
1028 1243 1125 1297 καὶ
1143 1241 1442 1313 ὀστράκινα
1469 1242 1662 1314 σκεύη,
1693 1244 1868 1297 ἐκκα-

280 1330 548 1403 θάρωμεν
593 1334 844 1402 ἑαυτοὺς,
882 1334 973 1390 ῐνα
1018 1334 1310 1406 γενώμεθα
1350 1335 1521 1406 σκεύη
1549 1336 1766 1407 χρηστά
1788 1336 1868 1409 τῷ

278 1424 555 1495 Δεσπότῃ,
590 1426 729 1492 πρὸς
763 1427 873 1481 πᾶν
899 1427 1061 1499 ἔργον
1088 1427 1291 1497 ἀγαθὸν
1321 1428 1700 1500 ἡτοιμασμένα
1726 1444 1742 1460 ο
1772 1427 1869 1481 καὶ

284 1518 367 1587 μὴ
400 1517 724 1587 ἀκούσωμεν
753 1520 903 1591 παρὰ
925 1519 1022 1573 τοῦ
1048 1520 1318 1574 Δεσπότου
1343 1536 1358 1552 ·
1388 1539 1407 1572 ι
1436 1518 1742 1592 Πορεύεσθε
1770 1520 1866 1575 ἀπ’

278 1610 446 1679 ἐμοῦ,
483 1612 534 1664 oi
564 1614 963 1683 κατηραμένοι,
993 1615 1075 1677 εἰς
1112 1614 1174 1667 τό
1208 1612 1320 1684 πῦρ
1341 1614 1403 1666 τὸ
1431 1612 1680 1667 αἰώνιονο
1720 1614 1867 1683 ἀμὴν

279 1700 433 1769 λέγω
464 1703 616 1771 ὑμῖν,
649 1704 751 1757 οὐκ
772 1699 891 1757 οἴδα
919 1704 1084 1774 ὑμᾶς.
1111 1724 1131 1757 ι
1153 1734 1224 1744 -
1248 1723 1267 1755 ι
1307 1702 1501 1775 Ὀμοία
1535 1705 1666 1774 γὰρ,
1701 1707 1866 1775 φησὶν

278 1791 314 1844 ὀ
364 1792 592 1863 Κύριος,
619 1794 769 1847 ἐστὶν
821 1796 856 1866 ἡ
905 1794 1152 1865 βασιλεία
1203 1794 1313 1849 τῶν
1361 1795 1607 1867 οὐρανῶν
1654 1798 1862 1868 σαγήνῃ

280 1883 548 1957 βληθείσῃ
596 1886 676 1949 εἰς
727 1886 830 1958 τὴν
876 1886 1169 1955 θάλασσαν,
1202 1888 1297 1941 καὶ
1340 1888 1405 1941 ἐκ
1441 1887 1643 1948 trav-.6;
1674 1888 1863 1957 γένους

282 1978 699 2050 συναγαγούσῃ·
730 1979 798 2050 ἣν
840 1979 929 2033 ὅτε
955 1979 1273 2051 ἐπληρώθη,
1306 1980 1739 2044 ἀναϐιϐάσαντες
1772 1982 1866 2035 ἐπὶ

280 2068 376 2123 τὸν
413 2070 682 2139 αἰγιαλὸν,
719 2071 1008 2140 συνέλεξαν
1054 2073 1138 2136 εἰς
1190 2074 1410 2141 ἀγγεῖα,
1458 2072 1526 2128 τά
1574 2073 1630 2127 δὲ
1675 2074 1866 2146 σαπρά

280 2159 391 2227 ἔξω
426 2161 638 2216 ἔϐαλον.
671 2181 689 2214 ι
734 2163 845 2217 Καὶ
864 2163 1119 2236 ἐπιφέρει
1146 2179 1161 2193 ⁸
1199 2182 1218 2216 t
1243 2163 1434 2229 Οὕτως
1486 2164 1640 2220 ἔσται
1685 2167 1745 2220 ἐν
1794 2168 1862 2238 τῇ
1894 2146 1901 2161 ’

285 2254 593 2326 συντελείᾳ,
623 2255 1002 2321 ἐξελεύσονται
1030 2257 1082 2311 oi
1124 2256 1372 2325 ἄγγελοι,
1415 2256 1510 2310 καὶ
1540 2254 1864 2326 ἀφοριοῦσιν

282 2346 413 2410 τοὺς
448 2347 722 2417 πονηροὺς
760 2350 825 2401 ἐκ
858 2348 1023 2418 μέσου
1055 2348 1167 2402 τῶν
1199 2349 1448 2410 δικαίων,
1476 2348 1573 2403 καὶ
1609 2347 1866 2418 βαλοῦσιν

284 2438 486 2502 αὐτοὺς
518 2441 600 2502 είς
632 2439 730 2512 τὴν
762 2439 998 2510 κάμινον
1035 2440 1132 2494 τοῦ
1179 2442 1353 2512 πυρὸς
1390 2440 1492 2512 τὴν
1542 2441 1861 2512 καιομένην.

299 2528 446 2583 Ἐκεῖ
485 2528 640 2583 ἐσται
679 2532 709 2583 ὀ
753 2530 1053 2601 κλαυθμὸς,
1096 2533 1193 2586 καὶ
1225 2534 1254 2585 ὀ
1293 2531 1540 2605 βρυγμὸς
1572 2532 1684 2587 τῶν
1710 2532 1859 2588 ὀδόν-

285 2632 413 2670 των.
443 2616 637 2671 Πολλώ¹
665 2618 774 2689 γάρ
812 2620 950 2672 είσιν
997 2619 1210 2690 κλητοὶ,
1236 2621 1409 2689 ὀλίγοι
1447 2622 1504 2676 δὲ
1533 2622 1804 2678 ἐκλεκτοί.
1838 2642 1858 2677 ι

285 2737 356 2748 -
382 2726 401 2760 ι
435 2709 673 2764 Πλατεῖα
716 2710 825 2781 γὰρ
859 2710 1082 2783 ἠπύλη.
1108 2713 1204 2765 καὶ
1242 2712 1555 2785 εὐρύχωρος
1594 2716 1627 2785 ή
1669 2714 1788 2779 ὀδός
1827 2715 1862 2786 ἠ

286 2801 574 2870 ἀπάγουσα
596 2804 677 2865 είς
704 2803 804 2874 τὴν
834 2801 1132 2865 ἀπώλειαν,
1158 2805 1253 2858 καὶ
1283 2806 1467 2859 πολλοί
1495 2807 1637 2860 εἰσιν
1665 2809 1714 2860 οἱ
1753 2808 1866 2860 εἱσ-

1964 516 2051 572 eis
2083 532 2098 569 :
2131 516 2331 570 melior
2385 515 2536 570 enim
2578 523 2663 568 est
2712 530 2858 568 unus
2899 515 3120 584 justus,
3174 527 3340 582 quam
3400 510 3550 564 mille

1964 616 2322 680 peccatores;
2379 608 2435 662 in
2484 607 2767 678 Synagoga
2793 605 2942 660 enim
2986 613 3549 674 peccatorum.exar-

1966 698 2160 753 descet
2193 698 2334 769 ignis
2362 714 2375 750 :
2403 707 2460 752 et
2490 697 2534 752 si
2571 696 2743 751 fuerit
2790 711 2936 750 unus
2965 694 3118 755 dura:
3161 692 3417 758 cervicis,
3446 690 3551 745 mi-

1966 790 2141 845 rabile
2190 790 2296 845 hoc
2346 789 2392 844 si
2439 789 2713 843 innocens
2763 787 2873 842 erit
2914 803 2926 838 :
2965 784 3344 840 misericordia
3397 783 3547 838 enim

1966 891 2023 938 et
2074 882 2158 936 ira
2204 898 2235 937 a
2266 882 2587 936 Domino".
2618 898 2637 930 ι
2687 879 2846 933 Alius
2889 878 3022 933 item
3056 896 3070 931 :
3108 896 3125 927 ι
3150 876 3228 930 Nc
3283 875 3550 944 concupi-

1967 987 2089 1027 scas
2130 971 2548 1026 multitudinem
2588 970 2893 1031 inutilium,
2938 969 2983 1023 si
3033 965 3387 1036 multiplicati
3429 964 3551 1017 fue-

1967 1063 2114 1118 rint:
2140 1079 2209 1119 ne
2248 1063 2452 1119 laeteris
2490 1059 2793 1131 super'eis,
2836 1062 2946 1117 nisi
2978 1061 3050 1117 sit
3093 1062 3260 1115 timor
3299 1061 3393 1114 Dei
3424 1074 3548 1113 cum

1968 1156 2103 1227 ipsis
2133 1172 2148 1210 :
2185 1172 2256 1212 ne
2283 1164 2336 1211 te
2357 1154 2552 1211 credas
2572 1154 2699 1209 vita
2732 1154 2957 1208 illorum
2983 1168 3000 1219 ;
3029 1151 3363 1222 ingemisces
3399 1150 3549 1204 enim

1967 1249 2119 1304 luctu
2150 1247 2563 1318 intempestivo.
2600 1246 2796 1301 Melior
2837 1244 2985 1299 enim
3036 1259 3181 1297 unus
3211 1242 3418 1296 faciens
3449 1257 3550 1294 vo.—

1966 1340 2234 1395 luntatem
2264 1337 2504 1403 Domini,
2529 1338 2737 1409 justus,
2768 1350 2936 1406 quam
2966 1334 3159 1389 decem
3208 1332 3378 1386 millia
3414 1348 3553 1400 prm-

1965 1429 2336 1485 varicantium
2379 1428 2557 1500 legem
2581 1430 2689 1483 ".i
2744 1426 2813 1482 Et
2848 1443 2861 1480 :
2900 1446 2917 1477 ι
2945 1425 3161 1481 Justius
3220 1432 3306 1479 est
3372 1422 3548 1476 emori

1969 1519 2089 1576 sine
2140 1519 2353 1579 liberis.
2408 1536 2573 1590 quam
2622 1520 2829 1574 habere
2882 1500 3298 1586 ﬁliosdmpios:
3331 1516 3401 1569 ab
3438 1529 3551 1567 uno

1967 1611 2116 1667 enim
2188 1619 2412 1664 sensato
2467 1609 2875 1665 inhohitabitur
2936 1608 3198 1663 civitas.»
3254 1604 3551 1674 Apostolus

1970 1703 2203 1773 proinde
2240 1721 2253 1755 :
2296 1723 2313 1754 ι
2345 1703 2507 1756 Novit
2538 1703 2808 1757 Dominus
2842 1701 2935 1770 qui
2983 1710 3113 1755 sunt
3145 1698 3349 1769 ejus".
3378 1716 3395 1748 ι
3436 1697 3503 1750 Et
3531 1713 3547 1749 :

1975 1814 1991 1844 ι
2015 1794 2271 1849 Disccdat
2313 1795 2383 1848 ab
2419 1794 2711 1863 iniquitate
2749 1792 2931 1848 omnis
2961 1791 3054 1861 qui
3092 1791 3309 1844 invocat
3347 1801 3549 1840 nomen

1967 1886 2244 1942 Domini.»
2300 1886 2510 1941 Infert:
2550 1885 2657 1939 «In
2700 1900 2894 1955 magna
2950 1889 3137 1937 autem
3200 1879 3367 1933 domo
3433 1892 3549 1930 non

1966 1977 2146 2033 solum
2193 1985 2325 2032 sunt
2361 1991 2489 2031 vasa
2530 1990 2699 2032 aurea
2736 1983 2793 2029 et
2834 1981 3122 2044 argentea,
3157 1970 3251 2026 sed
3280 1970 3462 2039 lignea
3492 1975 3549 2022 et

1966 2081 2246 2129 testacea:
2276 2070 2528 2140 quaedam
2567 2070 2792 2141 quidem
2850 2068 2908 2122 in
2954 2066 3247 2127 honorem,
3295 2061 3549 2133 quaedam

1963 2181 2101 2222 vero
2141 2166 2198 2219 in
2232 2164 2717 2219 contumeliam“.
2751 2181 2771 2213 ι
2808 2160 3095 2229 Quotquot
3151 2158 3321 2228 igitur
3355 2167 3551 2210 sumus

1964 2257 2146 2329 lignea
2196 2270 2325 2312 vasa
2362 2265 2419 2311 et
2471 2262 2735 2319 testacea,
2766 2265 3141 2323 expurgemus
3176 2244 3550 2315 nosmetipsos

1965 2361 2027 2406 ut
2066 2349 2376 2406 efﬁciamur
2429 2364 2557 2403 vasa
2592 2347 2661 2403 ad
2698 2361 2858 2401 usum
2914 2342 3128 2399 Domini
3169 2336 3548 2399 accommoda,

1963 2442 2033 2499 ad
2074 2458 2239 2498 omne
2290 2442 2494 2497 bonum
2545 2449 2830 2510 apparata,
2862 2445 2925 2491 ut
2970 2453 3039 2491 ne
3076 2433 3297 2491 tandem
3331 2430 3400 2487 ab
3430 2430 3551 2499 ipso

1964 2537 2250 2607 contingat
2281 2551 2384 2590 nos
2408 2534 2604 2590 audire
2631 2551 2645 2587 :
2686 2530 3008 2587 «Discedite
3048 2546 3079 2583 a
3102 2544 3211 2591 me,
3245 2522 3548 2585 maledicti,

1963 2644 2123 2684 amen
2150 2628 2277 2682 dico
2305 2627 2487 2691 vobis,
2522 2639 2636 2680 non
2664 2622 2794 2678 novi
2820 2637 2920 2677 vos
2937 2621 3082 2677 unde
3104 2619 3227 2675 sitis
3251 2618 3317 2669 ”.
3344 2636 3362 2667 ι
3399 2612 3550 2669 Idem

1962 2719 2233 2775 Dominus
2268 2736 2282 2772 :
2320 2737 2339 2770 ι
2367 2717 2559 2773 Simile
2606 2724 2691 2772 est
2747 2728 2976 2784 regnum
3031 2712 3298 2767 malorum
3336 2719 3554 2776 sagenae

1963 2813 2146 2867 missse
2178 2812 2234 2866 in
2269 2826 2443 2874 mare,
2477 2819 2535 2865 et
2563 2825 2629 2865 ex
2652 2808 2800 2864 omni
2825 2820 3026 2877 genere
3053 2798 3287 2875 piscium
3326 2812 3553 2866 congre—

288 2894 573 2964 ερχόμενοι
636 2895 703 2948 δι’
776 2895 1010 2966 αὐτῆς.»
1042 2897 1181 2967 Περὶ⁵
1224 2896 1282 2950 δὲ
1325 2897 1433 2950 τῶν
1463 2898 1659 2967 ὀλίγων
1700 2900 1859 2953 εὐλα-

289 2984 397 3038 σῶν
437 2986 531 3039 καὶ
588 2985 769 3040 καλῶν
813 2986 978 3057 φησίν
1003 3004 1019 3019 ο
1072 2987 1229 3040 ιὍτι
1273 2988 1445 3058 στενὴ.
1474 2990 1508 3059 ἡ
1548 2989 1727 3060 πύλη,
1767 2990 1863 3044 καὶ

1963 2904 2113 2976 ganti
2149 2919 2312 2975 :quze
2365 2916 2491 2957 cum
2546 2901 2776 2971 impleta
2839 2907 3009 2962 esset,
3061 2894 3437 2950 ascenderunt
3482 2887 3551 2943 ad

1963 2992 2143 3054 littus.
2172 2999 2231 3046 et
2256 2992 2545 3061 elegerunt
2572 2989 2751 3044 honos
2777 2988 2833 3042 in
2857 3002 2987 3042 vasa
3016 3001 3137 3049 sua,
3165 2981 3392 3055 putidus
3420 2992 3553 3033 vero

287 3073 619 3145 τεθλιμμένη
660 3076 692 3144 ἡ
741 3074 859 3137 ὁδὸς
899 3077 932 3145 ἡ
962 3076 1252 3145 ἀπάγουσα
1289 3078 1368 3140 είς
1412 3079 1513 3148 τὴν
1559 3078 1726 3148 ζωὴν,
1766 3080 1860 3134 καὶ

1967 3083 2114 3139 foras
2166 3080 2520 3138 miserunt“.
2546 3101 2563 3132 ι
2612 3080 2788 3136 Infert
2821 3097 2833 3133 :
2862 3098 2880 3131 ι
2911 3078 3004 3134 Sic
3041 3077 3150 3131 erit
3195 3075 3250 3128 in
3292 3085 3555 3127 consum-

287 3160 454 3230 ὀλίγοι
489 3162 629 3216 είσὶν
671 3164 720 3218 oi
761 3165 1138 3237 εἰσερχόμενοι
1178 3166 1247 3220 δι’
1269 3167 1459 3237 αὐτῆς.
1492 3186 1511 3220 ι
1546 3170 1656 3223 Καὶ
1677 3170 1859 3235 πάλιν,

1967 3175 2213 3231 matione
2244 3193 2259 3229 :
2287 3174 2522 3230 exibunt
2555 3173 2731 3244 angeli
2787 3179 2845 3227 et
2875 3170 3216 3241 separabunt
3263 3165 3439 3220 malos
3481 3162 3552 3216 de

297 3272 312 3303 ι
343 3253 434 3324 Μὴ
480 3253 651 3324 φοσοῦ
707 3254 769 3307 τὸ
805 3256 1001 3326 μικρὸν
1056 3256 1330 3328 ποίμνιον,
1377 3258 1461 3311 ὅτι
1499 3259 1793 3331 εὐδόκησεν
1834 3261 1865 3315 ὀ

1967 3266 2152 3322 medio
2177 3266 2457 3336 iustorum
2489 3281 2503 3317 :
2536 3271 2592 3318 et
2630 3263 2850 3317 mittent
2877 3277 2975 3317 eos
3005 3260 3059 3314 in
3093 3258 3371 3313 caminum
3410 3252 3555 3324 ignis

287 3345 475 3416 Πατὴρ
504 3345 659 3418 ὑμῶν
716 3346 900 3402 δοῦναι
944 3348 1074 3418 ὑμῖν
1119 3348 1220 3419 τὴν
1269 3348 1567 3420 βασιλείαν.
1593 3368 1612 3401 ι
1646 3351 1805 3424 Αὐτῷ
1828 3353 1863 3425 ἡ

1967 3356 2292 3422 ardentem;
2326 3355 2402 3411 ibi
2447 3354 2558 3410 erit
2611 3353 2778 3408 ﬂetus
2834 3361 2892 3407 et
2955 3351 3166 3407 stridor
3209 3344 3548 3405 dentium".

284 3439 412 3505 δόξα
440 3441 522 3502 είς
547 3440 675 3503 τοὺς
704 3441 927 3504 αἰῶνας.
969 3440 1164 3511 Ἀμήν.

1967 3448 2125 3504 Multi
2170 3448 2321 3504 enim
2364 3455 2495 3503 sunt
2535 3446 2738 3511 vocati,
2777 3445 2937 3516 pauci
2965 3459 3100 3499 vero
3144 3440 3307 3498 electi
3336 3440 3403 3493 ’°.
3430 3456 3448 3488 ι
3485 3464 3556 3477 --

290 3530 507 3601 1178
548 3549 567 3582 c
591 3529 721 3585 Lata
755 3529 905 3585 enim
945 3538 1041 3585 est
1063 3542 1220 3600 porta
1249 3539 1305 3586 et
1335 3531 1576 3602 spatiosa
1608 3532 1695 3589 via
1738 3549 1862 3605 quae
1898 3535 2056 3594 ducit
2114 3538 2184 3594 ad
2233 3538 2627 3610 perditionem,
2654 3548 2711 3592 et
2744 3536 2905 3592 multi
2935 3546 3064 3591 sunt
3093 3533 3188 3604 qui
3221 3532 3556 3603 gradiuntur

285 3636 384 3692 per
412 3622 611 3678 eam“.
634 3640 652 3674 ι
689 3621 766 3676 De
796 3622 988 3713 paucis
1016 3622 1249 3692 proinde
1307 3623 1415 3693 piis
1479 3640 1544 3680 ac
1576 3625 1760 3693 bonis,
1803 3628 1920 3684 ait:
1969 3629 2149 3697 «Quia
2175 3639 2406 3702 angusta
2444 3639 2532 3687 est
2555 3641 2713 3701 porta
2730 3632 2801 3695 ",
2828 3649 2847 3682 ι
2884 3639 2941 3685 et
2973 3626 3392 3683 tribulatiomun
3439 3627 3554 3699 spi-

287 3717 375 3771 nis
400 3725 555 3785 septa
579 3713 940 3785 undique'via
962 3731 1085 3785 quae
1118 3714 1272 3771 ducit
1324 3715 1393 3771 ad
1425 3717 1619 3785 vitam,
1645 3727 1703 3774 et
1724 3723 1886 3791 pauci
1920 3732 2055 3779 sunt
2099 3722 2196 3793 qui
2244 3722 2635 3795 ingrediuntur
2701 3737 2802 3791 per
2862 3736 3004 3775 eam.
3070 3719 3318 3773 lterum:
3366 3735 3383 3767 ι
3428 3714 3554 3771 Noli

288 3807 484 3863 timere
514 3804 753 3877 pusillus
797 3821 953 3878 grex,
981 3805 1111 3877 quia
1137 3806 1471 3878 complacuit
1503 3808 1652 3865 Patri
1711 3819 1901 3871 vestro
1939 3812 2070 3869 dare
2124 3813 2286 3870 vobis
2347 3829 2579 3887 regnum
2627 3814 2693 3869 ’³.
2725 3832 2743 3864 ι
2799 3809 2909 3883 Ipsi
2976 3809 3148 3881 gloria
3204 3811 3263 3863 in
3328 3807 3550 3865 saecula.

287 3900 478 3957 Amen.

889 4016 1107 4071 ΛΟΓΟΣ
1143 4018 1257 4086 can

742 4130 886 4199 Περὶ
918 4131 1025 4186 τοῦ
1058 4132 1145 4202 μὴ
1183 4130 1388 4203 γελᾶν.

360 4247 434 4302 Τὸ
460 4247 631 4319 γελᾷν
671 4247 808 4312 ὅλως
840 4248 1191 4319 Χριστιανοῖς
1216 4248 1317 4301 οὐκ
1349 4248 1731 4319 ἐπιτρέπεται,
1763 4248 1867 4321 μά-

2532 4017 2817 4075 llOMlLlA
2852 4016 3010 4074 XCV.

2062 4133 2488 4207 Temperandum
2523 4152 2556 4189 a
2585 4133 2840 4189 solutiore
2862 4140 2912 4188 et
2940 4132 3290 4188 immoderato
3325 4132 3460 4186 risu.

2041 4247 2245 4305 Ridere
2265 4247 2503 4303 solutius
2527 4246 2849 4316 neutiquam
2877 4244 2948 4300 iis
2965 4243 3299 4315 permissum
3323 4240 3417 4311 qui
3442 4240 3556 4297 sint

289 4334 443 4389 λιστα
482 4336 542 4390 δὲ
591 4338 867 4407 μοναχοῖς,
923 4339 1037 4401 τοῖς
1083 4336 1463 4404 σταυρώσασιν
1512 4340 1741 4406 ἑαυτοὺς
1785 4339 1864 4413 τῷ

1968 4354 2231 4412 germane
2266 4338 2568 4395 Christiani
2602 4336 2742 4393 :sed
2789 4336 3039 4392 omnium
3086 4335 3313 4390 minime
3353 4347 3557 4390 conve-

290 4426 501 4497 κόσμῳ.
548 4446 568 4479 ι
592 4428 659 4481 Et
684 4445 767 4492 τις
792 4428 902 4499 γάρ
932 4427 1081 4500 θέλῃ,
1111 4429 1296 4500 φησὶν,
1328 4429 1506 4484 ὀπίσω
1537 4448 1639 4502 μου
1672 4412 1866 4497 ἐλθεῖν,

1973 4433 2059 4488 nit
2113 4431 2423 4498 monachis,
2483 4431 2579 4501 qui
2641 4446 2701 4487 se
2754 4431 2867 4502 jam
2917 4428 3313 4486 cruciﬁxerunt
3362 4424 3555 4481 mundi

291 4518 701 4591 ἀπαρνησάσθω
735 4520 951 4588 ἐαυτὸν,
990 4520 1088 4574 καὶ
1132 4522 1321 4593 ἀράτω
1360 4522 1456 4577 τὸν
1495 4524 1733 4595 σταυρὸν
1769 4524 1871 4579 αὐ-

290 4608 407 4676 τοῦ,
435 4613 532 4665 καὶ
559 4610 930 4668 ἀκολουθείτω
970 4631 1083 4685 μοι.
1113 4632 1133 4666 ι
1166 4615 1278 4669 Καὶ
1307 4615 1429 4680 πῶς
1463 4616 1745 4686 ἐνδέχεται
1778 4616 1871 4672 τὸν

294 4704 724 4776 ἐμπεπαρμένον
753 4708 867 4769 τοῖς
894 4706 1123 4774 γλυκέσι
1150 4706 1304 4777 ἥλοις
1341 4706 1438 4762 τοῦ
1469 4708 1726 4780 σταυροῦ,
1749 4708 1874 4773 δια-

291 4793 503 4863 χεῖσθαι
528 4796 621 4848 καὶ
648 4794 849 4867 γελᾷν;
879 4797 954 4851 Οὐ
982 4797 1094 4870 γὰρ
1124 4798 1204 4861 είς
1230 4797 1606 4869 μετεωρισμδν
1639 4799 1874 4872 ἐκλήθη-

297 4901 418 4954 μεν,
446 4885 539 4939 καί¹
563 4887 801 4955 γέλωτα,
835 4888 925 4941 ἵνα
965 4887 1468 4961 κληρονομήσωμεν
1499 4889 1582 4955 τὸ,
1620 4890 1764 4955 οὐαὶ,
1796 4890 1875 4955 ὡς

293 4978 345 5029 oi
373 4976 599 5044 ἐθνικοὶ,
629 4978 767 5033 ἀλλά
807 4978 896 5035 διὰ
935 4978 1055 5033 τοῦ
1082 4979 1313 5045 πένθους
1339 4980 1442 5049 τῆς
1470 4980 1875 5053 παρακλήσεως

295 5068 371 5131 ὡς
401 5069 555 5131 ἐντὸς
595 5069 906 5142 γενώμεθα.
954 5071 1094 5142 Περὶ
1114 5070 1225 5143 γὰρ
1270 5070 1454 5144 ψυχῆς
1498 5072 1646 5137 ἄπας
1671 5074 1700 5126 ὀ
1725 5071 1875 5142 ἀγὼν

295 5158 452 5231 ἡμῶν
480 5160 712 5229 γίνεται,
743 5162 872 5233 περὶ
896 5157 965 5235 ἦς
994 5163 1161 5228 πολὺς
1181 5164 1448 5233 κίνδυνος,
1478 5166 1576 5220 καὶ
1609 5165 1638 5219 ὀ
1657 5165 1875 5229 αἰώνιος

300 5252 531 5321 βάσανος
554 5271 568 5285 ⁸
605 5255 708 5310 οὐκ
740 5256 887 5310 ἐστιν
916 5257 1028 5327 γὰρ
1060 5258 1120 5311 ἐν
1149 5255 1278 5329 ᾅδου
1317 5258 1735 5330 ἐξομολόγησις,
1772 5259 1876 5311 οὐκ

298 5344 447 5400 ἐστιν
473 5346 683 5420 δάκρυα
705 5350 798 5403 καὶ
822 5350 1140 5421 στεναγμοὶ,
1164 5350 1234 5402 τὰ
1251 5348 1610 5404 δυσωποῦντα
1639 5350 1730 5404 τὸν
1752 5366 1877 5421 κρι-

299 5436 428 5510 τήνο
462 5439 565 5493 οὐκ
609 5440 757 5495 ἐστιν
801 5441 1175 5514 προσθεσμίας
1213 5443 1338 5513 ὅρος
1385 5442 1520 5507 ἐκεῖ,
1550 5442 1676 5496 οὐδὲ
1711 5442 1877 5513 μετάο

370 5595 605 5671 '_'_Et-cii.
664 5600 866 5671 ιχιν,1
901 5614 1054 5671 seqq.
1186 5601 1227 5632 "
1256 5599 1425 5671 Ecdi-
1459 5617 1565 5664 Χνις
1614 5602 1734 5657 1'5-

305 5665 347 5738 ν’
381 5665 573 5738 Matth.
629 5684 740 5733 xm,
774 5670 876 5734 47,
915 5665 1031 5724 48.-
1137 5670 1179 5702 ¹⁹
1227 5670 1384 5738 ibid.,
1418 5671 1503 5737 -i9,
1535 5671 1623 5727 50.

302 5737 349 5768 ’³
376 5737 506 5792 Luc.
536 5755 626 5803 xu,
654 5740 741 5794 3:2.
823 5742 865 5771 "
889 5740 1020 5796 Luc.
1051 5758 1127 5809 Ix,
1164 5742 1252 5796 ‘23.

1839 5601 1881 5633 "
1914 5600 1958 5655 ll
1999 5599 2141 5655 Tim.
2175 5617 2235 5663 ιι,
2294 5596 2378 5653 19.

1742 5671 1787 5704 ³⁸
1828 5671 2019 5728 Matth.
2060 5687 2190 5735 nn,
2232 5670 2315 5725 14.

1973 4526 2138 4584 istius
2184 4526 2357 4581 vitiis.
2409 4523 2500 4580 Ait
2556 4525 2708 4580 enim
2775 4524 3045 4580 Dominus
3084 4540 3099 4577 :
3141 4542 3157 4573 ι
3183 4521 3240 4578 Si
3274 4521 3402 4592 quis
3435 4522 3559 4574 vult

1970 4627 2098 4690 post
2153 4633 2243 4674 me
2292 4617 2510 4682 venire,
2563 4616 2802 4688 abneget
2857 4616 3247 4686 semetipsum,
3299 4623 3355 4669 et
3404 4613 3559 4667 tollat

1973 4718 2194 4767 crucem
2251 4725 2407 4767 suam
2459 4717 2517 4765 et
2572 4720 2839 4780 sequatur
2901 4724 2988 4763 me
3008 4708 3119 4762 “.i
3162 4706 3267 4773 Qui
3321 4703 3557 4776 (quaeso)

1972 4802 2259 4874 probabile
2295 4801 2387 4860 sit.
2418 4799 2570 4854 hunc
2611 4800 2795 4855 crucis
2837 4798 3044 4855 Christi
3076 4797 3339 4853 dulcibus
3388 4793 3559 4849 clavis

1974 4907 2097 4949 esse
2144 4890 2489 4957 transﬁxum,
2527 4888 2622 4960 qui
2670 4889 2749 4945 sic
2799 4888 2973 4944 soleat
3019 4884 3336 4957 profusiore
3367 4884 3556 4939 laetitia

1976 4983 2212 5039 diffundi
2240 4992 2297 5039 et
2321 4982 2504 5037 ridere
2535 4980 3016 5050 solutius?Nequc
3044 4979 3192 5033 enim
3212 4976 3282 5033 ad
3309 4977 3555 5048 ejusmo-

1978 5074 2034 5130 di
2067 5075 2237 5129 animi
2289 5074 2585 5129 elationem
2632 5083 2728 5127 aut
2776 5073 2951 5127 risum
2999 5069 3323 5126 solutiorem
3372 5066 3555 5123 vocati

1972 5181 2188 5233 sumus,
2220 5183 2290 5223 ne
2328 5181 2428 5236 per
2459 5166 2576 5221 lucc
2619 5144 2841 5220 demum
2878 5163 3164 5233 contingat
3195 5177 3297 5217 nos
3337 5160 3556 5230 assequi

1974 5273 2085 5314 una
2113 5273 2239 5315 cum
2278 5256 2519 5313 ethnicis
2553 5257 2711 5321 illud,
2751 5272 2856 5324 vae,
2915 5254 3086 5326 magis
3135 5267 3267 5308 vero
3321 5268 3421 5323 per
3476 5252 3558 5306 lu-

1972 5358 2147 5416 ctum,
2177 5357 2395 5421 gustum
2432 5348 2879 5417 qualemcunquc
2932 5344 3289 5416 prmlihemus
3318 5344 3556 5397 internze

1974 5441 2390 5499 consolationis.
2454 5442 2562 5497 Pro
2620 5440 2818 5496 animae
2878 5440 3025 5494 cnim
3087 5435 3333 5508 paranda
3381 5434 3559 5491 salute

2514 5597 2556 5628 "
2588 5596 2721 5650 ibid.
2755 5638 2768 5661 ,
2790 5594 2881 5650 20.
3008 5596 3049 5626 ’⁷
3074 5592 3265 5649 Matth.
3301 5608 3407 5647 xxv
3429 5632 3443 5652 .
3471 5590 3555 5647 Η.

2447 5668 2710 5723 "Matth.
2746 5667 2954 5726 νικῶ.
3075 5666 3121 5695 "
3243 5667 3398 5734 lhitl.,
3509 5663 3559 5721 Ι.
