4042 6458
580 310 718 376 1723

1851 310 2217 375 ANTIOCHI
2257 312 2605 377 MONACIII

3685 324 3783 390 ιπι

577 435 877 487 universus
895 429 985 485 hic
1011 431 1175 486 nobis
1193 442 1487 504 susceptus
1500 441 1588 489 est
1602 447 1764 502 agon,
1779 431 1868 484 cui
1894 431 2026 484 alias
2041 430 2152 484 non

2259 448 2403 494 νοια,
2434 435 2536 487 οὐκ
2570 434 2718 488 ἐστιν
2748 436 3008 502 ἐπάνοδος
3047 439 3186 509 μετά
3208 440 3309 511 τὴν
3344 438 3593 494 ἐντεῦθεν
3620 441 3783 507 [Eatur

578 524 858 579 mediocre
893 524 1177 594 impendet
1227 526 1556 595 periculum,
1581 539 1691 578 non
1724 524 1844 577 leve
1889 538 2011 577 eam
2045 531 2162 576 tor-

578 632 824 675 tuentum
850 626 1057 682 manet,
1086 617 1184 673 sed
1210 629 1501 672 :cternutn.
1523 616 1657 683 Quis
1677 617 1825 671 enim
1854 617 1906 670 in
1941 617 2161 672 inferno

580 711 915 780 relinquitur
938 709 1277 765 confessioni
1305 708 1585 765 loctts”'?.
1618 707 1799 762 Nullis
1837 707 1953 762 illic
1983 709 2163 779 lacry-

580 805 684 858 mis
713 812 807 857 aut
845 804 1170 873 suspiriosis
1192 802 1510 873 gemitibus
1539 803 1621 854 ira
1667 801 1914 855 ﬂectitur
1949 802 2161 872 judicis

578 894 901 963 mquissimi.
931 893 991 947 In
1024 894 1232 947 nullius
1276 892 1408 945 item
1437 890 1693 961 gratiam,
1712 889 1997 960 praeﬁnita:
2025 891 2159 962 legis

582 987 853 1040 terminus
885 986 1171 1057 prorogari
1216 985 1330 1039 illic
1369 993 1572 1054 potest,
1612 983 1707 1038 sed
1758 999 1938 1053 neque
1977 985 2159 1054 paeni-

582 1078 754 1131 tentia
803 1078 914 1131 ulla
945 1079 1054 1147 jam
1093 1076 1321 1131 residet.
1366 1076 1447 1131 Ab
1482 1076 1638 1130 exitu
1677 1075 1836 1131 istius
1861 1076 1986 1131 vita:
2020 1076 2157 1130 nulli

582 1169 911 1222 conceditur
954 1168 1168 1222 reditus
1203 1185 1217 1220 :
1258 1169 1391 1236 quin
1429 1166 1496 1221 ad
1543 1176 1745 1221 metant
1788 1167 1881 1222 ubi
1922 1183 2160 1238 perven-

582 1268 697 1312 tum
728 1269 812 1313 est
855 1260 1019 1326 hujus
1052 1258 1545 1330 peregrinationis,
1577 1258 1716 1314 nihil
1748 1260 1861 1328 jam
1900 1267 2159 1313 occurret

581 1354 874 1423 peceatrici
907 1352 1106 1408 animae
1153 1366 1261 1405 non
1309 1353 1530 1421 plenum
1577 1351 1984 1414 amaritudinis,
2018 1350 2157 1406 nihil

579 1459 689 1498 non
723 1445 944 1512 plenum
978 1443 1345 1504 intolerabilis
1369 1443 1632 1498 molestiae
1660 1452 1716 1498 et
1742 1442 2063 1497 acerbitatis
2089 1442 2159 1496 iis

580 1537 675 1606 qui
716 1535 991 1590 indultum
1026 1536 1093 1589 ad
1124 1535 1507 1606 pcenitentiam
1533 1546 1752 1606 tempus
1777 1534 2074 1606 neglectim
2101 1541 2159 1589 et

579 1629 697 1682 sine
734 1628 917 1681 fructu
956 1627 1389 1682 transmiserint.
1435 1627 1533 1681 llis
1574 1628 1724 1681 enim
1753 1627 1998 1698 primum
2028 1626 2158 1681 hor-

578 1721 746 1776 renda
798 1714 1026 1790 prorsus
1078 1712 1329 1789 nullique
1396 1735 1509 1774 non
1540 1712 1941 1775 ilormidabilis
1987 1719 2158 1774 facies

577 1821 931 1883 peccatorum
974 1827 1097 1881 quae
1143 1820 1377 1867 eatenus
1424 1810 1773 1875 admiserint,
1814 1813 1961 1867 ultro
1984 1829 2043 1868 se
2074 1813 2156 1867 in-

575 1913 732 1968 geret
762 1902 1074 1966 visendam,
1101 1901 1284 1957 dirum
1318 1903 1480 1972 plane
1511 1904 1890 1973 spectaculum
1917 1913 1975 1960 et
2002 1904 2154 1960 omni

574 1994 850 2063 supplicio
880 1993 1140 2048 amarius.
1167 1993 1275 2049 Sed
1304 2001 1361 2047 et
1391 1994 1494 2049 hos
1521 1995 1863 2049 conscientia
1889 1996 2155 2052 interiore

574 2086 749 2155 ﬂagro
786 2085 1176 2149 conscindens,
1214 2100 1282 2142 eo
1328 2086 1541 2155 adiget_
1566 2094 1627 2141 ut
1687 2088 2046 2143 continenter
2098 2096 2155 2142 et

572 2178 954 2232 vociferentur
989 2185 1045 2233 et
1076 2178 1287 2249 cjulent
1321 2178 1508 2233 verbis
1532 2162 1670 2245 (illis
1714 2179 2153 2249 comploratione

574 2272 724 2325 omni
773 2271 1115 2342 dignissimis
1145 2286 1159 2324 :
1188 2270 1281 2326 Ἴτε
1329 2270 1507 2337 mihi;
1560 2270 1757 2341 quidni
1815 2271 1965 2327 hunc
2012 2287 2158 2341 pra:-

570 2364 686 2418 vidi
729 2364 897 2424 diem.
928 2362 1098 2417 miser
1136 2364 1280 2433 ego?
1309 2363 1362 2418 is
1424 2377 1872 2433 quaquaversum
1916 2363 2156 2418 circum-

571 2463 696 2525 aget
730 2454 942 2516 oculos.
971 2455 1195 2523 angelos
1219 2454 1333 2508 illic
1367 2453 1883 2509 circumvolitantes
1916 2454 2155 2509 intuebi-

571 2554 685 2603 tur.
712 2560 741 2599 a
777 2544 1259 2600 commiseratione
1309 2559 1484 2612 usque
1510 2542 1650 2597 adeo
1680 2538 2067 2608 abhorrentes,
2092 2549 2156 2598 ut

570 2636 657 2690 vel
706 2636 822 2689 sola
878 2634 1063 2704 specie
1103 2632 1488 2688 incredibilem
1532 2642 1699 2702 atque
1744 2632 2153 2687 intolerandum

570 2727 849 2781 incutiant
888 2727 1191 2796 spectatori
1243 2734 1536 2779 terrorem.
1577 2723 1693 2778 Sub
1741 2725 1935 2779 horam
1988 2734 2156 2780 tantas

572 2819 735 2872 istius
784 2816 1444 2873 adeundaenccessitatis
1483 2816 1846 2886 suspirabunt
1890 2818 2152 2886 amarius,

572 2925 699 2963 rum
749 2924 1031 2978 nunquam
1080 2909 1360 2972 ﬁniendis,
1408 2908 1506 2963 sed
1549 2908 1817 2965 aeternum
1872 2910 2157 2966 duraturis

574 2999 867 3055 tradentur
900 3001 1145 3055 tenebris
1189 3001 1299 3055 illis
1349 3002 1727 3057 exterioribus
1772 3017 1897 3057 cum
1934 3002 2066 3057 ﬂetu
2098 3011 2155 3058 et

2266 526 2402 579 ἀλλὰ
2428 526 2568 595 μετά
2590 527 2687 597 τὴν
2713 526 2961 581 ἐντεῦθεν
3000 531 3314 600 ἀποδημίαν
3347 531 3529 583 πάντα
3549 531 3637 585 δλα
3660 540 3788 606 πικρὰ

2265 618 2694 688 συναντήσουσιν
2715 622 2828 684 τοῖς
2849 621 3183 675 ἀπολέσασιν
3211 624 3304 675 τὸν
3338 624 3539 693 καιρὸν
3562 624 3649 691 τῆς
3668 643 3789 693 μετα·

2261 709 2433 771 νοίας.
2456 709 2858 781 Συναντὴσεται
2884 712 2995 781 γὰρ
3026 708 3209 777 αὐτοῖς
3250 716 3282 785 ή
3318 713 3601 784 φρικώδης
3620 716 3700 767 καὶ
3722 733 3791 784 φο-

2262 800 2399 872 ϐερὰ
2424 801 2548 871 ὄψις
2586 803 2766 873 ἐκείνη
2800 800 2910 855 τῶν
2946 806 3177 858 οἰκείων
3212 806 3629 876 ἁμαρτημάτων
3657 809 3793 880 πάσης

2261 893 2536 956 κολάσεως
2560 894 2880 964 πικροτέρα,
2922 896 3017 948 καὶ
3050 898 3287 961 συνειδὸς
3315 898 3795 969 μαστιγοῦναῦτοὺς

2261 984 2472 1038 ἔνδοθεν
2502 986 2745 1057 συνεχῶς
2773 986 3109 1055 φθέγγεσθαι
3132 988 3202 1041 τὰ
3225 989 3443 1042 ἐλεεινὰ
3466 993 3673 1060 ῥήματα
3691 994 3797 1046 ἐκεῖ.

2260 1095 2327 1131 να
2353 1095 2368 1110 ·
2424 1078 2587 1149 Οἴμοι
2635 1079 2767 1144 ἐγὼ,
2802 1080 2885 1132 ὅτι
2933 1079 3042 1134 ἴδον
3064 1080 3178 1152 τὴν
3206 1083 3430 1155 ἡμέραν
3455 1083 3672 1152 ταύτην·
3698 1085 3798 1139 ὅπου

2259 1169 2369 1239 γὰρ
2396 1171 2493 1223 ἐὰν
2520 1170 2833 1240 περιαγάγῃ
2860 1170 2953 1223 τὸν
2976 1170 3279 1242 ὀφθαλμὸν,
3310 1175 3443 1226 ἐκεῖ
3464 1173 3648 1237 ὄψεται
3666 1176 3797 1242 άγγί·

2257 1255 2379 1318 λους
2412 1255 2802 1328 ἀνελεήμονας,
2831 1259 3275 1329 φρικωδέστατον
3293 1261 3534 1332 ἔχοντας
3563 1259 3709 1326 530;.
3737 1265 3798 1318 Ἐν

2258 1347 2442 1418 ἐκείνῃ
2474 1347 2583 1418 γὰρ
2633 1351 2698 1419 τῇ
2744 1347 2864 1419 ὥρᾳ
2903 1350 3004 1419 τῆς
3054 1350 3327 1421 ἀνάγκης,
3371 1350 3713 1416 στενάξουσιν
3733 1371 3795 1407 τι·

2258 1438 2426 1507 κρῶς,
2457 1440 2585 1499 ὅταν
2612 1442 2829 1511 θανάτῳ
2866 1442 2962 1495 καὶ
2992 1444 3197 1514 αἰωνίῳ
3227 1443 3635 1516 παραδίδωνται

2262 1531 2537 1604 ἐξωτέρω,
2577 1537 2673 1588 καὶ
2701 1537 2988 1611 κλαυθμῷ,
3033 1539 3131 1592 καὶ
3172 1536 3418 1608 βρυγμῷ
3474 1536 3797 1602 ὸδόντων,κ³ὶ

2261 1625 2506 1696 σκώληκι
2552 1629 2919 1703 ἀτελευτήτῳ,
2962 1633 3059 1687 καὶ
3108 1631 3355 1699 πυθμένι
3400 1630 3560 1700 ᾅδου,
3595 1632 3682 1682 καὶ
3702 1647 3797 1701 ταρ-

2257 1720 2430 1790 τάρῳ,
2465 1722 2556 1773 καὶ
2575 1722 2770 1795 γεέννῃ
2802 1723 3195 1795 χαλεπωτάτῃ.
3234 1723 3473 1793 Ταύτης
3503 1721 3612 1792 γὰρ
3637 1723 3708 1776 δεῖ
3733 1742 3797 1777 πε-

2261 1807 2616 1874 ριϐλέπεσθαι
2633 1813 2702 1864 τὰ
2729 1813 3149 1885 βασανιστήρια,
3171 1813 3242 1866 τὰ
3269 1811 3690 1880 ἀπεκδεχόμενα
3710 1814 3797 1873 τώς

2257 1902 2641 1973 ἁμαρτωλούς·
2669 1905 2766 1958 καὶ
2794 1906 2868 1975 μὴ
2890 1905 3197 1976 διαχεῖσθαι
3227 1906 3287 1958 ὲν
3319 1905 3555 1973 γέλωτι,
3580 1902 3612 1973 ἢ
3641 1920 3797 1972 μετεω-

2257 1998 2496 2065 ρισμοῖς.
2537 1995 2699 2049 Ἀλλὰ
2769 1997 2971 2068 μᾶλλον
3031 1997 3300 2061 ἀτενίζειν
3348 1996 3711 2059 ἀδιαλείπτως
3745 1997 3797 2060 εις

2254 2087 2357 2157 τὴν
2385 2089 2545 2159 χάριν
2572 2088 2666 2142 τοῦ
2703 2089 2863 2153 Θεοῦ,
2893 2089 3079 2153 καθὼς
3110 2092 3140 2143 6
3181 2090 3471 2160 μακάριος
3499 2088 3677 2154 Δαιιῒδ,
3702 2090 3797 2143 ἀπι-

2257 2177 2471 2232 6λέπων
2495 2181 2575 2242 είς
2590 2179 2690 2250 τὴν
2716 2182 2875 2252 χάριν
2898 2181 2994 2235 τοῦ
3017 2181 3177 2245 Θεοῦ,
3201 2180 3398 2248 ἔλεγεν
3421 2196 3439 2211 ·
3477 2198 3497 2232 ι
3538 2180 3624 2243 Ὠς
3644 2179 3798 2246 ὀφθαλ-

2259 2271 2350 2342 μοὶ
2393 2270 2595 2325 δούλων
2635 2274 2715 2337 είς
2753 2277 2949 2345 χεῖρας
2970 2274 3080 2327 τῶν
3126 2274 3341 2344 κυρίων
3387 2272 3580 2325 αὐτῶν
3603 2271 3797 2334 οὕτωςοὶ

2255 2361 2530 2431 ὀφθαλμοὶ
2564 2362 2723 2433 ἡμῶν
2757 2363 2894 2433 πρὸς
2930 2363 3136 2431 Κύριον
3161 2360 3255 2415 τὸν
3294 2361 3441 2415 Θεὸν
3474 2361 3651 2429 ἡμῶν,
3673 2378 3691 2410 ι
3725 2360 3798 2412 Kal

2255 2453 2448 2506 πάλιν·
2489 2454 2667 2507 «Οὐδὲ
2719 2452 3203 2525 ἐμετεωρίσθησαν
3248 2439 3307 2505 οἷ’
3344 2450 3631 2521 ὀφθαλμοί
3671 2466 3797 2518 μου.»

2255 2544 2446 2607 Οὕτως
2473 2545 2568 2599 καὶ
2603 2546 2770 2614 ἡμεῖς
2808 2544 3099 2613 ὀφείλομεν
3129 2545 3351 2613 νήφειν,
3395 2542 3497 2596 καὶ
3529 2542 3716 2612 ἑφορᾷν
3747 2541 3801 2601 εἰς

2253 2637 2353 2704 τὴν
2383 2637 2544 2707 χάριν
2573 2634 2669 2689 τοῦ
2717 2636 2876 2701 Θεοῦ,
2908 2632 3002 2689 ἵνα
3045 2636 3121 2707 μὴ
3175 2635 3559 2702 ἀποθάνωμεν
3601 2630 3698 2684 ὑπὸ
3725 2628 3800 2683 uin

2255 2724 2649 2796 θανατηφόρων
2713 2729 2893 2795 δφεων
2918 2743 2934 2758 ·
3006 2727 3284 2780 τουτέστιν
3310 2765 3327 2790 ,
3383 2725 3503 2778 τῶν
3566 2721 3799 2792 ἁμαρτιῶν

2253 2819 2431 2890 ἡμῶν.
2462 2820 2526 2873 Ol
2548 2820 2657 2890 γὰρ
2682 2818 2788 2872 ὑπὸ
2820 2818 2985 2890 χάριν
3013 2818 3190 2880 ὄντες,
3221 2817 3309 2871 ἀεὶ
3339 2816 3498 2869 κατὰ
3535 2814 3654 2867 νοῦν
3689 2812 3801 2882 ἔχον.

2256 2928 2341 2964 σιν
2365 2912 2432 2963 τὰ
2466 2909 2675 2962 ἑαυτῶν
2701 2909 2807 2979 πλη
2819 2908 2995 2979 μμελή
3006 2924 3174 2978 ματα,
3200 2910 3293 2961 καὶ
3323 2905 3703 2975 θαυμάζοντες
3726 2902 3796 2970 τὴν

2255 3000 2567 3068 ἀγαθότητα
2612 3001 2709 3053 τοῦ
2759 2998 2919 3063 Θεοῦ,
2946 2998 3039 3051 καὶ
3064 2997 3318 3066 λέγοντες
3354 2998 3418 3049 ὲν
3457 2996 3698 3057 ἑαυτοῖς·
3732 2992 3798 3044 Ἐκ

2188 1783 2230 1839 Β

571 3094 814 3148 stridore
849 3094 1121 3157 dentium,
1154 3093 1378 3163 quando
1412 3109 1692 3163 nunquam
1738 3094 2155 3149 intermorituro

2261 3094 2440 3147 πόσων
2465 3092 2652 3146 κακῶν
2686 3092 2956 3164 ἐρρύσατο
2987 3092 3134 3160 ἡμᾶς
3164 3091 3193 3143 ὁ
3222 3088 3363 3151 θεός
3389 3089 3405 3141 ι
3445 3087 3543 3141 καὶ
3584 3086 3635 3137 τί
3676 3086 3797 3153 ἡμεῖς

573 3184 746 3237 vermi
798 3183 1094 3239 arrodendi
1141 3184 1628 3254 mancipabuntur,
1667 3200 1792 3239 cum
1828 3186 1880 3239 in
1922 3185 2154 3256 profun-

571 3274 698 3330 dam
732 3275 931 3329 inferni
959 3276 1276 3344 voraginem
1309 3284 1543 3347 agentur
1569 3275 1902 3346 praecipites,
1940 3275 2156 3346 1179

572 3380 771 3435 nempe
806 3366 863 3420 in
894 3365 1186 3421 Tartarum
1217 3381 1281 3421 ac
1318 3367 1629 3438 gehennam
1665 3367 1818 3422 omni
1845 3368 2153 3423 acerbitate

571 3454 941 3524 superiorem.
989 3455 1113 3511 llzre
1165 3456 1328 3525 plane
1373 3464 1525 3517 sunt,
1560 3464 1716 3519 sunt,
1761 3457 2153 3527 inquam,loca

570 3547 691 3602 haec
728 3548 1062 3603 atrocissimi
1113 3548 1427 3612 examinis,
1456 3548 1607 3603 omni
1658 3549 2013 3620 recogitanda
2042 3550 2154 3604 cir-

571 3641 1010 3710 cumspectione,
1040 3656 1164 3711 quae
1205 3641 1543 3711 peccatriccs
1591 3643 1803 3696 animas
1843 3642 2029 3697 hiulco
2058 3656 2153 3697 ore

569 3733 852 3801 excipiunt
882 3749 895 3785 :
923 3748 1032 3787 non
1069 3735 1201 3788 item
1228 3733 1309 3788 sic
1330 3734 1549 3790 animus
1574 3733 1812 3788 dill‘undi
1840 3731 2008 3789 debet
2038 3736 2150 3790 risu

568 3826 860 3891 solutiore,
901 3834 996 3880 aut
1020 3826 1355 3883 insolescere
1391 3842 1490 3896 per
1514 3828 1834 3885 elationem.
1863 3827 1981 3883 Prae
2005 3830 2155 3899 ejus-

571 3917 720 3970 modi
779 3929 962 3971 tamen
1002 3932 1101 3986 par
1138 3925 1241 3980 est,
1296 3918 1491 3972 oculos
1530 3918 1736 3973 mentis
1775 3917 2053 3973 indivulse
2096 3927 2153 3974 et

571 4010 820 4078 pressius
854 4009 1092 4080 deligere
1135 4009 1190 4064 in
1235 4009 1583 4080 propositum
1611 4010 1870 4065 omnibus
1903 4026 2004 4065 ceu
2031 4025 2153 4066 sco~

570 4118 725 4173 pum,
759 4102 990 4173 gratiam
1036 4102 1174 4168 Dei;
1209 4102 1674 4173 quemadmodum
1720 4111 1776 4156 et
1816 4102 2013 4157 beatus
2041 4102 2151 4157 Da-

572 4194 686 4260 vid,
719 4195 811 4265 qui
841 4210 966 4249 cum
1008 4194 1181 4264 ipsius
1228 4196 1459 4265 gratiam
1495 4194 1925 4250 venerabundos
1966 4195 2151 4266 suspi-

567 4298 745 4354 ceret,
778 4294 905 4342 cum
926 4287 1293 4342 adtttiratione
1326 4281 1581 4343 dicebat:
1621 4307 1638 4337 ι
1672 4287 1829 4342 Sicut
1861 4288 2005 4343 oculi
2038 4302 2156 4343 ser-

571 4396 770 4435 vorum
810 4380 865 4434 in
895 4380 1153 4434 manibus
1186 4380 1562 4444 dominorum,
1597 4382 1673 4436 ita
1700 4381 1845 4436 oculi
1876 4382 2056 4436 nostri
2083 4370 2153 4436 ad

2259 3188 2310 3241 οἱ
2342 3185 2551 3251 ἀνάξιοι
2581 3185 2776 3255 ἔχομεν
2809 3180 3098 3237 ἀποδοῦναι
3127 3180 3314 3252 asse;
3346 3180 3453 3232 καὶ
3489 3178 3563 3250 μὴ
3588 3179 3642 3228 ὲν
3669 3174 3800 3242 γέλω·

2258 3295 2312 3331 τι
2362 3280 2453 3330 καὶ
2485 3275 2851 3348 μετεωρισμῷ
2879 3274 3262 3340 ἀναλίσκωμεν
3292 3272 3396 3334 τὰς
3423 3271 3528 3339 τῆς
3558 3266 3800 3337 παροικίας

2259 3370 2493 3442 ἡμέρας.
2524 3370 2682 3440 Πάσῃ
2706 3363 2799 3421 οὖν
2828 3366 3042 3435 φυλακῇ
3066 3365 3406 3433 τηρήσωμεν
3437 3360 3676 3423 ἑαυτοὺς,
3695 3358 3801 3423 ἀγα·

2262 3461 2445 3532 πητοὶ,
2471 3459 2564 3514 τοῦ
2614 3459 2687 3529 μὴ
2740 3457 2944 3512 ἁλῶναι
2975 3456 3079 3508 ὑπὸ
3112 3455 3207 3508 τοῦ
3255 3452 3518 3523 Ἐχθροῦ,
3547 3452 3604 3504 ἐν
3632 3453 3723 3510 tot;
3743 3447 3803 3499 δι·

2258 3552 2445 3615 κτύοις
2472 3550 2564 3604 τοῦ
2607 3550 2872 3618 γέλωτος·
2911 3548 3087 3602 πολλὰ
3134 3546 3241 3616 γάρ
3275 3548 3425 3599 εἰσιν
3452 3546 3524 3597 τὰ
3574 3542 3634 3606 ἐξ
3673 3535 3802 3593 αὐτοῦ

2259 3643 2553 3713 τικτόμενα
2604 3642 2783 3697 ἄτοπα
2835 3640 2933 3694 καὶ
3001 3636 3287 3692 διαεολικὰ
3348 3636 3536 3703 πάθη·
3584 3633 3682 3685 τῶν
3720 3629 3803 3699 γὰρ

2259 3733 2512 3803 ἀφρόνων
2545 3733 2693 3785 ἐστὶν
2734 3733 2763 3784 ό
2813 3730 3008 3797 γέλως,
3047 3729 3246 3799 μᾶλλον
3274 3727 3331 3780 δὲ
3372 3726 3490 3779 τῶν
3519 3726 3608 3778 ἐπὶ
3638 3721 3803 3790 σκηνῆς

2261 3821 2684 3893 ἑταιριζομένων
2717 3820 3017 3874 ἀσυνέτων.
3047 3818 3147 3872 Διὰ
3169 3816 3329 3871 τοῦτο
3355 3812 3457 3871 οὖν
3487 3817 3548 3869 οὺ
3577 3811 3800 3883 συμφέρει

2260 3916 2456 3984 ἄφρονι
2491 3914 2692 3983 τρυφὴ,
2742 3912 2830 3965 ἵνα
2883 3912 2957 3982 μὴ
2996 3911 3333 3982 ὲπαίρηται·
3382 3910 3579 3977 ὥσπερ
3602 3908 3628 3958 ὁ
3658 3903 3714 3966 ἐξ
3733 3902 3801 3953 Ai-

2260 4003 2472 4073 τύπτου
2500 4003 2630 4066 λαὸς
2664 4001 2918 4071 ἐξελθών.
2958 4000 3191 4053 Ἐκεῖνοι
3221 4000 3330 4071 γὰρ
3379 4001 3474 4052 ὅτε
3517 3994 3797 4065 ἀπηλλάγη-

2263 4111 2364 4148 σαν
2396 4092 2506 4146 τῶν
2546 4091 3019 4161 Αίγυπτίων,-καὶ
3036 4086 3175 4144 εἶδον
3207 4088 3298 4142 τὸν
3339 4089 3508 4159 βυθὸν
3542 4084 3706 4139 αὐτῶν
3728 4081 3797 4133 τά⁶

2261 4202 2360 4256 φον
2407 4183 2799 4253 γεγενημένον,
2843 4183 2966 4235 τότε
3024 4185 3105 4244 εἰς
3174 4178 3622 4251 εἰδωλολατρείαν
3674 4174 3797 4239 ἐτρά-

2260 4292 2476 4347 πησαν·
2514 4274 2800 4337 διαϐάντες
2848 4274 2958 4344 γὰρ
3006 4271 3108 4341 τὴν
3159 4270 3467 4334 θάλασσαν,
3523 4269 3615 4321 καὶ
3667 4263 3795 4335 μηδὲν

2260 4367 2585 4429 κινδυνῶες
2608 4364 3026 4434 ὑπομείναντες,
3056 4363 3303 4426 ἐλθόντες
3318 4363 3399 4424 είς
3409 4361 3510 4432 τὴν
3530 4361 3629 4429 γῆν
3650 4355 3795 4410 Evasi-

573 4470 871 4525 Dominum
937 4470 1106 4523 Deum
1178 4480 1430 4524 nostrum
1457 4470 1523 4523 ".
1554 4490 1573 4521 ι
1626 4472 1831 4526 lterum
1862 4490 1874 4526 :
1919 4492 1937 4523 ι
1963 4473 2153 4541 Neque

2258 4475 2470 4533 γησαν·
2500 4461 2591 4513 ὅτε
2642 4458 2744 4524 τῆς
2790 4458 2992 4525 πικρᾶς
3041 4456 3308 4520 δουλείας,
3339 4456 3439 4508 καὶ
3486 4452 3578 4506 τοῦ
3614 4448 3795 4506 πένθους

567 4559 702 4616 elati
734 4572 862 4613 sunt
892 4559 1039 4614 oculi
1074 4561 1181 4614 mei
1201 4560 1266 4615 “.
1295 4580 1312 4609 ι
1343 4560 1422 4616 Ad
1452 4577 1579 4616 eum
1614 4562 1839 4617 modum
1883 4563 2153 4618 debemus

2258 4548 2724 4619 ἐλευθερώθησαν,
2778 4546 2901 4599 τότε
2952 4544 3268 4610 ἐξώκειλαν.
3327 4543 3531 4604 Καλῶς
3584 4535 3793 4593 τοίνυνὸ

568 4658 631 4702 et
658 4665 759 4704 nos
799 4649 994 4704 attenti
1038 4665 1161 4704 esse
1211 4659 1266 4705 et
1310 4652 1627 4722 pervigiles,
1677 4652 1846 4722 inque
1883 4668 2003 4708 eam
2054 4652 2155 4709 Dei

2258 4642 2695 4713 Παροιμιαστῆς·
2722 4639 2855 4710 φησὶ
2874 4638 3014 4708 γάρ·
3052 4656 3070 4688 ι
3101 4636 3281 4697 Γέλως
3305 4636 3581 4688 ἀσυνέτων
3612 4634 3793 4722 ἐνοπα-

569 4742 806 4813 gratiam
850 4743 1047 4796 oculos
1092 4745 1295 4797 mentis
1346 4743 1507 4797 lixius
1550 4743 1879 4810 intendere,
1943 4760 2012 4800 ne
2045 4745 2155 4815 ipsi

2258 4734 2392 4805 τάλῃ
2422 4730 2716 4802 ἁμαρτίας.
2746 4746 2764 4779 ι
2804 4729 2912 4780 Καὶ
2965 4726 3161 4779 πάλιν·
3205 4735 3225 4777 ‘t
3256 4725 3486 4791 ’Ἄφρων
3541 4724 3597 4771 ὲν
3635 4717 3791 4815 γέλωτι

570 4831 967 4887 occumbamus
1012 4831 1066 4885 in
1126 4842 1382 4897 mortem,
1426 4833 1618 4889 lethali
1669 4834 1801 4888 dum
1844 4835 2157 4904 abripimur

2260 4804 2458 4890 ἀνυφοῖ
2506 4822 2690 4891 φωνὴν
2747 4817 2914 4871 αὑτοῦ
2938 4833 2950 4847 ·
2991 4817 3132 4886 ἀνὴρ
3192 4815 3251 4868 δὲ
3307 4812 3631 4883 πανοῦργος,
3678 4804 3792 4907 μόξιξ

572 4938 760 4980 morsu
805 4927 1175 4994 serpentium,
1213 4926 1317 4980 hoc
1363 4935 1466 4989 est,
1492 4942 1616 4996 quze
1658 4926 1762 4996 ipsi
1797 4927 2150 4994 admisimus,

2259 4917 2436 4987 ἡσυχῆ
2486 4913 2778 4984 μειδιάσει.
2801 4929 2819 4963 ι
2862 4911 2975 4964 Καὶ
3019 4908 3182 4963 πάλιν
3205 4924 3220 4939 ·
3257 4925 3276 4958 ι
3305 4908 3403 4968 ⁸ος
3449 4892 3791 4960 κατασπασαὶᾷ

572 5028 947 5088 peccatorum.
996 5017 1101 5085 Qui
1141 5018 1288 5072 enim
1345 5034 1404 5072 se
1432 5028 1739 5090 agnoscunt
1777 5019 2005 5076 subesse
2046 5021 2155 5092 legi

2258 5009 2322 5061 ἐκ
2354 5005 2633 5070 παιδόθεν,
2658 5003 2844 5073 ἱκέτης
2882 5002 3057 5055 ἔσται·
3095 5000 3329 5070 ἔσχατον
3362 4993 3418 5051 δὲ
3447 4993 3788 5092 ὸδυνηθήσῖτρι

572 5111 781 5181 gratiae.
817 5127 913 5165 sua
946 5112 1193 5182 ipsorum
1225 5111 1439 5166 delicta'
1460 5113 1614 5167 nullo
1637 5128 1744 5168 non
1787 5109 2034 5183 t'emporc
2062 5114 2157 5168 ita-

2258 5099 2345 5169 ἐφ’
2376 5100 2590 5152 ἑαυτόν.
2626 5115 2645 5148 ι
2685 5096 2795 5149 Καὶ
2822 5095 3054 5160 ἐπάγει·
3094 5110 3113 5143 ι
3153 5090 3245 5152 Ὠς
3269 5086 3421 5158 φωνὴ
3452 5086 3554 5139 τῶν
3585 5077 3789 5183 bovili”

2257 5167 2365 5246 ὑπὸ
2407 5190 2498 5243 τὸν
2536 5188 2760 5258 λέϐητα,
2782 5184 2955 5246 οὕτως
2984 5186 3013 5237 ὁ
3039 5182 3215 5252 γέλως
3238 5180 3346 5233 τῶν
3377 5177 3632 5248 ἀφρόνων.
3658 5190 3674 5221 ι
3715 5167 3783 5220 Ἡ·

2270 5284 2390 5352 μεῖς
2422 5276 2516 5333 οὖν
2566 5278 2818 5346 εἴπωμεν
2870 5275 2969 5329 σὺν
3020 5273 3098 5343 τῷ
3135 5271 3281 5331 Ἱὼό,
3326 5270 3426 5321 ιΕί
3468 5267 3523 5318 δὲ
3561 5263 3644 5315 καὶ
3672 5258 3783 5326 ἥμην

2269 5349 2685 5442 πεπορευμένος
2720 5364 2862 5439 μετὰ
2889 5362 3246 5434 γελοιαστῶν,
3283 5362 3353 5413 τά
3381 5357 3438 5410 δέ
3474 5372 3559 5426 μοι
3587 5349 3779 5442 ambitur

2267 5466 2345 5518 πὰ
2373 5434 2685 5534 συμϐαίνοι.
2771 5444 2841 5514 Ἦ
2870 5458 2964 5514 καὶ
2988 5454 3126 5528 μετὰ
3156 5451 3451 5522 Ἱερεμίου·
3476 5465 3492 5499 ι
3518 5443 3684 5538 Κύριεέ
3705 5434 3778 5538 υἷα

2269 5555 2501 5611 ἐκάθισα
2534 5553 2672 5626 μετὰ
2700 5552 2981 5623 συνεδρίου
3013 5545 3328 5610 παιζόντων
3373 5539 3562 5604 αὐτῶν,
3589 5529 3684 5588 ἀλλ’
3707 5529 3771 5577 ιῦ·

575 5200 708 5254 bent
736 5212 847 5268 prae
877 5200 1052 5254 oculis
1080 5200 1284 5266 cordis,
1323 5215 1644 5271 secumque,
1673 5202 1801 5257 dum
1844 5202 2157 5274 benignita-

574 5302 684 5347 tem
737 5304 865 5363 erga
926 5300 983 5347 se
1048 5292 1415 5358 demirantur,
1468 5294 1619 5349 taciti
1677 5294 2051 5357 insusurrant,
2100 5304 2158 5350 ct

574 5384 798 5454 quantis
842 5396 942 5438 nos
987 5385 1145 5439 malis
1187 5387 1329 5440 Deus
1374 5385 1489 5453 ipse
1521 5387 1802 5441 submovit
1831 5394 1886 5441 et
1927 5386 2153 5456 eripuit,

574 5475 775 5546 ecquid
816 5486 917 5530 n‘os
964 5476 1195 5547 indigni,
1223 5479 1534 5533 retribuere
1581 5480 1873 5548 possimus.
1902 5479 2022 5534 Non
2060 5479 2161 5550 igi-

575 5574 668 5625 tur
711 5565 766 5621 in
798 5567 934 5631 risu,
966 5582 1075 5621 non
1114 5568 1166 5622 in
1194 5570 1431 5624 elatione.
1465 5570 1665 5623 mentis
1695 5569 2037 5625 insumamus
2062 5586 2160 5624 no-

651 5749 713 5782 “'
742 5745 885 5803 Psal.
913 5761 983 5809 νι,
1013 5744 1062 5799 6.
1142 5746 1185 5777 ²⁵
1219 5747 1357 5802 Psal.
1395 5762 1552 5810 (τειχει,
1582 5744 1633 5797 ⁸3.
1712 5746 1756 5774 "
1784 5746 1923 5799 Psal.
1960 5763 2119 5808 eux,
2160 5747 2204 5799 Ι.
