4042 6424
282 336 431 402 1725

1111 345 1448 407 HOMILIA
1480 346 1681 408 XCVI.
1706 370 1754 381 --
1802 345 1901 406 DE
1941 343 2404 405 DILECTIONE
2438 344 2796 407 PROXIMI.

3421 347 3561 412 1726

276 455 571 532 λαόούμην
596 461 703 517 ἀπὸ
734 460 1027 537 προσώπου
1056 469 1239 540 χειρός
1268 486 1385 532 σου,
1411 470 1506 523 καὶ
1534 469 1676 523 κατά
1701 467 1864 538 μόνας

1981 466 2082 521 stri
2119 465 2279 521 istius
2307 464 2581 521 incolatus
2603 464 2740 520 dies.
2774 465 2885 520 Nos
2910 464 3078 536 ipsos,
3107 482 3314 537 quaeso,
3350 468 3559 525 charis-

277 553 601 626 ὲκαθήμην,
632 557 714 611 ὅτι
737 560 965 632 πικρίας
997 560 1300 633 ἐπλήσθην.
1346 577 1367 625 ρ
1406 561 1550 614 Ὀδὲ
1590 558 1868 622 Ἰάκωϐος,

277 648 348 701 οὔ
386 651 548 719 μόνον
573 650 634 703 τὸ
663 649 830 721 γελᾷν
864 652 1186 722 ἀποτρέπει,
1222 649 1358 704 ἀλλὰ
1390 651 1482 703 καὶ
1516 649 1726 704 κλαίειν
1751 650 1873 701 ὲπι-

286 739 474 817 μελῶς
504 741 596 794 καὶ
629 741 904 807 ὀλολύζειν
952 742 1302 814 προστάττει.
1348 760 1365 792 ι
1393 741 1870 811 Ταλαιπωρήσατε

279 832 420 899 γὰρ,
459 832 644 901 φησιν,
675 834 768 885 καὶ
800 821 1074 886 κλαύσατε
1097 834 1156 886 ’δ
1178 832 1352 900 γέλως
1391 831 1546 901 ὑμῶν
1571 833 1650 894 εἰς
1678 830 1872 892 πένθος

288 926 757 994 μεταστραφήτω,
785 926 879 978 καὶ
912 928 946 995 η
986 925 1131 996 χαρά
1164 927 1245 988 εἰς
1273 926 1599 995 κατήφειαν.
1641 922 1731 977 Ἐν
1760 922 1871 995 γὰρ

281 1013 491 1081 γέλωτι
513 1015 703 1084 ἄφρων
727 1017 965 1086 πράσσει
997 1017 1146 1071 κακά
1169 1032 1184 1047 ·
1217 1016 1251 1088 ή
1286 1016 1341 1069 δὲ
1380 1017 1540 1086 σοφία
1569 1016 1745 1070 τίκτει
1772 1018 1869 1069 ἀν-

278 1104 475 1175 δρείαν
507 1109 597 1159 καὶ
642 1107 927 1177 φρόνησιν.
956 1126 975 1159 ι
1015 1106 1308 1178 Γενώμεθα
1331 1102 1443 1173 οὖν,
1473 1105 1713 1177 ἀδελφοὶ,
1740 1106 1874 1178 φρό-

281 1212 455 1268 νιμοι,
510 1198 946 1267 ἀποστυγοῦντες
992 1199 1086 1253 τὸν
1117 1199 1329 1271 ἄφρονα
1380 1198 1616 1268 γέλωτα,
1650 1198 1738 1252 ἵνα
1794 1197 1869 1270 μὴ

282 1289 639 1363 παραπέμψῃ
709 1292 860 1361 ἡμᾶς
909 1294 977 1363 τῇ
1039 1291 1234 1364 αἰωνίᾳ
1291 1291 1533 1357 κολάσει,
1567 1290 1710 1345 κατά
1767 1290 1869 1363 τὴν

278 1380 561 1449 ἀπόφασιν
585 1382 811 1454 Κυρίου,
842 1383 942 1455 τὴν
970 1382 1261 1452 λέγουσανο
1300 1402 1319 1436 ι
1349 1385 1487 1439 Οὐαὶ
1516 1386 1566 1439 οἱ
1597 1383 1866 1454 γελῶντες

279 1470 401 1537 νῦν,
430 1473 509 1525 ὅτι
549 1473 704 1526 αὐτοὶ
736 1473 1064 1528 κλαύσονται
1092 1475 1187 1527 καὶ
1215 1473 1600 1544 πενθήσουσιν.
1634 1493 1652 1526 ι
1701 1472 1863 1527 Ἀ).λά

283 1562 489 1630 μᾶλλον
527 1564 923 1635 ὲπαινεθῶμεν,
956 1565 1250 1630 ἀκούοντες
1275 1566 1429 1636 παρὰ
1456 1566 1549 1620 τοῦ
1582 1568 1856 1637 Σωτῆρος,

1975 555 2123 621 simi,
2167 555 2421 626 pervigili
2456 553 2710 611 custodia
2756 570 3065 621 servemus,
3104 574 3174 612 ne
3226 559 3401 614 hostis
3456 574 3559 617 nos

1974 646 2287 717 intercipiat
2305 647 2552 702 irretitos
2574 646 2945 717 intempestivi
2972 648 3115 702 risus
3135 649 3368 720 laqueis.
3383 650 3556 717 Quam

1974 740 2177 793 multas
2218 738 2644 808 intempestivus
2688 738 2780 793 hic
2817 739 2964 794 risus
3002 754 3067 793 ex
3113 756 3171 795 se
3204 741 3350 810 parit
3398 742 3555 796 inde-

1973 846 2132 886 coras
2157 845 2405 900 prorsus,
2434 830 2545 884 imo
2583 830 2889 886 diaboii‘eas
2930 832 3128 884 anima:
3179 833 3555 901 perturbatio-

1974 937 2110 977 nes:
2148 924 2310 993 plane
2358 923 2505 976 risus
2553 922 2683 977 talis
2733 922 3170 991 imprudentium
3220 925 3559 979 estzvcrius

1972 1015 2206 1069 dixerim
2230 1055 2245 1079 ,
2299 1015 2594 1069 stuitorum
2644 1029 2707 1069 ac
2753 1024 2937 1069 mente
2976 1023 3265 1083 captorum
3292 1059 3305 1076 .
3336 1015 3390 1069 in
3421 1032 3555 1071 eon-

1974 1106 2231 1161 tubernio
2277 1106 2560 1175 lupanaris
2597 1105 2985 1161 scortantium.
3026 1098 3109 1161 Ob
3144 1107 3249 1162 hoc
3287 1107 3555 1177 scriptum

1972 1207 2058 1253 est
2103 1214 2212 1253 non
2262 1199 2560 1254 convenire
2619 1200 2791 1254 stulto
2826 1194 3132 1260 delicias".
3187 1207 3247 1252 ut
3291 1215 3359 1254 ne
3424 1199 3557 1255 hinc

1973 1299 2157 1345 sumat
2185 1290 2442 1352 animos,
2492 1300 2666 1360 seque
2722 1290 3326 1361 eil‘eratimpntcntius,
3358 1307 3557 1362 quem~

1974 1383 2272 1438 admodum
2306 1384 2398 1438 ille
2432 1382 2561 1437 olim
2608 1384 2847 1453 populus
2887 1383 3170 1453 profectus
3215 1400 3280 1439 ex
3301 1384 3555 1457 Egypto.

1969 1474 2203 1532 Utenim
2230 1476 2619 1547 primumjugo
2638 1475 3018 1547 Egyptiorum
3041 1477 3374 1548 emancipati
3403 1486 3554 1541 sunt,

1967 1566 2344 1637 videruntque
2389 1568 2662 1622 tumulum
2688 1567 2744 1621 iu
2780 1568 2945 1621 altam
2976 1568 3296 1637 voraginem
3330 1566 3560 1637 depres-

1964 1674 2086 1714 sum
2108 1660 2229 1715 sibi
2241 1669 2429 1728 patere
2453 1680 2462 1711 :
2482 1670 2615 1715 tunc
2632 1660 2697 1714 ad
2722 1660 3096 1715 idololatrian]
3120 1659 3377 1735 conversi
3402 1668 3553 1717 sunt.

286 1673 306 1706 ε
335 1655 612 1729 Μακάριοι
640 1658 689 1710 οἱ
719 1656 1064 1721 πενθοῦντες.
1093 1660 1177 1713 ὅτι
1212 1658 1369 1712 αὐτοὶ
1399 1657 1858 1731 παρακληθήσονο

274 1760 388 1802 ται.
421 1764 439 1798 ι
473 1747 632 1820 Αὐτῷ
655 1750 687 1819 ἠ
711 1748 838 1815 δόξα
863 1751 945 1814 εἰς
973 1751 1099 1815 τοὺς
1132 1749 1362 1813 αἰῶνας.
1400 1751 1593 1821 Ἀμήν.
1768 1742 1777 1754 ί

1968 1752 2225 1823 Trajecto
2248 1753 2395 1807 enim
2423 1752 2586 1817 mari,
2609 1768 2736 1807 eum
2761 1751 2900 1806 nihil
2930 1752 3036 1806 sibi
3065 1751 3322 1806 viderent
3344 1751 3529 1819 impen

276 1835 414 1892 dere
439 1837 552 1909 jam
582 1839 840 1909 periculi.
871 1839 1037 1893 simul
1064 1846 1232 1910 atque
1264 1839 1569 1911 attigerunt
1594 1847 1822 1904 terram,
1859 1838 2166 1911 naufragati
2203 1850 2337 1896 sunt
2359 1841 2426 1895 ’⁸.
2448 1840 2607 1895 Tunc
2629 1841 3000 1911 impegeruut,
3027 1856 3153 1896 cum
3179 1839 3335 1910 prius
3356 1839 3555 1910 lugen-

275 1936 365 1985 tes
396 1913 844 2001 promeruissent
876 1932 1011 2003 jugo
1048 1932 1215 1987 eximi
1266 1947 1469 1987 amarae
1513 1931 1821 1986 servitutis.
1857 1930 2095 1988 Pulchre
2145 1933 2316 2004 igitur
2345 1932 2836 1989 aitParmmiastes
2866 1949 2879 1985 :
2916 1950 2933 1983 ι
2961 1932 3128 1987 Risus
3163 1932 3460 1987 stultorum
3496 1932 3554 1987 in

273 2020 498 2078 deliciis
524 2026 739 2095 peccati
762 2026 861 2078 ".i
888 2025 1128 2081 Iterum:
1152 2046 1170 2078 ι
1192 2014 1411 2082 Stultus
1440 2027 1497 2081 tn
1531 2027 1645 2083 risu
1672 2030 1879 2083 exaltat
1907 2044 2101 2084 vocem
2127 2029 2407 2094 suam,vir
2435 2037 2621 2084 autem
2655 2036 2878 2083 astutus
2909 2028 3000 2082 vix
3036 2028 3203 2082 tacite
3224 2027 3547 2082 ridebit'h

274 2116 481 2172 lterum
509 2135 522 2172 :
554 2138 571 2170 ι
594 2108 699 2186 Qui
740 2120 797 2174 in
837 2112 1058 2177 deliciis
1087 2121 1337 2176 nutritor
1368 2134 1399 2176 α
1427 2122 1664 2192 pueritia
1703 2138 1901 2179 servus
1939 2125 2048 2179 erit
2081 2144 2093 2179 :
2128 2125 2182 2178 in
2218 2124 2526 2178 novissimo
2558 2133 2742 2177 autem
2776 2102 2989 2177 dolebit
3015 2136 3184 2191 super
3212 2136 3271 2176 se
3300 2123 3382 2177 ³¹.ι
3405 2140 3424 2173 ι
3459 2120 3553 2176 ln-

273 2214 433 2271 dueit
462 2234 475 2271 :
524 2236 542 2269 ι
575 2217 739 2286 Quasi
764 2233 869 2273 vox
907 2220 1191 2290 spinarum
1231 2220 1336 2274 sub
1371 2220 1553 2275 lebet'e
1575 2262 1589 2285 ,
1622 2219 1693 2274 ita
1739 2221 1887 2276 risus
1922 2223 2222 2277 stultorum
2248 2221 2316 2275 ".
2344 2241 2362 2272 ι
2396 2220 2508 2275 Nos
2538 2219 2709 2291 igitur
2731 2199 2855 2274 eum
2898 2221 3063 2280 beato
3099 2218 3203 2274 Job
3249 2218 3503 2274 dicamus
3532 2236 3547 2273 :

279 2330 298 2362 ι
319 2309 477 2379 Quod
514 2312 560 2366 si
592 2313 918 2368 incedebam
950 2328 1077 2370 cum
1113 2310 1484 2378 derisoribus,
1517 2330 1638 2384 qua:
1669 2314 1850 2368 tristia
1884 2327 2035 2376 sunt.
2059 2314 2384 2384 contingant
2413 2314 2546 2367 mihi
2567 2314 2632 2367 ³³.
2656 2331 2674 2364 ι
2708 2313 2919 2367 Etcum
2943 2312 3187 2368 Jeremia
3215 2330 3227 2365 :
3253 2331 3272 2364 ι
3292 2310 3547 2367 Domine:

273 2423 388 2462 non
425 2406 543 2461 sedi
566 2422 690 2461 cum
717 2408 956 2463 concilio
985 2404 1324 2477 ludentium,
1358 2408 1455 2464 sed
1492 2407 1652 2462 timui
1687 2424 1717 2462 a
1754 2407 1893 2462 faeie
1937 2422 2137 2461 manus
2186 2417 2294 2461 tuae
2320 2423 2333 2459 :
2359 2406 2594 2461 seorsim
2634 2406 2919 2469 sedebam,
2980 2404 3110 2475 quia
3177 2404 3551 2467 amaritudine

273 2498 527 2567 repletus
542 2512 665 2550 sum
689 2497 752 2551 3".
782 2517 800 2548 ι
830 2482 1072 2552 Jacobus
1098 2497 1227 2552 item
1253 2513 1362 2551 non
1405 2514 1435 2552 a
1469 2498 1583 2551 risu
1618 2497 1781 2552 modo
1814 2497 2090 2551 absterret
2118 2512 2243 2562 nos,
2279 2494 2377 2549 scil
2423 2503 2477 2547 (τι
2502 2504 2564 2550 ιιι
2614 2494 2843 2549 ﬂeamus
2876 2493 3072 2549 sedulo
3102 2493 3351 2558 mandat,
3383 2503 3549 2563 atque

272 2591 592 2662 ejulemus:
889 2611 905 2643 ι
936 2591 1120 2647 Miseri
1173 2586 1354 2648 estote
1405 2600 1463 2648 et
1509 2590 1755 2662 plorate,
1797 2591 1895 2646 ait.
1945 2591 2116 2646 Risus
2169 2600 2359 2646 vester
2399 2590 2455 2644 i'n
2498 2590 2710 2645 luctum
2770 2596 3150 2649 convertatur,
3190 2595 3248 2643 et
3285 2586 3549 2656 gaudium

270 2692 522 2763 vestrum
552 2683 607 2737 in
631 2699 925 2739 mmrorem
948 2684 1013 2738 ³⁵.
1039 2684 1097 2739 lu
1126 2685 1240 2763 risu
1260 2680 1408 2740 enim
1430 2685 1635 2740 stultus
1664 2695 1929 2756 operatur
1955 2685 2099 2740 mala
2122 2704 2134 2739 :
2161 2685 2435 2755 sapientia
2469 2694 2653 2740 autem
2678 2682 2822 2753 parit
2838 2682 3053 2737 virilem
3070 2681 3425 2753 prudentiam
3447 2681 3543 2737 ³⁸.»

271 2774 469 2845 Itaque
494 2817 508 2842 ,
534 2776 734 2832 fratres
767 2776 1003 2833 studiosi
1034 2778 1346 2849 prudentiae
1381 2778 1614 2833 stultum
1655 2778 1810 2833 hunc
1853 2777 2142 2833 oderimus
2186 2778 2383 2843 risum,
2416 2793 2485 2831 ne
2521 2792 2624 2832 nos
2660 2775 2883 2831 demum
2937 2774 3281 2829 transmittat
3313 2789 3377 2827 ac
3406 2788 3550 2843 prae-

272 2870 469 2939 cipitet
492 2869 547 2923 in
578 2878 846 2924 aeternum
890 2869 1025 2924 illud
1060 2871 1421 2942 supplicium,
1445 2866 1602 2942 juxta
1633 2870 1980 2926 Dominicam
2012 2869 2346 2926 sententiam
2383 2887 2398 2922 :
2442 2869 2590 2932 «Vae,
2619 2868 2822 2938 inquit,
2858 2867 2952 2937 qui
2985 2867 3169 2921 rident
3197 2881 3369 2927 nunc.
3415 2864 3549 2925 quia

272 2962 493 3020 ﬂebunt
542 2975 599 3021 et
625 2966 978 3036 lugebunt".
1009 2985 1027 3016 ι
1059 2966 1203 3033 Quin
1242 2968 1353 3022 imo
1384 2976 1666 3022 strenuam
1696 2967 1893 3021 demus
1916 2980 2169 3036 operam,
2201 2973 2265 3020 ut
2304 2964 2594 3021 Dominiea
2625 2963 2850 3019 tandem
2884 2978 3017 3016 voce
3060 2960 3352 3016 laudemur
3381 2970 3549 3030 atquc

272 3058 572 3115 audiamus
597 3074 641 3111 τι
673 3056 826 3113 Beati
855 3056 949 3128 qui
979 3057 1192 3127 lugent,
1224 3056 1488 3127 quoniam
1513 3057 1616 3128 ipsi
1643 3046 2195 3112 consulabuntut-"J
2239 3054 2347 3125 Ipsi
2374 3054 2549 3126 gloria
2585 3054 2642 3108 in
2672 3053 2895 3108 saecula.
2933 3052 3129 3106 Amen.

862 3169 1084 3224 ΛΟΓΟΣ
1120 3168 1256 3237 μετ’.

520 3266 523 3271 ’
556 3283 695 3354 Περὶ
730 3282 838 3338 τοῦ
864 3281 1109 3354 ἀγαπᾷν
1143 3283 1250 3337 τὸν
1274 3282 1564 3351 πλησίον.

359 3401 417 3455 '0
448 3399 679 3470 ἀγαπῶν
714 3398 806 3452 τὸν
844 3396 1094 3470 πλησίον,
1142 3396 1363 3469 μακράν
1412 3398 1564 3450 ἐστιν
1607 3392 1718 3450 ἀπὸ
1755 3395 1861 3450 πά-

271 3510 377 3564 σης
410 3490 707 3564 ἁμαρτίας.
726 3490 884 3545 Πᾶσα
912 3487 1022 3561 γὰρ
1050 3487 1246 3560 Γραφὴ
1277 3488 1485 3543 παλαιά
1514 3506 1595 3553 τε,
1619 3487 1714 3542 καὶ
1740 3488 1856 3555 νέα,

270 3586 438 3641 τοῦτο
472 3587 603 3656 ἡμῖν
646 3582 1110 3654 παρακελεύεται,
1143 3584 1205 3636 τὸ
1247 3602 1265 3634 ι
1301 3581 1550 3651 Ἀγαπᾷν
1593 3580 1689 3633 τὸν
1723 3579 1859 3650 πλη-

273 3678 396 3733 σίον
422 3676 497 3741 ὡς
525 3676 739 3731 ἑαυτόν.
758 3693 782 3728 ι
813 3675 1083 3746 Δευτέραν
1099 3674 1207 3744 γὰρ
1234 3673 1404 3744 αὐτὴν
1434 3672 1573 3742 μετά
1593 3671 1691 3743 τὴν
1720 3674 1859 3743 πρὸς

271 3758 412 3826 Θεὸν
438 3752 664 3839 ἀγάπην
695 3772 723 3823 6
756 3760 965 3839 Κύριος
994 3766 1214 3837 ἐντολὴν
1237 3764 1523 3829 ἀπέδειξεν
1551 3766 1615 3818 ὲκ
1650 3763 1745 3817 τοῦ
1776 3763 1860 3817 νό-
1882 3804 1899 3815 .

276 3880 387 3935 μου
418 3859 582 3917 εἶναι.
614 3860 778 3915 Ὅθεν
809 3859 969 3914 τοῦτο
1022 3859 1213 3929 σαφῶς
1270 3859 1638 3925 ἐπιστάμενος
1675 3855 1859 3910 Ἰωνά-

272 3954 380 4008 οαν
408 3953 435 4005 6
467 3950 597 4014 Υἱὸς
628 3948 826 4016 Σαοὺλ,
860 3950 1152 4019 ἠγάπησεν
1190 3947 1281 4000 τὸν
1309 3946 1474 4000 Δαυῒδ
1520 3945 1860 4015 εἰλικρινῶς,

226 4092 231 4097 ,
274 4042 421 4113 ὑπὲρ
446 4041 730 4111 ἀγάπησιν
774 4039 1056 4108 γυναικός.
1091 4036 1380 4109 Κρεεσσων
1411 4035 1521 4107 γὰρ
1558 4035 1733 4107 μικρά
1766 4053 1862 4107 με-

278 4133 366 4204 ρὶς
436 4131 578 4203 μετά
630 4128 798 4200 φόϐου
832 4129 1068 4201 Κυρίου,
1101 4127 1135 4200 ἢ
1173 4126 1438 4199 θησαυροὶ
1471 4127 1698 4197 μεγάλοι
1730 4128 1864 4196 ἀφοο

274 4225 423 4288 ὅίαςο
456 4225 573 4289 καὶ,
597 4220 887 4294 Κρεῐσσων
931 4221 1187 4291 ξενισμδς
1216 4220 1470 4290 λαχάνων
1503 4219 1642 4290 πρὸς
1676 4219 1861 4289 φιλίαν

272 4315 376 4372 καὶ
411 4317 591 4387 χάριν,
640 4314 673 4386 ἢ
726 4314 926 4385 μόσχος
964 4312 1104 4383 μετά
1140 4311 1363 4383 ἔχθρας,
1405 4312 1548 4365 κατὰ
1594 4312 1693 4383 τὴν
1721 4312 1861 4382 Γρα-

273 4409 406 4477 φήν.
450 4408 561 4460 Καὶ
624 4407 807 4470 πάλιν,
871 4405 1160 4476 Κρείσσων
1207 4403 1363 4475 ὀλίγη
1396 4403 1558 4474 λῆψις
1606 4404 1746 4471 μετά
1782 4403 1864 4457 δι-

273 4498 612 4568 καιοσύνης,
665 4498 698 4569 ἢ
751 4498 924 4552 πολλά
986 4498 1304 4567 γεννήματα

279 4609 301 4643 ι
328 4588 617 4661 Κρείσσων
654 4588 848 4659 ψωμὸς
882 4587 1005 4659 μεθ’
1034 4587 1235 4658 ἡδονῆς
1279 4589 1339 4641 ὲν
1387 4590 1601 4659 εἰρήνῃ,
1639 4586 1672 4659 ἢ
1709 4584 1860 4667 οἶκος

271 4682 492 4754 πλήρης
519 4681 745 4748 ἀγαθῶν
770 4680 912 4751 μετά
946 4681 1150 4750 μάχης.
1178 4697 1196 4732 ι
1218 4678 1388 4749 Φησὶν
1412 4677 1470 4732 δὲ
1498 4680 1592 4732 καὶ
1620 4681 1648 4733 6
1682 4678 1863 4733 Ἰωάν-

267 4791 393 4843 νης,
413 4772 678 4840 Ἀδελφοὶ,
714 4770 1019 4841 ἀγαπῶμεν
1047 4769 1311 4841 ἀλλήλους
1330 4770 1412 4823 ὅτι
1449 4770 1478 4822 6
1504 4769 1637 4833 Θεὸς
1669 4769 1859 4841 ἀγάπη

270 4865 447 4921 ἐστίν.
480 4863 615 4932 Καὶ,
653 4865 710 4917 Ὀ
743 4864 919 4934 μένων
949 4866 1007 4916 ὲν
1035 4864 1101 4933 τῇ
1132 4862 1347 4934 ἀγάπῃ,
1369 4863 1426 4915 ὲν
1446 4861 1524 4932 τῷ
1543 4861 1663 4931 Θεῷ
1686 4863 1860 4931 μένει.

273 4957 391 5009 Καὶ
438 4954 634 5007 πάλιν·
683 4953 740 5007 Ὀ
777 4952 1009 5020 ἀγαπῶν
1057 4951 1149 5005 τὸν
1197 4951 1425 5022 ἀδελφὸν
1474 4951 1663 5017 αὐτοῦ,
1695 4953 1753 5004 ὲν
1786 4949 1864 5022 τῷ

274 5051 420 5120 φωτὶ
447 5047 620 5118 μένει,
644 5046 741 5099 καὶ
768 5044 1065 5133 σκάνδαλον
1103 5046 1161 5099 ὲν
1186 5043 1338 5115 αυτῷ
1360 5044 1460 5097 ei):
1491 5043 1661 5098 ἔστιν.
1697 5043 1809 5098 Καὶ
1831 5044 1861 5097 6

273 5143 484 5212 Πέτρος
509 5157 526 5173 ο
566 5160 584 5192 ι
618 5140 878 5201 Ἑαυτοὺς
913 5139 971 5191 ὲν
1017 5139 1208 5210 ἀγάπῃ
1251 5139 1603 5208 τηρήσωμεν,
1630 5137 1861 5210 προσδε-

269 5232 498 5307 χόμενοι
524 5233 583 5287 τὶ
615 5232 761 5295 ἕλεος
793 5229 887 5284 τοῦ
916 5231 1122 5301 Κυρίου
1145 5230 1306 5301 ἡμῶν
1335 5230 1512 5300 Ἰησοῦ
1540 5230 1803 5302 Χριστοῦ.
1835 5249 1855 5283 ι

270 5327 387 5381 Καὶ
414 5323 594 5390 αὖοιςο
623 5346 641 5378 ι
667 5327 741 5379 T6
769 5323 826 5380 δὲ
857 5326 1008 5388 τέλος
1036 5325 1132 5394 τῆς
1150 5322 1529 5395 παραγγελίας
1556 5324 1705 5377 ἐστὶν
1721 5323 1864 5392 ἀγά-

282 5433 359 5489 πη
394 5420 456 5472 ἐκ
490 5418 737 5489 καθαρᾶς
791 5414 1019 5490 καρδίας
1048 5417 1142 5471 καὶ
1173 5416 1535 5489 συνειδήσεως
1572 5414 1807 5487 ἀγαθῆς.
1838 5435 1859 5469 ι

358 5552 404 5588 ⁸⁸⁷
431 5554 595 5635 Prov.
628 5550 868 5635 ιιι-προε-
940 5556 985 5587 ³⁸⁸
1018 5557 1188 5635 ΚΕΛ.
1219 5575 1329 5635 t_t_tv__.
1362 5561 1555 5616 232?.
1589 5562 1725 5635 Cum
1753 5575 1908 5619 antea
1945 5564 2141 5629 suauius
2170 5575 2610 5621 tuurmurassent
2646 5582 2745 5635 pro
2777 5566 2904 5623 cibo
2946 5577 3003 5621 et
3036 5577 3191 5629 potu.

2489 3165 2774 3221 llOMllJA
2816 3152 2999 3219 XCVI.

2427 3278 2503 3332 De
2537 3278 2815 3332 dilectione
2848 3277 3097 3348 proximi.

2030 3393 2349 3451 Proximum
2381 3391 2477 3462 qui
2506 3390 2708 3461 diligit,
2747 3392 2794 3443 is
2821 3405 2878 3444 se
2909 3390 3133 3459 longius
3161 3389 3273 3459 jam
3301 3388 3369 3442 ab
3398 3385 3552 3443 omni

1960 3484 2243 3542 submovit
2281 3491 2531 3554 peccato.
2577 3481 2722 3548 Quin
2763 3482 2871 3536 hoc
2920 3490 2981 3535 ut
3036 3480 3338 3545 faciamus,
3393 3480 3553 3549 jubet

1961 3579 2251 3649 Scriptura
2289 3576 2502 3639 omnis,
2539 3589 2665 3629 cum
2701 3582 2863 3628 vetus
2896 3582 3011 3628 tum
3045 3580 3184 3627 nova
3236 3589 3249 3624 :
3301 3593 3317 3624 ι
3346 3574 3554 3643 Diliges

1958 3668 2273 3739 proximum
2304 3668 2448 3723 sicut
2484 3668 2719 3736 teipsum
2744 3668 2807 3719 ”.
2843 3686 2860 3717 ι
2899 3666 3019 3735 Ipse
3053 3666 3326 3736 siquidem
3363 3665 3551 3719 Domi-

1961 3752 2068 3815 nu's
2102 3760 2421 3815 mandatum
2468 3758 2577 3814 hoc
2606 3758 2797 3813 verbis
2830 3772 2894 3813 ex
2938 3758 3060 3827 lege
3106 3756 3417 3826 desumptis
3460 3755 3556 3811 de-

1961 3853 2194 3909 claravit
2242 3869 2363 3908 esse
2401 3850 2708 3907 secundum
2758 3867 2790 3906 a
2846 3852 3032 3922 primo
3066 3850 3213 3921 quod
3250 3860 3335 3905 est
3367 3851 3436 3905 de
3467 3849 3559 3903 di-

1960 3943 2201 3999 lectione
2251 3944 2368 3998 Dei.
2428 3941 2589 4000 Unde
2643 3951 2701 3998 et
2744 3943 3021 3999 Jonathan
3074 3942 3259 3998 Saulis
3289 3944 3456 4010 tilius,
3494 3943 3551 3998 id

1960 4036 2175 4106 liquido
2218 4052 2344 4091 cum
2400 4045 2614 4099 nosset,
2664 4051 2780 4106 prae
2835 4044 3008 4092 uxore
3054 4036 3250 4092 dilexit
3282 4036 3555 4092 Davidem

1960 4128 2161 4183 all‘eetu
2208 4144 2443 4198 prorsus
2482 4128 2727 4183 sincero.
2762 4128 2959 4184 Melior
2986 4130 3138 4184 enim
3176 4145 3344 4199 parva
3376 4129 3549 4198 parti-

1961 4221 2088 4275 cula
2121 4236 2247 4276 cum
2297 4221 2497 4277 timore
2556 4223 2801 4288 Domini,
2844 4238 3010 4294 quam
3069 4222 3314 4276 thesauri
3367 4220 3556 4289 magni

1962 4309 2170 4380 absque
2201 4310 2417 4366 timore.
2450 4310 2643 4366 Melidr
2672 4313 2926 4368 invitatio
2964 4311 3032 4367 ad
3064 4311 3377 4365 convivium
3431 4312 3553 4364 ole-

1964 4419 2112 4468 rum,
2161 4403 2233 4457 ad
2277 4404 2582 4458 amicitiam
2617 4412 2675 4459 et
2720 4406 2974 4476 gratiam,
3051 4418 3215 4475 quam
3278 4404 3553 4458 l'erculum

1379 4496 1520 4567 μετά
1593 4497 1808 4561 ἀδικίας
1834 4512 1849 4526 ’

1968 4497 2256 4553 vitulorum
2307 4511 2433 4551 cum
2484 4497 2798 4561 inimicitia,
2862 4499 3014 4569 juxta
3050 4496 3416 4567 Scripturam.
3446 4495 3559 4550 lte-

1963 4605 2087 4644 rum
2124 4586 2355 4643 :Melior
2398 4591 2577 4659 pauca
2628 4591 2882 4660 acceptio
2937 4606 3061 4644 cum
3114 4591 3351 4662 iustitia,
3390 4592 3560 4659 quam

1964 4681 2138 4734 multa
2177 4679 2424 4750 germina
2457 4694 2583 4733 cum
2625 4680 2943 4749 iniquitate.
2982 4679 3222 4734 «.Melior
3273 4688 3356 4734 est
3409 4678 3559 4733 buc-

1963 4772 2105 4828 cella
2130 4787 2258 4827 cum
2309 4772 2595 4842 voluptate
2634 4772 2691 4826 in
2745 4788 2905 4841 pace,
2942 4787 3104 4840 quam
3147 4773 3347 4825 domus
3391 4773 3555 4841 plena

1969 4872 2131 4926 bonis
2179 4884 2302 4924 cum
2342 4868 2526 4939 jurgio
2547 4867 2615 4923 ".
2640 4886 2661 4920 ι
2713 4864 2818 4923 Sed
2848 4867 3169 4923 ct‘Joannes
3199 4886 3213 4920 :
3246 4887 3265 4919 ι
3311 4867 3555 4933 Fratres,

1968 4962 2259 5033 diligamus
2281 4977 2379 5015 nos
2401 4960 2658 5019 invicem.
2679 4963 2803 5027 quia
2836 4960 2977 5013 Deus
2997 4959 3234 5013 r-ltaritas
3258 4971 3359 5018 est.
3383 4972 3435 5015 et
3454 4960 3553 5031 qui

1970 5065 2151 5107 manet
2183 5054 2235 5107 in
2260 5052 2547 5110 citaritate.
2574 5050 2629 5104 in
2659 5051 2765 5106 Deo
2797 5061 2977 5104 manet
2997 5050 3061 5103 δι.
3086 5071 3103 5102 ι
3127 5048 3329 5105 lterum
3360 5070 3413 5105 ιι
3444 5051 3555 5119 Qui

1968 5145 2145 5213 diligit
2169 5136 2389 5199 fratrem
2418 5150 2602 5206 suum,
2634 5144 2685 5198 in
2720 5144 2928 5199 l'umiue.
2977 5154 3179 5198 manet.
3220 5155 3276 5199 et
3316 5145 3551 5199 seanda-

1970 5237 2081 5292 lum
2102 5254 2208 5292 non
2234 5238 2390 5293 estin
2414 5254 2481 5293 eo
2502 5235 2587 5293 δί’.
2605 5258 2623 5289 ι
2643 5236 2835 5294 Petrus
2856 5254 3074 5308 quoque
3100 5254 3116 5294 :
3145 5238 3555 5308 «Nosmetipsos

1970 5331 2025 5385 in
2048 5330 2313 5385 charitate
2342 5346 2647 5391 servemus,
2684 5343 3065 5395 exspectantes
3114 5332 3550 5385 misericordiam

1972 5406 2185 5477 Domini
2239 5424 2411 5478 nostri
2457 5425 2586 5480 Jesu
2613 5423 2948 5481 Claristi“".
2984 5443 3003 5476 ι
3052 5425 3297 5482 Rursus:
3336 5446 3357 5478 ι
3401 5428 3551 5482 Finis

3278 5570 3326 5601 "
3371 5567 3547 5626 Eccli.

284 5640 458 5702 μνη,
483 5625 572 5685 14.
614 5626 693 5702 Αδο
726 5624 891 5702 [ᾗς-ομ.
929 5642 1042 5688 ut,
1068 5629 1170 5702 9ξέ
1223 5631 1265 5660 ³⁸
1298 5631 1456 5702 Ρι-γον.
1495 5633 1754 5690 xx:x.9.l.
1831 5635 1864 5665 ³¹

1968 5624 2082 5689 ’ριὀ.
2122 5651 2216 5692 vn.
2248 5635 2304 5688 7.
2381 5637 2426 5667 ³³
2456 5635 2577 5691 Job.
2623 5624 2771 5702 a'xtx,
2819 5637 2913 5693 ξι.
2986 5624 3263 5693 ³³’.Ιιιι-οηι.
3316 5655 3410 5701 xv.
3452 5624 3543 5693 17.

286 5697 335 5729 ⁸³
364 5697 477 5751 Jac.
504 5714 577 5762 tv,
608 5697 659 5750 9.
736 5696 779 5725 "
818 5694 974 5749 Prov.
1010 5714 1061 5755 κ.
1107 5700 1195 5753 25.
1278 5702 1325 5733 ³⁷
1353 5701 1488 5756 Luc.
1524 5718 1594 5761 τι,
1631 5702 1718 5755 ελ.

283 5768 331 5798 ⁸ο
365 5767 526 5824 Prov.
556 5782 685 5832 xm,
726 5765 773 5819 Ι.
846 5767 887 5798 ’⁵⁸
920 5769 1030 5823 ιιιίο
1068 5769 1219 5827 Judc
1253 5772 1343 5826 2i.

1811 5704 1856 5736 "‘
1885 5705 2078 5759 Matth.
2131 5723 2179 5764 ν.

1429 5772 1536 5826 "'l
1577 5773 1736 5829 Joon.
1769 5791 1841 5842 tv,
1877 5777 1929 5843 7,
1983 5775 2065 5830 lii.

2353 5706 2398 5737 ³³
2432 5705 2605 5762 Levit.
2666 5723 2774 5776 λιι,
2828 5708 2935 5774 l8;
3004 5708 3197 5766 Μ.ιιι1ι.
3268 5725 3402 5777 xstt,
3453 5708 3543 5764 '59.

2150 5774 2243 5807 “"
2269 5775 2407 5832 ibid.
2443 5792 2501 5845 It,
2534 5779 2617 5834 10.
