4042 6480
550 336 682 399 179.7

1820 335 2185 397 ANTIOCHI

2227 334 2570 398 MONACIII
3652 328 3752 394 1728

544 462 731 507 autem
759 449 1018 521 praicepti
1045 458 1132 506 est
1162 451 1408 508 eharitas
1436 451 1504 508 de
1527 451 1697 507 corde
1731 464 1874 521 puro
1905 458 1964 504 et
1993 465 2128 505 cono

2238 448 2341 502 Kal
2366 447 2554 515 πάλιν,
2594 464 2612 497 ι
2654 445 3130 517 Ἐπιχορηγήσατε
3185 443 3243 496 ἐν
3302 442 3371 512 τῇ
3419 440 3646 512 ὑπομονῇ
3682 447 3755 514 τὴν

549 542 783 597 scientia
818 541 1047 596 bona".
1075 562 1093 593 ι
1133 543 1343 599 lterum
1378 545 1580 600 Petrus
1610 562 1623 598 :
1663 563 1680 595 ι
1706 543 2020 598 Ministrate
2067 542 2126 596 in

2238 540 2513 595 εὐσέϐειαν
2613 541 2674 594 ὲν
2738 539 2917 610 δὲπῇ-
2954 536 3368 607 εὐσεϐείᾳ,τὴν
3441 533 3758 603 φιλαδελφίαν,

551 635 823 705 patientia
853 635 1137 705 pietatem,
1177 635 1232 690 in
1263 637 1471 707 pietate
1515 647 1701 691 autem
1734 649 1979 690 amorem
2011 633 2128 689 fra-

555 724 854 789 ternitatis,
894 726 948 779 in
979 741 1170 780 amore
1224 735 1408 781 autem
1456 726 1823 781 fraternitatis
1877 726 2131 781 charita-o

2238 747 2255 780 ι
2282 726 2396 797 Πρὸ
2427 725 2647 779 πάντων
2674 723 2731 777 δὲ
2763 723 2865 794 τὴν
2919 723 3000 786 εἰς
3045 721 3276 784 ἑαυτοὺς
3334 719 3561 787 ἀγάπην
3614 720 3766 791 ἐκτενῆ

554 817 741 871 tem”.
774 836 792 869 ι
832 818 901 871 Et
926 826 1050 886 post
1078 833 1292 888 pauca:
1327 819 1506 873 «Ante
1551 818 1738 872 omnia
1773 826 1961 873 autem
2009 833 2130 871 mu-

550 910 701 955 tuam
734 902 788 956 in
829 905 1243 975 vobismetipsis
1285 905 1617 960 eharitatem
1671 907 1997 965 continuam
2032 907 2131 962 ha-

553 993 771 1059 bentes,
801 995 929 1065 quia
968 996 1211 1051 eharitas
1255 997 1437 1066 operit
1486 996 1899 1052 multitudinem
1937 1014 2133 1068 pecca-

557 1092 739 1139 torum
761 1086 823 1140 ⁸⁸.
845 1106 863 1137 ι
907 1086 1281 1143 Conformiter
1326 1098 1383 1142 et
1433 1089 1639 1145 Paulus
1670 1107 1683 1143 :
1712 1108 1730 1141 ι
1759 1089 1818 1144 ln
1861 1089 2131 1145 charitate

2238 1098 2334 1150 σὺν
2369 1097 2507 1148 πᾶσι
2534 1096 2649 1159 τοῖς
2677 1093 2878 1162 ἁγίοις.
2898 1110 2919 1144 ι
2948 1091 3061 1146 Kal
3093 1090 3255 1144 πάλιν
3278 1104 3295 1119 ο
3329 1107 3350 1139 ι
3391 1087 3461 1141 Ἦ
3494 1086 3668 1156 ἀγάπη
3700 1103 3779 1156 μα-

555 1177 785 1232 radicati
816 1188 873 1233 et
905 1178 1142 1243 fundati,
1177 1189 1237 1235 ut
1263 1181 1488 1250 possitis
1512 1180 1982 1251 comprehendere
2006 1197 2131 1237 cum

2238 1186 2521 1260 κροθυμετ,
2581 1170 2966 1257 χρηστεύεται’
3028 1185 3063 1253 ἡ
3117 1182 3309 1252 ἀγάπη
3368 1178 3625 1233 οὐδέποτε
3663 1177 3781 1230 iml-

555 1268 815 1322 omnibus
862 1268 1150 1324 sanctis“.
1179 1289 1198 1320 ι
1252 1269 1458 1325 Iterum
1496 1288 1509 1324 :
1552 1289 1570 1322 ‹
1600 1270 1858 1326 Charitas
1912 1274 2134 1343 patiens

556 1366 662 1419 est,
687 1357 923 1428 benigna
961 1368 1068 1421 est.
1100 1360 1347 1417 eharitas
1393 1377 1676 1432 nunquam
1708 1365 1915 1419 excidit
1936 1366 2035 1419 ".u
2067 1366 2137 1421 Et

557 1449 811 1504 inducit:
857 1469 872 1503 ι
925 1451 1218 1507 Plenitudo
1269 1452 1438 1524 igitur
1486 1454 1625 1525 legis
1663 1462 1749 1510 est
1777 1455 2080 1511 dilectio”.
2109 1475 2128 1508 ι

558 1546 779 1601 Rursus
811 1563 824 1598 :
859 1566 875 1597 ι
898 1547 1089 1601 Estote
1132 1546 1303 1617 igitur
1338 1546 1578 1603 invicem
1631 1548 1881 1620 benigni,
1917 1550 2136 1606 miseri-

557 1636 776 1699 cordes,
818 1637 1128 1694 imitatores
1185 1639 1282 1693 Dei
1334 1638 1480 1694 sicut
1530 1638 1631 1693 filii
1671 1640 2076 1696 charissimi“.
2109 1659 2127 1692 ι

562 1729 771 1798 1181
808 1730 908 1784 Et:
943 1750 960 1780 ‹
987 1730 1669 1788 Consideremusinvieem
1701 1733 1757 1786 in
1781 1733 2137 1803 provocatio-

556 1836 683 1875 nem
707 1822 994 1876 charitatis
1019 1823 1360 1877 etbonorum
1394 1838 1623 1893 operum
1643 1824 1709 1880 ⁸³.
1733 1844 1751 1876 ι
1781 1800 1856 1879 Et
1885 1842 1930 1878 τι
1959 1824 2134 1895 Super

2249 1847 2267 1879 ι
2290 1800 2360 1879 ”Ο
2386 1800 2445 1878 at
2477 1800 2687 1895 Κύριος
2723 1823 3021 1877 πλεονάσαι
3054 1800 3152 1875 καὶ
3174 1816 3549 1892 περισσεύσαι
3586 1815 3711 1885 ἡμᾶς
3733 1817 3781 1884 τῇ

557 1916 743 1968 omnia
774 1914 891 1969 haec
943 1914 1276 1970 charitatem
1328 1915 1556 1980 habete,
1583 1933 1705 1986 qua:
1729 1925 1815 1972 est
1852 1917 2134 1972 vinculum

2248 1917 2461 1987 ἀγάπῃ,
2496 1917 2564 1987 τῇ
2603 1916 2685 1978 είς
2711 1914 2999 1984 ἀλλήλους,
3026 1912 3120 1967 καὶ
3152 1912 3234 1974 είς
3263 1910 3507 1973 πάντας.
3531 1925 3549 1959 ι
3581 1906 3721 1977 dli-isis
3741 1906 3781 1960 δὲ

557 2005 917 2073 perfectionis
939 2007 1008 2060 '°.
1032 2025 1050 2056 ι
1078 2006 1145 2060 Ει
1175 2024 1187 2059 :
1226 2025 1244 2058 ι
1273 2008 1381 2062 Vos
1433 2017 1618 2063 autem
1647 2007 1919 2064 Dominus
1950 2009 2143 2064 multi-

554 2095 744 2164 plicet,
782 2105 838 2151 ct
863 2095 1148 2151 abundare
1180 2095 1346 2152 faciat
1369 2098 1696 2153 charitatem
1729 2098 1784 2153 in
1812 2098 2048 2154 invicem
2085 2109 2134 2155 el

2244 2099 2572 2155 θεοδίδακτοί
2597 2099 2841 2166 ἐστε,είς
2867 2097 2929 2151 τὸ
2952 2097 3171 2168 ἀγαπᾷν
3193 2094 3493 2166 ἀλλήλους.
3508 2110 3529 2144 ι
3554 2090 3781 2160 Καὶήμείς

555 2187 612 2241 in
644 2189 920 2244 omnes“.
952 2207 971 2241 ι
1001 2190 1137 2245 Aliis
1164 2191 1307 2245 idem
1330 2191 1463 2245 dicit
1488 2209 1532 2243 ε(
1557 2192 1634 2246 De
1655 2191 1923 2247 charitate
1953 2200 2138 2247 autem

554 2278 915 2335 fraternitatis
939 2280 1042 2350 ipsi
1071 2297 1169 2336 vos
1201 2298 1229 2336 a
1263 2283 1374 2337 Deo
1401 2282 1675 2339 didicistis
1698 2282 2022 2357 utdiligatis
2049 2284 2105 2339 in
2124 2318 2136 2328 -

555 2372 729 2427 vicem
750 2372 817 2427 ⁸⁸.
852 2393 869 2424 ι
908 2373 974 2428 Et
995 2390 1095 2429 nos
1131 2375 1323 2445 igitur,
1349 2375 1574 2441 fratres,
1597 2375 1841 2445 perfecta
1863 2376 2137 2432 charitate

553 2482 648 2521 eos
685 2468 1122 2537 complectamur
1166 2468 1261 2538 qui
1311 2469 1472 2523 nobis
1523 2470 1798 2523 uniuntur
1854 2469 2134 2539 parilitate

556 2558 704 2623 ﬁdei,
734 2559 879 2613 sicut
903 2570 959 2615 et
988 2576 1018 2615 a
1047 2559 1207 2615 nobis
1234 2560 1437 2630 repetit
1464 2560 1562 2615 Dei
1585 2559 1706 2615 lex:
1732 2575 1832 2630 pro
1857 2560 1964 2615 illis
1991 2576 2136 2630 quo-

554 2670 663 2721 que
691 2663 745 2709 et
791 2655 1005 2710 animas
1046 2654 1221 2727 parati
1260 2669 1562 2724 exponere,
1601 2652 1873 2724 siquidem
1913 2669 1982 2709 eo
2033 2668 2136 2707 nos

555 2748 665 2800 ulla
704 2748 923 2802 occasio
964 2746 1178 2802 invitet.
1202 2734 1237 2797 ἶ
1265 2746 1524 2817 Maiorem
1568 2745 1714 2800 enim
1751 2745 1856 2800 bac
1879 2745 2134 2801 dilectio-

554 2853 680 2891 nem
712 2854 876 2892 nemo
904 2838 1090 2898 habet,
1108 2853 1272 2907 quam
1298 2848 1356 2903 ut
1381 2838 1618 2892 animam
1634 2853 1786 2891 suam
1819 2844 1984 2907 ponat
2008 2837 2131 2907 quis

2239 2836 2444 2899 πάντες
2498 2836 2581 2888 ὅτι
2622 2834 2746 2904 ἐμοὶ⁵
2797 2832 3037 2904 μαθηταί
3076 2833 3220 2894 ἔστε,
3274 2829 3375 2885 ὲάν
3418 2827 3638 2898 ἀγάπην
3669 2823 3785 2898 ἔχητε

555 2944 657 2999 pro
707 2930 901 2985 amicis
945 2931 1061 2991 suis
1082 2931 1150 2983 ⁸³.
1183 2948 1201 2981 ι
1248 2930 1358 2984 Et:
1401 2949 1417 2980 ι
1450 2928 1766 2984 Mandatum
1808 2925 2012 2983 novum
2055 2928 2126 2984 do

2238 2929 2293 2982 ἐν
2321 2927 2596 2999 ἀλλήλοις.
2632 2945 2650 2979 ι
2685 2927 2847 3000 Αὐτῷ
2866 2928 2899 2996 ἡ
2926 2924 3054 2991 δόξα
3086 2927 3165 2989 είς
3197 2925 3328 2989 τοὺς
3356 2922 3587 2985 αἰῶνας.
3630 2919 3776 2987 ’Δμὴκι

556 3024 735 3089 vobis,
761 3034 823 3080 ut
845 3025 1086 3096 diligatis
1114 3024 1348 3079 invicem
1373 3025 1438 3079 ⁵³.
1463 3044 1481 3076 ι
1515 3025 1583 3079 Ει
1616 3041 1628 3077 :
1665 3044 1681 3076 ι
1710 3024 1769 3079 In
1794 3024 1902 3079 hoc
1931 3024 2108 3079 scient
2129 3038 2323 3080 omnes
2354 3022 2503 3094 quod
2533 3022 2643 3078 mei
2681 3021 2818 3078 estis
2847 3020 3202 3097 discipuli,_si
3221 3018 3583 3076 dilectionem
3618 3012 3780 3069 babae.

556 3117 678 3173 ritis
724 3116 795 3172 ad
847 3117 1083 3173 invicem
1107 3117 1203 3172 ⁸⁸.»
1232 3117 1338 3187 Ipsi
1364 3117 1613 3188 gloriain
1641 3117 1858 3173 smcula.
1901 3116 2096 3172 Amen.

1073 3230 1363 3287 HOMILIA
1400 3231 1608 3287 XCVII.

630 3345 705 3399 De
731 3344 1093 3415 hospitalitate
1115 3347 1221 3399 sive
1248 3344 1571 3416 benignitate
1594 3363 1719 3417 erga
1747 3349 2070 3420 peregrinos.

2167 3210 2213 3272 C

625 3455 984 3526 Hospitalitas
1024 3455 1276 3526 speciosa
1321 3455 1619 3511 admodum
1641 3456 1822 3511 virtus
1839 3465 1926 3513 est
1950 3457 2145 3512 acho

557 3565 826 3621 perquam
862 3551 1127 3620 gratiosa,
1159 3550 1398 3605 maxime
1432 3548 1477 3604 si
1509 3549 1835 3605 conferatur
1871 3550 1925 3604 in
1948 3549 2144 3605 dome-

556 3642 728 3697 sticos
781 3641 935 3696 ﬁdei.
994 3642 1237 3712 Hujusce
1305 3641 1532 3697 virtutis
1596 3641 1796 3698 merito
1862 3641 2141 3697 Abraham

555 3734 771 3789 amicus
799 3732 899 3788 Dei
926 3741 1154 3788 vocatus
1175 3742 1279 3789 est.
1308 3733 1412 3789 Lot
1434 3749 1656 3804 quoque
1687 3749 1787 3803 per
1820 3733 1964 3789 hanc
1999 3733 2143 3804 ignis

556 3826 777 3883 caelitus
811 3824 1037 3880 demissi
1065 3824 1343 3880 vindicem
1392 3823 1534 3895 fugit
1583 3825 1744 3879 iram.
1777 3824 1928 3879 Raab
1958 3840 2141 3879 merc-

556 3920 664 3973 trix
686 3934 785 3989 per
817 3918 1250 3988 hospitalitatem
1275 3932 1401 3973 cum
1436 3917 1702 3974 universa
1726 3917 1894 3972 domo
1924 3927 2139 3973 serrata

553 4017 640 4064 est
670 4009 984 4064 incolumis:
1005 4008 1102 4064 sed
1127 4016 1183 4064 et
1215 4008 1334 4064 haec
1348 4010 1530 4065 virtus
1544 4017 1862 4065 sanctorum
1889 4010 2140 4065 omnium

552 4101 833 4156 celebrata
865 4107 952 4155 est
984 4100 1296 4170 praeconiis.
1322 4101 1542 4156 Primus
1565 4101 1953 4158 Paroemiastes
1980 4101 2135 4157 dicit:

560 4214 578 4243 ι
615 4192 938 4256 Benedictio
993 4193 1212 4248 Domini
1261 4208 1431 4263 super
1487 4202 1654 4263 caput
1710 4194 1883 4264 justi:
1940 4194 2134 4249 eadem

2238 4203 2301 4257 οὐ
2336 4203 2411 4274 μὴ
2440 4201 2718 4273 προστεθῇ
2751 4200 2889 4271 αὐτῇ
2922 4198 3069 4270 λύπη
3105 4201 3163 4252 ὲν
3191 4197 3446 4270 καρδίᾳ.»
3481 4194 3585 4249 Καὶ
3605 4194 3631 4246 ό
3653 4187 3765 4260 φιλό-

552 4283 715 4347 ditat,
749 4291 805 4338 et
838 4298 1121 4353 nunquam
1157 4281 1395 4337 addetur
1418 4282 1469 4338 ei
1507 4283 1732 4338 tristitia
1760 4283 1818 4338 in
1840 4284 2010 4340 corde
2028 4285 2129 4339 ⁸⁸.»

2241 4297 2391 4362 ξενος
2420 4297 2479 4350 δὲ
2513 4294 2666 4360 Ἰὼϐ,
2727 4294 2869 4367 πρὸς
2916 4295 3041 4358 ταῖς
3080 4293 3298 4355 λοιπαῖς
3333 4291 3553 4363 ἀρεταῖς
3588 4286 3673 4340 καὶ
3698 4279 3769 4350 τὴν

553 4465 810 4527 virtutes,
835 4466 1129 4537 benignam
1154 4466 1436 4534 hospitum
1456 4465 1835 4536 acceptionem
1861 4467 2136 4538 deprtedi-

2228 635 2287 691 tv
2314 634 2372 688 δὲ
2396 635 2461 704 τῇ
2491 630 2841 709 φιλαδελφία.
2862 630 2962 701 τὴν
2997 630 3245 700 ἀγάπην.
3277 647 3299 681 ι
3337 625 3456 681 Kal
3488 627 3598 696 μετ’
3621 628 3761 696 ὀλίγα,

2229 818 2469 889 ἔχοντες,
2502 817 2587 871 ὅτι
2616 817 2652 888 ἡ
2687 814 2877 885 ἀγάπη
2906 811 3176 866 καλύπτει
3200 809 3414 880 πλῆθος
3457 809 3730 880 ἁμαρτιῶν.
3749 831 3765 863 ι

2244 909 2523 973 Ὡσαύτως
2570 909 2666 962 καὶ
2714 910 2743 962 ὁ
2794 905 3028 972 Παῦλος,
3073 905 3133 960 ὲν
3192 904 3387 974 ἀγάπῃ
3436 902 3770 973 ἐρριζωμένοι,

2233 1003 2330 1056 xal
2356 1000 2845 1074 τεθεμελιωμένοι,
2892 999 2980 1054 ἵνα
3028 997 3360 1069 ἐξισχύσητε
3414 994 3776 1048 καταλαϐέσθαι

2235 1298 2380 1337 πτει.
2410 1298 2433 1332 δ
2457 1278 2596 1357 ‘Kal
2625 1279 2821 1346 ἐπάγει
2844 1294 2858 1307 ·
2895 1295 2915 1329 ι
2946 1276 3230 1347 υλήρωμα
3283 1268 3385 1327 οὖν
3420 1270 3643 1339 νόμου-ἡ
3673 1269 3780 1336 ἀγά-

2237 1389 2336 1443 πη.
2360 1390 2379 1423 ι
2420 1370 2532 1425 Kal
2560 1364 2718 1433 αὖθις
2752 1386 2765 1399 ·
2807 1366 3068 1421 «Γίνεσθε
3121 1367 3199 1428 είς
3252 1362 3529 1433 ἀλλήλους
3574 1361 3778 1429 χρηστοὶ,

2236 1461 2589 1530 εὖσπλαχνοι,
2624 1458 2864 1529 μιμηταὶ
2877 1456 2973 1511 τοῦ
3005 1454 3165 1521 Θεοῦ,
3196 1455 3273 1517 ὡς
3296 1452 3480 1521 τέκνα
3506 1451 3775 1521 ἀγαπητά.ι

2237 1552 2370 1618 Kal,
2424 1568 2444 1601 ι
2478 1549 2847 1618 Κατανοῶμεν
2883 1547 3148 1618 ἀλλήλους
3186 1547 3268 1607 είς
3300 1540 3653 1614 παροξυσμὸν
3680 1542 3781 1608 ἁγά-

2238 1660 2348 1714 πης
2374 1642 2468 1697 καὶ
2498 1640 2679 1695 καλῶν
2699 1641 2934 1711 ἔργων.»
2962 1639 3095 1704 Kal,
3122 1656 3141 1690 ι
3162 1637 3291 1691 Ἐπὶ
3321 1636 3469 1689 πᾶσι
3496 1631 3690 1694 τούτοις
3709 1632 3781 1701 τὴν

2242 1734 2483 1803 ἀγάπην,
2506 1732 2632 1803 ἣτις
2660 1730 2810 1785 ἐστὶν
2847 1729 3149 1801 σύνδεσμος
3197 1730 3300 1799 τῆς
3332 1725 3782 1793 τελειότητος.»-

2245 2016 2341 2062 και
2372 2008 2573 2073 ἄλλοις,
2610 2026 2629 2059 ι
2652 2007 2788 2077 Περὶ
2825 2006 2883 2059 δὲ
2920 2005 3021 2076 τῆς
3050 2000 3431 2072 φιλαδελφίας
3467 1999 3620 2052 αὐτοὶ
3665 1999 3781 2067 ipsi;

2241 2187 2356 2255 οὖν,
2392 2192 2634 2262 ἀδελφοὶ,
2665 2191 3041 2261 ἀγαπήσωμεν
3070 2189 3196 2251 τοὺς
3216 2186 3564 2255 δμοπίστους
3584 2183 3721 2254 ἡμῶν
3744 2184 3782 2234 ἐν

2238 2285 2421 2357 τελείᾳ
2446 2285 2657 2356 ἀγάπῃ,
2675 2282 2861 2346 καθὼς
2889 2283 3112 2337 άπαιτεῖ
3135 2280 3285 2352 ἡμᾶς
3306 2279 3335 2332 ὁ
3355 2278 3528 2348 νόμος
3555 2275 3642 2329 τοῦ
3664 2273 3780 2337 Θεοῦ,

2238 2377 2479 2440 τιθέντες
2509 2375 2649 2446 ὑπὲρ
2676 2374 2856 2429 αὐτῶν
2887 2373 2987 2436 τάς
3015 2371 3195 2443 ψυχὰς
3215 2371 3404 2443 ἡμῶν,
3439 2371 3491 2422 εί
3518 2368 3695 2440 καιρὸς
3712 2383 3783 2419 κι-

2236 2467 2389 2540 λέσῃ.
2427 2487 2445 2519 ι
2464 2465 2708 2530 Μείζονα
2721 2464 2832 2537 γὰρ
2885 2462 3090 2534 ταύτης
3121 2463 3348 2533 ἀγάπην
3379 2460 3562 2522 οὒδεὶς
3590 2460 3709 2527 ἔχει,
3733 2456 3785 2516 ὡς

2238 2576 2405 2631 φησιν
2442 2560 2472 2613 ὁ
2495 2557 2723 2631 Κύριος,
2757 2557 2844 2611 ἴνα
2886 2573 2971 2618 τις
2995 2554 3094 2627 τὴν
3116 2553 3299 2625 ψυχὴν
3351 2549 3526 2605 αὑτοῦ
3567 2549 3630 2619 θῇ
3678 2546 3783 2614 ὑπὲρ

2235 2652 2346 2706 τῶν
2363 2650 2533 2722 φίλων
2552 2650 2741 2705 αὐτοῦ.
2754 2647 2894 2703 »Καί
2910 2665 2924 2679 ·
2937 2670 2957 2702 ι
2977 2647 3229 2717 Ἐντολὴν
3248 2643 3455 2715 καινὴν
3473 2642 3659 2712 δίδωμι
3671 2640 3779 2709 ὑμῖν.

2238 2744 2327 2797 ἴνα
2345 2744 2596 2810 ἀγαπᾶτε
2617 2740 2903 2811 ἀλλήλους.
2928 2759 2947 2793 ι
2976 2738 3113 2797 Καί·
3144 2756 3167 2790 ι
3198 2738 3291 2793 Ἐν
3321 2735 3507 2803 τούτῳ
3534 2732 3781 2801 γνώσονται

2851 3231 3072 3286 ΛΟΓΟΣ
3108 3228 3216 3299 1,2'.

2754 3345 2894 3416 Περὶ
2921 3344 3292 3416 φιλοξενίας.

2317 3460 2472 3534 Καλή
2506 3461 2656 3515 ἐστιν
2684 3461 2718 3531 ὴ
2750 3459 3067 3530 φιλοξενία,
3112 3459 3207 3513 καὶ
3239 3457 3317 3528 τῷ
3345 3454 3468 3527 Θεῷ
3495 3453 3778 3526 ἀρέσκουσιν

2248 3555 2485 3626 μάλιστα
2510 3554 2567 3608 δὲ
2596 3553 2734 3624 πρὸς
2758 3554 2888 3617 τοὺς
2914 3552 3153 3617 οἰκείους
3182 3553 3280 3621 τῆς
3311 3549 3572 3610 πίστεως.
3598 3543 3784 3611 Διὰγὲρ

2243 3646 2346 3718 τῆς
2397 3645 2706 3716 φιλοξενίας
2759 3644 2913 3713 φίλος
2946 3642 3082 3696 Θεοῦ
3112 3643 3141 3695 ὁ
3171 3640 3431 3712 ’ᾼόραάμ
3459 3638 3675 3707 ἐκλήθη,
3709 3634 3780 3687 καὶ

2243 3742 2271 3793 ὁ
2300 3736 2458 3803 Λὼτ,
2492 3736 2723 3808 ἀπειλῆς
2754 3735 3022 3807 θεηλάτου
3054 3734 3223 3806 πυρὸς
3255 3733 3326 3786 δι’
3353 3732 3526 3800 αὐτῆς
3548 3730 3780 3797 διέφυγεν,

2243 3830 2340 3884 καὶ
2370 3828 2539 3883 Ῥαὰϐ
2567 3831 2600 3900 ἡ
2629 3829 2829 3899 πόρνη,
2859 3826 2948 3881 διὰ
2973 3826 3281 3895 φιλοξενίας
3310 3823 3535 3879 πανοικὶ
3555 3817 3775 3885 διεσώθηο

2242 3925 2337 3977 καὶ
2389 3921 2546 3994 παρά
2585 3923 2807 3977 πάντων
2855 3923 2887 3991 ἡ
2933 3918 3213 3989 φιλοξενία
3260 3916 3659 3988 ὲγκωμιάζεται
3694 3908 3779 3960 τῶν

2242 4017 2436 4087 ἁγίων.
2493 4015 2717 4088 Πρῶτος
2762 4017 2791 4070 ὁ
2829 4012 3245 4087 Παροιμιαστὴς
3282 4012 3471 4081 λέγει·
3531 4030 3551 4060 ι
3583 4000 3775 4069 Εὐλογία

2241 4111 2450 4183 Κυρίου
2486 4110 2580 4164 ἐπὶ
2611 4107 2853 4180 κεφαλὴν
2887 4107 3096 4161 δικαίου
3117 4122 3133 4138 °
3198 4104 3338 4177 αὕτη
3384 4100 3674 4165 πλουτίζει,
3703 4094 3774 4148 καὶ

454 4409 461 4415 -
549 4374 655 4429 Job
680 4374 909 4445 insuper
939 4373 1364 4445 peregrinorum
1391 4383 1627 4441 amator,
1664 4385 1867 4445 praeter
1906 4385 2134 4433 caeteras

2240 4386 2551 4457 φιλοξενίαν
2588 4385 2789 4456 ἐκόμα.
2837 4402 2857 4435 ι
2904 4383 3047 4453 Ἐγὼ
3075 4383 3204 4455 γὰρ,
3240 4382 3431 4453 φησὶν,
3461 4381 3601 4451 ἢμην
3625 4371 3767 4439 πατὴρ

2239 4480 2537 4535 ἀδυνάτων’
2581 4476 2812 4531 διέσωσα
2834 4475 2942 4547 γὰρ
2965 4475 3179 4546 πτωχδν
3204 4477 3267 4528 ὲκ
3286 4473 3466 4545 χειρὸς
3488 4463 3763 4523 δυναστῶν.»

551 4566 680 4611 cat:
726 4576 743 4607 ι
780 4558 967 4623 Eram,
999 4557 1099 4623 ait,
1134 4565 1292 4628 pater
1322 4557 1707 4625 imbecillium,
1742 4560 1957 4615 servavi
1992 4560 2134 4615 enim

2244 4572 2355 4626 Kal
2400 4570 2562 4625 πάλιν
2582 4586 2595 4600 ·
2658 4588 2677 4621 ι
2711 4567 2953 4634 Εὐλογία·
2974 4565 3358 4636 ἀπολλυμένου
3391 4561 3484 4617 ἐπ’
3509 4560 3601 4631 ἐμὲ
3624 4557 3762 4610 ἔλθοι·

550 4664 851 4719 pauperem
876 4648 945 4704 de
968 4666 1131 4704 manu
1165 4659 1454 4720 potentum
1473 4650 1541 4705 ⁸⁷.
1574 4670 1592 4703 ιι
1627 4651 1868 4707 lterum:
1910 4671 1929 4704 ι
1952 4652 2133 4708 Bene-

550 4741 724 4796 dictio
746 4743 1033 4813 pereuntis
1066 4758 1235 4814 super
1264 4759 1350 4798 me
1372 4743 1581 4810 veniat,
1617 4759 1681 4799 os
1719 4750 1905 4799 autem
1951 4746 2134 4802 viduae

551 4834 689 4888 mihi
723 4835 1037 4891 benedixit:
1076 4836 1274 4892 oculus
1306 4852 1458 4892 eram
1485 4852 1780 4901 caecorum,
1816 4852 1914 4906 pes
1946 4848 2131 4894 autem

550 4927 895 4996 claudorum;
921 4930 1090 5001 janua
1116 4946 1237 4986 mea
1263 4938 1457 5001 aperta
1480 4930 1587 4985 fuit
1610 4931 1762 4986 omni
1788 4930 1992 4987 aﬂlicto
2009 4933 2076 4986 ⁸⁸.
2106 4951 2126 4984 ι

473 5092 477 5097 η
552 5019 721 5075 lsaias
757 5020 919 5077 item:
954 5042 971 5073 ι
993 5024 1273 5095 Pauperes
1303 5025 1424 5080 sine
1450 5033 1597 5079 tecto
1623 5023 1792 5080 induc
1828 5024 1885 5079 in
1906 5024 2131 5079 domum

553 5123 736 5168 tuam:
767 5116 810 5170 si
874 5116 1084 5171 videris
1141 5116 1379 5184 nudum,
1412 5116 1590 5187 operi,
1636 5125 1695 5172 et
1743 5132 1773 5171 a
1806 5115 2137 5172 domesticis

554 5202 663 5257 tuis
722 5220 791 5259 ne
838 5214 1057 5261 avertas
1112 5206 1306 5262 faciem
1351 5223 1367 5261 :
1418 5214 1553 5263 tunc
1583 5207 1849 5263 clamabis
1876 5217 1935 5263 et
1988 5208 2136 5263 Deus

550 5294 811 5350 exaudiet
867 5304 954 5364 te;
1009 5297 1193 5353 adhuc
1213 5299 1477 5369 loquente
1525 5308 1601 5360 te,
1640 5299 1810 5365 dicet,
1846 5299 1989 5355 Ecce
2033 5298 2137 5355 ad-

552 5402 675 5441 sum
691 5387 759 5441 δ’.
792 5406 811 5438 ι
844 5387 1086 5444 lterum:
1121 5409 1139 5442 ι
1173 5389 1228 5446 Si
1259 5391 1559 5447 abstuleris
1585 5407 1615 5447 a
1646 5401 1700 5447 te
1725 5388 1963 5447 'verbum
1982 5408 2140 5447 mur-

646 5539 693 5570 "
718 5539 740 5594 l
770 5540 912 5595 Tim.
944 5559 979 5608 l,
1014 5544 1064 5598 5.

555 5610 601 5641 ⁸⁸
624 5609 825 5678 Ephes.
857 5628 909 5677 v,
940 5615 987 5667 l.

558 5679 643 5732 15.

560 5750 674 5806 7—9.

747 5683 792 5713 δ”
820 5682 974 5737 Jnan.
1006 5699 1122 5749 xm,
1158 5685 1245 5739 5i.

1095 5611 1141 5644 "’
1170 5613 1335 5672 Ilebr.
1356 5633 1408 5673 x.
1450 5616 1484 5670 2
1498 5619 1540 5669 ι.

1359 5687 1405 5717 ⁸⁸
1442 5687 1598 5751 ibid.,
1631 5687 1718 5741 3:3.

1831 5689 1874 5719 5“
1898 5689 2056 5741 l’rev.
2086 5705 2138 5752 Χ,
2164 5688 2216 5742 (ἶ.

2243 4663 2417 4734 στόμα
2447 4661 2505 4715 δὲ
2542 4663 2608 4733 χή
2619 4679 2715 4732 ρας
2745 4658 3040 4729 εὐλόγησεν
3069 4674 3168 4728 με’
3219 4655 3497 4727 ὀφθαλμὸς
3517 4653 3569 4706 δὲ
3594 4644 3764 4716 τυφλῶν

2239 4755 2422 4826 ἥμην,
2476 4754 2610 4817 ποῦς
2654 4752 2712 4805 δὲ
2757 4751 2986 4822 χωλῶν
3042 4751 3138 4804 καὶ
3188 4751 3222 4821 ή
3269 4748 3410 4821 θύρα
3443 4763 3539 4818 μου
3568 4742 3762 4826 ἡνέῳκτο

2241 4823 2404 4893 παντὶ
2436 4839 2740 4911 ἐρχομένῳ.
2771 4856 2790 4890 ι
2834 4839 2894 4893 ὐ
2922 4838 2981 4893 δὲ
3017 4836 3278 4901 Ἡσαΐας·
3322 4855 3340 4888 ι
3373 4833 3615 4905 Πτωχοὺς
3637 4823 3763 4884 ἀστέ⁹

2238 4948 2371 5000 γους
2412 4933 2675 5000 εἰσάγαγε
2725 4933 2806 4995 εἰς
2844 4930 2933 4983 τὸν
2969 4927 3121 4984 οἶκόν
3147 4947 3275 4983 σουσ
3332 4928 3427 4982 ἐὰν
3462 4928 3571 4997 ἴδῃς
3597 4916 3760 4990 γυμνόν

2240 5021 2500 5093 περίόαλε
2522 5063 2537 5086 ,
2594 5022 2687 5075 καὶ
2735 5021 2843 5074 ἀπὸ
2886 5020 2996 5074 τῶν
3034 5020 3253 5074 οἰκείων
3287 5036 3382 5073 σου
3418 5019 3511 5087 οὐχ
3538 5007 3755 5080 ὑπεράξῦ·

2239 5115 2371 5168 Τότε
2399 5113 2592 5186 βοήσῃ,
2619 5114 2711 5168 καὶ
2736 5116 2764 5168 ὁ
2786 5113 2919 5176 Θεὸς
2942 5113 3326 5166 εἰσακούσεταί
3351 5128 3469 5165 σου⁹
3496 5110 3567 5162 ἔτι
3587 5101 3758 5158 λαλοῦν·

2238 5205 2331 5268 τός
2368 5222 2463 5258 σου
2500 5207 2648 5277 ἐρεῖ,
2687 5204 2846 5269 Ἰδοὺ,
2886 5205 3141 5276 πάρειμι.
3171 5222 3190 5255 ι
3231 5203 3345 5258 Kal
3387 5202 3564 5257 πάλιψ
3613 5191 3753 5247 «Ἐὰν

2240 5297 2449 5371 ἀφέλῃς
2495 5297 2607 5369 ἀπὸ
2642 5296 2737 5349 σοῦ
2777 5296 2933 5368 ῥῆμα
2964 5292 3319 5367 γογγυσμοῦ,
3343 5293 3439 5347 καὶ
3464 5290 3559 5361 δῷς
3582 5285 3657 5338 τὸν
3678 5279 3750 5347 ἄρ’

2239 5407 2333 5445 τον
2359 5407 2455 5445 σου
2488 5389 2768 5459 πεινῶντι,
2802 5393 2866 5444 ὲκ
2889 5389 3068 5461 ψυχῆς
3096 5405 3215 5455 σου,
3242 5387 3340 5442 καὶ
3362 5387 3530 5457 ψυχὴν
3552 5389 3746 5433 τεταπει-

1170 5543 1215 5573 ⁸³
1243 5546 1288 5601 ll
1317 5547 1460 5601 Petr.
1491 5563 1530 5611 ι,
1570 5547 1623 5600 7.
1702 5516 1926 5602 “lPetr.
1957 5562 2029 5612 Iv,
2051 5544 2103 5601 8.

1170 5613 1408 5671 Ilebr.x.
1450 5616 1540 5670 Ἢ.
1648 5618 1694 5652 ⁸ο
1723 5615 1934 5671 Coloss.
1968 5633 2045 5671 ιιι.
2090 5616 2134 5670 Η

2255 5546 2706 5671 "aliaalii:
2873 5545 2999 5668 “:2:-
3018 5544 3652 5671 aa:-.,f:.f‘°:':,:;:::
3679 5525 3737 5653 :2:

2279 5609 2319 5648 δ”
2352 5616 2370 5670 l
2398 5616 2592 5672 Thess.
2630 5632 2706 5679 ιιι,
2736 5616 2820 5670 12.
2897 5617 2941 5649 ⁸³
2975 5616 3211 5670 lThcss.
3247 5631 3318 5675 ιν,
3338 5616 3393 5669 9.
3463 5613 3503 5645 ⁵³
3526 5609 3651 5665 Joan.
3679 5613 3738 5653 St.

2326 5688 2370 5717 ⁵⁷
2405 5686 2507 5743 Job
2560 5704 2702 5754 χχιχ,
2740 5688 2816 5741 16.
2898 5685 2943 5717 ³³
2971 5686 3105 5741 ihid.
3143 5685 3323 5741 15-15.
3435 5685 3475 5715 ’θ
3509 5682 3591 5735 lsa.
3628 5682 3734 5727 LW":
