  <div class='ocr_page' id='page_1' title='image "/cluster/home/n/w/nwhite01/storage/ocr_20150623/89/coo.31924054869932/880.png"; bbox 0 0 4042 6428; ppageno 0'>
   <div class='ocr_carea' id='block_1_1' title="bbox 265 358 412 428">
    <p class='ocr_par' dir='ltr' id='par_1_1' title="bbox 265 358 412 428">
     <span class='ocr_line' id='line_1_1' title="bbox 265 358 412 428; baseline 0.007 -3"><span class='ocrx_word' id='word_1_1' title='bbox 265 358 412 428; x_wconf 74' lang='grc'><strong>1⁵129</strong></span> 
     </span>
    </p>
   </div>
   <div class='ocr_carea' id='block_1_2' title="bbox 966 355 2823 420">
    <p class='ocr_par' dir='ltr' id='par_1_2' title="bbox 966 355 2823 420">
     <span class='ocr_line' id='line_1_2' title="bbox 966 355 2823 420; baseline -0.002 -1"><span class='ocrx_word' id='word_1_2' title='bbox 966 356 1303 419; x_wconf 69' lang='lat' dir='ltr'><strong>iIOMlLlA</strong></span> <span class='ocrx_word' id='word_1_3' title='bbox 1340 357 1606 420; x_wconf 72' lang='lat' dir='ltr'><strong>XCVIII.</strong></span> <span class='ocrx_word' id='word_1_4' title='bbox 1637 383 1701 395; x_wconf 88' lang='grc'><strong><em>--</em></strong></span> <span class='ocrx_word' id='word_1_5' title='bbox 1725 355 1823 418; x_wconf 86' lang='lat' dir='ltr'><strong>DE</strong></span> <span class='ocrx_word' id='word_1_6' title='bbox 1864 355 2124 418; x_wconf 82' lang='lat' dir='ltr'><strong>AMORE</strong></span> <span class='ocrx_word' id='word_1_7' title='bbox 2164 357 2365 418; x_wconf 80' lang='lat' dir='ltr'><strong>ERGA</strong></span> <span class='ocrx_word' id='word_1_8' title='bbox 2407 356 2823 418; x_wconf 79' lang='lat' dir='ltr'><strong>PAUPERES.</strong></span> 
     </span>
    </p>
   </div>
   <div class='ocr_carea' id='block_1_3' title="bbox 3390 353 3525 417">
    <p class='ocr_par' dir='ltr' id='par_1_3' title="bbox 3390 353 3525 417">
     <span class='ocr_line' id='line_1_3' title="bbox 3390 353 3525 417; baseline 0 0"><span class='ocrx_word' id='word_1_9' title='bbox 3390 353 3525 417; x_wconf 73' lang='lat'><strong>1730</strong></span> 
     </span>
    </p>
   </div>
   <div class='ocr_carea' id='block_1_4' title="bbox 245 466 1848 543">
    <p class='ocr_par' dir='ltr' id='par_1_4' title="bbox 245 467 1847 543">
     <span class='ocr_line' id='line_1_4' title="bbox 245 467 1847 543; baseline -0.004 -16"><span class='ocrx_word' id='word_1_10' title='bbox 245 473 517 543; x_wconf 84' lang='grc' dir='ltr'>νωμένην</span> <span class='ocrx_word' id='word_1_11' title='bbox 571 470 901 542; x_wconf 75' lang='grc' dir='ltr'>ἐμπλήσῃς·</span> <span class='ocrx_word' id='word_1_12' title='bbox 965 471 1088 523; x_wconf 82' lang='grc' dir='ltr'>τότε</span> <span class='ocrx_word' id='word_1_13' title='bbox 1142 467 1392 524; x_wconf 83' lang='grc' dir='ltr'>άνατελεῖ</span> <span class='ocrx_word' id='word_1_14' title='bbox 1440 473 1498 523; x_wconf 80' lang='grc' dir='ltr'><strong>ἐν</strong></span> <span class='ocrx_word' id='word_1_15' title='bbox 1541 468 1618 539; x_wconf 84' lang='grc' dir='ltr'>τῷ</span> <span class='ocrx_word' id='word_1_16' title='bbox 1664 470 1847 523; x_wconf 87' lang='grc' dir='ltr'>σκότει</span> 
     </span>
    </p>
   </div>
   <div class='ocr_carea' id='block_1_5' title="bbox 1953 466 3526 543">
    <p class='ocr_par' dir='ltr' id='par_1_5' title="bbox 1953 466 3526 538">
     <span class='ocr_line' id='line_1_5' title="bbox 1953 466 3526 538; baseline -0.001 -15"><span class='ocrx_word' id='word_1_17' title='bbox 1953 468 2303 534; x_wconf 88' lang='lat' dir='ltr'><strong>murationis,</strong></span> <span class='ocrx_word' id='word_1_18' title='bbox 2340 478 2396 524; x_wconf 90' lang='lat' dir='ltr'><strong>et</strong></span> <span class='ocrx_word' id='word_1_19' title='bbox 2420 466 2643 523; x_wconf 88' lang='lat' dir='ltr'><strong>dederis</strong></span> <span class='ocrx_word' id='word_1_20' title='bbox 2692 482 2891 538; x_wconf 88' lang='lat' dir='ltr'><strong>panem</strong></span> <span class='ocrx_word' id='word_1_21' title='bbox 2918 466 3209 529; x_wconf 83' lang='lat' dir='ltr'><strong>esurienti,</strong></span> <span class='ocrx_word' id='word_1_22' title='bbox 3247 483 3312 522; x_wconf 76' lang='lat' dir='ltr'><strong>ex</strong></span> <span class='ocrx_word' id='word_1_23' title='bbox 3345 467 3526 522; x_wconf 89' lang='lat' dir='ltr'><strong>anima</strong></span> 
     </span>
    </p>
   </div>
   <div class='ocr_carea' id='block_1_6' title="bbox 245 557 1839 631">
    <p class='ocr_par' dir='ltr' id='par_1_6' title="bbox 245 557 1839 631">
     <span class='ocr_line' id='line_1_6' title="bbox 245 557 1839 631; baseline 0.001 -20"><span class='ocrx_word' id='word_1_24' title='bbox 245 564 321 615; x_wconf 76' lang='grc' dir='ltr'>τὸ</span> <span class='ocrx_word' id='word_1_25' title='bbox 348 560 474 631; x_wconf 78' lang='grc' dir='ltr'><strong>-φῶς</strong></span> <span class='ocrx_word' id='word_1_26' title='bbox 503 577 597 613; x_wconf 82' lang='grc' dir='ltr'><strong>συυ</strong></span> <span class='ocrx_word' id='word_1_27' title='bbox 615 598 630 625; x_wconf 90' lang='grc'><strong>,</strong></span> <span class='ocrx_word' id='word_1_28' title='bbox 666 559 761 614; x_wconf 82' lang='grc' dir='ltr'>καὶ</span> <span class='ocrx_word' id='word_1_29' title='bbox 790 558 943 611; x_wconf 77' lang='grc' dir='ltr'>ἔσται</span> <span class='ocrx_word' id='word_1_30' title='bbox 973 559 1002 611; x_wconf 94' lang='lat'><strong>6</strong></span> <span class='ocrx_word' id='word_1_31' title='bbox 1028 557 1164 621; x_wconf 76' lang='grc' dir='ltr'>Θεὸς</span> <span class='ocrx_word' id='word_1_32' title='bbox 1196 558 1335 629; x_wconf 83' lang='grc' dir='ltr'>μετὰ</span> <span class='ocrx_word' id='word_1_33' title='bbox 1364 558 1459 611; x_wconf 87' lang='grc' dir='ltr'><strong>σοῦ</strong></span> <span class='ocrx_word' id='word_1_34' title='bbox 1487 558 1576 612; x_wconf 82' lang='grc' dir='ltr'><strong>διά</strong></span> <span class='ocrx_word' id='word_1_35' title='bbox 1603 558 1839 621; x_wconf 76' lang='grc' dir='ltr'>παντός’</span> 
     </span>
    </p>
   </div>
   <div class='ocr_carea' id='block_1_7' title="bbox 247 645 1838 721">
    <p class='ocr_par' dir='ltr' id='par_1_7' title="bbox 247 645 1838 721">
     <span class='ocr_line' id='line_1_7' title="bbox 247 645 1838 721; baseline -0.003 -17"><span class='ocrx_word' id='word_1_36' title='bbox 247 650 363 704; x_wconf 75' lang='grc' dir='ltr'><strong>καὶ</strong></span> <span class='ocrx_word' id='word_1_37' title='bbox 404 646 771 721; x_wconf 78' lang='grc' dir='ltr'>ἐμπλησθήσῃ</span> <span class='ocrx_word' id='word_1_38' title='bbox 817 646 1072 716; x_wconf 85' lang='grc' dir='ltr'>καθάπερ</span> <span class='ocrx_word' id='word_1_39' title='bbox 1118 647 1381 716; x_wconf 74' lang='grc' dir='ltr'><strong>ἐπιθυμεῖ</strong></span> <span class='ocrx_word' id='word_1_40' title='bbox 1411 649 1444 717; x_wconf 88' lang='grc' dir='ltr'><strong>ή</strong></span> <span class='ocrx_word' id='word_1_41' title='bbox 1479 645 1625 717; x_wconf 82' lang='grc' dir='ltr'>ψυχή</span> <span class='ocrx_word' id='word_1_42' title='bbox 1662 663 1778 701; x_wconf 87' lang='grc' dir='ltr'>σου.</span> <span class='ocrx_word' id='word_1_43' title='bbox 1818 665 1838 699; x_wconf 93' lang='grc'><strong>»</strong></span> 
     </span>
    </p>
   </div>
   <div class='ocr_carea' id='block_1_8' title="bbox 248 737 1844 809">
    <p class='ocr_par' dir='ltr' id='par_1_8' title="bbox 248 737 1844 809">
     <span class='ocr_line' id='line_1_8' title="bbox 248 737 1844 809; baseline -0.003 -13"><span class='ocrx_word' id='word_1_44' title='bbox 248 744 380 799; x_wconf 78' lang='lat' dir='ltr'><strong>Kal</strong></span> <span class='ocrx_word' id='word_1_45' title='bbox 410 745 438 796; x_wconf 91' lang='lat'><strong>6</strong></span> <span class='ocrx_word' id='word_1_46' title='bbox 465 741 677 804; x_wconf 80' lang='grc' dir='ltr'>Παῦλος</span> <span class='ocrx_word' id='word_1_47' title='bbox 698 758 714 771; x_wconf 78' lang='grc' dir='ltr'><strong>ο</strong></span> <span class='ocrx_word' id='word_1_48' title='bbox 770 756 791 791; x_wconf 81' lang='grc' dir='ltr'><strong>ι</strong></span> <span class='ocrx_word' id='word_1_49' title='bbox 827 737 893 792; x_wconf 85' lang='grc' dir='ltr'><strong>Ἦ</strong></span> <span class='ocrx_word' id='word_1_50' title='bbox 934 738 1258 809; x_wconf 76' lang='grc' dir='ltr'>φιλαδελφία</span> <span class='ocrx_word' id='word_1_51' title='bbox 1291 739 1523 808; x_wconf 80' lang='grc' dir='ltr'><strong>μενέτω,</strong></span> <span class='ocrx_word' id='word_1_52' title='bbox 1565 739 1665 807; x_wconf 82' lang='grc' dir='ltr'>τῆς</span> <span class='ocrx_word' id='word_1_53' title='bbox 1690 739 1844 807; x_wconf 86' lang='grc' dir='ltr'>φιλο-</span> 
     </span>
    </p>
   </div>
   <div class='ocr_carea' id='block_1_9' title="bbox 252 829 1844 904">
    <p class='ocr_par' dir='ltr' id='par_1_9' title="bbox 252 829 1844 904">
     <span class='ocr_line' id='line_1_9' title="bbox 252 829 1844 904; baseline -0.003 -16"><span class='ocrx_word' id='word_1_54' title='bbox 252 834 449 901; x_wconf 84' lang='grc' dir='ltr'>ξενίας</span> <span class='ocrx_word' id='word_1_55' title='bbox 503 832 579 904; x_wconf 82' lang='grc' dir='ltr'>μὴ</span> <span class='ocrx_word' id='word_1_56' title='bbox 619 829 1048 884; x_wconf 82' lang='grc' dir='ltr'>ἐπιλανθάνεσθε</span> <span class='ocrx_word' id='word_1_57' title='bbox 1071 847 1087 863; x_wconf 79' lang='grc' dir='ltr'><strong><em>ο</em></strong></span> <span class='ocrx_word' id='word_1_58' title='bbox 1146 829 1238 883; x_wconf 83' lang='grc' dir='ltr'>διὰ</span> <span class='ocrx_word' id='word_1_59' title='bbox 1276 830 1484 900; x_wconf 82' lang='grc' dir='ltr'><strong>ταύτης</strong></span> <span class='ocrx_word' id='word_1_60' title='bbox 1512 830 1621 901; x_wconf 65' lang='grc' dir='ltr'><strong>γὰρ</strong></span> <span class='ocrx_word' id='word_1_61' title='bbox 1652 830 1844 884; x_wconf 78' lang='grc' dir='ltr'>ἔλαθόν</span> 
     </span>
    </p>
   </div>
   <div class='ocr_carea' id='block_1_10' title="bbox 243 917 1846 991">
    <p class='ocr_par' dir='ltr' id='par_1_10' title="bbox 243 917 1846 991">
     <span class='ocr_line' id='line_1_10' title="bbox 243 917 1846 991; baseline -0.003 -11"><span class='ocrx_word' id='word_1_62' title='bbox 243 944 410 990; x_wconf 85' lang='grc' dir='ltr'>τινες</span> <span class='ocrx_word' id='word_1_63' title='bbox 446 924 760 990; x_wconf 76' lang='grc' dir='ltr'><strong>ξενίσαντες</strong></span> <span class='ocrx_word' id='word_1_64' title='bbox 788 922 1080 990; x_wconf 84' lang='grc' dir='ltr'>ἀγγέλους.</span> <span class='ocrx_word' id='word_1_65' title='bbox 1112 939 1132 972; x_wconf 94' lang='grc'><strong>»</strong></span> <span class='ocrx_word' id='word_1_66' title='bbox 1192 920 1305 975; x_wconf 80' lang='grc' dir='ltr'>Καὶ</span> <span class='ocrx_word' id='word_1_67' title='bbox 1336 917 1495 986; x_wconf 83' lang='grc' dir='ltr'>αὖθις</span> <span class='ocrx_word' id='word_1_68' title='bbox 1517 936 1529 949; x_wconf 94' lang='grc'>·</span> <span class='ocrx_word' id='word_1_69' title='bbox 1593 940 1612 972; x_wconf 82' lang='grc' dir='ltr'><strong>ι</strong></span> <span class='ocrx_word' id='word_1_70' title='bbox 1649 919 1762 991; x_wconf 80' lang='grc' dir='ltr'>Τῆς</span> <span class='ocrx_word' id='word_1_71' title='bbox 1786 920 1846 975; x_wconf 80' lang='grc' dir='ltr'><strong>δέ</strong></span> 
     </span>
    </p>
   </div>
   <div class='ocr_carea' id='block_1_11' title="bbox 251 1010 1847 1083">
    <p class='ocr_par' dir='ltr' id='par_1_11' title="bbox 251 1010 1847 1083">
     <span class='ocr_line' id='line_1_11' title="bbox 251 1010 1847 1083; baseline -0.006 -10"><span class='ocrx_word' id='word_1_72' title='bbox 251 1018 516 1080; x_wconf 73' lang='grc' dir='ltr'><strong>εὐποιίας</strong></span> <span class='ocrx_word' id='word_1_73' title='bbox 548 1016 644 1069; x_wconf 79' lang='grc' dir='ltr'>καὶ</span> <span class='ocrx_word' id='word_1_74' title='bbox 671 1014 959 1077; x_wconf 82' lang='grc' dir='ltr'><strong>κοινωνίας</strong></span> <span class='ocrx_word' id='word_1_75' title='bbox 987 1012 1061 1083; x_wconf 83' lang='grc' dir='ltr'>μὴ</span> <span class='ocrx_word' id='word_1_76' title='bbox 1087 1010 1535 1069; x_wconf 81' lang='grc' dir='ltr'>ἐπιλανθάνεσθε·</span> <span class='ocrx_word' id='word_1_77' title='bbox 1566 1010 1847 1075; x_wconf 80' lang='grc' dir='ltr'>τοιαύταις</span> 
     </span>
    </p>
   </div>
   <div class='ocr_carea' id='block_1_12' title="bbox 250 1103 1846 1182">
    <p class='ocr_par' dir='ltr' id='par_1_12' title="bbox 250 1103 1846 1182">
     <span class='ocr_line' id='line_1_12' title="bbox 250 1103 1846 1182; baseline -0.004 -19"><span class='ocrx_word' id='word_1_78' title='bbox 250 1112 376 1182; x_wconf 73' lang='grc' dir='ltr'><strong>γὰρ</strong></span> <span class='ocrx_word' id='word_1_79' title='bbox 406 1108 621 1172; x_wconf 85' lang='grc' dir='ltr'>θυσίαις</span> <span class='ocrx_word' id='word_1_80' title='bbox 648 1106 1030 1178; x_wconf 79' lang='grc' dir='ltr'>εὐαρεστεῖται</span> <span class='ocrx_word' id='word_1_81' title='bbox 1058 1104 1087 1155; x_wconf 98' lang='lat'><strong>6</strong></span> <span class='ocrx_word' id='word_1_82' title='bbox 1110 1103 1260 1166; x_wconf 85' lang='grc' dir='ltr'>Θεός.</span> <span class='ocrx_word' id='word_1_83' title='bbox 1287 1121 1307 1155; x_wconf 92' lang='grc'><strong>»</strong></span> <span class='ocrx_word' id='word_1_84' title='bbox 1343 1103 1513 1174; x_wconf 75' lang='grc' dir='ltr'>Φησὶν</span> <span class='ocrx_word' id='word_1_85' title='bbox 1542 1103 1600 1157; x_wconf 89' lang='grc' dir='ltr'><strong>δέ</strong></span> <span class='ocrx_word' id='word_1_86' title='bbox 1625 1104 1723 1159; x_wconf 81' lang='grc' dir='ltr'>καὶ</span> <span class='ocrx_word' id='word_1_87' title='bbox 1745 1104 1846 1158; x_wconf 80' lang='grc' dir='ltr'><strong>ἄλ-</strong></span> 
     </span>
    </p>
   </div>
   <div class='ocr_carea' id='block_1_13' title="bbox 180 1196 1847 1270">
    <p class='ocr_par' dir='ltr' id='par_1_13' title="bbox 180 1196 1847 1270">
     <span class='ocr_line' id='line_1_13' title="bbox 180 1196 1847 1270; baseline -0.008 -12"><span class='ocrx_word' id='word_1_88' title='bbox 180 1238 187 1241; x_wconf 91' lang='lat'><strong><em>-</em></strong></span> <span class='ocrx_word' id='word_1_89' title='bbox 249 1204 390 1268; x_wconf 64' lang='lat'><strong>10;:</strong></span> <span class='ocrx_word' id='word_1_90' title='bbox 451 1221 471 1254; x_wconf 80' lang='grc' dir='ltr'><strong>ι</strong></span> <span class='ocrx_word' id='word_1_91' title='bbox 503 1200 775 1266; x_wconf 74' lang='grc' dir='ltr'>Φιλόξενοι</span> <span class='ocrx_word' id='word_1_92' title='bbox 819 1196 1038 1267; x_wconf 83' lang='grc' dir='ltr'>γίνεσθε</span> <span class='ocrx_word' id='word_1_93' title='bbox 1087 1196 1167 1259; x_wconf 86' lang='grc' dir='ltr'><strong>είς</strong></span> <span class='ocrx_word' id='word_1_94' title='bbox 1211 1196 1502 1270; x_wconf 81' lang='grc' dir='ltr'><strong>ἀλλήλους,</strong></span> <span class='ocrx_word' id='word_1_95' title='bbox 1554 1196 1681 1251; x_wconf 80' lang='grc' dir='ltr'>ἄνευ</span> <span class='ocrx_word' id='word_1_96' title='bbox 1714 1212 1847 1264; x_wconf 82' lang='grc' dir='ltr'><strong>γογ-</strong></span> 
     </span>
    </p>
   </div>
   <div class='ocr_carea' id='block_1_14' title="bbox 252 1280 1847 1363">
    <p class='ocr_par' dir='ltr' id='par_1_14' title="bbox 252 1280 1847 1363">
     <span class='ocr_line' id='line_1_14' title="bbox 252 1280 1847 1363; baseline -0.008 -17"><span class='ocrx_word' id='word_1_97' title='bbox 252 1291 504 1363; x_wconf 86' lang='grc' dir='ltr'>γυσμοῦ.</span> <span class='ocrx_word' id='word_1_98' title='bbox 541 1308 560 1341; x_wconf 96' lang='grc'><strong>»</strong></span> <span class='ocrx_word' id='word_1_99' title='bbox 619 1288 683 1341; x_wconf 79' lang='lat' dir='ltr'><strong>El</strong></span> <span class='ocrx_word' id='word_1_100' title='bbox 729 1287 840 1357; x_wconf 78' lang='grc' dir='ltr'><strong>γὰρ</strong></span> <span class='ocrx_word' id='word_1_101' title='bbox 890 1286 923 1354; x_wconf 80' lang='grc' dir='ltr'>ὴ</span> <span class='ocrx_word' id='word_1_102' title='bbox 971 1282 1255 1354; x_wconf 82' lang='grc' dir='ltr'>προθυμία</span> <span class='ocrx_word' id='word_1_103' title='bbox 1296 1283 1615 1352; x_wconf 86' lang='grc' dir='ltr'>πρόκειται,</span> <span class='ocrx_word' id='word_1_104' title='bbox 1665 1282 1787 1334; x_wconf 85' lang='grc' dir='ltr'>καθ’</span> <span class='ocrx_word' id='word_1_105' title='bbox 1817 1280 1847 1334; x_wconf 85' lang='grc' dir='ltr'><strong>δ</strong></span> 
     </span>
    </p>
   </div>
   <div class='ocr_carea' id='block_1_15' title="bbox 252 1372 1842 1453">
    <p class='ocr_par' dir='ltr' id='par_1_15' title="bbox 252 1372 1842 1453">
     <span class='ocr_line' id='line_1_15' title="bbox 252 1372 1842 1453; baseline -0.008 -17"><span class='ocrx_word' id='word_1_106' title='bbox 252 1384 365 1436; x_wconf 72' lang='grc' dir='ltr'><strong>ἐὰν</strong></span> <span class='ocrx_word' id='word_1_107' title='bbox 415 1382 513 1453; x_wconf 81' lang='grc' dir='ltr'>ἐχῃ</span> <span class='ocrx_word' id='word_1_108' title='bbox 560 1398 683 1444; x_wconf 83' lang='grc' dir='ltr'>τις,</span> <span class='ocrx_word' id='word_1_109' title='bbox 737 1375 1165 1447; x_wconf 83' lang='grc' dir='ltr'>εὐπρόσδεκτος,</span> <span class='ocrx_word' id='word_1_110' title='bbox 1218 1374 1281 1427; x_wconf 89' lang='grc' dir='ltr'><strong>οὐ</strong></span> <span class='ocrx_word' id='word_1_111' title='bbox 1333 1374 1510 1427; x_wconf 85' lang='grc' dir='ltr'>καθ’ὂ</span> <span class='ocrx_word' id='word_1_112' title='bbox 1555 1374 1656 1427; x_wconf 84' lang='grc' dir='ltr'><strong>οὐκ</strong></span> <span class='ocrx_word' id='word_1_113' title='bbox 1691 1372 1842 1443; x_wconf 76' lang='grc' dir='ltr'>ἔχει’</span> 
     </span>
    </p>
   </div>
   <div class='ocr_carea' id='block_1_16' title="bbox 265 1463 1844 1543">
    <p class='ocr_par' dir='ltr' id='par_1_16' title="bbox 265 1463 1844 1543">
     <span class='ocr_line' id='line_1_16' title="bbox 265 1463 1844 1543; baseline -0.005 -18"><span class='ocrx_word' id='word_1_114' title='bbox 265 1492 286 1525; x_wconf 73' lang='grc' dir='ltr'><strong>ι</strong></span> <span class='ocrx_word' id='word_1_115' title='bbox 326 1475 402 1527; x_wconf 74' lang='grc' dir='ltr'>Οὐ</span> <span class='ocrx_word' id='word_1_116' title='bbox 436 1474 549 1543; x_wconf 81' lang='grc' dir='ltr'>γὰρ</span> <span class='ocrx_word' id='word_1_117' title='bbox 597 1471 687 1525; x_wconf 80' lang='grc' dir='ltr'><strong>ἵνα</strong></span> <span class='ocrx_word' id='word_1_118' title='bbox 731 1469 913 1531; x_wconf 80' lang='grc' dir='ltr'>ἄλλοις</span> <span class='ocrx_word' id='word_1_119' title='bbox 958 1465 1176 1530; x_wconf 75' lang='grc' dir='ltr'>ἄνεσις,</span> <span class='ocrx_word' id='word_1_120' title='bbox 1224 1466 1355 1536; x_wconf 84' lang='grc' dir='ltr'>ὑμῖν</span> <span class='ocrx_word' id='word_1_121' title='bbox 1396 1466 1453 1518; x_wconf 77' lang='grc' dir='ltr'>δὲ</span> <span class='ocrx_word' id='word_1_122' title='bbox 1496 1464 1695 1533; x_wconf 79' lang='grc' dir='ltr'>θλϊψις,</span> <span class='ocrx_word' id='word_1_123' title='bbox 1730 1463 1844 1518; x_wconf 82' lang='grc' dir='ltr'><strong>ἀλλ’</strong></span> 
     </span>
    </p>
   </div>
   <div class='ocr_carea' id='block_1_17' title="bbox 260 1557 1843 1636">
    <p class='ocr_par' dir='ltr' id='par_1_17' title="bbox 260 1557 1843 1636">
     <span class='ocr_line' id='line_1_17' title="bbox 260 1557 1843 1636; baseline -0.006 -17"><span class='ocrx_word' id='word_1_124' title='bbox 260 1566 330 1630; x_wconf 75' lang='grc' dir='ltr'><strong>ἐξ</strong></span> <span class='ocrx_word' id='word_1_125' title='bbox 376 1566 624 1636; x_wconf 75' lang='grc' dir='ltr'>ἰσότητος</span> <span class='ocrx_word' id='word_1_126' title='bbox 673 1563 731 1614; x_wconf 83' lang='grc' dir='ltr'>ὲν</span> <span class='ocrx_word' id='word_1_127' title='bbox 780 1561 859 1632; x_wconf 81' lang='grc' dir='ltr'>τῷ</span> <span class='ocrx_word' id='word_1_128' title='bbox 903 1559 999 1613; x_wconf 91' lang='grc' dir='ltr'><strong>νῦν</strong></span> <span class='ocrx_word' id='word_1_129' title='bbox 1044 1557 1275 1629; x_wconf 79' lang='grc' dir='ltr'>καιρῷ.»</span> <span class='ocrx_word' id='word_1_130' title='bbox 1332 1557 1443 1609; x_wconf 88' lang='lat' dir='ltr'><strong>Kal</strong></span> <span class='ocrx_word' id='word_1_131' title='bbox 1482 1558 1618 1627; x_wconf 73' lang='grc' dir='ltr'>πρὸς</span> <span class='ocrx_word' id='word_1_132' title='bbox 1655 1558 1843 1610; x_wconf 84' lang='grc' dir='ltr'>Τῖτον’</span> 
     </span>
    </p>
   </div>
   <div class='ocr_carea' id='block_1_18' title="bbox 268 1647 1845 1726">
    <p class='ocr_par' dir='ltr' id='par_1_18' title="bbox 268 1647 1845 1726">
     <span class='ocr_line' id='line_1_18' title="bbox 268 1647 1845 1726; baseline -0.006 -17"><span class='ocrx_word' id='word_1_133' title='bbox 268 1676 291 1709; x_wconf 72' lang='grc' dir='ltr'><strong>ι</strong></span> <span class='ocrx_word' id='word_1_134' title='bbox 317 1656 500 1726; x_wconf 75' lang='grc' dir='ltr'>Ζηνᾶν</span> <span class='ocrx_word' id='word_1_135' title='bbox 521 1654 613 1706; x_wconf 81' lang='grc' dir='ltr'><strong>τὸν</strong></span> <span class='ocrx_word' id='word_1_136' title='bbox 635 1650 860 1722; x_wconf 78' lang='grc' dir='ltr'>νομικὸν</span> <span class='ocrx_word' id='word_1_137' title='bbox 885 1651 981 1704; x_wconf 78' lang='grc' dir='ltr'><strong>καὶ</strong></span> <span class='ocrx_word' id='word_1_138' title='bbox 1004 1650 1251 1704; x_wconf 84' lang='grc' dir='ltr'>Ἀπολλὼ</span> <span class='ocrx_word' id='word_1_139' title='bbox 1270 1648 1478 1717; x_wconf 76' lang='grc' dir='ltr'>ταχέως</span> <span class='ocrx_word' id='word_1_140' title='bbox 1501 1647 1845 1718; x_wconf 67' lang='grc' dir='ltr'>πρόπεμψον,</span> 
     </span>
    </p>
   </div>
   <div class='ocr_carea' id='block_1_19' title="bbox 264 1737 1847 1814">
    <p class='ocr_par' dir='ltr' id='par_1_19' title="bbox 264 1737 1847 1814">
     <span class='ocr_line' id='line_1_19' title="bbox 264 1737 1847 1814; baseline -0.004 -16"><span class='ocrx_word' id='word_1_141' title='bbox 264 1746 360 1799; x_wconf 81' lang='grc' dir='ltr'><strong>ἵνα</strong></span> <span class='ocrx_word' id='word_1_142' title='bbox 413 1743 578 1814; x_wconf 81' lang='grc' dir='ltr'>μηδὲν</span> <span class='ocrx_word' id='word_1_143' title='bbox 626 1742 812 1803; x_wconf 83' lang='grc' dir='ltr'>αὐτοῖς</span> <span class='ocrx_word' id='word_1_144' title='bbox 859 1740 1022 1811; x_wconf 83' lang='grc' dir='ltr'>λείπῃ</span> <span class='ocrx_word' id='word_1_145' title='bbox 1045 1757 1060 1772; x_wconf 77' lang='grc' dir='ltr'><strong>ο</strong></span> <span class='ocrx_word' id='word_1_146' title='bbox 1117 1737 1545 1810; x_wconf 81' lang='grc' dir='ltr'>μανθανέτωσαν</span> <span class='ocrx_word' id='word_1_147' title='bbox 1578 1737 1636 1791; x_wconf 76' lang='grc' dir='ltr'>δὲ</span> <span class='ocrx_word' id='word_1_148' title='bbox 1671 1737 1768 1791; x_wconf 75' lang='grc' dir='ltr'>καὶ</span> <span class='ocrx_word' id='word_1_149' title='bbox 1799 1738 1847 1791; x_wconf 83' lang='lat' dir='ltr'><strong>oi</strong></span> 
     </span>
    </p>
   </div>
   <div class='ocr_carea' id='block_1_20' title="bbox 1953 556 3531 627">
    <p class='ocr_par' dir='ltr' id='par_1_20' title="bbox 1953 556 3531 627">
     <span class='ocr_line' id='line_1_20' title="bbox 1953 556 3531 627; baseline -0.003 -14"><span class='ocrx_word' id='word_1_150' title='bbox 1953 568 2068 625; x_wconf 89' lang='lat' dir='ltr'><strong>tua,</strong></span> <span class='ocrx_word' id='word_1_151' title='bbox 2092 568 2150 614; x_wconf 90' lang='lat' dir='ltr'><strong>et</strong></span> <span class='ocrx_word' id='word_1_152' title='bbox 2181 560 2423 614; x_wconf 91' lang='lat' dir='ltr'><strong>animam</strong></span> <span class='ocrx_word' id='word_1_153' title='bbox 2441 558 2777 613; x_wconf 81' lang='lat' dir='ltr'><strong>exinanitum</strong></span> <span class='ocrx_word' id='word_1_154' title='bbox 2805 557 3140 627; x_wconf 85' lang='lat' dir='ltr'><strong>repleveris:</strong></span> <span class='ocrx_word' id='word_1_155' title='bbox 3162 567 3295 612; x_wconf 86' lang='lat' dir='ltr'><strong>tunc</strong></span> <span class='ocrx_word' id='word_1_156' title='bbox 3317 556 3531 612; x_wconf 87' lang='lat' dir='ltr'><strong>orietur</strong></span> 
     </span>
    </p>
   </div>
   <div class='ocr_carea' id='block_1_21' title="bbox 1951 650 3530 715">
    <p class='ocr_par' dir='ltr' id='par_1_21' title="bbox 1951 650 3530 715">
     <span class='ocr_line' id='line_1_21' title="bbox 1951 650 3530 715; baseline -0.004 -10"><span class='ocrx_word' id='word_1_157' title='bbox 1951 651 2008 705; x_wconf 91' lang='lat' dir='ltr'><strong>in</strong></span> <span class='ocrx_word' id='word_1_158' title='bbox 2045 650 2294 706; x_wconf 73' lang='lat' dir='ltr'><strong>tenebris</strong></span> <span class='ocrx_word' id='word_1_159' title='bbox 2325 652 2420 706; x_wconf 83' lang='lat' dir='ltr'><strong>lux</strong></span> <span class='ocrx_word' id='word_1_160' title='bbox 2453 660 2568 715; x_wconf 86' lang='lat' dir='ltr'><strong>tua,</strong></span> <span class='ocrx_word' id='word_1_161' title='bbox 2602 663 2658 705; x_wconf 89' lang='lat' dir='ltr'><strong>et</strong></span> <span class='ocrx_word' id='word_1_162' title='bbox 2685 650 2792 704; x_wconf 88' lang='lat' dir='ltr'><strong>erit</strong></span> <span class='ocrx_word' id='word_1_163' title='bbox 2824 650 2970 703; x_wconf 84' lang='lat' dir='ltr'><strong>Deus</strong></span> <span class='ocrx_word' id='word_1_164' title='bbox 2995 657 3123 703; x_wconf 88' lang='lat' dir='ltr'><strong>tuus</strong></span> <span class='ocrx_word' id='word_1_165' title='bbox 3171 657 3350 703; x_wconf 87' lang='lat' dir='ltr'><strong>tecum</strong></span> <span class='ocrx_word' id='word_1_166' title='bbox 3383 663 3530 703; x_wconf 83' lang='lat' dir='ltr'><strong>sem-</strong></span> 
     </span>
    </p>
   </div>
   <div class='ocr_carea' id='block_1_22' title="bbox 1950 741 3524 814">
    <p class='ocr_par' dir='ltr' id='par_1_22' title="bbox 1950 741 3524 814">
     <span class='ocr_line' id='line_1_22' title="bbox 1950 741 3524 814; baseline -0.002 -16"><span class='ocrx_word' id='word_1_167' title='bbox 1950 758 2074 813; x_wconf 89' lang='lat' dir='ltr'><strong>per,</strong></span> <span class='ocrx_word' id='word_1_168' title='bbox 2097 752 2154 799; x_wconf 91' lang='lat' dir='ltr'><strong>et</strong></span> <span class='ocrx_word' id='word_1_169' title='bbox 2189 744 2511 814; x_wconf 86' lang='lat' dir='ltr'><strong>impleberis</strong></span> <span class='ocrx_word' id='word_1_170' title='bbox 2553 744 2696 799; x_wconf 93' lang='lat' dir='ltr'><strong>sicut</strong></span> <span class='ocrx_word' id='word_1_171' title='bbox 2734 743 3015 798; x_wconf 79' lang='lat' dir='ltr'><strong>desiderat</strong></span> <span class='ocrx_word' id='word_1_172' title='bbox 3071 741 3254 796; x_wconf 91' lang='lat' dir='ltr'><strong>anima</strong></span> <span class='ocrx_word' id='word_1_173' title='bbox 3299 742 3472 796; x_wconf 81' lang='lat' dir='ltr'><strong>tua“.</strong></span> <span class='ocrx_word' id='word_1_174' title='bbox 3505 761 3524 793; x_wconf 76' lang='grc' dir='ltr'><strong>ι</strong></span> 
     </span>
    </p>
   </div>
   <div class='ocr_carea' id='block_1_23' title="bbox 1951 833 3534 902">
    <p class='ocr_par' dir='ltr' id='par_1_23' title="bbox 1951 833 3534 902">
     <span class='ocr_line' id='line_1_23' title="bbox 1951 833 3534 902; baseline -0.002 -11"><span class='ocrx_word' id='word_1_175' title='bbox 1951 836 2157 892; x_wconf 86' lang='lat' dir='ltr'><strong>Paulus</strong></span> <span class='ocrx_word' id='word_1_176' title='bbox 2191 837 2362 891; x_wconf 88' lang='lat' dir='ltr'><strong>item:</strong></span> <span class='ocrx_word' id='word_1_177' title='bbox 2408 855 2427 888; x_wconf 80' lang='grc' dir='ltr'><strong>ι</strong></span> <span class='ocrx_word' id='word_1_178' title='bbox 2462 836 2632 892; x_wconf 82' lang='lat' dir='ltr'><strong>Amor</strong></span> <span class='ocrx_word' id='word_1_179' title='bbox 2670 834 3038 890; x_wconf 76' lang='lat' dir='ltr'><strong>fraternitatis</strong></span> <span class='ocrx_word' id='word_1_180' title='bbox 3068 844 3309 899; x_wconf 88' lang='lat' dir='ltr'><strong>maneat,</strong></span> <span class='ocrx_word' id='word_1_181' title='bbox 3345 833 3534 902; x_wconf 85' lang='lat' dir='ltr'><strong>hospi-</strong></span> 
     </span>
    </p>
   </div>
   <div class='ocr_carea' id='block_1_24' title="bbox 1952 925 3534 996">
    <p class='ocr_par' dir='ltr' id='par_1_24' title="bbox 1952 925 3534 996">
     <span class='ocr_line' id='line_1_24' title="bbox 1952 925 3534 996; baseline -0.002 -16"><span class='ocrx_word' id='word_1_182' title='bbox 1952 927 2189 981; x_wconf 84' lang='lat' dir='ltr'><strong>talitatis</strong></span> <span class='ocrx_word' id='word_1_183' title='bbox 2217 927 2390 984; x_wconf 87' lang='lat' dir='ltr'><strong>nolite</strong></span> <span class='ocrx_word' id='word_1_184' title='bbox 2416 927 2671 983; x_wconf 75' lang='lat' dir='ltr'><strong>oblivisci</strong></span> <span class='ocrx_word' id='word_1_185' title='bbox 2695 944 2709 980; x_wconf 88' lang='lat'><strong>:</strong></span> <span class='ocrx_word' id='word_1_186' title='bbox 2732 942 2830 996; x_wconf 87' lang='lat' dir='ltr'><strong>per</strong></span> <span class='ocrx_word' id='word_1_187' title='bbox 2858 926 3000 979; x_wconf 90' lang='lat' dir='ltr'><strong>banc</strong></span> <span class='ocrx_word' id='word_1_188' title='bbox 3026 926 3174 979; x_wconf 87' lang='lat' dir='ltr'><strong>enim</strong></span> <span class='ocrx_word' id='word_1_189' title='bbox 3200 925 3534 994; x_wconf 81' lang='lat' dir='ltr'><strong>placuerunt</strong></span> 
     </span>
    </p>
   </div>
   <div class='ocr_carea' id='block_1_25' title="bbox 1951 1015 3535 1089">
    <p class='ocr_par' dir='ltr' id='par_1_25' title="bbox 1951 1015 3535 1089">
     <span class='ocr_line' id='line_1_25' title="bbox 1951 1015 3535 1089; baseline -0.003 -18"><span class='ocrx_word' id='word_1_190' title='bbox 1951 1018 2201 1086; x_wconf 88' lang='lat' dir='ltr'><strong>quidam,</strong></span> <span class='ocrx_word' id='word_1_191' title='bbox 2228 1018 2439 1089; x_wconf 84' lang='lat' dir='ltr'><strong>angelis</strong></span> <span class='ocrx_word' id='word_1_192' title='bbox 2472 1017 2714 1087; x_wconf 86' lang='lat' dir='ltr'><strong>hospitio</strong></span> <span class='ocrx_word' id='word_1_193' title='bbox 2741 1016 3074 1085; x_wconf 78' lang='lat' dir='ltr'><strong>receptis&quot;:</strong></span> <span class='ocrx_word' id='word_1_194' title='bbox 3108 1036 3125 1067; x_wconf 85' lang='grc'><strong>»</strong></span> <span class='ocrx_word' id='word_1_195' title='bbox 3159 1016 3371 1085; x_wconf 74' lang='grc'><strong>1182</strong></span> <span class='ocrx_word' id='word_1_196' title='bbox 3392 1015 3535 1068; x_wconf 81' lang='lat' dir='ltr'><strong>Rur-</strong></span> 
     </span>
    </p>
   </div>
   <div class='ocr_carea' id='block_1_26' title="bbox 1953 1105 3531 1164">
    <p class='ocr_par' dir='ltr' id='par_1_26' title="bbox 1953 1105 3531 1164">
     <span class='ocr_line' id='line_1_26' title="bbox 1953 1105 3531 1164; baseline -0.003 -1"><span class='ocrx_word' id='word_1_197' title='bbox 1953 1123 2082 1163; x_wconf 88' lang='lat' dir='ltr'><strong>sus:</strong></span> <span class='ocrx_word' id='word_1_198' title='bbox 2123 1127 2142 1160; x_wconf 83' lang='grc' dir='ltr'><strong>ι</strong></span> <span class='ocrx_word' id='word_1_199' title='bbox 2180 1109 2568 1164; x_wconf 71' lang='grc' dir='ltr'>Βεηθῧεθηιίω</span> <span class='ocrx_word' id='word_1_200' title='bbox 2619 1117 2676 1163; x_wconf 84' lang='lat' dir='ltr'><strong>et</strong></span> <span class='ocrx_word' id='word_1_201' title='bbox 2725 1108 3134 1163; x_wconf 86' lang='lat' dir='ltr'><strong>communionis</strong></span> <span class='ocrx_word' id='word_1_202' title='bbox 3163 1108 3333 1161; x_wconf 87' lang='lat' dir='ltr'><strong>nolite</strong></span> <span class='ocrx_word' id='word_1_203' title='bbox 3384 1105 3531 1161; x_wconf 88' lang='lat' dir='ltr'><strong>obli-</strong></span> 
     </span>
    </p>
   </div>
   <div class='ocr_carea' id='block_1_27' title="bbox 1952 1199 3524 1267">
    <p class='ocr_par' dir='ltr' id='par_1_27' title="bbox 1952 1199 3524 1267">
     <span class='ocr_line' id='line_1_27' title="bbox 1952 1199 3524 1267; baseline -0.002 -15"><span class='ocrx_word' id='word_1_204' title='bbox 1952 1199 2128 1254; x_wconf 89' lang='lat' dir='ltr'><strong>visci:</strong></span> <span class='ocrx_word' id='word_1_205' title='bbox 2165 1200 2369 1255; x_wconf 84' lang='lat' dir='ltr'><strong>talibus</strong></span> <span class='ocrx_word' id='word_1_206' title='bbox 2403 1200 2554 1254; x_wconf 91' lang='lat' dir='ltr'><strong>enim</strong></span> <span class='ocrx_word' id='word_1_207' title='bbox 2597 1199 2797 1253; x_wconf 85' lang='lat' dir='ltr'><strong>hostiis</strong></span> <span class='ocrx_word' id='word_1_208' title='bbox 2841 1206 3192 1267; x_wconf 88' lang='lat' dir='ltr'><strong>promeretur</strong></span> <span class='ocrx_word' id='word_1_209' title='bbox 3235 1199 3457 1251; x_wconf 80' lang='lat' dir='ltr'><strong>Deus&quot;.</strong></span> <span class='ocrx_word' id='word_1_210' title='bbox 3502 1215 3524 1248; x_wconf 92' lang='grc'><strong>»</strong></span> 
     </span>
    </p>
   </div>
   <div class='ocr_carea' id='block_1_28' title="bbox 1953 1288 3533 1360">
    <p class='ocr_par' dir='ltr' id='par_1_28' title="bbox 1953 1288 3533 1360">
     <span class='ocr_line' id='line_1_28' title="bbox 1953 1288 3533 1360; baseline -0.002 -16"><span class='ocrx_word' id='word_1_211' title='bbox 1953 1289 2059 1344; x_wconf 86' lang='lat' dir='ltr'><strong>Sed</strong></span> <span class='ocrx_word' id='word_1_212' title='bbox 2095 1290 2271 1345; x_wconf 89' lang='lat' dir='ltr'><strong>alius:</strong></span> <span class='ocrx_word' id='word_1_213' title='bbox 2323 1310 2342 1341; x_wconf 79' lang='grc' dir='ltr'><strong>ι</strong></span> <span class='ocrx_word' id='word_1_214' title='bbox 2393 1288 2702 1360; x_wconf 88' lang='lat' dir='ltr'><strong>llospitales</strong></span> <span class='ocrx_word' id='word_1_215' title='bbox 2751 1290 2984 1343; x_wconf 82' lang='lat' dir='ltr'><strong>invicem</strong></span> <span class='ocrx_word' id='word_1_216' title='bbox 3038 1288 3160 1343; x_wconf 88' lang='lat' dir='ltr'><strong>sine</strong></span> <span class='ocrx_word' id='word_1_217' title='bbox 3217 1303 3533 1342; x_wconf 88' lang='lat' dir='ltr'><strong>murmura-</strong></span> 
     </span>
    </p>
   </div>
   <div class='ocr_carea' id='block_1_29' title="bbox 1955 1378 3529 1449">
    <p class='ocr_par' dir='ltr' id='par_1_29' title="bbox 1955 1378 3529 1449">
     <span class='ocr_line' id='line_1_29' title="bbox 1955 1378 3529 1449; baseline -0.003 -14"><span class='ocrx_word' id='word_1_218' title='bbox 1955 1382 2105 1438; x_wconf 87' lang='lat' dir='ltr'><strong>tione</strong></span> <span class='ocrx_word' id='word_1_219' title='bbox 2127 1383 2192 1435; x_wconf 79' lang='grc'><strong>⁸³.</strong></span> <span class='ocrx_word' id='word_1_220' title='bbox 2225 1401 2242 1433; x_wconf 92' lang='grc'><strong>»</strong></span> <span class='ocrx_word' id='word_1_221' title='bbox 2276 1382 2333 1437; x_wconf 90' lang='lat' dir='ltr'><strong>Si</strong></span> <span class='ocrx_word' id='word_1_222' title='bbox 2359 1382 2508 1436; x_wconf 89' lang='lat' dir='ltr'><strong>enim</strong></span> <span class='ocrx_word' id='word_1_223' title='bbox 2528 1382 2782 1436; x_wconf 82' lang='lat' dir='ltr'><strong>voluntas</strong></span> <span class='ocrx_word' id='word_1_224' title='bbox 2807 1387 3060 1449; x_wconf 88' lang='lat' dir='ltr'><strong>prompta</strong></span> <span class='ocrx_word' id='word_1_225' title='bbox 3086 1386 3192 1443; x_wconf 87' lang='lat' dir='ltr'><strong>est,</strong></span> <span class='ocrx_word' id='word_1_226' title='bbox 3225 1378 3529 1433; x_wconf 84' lang='lat' dir='ltr'><strong>secundum</strong></span> 
     </span>
    </p>
   </div>
   <div class='ocr_carea' id='block_1_30' title="bbox 1953 1469 3528 1544">
    <p class='ocr_par' dir='ltr' id='par_1_30' title="bbox 1953 1469 3528 1544">
     <span class='ocr_line' id='line_1_30' title="bbox 1953 1469 3528 1544; baseline -0.004 -15"><span class='ocrx_word' id='word_1_227' title='bbox 1953 1473 2009 1529; x_wconf 91' lang='lat' dir='ltr'><strong>id</strong></span> <span class='ocrx_word' id='word_1_228' title='bbox 2043 1475 2194 1544; x_wconf 91' lang='lat' dir='ltr'><strong>quod</strong></span> <span class='ocrx_word' id='word_1_229' title='bbox 2213 1474 2401 1538; x_wconf 88' lang='lat' dir='ltr'><strong>habet,</strong></span> <span class='ocrx_word' id='word_1_230' title='bbox 2434 1483 2662 1543; x_wconf 88' lang='lat' dir='ltr'><strong>accepta</strong></span> <span class='ocrx_word' id='word_1_231' title='bbox 2692 1481 2798 1537; x_wconf 86' lang='lat' dir='ltr'><strong>est,</strong></span> <span class='ocrx_word' id='word_1_232' title='bbox 2828 1486 2938 1525; x_wconf 92' lang='lat' dir='ltr'><strong>non</strong></span> <span class='ocrx_word' id='word_1_233' title='bbox 2964 1470 3270 1525; x_wconf 86' lang='lat' dir='ltr'><strong>secundum</strong></span> <span class='ocrx_word' id='word_1_234' title='bbox 3298 1470 3353 1524; x_wconf 88' lang='lat' dir='ltr'><strong>id</strong></span> <span class='ocrx_word' id='word_1_235' title='bbox 3380 1469 3528 1538; x_wconf 85' lang='lat' dir='ltr'><strong>quod</strong></span> 
     </span>
    </p>
   </div>
   <div class='ocr_carea' id='block_1_31' title="bbox 1954 1563 3531 1628">
    <p class='ocr_par' dir='ltr' id='par_1_31' title="bbox 1954 1563 3531 1628">
     <span class='ocr_line' id='line_1_31' title="bbox 1954 1563 3531 1628; baseline -0.002 -9"><span class='ocrx_word' id='word_1_236' title='bbox 1954 1581 2067 1620; x_wconf 89' lang='lat' dir='ltr'><strong>non</strong></span> <span class='ocrx_word' id='word_1_237' title='bbox 2099 1566 2301 1621; x_wconf 84' lang='lat' dir='ltr'><strong>habet:</strong></span> <span class='ocrx_word' id='word_1_238' title='bbox 2341 1585 2360 1616; x_wconf 81' lang='grc' dir='ltr'><strong>ι</strong></span> <span class='ocrx_word' id='word_1_239' title='bbox 2391 1566 2513 1619; x_wconf 81' lang='lat' dir='ltr'><strong>Non</strong></span> <span class='ocrx_word' id='word_1_240' title='bbox 2544 1565 2692 1620; x_wconf 91' lang='lat' dir='ltr'><strong>enim</strong></span> <span class='ocrx_word' id='word_1_241' title='bbox 2717 1571 2779 1618; x_wconf 91' lang='lat' dir='ltr'><strong>ut</strong></span> <span class='ocrx_word' id='word_1_242' title='bbox 2808 1563 2949 1617; x_wconf 88' lang='lat' dir='ltr'><strong>alius</strong></span> <span class='ocrx_word' id='word_1_243' title='bbox 2974 1564 3044 1618; x_wconf 91' lang='lat' dir='ltr'><strong>sit</strong></span> <span class='ocrx_word' id='word_1_244' title='bbox 3073 1564 3347 1628; x_wconf 90' lang='lat' dir='ltr'><strong>remissio,</strong></span> <span class='ocrx_word' id='word_1_245' title='bbox 3373 1563 3531 1617; x_wconf 86' lang='lat' dir='ltr'><strong>vobis</strong></span> 
     </span>
    </p>
   </div>
   <div class='ocr_carea' id='block_1_32' title="bbox 1955 1654 3532 1723">
    <p class='ocr_par' dir='ltr' id='par_1_32' title="bbox 1955 1654 3532 1723">
     <span class='ocr_line' id='line_1_32' title="bbox 1955 1654 3532 1723; baseline -0.003 -13"><span class='ocrx_word' id='word_1_246' title='bbox 1955 1665 2141 1710; x_wconf 89' lang='lat' dir='ltr'><strong>autem</strong></span> <span class='ocrx_word' id='word_1_247' title='bbox 2166 1655 2473 1719; x_wconf 88' lang='lat' dir='ltr'><strong>tribulatio,</strong></span> <span class='ocrx_word' id='word_1_248' title='bbox 2490 1654 2584 1709; x_wconf 83' lang='lat' dir='ltr'><strong>sed</strong></span> <span class='ocrx_word' id='word_1_249' title='bbox 2606 1669 2673 1707; x_wconf 70' lang='lat' dir='ltr'><strong>ex</strong></span> <span class='ocrx_word' id='word_1_250' title='bbox 2699 1654 3017 1723; x_wconf 61' lang='lat' dir='ltr'><strong>aequalitate</strong></span> <span class='ocrx_word' id='word_1_251' title='bbox 3040 1654 3093 1707; x_wconf 91' lang='lat' dir='ltr'><strong>in</strong></span> <span class='ocrx_word' id='word_1_252' title='bbox 3126 1661 3371 1722; x_wconf 90' lang='lat' dir='ltr'><strong>tempore</strong></span> <span class='ocrx_word' id='word_1_253' title='bbox 3392 1667 3532 1722; x_wconf 64' lang='lat' dir='ltr'><strong>pra:—</strong></span> 
     </span>
    </p>
   </div>
   <div class='ocr_carea' id='block_1_33' title="bbox 1958 1744 3528 1815">
    <p class='ocr_par' dir='ltr' id='par_1_33' title="bbox 1958 1744 3528 1815">
     <span class='ocr_line' id='line_1_33' title="bbox 1958 1744 3528 1815; baseline -0.003 -14"><span class='ocrx_word' id='word_1_254' title='bbox 1958 1747 2102 1801; x_wconf 88' lang='lat' dir='ltr'><strong>senti</strong></span> <span class='ocrx_word' id='word_1_255' title='bbox 2119 1746 2186 1799; x_wconf 78' lang='lat'><strong>“.</strong></span> <span class='ocrx_word' id='word_1_256' title='bbox 2230 1764 2247 1796; x_wconf 92' lang='grc'><strong>»</strong></span> <span class='ocrx_word' id='word_1_257' title='bbox 2280 1746 2433 1800; x_wconf 91' lang='lat' dir='ltr'><strong>ldem</strong></span> <span class='ocrx_word' id='word_1_258' title='bbox 2456 1744 2523 1798; x_wconf 88' lang='lat' dir='ltr'><strong>ad</strong></span> <span class='ocrx_word' id='word_1_259' title='bbox 2554 1745 2778 1798; x_wconf 88' lang='lat' dir='ltr'><strong>Titum:</strong></span> <span class='ocrx_word' id='word_1_260' title='bbox 2822 1763 2841 1796; x_wconf 83' lang='grc' dir='ltr'><strong>ι</strong></span> <span class='ocrx_word' id='word_1_261' title='bbox 2877 1745 3082 1799; x_wconf 85' lang='lat' dir='ltr'><strong>Zenam</strong></span> <span class='ocrx_word' id='word_1_262' title='bbox 3127 1744 3528 1815; x_wconf 80' lang='lat' dir='ltr'><strong>legisperitum,</strong></span> 
     </span>
    </p>
   </div>
   <div class='ocr_carea' id='block_1_34' title="bbox 259 1827 1848 1908">
    <p class='ocr_par' dir='ltr' id='par_1_34' title="bbox 259 1830 1841 1908">
     <span class='ocr_line' id='line_1_34' title="bbox 259 1830 1841 1908; baseline -0.006 -19"><span class='ocrx_word' id='word_1_263' title='bbox 259 1837 559 1908; x_wconf 80' lang='grc' dir='ltr'>ἡμέτεροι,</span> <span class='ocrx_word' id='word_1_264' title='bbox 615 1831 799 1886; x_wconf 71' lang='grc' dir='ltr'>καλῶν</span> <span class='ocrx_word' id='word_1_265' title='bbox 842 1831 1021 1902; x_wconf 78' lang='grc' dir='ltr'>ἔργων</span> <span class='ocrx_word' id='word_1_266' title='bbox 1073 1830 1435 1901; x_wconf 81' lang='grc' dir='ltr'>προΐστασθαι</span> <span class='ocrx_word' id='word_1_267' title='bbox 1488 1830 1569 1892; x_wconf 84' lang='grc' dir='ltr'><strong>είς</strong></span> <span class='ocrx_word' id='word_1_268' title='bbox 1612 1830 1710 1890; x_wconf 84' lang='grc' dir='ltr'><strong>τὰς</strong></span> <span class='ocrx_word' id='word_1_269' title='bbox 1747 1830 1841 1882; x_wconf 81' lang='grc' dir='ltr'>άν-</span> 
     </span>
    </p>
   </div>
   <div class='ocr_carea' id='block_1_35' title="bbox 1953 1827 3527 1908">
    <p class='ocr_par' dir='ltr' id='par_1_35' title="bbox 1962 1827 3527 1908">
     <span class='ocr_line' id='line_1_35' title="bbox 1962 1827 3527 1908; baseline -0.001 -15"><span class='ocrx_word' id='word_1_270' title='bbox 1962 1845 2020 1894; x_wconf 88' lang='lat' dir='ltr'><strong>et</strong></span> <span class='ocrx_word' id='word_1_271' title='bbox 2048 1838 2358 1908; x_wconf 84' lang='lat' dir='ltr'><strong>Apollinem</strong></span> <span class='ocrx_word' id='word_1_272' title='bbox 2382 1835 2618 1892; x_wconf 86' lang='lat' dir='ltr'><strong>sollicite</strong></span> <span class='ocrx_word' id='word_1_273' title='bbox 2643 1837 2945 1906; x_wconf 54' lang='lat' dir='ltr'><strong>praemitte,</strong></span> <span class='ocrx_word' id='word_1_274' title='bbox 2978 1832 3041 1890; x_wconf 87' lang='lat' dir='ltr'><strong>ut</strong></span> <span class='ocrx_word' id='word_1_275' title='bbox 3073 1837 3212 1891; x_wconf 90' lang='lat' dir='ltr'><strong>nihil</strong></span> <span class='ocrx_word' id='word_1_276' title='bbox 3231 1827 3341 1891; x_wconf 82' lang='lat' dir='ltr'><strong>illis</strong></span> <span class='ocrx_word' id='word_1_277' title='bbox 3361 1837 3527 1900; x_wconf 86' lang='lat' dir='ltr'><strong>desit,</strong></span> 
     </span>
    </p>
   </div>
   <div class='ocr_carea' id='block_1_36' title="bbox 263 1917 1846 1999">
    <p class='ocr_par' dir='ltr' id='par_1_36' title="bbox 263 1917 1846 1999">
     <span class='ocr_line' id='line_1_36' title="bbox 263 1917 1846 1999; baseline -0.007 -15"><span class='ocrx_word' id='word_1_278' title='bbox 263 1927 512 1999; x_wconf 76' lang='grc' dir='ltr'>αγκαίας</span> <span class='ocrx_word' id='word_1_279' title='bbox 538 1924 752 1996; x_wconf 84' lang='grc' dir='ltr'>χρείας,</span> <span class='ocrx_word' id='word_1_280' title='bbox 791 1923 878 1977; x_wconf 79' lang='grc' dir='ltr'>ἵνα</span> <span class='ocrx_word' id='word_1_281' title='bbox 910 1923 986 1993; x_wconf 80' lang='grc' dir='ltr'>μὴ</span> <span class='ocrx_word' id='word_1_282' title='bbox 1016 1917 1152 1976; x_wconf 75' lang='grc' dir='ltr'>ὦσιν</span> <span class='ocrx_word' id='word_1_283' title='bbox 1177 1922 1473 1992; x_wconf 76' lang='grc' dir='ltr'>ἄκαρποι.»</span> <span class='ocrx_word' id='word_1_284' title='bbox 1512 1921 1625 1976; x_wconf 89' lang='lat' dir='ltr'><strong>Kal</strong></span> <span class='ocrx_word' id='word_1_285' title='bbox 1650 1920 1846 1975; x_wconf 85' lang='grc' dir='ltr'>πάλιν·</span> 
     </span>
    </p>
   </div>
   <div class='ocr_carea' id='block_1_37' title="bbox 271 2013 1848 2087">
    <p class='ocr_par' dir='ltr' id='par_1_37' title="bbox 271 2013 1848 2087">
     <span class='ocr_line' id='line_1_37' title="bbox 271 2013 1848 2087; baseline -0.003 -15"><span class='ocrx_word' id='word_1_286' title='bbox 271 2039 295 2072; x_wconf 73' lang='grc' dir='ltr'><strong>ι</strong></span> <span class='ocrx_word' id='word_1_287' title='bbox 338 2018 670 2082; x_wconf 79' lang='grc' dir='ltr'>’Δσπάζεται</span> <span class='ocrx_word' id='word_1_288' title='bbox 695 2017 838 2087; x_wconf 81' lang='grc' dir='ltr'>ὑμᾶς</span> <span class='ocrx_word' id='word_1_289' title='bbox 866 2015 1049 2079; x_wconf 86' lang='grc' dir='ltr'>Γάϊος,</span> <span class='ocrx_word' id='word_1_290' title='bbox 1081 2016 1109 2068; x_wconf 93' lang='lat'><strong>6</strong></span> <span class='ocrx_word' id='word_1_291' title='bbox 1134 2013 1283 2081; x_wconf 78' lang='grc' dir='ltr'>ξένος</span> <span class='ocrx_word' id='word_1_292' title='bbox 1310 2031 1434 2083; x_wconf 85' lang='grc' dir='ltr'>μου,</span> <span class='ocrx_word' id='word_1_293' title='bbox 1472 2015 1566 2074; x_wconf 63' lang='grc' dir='ltr'><strong>καὶ</strong></span> <span class='ocrx_word' id='word_1_294' title='bbox 1588 2016 1689 2084; x_wconf 77' lang='grc' dir='ltr'>τῆς</span> <span class='ocrx_word' id='word_1_295' title='bbox 1723 2014 1848 2068; x_wconf 82' lang='grc' dir='ltr'><strong>Ἑκ-</strong></span> 
     </span>
    </p>
   </div>
   <div class='ocr_carea' id='block_1_38' title="bbox 264 2103 1851 2181">
    <p class='ocr_par' dir='ltr' id='par_1_38' title="bbox 264 2103 1851 2181">
     <span class='ocr_line' id='line_1_38' title="bbox 264 2103 1851 2181; baseline -0.004 -18"><span class='ocrx_word' id='word_1_296' title='bbox 264 2109 507 2181; x_wconf 81' lang='grc' dir='ltr'>κλησίας</span> <span class='ocrx_word' id='word_1_297' title='bbox 532 2108 662 2176; x_wconf 83' lang='grc' dir='ltr'><strong>ὅλης</strong></span> <span class='ocrx_word' id='word_1_298' title='bbox 688 2126 706 2159; x_wconf 97' lang='grc'><strong>»</strong></span> <span class='ocrx_word' id='word_1_299' title='bbox 727 2123 743 2138; x_wconf 79' lang='grc' dir='ltr'><strong><em>ο</em></strong></span> <span class='ocrx_word' id='word_1_300' title='bbox 783 2105 908 2161; x_wconf 77' lang='grc' dir='ltr'>ἀντὶ</span> <span class='ocrx_word' id='word_1_301' title='bbox 930 2103 1025 2158; x_wconf 90' lang='grc' dir='ltr'><strong>τοῦ</strong></span> <span class='ocrx_word' id='word_1_302' title='bbox 1047 2146 1060 2169; x_wconf 88' lang='grc'><strong>,</strong></span> <span class='ocrx_word' id='word_1_303' title='bbox 1103 2105 1131 2157; x_wconf 94' lang='lat'><strong>6</strong></span> <span class='ocrx_word' id='word_1_304' title='bbox 1161 2104 1438 2174; x_wconf 81' lang='grc' dir='ltr'>ξενοδόχος</span> <span class='ocrx_word' id='word_1_305' title='bbox 1466 2106 1707 2159; x_wconf 84' lang='grc' dir='ltr'>πάντων.</span> <span class='ocrx_word' id='word_1_306' title='bbox 1739 2105 1851 2159; x_wconf 91' lang='lat' dir='ltr'><strong>Kal</strong></span> 
     </span>
    </p>
   </div>
   <div class='ocr_carea' id='block_1_39' title="bbox 263 2192 1851 2269">
    <p class='ocr_par' dir='ltr' id='par_1_39' title="bbox 263 2192 1851 2269">
     <span class='ocr_line' id='line_1_39' title="bbox 263 2192 1851 2269; baseline -0.003 -17"><span class='ocrx_word' id='word_1_307' title='bbox 263 2201 300 2253; x_wconf 88' lang='lat'><strong>6</strong></span> <span class='ocrx_word' id='word_1_308' title='bbox 332 2197 538 2269; x_wconf 76' lang='grc' dir='ltr'>Κύριος</span> <span class='ocrx_word' id='word_1_309' title='bbox 583 2195 641 2249; x_wconf 82' lang='grc' dir='ltr'>δὲ</span> <span class='ocrx_word' id='word_1_310' title='bbox 692 2192 1171 2265; x_wconf 83' lang='grc' dir='ltr'>προσκαλούμενος</span> <span class='ocrx_word' id='word_1_311' title='bbox 1225 2192 1364 2263; x_wconf 80' lang='grc' dir='ltr'>μετὰ</span> <span class='ocrx_word' id='word_1_312' title='bbox 1397 2192 1506 2245; x_wconf 85' lang='grc' dir='ltr'>τῶν</span> <span class='ocrx_word' id='word_1_313' title='bbox 1541 2192 1851 2264; x_wconf 85' lang='grc' dir='ltr'>ἐλεημόνων</span> 
     </span>
    </p>
   </div>
   <div class='ocr_carea' id='block_1_40' title="bbox 266 2284 1848 2354">
    <p class='ocr_par' dir='ltr' id='par_1_40' title="bbox 266 2284 1848 2354">
     <span class='ocr_line' id='line_1_40' title="bbox 266 2284 1848 2354; baseline -0.004 -10"><span class='ocrx_word' id='word_1_314' title='bbox 266 2291 362 2344; x_wconf 62' lang='grc' dir='ltr'><strong>καλ</strong></span> <span class='ocrx_word' id='word_1_315' title='bbox 411 2289 539 2350; x_wconf 68' lang='grc' dir='ltr'>τοὺς</span> <span class='ocrx_word' id='word_1_316' title='bbox 584 2286 933 2354; x_wconf 76' lang='grc' dir='ltr'>φιλοξένους,</span> <span class='ocrx_word' id='word_1_317' title='bbox 985 2286 1101 2354; x_wconf 80' lang='grc' dir='ltr'>ἐρεῖ</span> <span class='ocrx_word' id='word_1_318' title='bbox 1141 2284 1279 2354; x_wconf 78' lang='grc' dir='ltr'>πρὸς</span> <span class='ocrx_word' id='word_1_319' title='bbox 1310 2284 1541 2348; x_wconf 76' lang='grc' dir='ltr'>αὐτούς’</span> <span class='ocrx_word' id='word_1_320' title='bbox 1600 2301 1620 2337; x_wconf 77' lang='grc' dir='ltr'><strong>ι</strong></span> <span class='ocrx_word' id='word_1_321' title='bbox 1658 2284 1848 2350; x_wconf 83' lang='grc' dir='ltr'>Δεῦτε,</span> 
     </span>
    </p>
   </div>
   <div class='ocr_carea' id='block_1_41' title="bbox 267 2375 1849 2453">
    <p class='ocr_par' dir='ltr' id='par_1_41' title="bbox 267 2375 1849 2453">
     <span class='ocr_line' id='line_1_41' title="bbox 267 2375 1849 2453; baseline -0.004 -17"><span class='ocrx_word' id='word_1_322' title='bbox 267 2384 322 2437; x_wconf 75' lang='lat' dir='ltr'><strong>oi</strong></span> <span class='ocrx_word' id='word_1_323' title='bbox 371 2378 730 2450; x_wconf 83' lang='grc' dir='ltr'>εὐλογημένοι</span> <span class='ocrx_word' id='word_1_324' title='bbox 783 2375 879 2431; x_wconf 91' lang='grc' dir='ltr'><strong>τοῦ</strong></span> <span class='ocrx_word' id='word_1_325' title='bbox 932 2377 1148 2447; x_wconf 86' lang='grc' dir='ltr'>Πατρός</span> <span class='ocrx_word' id='word_1_326' title='bbox 1197 2393 1338 2444; x_wconf 89' lang='grc' dir='ltr'>μου,</span> <span class='ocrx_word' id='word_1_327' title='bbox 1400 2376 1849 2453; x_wconf 78' lang='grc' dir='ltr'>κληρονομήσατε</span> 
     </span>
    </p>
   </div>
   <div class='ocr_carea' id='block_1_42' title="bbox 272 2467 1846 2546">
    <p class='ocr_par' dir='ltr' id='par_1_42' title="bbox 272 2467 1846 2546">
     <span class='ocr_line' id='line_1_42' title="bbox 272 2467 1846 2546; baseline -0.005 -18"><span class='ocrx_word' id='word_1_328' title='bbox 272 2476 378 2546; x_wconf 83' lang='grc' dir='ltr'>τὴν</span> <span class='ocrx_word' id='word_1_329' title='bbox 410 2470 822 2543; x_wconf 80' lang='grc' dir='ltr'>ἡτοιμασμένην</span> <span class='ocrx_word' id='word_1_330' title='bbox 849 2469 977 2540; x_wconf 75' lang='grc' dir='ltr'>ὑμῖν</span> <span class='ocrx_word' id='word_1_331' title='bbox 1011 2468 1323 2539; x_wconf 60' lang='grc' dir='ltr'>βασιλείαν</span> <span class='ocrx_word' id='word_1_332' title='bbox 1362 2467 1515 2535; x_wconf 77' lang='grc' dir='ltr'>ξένος</span> <span class='ocrx_word' id='word_1_333' title='bbox 1544 2468 1652 2539; x_wconf 85' lang='grc' dir='ltr'>γὰρ</span> <span class='ocrx_word' id='word_1_334' title='bbox 1676 2468 1846 2540; x_wconf 74' lang='grc' dir='ltr'>ήμην,</span> 
     </span>
    </p>
   </div>
   <div class='ocr_carea' id='block_1_43' title="bbox 273 2558 1850 2633">
    <p class='ocr_par' dir='ltr' id='par_1_43' title="bbox 273 2558 1850 2633">
     <span class='ocr_line' id='line_1_43' title="bbox 273 2558 1850 2633; baseline -0.006 -11"><span class='ocrx_word' id='word_1_335' title='bbox 273 2566 370 2622; x_wconf 78' lang='grc' dir='ltr'><strong>καὶ</strong></span> <span class='ocrx_word' id='word_1_336' title='bbox 424 2561 770 2633; x_wconf 79' lang='grc' dir='ltr'>συνηγάγετέ</span> <span class='ocrx_word' id='word_1_337' title='bbox 818 2576 919 2632; x_wconf 90' lang='grc' dir='ltr'>με·</span> <span class='ocrx_word' id='word_1_338' title='bbox 982 2560 1288 2624; x_wconf 84' lang='grc' dir='ltr'>ἐπείνασα,</span> <span class='ocrx_word' id='word_1_339' title='bbox 1338 2559 1437 2613; x_wconf 75' lang='grc' dir='ltr'>καὶ</span> <span class='ocrx_word' id='word_1_340' title='bbox 1476 2558 1719 2613; x_wconf 80' lang='grc' dir='ltr'>ἐδώκατέ</span> <span class='ocrx_word' id='word_1_341' title='bbox 1759 2577 1850 2631; x_wconf 89' lang='grc' dir='ltr'><strong>μοι</strong></span> 
     </span>
    </p>
   </div>
   <div class='ocr_carea' id='block_1_44' title="bbox 269 2649 1848 2725">
    <p class='ocr_par' dir='ltr' id='par_1_44' title="bbox 269 2649 1848 2725">
     <span class='ocr_line' id='line_1_44' title="bbox 269 2649 1848 2725; baseline -0.006 -16"><span class='ocrx_word' id='word_1_342' title='bbox 269 2658 500 2725; x_wconf 77' lang='grc' dir='ltr'>φαγεῖν·</span> <span class='ocrx_word' id='word_1_343' title='bbox 524 2684 531 2687; x_wconf 52' lang='grc' dir='ltr'>λ</span> <span class='ocrx_word' id='word_1_344' title='bbox 557 2653 812 2723; x_wconf 81' lang='grc' dir='ltr'>ἐδίψησα,</span> <span class='ocrx_word' id='word_1_345' title='bbox 849 2651 946 2705; x_wconf 71' lang='grc' dir='ltr'><strong>καὶ</strong></span> <span class='ocrx_word' id='word_1_346' title='bbox 978 2650 1270 2705; x_wconf 78' lang='grc' dir='ltr'>ἐποτίσατέ</span> <span class='ocrx_word' id='word_1_347' title='bbox 1303 2664 1401 2720; x_wconf 83' lang='grc' dir='ltr'>με·</span> <span class='ocrx_word' id='word_1_348' title='bbox 1442 2649 1646 2720; x_wconf 79' lang='grc' dir='ltr'>γυμνὸς</span> <span class='ocrx_word' id='word_1_349' title='bbox 1674 2650 1848 2720; x_wconf 77' lang='grc' dir='ltr'>ήμην,</span> 
     </span>
    </p>
   </div>
   <div class='ocr_carea' id='block_1_45' title="bbox 270 2741 1850 2817">
    <p class='ocr_par' dir='ltr' id='par_1_45' title="bbox 270 2741 1850 2817">
     <span class='ocr_line' id='line_1_45' title="bbox 270 2741 1850 2817; baseline -0.004 -17"><span class='ocrx_word' id='word_1_350' title='bbox 270 2748 368 2800; x_wconf 80' lang='grc' dir='ltr'><strong>καὶ</strong></span> <span class='ocrx_word' id='word_1_351' title='bbox 396 2744 754 2817; x_wconf 78' lang='grc' dir='ltr'>περιεϐάλετέ</span> <span class='ocrx_word' id='word_1_352' title='bbox 785 2761 874 2814; x_wconf 90' lang='grc' dir='ltr'><strong>με.</strong></span> <span class='ocrx_word' id='word_1_353' title='bbox 902 2762 919 2794; x_wconf 95' lang='grc'><strong>»</strong></span> <span class='ocrx_word' id='word_1_354' title='bbox 960 2742 1121 2814; x_wconf 80' lang='grc' dir='ltr'><strong>Αὐτῷ</strong></span> <span class='ocrx_word' id='word_1_355' title='bbox 1154 2744 1188 2814; x_wconf 76' lang='grc' dir='ltr'>ἡ</span> <span class='ocrx_word' id='word_1_356' title='bbox 1218 2742 1346 2810; x_wconf 78' lang='grc' dir='ltr'>δόξα</span> <span class='ocrx_word' id='word_1_357' title='bbox 1381 2743 1463 2805; x_wconf 83' lang='grc' dir='ltr'><strong>εις</strong></span> <span class='ocrx_word' id='word_1_358' title='bbox 1491 2743 1618 2806; x_wconf 75' lang='grc' dir='ltr'>τοὺς</span> <span class='ocrx_word' id='word_1_359' title='bbox 1644 2741 1850 2805; x_wconf 84' lang='grc' dir='ltr'>αίῶνας</span> 
     </span>
    </p>
   </div>
   <div class='ocr_carea' id='block_1_46' title="bbox 276 2836 895 2907">
    <p class='ocr_par' dir='ltr' id='par_1_46' title="bbox 276 2836 895 2907">
     <span class='ocr_line' id='line_1_46' title="bbox 276 2836 895 2907; baseline -0.003 -15"><span class='ocrx_word' id='word_1_360' title='bbox 276 2837 389 2892; x_wconf 78' lang='grc' dir='ltr'>τῶν</span> <span class='ocrx_word' id='word_1_361' title='bbox 419 2836 653 2892; x_wconf 75' lang='grc' dir='ltr'>αἰώνων.</span> <span class='ocrx_word' id='word_1_362' title='bbox 697 2836 895 2907; x_wconf 83' lang='grc' dir='ltr'>Ἀμήν.</span> 
     </span>
    </p>
   </div>
   <div class='ocr_carea' id='block_1_47' title="bbox 873 3033 1247 3105">
    <p class='ocr_par' dir='ltr' id='par_1_47' title="bbox 873 3033 1247 3105">
     <span class='ocr_line' id='line_1_47' title="bbox 873 3033 1247 3105; baseline -0.003 -12"><span class='ocrx_word' id='word_1_363' title='bbox 873 3038 1093 3093; x_wconf 79' lang='grc' dir='ltr'><strong>ΛΟΓΟΣ</strong></span> <span class='ocrx_word' id='word_1_364' title='bbox 1124 3033 1247 3105; x_wconf 67' lang='lat' dir='ltr'><strong>ur.</strong></span> 
     </span>
    </p>
   </div>
   <div class='ocr_carea' id='block_1_48' title="bbox 758 3153 1362 3224">
    <p class='ocr_par' dir='ltr' id='par_1_48' title="bbox 758 3153 1362 3224">
     <span class='ocr_line' id='line_1_48' title="bbox 758 3153 1362 3224; baseline -0.007 -15"><span class='ocrx_word' id='word_1_365' title='bbox 758 3153 898 3223; x_wconf 72' lang='grc' dir='ltr'>Περὶ</span> <span class='ocrx_word' id='word_1_366' title='bbox 929 3153 1362 3224; x_wconf 74' lang='grc' dir='ltr'>φιλοπτωχίας.</span> 
     </span>
    </p>
   </div>
   <div class='ocr_carea' id='block_1_49' title="bbox 359 3263 1853 3345">
    <p class='ocr_par' dir='ltr' id='par_1_49' title="bbox 359 3263 1853 3345">
     <span class='ocr_line' id='line_1_49' title="bbox 359 3263 1853 3345; baseline -0.009 -14"><span class='ocrx_word' id='word_1_367' title='bbox 359 3275 424 3331; x_wconf 86' lang='grc' dir='ltr'><strong><em>Ἥ</em></strong></span> <span class='ocrx_word' id='word_1_368' title='bbox 459 3271 805 3345; x_wconf 83' lang='grc' dir='ltr'>φιλοπτωχία</span> <span class='ocrx_word' id='word_1_369' title='bbox 838 3270 936 3324; x_wconf 77' lang='grc' dir='ltr'>καὶ</span> <span class='ocrx_word' id='word_1_370' title='bbox 968 3271 1002 3340; x_wconf 74' lang='grc' dir='ltr'><strong>ἡ</strong></span> <span class='ocrx_word' id='word_1_371' title='bbox 1041 3267 1325 3338; x_wconf 78' lang='grc' dir='ltr'>φιλοξενία</span> <span class='ocrx_word' id='word_1_372' title='bbox 1370 3266 1466 3322; x_wconf 87' lang='grc' dir='ltr'>δύο</span> <span class='ocrx_word' id='word_1_373' title='bbox 1497 3265 1686 3322; x_wconf 85' lang='grc' dir='ltr'>κλάδοι</span> <span class='ocrx_word' id='word_1_374' title='bbox 1713 3263 1853 3333; x_wconf 70' lang='grc' dir='ltr'>είσὶν</span> 
     </span>
    </p>
   </div>
   <div class='ocr_carea' id='block_1_50' title="bbox 269 3356 1851 3440">
    <p class='ocr_par' dir='ltr' id='par_1_50' title="bbox 269 3356 1851 3440">
     <span class='ocr_line' id='line_1_50' title="bbox 269 3356 1851 3440; baseline -0.009 -15"><span class='ocrx_word' id='word_1_375' title='bbox 269 3368 377 3440; x_wconf 75' lang='grc' dir='ltr'><strong>τῆς</strong></span> <span class='ocrx_word' id='word_1_376' title='bbox 408 3366 666 3438; x_wconf 82' lang='grc' dir='ltr'>πιότητος</span> <span class='ocrx_word' id='word_1_377' title='bbox 692 3364 790 3434; x_wconf 80' lang='grc' dir='ltr'><strong>τῆς</strong></span> <span class='ocrx_word' id='word_1_378' title='bbox 823 3360 1040 3427; x_wconf 80' lang='grc' dir='ltr'>ἐλαίας,</span> <span class='ocrx_word' id='word_1_379' title='bbox 1075 3357 1143 3433; x_wconf 84' lang='grc' dir='ltr'>ἦς</span> <span class='ocrx_word' id='word_1_380' title='bbox 1170 3363 1199 3415; x_wconf 97' lang='lat'><strong>6</strong></span> <span class='ocrx_word' id='word_1_381' title='bbox 1225 3359 1438 3431; x_wconf 79' lang='grc' dir='ltr'>καρπὸς</span> <span class='ocrx_word' id='word_1_382' title='bbox 1469 3357 1685 3430; x_wconf 78' lang='grc' dir='ltr'>μυρίζει</span> <span class='ocrx_word' id='word_1_383' title='bbox 1712 3356 1851 3411; x_wconf 87' lang='grc' dir='ltr'>πάν-</span> 
     </span>
    </p>
   </div>
   <div class='ocr_carea' id='block_1_51' title="bbox 269 3447 1854 3530">
    <p class='ocr_par' dir='ltr' id='par_1_51' title="bbox 269 3447 1854 3530">
     <span class='ocr_line' id='line_1_51' title="bbox 269 3447 1854 3530; baseline -0.01 -14"><span class='ocrx_word' id='word_1_384' title='bbox 269 3478 412 3525; x_wconf 81' lang='grc' dir='ltr'>τας,</span> <span class='ocrx_word' id='word_1_385' title='bbox 466 3458 526 3524; x_wconf 79' lang='grc' dir='ltr'><strong>ἐξ</strong></span> <span class='ocrx_word' id='word_1_386' title='bbox 564 3454 633 3530; x_wconf 82' lang='grc' dir='ltr'>ἦς</span> <span class='ocrx_word' id='word_1_387' title='bbox 681 3454 969 3524; x_wconf 81' lang='grc' dir='ltr'>ἀλείφεται</span> <span class='ocrx_word' id='word_1_388' title='bbox 1008 3457 1035 3509; x_wconf 91' lang='lat'><strong>6</strong></span> <span class='ocrx_word' id='word_1_389' title='bbox 1072 3454 1278 3525; x_wconf 82' lang='grc' dir='ltr'>Κύριος</span> <span class='ocrx_word' id='word_1_390' title='bbox 1310 3452 1411 3522; x_wconf 82' lang='grc' dir='ltr'>τὴν</span> <span class='ocrx_word' id='word_1_391' title='bbox 1440 3449 1719 3521; x_wconf 74' lang='grc' dir='ltr'>κεφαλὴν,</span> <span class='ocrx_word' id='word_1_392' title='bbox 1757 3447 1854 3503; x_wconf 75' lang='grc' dir='ltr'>καὶ</span> 
     </span>
    </p>
   </div>
   <div class='ocr_carea' id='block_1_52' title="bbox 271 3541 1855 3619">
    <p class='ocr_par' dir='ltr' id='par_1_52' title="bbox 271 3541 1855 3619">
     <span class='ocr_line' id='line_1_52' title="bbox 271 3541 1855 3619; baseline -0.007 -13"><span class='ocrx_word' id='word_1_393' title='bbox 271 3554 404 3615; x_wconf 86' lang='grc' dir='ltr'>τοὺς</span> <span class='ocrx_word' id='word_1_394' title='bbox 448 3551 647 3615; x_wconf 85' lang='grc' dir='ltr'>πόδας,</span> <span class='ocrx_word' id='word_1_395' title='bbox 702 3549 798 3603; x_wconf 81' lang='grc' dir='ltr'>καὶ</span> <span class='ocrx_word' id='word_1_396' title='bbox 839 3548 1230 3619; x_wconf 80' lang='grc' dir='ltr'>ἀνταμείὸεται</span> <span class='ocrx_word' id='word_1_397' title='bbox 1271 3546 1363 3600; x_wconf 84' lang='grc' dir='ltr'>τὸν</span> <span class='ocrx_word' id='word_1_398' title='bbox 1404 3544 1716 3613; x_wconf 82' lang='grc' dir='ltr'>ἀλείφοντα,</span> <span class='ocrx_word' id='word_1_399' title='bbox 1752 3541 1855 3613; x_wconf 81' lang='grc' dir='ltr'><strong>βα·-</strong></span> 
     </span>
    </p>
   </div>
   <div class='ocr_carea' id='block_1_53' title="bbox 275 3633 1848 3712">
    <p class='ocr_par' dir='ltr' id='par_1_53' title="bbox 275 3633 1848 3712">
     <span class='ocr_line' id='line_1_53' title="bbox 275 3633 1848 3712; baseline -0.007 -14"><span class='ocrx_word' id='word_1_400' title='bbox 275 3643 486 3698; x_wconf 83' lang='grc' dir='ltr'>σιλείαν</span> <span class='ocrx_word' id='word_1_401' title='bbox 528 3641 793 3712; x_wconf 83' lang='grc' dir='ltr'>οὐρανῶν.</span> <span class='ocrx_word' id='word_1_402' title='bbox 829 3642 888 3693; x_wconf 84' lang='grc'><strong>⁸0</strong></span> <span class='ocrx_word' id='word_1_403' title='bbox 929 3638 1038 3712; x_wconf 81' lang='grc' dir='ltr'><strong>γὰρ</strong></span> <span class='ocrx_word' id='word_1_404' title='bbox 1079 3637 1223 3693; x_wconf 71' lang='grc' dir='ltr'>οὕτω</span> <span class='ocrx_word' id='word_1_405' title='bbox 1276 3636 1620 3706; x_wconf 87' lang='grc' dir='ltr'>φιλόπτωχος</span> <span class='ocrx_word' id='word_1_406' title='bbox 1656 3633 1848 3690; x_wconf 78' lang='grc' dir='ltr'>ἀκούει</span> 
     </span>
    </p>
   </div>
   <div class='ocr_carea' id='block_1_54' title="bbox 273 3724 1848 3803">
    <p class='ocr_par' dir='ltr' id='par_1_54' title="bbox 273 3724 1848 3803">
     <span class='ocr_line' id='line_1_54' title="bbox 273 3724 1848 3803; baseline -0.008 -13"><span class='ocrx_word' id='word_1_407' title='bbox 273 3737 372 3791; x_wconf 85' lang='grc' dir='ltr'><strong>τοῦ</strong></span> <span class='ocrx_word' id='word_1_408' title='bbox 427 3735 677 3803; x_wconf 79' lang='grc' dir='ltr'>λέγοντος</span> <span class='ocrx_word' id='word_1_409' title='bbox 697 3748 712 3762; x_wconf 85' lang='lat'><strong>&#39;</strong></span> <span class='ocrx_word' id='word_1_410' title='bbox 763 3751 781 3785; x_wconf 80' lang='grc' dir='ltr'><strong>ι</strong></span> <span class='ocrx_word' id='word_1_411' title='bbox 804 3730 1194 3803; x_wconf 86' lang='grc' dir='ltr'>Ἐλεημοσύναι</span> <span class='ocrx_word' id='word_1_412' title='bbox 1227 3727 1322 3782; x_wconf 74' lang='grc' dir='ltr'>καὶ</span> <span class='ocrx_word' id='word_1_413' title='bbox 1352 3727 1534 3790; x_wconf 82' lang='grc' dir='ltr'>πίστις</span> <span class='ocrx_word' id='word_1_414' title='bbox 1568 3725 1645 3796; x_wconf 77' lang='grc' dir='ltr'>μὴ</span> <span class='ocrx_word' id='word_1_415' title='bbox 1675 3724 1848 3779; x_wconf 84' lang='grc' dir='ltr'>ἐκλει-</span> 
     </span>
    </p>
   </div>
   <div class='ocr_carea' id='block_1_55' title="bbox 287 3817 1857 3896">
    <p class='ocr_par' dir='ltr' id='par_1_55' title="bbox 287 3817 1857 3896">
     <span class='ocr_line' id='line_1_55' title="bbox 287 3817 1857 3896; baseline -0.007 -14"><span class='ocrx_word' id='word_1_416' title='bbox 287 3828 541 3883; x_wconf 84' lang='grc' dir='ltr'>πέτωσάν</span> <span class='ocrx_word' id='word_1_417' title='bbox 572 3826 908 3896; x_wconf 75' lang='grc' dir='ltr'>σε.⁹Αφαψαι</span> <span class='ocrx_word' id='word_1_418' title='bbox 938 3824 995 3878; x_wconf 81' lang='grc' dir='ltr'>δὲ</span> <span class='ocrx_word' id='word_1_419' title='bbox 1025 3822 1193 3886; x_wconf 85' lang='grc' dir='ltr'>αὐτὰς</span> <span class='ocrx_word' id='word_1_420' title='bbox 1224 3821 1317 3875; x_wconf 68' lang='grc' dir='ltr'><strong>ἐπὶ</strong></span> <span class='ocrx_word' id='word_1_421' title='bbox 1348 3819 1425 3891; x_wconf 81' lang='grc' dir='ltr'>σῷ</span> <span class='ocrx_word' id='word_1_422' title='bbox 1448 3819 1726 3892; x_wconf 83' lang='grc' dir='ltr'>τραχήλῳ,</span> <span class='ocrx_word' id='word_1_423' title='bbox 1761 3817 1857 3873; x_wconf 72' lang='grc' dir='ltr'><strong>καὶ</strong></span> 
     </span>
    </p>
   </div>
   <div class='ocr_carea' id='block_1_56' title="bbox 276 3908 1855 3990">
    <p class='ocr_par' dir='ltr' id='par_1_56' title="bbox 276 3908 1855 3990">
     <span class='ocr_line' id='line_1_56' title="bbox 276 3908 1855 3990; baseline -0.007 -18"><span class='ocrx_word' id='word_1_424' title='bbox 276 3918 534 3990; x_wconf 76' lang='grc' dir='ltr'>εὑρήσεις</span> <span class='ocrx_word' id='word_1_425' title='bbox 561 3916 742 3988; x_wconf 82' lang='grc' dir='ltr'>χάριν.</span> <span class='ocrx_word' id='word_1_426' title='bbox 771 3935 789 3969; x_wconf 95' lang='grc'><strong>»</strong></span> <span class='ocrx_word' id='word_1_427' title='bbox 812 3945 881 3959; x_wconf 73' lang='grc' dir='ltr'><strong>-υ-</strong></span> <span class='ocrx_word' id='word_1_428' title='bbox 913 3935 931 3967; x_wconf 86' lang='grc' dir='ltr'><strong>ι</strong></span> <span class='ocrx_word' id='word_1_429' title='bbox 959 3914 1199 3986; x_wconf 87' lang='grc' dir='ltr'>Προνοοῦ</span> <span class='ocrx_word' id='word_1_430' title='bbox 1226 3912 1370 3968; x_wconf 80' lang='grc' dir='ltr'>καλὰ</span> <span class='ocrx_word' id='word_1_431' title='bbox 1394 3909 1624 3966; x_wconf 79' lang='grc' dir='ltr'>ἐνώπιον</span> <span class='ocrx_word' id='word_1_432' title='bbox 1646 3908 1855 3981; x_wconf 81' lang='grc' dir='ltr'>Κυρίου</span> 
     </span>
    </p>
   </div>
   <div class='ocr_carea' id='block_1_57' title="bbox 276 3999 1857 4080">
    <p class='ocr_par' dir='ltr' id='par_1_57' title="bbox 276 3999 1857 4080">
     <span class='ocr_line' id='line_1_57' title="bbox 276 3999 1857 4080; baseline -0.007 -16"><span class='ocrx_word' id='word_1_433' title='bbox 276 4010 377 4065; x_wconf 79' lang='grc' dir='ltr'>καὶ</span> <span class='ocrx_word' id='word_1_434' title='bbox 409 4007 738 4080; x_wconf 83' lang='grc' dir='ltr'>ἀνθρώπων.</span> <span class='ocrx_word' id='word_1_435' title='bbox 763 4026 781 4058; x_wconf 95' lang='grc'><strong>»</strong></span> <span class='ocrx_word' id='word_1_436' title='bbox 804 4005 946 4060; x_wconf 82' lang='grc' dir='ltr'>Καί·</span> <span class='ocrx_word' id='word_1_437' title='bbox 973 4024 994 4058; x_wconf 80' lang='grc' dir='ltr'><strong>ι</strong></span> <span class='ocrx_word' id='word_1_438' title='bbox 1037 4005 1182 4059; x_wconf 76' lang='grc' dir='ltr'>Ὀδοὶ</span> <span class='ocrx_word' id='word_1_439' title='bbox 1206 4003 1448 4067; x_wconf 89' lang='grc' dir='ltr'>δικαίων,</span> <span class='ocrx_word' id='word_1_440' title='bbox 1482 4000 1685 4072; x_wconf 87' lang='grc' dir='ltr'>ὁμοίως</span> <span class='ocrx_word' id='word_1_441' title='bbox 1714 3999 1857 4070; x_wconf 76' lang='grc' dir='ltr'>φωτὶ</span> 
     </span>
    </p>
   </div>
   <div class='ocr_carea' id='block_1_58' title="bbox 275 4091 1857 4172">
    <p class='ocr_par' dir='ltr' id='par_1_58' title="bbox 275 4091 1857 4172">
     <span class='ocr_line' id='line_1_58' title="bbox 275 4091 1857 4172; baseline -0.007 -17"><span class='ocrx_word' id='word_1_442' title='bbox 275 4102 609 4172; x_wconf 85' lang='grc' dir='ltr'>λάμπουσιν.</span> <span class='ocrx_word' id='word_1_443' title='bbox 644 4096 1089 4170; x_wconf 85' lang='grc' dir='ltr'>Προπορεύονται</span> <span class='ocrx_word' id='word_1_444' title='bbox 1122 4096 1219 4151; x_wconf 77' lang='grc' dir='ltr'><strong>καὶ</strong></span> <span class='ocrx_word' id='word_1_445' title='bbox 1248 4093 1575 4164; x_wconf 80' lang='grc' dir='ltr'>φωτίζουσιν</span> <span class='ocrx_word' id='word_1_446' title='bbox 1600 4091 1705 4155; x_wconf 73' lang='grc' dir='ltr'>ἕως</span> <span class='ocrx_word' id='word_1_447' title='bbox 1731 4107 1857 4145; x_wconf 88' lang='grc' dir='ltr'>κατ-</span> 
     </span>
    </p>
   </div>
   <div class='ocr_carea' id='block_1_59' title="bbox 275 4181 1855 4265">
    <p class='ocr_par' dir='ltr' id='par_1_59' title="bbox 275 4181 1855 4265">
     <span class='ocr_line' id='line_1_59' title="bbox 275 4181 1855 4265; baseline -0.007 -19"><span class='ocrx_word' id='word_1_448' title='bbox 275 4190 499 4265; x_wconf 73' lang='grc' dir='ltr'>ορθώσῃ</span> <span class='ocrx_word' id='word_1_449' title='bbox 530 4193 563 4261; x_wconf 81' lang='grc' dir='ltr'><strong>ἡ</strong></span> <span class='ocrx_word' id='word_1_450' title='bbox 597 4189 802 4261; x_wconf 75' lang='grc' dir='ltr'>ἡμέρα.</span> <span class='ocrx_word' id='word_1_451' title='bbox 838 4206 858 4238; x_wconf 92' lang='grc'><strong>»</strong></span> <span class='ocrx_word' id='word_1_452' title='bbox 927 4187 1265 4241; x_wconf 77' lang='grc' dir='ltr'>Ἐντέλλεται</span> <span class='ocrx_word' id='word_1_453' title='bbox 1295 4185 1352 4238; x_wconf 83' lang='grc' dir='ltr'><strong>δέ</strong></span> <span class='ocrx_word' id='word_1_454' title='bbox 1385 4184 1479 4237; x_wconf 75' lang='grc' dir='ltr'><strong>καὶ</strong></span> <span class='ocrx_word' id='word_1_455' title='bbox 1512 4184 1539 4236; x_wconf 94' lang='lat'><strong>6</strong></span> <span class='ocrx_word' id='word_1_456' title='bbox 1567 4183 1731 4252; x_wconf 88' lang='grc' dir='ltr'>νόμος</span> <span class='ocrx_word' id='word_1_457' title='bbox 1763 4181 1855 4235; x_wconf 83' lang='grc' dir='ltr'>λέ-</span> 
     </span>
    </p>
   </div>
   <div class='ocr_carea' id='block_1_60' title="bbox 275 4273 1852 4353">
    <p class='ocr_par' dir='ltr' id='par_1_60' title="bbox 275 4273 1852 4353">
     <span class='ocr_line' id='line_1_60' title="bbox 275 4273 1852 4353; baseline -0.007 -16"><span class='ocrx_word' id='word_1_458' title='bbox 275 4298 424 4353; x_wconf 80' lang='grc' dir='ltr'>γων·</span> <span class='ocrx_word' id='word_1_459' title='bbox 461 4301 480 4335; x_wconf 83' lang='grc' dir='ltr'><strong>ι</strong></span> <span class='ocrx_word' id='word_1_460' title='bbox 505 4282 764 4349; x_wconf 77' lang='grc' dir='ltr'>’Δνοίγων</span> <span class='ocrx_word' id='word_1_461' title='bbox 792 4277 1028 4344; x_wconf 80' lang='grc' dir='ltr'>ἀνοίξεις</span> <span class='ocrx_word' id='word_1_462' title='bbox 1057 4278 1159 4342; x_wconf 85' lang='grc' dir='ltr'>τὰς</span> <span class='ocrx_word' id='word_1_463' title='bbox 1188 4276 1378 4349; x_wconf 65' lang='grc' dir='ltr'>χεῖράς</span> <span class='ocrx_word' id='word_1_464' title='bbox 1406 4292 1501 4327; x_wconf 89' lang='grc' dir='ltr'><strong>σου</strong></span> <span class='ocrx_word' id='word_1_465' title='bbox 1536 4274 1612 4345; x_wconf 85' lang='grc' dir='ltr'>τῷ</span> <span class='ocrx_word' id='word_1_466' title='bbox 1642 4273 1852 4343; x_wconf 73' lang='grc' dir='ltr'>πένητι,</span> 
     </span>
    </p>
   </div>
   <div class='ocr_carea' id='block_1_61' title="bbox 277 4364 1855 4443">
    <p class='ocr_par' dir='ltr' id='par_1_61' title="bbox 277 4364 1855 4443">
     <span class='ocr_line' id='line_1_61' title="bbox 277 4364 1855 4443; baseline -0.006 -17"><span class='ocrx_word' id='word_1_467' title='bbox 277 4374 368 4426; x_wconf 85' lang='grc' dir='ltr'>ἴνα</span> <span class='ocrx_word' id='word_1_468' title='bbox 420 4372 493 4443; x_wconf 81' lang='grc' dir='ltr'>μὴ</span> <span class='ocrx_word' id='word_1_469' title='bbox 540 4370 806 4441; x_wconf 81' lang='grc' dir='ltr'>βοήσηται</span> <span class='ocrx_word' id='word_1_470' title='bbox 858 4368 1003 4423; x_wconf 79' lang='grc' dir='ltr'>κατὰ</span> <span class='ocrx_word' id='word_1_471' title='bbox 1046 4368 1141 4420; x_wconf 94' lang='grc' dir='ltr'><strong>σοῦ</strong></span> <span class='ocrx_word' id='word_1_472' title='bbox 1191 4366 1331 4437; x_wconf 73' lang='grc' dir='ltr'>πρὸς</span> <span class='ocrx_word' id='word_1_473' title='bbox 1372 4364 1638 4436; x_wconf 81' lang='grc' dir='ltr'>Κύριον.»</span> <span class='ocrx_word' id='word_1_474' title='bbox 1697 4364 1756 4419; x_wconf 88' lang='grc' dir='ltr'>Ὀ</span> <span class='ocrx_word' id='word_1_475' title='bbox 1796 4365 1855 4418; x_wconf 84' lang='grc' dir='ltr'>δὲ</span> 
     </span>
    </p>
   </div>
   <div class='ocr_carea' id='block_1_62' title="bbox 1956 1927 3527 1999">
    <p class='ocr_par' dir='ltr' id='par_1_62' title="bbox 1956 1927 3527 1999">
     <span class='ocr_line' id='line_1_62' title="bbox 1956 1927 3527 1999; baseline -0.001 -15"><span class='ocrx_word' id='word_1_476' title='bbox 1956 1930 2173 1985; x_wconf 84' lang='lat' dir='ltr'><strong>discant</strong></span> <span class='ocrx_word' id='word_1_477' title='bbox 2202 1937 2387 1984; x_wconf 89' lang='lat' dir='ltr'><strong>autem</strong></span> <span class='ocrx_word' id='word_1_478' title='bbox 2420 1935 2477 1984; x_wconf 91' lang='lat' dir='ltr'><strong>et</strong></span> <span class='ocrx_word' id='word_1_479' title='bbox 2504 1927 2884 1994; x_wconf 87' lang='lat' dir='ltr'><strong>nostri,bonis</strong></span> <span class='ocrx_word' id='word_1_480' title='bbox 2907 1929 3173 1999; x_wconf 87' lang='lat' dir='ltr'><strong>operibus</strong></span> <span class='ocrx_word' id='word_1_481' title='bbox 3200 1944 3441 1998; x_wconf 80' lang='lat' dir='ltr'><strong>praeesse</strong></span> <span class='ocrx_word' id='word_1_482' title='bbox 3460 1930 3527 1983; x_wconf 85' lang='lat' dir='ltr'><strong>ad</strong></span> 
     </span>
    </p>
   </div>
   <div class='ocr_carea' id='block_1_63' title="bbox 1956 2020 3528 2085">
    <p class='ocr_par' dir='ltr' id='par_1_63' title="bbox 1956 2020 3528 2085">
     <span class='ocr_line' id='line_1_63' title="bbox 1956 2020 3528 2085; baseline -0.001 -10"><span class='ocrx_word' id='word_1_483' title='bbox 1956 2036 2091 2075; x_wconf 91' lang='lat' dir='ltr'><strong>usus</strong></span> <span class='ocrx_word' id='word_1_484' title='bbox 2123 2020 2489 2085; x_wconf 85' lang='lat' dir='ltr'><strong>necessarios,</strong></span> <span class='ocrx_word' id='word_1_485' title='bbox 2524 2028 2583 2073; x_wconf 91' lang='lat' dir='ltr'><strong>ut</strong></span> <span class='ocrx_word' id='word_1_486' title='bbox 2613 2035 2724 2073; x_wconf 89' lang='lat' dir='ltr'><strong>non</strong></span> <span class='ocrx_word' id='word_1_487' title='bbox 2750 2020 2862 2074; x_wconf 90' lang='lat' dir='ltr'><strong>sint</strong></span> <span class='ocrx_word' id='word_1_488' title='bbox 2909 2020 3328 2074; x_wconf 78' lang='lat' dir='ltr'><strong>infructuosi&quot;.</strong></span> <span class='ocrx_word' id='word_1_489' title='bbox 3365 2040 3383 2071; x_wconf 93' lang='grc'><strong>»</strong></span> <span class='ocrx_word' id='word_1_490' title='bbox 3415 2021 3528 2075; x_wconf 85' lang='lat' dir='ltr'><strong>lte-</strong></span> 
     </span>
    </p>
   </div>
   <div class='ocr_carea' id='block_1_64' title="bbox 1953 2109 3528 2181">
    <p class='ocr_par' dir='ltr' id='par_1_64' title="bbox 1953 2109 3528 2181">
     <span class='ocr_line' id='line_1_64' title="bbox 1953 2109 3528 2181; baseline 0.001 -16"><span class='ocrx_word' id='word_1_491' title='bbox 1953 2127 2075 2165; x_wconf 91' lang='lat' dir='ltr'><strong>rum</strong></span> <span class='ocrx_word' id='word_1_492' title='bbox 2099 2128 2112 2164; x_wconf 89' lang='lat'><strong>:</strong></span> <span class='ocrx_word' id='word_1_493' title='bbox 2144 2130 2162 2162; x_wconf 84' lang='grc' dir='ltr'><strong>ι</strong></span> <span class='ocrx_word' id='word_1_494' title='bbox 2192 2110 2409 2168; x_wconf 84' lang='lat' dir='ltr'><strong>Salutat</strong></span> <span class='ocrx_word' id='word_1_495' title='bbox 2432 2125 2532 2165; x_wconf 86' lang='lat' dir='ltr'><strong>vos</strong></span> <span class='ocrx_word' id='word_1_496' title='bbox 2559 2109 2728 2165; x_wconf 87' lang='lat' dir='ltr'><strong>Caius</strong></span> <span class='ocrx_word' id='word_1_497' title='bbox 2751 2111 2958 2181; x_wconf 89' lang='lat' dir='ltr'><strong>hospes</strong></span> <span class='ocrx_word' id='word_1_498' title='bbox 2992 2127 3151 2166; x_wconf 89' lang='lat' dir='ltr'><strong>meus</strong></span> <span class='ocrx_word' id='word_1_499' title='bbox 3177 2121 3233 2166; x_wconf 89' lang='lat' dir='ltr'><strong>et</strong></span> <span class='ocrx_word' id='word_1_500' title='bbox 3255 2112 3528 2167; x_wconf 63' lang='lat' dir='ltr'><strong>universae</strong></span> 
     </span>
    </p>
   </div>
   <div class='ocr_carea' id='block_1_65' title="bbox 1951 2203 3525 2275">
    <p class='ocr_par' dir='ltr' id='par_1_65' title="bbox 1951 2203 3525 2275">
     <span class='ocr_line' id='line_1_65' title="bbox 1951 2203 3525 2275; baseline 0.001 -18"><span class='ocrx_word' id='word_1_501' title='bbox 1951 2203 2291 2267; x_wconf 64' lang='lat' dir='ltr'><strong>Ecclesia“,</strong></span> <span class='ocrx_word' id='word_1_502' title='bbox 2329 2222 2347 2255; x_wconf 93' lang='grc'><strong>»</strong></span> <span class='ocrx_word' id='word_1_503' title='bbox 2380 2219 2479 2274; x_wconf 92' lang='lat' dir='ltr'><strong>pro</strong></span> <span class='ocrx_word' id='word_1_504' title='bbox 2505 2219 2573 2259; x_wconf 88' lang='lat' dir='ltr'><strong>eo</strong></span> <span class='ocrx_word' id='word_1_505' title='bbox 2620 2204 2770 2275; x_wconf 85' lang='lat' dir='ltr'><strong>quod</strong></span> <span class='ocrx_word' id='word_1_506' title='bbox 2793 2213 2899 2269; x_wconf 88' lang='lat' dir='ltr'><strong>est,</strong></span> <span class='ocrx_word' id='word_1_507' title='bbox 2928 2212 3195 2273; x_wconf 79' lang='lat' dir='ltr'><strong>exceptor</strong></span> <span class='ocrx_word' id='word_1_508' title='bbox 3244 2204 3525 2274; x_wconf 90' lang='lat' dir='ltr'><strong>hospitum</strong></span> 
     </span>
    </p>
   </div>
   <div class='ocr_carea' id='block_1_66' title="bbox 1953 2294 3531 2367">
    <p class='ocr_par' dir='ltr' id='par_1_66' title="bbox 1953 2294 3531 2367">
     <span class='ocr_line' id='line_1_66' title="bbox 1953 2294 3531 2367; baseline 0.002 -20"><span class='ocrx_word' id='word_1_509' title='bbox 1953 2295 2221 2348; x_wconf 89' lang='lat' dir='ltr'><strong>omnium.</strong></span> <span class='ocrx_word' id='word_1_510' title='bbox 2254 2294 2525 2350; x_wconf 85' lang='lat' dir='ltr'><strong>Dominus</strong></span> <span class='ocrx_word' id='word_1_511' title='bbox 2551 2311 2777 2366; x_wconf 88' lang='lat' dir='ltr'><strong>quoque</strong></span> <span class='ocrx_word' id='word_1_512' title='bbox 2821 2311 2931 2350; x_wconf 87' lang='lat' dir='ltr'><strong>una</strong></span> <span class='ocrx_word' id='word_1_513' title='bbox 2978 2311 3105 2350; x_wconf 91' lang='lat' dir='ltr'><strong>cum</strong></span> <span class='ocrx_word' id='word_1_514' title='bbox 3150 2295 3531 2367; x_wconf 82' lang='lat' dir='ltr'><strong>elcemosynas</strong></span> 
     </span>
    </p>
   </div>
   <div class='ocr_carea' id='block_1_67' title="bbox 1952 2385 3524 2457">
    <p class='ocr_par' dir='ltr' id='par_1_67' title="bbox 1952 2385 3524 2457">
     <span class='ocr_line' id='line_1_67' title="bbox 1952 2385 3524 2457; baseline 0.001 -17"><span class='ocrx_word' id='word_1_515' title='bbox 1952 2385 2377 2441; x_wconf 79' lang='lat' dir='ltr'><strong>conferentibus</strong></span> <span class='ocrx_word' id='word_1_516' title='bbox 2393 2387 2721 2457; x_wconf 74' lang='lat' dir='ltr'><strong>peregrinos</strong></span> <span class='ocrx_word' id='word_1_517' title='bbox 2755 2386 2852 2456; x_wconf 92' lang='lat' dir='ltr'><strong>qui</strong></span> <span class='ocrx_word' id='word_1_518' title='bbox 2885 2386 3190 2456; x_wconf 77' lang='lat' dir='ltr'><strong>excipiunt,</strong></span> <span class='ocrx_word' id='word_1_519' title='bbox 3219 2387 3448 2440; x_wconf 64' lang='lat' dir='ltr'><strong>advocat</strong></span> <span class='ocrx_word' id='word_1_520' title='bbox 3474 2402 3524 2441; x_wconf 89' lang='lat' dir='ltr'><strong>s.</strong></span> 
     </span>
    </p>
   </div>
   <div class='ocr_carea' id='block_1_68' title="bbox 1955 2476 3530 2547">
    <p class='ocr_par' dir='ltr' id='par_1_68' title="bbox 1955 2476 3530 2547">
     <span class='ocr_line' id='line_1_68' title="bbox 1955 2476 3530 2547; baseline 0.003 -18"><span class='ocrx_word' id='word_1_521' title='bbox 1955 2476 2233 2531; x_wconf 85' lang='lat' dir='ltr'><strong>dicturum</strong></span> <span class='ocrx_word' id='word_1_522' title='bbox 2272 2493 2331 2532; x_wconf 89' lang='lat' dir='ltr'><strong>se</strong></span> <span class='ocrx_word' id='word_1_523' title='bbox 2357 2478 2719 2547; x_wconf 88' lang='lat' dir='ltr'><strong>pronuntiat:</strong></span> <span class='ocrx_word' id='word_1_524' title='bbox 2751 2497 2769 2529; x_wconf 83' lang='grc' dir='ltr'><strong>ι</strong></span> <span class='ocrx_word' id='word_1_525' title='bbox 2796 2478 3016 2542; x_wconf 74' lang='lat' dir='ltr'><strong>Venite,</strong></span> <span class='ocrx_word' id='word_1_526' title='bbox 3042 2477 3320 2532; x_wconf 82' lang='lat' dir='ltr'><strong>benedicti</strong></span> <span class='ocrx_word' id='word_1_527' title='bbox 3349 2478 3530 2533; x_wconf 81' lang='lat' dir='ltr'><strong>Patris</strong></span> 
     </span>
    </p>
   </div>
   <div class='ocr_carea' id='block_1_69' title="bbox 1954 2566 3528 2637">
    <p class='ocr_par' dir='ltr' id='par_1_69' title="bbox 1954 2566 3528 2637">
     <span class='ocr_line' id='line_1_69' title="bbox 1954 2566 3528 2637; baseline 0.002 -19"><span class='ocrx_word' id='word_1_528' title='bbox 1954 2566 2083 2630; x_wconf 88' lang='lat' dir='ltr'><strong>mei,</strong></span> <span class='ocrx_word' id='word_1_529' title='bbox 2141 2566 2420 2635; x_wconf 89' lang='lat' dir='ltr'><strong>possidete</strong></span> <span class='ocrx_word' id='word_1_530' title='bbox 2474 2577 2727 2637; x_wconf 90' lang='lat' dir='ltr'><strong>paratum</strong></span> <span class='ocrx_word' id='word_1_531' title='bbox 2773 2567 2936 2622; x_wconf 86' lang='lat' dir='ltr'><strong>vobis</strong></span> <span class='ocrx_word' id='word_1_532' title='bbox 3001 2583 3231 2637; x_wconf 78' lang='lat' dir='ltr'><strong>regnum</strong></span> <span class='ocrx_word' id='word_1_533' title='bbox 3270 2586 3283 2621; x_wconf 90' lang='lat'><strong>:</strong></span> <span class='ocrx_word' id='word_1_534' title='bbox 3319 2567 3528 2637; x_wconf 70' lang='lat' dir='ltr'><strong>hospes</strong></span> 
     </span>
    </p>
   </div>
   <div class='ocr_carea' id='block_1_70' title="bbox 1951 2655 3528 2726">
    <p class='ocr_par' dir='ltr' id='par_1_70' title="bbox 1951 2655 3528 2726">
     <span class='ocr_line' id='line_1_70' title="bbox 1951 2655 3528 2726; baseline 0.002 -19"><span class='ocrx_word' id='word_1_535' title='bbox 1951 2655 2099 2707; x_wconf 86' lang='lat' dir='ltr'><strong>enim</strong></span> <span class='ocrx_word' id='word_1_536' title='bbox 2130 2669 2303 2720; x_wconf 91' lang='lat' dir='ltr'><strong>eram,</strong></span> <span class='ocrx_word' id='word_1_537' title='bbox 2333 2663 2390 2709; x_wconf 92' lang='lat' dir='ltr'><strong>et</strong></span> <span class='ocrx_word' id='word_1_538' title='bbox 2424 2655 2729 2726; x_wconf 80' lang='lat' dir='ltr'><strong>collegistis</strong></span> <span class='ocrx_word' id='word_1_539' title='bbox 2762 2672 2871 2722; x_wconf 91' lang='lat' dir='ltr'><strong>me,</strong></span> <span class='ocrx_word' id='word_1_540' title='bbox 2908 2656 3147 2721; x_wconf 71' lang='lat' dir='ltr'><strong>ésurivi,</strong></span> <span class='ocrx_word' id='word_1_541' title='bbox 3192 2667 3249 2711; x_wconf 87' lang='lat' dir='ltr'><strong>et</strong></span> <span class='ocrx_word' id='word_1_542' title='bbox 3294 2656 3528 2711; x_wconf 85' lang='lat' dir='ltr'><strong>dedistis</strong></span> 
     </span>
    </p>
   </div>
   <div class='ocr_carea' id='block_1_71' title="bbox 1953 2745 3526 2804">
    <p class='ocr_par' dir='ltr' id='par_1_71' title="bbox 1953 2745 3526 2804">
     <span class='ocr_line' id='line_1_71' title="bbox 1953 2745 3526 2804; baseline 0.002 -5"><span class='ocrx_word' id='word_1_543' title='bbox 1953 2745 2089 2799; x_wconf 84' lang='lat' dir='ltr'><strong>mihi</strong></span> <span class='ocrx_word' id='word_1_544' title='bbox 2121 2746 2499 2803; x_wconf 88' lang='lat' dir='ltr'><strong>manducare:</strong></span> <span class='ocrx_word' id='word_1_545' title='bbox 2543 2747 2693 2803; x_wconf 87' lang='lat' dir='ltr'><strong>silivi</strong></span> <span class='ocrx_word' id='word_1_546' title='bbox 2742 2756 2798 2803; x_wconf 94' lang='lat' dir='ltr'><strong>et</strong></span> <span class='ocrx_word' id='word_1_547' title='bbox 2832 2748 3065 2804; x_wconf 86' lang='lat' dir='ltr'><strong>dedistis</strong></span> <span class='ocrx_word' id='word_1_548' title='bbox 3109 2749 3245 2803; x_wconf 91' lang='lat' dir='ltr'><strong>mihi</strong></span> <span class='ocrx_word' id='word_1_549' title='bbox 3297 2748 3526 2802; x_wconf 70' lang='lat' dir='ltr'><strong>bibere:</strong></span> 
     </span>
    </p>
   </div>
   <div class='ocr_carea' id='block_1_72' title="bbox 1952 2836 3529 2911">
    <p class='ocr_par' dir='ltr' id='par_1_72' title="bbox 1952 2836 3529 2911">
     <span class='ocr_line' id='line_1_72' title="bbox 1952 2836 3529 2911; baseline 0.003 -23"><span class='ocrx_word' id='word_1_550' title='bbox 1952 2836 2135 2891; x_wconf 87' lang='lat' dir='ltr'><strong>nudus</strong></span> <span class='ocrx_word' id='word_1_551' title='bbox 2167 2853 2341 2901; x_wconf 91' lang='lat' dir='ltr'><strong>cram,</strong></span> <span class='ocrx_word' id='word_1_552' title='bbox 2390 2846 2446 2893; x_wconf 91' lang='lat' dir='ltr'><strong>et</strong></span> <span class='ocrx_word' id='word_1_553' title='bbox 2493 2838 2803 2908; x_wconf 88' lang='lat' dir='ltr'><strong>operuistis</strong></span> <span class='ocrx_word' id='word_1_554' title='bbox 2835 2840 3008 2895; x_wconf 82' lang='lat' dir='ltr'><strong>me&quot;.</strong></span> <span class='ocrx_word' id='word_1_555' title='bbox 3041 2858 3060 2892; x_wconf 96' lang='grc'><strong>»</strong></span> <span class='ocrx_word' id='word_1_556' title='bbox 3104 2840 3211 2910; x_wconf 86' lang='lat' dir='ltr'><strong>Ipsi</strong></span> <span class='ocrx_word' id='word_1_557' title='bbox 3262 2839 3437 2911; x_wconf 76' lang='lat' dir='ltr'><strong>gloria</strong></span> <span class='ocrx_word' id='word_1_558' title='bbox 3471 2838 3529 2893; x_wconf 79' lang='lat' dir='ltr'><strong>in</strong></span> 
     </span>
    </p>
   </div>
   <div class='ocr_carea' id='block_1_73' title="bbox 1953 2927 2399 2983">
    <p class='ocr_par' dir='ltr' id='par_1_73' title="bbox 1953 2927 2399 2983">
     <span class='ocr_line' id='line_1_73' title="bbox 1953 2927 2399 2983; baseline 0.007 -3"><span class='ocrx_word' id='word_1_559' title='bbox 1953 2927 2172 2981; x_wconf 63' lang='lat' dir='ltr'><strong>saecula.</strong></span> <span class='ocrx_word' id='word_1_560' title='bbox 2205 2930 2399 2983; x_wconf 85' lang='lat' dir='ltr'><strong>Amen.</strong></span> 
     </span>
    </p>
   </div>
   <div class='ocr_carea' id='block_1_74' title="bbox 2458 3042 3022 3102">
    <p class='ocr_par' dir='ltr' id='par_1_74' title="bbox 2458 3042 3022 3102">
     <span class='ocr_line' id='line_1_74' title="bbox 2458 3042 3022 3102; baseline 0.005 -3"><span class='ocrx_word' id='word_1_561' title='bbox 2458 3042 2749 3100; x_wconf 80' lang='lat' dir='ltr'><strong>HOMILIA</strong></span> <span class='ocrx_word' id='word_1_562' title='bbox 2786 3045 3022 3102; x_wconf 75' lang='lat' dir='ltr'><strong>XCVIII.</strong></span> 
     </span>
    </p>
   </div>
   <div class='ocr_carea' id='block_1_75' title="bbox 2152 3125 3334 3233">
    <p class='ocr_par' dir='ltr' id='par_1_75' title="bbox 2152 3157 3334 3233">
     <span class='ocr_line' id='line_1_75' title="bbox 2152 3157 3334 3233; baseline 0.001 -20"><span class='ocrx_word' id='word_1_563' title='bbox 2152 3157 2228 3213; x_wconf 88' lang='lat' dir='ltr'><strong>De</strong></span> <span class='ocrx_word' id='word_1_564' title='bbox 2263 3175 2443 3213; x_wconf 87' lang='lat' dir='ltr'><strong>amore</strong></span> <span class='ocrx_word' id='word_1_565' title='bbox 2465 3167 2513 3212; x_wconf 82' lang='lat' dir='ltr'><strong>et</strong></span> <span class='ocrx_word' id='word_1_566' title='bbox 2540 3160 2626 3230; x_wconf 82' lang='lat' dir='ltr'><strong>pio</strong></span> <span class='ocrx_word' id='word_1_567' title='bbox 2670 3160 2858 3230; x_wconf 72' lang='lat' dir='ltr'><strong>affectu</strong></span> <span class='ocrx_word' id='word_1_568' title='bbox 2893 3176 3020 3231; x_wconf 82' lang='lat' dir='ltr'><strong>erga</strong></span> <span class='ocrx_word' id='word_1_569' title='bbox 3052 3172 3334 3233; x_wconf 69' lang='lat' dir='ltr'><strong>pauperes.</strong></span> 
     </span>
    </p>
   </div>
   <div class='ocr_carea' id='block_1_76' title="bbox 2024 3272 3527 3343">
    <p class='ocr_par' dir='ltr' id='par_1_76' title="bbox 2024 3272 3527 3343">
     <span class='ocr_line' id='line_1_76' title="bbox 2024 3272 3527 3343; baseline -0.001 -15"><span class='ocrx_word' id='word_1_570' title='bbox 2024 3274 2343 3342; x_wconf 89' lang='lat' dir='ltr'><strong>Propensus</strong></span> <span class='ocrx_word' id='word_1_571' title='bbox 2369 3272 2460 3327; x_wconf 90' lang='lat' dir='ltr'><strong>ille</strong></span> <span class='ocrx_word' id='word_1_572' title='bbox 2503 3272 2560 3326; x_wconf 91' lang='lat' dir='ltr'><strong>in</strong></span> <span class='ocrx_word' id='word_1_573' title='bbox 2593 3287 2867 3343; x_wconf 87' lang='lat' dir='ltr'><strong>pauperes</strong></span> <span class='ocrx_word' id='word_1_574' title='bbox 2898 3279 2955 3327; x_wconf 91' lang='lat' dir='ltr'><strong>ct</strong></span> <span class='ocrx_word' id='word_1_575' title='bbox 3000 3273 3324 3342; x_wconf 80' lang='lat' dir='ltr'><strong>peregrinos</strong></span> <span class='ocrx_word' id='word_1_576' title='bbox 3352 3288 3527 3337; x_wconf 79' lang='lat' dir='ltr'><strong>amor,</strong></span> 
     </span>
    </p>
   </div>
   <div class='ocr_carea' id='block_1_77' title="bbox 1952 3362 3523 3437">
    <p class='ocr_par' dir='ltr' id='par_1_77' title="bbox 1952 3362 3523 3437">
     <span class='ocr_line' id='line_1_77' title="bbox 1952 3362 3523 3437; baseline 0.001 -18"><span class='ocrx_word' id='word_1_577' title='bbox 1952 3380 2142 3420; x_wconf 90' lang='lat' dir='ltr'><strong>ramus</strong></span> <span class='ocrx_word' id='word_1_578' title='bbox 2173 3373 2410 3435; x_wconf 87' lang='lat' dir='ltr'><strong>uterque</strong></span> <span class='ocrx_word' id='word_1_579' title='bbox 2443 3362 2650 3419; x_wconf 83' lang='lat' dir='ltr'><strong>bifidus</strong></span> <span class='ocrx_word' id='word_1_580' title='bbox 2668 3372 2755 3418; x_wconf 90' lang='lat' dir='ltr'><strong>est</strong></span> <span class='ocrx_word' id='word_1_581' title='bbox 2780 3363 3136 3434; x_wconf 79' lang='lat' dir='ltr'><strong>pinguediuis</strong></span> <span class='ocrx_word' id='word_1_582' title='bbox 3158 3365 3340 3420; x_wconf 72' lang='lat' dir='ltr'><strong>olivae:</strong></span> <span class='ocrx_word' id='word_1_583' title='bbox 3365 3367 3523 3437; x_wconf 88' lang='lat' dir='ltr'><strong>cujus</strong></span> 
     </span>
    </p>
   </div>
   <div class='ocr_carea' id='block_1_78' title="bbox 1952 3454 3526 3527">
    <p class='ocr_par' dir='ltr' id='par_1_78' title="bbox 1952 3454 3526 3527">
     <span class='ocr_line' id='line_1_78' title="bbox 1952 3454 3526 3527; baseline -0.001 -15"><span class='ocrx_word' id='word_1_584' title='bbox 1952 3457 2246 3527; x_wconf 87' lang='lat' dir='ltr'><strong>utriusque</strong></span> <span class='ocrx_word' id='word_1_585' title='bbox 2276 3456 2496 3511; x_wconf 85' lang='lat' dir='ltr'><strong>fructus</strong></span> <span class='ocrx_word' id='word_1_586' title='bbox 2528 3455 2754 3526; x_wconf 84' lang='lat' dir='ltr'><strong>myrrha</strong></span> <span class='ocrx_word' id='word_1_587' title='bbox 2777 3470 3038 3525; x_wconf 87' lang='lat' dir='ltr'><strong>perquam</strong></span> <span class='ocrx_word' id='word_1_588' title='bbox 3057 3468 3225 3509; x_wconf 84' lang='lat' dir='ltr'><strong>suave</strong></span> <span class='ocrx_word' id='word_1_589' title='bbox 3256 3454 3526 3526; x_wconf 80' lang='lat' dir='ltr'><strong>fragranti</strong></span> 
     </span>
    </p>
   </div>
   <div class='ocr_carea' id='block_1_79' title="bbox 1954 3543 3530 3617">
    <p class='ocr_par' dir='ltr' id='par_1_79' title="bbox 1954 3543 3530 3617">
     <span class='ocr_line' id='line_1_79' title="bbox 1954 3543 3530 3617; baseline -0.001 -16"><span class='ocrx_word' id='word_1_590' title='bbox 1954 3546 2241 3617; x_wconf 78' lang='lat' dir='ltr'><strong>perfundit</strong></span> <span class='ocrx_word' id='word_1_591' title='bbox 2265 3545 2579 3608; x_wconf 88' lang='lat' dir='ltr'><strong>universos,</strong></span> <span class='ocrx_word' id='word_1_592' title='bbox 2609 3544 2769 3615; x_wconf 86' lang='lat' dir='ltr'><strong>cujus</strong></span> <span class='ocrx_word' id='word_1_593' title='bbox 2790 3543 3082 3613; x_wconf 76' lang='lat' dir='ltr'><strong>aspergine</strong></span> <span class='ocrx_word' id='word_1_594' title='bbox 3103 3543 3234 3597; x_wconf 85' lang='lat' dir='ltr'><strong>sivit</strong></span> <span class='ocrx_word' id='word_1_595' title='bbox 3259 3544 3530 3599; x_wconf 88' lang='lat' dir='ltr'><strong>Dominus</strong></span> 
     </span>
    </p>
   </div>
   <div class='ocr_carea' id='block_1_80' title="bbox 1955 3633 3526 3708">
    <p class='ocr_par' dir='ltr' id='par_1_80' title="bbox 1955 3633 3526 3708">
     <span class='ocr_line' id='line_1_80' title="bbox 1955 3633 3526 3708; baseline -0.001 -17"><span class='ocrx_word' id='word_1_596' title='bbox 1955 3636 2061 3692; x_wconf 89' lang='lat' dir='ltr'><strong>sibi</strong></span> <span class='ocrx_word' id='word_1_597' title='bbox 2097 3636 2294 3708; x_wconf 74' lang='lat' dir='ltr'><strong>inungi</strong></span> <span class='ocrx_word' id='word_1_598' title='bbox 2323 3644 2380 3690; x_wconf 89' lang='lat' dir='ltr'><strong>et</strong></span> <span class='ocrx_word' id='word_1_599' title='bbox 2410 3640 2578 3705; x_wconf 84' lang='lat' dir='ltr'><strong>caput</strong></span> <span class='ocrx_word' id='word_1_600' title='bbox 2616 3642 2675 3689; x_wconf 90' lang='lat' dir='ltr'><strong>et</strong></span> <span class='ocrx_word' id='word_1_601' title='bbox 2704 3634 2873 3704; x_wconf 89' lang='lat' dir='ltr'><strong>pedes</strong></span> <span class='ocrx_word' id='word_1_602' title='bbox 2891 3634 2960 3689; x_wconf 78' lang='grc'>⁸⁸.</span> <span class='ocrx_word' id='word_1_603' title='bbox 2982 3633 3162 3689; x_wconf 89' lang='lat' dir='ltr'><strong>Sedet</strong></span> <span class='ocrx_word' id='word_1_604' title='bbox 3194 3633 3346 3690; x_wconf 90' lang='lat' dir='ltr'><strong>hunc</strong></span> <span class='ocrx_word' id='word_1_605' title='bbox 3366 3651 3526 3690; x_wconf 91' lang='lat' dir='ltr'><strong>suum</strong></span> 
     </span>
    </p>
   </div>
   <div class='ocr_carea' id='block_1_81' title="bbox 1953 3725 3529 3799">
    <p class='ocr_par' dir='ltr' id='par_1_81' title="bbox 1953 3725 3529 3799">
     <span class='ocr_line' id='line_1_81' title="bbox 1953 3725 3529 3799; baseline -0.001 -15"><span class='ocrx_word' id='word_1_606' title='bbox 1953 3728 2306 3784; x_wconf 87' lang='lat' dir='ltr'><strong>inunctorem</strong></span> <span class='ocrx_word' id='word_1_607' title='bbox 2355 3727 2561 3782; x_wconf 88' lang='lat' dir='ltr'><strong>vicaria</strong></span> <span class='ocrx_word' id='word_1_608' title='bbox 2609 3725 2867 3781; x_wconf 85' lang='lat' dir='ltr'><strong>mercede</strong></span> <span class='ocrx_word' id='word_1_609' title='bbox 2926 3725 3267 3797; x_wconf 75' lang='lat' dir='ltr'><strong>repignerat,</strong></span> <span class='ocrx_word' id='word_1_610' title='bbox 3326 3743 3529 3799; x_wconf 68' lang='lat' dir='ltr'><strong>nemre</strong></span> 
     </span>
    </p>
   </div>
   <div class='ocr_carea' id='block_1_82' title="bbox 1952 3810 3527 3891">
    <p class='ocr_par' dir='ltr' id='par_1_82' title="bbox 1952 3810 3527 3891">
     <span class='ocr_line' id='line_1_82' title="bbox 1952 3810 3527 3891; baseline -0.001 -16"><span class='ocrx_word' id='word_1_611' title='bbox 1952 3835 2123 3891; x_wconf 78' lang='lat' dir='ltr'><strong>regno</strong></span> <span class='ocrx_word' id='word_1_612' title='bbox 2147 3819 2414 3875; x_wconf 71' lang='lat' dir='ltr'><strong>caelorum</strong></span> <span class='ocrx_word' id='word_1_613' title='bbox 2449 3810 2620 3873; x_wconf 88' lang='lat' dir='ltr'><strong>talem</strong></span> <span class='ocrx_word' id='word_1_614' title='bbox 2645 3817 2926 3888; x_wconf 84' lang='lat' dir='ltr'><strong>dignatur.</strong></span> <span class='ocrx_word' id='word_1_615' title='bbox 2951 3818 3189 3873; x_wconf 88' lang='lat' dir='ltr'><strong>Prorsus</strong></span> <span class='ocrx_word' id='word_1_616' title='bbox 3221 3834 3527 3889; x_wconf 82' lang='lat' dir='ltr'><strong>pauperum</strong></span> 
     </span>
    </p>
   </div>
   <div class='ocr_carea' id='block_1_83' title="bbox 1953 3907 3533 3979">
    <p class='ocr_par' dir='ltr' id='par_1_83' title="bbox 1953 3907 3533 3979">
     <span class='ocr_line' id='line_1_83' title="bbox 1953 3907 3533 3979; baseline -0.002 -12"><span class='ocrx_word' id='word_1_617' title='bbox 1953 3919 2171 3967; x_wconf 84' lang='lat' dir='ltr'><strong>amator</strong></span> <span class='ocrx_word' id='word_1_618' title='bbox 2189 3926 2220 3965; x_wconf 88' lang='lat' dir='ltr'><strong>a</strong></span> <span class='ocrx_word' id='word_1_619' title='bbox 2246 3911 2483 3965; x_wconf 89' lang='lat' dir='ltr'><strong>Domino</strong></span> <span class='ocrx_word' id='word_1_620' title='bbox 2520 3917 2871 3979; x_wconf 87' lang='lat' dir='ltr'><strong>promeretur</strong></span> <span class='ocrx_word' id='word_1_621' title='bbox 2899 3907 3120 3963; x_wconf 89' lang='lat' dir='ltr'><strong>audire:</strong></span> <span class='ocrx_word' id='word_1_622' title='bbox 3168 3927 3186 3962; x_wconf 90' lang='grc' dir='ltr'><strong>ι</strong></span> <span class='ocrx_word' id='word_1_623' title='bbox 3217 3908 3533 3966; x_wconf 64' lang='lat' dir='ltr'><strong>Misericoro</strong></span> 
     </span>
    </p>
   </div>
   <div class='ocr_carea' id='block_1_84' title="bbox 1952 3993 3531 4070">
    <p class='ocr_par' dir='ltr' id='par_1_84' title="bbox 1952 3993 3531 4070">
     <span class='ocr_line' id='line_1_84' title="bbox 1952 3993 3531 4070; baseline -0.002 -12"><span class='ocrx_word' id='word_1_624' title='bbox 1952 4003 2045 4058; x_wconf 90' lang='lat' dir='ltr'><strong>dia</strong></span> <span class='ocrx_word' id='word_1_625' title='bbox 2071 4013 2128 4058; x_wconf 91' lang='lat' dir='ltr'><strong>et</strong></span> <span class='ocrx_word' id='word_1_626' title='bbox 2161 3993 2300 4057; x_wconf 80' lang='lat' dir='ltr'><strong>ﬁdes</strong></span> <span class='ocrx_word' id='word_1_627' title='bbox 2320 4017 2435 4056; x_wconf 92' lang='lat' dir='ltr'><strong>non</strong></span> <span class='ocrx_word' id='word_1_628' title='bbox 2472 4010 2522 4056; x_wconf 91' lang='lat' dir='ltr'><strong>te</strong></span> <span class='ocrx_word' id='word_1_629' title='bbox 2556 4001 2834 4065; x_wconf 87' lang='lat' dir='ltr'><strong>deserant,</strong></span> <span class='ocrx_word' id='word_1_630' title='bbox 2859 4000 3018 4070; x_wconf 81' lang='lat' dir='ltr'><strong>alliga</strong></span> <span class='ocrx_word' id='word_1_631' title='bbox 3043 4015 3139 4055; x_wconf 87' lang='lat' dir='ltr'><strong>eas</strong></span> <span class='ocrx_word' id='word_1_632' title='bbox 3160 4000 3304 4055; x_wconf 84' lang='lat' dir='ltr'><strong>collo</strong></span> <span class='ocrx_word' id='word_1_633' title='bbox 3330 4010 3446 4063; x_wconf 85' lang='lat' dir='ltr'><strong>tuo,</strong></span> <span class='ocrx_word' id='word_1_634' title='bbox 3473 4012 3531 4056; x_wconf 90' lang='lat' dir='ltr'><strong>et</strong></span> 
     </span>
    </p>
   </div>
   <div class='ocr_carea' id='block_1_85' title="bbox 1954 4090 3528 4163">
    <p class='ocr_par' dir='ltr' id='par_1_85' title="bbox 1954 4090 3528 4163">
     <span class='ocr_line' id='line_1_85' title="bbox 1954 4090 3528 4163; baseline -0.001 -17"><span class='ocrx_word' id='word_1_635' title='bbox 1954 4092 2207 4147; x_wconf 87' lang='lat' dir='ltr'><strong>invenies</strong></span> <span class='ocrx_word' id='word_1_636' title='bbox 2232 4092 2464 4163; x_wconf 78' lang='lat' dir='ltr'><strong>gratiam</strong></span> <span class='ocrx_word' id='word_1_637' title='bbox 2481 4092 2548 4147; x_wconf 69' lang='grc' dir='ltr'>θ’.</span> <span class='ocrx_word' id='word_1_638' title='bbox 2586 4110 2604 4142; x_wconf 96' lang='grc'><strong>»</strong></span> <span class='ocrx_word' id='word_1_639' title='bbox 2665 4091 2766 4144; x_wconf 87' lang='lat' dir='ltr'><strong>Et:</strong></span> <span class='ocrx_word' id='word_1_640' title='bbox 2805 4110 2822 4141; x_wconf 87' lang='grc' dir='ltr'><strong>ι</strong></span> <span class='ocrx_word' id='word_1_641' title='bbox 2854 4090 3088 4145; x_wconf 88' lang='lat' dir='ltr'><strong>Provide</strong></span> <span class='ocrx_word' id='word_1_642' title='bbox 3142 4091 3286 4146; x_wconf 89' lang='lat' dir='ltr'><strong>bona</strong></span> <span class='ocrx_word' id='word_1_643' title='bbox 3342 4108 3528 4146; x_wconf 89' lang='lat' dir='ltr'><strong>coram</strong></span> 
     </span>
    </p>
   </div>
   <div class='ocr_carea' id='block_1_86' title="bbox 1953 4182 3526 4256">
    <p class='ocr_par' dir='ltr' id='par_1_86' title="bbox 1953 4182 3526 4256">
     <span class='ocr_line' id='line_1_86' title="bbox 1953 4182 3526 4256; baseline -0.002 -17"><span class='ocrx_word' id='word_1_644' title='bbox 1953 4184 2191 4239; x_wconf 89' lang='lat' dir='ltr'><strong>Domino</strong></span> <span class='ocrx_word' id='word_1_645' title='bbox 2217 4183 2698 4239; x_wconf 81' lang='lat' dir='ltr'><strong>ethominibus&quot;.</strong></span> <span class='ocrx_word' id='word_1_646' title='bbox 2736 4201 2754 4234; x_wconf 74' lang='grc' dir='ltr'><strong>ι</strong></span> <span class='ocrx_word' id='word_1_647' title='bbox 2795 4182 2897 4237; x_wconf 87' lang='lat' dir='ltr'><strong>Et:</strong></span> <span class='ocrx_word' id='word_1_648' title='bbox 2941 4200 2960 4233; x_wconf 83' lang='grc' dir='ltr'><strong>ι</strong></span> <span class='ocrx_word' id='word_1_649' title='bbox 2997 4183 3110 4239; x_wconf 63' lang='lat' dir='ltr'><strong>Viae</strong></span> <span class='ocrx_word' id='word_1_650' title='bbox 3149 4184 3426 4256; x_wconf 74' lang='lat' dir='ltr'><strong>iustorum</strong></span> <span class='ocrx_word' id='word_1_651' title='bbox 3470 4195 3526 4241; x_wconf 80' lang='lat' dir='ltr'><strong>ut</strong></span> 
     </span>
    </p>
   </div>
   <div class='ocr_carea' id='block_1_87' title="bbox 1952 4272 3532 4343">
    <p class='ocr_par' dir='ltr' id='par_1_87' title="bbox 1952 4272 3532 4343">
     <span class='ocr_line' id='line_1_87' title="bbox 1952 4272 3532 4343; baseline 0.003 -15"><span class='ocrx_word' id='word_1_652' title='bbox 1952 4272 2047 4328; x_wconf 81' lang='lat' dir='ltr'><strong>lux</strong></span> <span class='ocrx_word' id='word_1_653' title='bbox 2071 4273 2387 4342; x_wconf 88' lang='lat' dir='ltr'><strong>splendent,</strong></span> <span class='ocrx_word' id='word_1_654' title='bbox 2421 4272 2845 4343; x_wconf 84' lang='lat' dir='ltr'><strong>proceduntque</strong></span> <span class='ocrx_word' id='word_1_655' title='bbox 2883 4281 2939 4329; x_wconf 89' lang='lat' dir='ltr'><strong>et</strong></span> <span class='ocrx_word' id='word_1_656' title='bbox 2991 4272 3310 4331; x_wconf 89' lang='lat' dir='ltr'><strong>illuminant</strong></span> <span class='ocrx_word' id='word_1_657' title='bbox 3352 4277 3532 4333; x_wconf 84' lang='lat' dir='ltr'><strong>donec</strong></span> 
     </span>
    </p>
   </div>
   <div class='ocr_carea' id='block_1_88' title="bbox 1954 4362 3524 4425">
    <p class='ocr_par' dir='ltr' id='par_1_88' title="bbox 1954 4362 3524 4425">
     <span class='ocr_line' id='line_1_88' title="bbox 1954 4362 3524 4425; baseline 0.003 -9"><span class='ocrx_word' id='word_1_658' title='bbox 1954 4362 2242 4419; x_wconf 89' lang='lat' dir='ltr'><strong>illucescat</strong></span> <span class='ocrx_word' id='word_1_659' title='bbox 2270 4363 2476 4419; x_wconf 81' lang='lat' dir='ltr'><strong>dies“.</strong></span> <span class='ocrx_word' id='word_1_660' title='bbox 2510 4383 2530 4416; x_wconf 94' lang='grc'><strong>»</strong></span> <span class='ocrx_word' id='word_1_661' title='bbox 2595 4363 2814 4419; x_wconf 83' lang='lat' dir='ltr'><strong>Mandat</strong></span> <span class='ocrx_word' id='word_1_662' title='bbox 2845 4373 3029 4420; x_wconf 89' lang='lat' dir='ltr'><strong>autem</strong></span> <span class='ocrx_word' id='word_1_663' title='bbox 3066 4374 3122 4421; x_wconf 91' lang='lat' dir='ltr'><strong>et</strong></span> <span class='ocrx_word' id='word_1_664' title='bbox 3165 4366 3252 4421; x_wconf 85' lang='lat' dir='ltr'><strong>lex</strong></span> <span class='ocrx_word' id='word_1_665' title='bbox 3300 4367 3524 4425; x_wconf 86' lang='lat' dir='ltr'><strong>dicens;</strong></span> 
     </span>
    </p>
   </div>
   <div class='ocr_carea' id='block_1_89' title="bbox 279 4452 1848 4542">
    <p class='ocr_par' dir='ltr' id='par_1_89' title="bbox 279 4455 1848 4532">
     <span class='ocr_line' id='line_1_89' title="bbox 279 4455 1848 4532; baseline -0.006 -16"><span class='ocrx_word' id='word_1_666' title='bbox 279 4462 727 4532; x_wconf 69' lang='grc' dir='ltr'>Παροιμιαστής²</span> <span class='ocrx_word' id='word_1_667' title='bbox 793 4478 811 4511; x_wconf 90' lang='grc' dir='ltr'><strong>ι</strong></span> <span class='ocrx_word' id='word_1_668' title='bbox 852 4458 1006 4528; x_wconf 80' lang='grc' dir='ltr'>Ζωὴν</span> <span class='ocrx_word' id='word_1_669' title='bbox 1039 4455 1135 4511; x_wconf 89' lang='grc' dir='ltr'><strong>τοῦ</strong></span> <span class='ocrx_word' id='word_1_670' title='bbox 1168 4455 1384 4526; x_wconf 79' lang='grc' dir='ltr'>πτωχοῦ</span> <span class='ocrx_word' id='word_1_671' title='bbox 1436 4457 1513 4525; x_wconf 75' lang='grc' dir='ltr'><strong>μὴ</strong></span> <span class='ocrx_word' id='word_1_672' title='bbox 1542 4457 1848 4527; x_wconf 85' lang='grc' dir='ltr'>ἀποστερή-</span> 
     </span>
    </p>
   </div>
   <div class='ocr_carea' id='block_1_90' title="bbox 1953 4452 3529 4542">
    <p class='ocr_par' dir='ltr' id='par_1_90' title="bbox 1963 4452 3529 4528">
     <span class='ocr_line' id='line_1_90' title="bbox 1963 4452 3529 4528; baseline 0.006 -22"><span class='ocrx_word' id='word_1_673' title='bbox 1963 4472 1982 4506; x_wconf 83' lang='grc' dir='ltr'><strong>ι</strong></span> <span class='ocrx_word' id='word_1_674' title='bbox 2016 4452 2292 4524; x_wconf 79' lang='lat' dir='ltr'><strong>Aperiens</strong></span> <span class='ocrx_word' id='word_1_675' title='bbox 2321 4454 2538 4524; x_wconf 89' lang='lat' dir='ltr'><strong>aperies</strong></span> <span class='ocrx_word' id='word_1_676' title='bbox 2557 4469 2757 4512; x_wconf 82' lang='lat' dir='ltr'><strong>manus</strong></span> <span class='ocrx_word' id='word_1_677' title='bbox 2795 4464 2917 4512; x_wconf 91' lang='lat' dir='ltr'><strong>tuas</strong></span> <span class='ocrx_word' id='word_1_678' title='bbox 2953 4458 3184 4528; x_wconf 88' lang='lat' dir='ltr'><strong>pauperi</strong></span> <span class='ocrx_word' id='word_1_679' title='bbox 3218 4467 3281 4512; x_wconf 89' lang='lat' dir='ltr'><strong>ut</strong></span> <span class='ocrx_word' id='word_1_680' title='bbox 3308 4475 3378 4515; x_wconf 90' lang='lat' dir='ltr'><strong>ne</strong></span> <span class='ocrx_word' id='word_1_681' title='bbox 3417 4461 3529 4515; x_wconf 88' lang='lat' dir='ltr'><strong>cla-</strong></span> 
     </span>
    </p>
   </div>
   <div class='ocr_carea' id='block_1_91' title="bbox 278 4546 1851 4625">
    <p class='ocr_par' dir='ltr' id='par_1_91' title="bbox 278 4546 1851 4625">
     <span class='ocr_line' id='line_1_91' title="bbox 278 4546 1851 4625; baseline -0.004 -21"><span class='ocrx_word' id='word_1_682' title='bbox 278 4568 399 4625; x_wconf 74' lang='grc' dir='ltr'>σῃς.</span> <span class='ocrx_word' id='word_1_683' title='bbox 434 4571 452 4603; x_wconf 96' lang='grc'><strong>»</strong></span> <span class='ocrx_word' id='word_1_684' title='bbox 518 4552 628 4605; x_wconf 79' lang='grc' dir='ltr'>Καί</span> <span class='ocrx_word' id='word_1_685' title='bbox 650 4566 664 4581; x_wconf 85' lang='grc'><strong>·</strong></span> <span class='ocrx_word' id='word_1_686' title='bbox 729 4569 747 4602; x_wconf 86' lang='grc' dir='ltr'><strong>ι</strong></span> <span class='ocrx_word' id='word_1_687' title='bbox 786 4549 982 4619; x_wconf 81' lang='grc' dir='ltr'>Ψυχὴν</span> <span class='ocrx_word' id='word_1_688' title='bbox 1012 4546 1287 4601; x_wconf 86' lang='grc' dir='ltr'>πεινῶσαν</span> <span class='ocrx_word' id='word_1_689' title='bbox 1323 4548 1398 4617; x_wconf 83' lang='grc' dir='ltr'>μὴ</span> <span class='ocrx_word' id='word_1_690' title='bbox 1424 4546 1709 4617; x_wconf 77' lang='grc' dir='ltr'>λυπήσῃς,</span> <span class='ocrx_word' id='word_1_691' title='bbox 1753 4546 1851 4600; x_wconf 73' lang='grc' dir='ltr'>καὶ</span> 
     </span>
    </p>
   </div>
   <div class='ocr_carea' id='block_1_92' title="bbox 279 4632 1850 4712">
    <p class='ocr_par' dir='ltr' id='par_1_92' title="bbox 279 4632 1850 4712">
     <span class='ocr_line' id='line_1_92' title="bbox 279 4632 1850 4712; baseline -0.004 -15"><span class='ocrx_word' id='word_1_692' title='bbox 279 4632 639 4712; x_wconf 63' lang='grc' dir='ltr'>παρελκύσῃςυ</span> <span class='ocrx_word' id='word_1_693' title='bbox 675 4642 827 4697; x_wconf 87' lang='grc' dir='ltr'>δόσιν</span> <span class='ocrx_word' id='word_1_694' title='bbox 871 4639 1255 4710; x_wconf 86' lang='grc' dir='ltr'>ἐπιδεομένου,</span> <span class='ocrx_word' id='word_1_695' title='bbox 1307 4638 1495 4707; x_wconf 72' lang='grc' dir='ltr'>ἱκέτην</span> <span class='ocrx_word' id='word_1_696' title='bbox 1533 4637 1850 4708; x_wconf 77' lang='grc' dir='ltr'>θλιϐόμενον</span> 
     </span>
    </p>
   </div>
   <div class='ocr_carea' id='block_1_93' title="bbox 278 4727 1849 4803">
    <p class='ocr_par' dir='ltr' id='par_1_93' title="bbox 278 4727 1849 4803">
     <span class='ocr_line' id='line_1_93' title="bbox 278 4727 1849 4803; baseline -0.003 -18"><span class='ocrx_word' id='word_1_697' title='bbox 278 4733 356 4803; x_wconf 82' lang='grc' dir='ltr'>μὴ</span> <span class='ocrx_word' id='word_1_698' title='bbox 382 4734 705 4798; x_wconf 83' lang='grc' dir='ltr'>ἁπαναίνου,</span> <span class='ocrx_word' id='word_1_699' title='bbox 739 4733 834 4786; x_wconf 77' lang='grc' dir='ltr'><strong>καὶ</strong></span> <span class='ocrx_word' id='word_1_700' title='bbox 869 4731 943 4803; x_wconf 85' lang='grc' dir='ltr'>μὴ</span> <span class='ocrx_word' id='word_1_701' title='bbox 969 4730 1322 4802; x_wconf 68' lang='grc' dir='ltr'>άποστρέψῃς</span> <span class='ocrx_word' id='word_1_702' title='bbox 1350 4728 1413 4781; x_wconf 79' lang='grc' dir='ltr'><strong>τὸ</strong></span> <span class='ocrx_word' id='word_1_703' title='bbox 1436 4727 1730 4798; x_wconf 83' lang='grc' dir='ltr'>πρόσωπόν</span> <span class='ocrx_word' id='word_1_704' title='bbox 1754 4744 1849 4780; x_wconf 91' lang='grc' dir='ltr'><strong>σου</strong></span> 
     </span>
    </p>
   </div>
   <div class='ocr_carea' id='block_1_94' title="bbox 273 4820 1849 4896">
    <p class='ocr_par' dir='ltr' id='par_1_94' title="bbox 273 4820 1849 4896">
     <span class='ocr_line' id='line_1_94' title="bbox 273 4820 1849 4896; baseline -0.006 -16"><span class='ocrx_word' id='word_1_705' title='bbox 273 4825 385 4880; x_wconf 79' lang='grc' dir='ltr'><strong>ἀπὸ</strong></span> <span class='ocrx_word' id='word_1_706' title='bbox 410 4825 692 4896; x_wconf 89' lang='grc' dir='ltr'>πτωχοῦ.»</span> <span class='ocrx_word' id='word_1_707' title='bbox 731 4825 842 4878; x_wconf 91' lang='lat' dir='ltr'><strong>Kal</strong></span> <span class='ocrx_word' id='word_1_708' title='bbox 868 4825 1031 4879; x_wconf 90' lang='grc' dir='ltr'>πάλιν</span> <span class='ocrx_word' id='word_1_709' title='bbox 1052 4840 1066 4854; x_wconf 91' lang='grc'><strong>·</strong></span> <span class='ocrx_word' id='word_1_710' title='bbox 1121 4842 1139 4876; x_wconf 85' lang='grc' dir='ltr'><strong>ι</strong></span> <span class='ocrx_word' id='word_1_711' title='bbox 1169 4823 1248 4892; x_wconf 83' lang='grc' dir='ltr'><strong>Τῇ</strong></span> <span class='ocrx_word' id='word_1_712' title='bbox 1278 4821 1425 4892; x_wconf 77' lang='grc' dir='ltr'>ψυχῇ</span> <span class='ocrx_word' id='word_1_713' title='bbox 1450 4820 1617 4873; x_wconf 85' lang='grc' dir='ltr'>αὑτοῦ</span> <span class='ocrx_word' id='word_1_714' title='bbox 1644 4821 1849 4887; x_wconf 81' lang='grc' dir='ltr'>ἀγαθο-</span> 
     </span>
    </p>
   </div>
   <div class='ocr_carea' id='block_1_95' title="bbox 274 4900 1849 4986">
    <p class='ocr_par' dir='ltr' id='par_1_95' title="bbox 274 4900 1849 4986">
     <span class='ocr_line' id='line_1_95' title="bbox 274 4900 1849 4986; baseline -0.003 -18"><span class='ocrx_word' id='word_1_715' title='bbox 274 4917 423 4968; x_wconf 70' lang='grc' dir='ltr'>ποιεῖ</span> <span class='ocrx_word' id='word_1_716' title='bbox 461 4915 606 4986; x_wconf 82' lang='grc' dir='ltr'>ἀνὴρ</span> <span class='ocrx_word' id='word_1_717' title='bbox 649 4916 906 4985; x_wconf 82' lang='grc' dir='ltr'>ἐλεήμων</span> <span class='ocrx_word' id='word_1_718' title='bbox 929 4956 942 4980; x_wconf 88' lang='grc'><strong>,</strong></span> <span class='ocrx_word' id='word_1_719' title='bbox 999 4912 1251 4980; x_wconf 77' lang='grc' dir='ltr'>ἐξόλλυσι</span> <span class='ocrx_word' id='word_1_720' title='bbox 1283 4912 1340 4965; x_wconf 85' lang='grc' dir='ltr'><strong>δὲ</strong></span> <span class='ocrx_word' id='word_1_721' title='bbox 1376 4911 1439 4965; x_wconf 82' lang='grc' dir='ltr'><strong>τὸ</strong></span> <span class='ocrx_word' id='word_1_722' title='bbox 1466 4910 1663 4966; x_wconf 78' lang='grc' dir='ltr'>ἑαυτοῦ</span> <span class='ocrx_word' id='word_1_723' title='bbox 1689 4900 1849 4982; x_wconf 81' lang='grc' dir='ltr'>σῶμα</span> 
     </span>
    </p>
   </div>
   <div class='ocr_carea' id='block_1_96' title="bbox 273 5001 1849 5083">
    <p class='ocr_par' dir='ltr' id='par_1_96' title="bbox 273 5001 1849 5083">
     <span class='ocr_line' id='line_1_96' title="bbox 273 5001 1849 5083; baseline -0.002 -27"><span class='ocrx_word' id='word_1_724' title='bbox 273 5003 613 5074; x_wconf 83' lang='grc' dir='ltr'>ἁνελεήμων.</span> <span class='ocrx_word' id='word_1_725' title='bbox 638 5022 658 5056; x_wconf 93' lang='grc'><strong>»</strong></span> <span class='ocrx_word' id='word_1_726' title='bbox 697 5004 809 5057; x_wconf 86' lang='lat' dir='ltr'><strong>Kal</strong></span> <span class='ocrx_word' id='word_1_727' title='bbox 837 5006 865 5058; x_wconf 92' lang='lat'><strong>6</strong></span> <span class='ocrx_word' id='word_1_728' title='bbox 895 5003 1180 5083; x_wconf 74' lang='grc' dir='ltr'>προφήτης</span> <span class='ocrx_word' id='word_1_729' title='bbox 1222 5004 1398 5073; x_wconf 83' lang='grc' dir='ltr'>Ὠσηέ’</span> <span class='ocrx_word' id='word_1_730' title='bbox 1420 5020 1439 5052; x_wconf 85' lang='grc' dir='ltr'><strong>ι</strong></span> <span class='ocrx_word' id='word_1_731' title='bbox 1466 5001 1734 5073; x_wconf 86' lang='grc' dir='ltr'>Σπείρατε</span> <span class='ocrx_word' id='word_1_732' title='bbox 1770 5001 1849 5063; x_wconf 88' lang='grc' dir='ltr'><strong>είς</strong></span> 
     </span>
    </p>
   </div>
   <div class='ocr_carea' id='block_1_97' title="bbox 272 5094 1850 5167">
    <p class='ocr_par' dir='ltr' id='par_1_97' title="bbox 272 5094 1850 5167">
     <span class='ocr_line' id='line_1_97' title="bbox 272 5094 1850 5167; baseline 0 -19"><span class='ocrx_word' id='word_1_733' title='bbox 272 5094 661 5167; x_wconf 88' lang='grc' dir='ltr'>δικαιοσύνην,</span> <span class='ocrx_word' id='word_1_734' title='bbox 715 5095 813 5150; x_wconf 73' lang='grc' dir='ltr'>καὶ</span> <span class='ocrx_word' id='word_1_735' title='bbox 854 5095 1034 5159; x_wconf 73' lang='grc' dir='ltr'>ἔλεον,</span> <span class='ocrx_word' id='word_1_736' title='bbox 1079 5094 1176 5160; x_wconf 81' lang='grc' dir='ltr'>καὶ</span> <span class='ocrx_word' id='word_1_737' title='bbox 1204 5098 1382 5167; x_wconf 77' lang='grc' dir='ltr'>κρῖμα</span> <span class='ocrx_word' id='word_1_738' title='bbox 1411 5096 1713 5166; x_wconf 82' lang='grc' dir='ltr'>φυλάσσου,</span> <span class='ocrx_word' id='word_1_739' title='bbox 1752 5094 1850 5149; x_wconf 78' lang='grc' dir='ltr'><strong>καὶ</strong></span> 
     </span>
    </p>
   </div>
   <div class='ocr_carea' id='block_1_98' title="bbox 272 5185 1850 5258">
    <p class='ocr_par' dir='ltr' id='par_1_98' title="bbox 272 5185 1850 5258">
     <span class='ocr_line' id='line_1_98' title="bbox 272 5185 1850 5258; baseline 0 -18"><span class='ocrx_word' id='word_1_740' title='bbox 272 5186 465 5255; x_wconf 72' lang='grc' dir='ltr'>ἔγγιζε</span> <span class='ocrx_word' id='word_1_741' title='bbox 500 5189 635 5258; x_wconf 83' lang='grc' dir='ltr'>πρὸς</span> <span class='ocrx_word' id='word_1_742' title='bbox 659 5188 750 5242; x_wconf 82' lang='grc' dir='ltr'><strong>τὸν</strong></span> <span class='ocrx_word' id='word_1_743' title='bbox 777 5187 912 5241; x_wconf 80' lang='grc' dir='ltr'>Θεόν</span> <span class='ocrx_word' id='word_1_744' title='bbox 936 5203 1030 5239; x_wconf 91' lang='grc' dir='ltr'><strong>σου</strong></span> <span class='ocrx_word' id='word_1_745' title='bbox 1061 5186 1150 5240; x_wconf 76' lang='grc' dir='ltr'><strong>διὰ</strong></span> <span class='ocrx_word' id='word_1_746' title='bbox 1176 5187 1430 5250; x_wconf 84' lang='grc' dir='ltr'>παντός.»</span> <span class='ocrx_word' id='word_1_747' title='bbox 1465 5188 1576 5241; x_wconf 79' lang='lat' dir='ltr'><strong>Kal</strong></span> <span class='ocrx_word' id='word_1_748' title='bbox 1600 5189 1628 5240; x_wconf 93' lang='lat'><strong>6</strong></span> <span class='ocrx_word' id='word_1_749' title='bbox 1650 5185 1850 5257; x_wconf 80' lang='grc' dir='ltr'>Δανιὴλ</span> 
     </span>
    </p>
   </div>
   <div class='ocr_carea' id='block_1_99' title="bbox 272 5276 1851 5350">
    <p class='ocr_par' dir='ltr' id='par_1_99' title="bbox 272 5276 1851 5350">
     <span class='ocr_line' id='line_1_99' title="bbox 272 5276 1851 5350; baseline 0.001 -18"><span class='ocrx_word' id='word_1_750' title='bbox 272 5278 353 5348; x_wconf 79' lang='grc' dir='ltr'>τῷ</span> <span class='ocrx_word' id='word_1_751' title='bbox 377 5279 868 5350; x_wconf 78' lang='grc' dir='ltr'>Ναϐουχοδονόσωρ</span> <span class='ocrx_word' id='word_1_752' title='bbox 891 5295 907 5312; x_wconf 87' lang='grc'>·</span> <span class='ocrx_word' id='word_1_753' title='bbox 932 5297 957 5331; x_wconf 74' lang='grc' dir='ltr'><strong>ι</strong></span> <span class='ocrx_word' id='word_1_754' title='bbox 977 5277 1041 5331; x_wconf 87' lang='grc' dir='ltr'><strong>Ἡ</strong></span> <span class='ocrx_word' id='word_1_755' title='bbox 1076 5276 1238 5349; x_wconf 76' lang='grc' dir='ltr'>βουλή</span> <span class='ocrx_word' id='word_1_756' title='bbox 1271 5296 1396 5349; x_wconf 91' lang='grc' dir='ltr'>μου,</span> <span class='ocrx_word' id='word_1_757' title='bbox 1428 5279 1614 5349; x_wconf 76' lang='grc' dir='ltr'>φησὶν,</span> <span class='ocrx_word' id='word_1_758' title='bbox 1648 5279 1851 5350; x_wconf 72' lang='grc' dir='ltr'>ἀρεσά-</span> 
     </span>
    </p>
   </div>
   <div class='ocr_carea' id='block_1_100' title="bbox 269 5370 1847 5442">
    <p class='ocr_par' dir='ltr' id='par_1_100' title="bbox 269 5370 1847 5442">
     <span class='ocr_line' id='line_1_100' title="bbox 269 5370 1847 5442; baseline 0.001 -19"><span class='ocrx_word' id='word_1_759' title='bbox 269 5387 354 5423; x_wconf 78' lang='grc' dir='ltr'><strong>τω</strong></span> <span class='ocrx_word' id='word_1_760' title='bbox 381 5387 486 5436; x_wconf 76' lang='grc' dir='ltr'>σοι,</span> <span class='ocrx_word' id='word_1_761' title='bbox 522 5371 768 5442; x_wconf 82' lang='grc' dir='ltr'>βασιλεῦ,</span> <span class='ocrx_word' id='word_1_762' title='bbox 795 5371 894 5433; x_wconf 71' lang='grc' dir='ltr'>τὰς</span> <span class='ocrx_word' id='word_1_763' title='bbox 922 5371 1202 5440; x_wconf 88' lang='grc' dir='ltr'>ἁμαρτίας</span> <span class='ocrx_word' id='word_1_764' title='bbox 1229 5387 1324 5422; x_wconf 91' lang='grc' dir='ltr'><strong>σου</strong></span> <span class='ocrx_word' id='word_1_765' title='bbox 1359 5371 1418 5421; x_wconf 88' lang='grc' dir='ltr'><strong>ἐν</strong></span> <span class='ocrx_word' id='word_1_766' title='bbox 1446 5370 1847 5441; x_wconf 82' lang='grc' dir='ltr'>ἐλεημοσύναις</span> 
     </span>
    </p>
   </div>
   <div class='ocr_carea' id='block_1_101' title="bbox 274 5459 1846 5531">
    <p class='ocr_par' dir='ltr' id='par_1_101' title="bbox 274 5459 1846 5531">
     <span class='ocr_line' id='line_1_101' title="bbox 274 5459 1846 5531; baseline 0.001 -19"><span class='ocrx_word' id='word_1_767' title='bbox 274 5459 575 5531; x_wconf 80' lang='grc' dir='ltr'>λύτρωσαι,</span> <span class='ocrx_word' id='word_1_768' title='bbox 610 5461 706 5514; x_wconf 74' lang='grc' dir='ltr'>καὶ</span> <span class='ocrx_word' id='word_1_769' title='bbox 734 5460 833 5524; x_wconf 84' lang='grc' dir='ltr'>τὰς</span> <span class='ocrx_word' id='word_1_770' title='bbox 859 5460 1071 5523; x_wconf 80' lang='grc' dir='ltr'>ἀδικίας</span> <span class='ocrx_word' id='word_1_771' title='bbox 1104 5476 1201 5512; x_wconf 89' lang='grc' dir='ltr'><strong>σου</strong></span> <span class='ocrx_word' id='word_1_772' title='bbox 1258 5462 1314 5513; x_wconf 87' lang='grc' dir='ltr'><strong>ἐν</strong></span> <span class='ocrx_word' id='word_1_773' title='bbox 1344 5461 1653 5529; x_wconf 76' lang='grc' dir='ltr'>οἰκτιρμοίς</span> <span class='ocrx_word' id='word_1_774' title='bbox 1681 5464 1846 5514; x_wconf 69' lang='grc' dir='ltr'>πενή-</span> 
     </span>
    </p>
   </div>
   <div class='ocr_carea' id='block_1_102' title="bbox 1956 4545 3529 4608">
    <p class='ocr_par' dir='ltr' id='par_1_102' title="bbox 1956 4545 3529 4608">
     <span class='ocr_line' id='line_1_102' title="bbox 1956 4545 3529 4608; baseline 0.006 -9"><span class='ocrx_word' id='word_1_775' title='bbox 1956 4555 2074 4599; x_wconf 87' lang='lat' dir='ltr'><strong>met</strong></span> <span class='ocrx_word' id='word_1_776' title='bbox 2093 4553 2291 4600; x_wconf 87' lang='lat' dir='ltr'><strong>contra</strong></span> <span class='ocrx_word' id='word_1_777' title='bbox 2324 4553 2378 4600; x_wconf 92' lang='lat' dir='ltr'><strong>te</strong></span> <span class='ocrx_word' id='word_1_778' title='bbox 2399 4545 2468 4600; x_wconf 89' lang='lat' dir='ltr'><strong>ad</strong></span> <span class='ocrx_word' id='word_1_779' title='bbox 2491 4547 2789 4602; x_wconf 89' lang='lat' dir='ltr'><strong>Dominum</strong></span> <span class='ocrx_word' id='word_1_780' title='bbox 2812 4548 2880 4603; x_wconf 74' lang='grc' dir='ltr'><strong>τ’.</strong></span> <span class='ocrx_word' id='word_1_781' title='bbox 2919 4567 2939 4601; x_wconf 97' lang='grc'><strong>»</strong></span> <span class='ocrx_word' id='word_1_782' title='bbox 2962 4549 3354 4606; x_wconf 72' lang='lat' dir='ltr'><strong>Parcemiastes</strong></span> <span class='ocrx_word' id='word_1_783' title='bbox 3376 4568 3529 4608; x_wconf 90' lang='lat' dir='ltr'><strong>vero:</strong></span> 
     </span>
    </p>
   </div>
   <div class='ocr_carea' id='block_1_103' title="bbox 1962 4639 3532 4710">
    <p class='ocr_par' dir='ltr' id='par_1_103' title="bbox 1962 4639 3532 4710">
     <span class='ocr_line' id='line_1_103' title="bbox 1962 4639 3532 4710; baseline 0.006 -17"><span class='ocrx_word' id='word_1_784' title='bbox 1962 4659 1981 4692; x_wconf 83' lang='grc' dir='ltr'><strong>ι</strong></span> <span class='ocrx_word' id='word_1_785' title='bbox 2016 4639 2197 4695; x_wconf 82' lang='lat' dir='ltr'><strong>Vitam</strong></span> <span class='ocrx_word' id='word_1_786' title='bbox 2228 4641 2491 4710; x_wconf 87' lang='lat' dir='ltr'><strong>pauperis</strong></span> <span class='ocrx_word' id='word_1_787' title='bbox 2513 4657 2585 4696; x_wconf 86' lang='lat' dir='ltr'><strong>ne</strong></span> <span class='ocrx_word' id='word_1_788' title='bbox 2615 4641 2998 4699; x_wconf 75' lang='lat' dir='ltr'><strong>defraudes&quot;.</strong></span> <span class='ocrx_word' id='word_1_789' title='bbox 3033 4662 3054 4696; x_wconf 94' lang='grc'><strong>»</strong></span> <span class='ocrx_word' id='word_1_790' title='bbox 3082 4644 3186 4698; x_wconf 88' lang='lat' dir='ltr'><strong>Et:</strong></span> <span class='ocrx_word' id='word_1_791' title='bbox 3224 4663 3244 4697; x_wconf 83' lang='grc' dir='ltr'><strong>ι</strong></span> <span class='ocrx_word' id='word_1_792' title='bbox 3276 4644 3532 4702; x_wconf 80' lang='lat' dir='ltr'><strong>Animam</strong></span> 
     </span>
    </p>
   </div>
   <div class='ocr_carea' id='block_1_104' title="bbox 1954 4732 3529 4807">
    <p class='ocr_par' dir='ltr' id='par_1_104' title="bbox 1954 4732 3529 4807">
     <span class='ocr_line' id='line_1_104' title="bbox 1954 4732 3529 4807; baseline 0.004 -19"><span class='ocrx_word' id='word_1_793' title='bbox 1954 4732 2265 4789; x_wconf 88' lang='lat' dir='ltr'><strong>esurientis</strong></span> <span class='ocrx_word' id='word_1_794' title='bbox 2283 4748 2355 4788; x_wconf 89' lang='lat' dir='ltr'><strong>ne</strong></span> <span class='ocrx_word' id='word_1_795' title='bbox 2373 4733 2810 4807; x_wconf 53' lang='lat' dir='ltr'><strong>contristaverip,</strong></span> <span class='ocrx_word' id='word_1_796' title='bbox 2834 4744 2891 4789; x_wconf 88' lang='lat' dir='ltr'><strong>et</strong></span> <span class='ocrx_word' id='word_1_797' title='bbox 2910 4751 2982 4791; x_wconf 88' lang='lat' dir='ltr'><strong>ne</strong></span> <span class='ocrx_word' id='word_1_798' title='bbox 3004 4737 3305 4793; x_wconf 78' lang='lat' dir='ltr'><strong>retraxeris</strong></span> <span class='ocrx_word' id='word_1_799' title='bbox 3321 4738 3529 4794; x_wconf 89' lang='lat' dir='ltr'><strong>donum</strong></span> 
     </span>
    </p>
   </div>
   <div class='ocr_carea' id='block_1_105' title="bbox 1954 4825 3531 4898">
    <p class='ocr_par' dir='ltr' id='par_1_105' title="bbox 1954 4825 3531 4898">
     <span class='ocr_line' id='line_1_105' title="bbox 1954 4825 3531 4898; baseline 0.006 -19"><span class='ocrx_word' id='word_1_800' title='bbox 1954 4826 2025 4879; x_wconf 90' lang='lat' dir='ltr'><strong>ab</strong></span> <span class='ocrx_word' id='word_1_801' title='bbox 2059 4825 2379 4896; x_wconf 79' lang='lat' dir='ltr'><strong>indigente:</strong></span> <span class='ocrx_word' id='word_1_802' title='bbox 2413 4826 2680 4881; x_wconf 84' lang='lat' dir='ltr'><strong>famulum</strong></span> <span class='ocrx_word' id='word_1_803' title='bbox 2706 4826 2968 4883; x_wconf 75' lang='lat' dir='ltr'><strong>afﬂictum</strong></span> <span class='ocrx_word' id='word_1_804' title='bbox 3002 4844 3073 4883; x_wconf 89' lang='lat' dir='ltr'><strong>ne</strong></span> <span class='ocrx_word' id='word_1_805' title='bbox 3102 4828 3352 4898; x_wconf 84' lang='lat' dir='ltr'><strong>abjicias,</strong></span> <span class='ocrx_word' id='word_1_806' title='bbox 3384 4840 3531 4887; x_wconf 83' lang='lat' dir='ltr'><strong>etne</strong></span> 
     </span>
    </p>
   </div>
   <div class='ocr_carea' id='block_1_106' title="bbox 1954 4916 3527 4989">
    <p class='ocr_par' dir='ltr' id='par_1_106' title="bbox 1954 4916 3527 4989">
     <span class='ocr_line' id='line_1_106' title="bbox 1954 4916 3527 4989; baseline 0.006 -19"><span class='ocrx_word' id='word_1_807' title='bbox 1954 4924 2176 4971; x_wconf 87' lang='lat' dir='ltr'><strong>avertas</strong></span> <span class='ocrx_word' id='word_1_808' title='bbox 2234 4916 2434 4972; x_wconf 88' lang='lat' dir='ltr'><strong>faciem</strong></span> <span class='ocrx_word' id='word_1_809' title='bbox 2482 4927 2632 4974; x_wconf 87' lang='lat' dir='ltr'><strong>tuam</strong></span> <span class='ocrx_word' id='word_1_810' title='bbox 2691 4934 2722 4974; x_wconf 93' lang='lat' dir='ltr'><strong>a</strong></span> <span class='ocrx_word' id='word_1_811' title='bbox 2776 4934 3022 4989; x_wconf 86' lang='lat' dir='ltr'><strong>paupere</strong></span> <span class='ocrx_word' id='word_1_812' title='bbox 3059 4920 3138 4975; x_wconf 76' lang='grc'><strong>⁷⁸.</strong></span> <span class='ocrx_word' id='word_1_813' title='bbox 3197 4939 3217 4972; x_wconf 78' lang='grc' dir='ltr'><strong>ι</strong></span> <span class='ocrx_word' id='word_1_814' title='bbox 3283 4921 3527 4980; x_wconf 87' lang='lat' dir='ltr'><strong>lterum:</strong></span> 
     </span>
    </p>
   </div>
   <div class='ocr_carea' id='block_1_107' title="bbox 1959 5007 3528 5083">
    <p class='ocr_par' dir='ltr' id='par_1_107' title="bbox 1959 5007 3528 5083">
     <span class='ocr_line' id='line_1_107' title="bbox 1959 5007 3528 5083; baseline 0.007 -25"><span class='ocrx_word' id='word_1_815' title='bbox 1959 5025 1978 5058; x_wconf 79' lang='grc' dir='ltr'><strong>ι</strong></span> <span class='ocrx_word' id='word_1_816' title='bbox 2000 5007 2213 5064; x_wconf 71' lang='lat' dir='ltr'><strong>Anima:</strong></span> <span class='ocrx_word' id='word_1_817' title='bbox 2234 5024 2348 5065; x_wconf 72' lang='lat' dir='ltr'><strong>suae</strong></span> <span class='ocrx_word' id='word_1_818' title='bbox 2370 5009 2649 5065; x_wconf 88' lang='lat' dir='ltr'><strong>benefacit</strong></span> <span class='ocrx_word' id='word_1_819' title='bbox 2670 5010 2755 5066; x_wconf 84' lang='lat' dir='ltr'><strong>vir</strong></span> <span class='ocrx_word' id='word_1_820' title='bbox 2768 5009 3110 5078; x_wconf 86' lang='lat' dir='ltr'><strong>misericors,</strong></span> <span class='ocrx_word' id='word_1_821' title='bbox 3137 5013 3323 5083; x_wconf 87' lang='lat' dir='ltr'><strong>perdit</strong></span> <span class='ocrx_word' id='word_1_822' title='bbox 3343 5025 3528 5071; x_wconf 88' lang='lat' dir='ltr'><strong>autem</strong></span> 
     </span>
    </p>
   </div>
   <div class='ocr_carea' id='block_1_108' title="bbox 1953 5100 3527 5175">
    <p class='ocr_par' dir='ltr' id='par_1_108' title="bbox 1953 5100 3527 5175">
     <span class='ocr_line' id='line_1_108' title="bbox 1953 5100 3527 5175; baseline 0.006 -22"><span class='ocrx_word' id='word_1_823' title='bbox 1953 5113 2118 5153; x_wconf 89' lang='lat' dir='ltr'><strong>suum</strong></span> <span class='ocrx_word' id='word_1_824' title='bbox 2175 5115 2382 5171; x_wconf 90' lang='lat' dir='ltr'><strong>corpus</strong></span> <span class='ocrx_word' id='word_1_825' title='bbox 2433 5100 2917 5157; x_wconf 75' lang='lat' dir='ltr'><strong>immisericors”.</strong></span> <span class='ocrx_word' id='word_1_826' title='bbox 2955 5121 2976 5154; x_wconf 93' lang='grc'><strong>»</strong></span> <span class='ocrx_word' id='word_1_827' title='bbox 3033 5104 3307 5175; x_wconf 84' lang='lat' dir='ltr'><strong>Propheta</strong></span> <span class='ocrx_word' id='word_1_828' title='bbox 3354 5104 3527 5162; x_wconf 78' lang='lat' dir='ltr'><strong>Osee:</strong></span> 
     </span>
    </p>
   </div>
   <div class='ocr_carea' id='block_1_109' title="bbox 1959 5189 3530 5266">
    <p class='ocr_par' dir='ltr' id='par_1_109' title="bbox 1959 5189 3530 5266">
     <span class='ocr_line' id='line_1_109' title="bbox 1959 5189 3530 5266; baseline 0.008 -26"><span class='ocrx_word' id='word_1_829' title='bbox 1959 5207 1976 5240; x_wconf 83' lang='grc' dir='ltr'><strong>ι</strong></span> <span class='ocrx_word' id='word_1_830' title='bbox 2011 5189 2233 5245; x_wconf 86' lang='lat' dir='ltr'><strong>Semina</strong></span> <span class='ocrx_word' id='word_1_831' title='bbox 2267 5192 2324 5245; x_wconf 89' lang='lat' dir='ltr'><strong>in</strong></span> <span class='ocrx_word' id='word_1_832' title='bbox 2368 5192 2589 5261; x_wconf 86' lang='lat' dir='ltr'><strong>justitia</strong></span> <span class='ocrx_word' id='word_1_833' title='bbox 2631 5194 3096 5259; x_wconf 88' lang='lat' dir='ltr'><strong>misericordiam,</strong></span> <span class='ocrx_word' id='word_1_834' title='bbox 3154 5205 3211 5250; x_wconf 90' lang='lat' dir='ltr'><strong>et</strong></span> <span class='ocrx_word' id='word_1_835' title='bbox 3259 5197 3530 5266; x_wconf 82' lang='lat' dir='ltr'><strong>judicium</strong></span> 
     </span>
    </p>
   </div>
   <div class='ocr_carea' id='block_1_110' title="bbox 1953 5281 3525 5359">
    <p class='ocr_par' dir='ltr' id='par_1_110' title="bbox 1953 5281 3525 5359">
     <span class='ocr_line' id='line_1_110' title="bbox 1953 5281 3525 5359; baseline 0.004 -23"><span class='ocrx_word' id='word_1_836' title='bbox 1953 5281 2199 5347; x_wconf 90' lang='lat' dir='ltr'><strong>custodi,</strong></span> <span class='ocrx_word' id='word_1_837' title='bbox 2218 5291 2275 5337; x_wconf 90' lang='lat' dir='ltr'><strong>et</strong></span> <span class='ocrx_word' id='word_1_838' title='bbox 2298 5284 2684 5353; x_wconf 81' lang='lat' dir='ltr'><strong>apprOpinqua</strong></span> <span class='ocrx_word' id='word_1_839' title='bbox 2709 5284 2776 5339; x_wconf 86' lang='lat' dir='ltr'><strong>ad</strong></span> <span class='ocrx_word' id='word_1_840' title='bbox 2795 5286 2967 5340; x_wconf 90' lang='lat' dir='ltr'><strong>Deum</strong></span> <span class='ocrx_word' id='word_1_841' title='bbox 2992 5294 3149 5341; x_wconf 87' lang='lat' dir='ltr'><strong>tuum</strong></span> <span class='ocrx_word' id='word_1_842' title='bbox 3174 5292 3476 5359; x_wconf 84' lang='lat' dir='ltr'><strong>semper&quot;.</strong></span> <span class='ocrx_word' id='word_1_843' title='bbox 3507 5311 3525 5342; x_wconf 88' lang='grc'><strong>»</strong></span> 
     </span>
    </p>
   </div>
   <div class='ocr_carea' id='block_1_111' title="bbox 1956 5374 3528 5457">
    <p class='ocr_par' dir='ltr' id='par_1_111' title="bbox 1956 5374 3528 5457">
     <span class='ocr_line' id='line_1_111' title="bbox 1956 5374 3528 5457; baseline 0.006 -28"><span class='ocrx_word' id='word_1_844' title='bbox 1956 5374 2148 5429; x_wconf 90' lang='lat' dir='ltr'><strong>Daniel</strong></span> <span class='ocrx_word' id='word_1_845' title='bbox 2175 5390 2399 5457; x_wconf 82' lang='lat' dir='ltr'><strong>quoque</strong></span> <span class='ocrx_word' id='word_1_846' title='bbox 2456 5377 2972 5435; x_wconf 87' lang='lat' dir='ltr'><strong>Nabuchodonosor</strong></span> <span class='ocrx_word' id='word_1_847' title='bbox 3014 5380 3126 5435; x_wconf 88' lang='lat' dir='ltr'><strong>ait:</strong></span> <span class='ocrx_word' id='word_1_848' title='bbox 3172 5399 3192 5432; x_wconf 83' lang='grc' dir='ltr'><strong>ι</strong></span> <span class='ocrx_word' id='word_1_849' title='bbox 3223 5380 3528 5439; x_wconf 90' lang='lat' dir='ltr'><strong>Consilium</strong></span> 
     </span>
    </p>
   </div>
   <div class='ocr_carea' id='block_1_112' title="bbox 1956 5466 3531 5547">
    <p class='ocr_par' dir='ltr' id='par_1_112' title="bbox 1956 5466 3531 5547">
     <span class='ocr_line' id='line_1_112' title="bbox 1956 5466 3531 5547; baseline 0.008 -29"><span class='ocrx_word' id='word_1_850' title='bbox 1956 5480 2140 5520; x_wconf 89' lang='lat' dir='ltr'><strong>meum</strong></span> <span class='ocrx_word' id='word_1_851' title='bbox 2167 5466 2384 5535; x_wconf 89' lang='lat' dir='ltr'><strong>placeat</strong></span> <span class='ocrx_word' id='word_1_852' title='bbox 2413 5468 2535 5534; x_wconf 88' lang='lat' dir='ltr'><strong>tibi,</strong></span> <span class='ocrx_word' id='word_1_853' title='bbox 2565 5484 2598 5523; x_wconf 93' lang='grc' dir='ltr'><strong>ο</strong></span> <span class='ocrx_word' id='word_1_854' title='bbox 2616 5485 2713 5525; x_wconf 81' lang='lat' dir='ltr'><strong>rex</strong></span> <span class='ocrx_word' id='word_1_855' title='bbox 2751 5488 2764 5524; x_wconf 94' lang='lat'><strong>:</strong></span> <span class='ocrx_word' id='word_1_856' title='bbox 2798 5479 3021 5540; x_wconf 87' lang='lat' dir='ltr'><strong>peccata</strong></span> <span class='ocrx_word' id='word_1_857' title='bbox 3050 5480 3142 5527; x_wconf 88' lang='lat' dir='ltr'><strong>tua</strong></span> <span class='ocrx_word' id='word_1_858' title='bbox 3160 5473 3531 5547; x_wconf 81' lang='lat' dir='ltr'><strong>eleemosynis</strong></span> 
     </span>
    </p>
   </div>
   <div class='ocr_carea' id='block_1_113' title="bbox 347 5626 1848 5713">
    <p class='ocr_par' dir='ltr' id='par_1_113' title="bbox 347 5626 1848 5713">
     <span class='ocr_line' id='line_1_113' title="bbox 347 5626 1848 5713; baseline 0.006 -20"><span class='ocrx_word' id='word_1_859' title='bbox 347 5638 529 5713; x_wconf 46' lang='lat' dir='ltr'><strong>“lea.</strong></span> <span class='ocrx_word' id='word_1_860' title='bbox 572 5657 720 5706; x_wconf 81' lang='lat' dir='ltr'><strong>Lvm,</strong></span> <span class='ocrx_word' id='word_1_861' title='bbox 758 5642 843 5705; x_wconf 81' lang='grc'><strong>10,</strong></span> <span class='ocrx_word' id='word_1_862' title='bbox 892 5643 977 5698; x_wconf 85' lang='lat' dir='ltr'><strong>ll.</strong></span> <span class='ocrx_word' id='word_1_863' title='bbox 1056 5643 1106 5675; x_wconf 59' lang='grc' dir='ltr'>Ἠ</span> <span class='ocrx_word' id='word_1_864' title='bbox 1134 5642 1302 5699; x_wconf 62' lang='lat' dir='ltr'><strong>Hebr.</strong></span> <span class='ocrx_word' id='word_1_865' title='bbox 1350 5626 1469 5701; x_wconf 75' lang='lat' dir='ltr'><strong>xui.</strong></span> <span class='ocrx_word' id='word_1_866' title='bbox 1504 5645 1556 5709; x_wconf 76' lang='lat' dir='ltr'><strong>l,</strong></span> <span class='ocrx_word' id='word_1_867' title='bbox 1591 5645 1646 5701; x_wconf 73' lang='lat'><strong>2.</strong></span> <span class='ocrx_word' id='word_1_868' title='bbox 1720 5646 1764 5680; x_wconf 69' lang='grc' dir='ltr'>θ’</span> <span class='ocrx_word' id='word_1_869' title='bbox 1797 5648 1848 5702; x_wconf 89' lang='lat' dir='ltr'><strong>ib</strong></span> 
     </span>
    </p>
   </div>
   <div class='ocr_carea' id='block_1_114' title="bbox 1953 5626 3533 5713">
    <p class='ocr_par' dir='ltr' id='par_1_114' title="bbox 1953 5646 3533 5713">
     <span class='ocr_line' id='line_1_114' title="bbox 1953 5646 3533 5713; baseline -0.003 -9"><span class='ocrx_word' id='word_1_870' title='bbox 1953 5648 2029 5704; x_wconf 86' lang='lat' dir='ltr'><strong>l6.</strong></span> <span class='ocrx_word' id='word_1_871' title='bbox 2091 5648 2182 5703; x_wconf 84' lang='grc'><strong>⁸³1</strong></span> <span class='ocrx_word' id='word_1_872' title='bbox 2225 5646 2368 5703; x_wconf 87' lang='lat' dir='ltr'><strong>Pelr.</strong></span> <span class='ocrx_word' id='word_1_873' title='bbox 2404 5664 2477 5706; x_wconf 88' lang='lat' dir='ltr'><strong>Iv.</strong></span> <span class='ocrx_word' id='word_1_874' title='bbox 2509 5647 2563 5703; x_wconf 89' lang='lat'><strong>9.</strong></span> <span class='ocrx_word' id='word_1_875' title='bbox 2649 5649 2696 5681; x_wconf 72' lang='lat'><strong>“</strong></span> <span class='ocrx_word' id='word_1_876' title='bbox 2719 5648 2758 5704; x_wconf 89' lang='lat' dir='ltr'><strong>ll</strong></span> <span class='ocrx_word' id='word_1_877' title='bbox 2780 5649 2906 5706; x_wconf 89' lang='lat' dir='ltr'><strong>Cor.</strong></span> <span class='ocrx_word' id='word_1_878' title='bbox 2942 5666 3061 5711; x_wconf 85' lang='lat' dir='ltr'><strong>vm,</strong></span> <span class='ocrx_word' id='word_1_879' title='bbox 3086 5651 3176 5706; x_wconf 77' lang='lat' dir='ltr'><strong>l3.</strong></span> <span class='ocrx_word' id='word_1_880' title='bbox 3219 5650 3265 5683; x_wconf 81' lang='grc'>⁶⁸</span> <span class='ocrx_word' id='word_1_881' title='bbox 3299 5649 3409 5707; x_wconf 84' lang='lat' dir='ltr'><strong>Tit.</strong></span> <span class='ocrx_word' id='word_1_882' title='bbox 3450 5662 3533 5713; x_wconf 83' lang='grc' dir='ltr'>ιιι,</span> 
     </span>
    </p>
   </div>
   <div class='ocr_carea' id='block_1_115' title="bbox 276 5710 1848 5789">
    <p class='ocr_par' dir='ltr' id='par_1_115' title="bbox 276 5710 1848 5789">
     <span class='ocr_line' id='line_1_115' title="bbox 276 5710 1848 5789; baseline 0.004 -28"><span class='ocrx_word' id='word_1_883' title='bbox 276 5710 388 5789; x_wconf 44' lang='lat'><strong>15;</strong></span> <span class='ocrx_word' id='word_1_884' title='bbox 422 5711 466 5741; x_wconf 76' lang='lat'>“</span> <span class='ocrx_word' id='word_1_885' title='bbox 501 5710 796 5789; x_wconf 68' lang='lat' dir='ltr'><strong>Iiom._x_vr,</strong></span> <span class='ocrx_word' id='word_1_886' title='bbox 998 5716 1040 5746; x_wconf 78' lang='lat'><strong>&quot;</strong></span> <span class='ocrx_word' id='word_1_887' title='bbox 1069 5714 1116 5768; x_wconf 82' lang='lat' dir='ltr'><strong>M</strong></span> <span class='ocrx_word' id='word_1_888' title='bbox 1138 5716 1259 5789; x_wconf 37' lang='lat' dir='ltr'><strong>:llll‘.</strong></span> <span class='ocrx_word' id='word_1_889' title='bbox 1297 5716 1652 5789; x_wconf 36' lang='lat'><strong>“$556,155.</strong></span> <span class='ocrx_word' id='word_1_890' title='bbox 1722 5718 1768 5750; x_wconf 78' lang='grc'><strong>⁸⁸</strong></span> <span class='ocrx_word' id='word_1_891' title='bbox 1800 5717 1848 5774; x_wconf 78' lang='lat' dir='ltr'><strong>L1</strong></span> 
     </span>
    </p>
   </div>
   <div class='ocr_carea' id='block_1_116' title="bbox 1953 5710 2361 5789">
    <p class='ocr_par' dir='ltr' id='par_1_116' title="bbox 1980 5719 2361 5789">
     <span class='ocr_line' id='line_1_116' title="bbox 1980 5719 2361 5789; baseline 0.005 -16"><span class='ocrx_word' id='word_1_892' title='bbox 1980 5735 2080 5781; x_wconf 84' lang='lat' dir='ltr'><strong>vn,</strong></span> <span class='ocrx_word' id='word_1_893' title='bbox 2113 5719 2179 5773; x_wconf 80' lang='lat'><strong>57</strong></span> <span class='ocrx_word' id='word_1_894' title='bbox 2208 5736 2361 5789; x_wconf 82' lang='lat' dir='ltr'><strong>seqq.</strong></span> 
     </span>
    </p>
   </div>
   <div class='ocr_carea' id='block_1_117' title="bbox 2446 5718 3533 5787">
    <p class='ocr_par' dir='ltr' id='par_1_117' title="bbox 2446 5718 3533 5787">
     <span class='ocr_line' id='line_1_117' title="bbox 2446 5718 3533 5787; baseline 0.005 -14"><span class='ocrx_word' id='word_1_895' title='bbox 2446 5721 2490 5751; x_wconf 72' lang='grc'><strong>⁸⁸</strong></span> <span class='ocrx_word' id='word_1_896' title='bbox 2523 5720 2678 5773; x_wconf 86' lang='lat' dir='ltr'><strong>Prov.</strong></span> <span class='ocrx_word' id='word_1_897' title='bbox 2714 5736 2792 5785; x_wconf 86' lang='grc' dir='ltr'>ιιι,</span> <span class='ocrx_word' id='word_1_898' title='bbox 2822 5722 2874 5777; x_wconf 79' lang='grc'>5.</span> <span class='ocrx_word' id='word_1_899' title='bbox 2958 5720 3007 5753; x_wconf 84' lang='grc'>⁷⁰</span> <span class='ocrx_word' id='word_1_900' title='bbox 3032 5721 3069 5775; x_wconf 84' lang='lat' dir='ltr'><strong>ll</strong></span> <span class='ocrx_word' id='word_1_901' title='bbox 3104 5720 3230 5777; x_wconf 89' lang='lat' dir='ltr'><strong>Cor.</strong></span> <span class='ocrx_word' id='word_1_902' title='bbox 3278 5737 3391 5787; x_wconf 81' lang='lat' dir='ltr'><strong>vm,</strong></span> <span class='ocrx_word' id='word_1_903' title='bbox 3439 5718 3533 5773; x_wconf 64' lang='grc' dir='ltr'><strong>Ἃ.</strong></span> 
     </span>
    </p>
   </div>
   <div class='ocr_carea' id='block_1_118' title="bbox 277 5780 1848 5859">
    <p class='ocr_par' dir='ltr' id='par_1_118' title="bbox 277 5780 1848 5853">
     <span class='ocr_line' id='line_1_118' title="bbox 277 5780 1848 5853; baseline 0.007 -20"><span class='ocrx_word' id='word_1_904' title='bbox 277 5781 326 5813; x_wconf 75' lang='grc' dir='ltr'>’ί</span> <span class='ocrx_word' id='word_1_905' title='bbox 350 5780 514 5835; x_wconf 81' lang='lat' dir='ltr'><strong>Prov.</strong></span> <span class='ocrx_word' id='word_1_906' title='bbox 549 5795 623 5849; x_wconf 81' lang='lat' dir='ltr'><strong>Iv,</strong></span> <span class='ocrx_word' id='word_1_907' title='bbox 659 5783 746 5837; x_wconf 79' lang='lat'><strong>18.</strong></span> <span class='ocrx_word' id='word_1_908' title='bbox 827 5784 875 5814; x_wconf 73' lang='grc' dir='ltr'><strong>τ’</strong></span> <span class='ocrx_word' id='word_1_909' title='bbox 906 5785 1065 5842; x_wconf 61' lang='lat' dir='ltr'><strong>Deut.</strong></span> <span class='ocrx_word' id='word_1_910' title='bbox 1101 5802 1188 5853; x_wconf 76' lang='lat' dir='ltr'><strong>xv,</strong></span> <span class='ocrx_word' id='word_1_911' title='bbox 1224 5786 1276 5841; x_wconf 90' lang='lat'><strong>8.</strong></span> <span class='ocrx_word' id='word_1_912' title='bbox 1346 5784 1390 5816; x_wconf 89' lang='grc'><strong>⁷³</strong></span> <span class='ocrx_word' id='word_1_913' title='bbox 1414 5786 1585 5842; x_wconf 82' lang='lat' dir='ltr'><strong>Eccli.</strong></span> <span class='ocrx_word' id='word_1_914' title='bbox 1621 5803 1694 5853; x_wconf 82' lang='grc' dir='ltr'><strong>ιν,</strong></span> <span class='ocrx_word' id='word_1_915' title='bbox 1722 5789 1775 5844; x_wconf 88' lang='lat' dir='ltr'><strong>l.</strong></span> <span class='ocrx_word' id='word_1_916' title='bbox 1846 5795 1848 5805; x_wconf 87' lang='lat'>‘</span> 
     </span>
    </p>
   </div>
   <div class='ocr_carea' id='block_1_119' title="bbox 1953 5780 3305 5859">
    <p class='ocr_par' dir='ltr' id='par_1_119' title="bbox 1953 5780 3305 5859">
     <span class='ocr_line' id='line_1_119' title="bbox 1953 5780 3305 5859; baseline 0.003 -13"><span class='ocrx_word' id='word_1_917' title='bbox 1953 5790 2047 5846; x_wconf 68' lang='lat' dir='ltr'><strong>illi.</strong></span> <span class='ocrx_word' id='word_1_918' title='bbox 2072 5780 2127 5855; x_wconf 69' lang='lat'><strong>2,</strong></span> <span class='ocrx_word' id='word_1_919' title='bbox 2154 5792 2206 5845; x_wconf 76' lang='lat'><strong>3.</strong></span> <span class='ocrx_word' id='word_1_920' title='bbox 2288 5780 2336 5824; x_wconf 51' lang='grc' dir='ltr'>δέ</span> <span class='ocrx_word' id='word_1_921' title='bbox 2365 5790 2526 5849; x_wconf 84' lang='lat' dir='ltr'><strong>Prov.</strong></span> <span class='ocrx_word' id='word_1_922' title='bbox 2555 5808 2628 5858; x_wconf 70' lang='grc' dir='ltr'>ιιι,</span> <span class='ocrx_word' id='word_1_923' title='bbox 2669 5790 2750 5847; x_wconf 85' lang='grc'><strong>17.</strong></span> <span class='ocrx_word' id='word_1_924' title='bbox 2783 5780 2790 5785; x_wconf 66' lang='grc'><em>’</em></span> <span class='ocrx_word' id='word_1_925' title='bbox 2841 5794 2885 5825; x_wconf 67' lang='grc'><strong>⁷⁸</strong></span> <span class='ocrx_word' id='word_1_926' title='bbox 2911 5790 3050 5849; x_wconf 88' lang='lat' dir='ltr'><strong>Osee</strong></span> <span class='ocrx_word' id='word_1_927' title='bbox 3082 5809 3135 5859; x_wconf 72' lang='grc' dir='ltr'>χ,</span> <span class='ocrx_word' id='word_1_928' title='bbox 3166 5792 3253 5848; x_wconf 69' lang='grc'><strong>12.</strong></span> <span class='ocrx_word' id='word_1_929' title='bbox 3300 5844 3305 5850; x_wconf 95' lang='grc'><strong>.</strong></span> 
     </span>
    </p>
   </div>
  </div>
