4042 6432
181 344 358 419 17:23
1173 344 1502 410 HOMILIA
1544 344 1753 407 XCIX.
1784 373 1849 382 -—
1882 347 1981 407 DE
2018 346 2530 421 VISI’DAJIIONE.
3348 344 3484 410 ttat

176 474 345 527 Θεὸν
380 469 556 539 Λόγον
593 460 1010 529 ιπισκὲπτεται,
1061 462 1248 528 καθὼς
1294 464 1460 528 αὐτὸς
1502 466 1795 535 μαρτυρεῖ.

1915 473 1966 520 et
1995 463 2232 519 visitatis
2258 479 2344 518 me
2371 463 2438 517 θ’.
2475 482 2493 514 ι
2529 462 2632 529 Qui
2665 462 2832 533 igitur
2859 474 3112 534 aegrotos,
3147 474 3241 521 aut
3265 482 3488 522 carerm

180 568 334 620 Ὀτι
358 566 417 619 δὶ
444 564 606 617 καλὸν
632 562 692 617 τδ
714 558 1143 615 ἐπισκέπτεσθαι
1163 558 1456 627 ὀρφανοὺς,
1483 556 1578 608 καὶ⁸
1603 557 1800 626 χήρας,

1915 564 2174 619 retentos,
2222 554 2464 623 denique
2496 554 2691 623 quavis
2742 557 3069 612 necessitate
3122 557 3321 613 misere
3356 560 3493 614 atii:-

134 634 155 649 ‘
182 660 259 712 ιν
293 661 370 729 τῇ
404 656 583 726 θλίψει
611 654 814 717 αὐτῶν,
862 653 957 706 καὶ
995 652 1359 711 πολυτέκνους
1401 649 1663 719 πένητας,
1696 648 1802 717 μά-

1915 652 2026 698 ctos
2059 644 2354 709 intervisit,
2391 660 2519 698 eum
2553 646 2765 713 utique,
2807 644 3044 712 ipsomet
3093 655 3250 711 teste,
3283 648 3489 712 visitat,

183 751 372 803 λιστα
395 749 451 802 δὲ
488 746 706 817 πρῶτον
736 746 832 798 καὶ
860 745 986 804 τοὺς
1017 742 1253 803 οἰκείους
1275 741 1372 809 τῆς
1402 740 1661 805 πίστεως,
1696 738 1804 791 πᾶ-

1915 736 2001 804 qui
2063 736 2236 790 nostri
2284 752 2447 790 causa
2491 753 2700 806 pauper
2735 738 2849 790 fieri
2881 738 3074 799 voluit,
3142 755 3339 810 nempe
3395 744 3491 796 Det

189 860 295 896 σιν
353 838 597 913 πρόδηλα
645 840 739 892 καὶ
784 835 1153 907 ἅναντίρῤητά
1204 835 1372 887 ἐστιν.
1421 832 1544 885 ’Ὁτι
1596 832 1655 884 δὲ
1711 832 1805 884 καὶ

1915 827 2168 882 Verbum.
2224 828 2370 882 Nulli
2405 828 2633 897 proinde
2668 845 2792 882 reor
2821 844 2940 889 esse
2978 830 3300 897 obscurum,
3327 849 3492 902 quam

188 933 379 987 τοῦτο
410 933 574 986 καλὸν
600 933 695 986 καὶ
725 929 999 997 ὠφέλιμον
1030 930 1095 998 τῇ
1131 929 1189 980 ἐν
1232 924 1453 996 Χριστῷ
1476 923 1804 993 ἀδελφότητι

1915 919 2116 974 bonum
2172 920 2244 972 sit
2286 919 2525 988 pupillos
2577 919 2794 991 1181‘
2844 936 2910 974 ac
2954 921 3151 975 viduas
3181 923 3234 976 in
3266 923 3497 979 tribula-

190 1027 344 1088 τοὺς
409 1023 801 1094 δαιμονιῶντας
866 1017 1328 1076 ἐπισκέπτεσθαι,
1395 1016 1490 1069 καί
1551 1013 1806 1084 εὔχεσθαι

1915 1010 2060 1064 tione
2083 1025 2276 1064 eorum
2298 1009 2546 1073 visitare,
2581 1026 2854 1079 pauperes
2876 1011 3104 1080 insuper
3124 1028 3262 1081 quas
3292 1024 3493 1082 praeter

197 1118 409 1170 ἐπάνω
452 1114 631 1168 αὐτῶν
681 1112 846 1182 εὗχὴν
879 1110 957 1171 τῷ
996 1109 1116 1180 Θεῷ
1158 1108 1531 1180 ἀρέσκουσαν,
1577 1106 1802 1170 πιστῶς,

1915 1098 2122 1169 privam
2171 1099 2460 1169 penuriam
2511 1099 2771 1169 degravat
2808 1115 2872 1154 ac
2925 1102 3127 1169 premit
3180 1103 3494 1159 fecunditas

201 1210 331 1289 aut,
364 1206 441 1278 μὴ
499 1208 564 1259 ὲκ
614 1204 918 1265 συνθέσεως
966 1203 1136 1269 λόγων
1194 1199 1437 1261 πολλῶν,
1488 1199 1521 1269 ἦ
1577 1196 1807 1267 μελέτας

1915 1190 2151 1253 filiorum
2183 1208 2195 1243 :
2226 1190 2279 1243 in
2318 1190 2508 1260 primis
2535 1200 2714 1244 tamen
2744 1200 2799 1244 et
2822 1196 3067 1245 omnium
3104 1194 3337 1249 maxime
3372 1196 3495 1251 .lios

204 1287 570 1369 ἑξο¹ρκισμῶν
604 1297 741 1367 πρὸς
782 1293 1043 1358 ἐπίδειξιν
1089 1291 1637 1363 ἀνθρωπαρεσκείας,
1670 1287 1807 1359 πρὸς

203 1391 279 1443 τὸ
310 1389 552 1458 φανῆναι
583 1386 865 1448 εὐλάλους,
892 1385 926 1454 ἢ
959 1385 1239 1453 μνήμονας
1261 1384 1428 1451 ἡμᾶς,
1462 1381 1615 1449 δίκην
1640 1379 1803 1432 αὐλοῦ

206 1480 493 1549 ἡχοῦντας
548 1477 685 1548 πρὸς
734 1476 862 1533 τοὺς
906 1471 1352 1544 ὲνεργουμένους,
1402 1469 1669 1541 φλυαρίας
1717 1469 1810 1523 καὶ

212 1568 612 1639 βαττολσγίας,
657 1569 751 1619 καὶ
804 1566 907 1619 οὐκ
961 1567 1019 1616 ὲν
1065 1564 1246 1615 πίστει
1296 1561 1581 1632 ἀληθείας,
1629 1560 1810 1625 καθὼς

211 1662 467 1727 ἐδίδαξεν
497 1661 525 1712 6
556 1658 761 1729 Κύριος
785 1674 802 1690 ·
845 1656 1006 1709 τοῦτο
1038 1655 1146 1724 γάρ
1185 1670 1369 1722 φησιν·
1410 1673 1429 1705 ι
1464 1652 1537 1708 T6
1562 1654 1719 1718 γένος
1753 1655 1810 1705 ἐν

213 1752 504 1821 προσευχῇ
528 1750 757 1812 ὲκτενεῖ,
792 1749 887 1802 καὶ
929 1748 1112 1800 πίστει
1139 1746 1277 1816 μετά
1302 1745 1573 1815 νηστείας,
1594 1744 1811 1814 ἐξέρχε.

1910 1282 1955 1337 si
2001 1284 2193 1338 visites
2233 1283 2329 1353 qui
2386 1280 2676 1336 domestici
2714 1292 2845 1337 sunt
2893 1281 3043 1351 ﬁdei,
3089 1284 3193 1339 hoc
3242 1301 3362 1340 esse
3388 1287 3493 1341 vir-

1913 1377 2047 1431 tutis
2078 1392 2239 1445 opus,
2262 1376 2466 1429 nemini
2491 1385 2675 1444 putem
2700 1378 3251 1431 controversaudtun.
3278 1380 3494 1435 Rursus

1909 1469 2036 1538 quis
2068 1468 2351 1523 intieietur
2385 1458 2602 1523 eiinniae
2634 1467 2917 1537 cujusdam
2969 1483 3092 1523 esse
3141 1470 3403 1525 bonitatis
3437 1478 3495 1525 ct

1910 1562 2122 1619 alenda:
2142 1561 2378 1616 fratrum
2409 1560 2701 1615 dilectioni
2734 1563 2876 1629 (quae
2904 1560 2957 1614 in
2985 1560 3205 1615 Christo
3228 1562 3335 1630 est)
3360 1578 3490 1633 per-

1911 1668 2075 1723 quam
2111 1653 2262 1715 utile,
2320 1653 2649 1706 intervisere
2700 1667 2798 1706 eos
2843 1653 2937 1721 qui
2991 1652 3193 1706 infesto
3241 1655 3492 1709 dmmone

1912 1745 2171 1814 quopiam
2193 1744 2523 1799 divexantur
2541 1744 2564 1796 ?
2585 1759 2753 1813 super
2777 1744 2898 1798 illos
2925 1759 3087 1798 unam
3107 1745 3344 1814 aliquam
3370 1763 3494 1815 quae

214 1857 336 1899 ται.
369 1860 389 1893 ι
435 1842 733 1910 Νηφόντως
767 1838 860 1893 οὖν
896 1838 988 1891 τὸν
1034 1838 1311 1907 κάμνοντα
1357 1836 1806 1906 ἐπισκεψώμεθα,

1915 1832 2027 1887 Deo
2061 1833 2299 1902 placeat,
2333 1831 2621 1887 cﬂ‘undere
2642 1831 2971 1897 orationem,
2995 1832 3101 1887 fide
3125 1834 3299 1903 magis
3330 1850 3494 1903 quam

213 1933 301 2000 ὡς
326 1926 387 1987 ιν
417 1932 691 2001 πνεύματι
722 1928 1125 1992 ταπεινώσεως.
1158 1927 1341 1981 Καλὸν
1382 1923 1475 1981 οὖν
1509 1927 1571 1979 τὸ
1601 1943 1804 1992 συγκο-

219 2027 360 2098 πιᾷν
390 2026 505 2086 τοῖς
534 2025 838 2093 κάμνουσιν
862 2019 1134 2090 ἀδελφοῖς,
1171 2019 1247 2082 ὡς
1286 2020 1517 2090 εἴρηται,
1546 2017 1613 2071 δι’
1637 2018 1807 2086 ἀγρυ-

222 2115 426 2182 πνιῶν,
465 2116 560 2169 καὶ
604 2111 888 2186 νηστειῶν,
935 2112 1031 2165 καὶ
1058 2111 1235 2182 εὐχῶν
1283 2110 1665 2165 ἀδιαλείπτων.
1682 2108 1809 2180 Ἐρ-

221 2206 503 2285 paen/7&9
533 2205 641 2258 ὑπὸ
687 2204 782 2256 τοῦ
817 2203 1049 2274 Κυρίου,
1079 2220 1098 2251 ι
1135 2201 1398 2267 Δαιμόνια
1437 2198 1749 2262 ἐκϐάλλετε,
1782 2216 1802 2251 ι

226 2296 375 2365 μετὰ
421 2296 520 2350 καὶ
553 2295 663 2348 τῶν
711 2293 888 2348 ἄλλων
936 2292 1173 2347 ίάσεων·
1236 2309 1255 2342 ι
1287 2290 1508 2361 Δωρεάν
1559 2289 1805 2351 ἐλάϐετε.

221 2386 441 2458 δωρεὰν
484 2386 625 2440 δότε.
661 2404 680 2437 ι
740 2384 929 2439 Πάντα
970 2383 1028 2437 δὲ
1087 2382 1476 2453 εὐσχημόνως,
1526 2383 1619 2435 καὶ
1666 2382 1810 2435 κατὰ

223 2477 405 2546 τάξιν,
438 2477 511 2541 ὡς
545 2477 747 2547 πρέπει
777 2475 1090 2547 ἀνθρώποις
1131 2474 1488 2546 φοὸουμᾶνοις
1519 2475 1609 2528 τἰν
1652 2473 1805 2529 Θεόν.

232 2569 559 2638 Ποιήσωμεν
612 2566 963 2638 παράκλησιν
1021 2567 1116 2620 καὶ
1168 2565 1520 2637 παραμυθίαν
1560 2564 1676 2618 τῶν
1724 2580 1811 2618 νο-

231 2657 472 2713 σούντων
494 2700 509 2722 ,
563 2657 597 2728 ἢ
636 2658 952 2729 καμνόντων
1003 2656 1248 2726 ἀδελφῶν
1303 2656 1478 2726 ήμῶν.
1535 2654 1694 2707 Ἀλλά
1736 2654 1811 2726 μὴ

229 2749 571 2821 εὗρεθῶμεν,
604 2748 680 2813 ὡς
708 2749 759 2801 οί
790 2748 934 2817 φίλοι
973 2747 1068 2801 τοῦ
1100 2746 1244 2810 Ἰὼϐ,
1287 2744 1805 2815 προσονειδίζοντες,

228 2838 313 2905 ὡς
333 2840 501 2904 είκὸς,
521 2839 766 2911 σφάλμα,
800 2839 834 2910 ἢ
858 2839 1166 2911 ἁμάρτημα
1198 2839 1309 2901 τοῖς
1349 2837 1599 2905 ἀδελφοῖς
1626 2837 1807 2908 ἡμῶν,

227 2929 271 3005 ἢ
302 2930 397 2986 καὶ
422 2931 483 2986 ιν
518 2933 585 3003 τῇ
632 2930 831 3003 καρδίᾳ
860 2929 1043 3000 ἡμῶν,
1093 2930 1349 3000 κρυπτῶς
1394 2928 1812 2999 κατακρίνοντες

232 3023 459 3089 αὐτοὺς,
492 3022 528 3096 ἢ
578 3022 639 3088 ἑξ
666 3023 999 3094 ἀπροσεξίας
1028 3022 1318 3086 λαλοῦντες
1339 3022 1497 3091 λόγον
1521 3022 1813 3077 κεντοῦντα

233 3115 475 3180 αὐτούς·
527 3115 625 3169 καὶ
677 3115 1088 3188 ἁμαρτήσωμεν
1138 3117 1218 3178 είς
1283 3114 1417 3168 Θεὸν
1477 3116 1538 3168 ἐν
1596 3115 1810 3186 ἀγνοίᾳ.
1839 3155 1883 3215 c

234 3207 551 3278 Γέγραπται
588 3209 695 3280 γάρ
729 3208 788 3261 ἑν
833 3210 954 3271 ταῖς
1001 3206 1349 3277 Παροιμίαις,
1388 3225 1407 3258 ι
1442 3208 1540 3270 Ὃς
1581 3207 1815 3277 φράσσει

232 3301 309 3355 τὰ
333 3292 447 3355 ὦτα
478 3300 667 3365 αὑτοῦ,
704 3300 801 3356 τοῦ
836 3301 912 3373 μὴ
958 3300 1192 3355 ἀκοῦσαι
1220 3298 1502 3362 ἀσθενοῦς,
1533 3302 1627 3352 καὶ
1654 3299 1817 3363 αὐτὸς

235 3391 622 3447 ιπικαλέσεται
649 3391 873 3464 Κύριον,
896 3394 992 3447 καὶ
1041 3393 1143 3446 οὐκ
1172 3391 1552 3446 είσακούσεται
1579 3389 1768 3445 αὐτοῦ.
1789 3407 1809 3440 ι

238 3485 439 3549 Καθὼς
473 3502 638 3556 φησιν
664 3487 694 3541 6
730 3484 875 3552 Ἶὼῦ,
915 3505 935 3540 ι
960 3487 1036 3541 Οὐ
1068 3485 1356 3557 προσεῖδόν
1395 3502 1462 3555 με
1503 3486 1553 3538 ot
1583 3484 1816 3553 ἐγγύτα-

235 3577 325 3631 τοί
354 3591 486 3649 μου·
524 3578 833 3650 θεράποντά
864 3595 967 3649 μου
1009 3580 1267 3645 ἐκάλεσα,
1298 3579 1391 3632 καὶ
1428 3579 1538 3649 οὐχ
1578 3579 1820 3649 ὑπήκου-

241 3668 340 3721 σέν
370 3684 470 3738 μου
496 3683 510 3697 ο
547 3667 725 3737 στόμα
757 3666 814 3720 δὲ
845 3682 948 3736 μου
992 3666 1270 3720 ἱκέτευσεν
1297 3666 1399 3735 τὴν
1427 3664 1660 3734 γυναῖκά
1687 3678 1814 3733 μου.

238 3757 537 3829 ἀλλογενὴς
587 3757 739 3829 ἥμην
791 3757 924 3828 παρ’
972 3757 1187 3821 αὐτοῖς’
1255 3756 1431 3811 οἰκεία
1494 3755 1603 3827 γὰρ
1656 3753 1819 3808 παντὶ

237 3843 423 3913 θνητῷ
450 3848 543 3914 γῆ.
580 3861 600 3896 ι
635 3845 747 3898 Kal
786 3844 948 3908 ἄλλος
977 3844 1142 3914 σοφός
1165 3859 1180 3873 ο
1220 3864 1238 3897 ι
1266 3843 1359 3915 Μὴ
1402 3843 1567 3897 ὤκνει
1593 3843 1818 3897 ἐπισκέ-

239 3932 473 3988 πτεσθαι
513 3934 852 4007 ἀρρώστους.
884 3954 904 3989 ι
946 3936 1005 3989 Ὀ
1043 3936 1101 3991 δὲ
1143 3934 1437 3997 Ἰάκωϐοςο
1491 3953 1509 3985 ι
1540 3933 1818 4006 Θρησκεία

239 4028 462 4101 καθαρὰ
482 4030 581 4083 καὶ
611 4030 877 4099 ἀμίαντος
906 4026 1059 4100 παρά
1080 4027 1160 4099 τῷ
1190 4025 1311 4096 Θεῷ
1340 4025 1437 4080 καὶ
1467 4025 1644 4097 Πατρὶ
1677 4023 1816 4094 αὕτη

241 4120 423 4186 ἐστὶν,
443 4117 872 4174 ἐπισκέπτεσθαι
900 4119 1170 4189 ὀρφανοὺς
1198 4117 1292 4172 καὶ⁵
1325 4119 1497 4189 χήρας
1526 4118 1584 4170 ὲν
1612 4119 1677 4187 τῇ
1710 4115 1821 4170 θλί-

239 4213 337 4282 ψει
360 4210 537 4266 αὐτῶν
560 4228 574 4243 ·
599 4210 827 4266 ἄσπιλον
858 4209 1049 4263 ἑαυτὸν
1073 4210 1263 4279 τηρεῖν
1291 4207 1400 4261 ἀπὸ
1427 4206 1522 4261 τοῦ
1552 4207 1813 4277 κόσμου.»

243 4302 357 4357 Kal
404 4305 434 4357 6
484 4301 697 4367 Παῦλος
725 4319 740 4334 ο
782 4319 802 4354 ι
838 4300 1227 4373 Μιμνήσκεσθε
1263 4299 1373 4353 τῶν
1421 4297 1692 4368 δεσμίων,
1743 4297 1819 4362 ὡς

246 4393 762 4466 suumsuum,er
786 4392 1258 4463 κακουχουμένων,
1277 4392 1353 4457 ὡς
1376 4392 1473 4445 καὶ
1487 4389 1643 4444 αὐτοὶ
1668 4389 1818 4453 ὄντες

1907 1925 2205 1980 verborum
2238 1924 2629 1994 multiplicium
2662 1924 3001 1979 conscientia
3054 1924 3357 1990 nitentem;
3396 1941 3495 1995 po—

1910 2016 2022 2071 tius
2055 2032 2221 2086 quam
2257 2016 2522 2071 exercitia
2554 2016 2646 2070 illa
2687 2016 3123 2071 exorcismorum
3153 2016 3220 2071 ad
3243 2024 3490 2072 ostenta-

1911 2110 2119 2164 tionem
2154 2109 2338 2164 studio
2379 2110 2690 2165 emerendae
2726 2110 3014 2164 hominum
3045 2111 3254 2181 gratiae,
3292 2122 3355 2166 ut
3386 2111 3491 2181 ipsi

1908 2199 2343 2269 beneloquentes
2370 2199 2669 2254 videamur
2688 2214 2752 2254 ac
2778 2200 3058 2254 memoria:
3084 2202 3291 2256 vivacis
3322 2218 3337 2267 ;
3360 2202 3492 2255 dum

1910 2290 2135 2345 interim
2186 2290 2331 2359 apud
2364 2304 2768 2359 energumenos
2798 2290 2991 2345 ﬁstula:
3026 2293 3198 2345 instar
3234 2306 3497 2360 persona-

1910 2397 2035 2437 mus
2074 2397 2256 2438 meras
2299 2397 2474 2453 nugas
2518 2396 2583 2436 ac
2614 2382 2959 2453 battologias,
3000 2399 3110 2437 non
3142 2385 3270 2438 item
3300 2385 3351 2437 in
3388 2384 3494 2439 fide

1908 2475 2180 2539 veritatis,
2213 2474 2682 2544 quemadmodum
2711 2475 2874 2530 nobis
2910 2490 3008 2531 sua
3053 2476 3305 2531 doctrina
3360 2492 3472 2546 piae

1910 2554 2143 2636 scripsit
2178 2566 2484 2622 Dominus?
2532 2567 2624 2621 Ait
2663 2568 2811 2622 enim
2848 2587 2861 2622 :
2900 2586 2921 2619 ι
2963 2568 3077 2623 Hoc
3119 2577 3271 2624 certe
3322 2584 3497 2639 genus

1912 2659 1967 2714 in
1990 2658 2244 2714 oratione
2269 2659 2477 2713 intenta
2505 2666 2561 2713 ct
2588 2657 2716 2729 (fide
2740 2660 2887 2729 cum)
2917 2659 3128 2730 jejunio
3144 2660 3365 2730 ejicitur
3382 2658 3449 2710 ".
3470 2676 3489 2709 ι

1912 2748 2224 2804 Prudenter
2272 2748 2458 2818 itaque
2485 2759 2541 2802 et
2578 2758 2639 2802 ut
2684 2749 2855 2819 exigit
2880 2750 3167 2815 decorum,
3213 2751 3269 2805 in
3297 2750 3497 2821 spiritu

1911 2839 2238 2906 humiliatis,
2286 2841 2367 2895 sic
2406 2851 2681 2910 aegrotans
2725 2842 2887 2895 nobis
2914 2842 3224 2896 visitandus
3251 2841 3497 2898 estho-

1912 2948 2043 2987 num
2073 2947 2204 2988 sane
2222 2942 2309 2986 est
2333 2932 2674 2989 collaborare
2702 2933 2987 2999 fratribus,
3021 2949 3123 2988 ceu
3153 2934 3363 2988 dictum
3390 2942 3496 3000 est,

1915 3023 2010 3094 qui
2042 3023 2240 3077 morbo
2277 3024 2538 3094 quopiam
2569 3024 2899 3080 aﬂlictantur
2944 3036 2997 3082 et
3033 3027 3306 3094 laborant,
3335 3028 3499 3099 idque

1914 3128 2016 3183 per
2037 3112 2272 3182 vigilias,
2296 3115 2507 3185 jejunia
2531 3123 2587 3169 et
2608 3115 2914 3171 indivnlsas
2944 3117 3242 3173 orationes.
3283 3120 3499 3175 Dictum

1916 3203 2065 3257 enim
2095 3218 2124 3259 a
2163 3204 2394 3259 Domino
2427 3213 2512 3261 est
2546 3224 2558 3260 :
2600 3224 2618 3255 ι
2651 3198 2930 3262 Dtemonia
2961 3204 3143 3279 ejicite
3190 3211 3274 3275 '7;
3315 3231 3333 3262 ι
3371 3227 3495 3266 cum

1917 3294 2151 3359 caeteris,
2173 3295 2425 3351 sanitatis
2453 3298 2691 3366 gratuito
2710 3297 3060 3353 conferenda:
3088 3299 3250 3354 donis
3276 3312 3339 3353 τ’(
3362 3300 3498 3354 Nam

1917 3389 2092 3458 gratis
2139 3388 2455 3457 accepistis,
2514 3391 2685 3458 gratis
2714 3388 2843 3444 date
2896 3391 2961 3444 ".
3000 3410 3017 3442 ι
3071 3390 3265 3445 Omnia
3309 3402 3495 3447 autem

1917 3476 2150 3532 honeste
2182 3488 2239 3531 et
2279 3477 2585 3532 secundum
2639 3480 2890 3533 ordinem
2933 3481 3282 3551 transigenda
3337 3482 3500 3537 nobis

1917 3577 2047 3624 sunt
2082 3572 2205 3641 (ceu
2244 3584 2347 3625 eos
2378 3570 2611 3625 addecet
2655 3572 2751 3640 qui
2783 3581 2975 3627 sancte
3007 3573 3180 3627 Deum
3213 3577 3499 3645 verentur)

1917 3660 1986 3715 ad
2029 3659 2263 3716 fratrum
2301 3671 2620 3717 nostrorum
2658 3665 3099 3719 exhortationem
3143 3678 3200 3721 et
3249 3670 3503 3723 consola-

1919 3751 2151 3817 tionem,
2198 3751 2291 3822 qui
2326 3761 2421 3807 aut
2472 3760 2742 3822 mgrotant
2765 3762 2861 3807 aut
2886 3754 3138 3809 laborum
3169 3756 3322 3826 gravi
3353 3758 3497 3811 mole

1917 3850 2271 3912 premuntur.
2314 3842 2482 3911 Atqui
2520 3843 2754 3897 solerter
2802 3845 3223 3913 providendum.
3277 3830 3346 3900 ne
3393 3847 3498 3901 de-

1920 3933 2332 4004 prehendamur‘
2388 3934 2565 3989 nihilo
2619 3934 2921 3990 dissimiles
2968 3936 3162 3991 amicis
3192 3937 3317 4004 Job,
3371 3954 3498 4014 eum

1918 4024 2129 4096 probro
2152 4026 2479 4097 objicientes
2494 4025 2764 4083 fratribus
2781 4027 3086 4083 verisimile
3104 4028 3326 4099 aliquod
3345 4046 3502 4085 erra-

1919 4124 2058 4183 tum,
2095 4117 2213 4173 sive
2265 4118 2431 4172 etiam
2479 4127 2788 4189 peccatum,
2820 4127 2917 4174 aut
2964 4119 3021 4174 in
3073 4135 3274 4175 arcano
3313 4122 3502 4177 cordis

1917 4208 2095 4263 nostri
2135 4223 2358 4264 recessu
2410 4210 2538 4265 illos
2567 4209 3023 4277 condemnantes,
3060 4220 3154 4267 aut
3183 4223 3335 4268 certe
3365 4214 3497 4269 dum

1918 4300 2182 4355 inattenti
2234 4316 2340 4356 nec
2377 4302 2511 4357 satis
2538 4303 2778 4373 providi,
2818 4303 3045 4359 verbum
3080 4304 3135 4360 in
3167 4305 3290 4360 illos
3314 4306 3500 4362 detor-

1919 4405 2156 4460 quemus
2186 4391 2334 4462 quod
2360 4407 2553 4448 eorum
2593 4395 2829 4450 animam
2868 4404 2993 4450 urat
3021 4407 3076 4451 et
3108 4407 3316 4468 pungat
3346 4415 3359 4451 :
3390 4414 3499 4468 qua

245 4488 307 4538 ὲν
338 4482 570 4555 σώματι.
592 4503 612 4536 ι
646 4486 756 4539 Καὶ
783 4484 980 4553 ἐπάγει
996 4499 1013 4518 ο
1042 4500 1061 4534 ι
1082 4482 1170 4546 Ὠς
1194 4482 1385 4554 καιρὸν
1407 4481 1629 4552 ἔχομεν,
1649 4482 1815 4552 ἔργα·

1919 4497 2027 4537 una
2075 4497 2137 4538 re
2183 4482 2323 4538 nulli
2380 4483 2613 4539 dubium
2664 4487 2803 4556 quin
2856 4486 2911 4540 in
2958 4487 3133 4541 Deum
3183 4503 3498 4557 peccemus.

245 4571 472 4644 σώμεοα
512 4572 575 4626 τὸ
612 4572 816 4642 ἀγαθὸν
869 4572 1009 4645 πρὸς
1042 4577 1271 4638 πάντας,
1310 4571 1545 4642 μάλιστα
1587 4569 1646 4623 δὲ
1678 4571 1817 4641 πρὸς

243 4665 372 4729 τοὺς
400 4663 634 4726 οἰκείους
663 4665 763 4733 τῆς
800 4662 1056 4727 πίστεως.
1098 4682 1120 4717 ι
1158 4662 1272 4716 Kal.
1300 4660 1684 4732 Ψιλιππησίοις
1709 4658 1818 4729 φη-

248 4758 335 4812 σίν
360 4773 374 4789 ο
411 4774 432 4808 ι
466 4757 589 4809 Ὅτι
633 4757 691 4809 ὲν
720 4757 861 4826 ἀρχῇ
893 4753 988 4808 τοῦ
1036 4753 1367 4823 Εὑαγγελίου
1423 4750 1649 4823 οὐδεμία
1694 4750 1820 4804 Ἐκ-

246 4847 443 4917 κλησία
466 4844 825 4927 ἐκοινώνησεν
850 4862 940 4914 μοι
963 4846 1044 4908 είς
1063 4844 1218 4913 λόγον
1242 4844 1440 4907 δόσεως
1459 4843 1555 4896 καὶ
1581 4843 1819 4914 λήψεως,

248 4940 299 4994 εί
332 4939 403 5009 μὴ
434 4939 592 5009 ὑμεῖς
630 4938 805 5007 μόνοι,
834 4939 917 4990 ὅτι
947 4939 1004 4990 ὲν
1030 4934 1403 5007 Θεσσαλονίκῃ
1432 4934 1528 4988 καὶ
1556 4934 1704 4999 ἅπαξ
1726 4934 1820 4986 καὶ

248 5031 330 5092 δὶς
355 5032 432 5093 είς
460 5029 558 5100 τὴν
591 5028 781 5099 χρείαν
817 5044 907 5097 μοι
937 5024 1243 5095 ἐπέμψατε.
1292 5026 1509 5095 Ἀπέχω
1550 5024 1608 5077 δὲ
1641 5025 1822 5077 πάντα

250 5124 343 5174 καὶ
366 5120 674 5189 περισσεύω
695 5132 710 5147 ⁸
743 5117 1113 5187 πεπλήρωμαι
1143 5115 1437 5197 δεξάμενος
1504 5114 1656 5186 παρὰ
1692 5116 1819 5168 Ἐπο

251 5210 553 5280 ατρροδίτου
589 5209 658 5262 τὰ
711 5209 841 5279 παρ’
894 5205 1082 5275 ὑμῶν,
1115 5205 1292 5275 ὀσμὴν
1340 5206 1593 5270 εὐωδίας,
1630 5204 1820 5257 θυσίαν

248 5302 460 5371 δεκτὴν,
491 5302 784 5370 εὐάρεστον
811 5298 889 5370 τῷ
913 5296 1059 5369 Θεῷ.
1088 5315 1109 5348 ›
1157 5297 1222 5349 Τί
1261 5298 1318 5350 δὲ
1350 5296 1438 5351 διὰ
1465 5297 1671 5351 τούτων
1695 5313 1821 5349 παι-

246 5392 539 5462 δευόμεθα;
573 5391 664 5455 Τὸ,
700 5390 775 5460 μὴ
812 5391 973 5458 μόνον
1008 5388 1438 5441 ἐπισκέπτεσθαι
1475 5389 1599 5452 τοὺς
1634 5387 1823 5457 χρείαν

247 5487 490 5556 ελοντας,
537 5484 673 5537 ἀλλὰ
717 5483 813 5536 καὶ
855 5477 1344 5550 προσαναπληροῦν
1372 5479 1439 5533 τὰ
1470 5479 1824 5549 ὑστερήματα

331 5690 373 5720 ’⁵
410 5690 600 5746 Matth.
674 5706 794 5754 xxv,
845 5689 934 5742 55.
1036 5686 1084 5720 “
1138 5685 1326 5741 Matth.
1375 5699 1520 5749 ml,
1568 5682 1659 5738 20.

252 5778 366 5828 ιη,
406 5763 486 5816 16.

1766 5685 1808 5716 ’7
1844 5684 2037 5740 Matth.
2076 5701 2139 5752 ι,
2179 5684 2232 5740 8.

1913 4570 2193 4642 Scriptum
2211 4572 2360 4628 enim
2380 4583 2466 4629 est
2482 4573 2537 4628 in
2554 4574 2900 4631 Proverbiis:
2924 4594 2944 4627 ι
2967 4575 3072 4642 Qui
3099 4578 3321 4633 obturat
3336 4595 3503 4636 aures

1912 4673 2046 4715 suas
2063 4676 2134 4716 ne
2159 4662 2348 4718 audiat
2378 4663 2679 4728 intlrmum,
2713 4665 2831 4734 ipse
2860 4665 3140 4721 invocabit
3180 4667 3496 4734 Dominum,

1912 4760 1974 4807 et
1998 4752 2269 4809 Dominus
2290 4769 2400 4809 non
2425 4753 2688 4810 exaudiet
2712 4770 2839 4810 eum
2864 4756 2931 4809 ”.
2948 4775 2966 4807 ι
2994 4757 3147 4811 Sicut
3176 4766 3233 4812 et
3260 4759 3357 4813 Iob
3381 4759 3495 4815 ait:

1924 4863 1944 4897 ι
1972 4845 2091 4900 Non
2114 4856 2447 4916 aspexerunt
2468 4862 2555 4901 me
2579 4848 2811 4916 proximi
2835 4847 2941 4902 inci
2970 4862 2983 4901 :
3016 4847 3278 4903 famulum
3310 4866 3497 4906 meum

1919 4938 2136 5002 vocavi,
2171 4947 2227 4991 ct
2259 4953 2369 4991 non
2400 4937 2645 4992 obcdivit
2678 4939 2835 5002 mihi,
2867 4955 2963 4993 ore
2992 4948 3174 4994 autem
3213 4943 3494 5011 supplica-

1923 5026 2050 5080 bam
2092 5026 2319 5082 uxd’rem
2363 5043 2583 5084 meam:
2617 5028 2928 5097 alienigena
2980 5045 3131 5083 eram
3165 5032 3308 5099 apud
3353 5047 3495 5086 eos:
3580 5012 3593 5017 ’

1922 5118 2122 5173 domus
2160 5120 2309 5174 enim
2361 5121 2511 5174 omni
2566 5120 2804 5183 mortali,
2842 5130 2988 5174 terra
3023 5122 3060 5174 '.
3101 5139 3120 5172 ι
3169 5123 3323 5175 Alius
3366 5124 3501 5178 item

1924 5209 2158 5280 Sapiens
2195 5211 2321 5266 ait:
2369 5230 2387 5262 ι
2431 5211 2509 5266 Ne
2574 5211 2860 5281 pigriteris
2906 5212 3131 5287 visitare
3162 5224 3401 5283 tegi-olus
3477 5238 3496 5265 ο

1923 5303 2163 5358 Jacobus
2206 5313 2391 5357 autem
2429 5321 2443 5357 :
2482 5321 2501 5354 ι
2544 5304 2756 5373 Religio
2803 5305 3006 5358 munda
3062 5314 3117 5359 ct
3150 5307 3499 5361 immaculata

1916 5394 2071 5463 'apud
2104 5395 2275 5449 Deum
2324 5395 2541 5449 Patrem
2572 5394 2689 5449 haec
2720 5404 2805 5448 est
2835 5411 2848 5448 :
2881 5395 3108 5450 visitare
3155 5378 3395 5465 pupillos
3444 5408 3499 5452 et

1926 5484 2121 5537 viduas
2152 5484 2205 5538 in
2254 5484 2615 5540 tribulatione
2644 5498 2859 5551 eorum,
2900 5494 2955 5540 et
2984 5486 3396 5541 immaculatum
3441 5503 3504 5542 sc

2351 5688 2397 5722 "
2427 5688 2563 5745 ibid.

2686 5690 2732 5723 ”
2765 5689 2932 5744 Prov.
2998 5705 3084 5743 ut
3112 5729 3126 5756 ,
3165 5689 3252 5744 l3.
3351 5689 3367 5722 ¹
3397 5689 3505 5747 Job
