4042 6464
166 389 302 458 1737
793 393 1124 454 HOMIL‘IA
1163 393 1238 454 CI
1297 418 1366 430 *-
1406 391 1560 452 NON
1604 390 2014 452 NITENDUM
2051 387 2415 450 PROPRIIS
2452 388 2792 451 VIRIBUS.
3282 385 3416 450 1733

158 509 345 581 πίητε,
375 507 408 578 ἢ
437 504 492 559 τί
533 492 940 575 περιϐάλησθευο
969 500 1112 558 οἶδεν
1164 503 1274 576 γὰρ
1306 505 1334 558 ὁ
1365 502 1556 574 Πατὴρ
1587 499 1743 570 ὑμῶν

1869 500 1984 556 iciti
2018 515 2140 555 esse
2183 499 2316 570 quid
2365 498 2728 558 manducetis.
2778 505 2876 552 aut
2901 496 3034 568 quid
3067 495 3292 564 bibatis,
3322 509 3418 552 aut

159 593 242 654 ὧν
280 595 467 668 χρείαν
521 593 694 666 ἔχετε.
733 617 754 648 ν
806 622 878 635 -
925 613 945 645 ι
977 595 1310 666 Ζητήσωμεν
1348 593 1407 646 δὲ
1459 593 1601 646 κατὰ
1643 591 1740 645 τὸν

1865 606 1956 660 [uo
1997 589 2330 660 operiamini
2366 591 2399 642 τ’
2432 590 2538 644 seit‘
2581 589 2730 643 enim
2783 589 2945 643 Pater
2992 597 3172 644 vester
3215 588 3420 659 quibus

160 690 319 758 λόγον
343 684 510 740 αὐτοῦ
541 687 757 756 πρῶτον
781 687 884 756 τήν
915 685 1194 756 βασιλείαν
1231 684 1326 738 τοῦ
1362 683 1500 737 Θεοῦ
1523 684 1617 736 καὶ
1639 681 1738 753 τήν

1865 697 1984 750 lpus
2011 683 2084 736 sit
2107 683 2176 736 ".
2213 701 2232 732 ι
2261 711 2329 722 -
2355 701 2370 732 ι
2402 681 2726 748 Quaeramus
2751 689 2954 744 autem,
2988 681 3143 750 juxta
3171 681 3416 750 ejusdem

162 776 507 845 δικαιοσύνην
533 775 722 838 αὐτοῦ,
754 794 772 827 ι
815 775 904 828 ἴνα
935 775 1072 845 μετὰ
1101 775 1209 828 τῶν
1239 773 1496 842 ἐπιγείων
1547 773 1644 827 καὶ
1671 773 1740 826 τὰ

1865 773 2100 838 rerbum,
2121 773 2360 843 primum
2387 789 2614 844 regnum
2637 773 2734 826 Dei
2765 771 3106 842 ctjustiliam
3133 772 3254 840 ejus
3279 773 3320 802 ³⁵
3348 789 3363 826 :
3398 791 3414 821 ι

164 870 390 940 οὐράνια
441 867 962 937 κληρονομήσωμεν,
1021 857 1408 936 Μιμησώμεθα
1445 866 1571 928 τοὺς
1615 863 1738 918 Μά-

165 979 316 1032 γους,
337 959 536 1022 οἵτινες
557 959 618 1010 οὐ
647 959 809 1026 μόνον
833 959 933 1010 οὐκ
974 957 1322 1026 ἐφοϐήθησαν
1351 957 1442 1010 τὸν
1471 956 1740 1027 Ἡρώδην,

170 1053 305 1108 ἀλλὰ
341 1051 436 1104 καὶ
467 1049 756 1114 ἐνέπαιξαν
790 1047 958 1120 αὐτῷ,
1001 1048 1070 1102 δι’
1103 1047 1272 1120 ἄλλης
1299 1048 1419 1102 ὁδοῦ
1450 1033 1743 1118 ἄναχῶρή-

173 1143 480 1213 σαντεςείς
517 1141 614 1212 τὴν
649 1140 834 1212 χώραν
880 1139 1062 1194 αὐτῶν
1086 1143 1118 1168 ·“
1142 1139 1237 1194 καὶ
1273 1139 1372 1210 τήν
1419 1139 1603 1192 πίστιν
1645 1141 1746 1207 τῆς

171 1231 592 1306 αίμορροούσης,
614 1233 756 1303 ήτις,
778 1231 1152 1302 παρωσαμένη
1170 1230 1297 1294 τοὺς
1332 1230 1570 1298 ἰατροὺς,
1587 1229 1744 1282 δπισ-

174 1327 270 1380 θεν
283 1326 454 1396 ἥψατο
482 1325 575 1378 τοῦ
609 1325 916 1397 κρασπέδου
935 1324 1030 1378 τοῦ
1059 1324 1276 1396 ἱματίου
1291 1322 1388 1376 τοῦ
1413 1325 1636 1394 Κυρίου,
1655 1325 1750 1377 καὶ

177 1419 516 1488 παραχρῆμα
551 1417 698 1488 ἰάθη.
731 1417 842 1470 Καὶ
886 1418 1071 1487 ἡμεῖς,
1121 1419 1201 1480 εἰς
1235 1415 1328 1470 τὸν
1361 1415 1568 1486 Κύριον
1598 1415 1750 1484 ἔχον-

173 1527 270 1574 τες
301 1511 396 1574 τὰς
430 1508 672 1574 ἐλπίδας,
698 1505 1016 1580 δοξάσωμεν
1059 1509 1224 1562 αὐτὸν
1251 1511 1334 1572 τίς
1374 1509 1500 1572 τοὺς
1524 1507 1746 1570 αίῶνας.

193 1603 380 1674 Ἀ’μήν.

773 1801 994 1856 ΛΟΓΟΣ
1024 1801 1148 1854 PA’.

277 1915 413 1984 Περὶ
441 1914 547 1970 τοῦ
569 1915 658 1984 μὴ
687 1913 1038 1969 πεποιθέναι
1065 1913 1165 1972 ἐπὶ
1183 1911 1270 1982 ,τῇ
1301 1911 1420 1981 ιδιᾳ
1441 1915 1632 1982 ὶσχύτ.

262 2028 350 2092 Ὠς
381 2028 667 2093 ἀπέδειξεν
700 2031 728 2082 ὀ
756 2028 914 2096 λόγος
950 2029 1032 2082 ὅτι
1060 2027 1320 2098 ἀθέμιτόν
1344 2029 1494 2082 ἔστιν
1518 2025 1758 2091 ἐλπίζειν
1784 2003 1793 2013 ’

182 2118 273 2174 ἐπ’
317 2119 606 2190 ἄνθρωπον
629 2160 644 2186 ,
702 2121 798 2172 καὶ
843 2119 1249 2190 ὲπικατάρατον
1273 2135 1289 2150 ο
1329 2117 1503 2183 οὕτως
1559 2119 1760 2172 ἐπανα-

177 2211 417 2266 τείνεται
453 2211 544 2264 τὸν
578 2209 878 2264 πεποιθότα
913 2212 1006 2264 ἐπὶ
1049 2214 1115 2282 τῇ
1161 2211 1267 2283 ίδίᾳ
1309 2210 1478 2282 ίσχύῖ.
1530 2209 1754 2282 Πρῶτος

179 2304 360 2356 τοίνυν
409 2304 652 2371 Metilii};
711 2303 1119 2374 παραγγέλλει,
1170 2301 1381 2371 λέγων,
1451 2320 1470 2354 ι
1517 2303 1759 2373 Πρόσεχε

182 2393 394 2466 σεαυτῷ
456 2395 529 2465 μὴ
571 2396 730 2465 εῑπῃς
757 2397 818 2447 ὲν
853 2398 920 2466 τῇ
963 2395 1162 2466 καρδίᾳ
1201 2411 1315 2458 σου,
1361 2395 1424 2448 Ἦ
1469 2395 1624 2464 ἰσχύς
1658 2411 1759 2464 μου

180 2486 280 2538 καὶ
312 2487 372 2538 τὸ
399 2489 600 2555 κράτος
631 2485 730 2554 τῆς
758 2485 940 2555 ίσχύος
975 2503 1074 2556 μου
1101 2485 1359 2556 εποίησεν
1392 2487 1492 2554 τὴν
1528 2485 1762 2555 δύναμιν

181 2575 410 2644 ταύτην.
455 2575 564 2628 Καὶ
613 2574 902 2647 μνησθήσῃ
955 2576 1160 2648 Κυρίου
1193 2575 1285 2630 τοῦ
1333 2575 1468 2629 Θεοῦ
1517 2592 1632 2642 σου,
1677 2577 1762 2630 ὅτι

183 2666 346 2727 αὐτὸς
377 2665 562 2719 δίδωσί
597 2683 677 2730 σοι
719 2667 891 2736 ἰσχύν.
921 2685 940 2719 ι
989 2667 1220 2737 Ὁμοίως
1269 2665 1360 2722 καὶ
1405 2669 1434 2720 ὁ
1477 2669 1763 2738 προφήτης

195 2757 378 2826 Ἀμώς
405 2773 569 2826 φησιν
590 2773 606 2790 ο
645 2777 663 2808 ι
702 2759 760 2811 Ὁ
795 2761 1045 2830 μαχητὴς
1072 2759 1135 2813 οὐ
1169 2759 1242 2830 μὴ
1271 2758 1434 2812 σώσει
1460 2759 1561 2828 τὴν
1587 2758 1763 2830 ψυχὴν

179 2847 351 2900 αὐτοῦ
373 2863 385 2876 ⁸
419 2851 514 2901 καὶ
539 2851 566 2902 ό
598 2849 726 2916 ὀξὺς
753 2853 866 2912 τοῖς
889 2853 1046 2903 ποσὶν
1065 2849 1230 2903 αὐτοῦ
1257 2851 1319 2902 οὐ
1348 2850 1424 2920 μὴ
1437 2850 1702 2923 διασωθῇ.
1738 2871 1757 2903 ι

178 2941 295 2992 Καὶ
332 2941 481 3010 ήτοῦ
518 2944 796 3012 προρήτου
830 2942 1089 3012 Σαμουὴλ
1127 2943 1310 3012 μήτηρ
1343 2942 1510 2995 Ἄννα
1539 2943 1724 3012 ἔλεγεν
1746 2959 1779 2974 ο·

183 3047 206 3080 α
247 3031 342 3101 Μὴ
381 3033 678 3102 καυχάσθω
723 3035 752 3088 ὁ
796 3033 1022 3097 δυνατὸς
1069 3036 1128 3086 ὲν
1175 3037 1243 3104 τῇ
1291 3035 1519 3104 δυνάμει
1560 3035 1762 3088 αύτοῦο

173 3124 267 3175 ὅτι
321 3125 421 3177 οὐκ
501 3129 557 3177 ὲν
617 3125 764 3195 ἰσχύϊ
815 3127 1040 3188 δυνατὸς
1096 3127 1271 3198 ἀνήρ⁸
1329 3130 1482 3194 τόξον
1539 3129 1769 3182 δυνατὸν-

1847 873 1908 919 υι
1953 879 2074 918 cum
2129 865 2248 921 istis
2300 865 2535 920 terrenis
2593 863 2865 934 praesidiis
2909 863 3156 918 coelestia
3204 878 3424 932 quoque

1847 955 2250 1024 possideamus.
2287 955 2575 1010 Imitemur
2609 953 2734 1008 iilos
2771 954 2952 1022 magos
2987 955 3082 1020 qui
3115 954 3254 1008 adeo
3285 955 3422 1008 nihil

1849 1041 2120 1098 Herodem
2167 1045 2563 1108 extimuerunt,
2597 1053 2659 1098 ut
2704 1044 2871 1098 etiam
2924 1043 3200 1098 illuserint
3223 1046 3296 1107 ei,
3328 1054 3428 1115 per

1850 1133 2013 1186 aliam
2071 1137 2214 1189 viam
2256 1135 2489 1206 regressi
2535 1136 2590 1188 in
2638 1134 2922 1189 civitatem
2951 1149 3106 1188 suam
3137 1136 3204 1186 ’³.
3237 1135 3426 1189 Fidem

1853 1225 2290 1294 contemplemur
2309 1227 2792 1288 haemorrhoousze,
2817 1241 2962 1295 quae,
2987 1225 3218 1280 medicis
3241 1227 3397 1296 negle
3413 1259 3426 1267 -

1854 1316 1984 1368 etim
2015 1316 2245 1370 ‘habitis
2293 1327 2348 1372 et
2405 1319 2766 1381 transmissis,
2817 1329 2968 1372 retro
3010 1316 3281 1370 accedens
3321 1317 3429 1372 Do—

1856 1409 2028 1471 mino,
2062 1398 2214 1461 oram
2247 1398 2424 1478 attigit
2475 1411 2647 1464 vestis
2699 1409 3017 1470 Dominieaa,
3071 1416 3130 1460 et
3176 1407 3232 1460 in
3265 1409 3433 1462 vesti-

1855 1497 1946 1568 gio
1991 1497 2213 1553 sanitati
2261 1507 2350 1554 est
2381 1481 2634 1554 restituta
2666 1500 2734 1553 “.
2770 1499 2880 1556 Nos
2906 1496 3075 1572 igitur
3103 1501 3198 1572 qui
3237 1500 3336 1555 toti
3365 1516 3432 1556 cx

1856 1587 2081 1644 Christo
2131 1605 2227 1659 spe
2259 1590 2466 1660 optima
2513 1591 2840 1660 pendemus,
2885 1593 3258 1662 glorificemus
3304 1609 3432 1649 eum

1859 1680 1916 1736 in
1963 1681 2186 1736 saecula.
2249 1680 2444 1737 Amen.
2893 1681 2902 1688 ’

2437 1795 2721 1853 HOMILIA
2762 1796 2848 1853 Cl.

2017 1911 2098 1967 Nc
2134 1928 2242 1984 qua
2269 1911 2468 1982 ﬁducia
2501 1913 2743 1968 nitamur
2791 1913 3020 1984 propriis
3062 1913 3278 1971 viribus.

1927 2026 2403 2094 Quemadmodum
2468 2043 2652 2084 sermo
2697 2028 2855 2098 prior
2900 2043 3160 2098 expresse
3223 2029 3434 2089 docuit.

1857 2120 2068 2174 nemini
2109 2119 2284 2176 licere
2309 2135 2462 2192 spem
2506 2135 2661 2176 suam
2699 2121 2755 2175 in
2788 2136 2960 2175 unum
2995 2121 3232 2192 aliquem
3262 2124 3438 2194 proji-

1860 2225 1990 2266 cere
2034 2211 2377 2276 mortalium,
2426 2219 2484 2266 et
2523 2211 2617 2281 qui
2664 2210 2790 2265 talis
2833 2211 2926 2274 sit,
2955 2210 3249 2265 maledicto
3280 2211 3434 2265 reddi

1859 2301 2158 2357 obnoxium
2178 2319 2191 2356 :
2210 2303 2286 2358 ita
2311 2311 2369 2357 et
2404 2303 2496 2358 hic
2527 2302 2919 2357 interminatur
2939 2311 2998 2357 et
3017 2303 3292 2372 percellit,
3323 2319 3436 2358 non

1860 2393 2067 2464 dispari
2095 2409 2328 2450 censura
2381 2410 2508 2450 eum
2543 2395 2640 2464 qui
2687 2395 3038 2465 praeﬁdenter
3079 2397 3322 2466 propriis
3351 2399 3440 2452 ni-

1863 2485 2002 2540 titur
2015 2487 2252 2542 viribus.
2277 2487 2498 2542 Primus
2520 2487 2706 2556 itaque
2729 2486 2908 2542 Moses
2939 2487 3188 2558 praecipit
3209 2489 3438 2546 dicens:

1869 2597 1888 2630 ‹
1913 2582 2144 2634 Attende
2173 2579 2274 2633 tibi
2308 2593 2380 2633 ne
2403 2579 2558 2634 dicas
2588 2579 2645 2632 in
2677 2579 2842 2633 corde
2869 2588 2988 2642 tuo,
3019 2580 3289 2636 fortitudo
3317 2599 3438 2638 mea

1862 2681 1920 2726 et
1965 2671 2138 2726 robur
2197 2670 2544 2726 fortitudinis
2593 2685 2730 2726 mea:
2770 2670 2902 2726 fecit
2948 2672 3084 2726 mihi
3136 2675 3440 2742 potentiam

1863 2763 2046 2828 hanc;
2077 2761 2175 2816 sed
2209 2761 2504 2816 recordare
2551 2761 2769 2816 Domini
2813 2762 2912 2817 Dei
2947 2763 3026 2817 tui
3073 2765 3169 2833 qui
3203 2765 3443 2835 ipse'dat

1864 2855 1965 2910 tibi
1999 2853 2382 2910 fortitudinem
2419 2853 2485 2908 ’³.
2524 2872 2542 2904 ι
2596 2854 2708 2908 Nec
2747 2855 2856 2910 alio
2909 2864 3120 2925 spectat
3145 2856 3285 2911 illud
3314 2873 3444 2928 pro-

1863 2947 2043 3017 phetae
2087 2947 2254 3000 Amos
2295 2963 2312 3000 :
2369 2965 2390 2998 ι
2435 2946 2710 3016 Pugnator
2754 2963 2864 3000 non
2915 2947 3150 3002 salvabit
3201 2937 3468 3004 adimam'

1865 3055 2042 3104 suam,
2097 3047 2154 3094 et
2184 3038 2344 3094 velox
2389 3053 2500 3092 non
2537 3039 2844 3093 salvabitur
2892 3039 3129 3109 pedibus
3160 3041 3276 3096 suis
3309 3041 3374 3096 ’⁸.
3415 3061 3434 3093 ι

1864 3129 1972 3186 Sed
2014 3137 2078 3186 et‘
2107 3133 2263 3185 Anna
2315 3131 2404 3185 illa
2454 3130 2728 3186 Samuelis
2777 3131 3056 3202 prophetas
3085 3139 3261 3188 mater
3287 3127 3444 3189 dice-

174 3209 510 3285 ἡσθένησεν,
549 3219 644 3269 καὶ
671 3219 722 3270 οί
753 3217 1110 3281 ἀσθενοῦντες
1155 3219 1560 3289 περιεζώσαντο
1599 3221 1760 3274 δύνα-

1865 3220 1960 3276 bat
1993 3239 2007 3275 :
2061 3241 2079 3272 ι
2107 3221 2184 3276 Νι·
2216 3220 2486 3290 glorietur
2527 3227 2724 3298 potens
2767 3193 2822 3274 in
2863 3193 3108 3290 [nitentia
3161 3237 3278 3282 sua.
3311 3225 3442 3294 quia

181 3323 304 3386 μιν.
324 3324 342 3356 ι
378 3308 484 3360 Καὶ
512 3309 571 3360 ὲν
603 3310 719 3370 ταῖς
745 3308 1072 3377 Παροιμίαις
1097 3327 1102 3332 ·
1139 3326 1158 3359 ι
1195 3309 1388 3370 "Intro,
1419 3309 1763 3379 ἑτοιμάζεται

176 3403 262 3463 είς
299 3403 513 3472 ἡμέραν
549 3403 808 3471 πολέμου,
843 3405 993 3472 παρὰ
1034 3403 1090 3457 δὲ
1132 3404 1335 3474 Κυρίου
1383 3407 1415 3476 ἡ
1463 3404 1706 3476 βοήθεια.
1740 3425 1758 3456 ι

177 3495 297 3547 Καὶ
329 3498 357 3546 ὁ
394 3493 722 3564 Ψαλμῳδός’
761 3515 780 3546 ι
810 3497 925 3550 Οὐκ
963 3498 1021 3548 ἐν
1049 3500 1114 3567 τῇ
1150 3497 1438 3568 δυναστείᾳ
1465 3499 1560 3550 τοῦ
1597 3498 1764 3552 ἵππου

174 3583 422 3658 θελήσει,
455 3587 577 3640 οὐδὲ
624 3589 681 3640 ἐν
732 3591 854 3652 ταῖς
883 3592 1120 3659 κνήμαις
1155 3591 1249 3650 τοῦ
1299 3590 1492 3661 ἀνδρὸς
1532 3592 1761 3648 εὐδοκεῖ.

177 3677 264 3729 Οὐ
307 3677 414 3746 γὰρ
441 3676 673 3740 σώζεται
707 3679 963 3749 βασιλεὺς
1001 3681 1090 3735 διὰ
1131 3682 1336 3752 πολλὴν
1371 3684 1622 3754 δὶναμιν.
1657 3686 1765 3738 Καὶ

177 3765 351 3835 γίγας
381 3770 442 3821 οὐ
477 3769 783 3841 σωθήσεται
815 3775 872 3826 ὲν
899 3773 1096 3842 πλήθει
1131 3773 1312 3842 ἰσχύος
1337 3775 1524 3832 αὑτοῦ.
1548 3795 1566 3828 ι
1607 3776 1768 3830 Ἀλλὰ

177 3860 309 3921 καὶ,
347 3877 366 3910 ι
394 3859 611 3947 Ψευδὴς
660 3861 825 3926 ἵππος
871 3863 954 3924 είς
1001 3863 1308 3932 σωτηρίαν·
1358 3868 1416 3919 ὲν
1464 3865 1521 3918 δὲ
1571 3865 1766 3935 πλήθει

175 3947 473 4018 δυνάμεως
504 3949 670 4004 αὐτοῦ
699 3952 759 4004 οὐ
794 3949 1122 4020 σωθήσεται.
1164 3951 1304 4006 Οὔτε
1344 3953 1404 4006 δὲ
1449 3952 1562 4022 ἐγὼ
1597 3953 1769 4007 ἐλπιῶ

176 4041 282 4093 ἐπὶ
325 4040 390 4094 τὸ
431 4041 586 4106 τόξον
634 4057 770 4112 μου⁶
823 4043 884 4096 οὐ
935 4042 1046 4112 γὰρ
1108 4043 1272 4110 σώζει
1325 4061 1393 4113 με
1438 4046 1470 4115 ή
1527 4045 1768 4115 ῥομφαία

179 4148 298 4202 μου
320 4149 334 4164 ·
375 4151 394 4184 ι
426 4133 563 4187 ἀλλὰ
599 4134 686 4198 σὺ,
713 4133 907 4206 Κύριε,
929 4135 1104 4188 σῶσόν
1137 4152 1204 4206 με
1239 4139 1302 4190 ὲκ
1328 4138 1437 4189 τῶν
1477 4137 1768 4192 θλιϐόντων

182 4235 282 4291 με.
319 4221 692 4292 Καταίσχυνον
732 4225 862 4287 τοὺς
904 4223 1197 4295 μισοῦντας
1244 4243 1332 4294 με,
1376 4227 1456 4280 ὅτι
1507 4229 1570 4280 σὺ
1608 4228 1770 4296 μόνος

177 4305 238 4362 εί
267 4311 299 4363 ὁ
333 4310 594 4381 ῥυόμενος
619 4312 836 4382 πτωχὸν
858 4315 921 4366 ὲκ
953 4314 1135 4385 χειρὸς
1163 4317 1544 4388 στερεωτέρων
1564 4317 1729 4370 αὐτοῦ
1753 4335 1766 4349 ·

178 4403 287 4455 καὶ
313 4404 528 4472 πτωχὸν
560 4405 655 4458 καὶ
701 4407 910 4474 πένητα
944 4407 1053 4460 ἀπὸ
1085 4407 1196 4460 τῶν
1232 4408 1640 4478 διαρπαζόντων
1669 4409 1769 4462 αύ-

1863 3327 1973 3366 non
2012 3312 2067 3366 in
2111 3311 2439 3366 fortitudine
2485 3297 2682 3381 potens
2730 3311 2850 3374 vir;
2901 3319 3089 3367 arcum"
3139 3315 3286 3370 enim
3345 3331 3444 3384 po-

1867 3403 2100 3456 tentium
2125 3401 2442 3466 infirmavit,
2464 3401 2919 3455 infirmiaccincti
2951 3410 3076 3456 sunt
3101 3404 3300 3458 robore
3327 3406 3392 3458 "’.
3417 3425 3436 3460 ι

1865 3493 1926 3548 ln
1961 3493 2280 3549 Proverbiis
2313 3509 2326 3545 :
2363 3512 2381 3544 ι
2417 3493 2608 3561 Equus
2637 3501 2866 3560 paratur
2893 3491 2950 3545 in
2973 3491 3063 3548 die
3087 3493 3238 3557 belli,
3269 3509 3299 3547 a
3331 3493 3440 3548 Do-

1866 3583 2018 3638 mino
2068 3591 2253 3636 autem
2308 3581 2458 3635 venit
2507 3579 2774 3634 auxilium
2821 3580 2888 3634 ⁸⁸.
2926 3599 2946 3632 ι
2981 3582 3190 3637 Psaltes
3221 3583 3438 3652 regius:

1872 3691 1892 3723 ι
1927 3672 2046 3726 Non
2083 3673 2138 3725 in
2168 3671 2494 3726 fortitudine
2523 3670 2650 3740 equi
2695 3671 3032 3726 voluntatem
3069 3673 3313 3739 habebit,
3344 3692 3444 3732 nec

1868 3759 1924 3815 in
1982 3761 2132 3816 tibiis
2169 3743 2287 3815 'viri
2317 3757 2750 3831 'beneplacitum
2780 3771 2867 3816 est
2917 3763 2968 3817 ei
3003 3763 3066 3817 ”.
3127 3763 3248 3820 Non
3293 3767 3442 3822 enim

1866 3855 2108 3910 salvator
2149 3871 2246 3910 rex
2281 3871 2379 3925 per
2415 3857 2640 3910 multam
2694 3857 2978 3922 virtutem,
3027 3865 3087 3912 et
3131 3857 3282 3929 gigas
3332 3875 3442 3915 non

1869 3946 2174 4002 salvabitur
2197 3947 2250 4001 in
2281 3947 2638 4002 multitudine
2665 3947 3014 4004 fortitudinis
3045 3964 3157 4006 suae
3181 3951 3248 4004 ³ο.
3281 3969 3300 4002 ι
3335 3952 3440 4006 Sed

1867 4048 1972 4096 et:
2011 4058 2031 4092 ι
2065 4040 2298 4095 Mendax
2339 4055 2520 4109 equus
2569 4039 2638 4094 ad
2686 4040 2943 4107 salutem,
2985 4040 3042 4096 in
3088 4042 3444 4112 multitudine

1867 4131 2094 4201 victutis
2127 4117 2244 4186 suae
2287 4145 2396 4185 non
2451 4131 2758 4186 salvabitur
2801 4133 2890 4183 ἰε
2939 4147 3119 4202 neque
3151 4134 3444 4204 enim-ego

1869 4223 2111 4292 sperabo
2163 4223 2221 4277 in
2267 4237 2397 4277 arcu
2432 4237 2556 4276 meo
2584 4237 2600 4275 :
2631 4237 2742 4276 non
2769 4222 2916 4277 enim
2952 4224 3184 4278 salvabit
3212 4239 3298 4281 me
3327 4226 3440 4298 gla-

1869 4313 2002 4368 dius
2031 4327 2190 4368 meus
2231 4312 2310 4380 “;
2341 4331 2360 4364 ι
2389 4313 2485 4367 sed
2513 4322 2592 4376 tu,
2621 4311 2874 4378 Domine,
2924 4315 3134 4368 salvum
3163 4331 3250 4370 me
3295 4316 3380 4372 fac
3415 4337 3442 4372 ιι

1871 4401 2271 4456 tribulantibus
2297 4414 2406 4464 me,
2445 4405 2658 4470 pudore
2685 4409 2740 4455 et
2777 4399 3104 4456 confusione
3127 4417 3222 4456 eos
3255 4418 3446 4474 asper-

177 4494 304 4548 τόν.
355 4495 444 4548 Ἑν
476 4497 561 4548 σοὶ
590 4498 700 4567 γὰρ
731 4495 934 4566 ζῶμεν,
965 4501 1058 4551 καὶ
1095 4497 1414 4569 κινούμεθα,
1455 4500 1548 4552 καὶ
1579 4503 1763 4570 ἐσμεν,

1873 4506 2006 4564 gens
2039 4491 2134 4560 qui
2187 4491 2428 4545 oderunt
2459 4505 2570 4556 me,
2597 4490 2725 4561 quia
2755 4502 2812 4546 tu
2845 4493 2998 4546 solus
3023 4507 3084 4548 es
3115 4493 3211 4562 qui
3246 4495 3449 4565 recipis

179 4587 286 4640 καὶ
313 4587 348 4658 ἡ
377 4589 532 4657 ἰσχὺς
561 4590 718 4658 ήμῶν
749 4590 844 4642 καὶ
869 4592 901 4657 ή
946 4591 1221 4660 εὐρωστία
1265 4591 1414 4660 παρὰ
1455 4589 1548 4644 σοῦ
1583 4593 1732 4647 ὲστιν
1751 4607 1764 4622 ·

180 4681 287 4732 καὶ
319 4677 444 4748 θρὶξ
467 4682 534 4732 ἐκ
567 4679 665 4749 τῆς
709 4679 954 4751 κεφαλῆς
985 4682 1142 4752 ήμῶν
1177 4681 1238 4735 οὐ
1278 4684 1524 4736 πεσεῖται
1551 4683 1644 4736 ἐπὶ
1671 4682 1770 4754 τήν

179 4771 298 4841 γῆν
331 4771 460 4826 ἄνευ
489 4769 584 4825 σοῦ
610 4772 706 4826 τοῦ
755 4773 1134 4844 πλαστουργοῦ
1199 4774 1294 4828 καὶ
1334 4774 1546 4846 Πατρὺς
1591 4773 1768 4845 ήμῶν.

182 4861 385 4916 Ταῦτα
411 4859 505 4916 οὖν
540 4863 802 4935 μαθόντες
819 4866 899 4918 ιὲκ
933 4866 1032 4934 τῆς
1075 4864 1227 4928 θείας
1265 4866 1507 4936 Γραφῆς,
1542 4865 1617 4936 μὴ
1655 4865 1770 4918 τολ·

187 4956 466 5026 μήσωμεν
507 4957 642 5020 ὅλως
691 4955 1013 5010 πεποιθέναι
1053 4956 1088 5026 ἢ
1128 4959 1269 5027 μέγα
1313 4959 1530 5026 φρονεῖν
1581 4955 1673 5008 ἐπὶ
1703 4955 1770 5025 τῇ

183 5045 424 5114 δυνάμει
456 5045 491 5117 ἥ
515 5047 786 5116 εὐρωστίᾳ
811 5043 906 5099 τοῦ
933 5045 1184 5116 σώματος
1213 5046 1401 5117 ἡμῶν·
1457 5045 1544 5100 ίνα
1580 5044 1652 5115 μὴ
1677 5044 1775 5113 τὴν

187 5139 446 5204 κατάραν
468 5137 562 5191 τοῦ
601 5137 946 5208 στηρίζοντος
974 5137 1154 5206 σάρκα
1185 5137 1472 5209 βραχίονας
1497 5135 1664 5190 αὑτοῦ
1690 5133 1776 5205 ἐφ’

183 5231 412 5294 ἑαυτοῖς
439 5233 844 5302 ὲπενέγκωμενι
881 5231 1071 5284 Πολλοὶ
1097 5233 1206 5303 γάρ
1233 5233 1372 5284 εἰσιν
1393 5233 1443 5284 oi
1482 5231 1774 5300 καυχώμε-

182 5341 294 5376 νοι.
323 5325 420 5376 καὶ
449 5323 721 5392 λέγοντες,
762 5323 827 5377 Al
856 5322 1038 5394 χεῖρές
1070 5339 1172 5391 μου
1233 5324 1524 5394 τρέφουσιν
1555 5322 1648 5376 καὶ
1677 5319 1776 5390 ἐμὲ

185 5417 292 5470 καὶ
321 5415 514 5478 ἄλλους
537 5431 551 5443 ’
583 5416 676 5468 καὶ
707 5414 844 5484 ἔχων
879 5419 976 5478 τὰς
1004 5414 1193 5486 χεῖράς
1235 5431 1359 5483 μου,
1404 5413 1641 5482 δύναμαι
1681 5411 1778 5474 ζῆ-

187 5521 314 5560 σαι.
347 5501 510 5560 Οὗτοί
550 5507 688 5570 εἰσιν
719 5505 935 5576 ἀληθῶς
985 5508 1034 5560 οἱ
1084 5505 1500 5576 ματαιόφρονες,
1544 5504 1638 5556 καὶ
1676 5519 1779 5573 μα-

263 5671 313 5766 ’ξ
355 5665 1068 5766 Μξιῐιὶι.ν1.,ξβῦ,ξῗ.1”οῐλυε.
1107 5668 1334 5766 κιικ-’ὃιἱ
1403 5661 1666 5766 illaab;
1690 5677 1763 5766 ιιζ

1865 5677 1980 5730 [Ἥ.
2059 5661 2310 5715 “Matth.
2348 5677 2422 5724 Ix,
2461 5659 2534 5715 20
2563 5677 2720 5734 seqq.

1910 5735 1966 5766 ’ξι
2079 5733 2124 5762 89
2173 5732 2290 5766 θέαι
2383 5747 2531 5766 num
2602 5733 2669 5766 HI

635 5741 684 5792 4.
766 5739 856 5792 ³⁷1
906 5739 1034 5808 Reg.
1103 5754 1161 5802 ιι,
1211 5740 1264 5803 5,
1308 5739 1360 5792 4.
1435 5737 1479 5766 ⁹⁴
1527 5735 1686 5788 Prov.
1739 5747 1846 5801 ut,
1910 5735 1996 5784 Si.
2079 5735 2124 5762 ³³
2173 5735 2306 5806 Psal.

628 5811 671 5841 "
701 5810 843 5865 Psal.
885 5825 1030 5874 xu",
1073 5808 1127 5862 7.
1205 5811 1250 5840 ³³
1299 5811 1409 5865 Act.
1447 5821 1574 5868 xvn,
1619 5803 1708 5855 28.
1787 5803 1832 5834 ³⁸
1881 5803 2068 5856 Μιιιλιιι.
2125 5819 2173 5867 x,
2207 5803 2306 5855 29.

184 5741 243 5773 ³⁸
273 5741 459 5796 Amos
501 5759 556 5804 ll,
608 5741 684 5792 14.

187 5810 238 5846 ³⁸
287 5810 428 5866 ibid.
468 5811 554 5864 l7.

485 5905 753 5965 ΡΑΤειοι..
802 5903 918 5962 Gn.
958 5905 1120 5965 LXX
1137 5905 1311 5966 XIX.

766 5739 809 5769 "'
843 5740 856 5792 I
906 5739 1034 5808 Reg.

1871 4596 2173 4654 pauperem
2213 4591 2270 4635 et
2310 4595 2546 4648 egenum
2591 4595 2622 4634 a
2660 4581 3056 4652 diripientibus
3097 4598 3266 4650 eum;
3302 4585 3356 4640 in
3396 4594 3448 4639 ιςε

1867 4675 2142 4746 siquidem
2187 4674 2426 4730 vivimus
2478 4687 2530 4729 et
2577 4689 2866 4730 movemur
2930 4685 2986 4732 et
3036 4693 3228 4733 sumus
3272 4678 3336 4734 ³³.
3386 4681 3449 4734 Et

1869 4770 2140 4826 fortitudo
2196 4779 2383 4824 nostra
2440 4777 2498 4824 et
2548 4767 2722 4823 robur
2769 4768 2868 4824 abs
2905 4778 2954 4825 te
2987 4777 3094 4835 est,
3142 4771 3238 4826 sed
3268 4779 3324 4825 et
3353 4788 3444 4828 ca-

1869 4863 2036 4934 pilius
2075 4861 2144 4918 de
2191 4863 2373 4932 capite
2419 4869 2610 4916 nostro
2658 4875 2768 4916 non
2815 4860 2977 4915 cadet
3021 4865 3191 4932 super
3241 4870 3446 4918 terram

1871 4954 2081 5023 absque
2119 4963 2214 5008 tuo
2251 4962 2390 5006 nutu
2411 4952 2478 5018 “,
2506 4967 2540 5006 ο
2571 4951 2870 5020 plasmator
2893 4961 3082 5006 noster
3103 4959 3160 5007 et
3195 4953 3449 5010 humana:

1873 5047 2078 5101 salutis
2126 5043 2408 5100 assertor!
2474 5043 2688 5114 1187
2738 5043 2865 5098 Haec
2897 5043 3066 5113 igitur
3115 5039 3448 5116 cum'probe

1871 5138 2214 5199 noverimus,
2273 5135 2460 5190 divina
2509 5150 2611 5189 nos
2669 5134 2960 5190 erudiente
3009 5133 3315 5206 Scriptura,
3379 5136 3450 5190 dc

1871 5228 2048 5284 nostri
2097 5227 2350 5298 corporis
2399 5234 2496 5280 aut
2549 5225 2766 5281 viribus
2827 5235 2924 5280 aut
2973 5225 3190 5298 integra
3241 5226 3453 5283 v‘aletu-

1871 5321 2002 5376 dine
2054 5319 2192 5374 nihil
2231 5319 2458 5375 omnino
2513 5325 2723 5372 temere
2775 5332 2841 5372 ac
2873 5317 3224 5388 prafidenter
3275 5318 3450 5376 susti-

1875 5427 2103 5467 ncamns
2153 5424 2510 5482 praesumere,
2557 5415 2656 5464 aut
2706 5410 3082 5479 praegestienti
3124 5411 3312 5466 animo
3361 5409 3452 5467 in-

1877 5504 2174 5569 solescere,
2235 5509 2298 5556 ut
2343 5516 2414 5556 ne
2464 5499 2614 5555 illius
2664 5499 3106 5558 maledictioneni
3154 5503 3445 5558 adversum

2817 5663 2864 5697 "
2887 5664 3047 5720 Deut.
3080 5679 3196 5727 vm,
3233 5663 3324 5728 17,
3363 5663 3451 5720 18.

1910 5735 1996 5784 Si.
2079 5733 2124 5762 ³³
2173 5732 2315 5786 Psal.
2383 5747 2558 5797 CXLVI,
2602 5732 2699 5787 ill."
2820 5733 2866 5767 ”
2906 5735 3050 5790 Psal.
3120 5749 3287 5801 χχιιι,
3370 5733 3451 5791 16.

3131 5897 3212 5957 55
