4042 6512
581 330 727 396 1743

1858 323 2228 387 ANTIOCHI
2269 322 2614 385 nonem
3654 327 3739 398 ιω

582 445 770 508 uilms,
801 442 965 509 inque
1004 436 1199 490 cellula
1220 436 1480 506 quapiam
1503 434 1675 491 dedas
1705 442 1757 489 te
1788 432 2076 499 custodiae,
2109 448 2175 489 ac

2281 433 2416 489 ἀλλὰ
2463 432 2589 487 τότε
2644 429 2819 498 λαλεῖ,
2854 433 2986 487 ὅταν
3019 431 3160 506 θέλῃ
3196 430 3359 486 αὐτὸν
3385 432 3543 499 ὀθεὺς
3564 436 3741 510 λαλῆσαι.

581 533 813 593 salvcris
867 546 969 586 ceu
1022 543 1221 599 caprea
1269 527 1461 583 vitatis
1518 527 1734 597 laqueis
1779 525 2055 593 -assolet,
2114 534 2172 581 et

581 627 735 700 quasi
769 626 888 681 avis
917 639 949 679 e
989 621 1233 685 reticulo,
1255 620 1506 690 aucupis.
1542 618 1751 689 Laquei
1779 619 1928 674 enim
1973 627 2030 674 et
2077 635 2174 690 pe-

580 725 717 778 dica:
738 728 867 777 sunt
887 714 1268 788 aspirantibus
1282 712 1352 769 ad
1373 713 1633 777 salutem,
1660 712 2010 768 saecularium
2043 727 2175 769 con-

582 828 826 885 gressus,
857 824 921 865 ac
954 808 1185 879 prolixa:
1249 820 1444 861 eorum
1492 803 1979 859 confabulationes
2011 818 2172 857 men-

586 918 695 961 tem
723 917 957 974 prorsus
987 907 1218 955 avocant
1260 913 1291 952 a
1329 895 1426 952 Dei
1468 896 1870 967 gloriﬁcatione
1915 905 1973 953 et
2003 895 2169 966 spiri-

587 998 716 1052 tuali
748 995 957 1050 laetitia.
991 992 1071 1048 Eo
1094 992 1399 1047 etiamnum
1442 990 1617 1061 ipsam
1654 989 1887 1061 adigunt
1924 989 2173 1045 necessi—

587 1090 735 1151 tatis,
770 1096 830 1142 ut
887 1084 1037 1140 aliud
1103 1083 1241 1138 nihil
1297 1082 1709 1152 contempletur
1740 1096 1906 1151 quam
1950 1080 2173 1136 illorum

586 1179 927 1249 vaniloquia,
979 1177 1136 1247 juxta
1180 1174 1579 1230 Parmmiasteu
1611 1192 1622 1226 :
1664 1192 1681 1224 ι
1721 1172 1953 1242 Decepit
1987 1181 2173 1228 autem

583 1291 709 1331 cum
756 1273 929 1328 multo
965 1282 1241 1327 sermone.
1283 1267 1471 1322 verbis
1521 1274 1705 1321 autem
1758 1265 2031 1325 labiorum
2070 1266 2176 1320 im-

584 1369 733 1439 pegit
764 1380 893 1422 eum
919 1364 985 1417 ⁸³.
1032 1382 1051 1414 ›
1091 1360 1250 1429 Quod
1289 1360 1343 1421 ,si
1404 1360 1633 1431 propius
1680 1374 1782 1414 nos
1825 1359 2054 1423 adeunt,
2106 1360 2175 1416 de

584 1461 783 1517 anima:
814 1455 1043 1513 salutari
1078 1455 1317 1510 utilitate
1348 1453 1685 1518 consulturi,
1710 1469 1836 1508 cum
1867 1452 1988 1508 istis
2012 1453 2177 1510 liccat

587 1563 773 1606 texere
806 1561 1122 1604 sermonem
1161 1561 1287 1603 cum
1318 1544 1617 1600 verborum
1649 1544 2021 1614 compendio,
2053 1560 2177 1615 qua

584 1642 793 1712 alioqui
825 1640 1019 1696 divino
1044 1637 1270 1694 condita
1300 1636 1415 1692 sint
1448 1636 1583 1701 sale,
1625 1645 1682 1692 et
1705 1636 1858 1691 illinc
1893 1653 1997 1692 nos
2022 1644 2178 1692 actu-

584 1744 704 1811 tum
756 1729 1152 1802 proripiamus.
1190 1727 1323 1785 Plus
1376 1728 1531 1780 enim
1572 1725 1677 1780 hac
1707 1734 1897 1781 nostra
1931 1725 2176 1781 brevilo-

2279 527 2447 580 Ὅταν
2475 521 2569 580 οὖν
2601 541 2746 589 τινες
2771 523 3203 594 παραϐάλλωσιν
3268 523 3516 593 ὡφελείας
3538 528 3747 602 lamna;

2274 616 2495 687 ἔχουσιν
2530 615 2716 669 πίστιν
2758 614 2906 668 θείου
2942 615 3302 684 Πνεῦματος,
3336 617 3392 668 ὲν
3422 617 3622 689 πρώτοις
3643 625 3750 694 γένη.

2273 725 2364 760 ται
2390 704 2633 772 ἔντευξις
2655 706 2794 777 πρὸς
2817 705 2909 763 τὸν
2938 705 3072 759 Θεὸν
3094 706 3232 776 περὶ
3255 706 3485 761 πάντων.
3505 708 3596 763 Καὶ
3617 713 3702 768 τότε
3717 719 3753 771 τὸ

2276 795 2421 848 θεῖον
2468 778 2699 866 Πνεῦμα
2720 795 2930 868 πληροῖ
2957 796 3053 848 τὸν
3074 794 3394 871 ἄνθρωπον,
3422 799 3513 853 καὶ
3527 790 3754 872 ﬂumen;

2275 888 2448 963 λαλεῖ,
2472 888 2655 953 καθὼς
2700 891 2730 943 ό
2771 888 2981 958 Κύριος
3031 887 3290 957 βούλεται
3319 904 3349 945 ’λ
3376 889 3597 965 βοῦλετοι
3626 895 3670 949 δὲ
3698 900 3757 952 τοῦ
3818 926 3821 965 ς

2279 981 2518 1051 σωθῆναι
2545 981 2723 1041 πάντα
2749 979 3063 1052 ἄνθρωπον.
3093 980 3279 1034 Καλὸν
3325 982 3423 1052 μὲν
3448 983 3505 1036 τὸ
3539 985 3614 1039 διὰ
3646 986 3759 1056 λόγωι

2276 1072 2508 1141 ὠφελεῖν
2557 1074 2689 1138 τοὺς
2748 1073 3200 1144 πυνθανομένους
3224 1092 3239 1105 ·
3279 1078 3523 1143 κρεῖσσον
3559 1076 3609 1131 δὲ
3647 1080 3694 1132 τὸ
3722 1081 3759 1135 δι’

2279 1167 2481 1237 ἀρετῆς
2519 1168 2615 1219 καὶ
2667 1167 2983 1238 προσευχῆς
3042 1169 3334 1238 συνεργεῖν
3371 1168 3560 1233 αὐτοῖς.
3587 1171 3683 1242 Χρὴ
3708 1172 3761 1228 eiu

2277 1260 2404 1321 τοὺς
2453 1259 2710 1322 θέλοντας
2750 1259 3060 1328 κτήσασθαι
3114 1260 3182 1313 τὸ
3248 1260 3450 1330 πλῆθος
3486 1263 3584 1315 τῶν
3604 1267 3761 1335 ἀρετῶν,

2282 1354 2421 1423 μήτε
2471 1351 2656 1423 δόξης,
2685 1352 2961 1423 ἐφίεσθαι,
3000 1354 3148 1424 μήτε
3194 1353 3412 1417 πολλοῖς
3453 1360 3761 1427 συντυγχάνειν.
3822 1360 3823 1375 ι

2279 1445 2462 1509 καθὼς
2497 1446 2716 1517 εἴρηται
2748 1461 2763 1477 ·
2800 1446 2938 1518 μήτε
2970 1446 3231 1516 προόδοις
3258 1446 3503 1527 συνεχέσι
3822 1478 3823 1527 ἶ

2277 1539 2311 1611 ἢ
2349 1539 2611 1609 λοιδορεῖν
2639 1556 2815 1603 τινας,
2843 1541 2891 1591 εί
2920 1538 3018 1592 καὶ
3053 1540 3103 1593 oi
3140 1539 3540 1610 λοιδορούμενοι
3561 1542 3642 1612 τῆς
3660 1544 3763 1598 λοιδι

2282 1633 2404 1706 ρίας
2457 1634 2599 1687 εἰσὶν
2641 1634 2808 1701 ἄξιον
2854 1637 2994 1706 μήτε
3051 1634 3232 1691 πολλὰ
3277 1635 3617 1705 ὁμιλεῖν.ιιᾶν
3655 1641 3764 1695 πάντα

2281 1727 2425 1789 καλὰ
2452 1728 2634 1796 λέγειν
2673 1728 2951 1783 δύναιντο.
2996 1730 3063 1782 Ἥ
3091 1728 3207 1798 γὰρ
3242 1729 3762 1801 πολυλογίαήᾶμετρις,

585 1824 817 1897 quentia
873 1822 1319 1883 aediﬁcabuntur,
1347 1834 1513 1890 quam
1563 1818 1612 1874 si
1645 1818 2026 1888 longissimam
2050 1830 2178 1872 ora-

2282 1817 2671 1889 διαιρθείρουσα
2685 1819 2777 1872 τὸν
2805 1818 2956 1882 νοῦν,
2974 1820 3036 1873 οὐ
3071 1820 3240 1890 μόνον
3278 1822 3412 1891 περὶ
3440 1832 3535 1890 τὴν
3556 1838 3764 1891 πνευματι-

590 1919 800 1974 tionem
859 1930 1224 1986 prorogemus
1284 1913 1353 1969 de
1410 1913 1579 1969 rebus
1636 1912 1853 1966 mundi.
1901 1906 2070 1978 "Quod
2134 1911 2179 1965 si

586 2010 864 2082 quispiam
915 2009 1163 2078 objiciat,
1191 2007 1327 2081 quid
1384 2006 1577 2078 utique
1628 2005 1831 2061 Paulus
1868 2006 1938 2060 ad
1961 2017 2178 2060 noctem

590 2118 767 2173 usque
794 2102 1184 2171 intempestam
1215 2100 1417 2169 legitur
1445 2099 1794 2170 protendisse
1820 2113 2133 2153 sermonem
2163 2115 2180 2161 ;

587 2196 828 2266 primum
865 2194 997 2249 huic
1041 2192 1458 2263 responderim,
1487 2192 1637 2261 quod
1667 2193 1738 2247 ab
1761 2192 1846 2247 eis
1868 2199 2019 2246 esset
2054 2206 2179 2243 tum:

588 2288 903 2350 soluturus,
942 2284 1147 2340 deinde
1198 2283 1327 2355 quia
1369 2298 1564 2340 recens
1596 2290 1757 2341 erant
1786 2281 1968 2337 edocti
1994 2281 2180 2351 prima

591 2378 721 2437 ﬁdei
755 2380 1095 2433 rudimenta.
1126 2376 1285 2433 Tunc
1312 2376 1465 2431 enim
1488 2376 1729 2454 primum
1754 2375 1865 2445 jaci
1899 2382 2183 2444 cmperant

590 2470 950 2526 fundamenta
988 2470 1113 2525 ﬁdei
1146 2485 1257 2540 per
1312 2467 1762 2539 praedicationem
1809 2465 2071 2522 ferendae.
2100 2462 2181 2519 Ad

591 2568 729 2629 haec,
756 2566 958 2619 Paulus
992 2563 1204 2634 Spiritu
1234 2572 1429 2618 sancto
1459 2567 1581 2615 erat
1604 2561 1822 2631 plenus,
1849 2573 1976 2612 nam
1998 2567 2055 2612 et
2085 2572 2184 2625 per

590 2673 718 2711 eum
747 2656 863 2727 ipse
888 2656 1132 2725 Spiritus
1154 2654 1506 2725 loquebatur.
1532 2654 1932 2722 Argumentum
1953 2648 2184 2705 evidens

593 2749 743 2822 quod
773 2750 897 2819 quis
930 2748 1198 2818 Spiritum
1226 2756 1477 2802 sanctum
1512 2746 1736 2811 habeat,
1769 2744 2008 2814 primum
2062 2742 2185 2812 qui-

592 2844 717 2896 dem
748 2842 794 2895 si
828 2849 1154 2895 mansuetus
1179 2849 1286 2905 est,
1315 2838 1361 2894 si
1388 2838 1698 2908 requietus,
1737 2846 1795 2892 et
1825 2836 1893 2891 de
1922 2851 1981 2891 se
2014 2849 2182 2906 quam

595 2933 1007 2990 modestissime
1047 2932 1257 2987 sentiat
1287 2949 1302 2998 ;
1329 2929 1375 2985 si
1434 2930 1541 2985 sibi
1598 2937 1871 2998 temperat
1913 2927 1983 2983 ab
2030 2926 2183 2981 omni

593 3040 736 3079 vana
771 3023 1078 3094 cupiditate
1103 3022 1291 3077 saeculi
1328 3021 1517 3090 hujus,
1552 3034 1725 3089 seque
1752 3019 1931 3088 ipsum
1970 3017 2185 3073 caeteris

597 3116 920 3170 hominibus
951 3116 1127 3168 multo
1153 3115 1390 3168 aestimet
1413 3112 1755 3168 interiorem.
1788 3111 1893 3167 Sed
1920 3126 2099 3180 neque
2137 3110 2186 3165 is

594 3207 689 3276 qui
729 3205 945 3260 alllatus
968 3214 1053 3261 est
1081 3204 1290 3275 Spiritu
1331 3212 1546 3269 sancto,
1583 3203 1804 3273 quando
1848 3204 1967 3258 vult
2010 3203 2184 3273 loqui,

594 3300 843 3370 loquitur
896 3298 1163 3370 Spiritus,
1216 3298 1313 3353 sed
1369 3307 1502 3353 tunc
1545 3297 1829 3366 loquitur,
1862 3295 1909 3351 si
1961 3295 2186 3364 quando

599 3389 799 3469 siverit
850 3388 1004 3466 illum
1047 3388 1198 3460 loqui
1231 3390 1397 3466 Deus.
1427 3388 1565 3445 Cum
1599 3388 1767 3460 igitur
1801 3388 2053 3443 nonnulli
2081 3402 2186 3443 nos

596 3480 839 3535 adierint
890 3479 1149 3535 utilitatis
1206 3480 1495 3550 captandas
1548 3480 1749 3551 gratia,
1781 3479 1827 3534 si
1866 3478 1968 3534 'isti
2013 3477 2183 3534 tidem

596 3575 840 3630 habeant
871 3574 1049 3628 divini
1095 3574 1264 3645 hujus
1295 3573 1559 3644 Spiritus,
1593 3575 1651 3629 in
1677 3575 1874 3645 primis
1902 3573 1971 3628 ad
2008 3573 2182 3628 Deum

594 3684 695 3737 pro
755 3667 1078 3723 hominibus
1152 3666 1417 3722 fundatur
1486 3667 1895 3737 interpellatrix
1957 3664 2186 3721 oratio:

594 3773 720 3811 nam
782 3767 914 3812 tunc
944 3757 1187 3828 Spiritus
1229 3757 1321 3813 ille
1341 3757 1565 3812 divinus
1596 3757 1863 3827 adimplet
1881 3756 2185 3823 hominem,

592 3852 687 3920 qui
717 3852 894 3921 gratia
931 3851 1201 3922 impletus
1225 3851 1479 3921 loquitur
1510 3852 1626 3923 jam
1653 3852 1809 3923 juxta
1842 3851 2063 3905 Domini
2092 3866 2191 3906 vo-

593 3942 864 4023 luntatem
893 3960 907 3997 :
939 3945 1061 3999 vult
1094 3953 1283 4015 autem
1312 3944 1467 4014 ipse,
1497 3960 1722 3999 omnem
1764 3943 2046 4000 hominem
2077 3944 2190 3999 sal-

591 4047 721 4115 vum
780 4033 902 4089 ﬁeri
924 4034 989 4089 “.
1023 4035 1168 4091 Sane
1199 4044 1259 4090 ut
1282 4035 1495 4092 bonum
1517 4036 1589 4092 sit
1614 4037 1822 4092 auxilio
1846 4052 1969 4092 esse
1999 4036 2188 4092 verbis

2284 1909 2384 1980 κὴν
2409 1910 2674 1980 ἐργασίαν
2700 1911 2872 1981 ἀργὸν
2900 1911 3064 1967 αὑτὸν
3078 1909 3481 1980 ἐναπεργάζεται,
3504 1913 3621 1966 ἀλλὰ
3642 1920 3706 1966 καὶ
3722 1917 3763 1984 τῷ

2283 2004 2379 2072 τῆς
2418 2003 2651 2072 ἀκηδίας
2690 2003 2857 2057 αὐτὸν
2894 2003 3241 2075 παραδίδωσι
3270 2003 3515 2075 δαίμονι,
3537 2004 3765 2076 Ὥσπεροῦν

2284 2094 2340 2146 αἱ
2372 2093 2534 2164 θύραι
2562 2093 2655 2148 τοῦ
2697 2094 2986 2165 βαλανείου
3046 2095 3301 2165 συνεχῶς
3357 2097 3763 2167 ἀνοιγόμεναι.τξν

2283 2184 2432 2237 ἕνδοθ
2445 2185 2569 2238 ενθέ
2578 2202 2725 2257 ρμην
2756 2184 2950 2239 θᾶττον
2970 2185 3247 2240 ὠθοῦνται
3280 2186 3416 2257 πρὸς
3442 2188 3506 2242 τὰ
3525 2188 3615 2253 ἔξω
3632 2205 3644 2217 ο
3665 2190 3765 2254 οὗτος

2285 2276 2382 2330 καὶ
2414 2278 2448 2346 ὴ
2477 2276 2624 2347 ψυχὴ
2654 2278 2783 2331 ὅταν
2814 2278 2984 2330 πολλὰ
3008 2278 3160 2332 θέλει
3192 2278 3557 2348 διαλέγεσθαι,
3581 2284 3657 2335 καὶ
3692 2286 3763 2336 ai:-

2283 2385 2404 2422 τοτε
2439 2369 2579 2422 καλὰ
2606 2369 2781 2437 λέγει,
2815 2369 2914 2440 τὴν
2934 2370 3140 2440 ἑαυτῆς
3177 2373 3428 2442 μνήμην,
3451 2372 3534 2426 διὰ
3549 2376 3634 2440 τῆς
3661 2392 3753 2442 wn
3822 2384 3823 2397 ‘

2283 2463 2444 2530 τικῆς
2500 2459 2681 2531 πύλης
2725 2460 3126 2532 διαφθείρεται.
3163 2463 3326 2535 Καλὴ
3385 2459 3476 2517 οὖν
3521 2465 3645 2518 ἐστιν
3686 2483 3763 2518 κατι

2285 2552 2466 2606 πάντα
2492 2553 2525 2621 ή
2554 2553 2733 2624 σιωπή
2759 2570 2770 2583 ·
2793 2554 3064 2625 θησαυροὶ.
3095 2555 3209 2625 γὰρ
3240 2556 3511 2625 βασιλικοὶ
3527 2558 3768 2629 alucitis»

2286 2661 2377 2697 ται
2406 2645 2652 2715 χρυσίου,
2677 2646 2773 2699 καὶ
2812 2645 2931 2709 vde;
2983 2647 3095 2700 τῶν
3142 2649 3370 2719 ἀληθῶς
3401 2650 3643 2721 μοναχῶν,
3669 2650 3765 2702 πλον·

2288 2737 2408 2803 σίας
2450 2736 2862 2807 πλησθήσονται
2922 2739 3179 2805 γνώσεως
3207 2758 3222 2771 ·
3247 2744 3299 2792 εἰ
3332 2741 3391 2795 δὲ
3441 2743 3530 2794 καὶ
3564 2742 3767 2810 ἀναγκαῖόν

2287 2833 2435 2884 ἐστιν
2466 2830 2526 2883 τὸ
2569 2831 2865 2897 διδάσκειν,
2917 2834 3056 2905 πρὸς
3113 2836 3489 2906 ἐπανόρθωσιν
3513 2835 3662 2906 ψυχῆς
3680 2836 3765 2901 γινέ-

2289 2923 2422 2978 σθω.
2451 2921 2746 2997 Χρῄζομεν
2798 2921 2894 2980 οῦν
2944 2929 3003 2980 ἐν
3044 2930 3113 2999 τῇ
3136 2927 3459 2999 διδασκαλίᾳ
3489 2927 3765 2999 ἀδιαφτιορεαν.

2289 3016 2633 3085 σεμνότητα,
2695 3017 2855 3085 λόγον
2922 3019 3088 3089 ὑγιῆ,
3151 3020 3584 3089 ἀκατάγνωστον,
3634 3018 3764 3071 ίνα’ἱι’

2289 3109 2446 3179 ἡμῶν
2500 3107 2732 3180 δοξασθῇ
2776 3112 2806 3162 ὁ
2847 3110 2982 3174 Θεὸς
3039 3114 3098 3164 ὲν
3159 3114 3350 3166 πᾶσιν.
3379 3130 3399 3163 ι
3436 3114 3512 3165 Τὰ
3557 3112 3645 3181 γὰρ
3684 3111 3767 3163 ὅπλα

2287 3200 2469 3271 ἡμῶν,
2503 3202 2565 3254 οὔ
2639 3204 2899 3274 σαρκικὰ.
2942 3222 2960 3253 ›
3000 3204 3136 3256 ἀλλὰ
3196 3203 3403 3257 δυνατὰ
3451 3203 3524 3274 τῷ
3558 3202 3653 3270 Θεῷ
3688 3201 3767 3269 se);

2288 3293 2608 3364 καθαίρεσιν
2660 3294 3034 3366 ὀχυρωμάτων
3070 3313 3084 3327 ε
3141 3296 3439 3366 λογισμοὺς
3492 3294 3768 3363 καθαὲροντεξ.

2289 3387 2384 3441 καὶ
2413 3386 2755 3458 πᾶνμῦψωμα
2786 3389 3154 3460 ἐπαιρόμενον
3186 3390 3335 3443 κατὰ
3363 3389 3461 3458 τῆς
3490 3387 3695 3455 γνώσεως
3712 3383 3766 3435 τεῦ

2286 3480 2445 3545 Θεοῦ,
2489 3481 2641 3545 ὅπως
2691 3479 2947 3549 ἀθολώτῳ
2992 3481 3162 3553 ψυχῇ.
3189 3483 3287 3536 καὶ
3325 3481 3517 3553 πραείᾳ
3539 3475 3769 3548 καρίἱᾳ.οἱις

2286 3574 2487 3637 εὑῶδες
2509 3575 2760 3645 θυμίαμα
2784 3576 2819 3645 ἠ
2854 3574 2986 3645 εὐχὴ
3014 3552 3176 3644 ἡμῶν
3203 3552 3380 3644 δεκτὴί
3396 3574 3599 3642 γένηται
3620 3568 3679 3640 τῷ
3694 3569 3769 3619 ἐτά-
3821 3552 3823 3647 ξ

2288 3667 2433 3733 (mm
2467 3668 2697 3737 καρδίας
2729 3670 2825 3721 καὶ
2849 3668 3084 3737 νεφροὺς
3113 3668 3257 3737 θεῷ.
3285 3669 3452 3738 Φησὶν
3476 3666 3527 3718 δὲ
3553 3662 3630 3716 καὶ
3655 3663 3676 3713 ὁ
3698 3658 3766 3710 li-i-

2291 3778 2405 3832 ριος
2446 3764 2559 3824 τοῖς
2593 3760 2791 3814 ἑαυτοῦ
2847 3760 3122 3830 μαθηταῖς
3151 3777 3165 3792 ·
3197 3779 3217 3811 ‹
3265 3759 3450 3829 Ὑμεῖς
3480 3757 3569 3811 οῦκ
3608 3755 3698 3805 ἐστε
3729 3751 3765 3799 ἐκ

2286 3854 2382 3909 τοῦ
2435 3854 2640 3923 κόσμου
2673 3852 2891 3917 τούτου,
2924 3851 3041 3906 ἀλλ’
3065 3851 3178 3921 ἐγὼ
3226 3851 3548 3920 ἐξελεξάμην
3594 3847 3702 3915 ὑμᾶς
3726 3844 3763 3893 ἐκ

2289 3946 2383 3998 τοῦ
2439 3943 2649 4013 κόσμου
2681 3961 2694 3974 ο
2722 3944 2826 3997 οὐκ
2858 3942 2939 3996 ἐτι
2998 3942 3173 3997 πολλὰ
3224 3943 3443 4014 λαλήσω
3483 3937 3586 4011 μεθ’
3611 3934 3759 4004 ὑμῶν.»

2287 4036 2450 4108 Αὐτῷ
2478 4038 2512 4107 ἡ
2539 4035 2667 4102 δόξα
2699 4038 2778 4100 εἰς
2798 4036 2926 4101 τοὺς
2955 4037 3182 4102 αἰῶνας.
3213 4039 3409 4109 Ἆμήν.

593 4116 707 4209 tuis
736 4124 787 4180 ei
813 4126 910 4197 qui
939 4134 993 4182 te
1018 4127 1284 4197 quiddam
1318 4136 1498 4200 rogat,
1523 4128 1621 4184 sed
1649 4127 1976 4199 praestiterit
2003 4129 2078 4191 ei,
2150 4136 2212 4184 ut
2248 4142 2553 4199 cooperere
2611 4143 2713 4200 per
2766 4128 3034 4184 virtutem
3099 4138 3158 4185 et
3200 4132 3519 4186 orationem.
3550 4122 3632 4192 Qui
3656 4119 3759 4192 ἱεὶιιιτ

594 4218 739 4272 volet
760 4235 1116 4278 numerosam
1138 4222 1360 4293 assequi
1389 4223 1665 4278 virtutum
1725 4222 1967 4295 cepiam,
2031 4238 2262 4279 necesse
2295 4224 2369 4280 sit
2422 4223 2675 4296 defugiat
2718 4224 2902 4281 inanis
2955 4225 3147 4296 gloria:
3176 4225 3542 4297 cupiditatem,
3565 4234 3652 4275 non
3683 4227 3757 4268 cm

590 4306 781 4390 aliquo
816 4314 1009 4370 multis
1036 4312 1412 4377 conﬂictetur,
1437 4328 1541 4369 ceu
1578 4313 1788 4368 dictum
1825 4315 1939 4384 jam
1981 4323 2089 4381 est,
2157 4330 2228 4371 ne
2266 4314 2577 4371 continenti
2632 4330 2738 4370 usu
2799 4324 3132 4371 consuescat
3185 4331 3414 4387 pergere
3458 4313 3566 4369 aliis
3601 4307 3754 4361 ebrius:

592 4396 759 4459 nullis
786 4405 1157 4472 convicietur,
1191 4405 1498 4475 quamlibet
1527 4404 1679 4476 digni
1709 4405 1822 4460 sint
1849 4405 2055 4476 quibus
2103 4404 2418 4471 retalietur,
2456 4405 2553 4475 qui
2617 4405 2907 4460 incessunt
2972 4406 3206 4474 priores.
3230 4407 3359 4461 Non
3417 4405 3484 4458 ita
3506 4415 3609 4455 cum
3640 4394 3755 4450 multis

591 4498 1295 4565 scrnwcinetur,,etiamsi
1349 4499 1530 4554 videri
1585 4499 1805 4569 possint
1870 4500 2016 4555 bona
2083 4512 2205 4554 esse
2244 4514 2369 4569 quae
2415 4499 2603 4554 dicere
2653 4499 2897 4554 instituit
2954 4500 3162 4555 omnia.
3221 4499 3562 4556 lmmoderata
3593 4491 3752 4547 enimet
3822 4490 3823 4517 ‘

590 4590 819 4645 ell‘renis
848 4590 1148 4646 verborum
1179 4592 1441 4662 prolatio,
1472 4608 1582 4663 qua
1609 4592 1959 4663 periclitatur
1981 4593 2185 4648 mentis
2223 4592 2617 4663 tranquillitas,
2655 4594 2871 4663 1190
2928 4610 3041 4649 non
3103 4593 3294 4651 solum
3312 4594 3453 4649 circa
3482 4585 3750 4659 operationem
3821 4592 3823 4697 4

589 4683 937 4753 spiritualem
967 4682 1278 4739 lentescere
1336 4683 1469 4739 facit
1535 4698 1656 4737 eam
1691 4698 1755 4737 ac
1810 4682 2088 4748 desidere,
2156 4682 2254 4738 sed
2292 4691 2349 4738 et
2372 4681 2765 4738 molestissimo
2798 4683 3034 4739 (ιπηιοηί
3085 4683 3293 4739 acediae
3319 4682 3571 4752 mancipat
3589 4679 3693 4732 illam
3716 4682 3751 4723 ιε

590 4775 767 4831 dedit.
803 4776 951 4833 Sane
980 4775 1452 4855 quemadmodum
1506 4775 1867 4831 exaestuantis
1916 4775 2099 4830 balnei
2169 4773 2320 4830 fores
2369 4776 2725 4830 continenter
2799 4784 3005 4845 aperta:
3066 4776 3112 4830 si
3163 4787 3314 4838 sunt,
3358 4775 3582 4829 intimum
3608 4768 3746 4822 illorum

591 4871 833 4925 calorem
868 4868 1027 4942 ocius
1055 4867 1244 4924 elllant
1291 4877 1350 4924 et
1386 4868 1670 4937 expellunt
1701 4868 1758 4922 in
1797 4882 1862 4941 ea
1891 4884 2016 4938 qua:
2046 4875 2177 4924 sunt
2213 4868 2591 4934 extrinsecus;
2636 4868 2712 4922 ita
2762 4877 2821 4923 et
2885 4868 3068 4922 anima
3094 4869 3142 4923 si
3205 4869 3423 4939 quando
3456 4864 3598 4921 multa
3618 4869 3747 4916 sermo-

590 4964 766 5023 cinari
819 4964 990 5026 volet,
1044 4962 1257 5017 tametsi
1320 4961 1460 5016 nihil
1500 4976 1617 5017 non
1649 4961 1798 5017 dicat
1837 4961 2103 5016 decorum
2169 4969 2226 5015 et
2265 4963 2582 5023 honestum,
2618 4960 2943 5015 memoriam
3003 4970 3192 5015 tamen
3234 4962 3323 5017 sui
3350 4960 3505 5031 ipsius
3528 4953 3742 5044 perditptt
3822 4978 3823 5053 ι

590 5058 799 5114 vocalis
825 5066 1001 5129 portae
1037 5071 1329 5128 organum.
1368 5056 1665 5111 Silentium
1736 5055 1907 5126 igitur
1977 5070 2078 5125 per
2135 5053 2323 5109 omnia
2353 5055 2560 5108 bonum
2596 5067 2662 5108 ac
2731 5052 2877 5123 frugi
2898 5063 3005 5109 est.
3069 5054 3305 5125 Regales
3351 5051 3548 5124 quidem
3587 5046 3739 5129 thesauri

593 5127 975 5227 irnplehuntur
1012 5127 1174 5215 auro,
1207 5159 1264 5205 et
1285 5165 1484 5206 sensus
1510 5165 1705 5207 eorum
1731 5149 1827 5220 qui
1863 5163 1977 5203 non
2037 5148 2224 5205 fucate
2261 5157 2393 5203 sunt
2429 5148 2713 5213 monachi,
2747 5149 3151 5217 saturahuntur
3201 5147 3438 5204 scientiae
3459 5127 3738 5214 opulentiusi

592 5258 700 5311 qua
731 5243 956 5298 interim
982 5244 1227 5300 docendi
1248 5245 1526 5316 ingruerit
1554 5247 1880 5310 necessitas,
1906 5244 2186 5300 adanimae
2219 5246 2652 5309 correctionem,
2687 5245 2908 5300 doceto.
2970 5245 3033 5299 In
3094 5245 3199 5299 hac
3228 5253 3408 5298 tamen
3428 5233 3618 5294 docendi
3637 5226 3737 5285 tam

610 5354 678 5393 ne
703 5337 963 5392 volumus
1013 5338 1210 5394 adesse
1252 5338 1520 5395 doctrinae
1564 5340 1866 5411 legitimam
1916 5340 2415 5408 incorruptionem,
2444 5341 2795 5410 gravitatem,
2862 5340 3095 5396 verbum
3155 5356 3350 5395 santnn
3412 5345 3461 5391 et
3502 5325 3723 5399 ίπερηιιείη

593 5424 779 5499 sibJe,
834 5435 894 5481 ut
950 5443 1049 5496 per
1081 5443 1183 5482 nos
1243 5426 1584 5499 gloriﬁcetur
1643 5429 1789 5485 Deus
1841 5430 1899 5485 in
1951 5431 2234 5488 omnibus.
2294 5453 2313 5484 ι
2367 5434 2534 5487 Arma
2594 5451 2613 5485 ι
2652 5434 2803 5487 enim
2859 5453 2878 5485 ι
2933 5443 3124 5489 nostra
3157 5452 3271 5492 non
3310 5448 3432 5492 sunt
3458 5414 3735 5488 carnaliasel1

604 5521 853 5592 potentia
890 5521 1024 5587 Deo,
1076 5522 1142 5576 ad
1175 5522 1614 5577 destructionem
1649 5524 2026 5579 munitionum
2068 5543 2079 5579 :
2114 5526 2345 5581 consilia
2381 5526 2740 5582 destruenles
2768 5527 2814 5559 ⁸⁵
2875 5549 2892 5581 ι
2932 5543 2992 5584 ιιι
3021 5531 3206 5585 anima
3248 5531 3409 5585 nullis
3428 5527 3583 5598 agitata
3606 5518 3731 5571 itstt‘llt'
3818 5566 3819 5593 ἦ

601 5611 788 5680 periis,
821 5627 885 5667 ac
913 5613 1030 5668 miti
1069 5615 1256 5681 corde,
1302 5626 1493 5671 nostra
1531 5617 1708 5671 oratio
1742 5619 1887 5673 sicut
1924 5620 2208 5673 incensum
2241 5633 2410 5674 suave
2443 5620 2714 5691 fragrans,
2749 5623 3106 5690 acceptal'ilis
3150 5624 3203 5679 ei
3253 5625 3345 5680 ῆειι
3379 5624 3461 5693 qui
3484 5615 3608 5672 corda
3635 5618 3731 5664 εστίν
3810 5618 3819 5693 β

1543 5715 1567 5747 Ο

670 5776 713 5804 ’³
745 5771 903 5826 l-‘rov.
944 5788 1122 5837 xxviii,
1154 5774 1241 5826 25.
1324 5774 1367 5805 ’⁵⁸
1401 5776 1414 5829 l
1450 5776 1592 5831 Tim.
1630 5794 1689 5844 ll,
1726 5780 1774 5833 Il.

1857 5780 1897 5808 ‘5
1937 5779 1977 5832 ll
2010 5777 2137 5833 Cor.
2179 5795 2229 5844 τι,
2261 5782 2314 5835 .l.

3806 5162 3824 5507 l
