4042 6428
169 374 320 445 1745
1220 386 1553 447 ΗΟΜΠΛΛ
1594 389 1756 447 (illi.

1910 391 2003 449 DE
2046 388 2423 449 SILENTIO.
3328 386 3461 448 lT-iﬁ

166 505 329 552 tatur
356 504 415 550 et
447 511 631 564 renes,
654 514 853 573 nempe
898 500 1030 555 Deo.
1058 498 1166 556 Sed
1214 509 1271 555 et
1328 502 1595 557 Dominus
1645 502 1762 558 suis
1798 502 1940 558 dixit
1994 503 2288 573 discipulis
2327 520 2340 555 :
2379 521 2395 553 ι
2437 502 2548 557 Vos
2599 518 2708 554 non
2766 502 2903 578 estis
2952 501 3045 555 de.
3088 502 3296 556 mundo
3334 502 3460 561 hoc.

168 592 275 646 sed
321 607 426 664 ego
464 593 611 665 elegi
640 610 741 650 vos
778 594 847 650 de
888 596 1099 657 mundo
1134 615 1145 649 :
1185 613 1297 670 non
1325 598 1442 669 jam
1469 598 1644 659 multa
1673 599 1874 670 loquar
1914 598 2208 655 vobiscum
2239 598 2304 652 “.
2346 616 2363 649 ι
2403 596 2518 667 Ipsi
2588 596 2765 667 gloria
2832 597 2890 650 in
2961 598 3165 651 saecula
3228 597 3462 651 sacculo-

170 700 326 740 rum.
354 686 552 740 Amen.

170 700 326 740 rum.
354 700 552 742 nmen.

779 826 999 880 ΛΟΓΟΣ
1053 825 1173 881 ΡΡ.
1797 789 1848 846 Α

698 940 703 945 ’
751 939 887 1008 Περὶ
916 940 1204 1010 ἡσυχίας.
1464 904 1471 911 1
1818 904 1827 907 1

269 1052 499 1123 Ἠσλχία
543 1051 779 1120 ὠφελεῖ,
796 1053 906 1108 τῶν
943 1053 1131 1109 κακῶν
1170 1055 1483 1128 ἀργήσασα.
1528 1057 1655 1112 Ἐὰν
1707 1058 1768 1112 δὲ

1946 1058 2045 1115 Vel
2075 1057 2183 1114 hoc
2205 1054 2435 1113 nomine
2464 1054 2629 1110 nobis
2653 1054 3036 1110 emolumento
3065 1064 3150 1110 est
3179 1054 3467 1109 silentium

177 1145 282 1198 καὶ
308 1144 407 1207 τὰς
430 1144 705 1214 τέσσαρας
741 1144 945 1214 ἀρετὰς
983 1148 1041 1200 ὲν
1073 1150 1350 1219 προσευχῇ
1383 1146 1767 1220 προσλῶηται

1896 1158 1933 1207 :t
1958 1151 2203 1220 adjuvat,
2228 1149 2376 1220 quod
2404 1149 2602 1204 doceat
2624 1164 2655 1202 a
2681 1147 2843 1203 malis
2868 1147 3058 1202 feriari
3079 1147 3465 1217 etinterquie-

182 1234 462 1307 βοήθημα,
488 1237 631 1293 τοῦτ’
645 1236 781 1306 ἐστι,
812 1238 912 1308 τὴν
935 1238 1317 1311 μακροθυμίαν
1337 1242 1435 1294 καὶ
1454 1241 1555 1310 τὴν
1571 1258 1768 1295 ταπει-

1896 1260 2052 1301 icere.
2066 1243 2226 1312 Quod
2248 1244 2296 1299 si
2318 1242 2554 1299 virtutes
2580 1249 2822 1312 quatuor
2846 1241 3188 1296 in'oratione
3203 1240 3469 1296 concilia-

182 1329 553 1401 νοφροσύνην,
572 1332 884 1402 ἀγρυπνίαν
899 1349 957 1386 τε
975 1335 1067 1388 καὶ
1092 1334 1444 1405 ἐγκράτειαν,
1458 1334 1610 1388 οὐδὲν
1630 1335 1769 1407 αὐτῇ

1896 1338 1954 1393 rit
1973 1337 2081 1393 sibi
2102 1345 2160 1393 et
2178 1336 2460 1401 asciverit,
2483 1334 2692 1407 quibus
2714 1336 2948 1400 nitatur,
2973 1334 3243 1389 nimirum
3267 1334 3467 1406 longa-

186 1418 600 1491 συντομώτερον
625 1422 761 1490 πρὸς
789 1422 1080 1478 ἀπάθειαν.
1115 1424 1271 1495 Καλὴ
1300 1420 1394 1478 οὖν
1429 1426 1463 1495 ή
1514 1423 1773 1496 εὔκαιρος

1896 1432 2086 1487 ἠωοηι
2156 1430 2542 1491 tolerantiam.
2578 1428 2747 1483 animi
2777 1426 3132 1491 modestiam,
3194 1425 3466 1497 vigiliam,

188 1513 398 1581 σιωπὴ,
426 1512 583 1565 οὐδὲν
630 1512 819 1585 ἓτερον
864 1512 1019 1578 οὖσα,
1051 1516 1084 1586 ἢ
1121 1518 1308 1588 μήτηρ
1341 1517 1561 1572 ἐννοιῶν
1590 1535 1770 1587 σοφω·

1896 1519 2345 1591 .emperantiam;
2375 1517 2517 1572 nihil
2548 1518 2764 1586 uspiam
2800 1515 3055 1573 inveniet
3073 1514 3222 1585 quod
3250 1513 3472 1569 brevio-

187 1606 372 1657 τάτων
397 1622 411 1635 θ
442 1605 636 1677 ἐπειδὴ
666 1607 760 1659 καὶ
791 1607 852 1660 τὸ
874 1608 1079 1676 ἀγαθὸν
1104 1608 1329 1681 Πνεῦμα
1369 1611 1634 1679 ἐκφεύγει
1673 1612 1774 1682 τὴν

1896 1626 1944 1667 re
1992 1608 2326 1679 compendio
2373 1606 2617 1662 animam
2675 1605 2870 1661 reddat
2929 1605 3076 1660 circa
3120 1604 3472 1660 turbulentas

188 1697 544 1794 πολυλογίαν,
570 1699 646 1761 ὡς
685 1701 928 1771 ταραχῆς
955 1702 1137 1769 πάσης
1165 1703 1260 1755 καί
1284 1702 1587 1773 φαντασίας
1618 1702 1774 1766 ὲκτδς

1896 1704 2172 1775 passiones
2215 1701 2297 1756 sic
2343 1700 2621 1766 stabilem,
2657 1708 2719 1755 ut
2756 1698 3061 1755 silentium.
3086 1696 3261 1764 Quam
3301 1696 3472 1768 igitur

185 1788 276 1841 ὃν.
316 1787 378 1840 Ἦ
412 1783 736 1858 οὖν’ήσυχία
765 1789 841 1852 ὡς
872 1790 1010 1858 καλὴ
1039 1787 1174 1844 οὖσα
1229 1793 1412 1863 μήτηρ
1449 1790 1638 1845 πασῶν
1665 1792 1779 1846 τῶν

1896 1794 2136 1865 speciosa
2177 1806 2458 1862 quamque
2494 1799 2838 1861 opportuna,
2875 1797 2933 1845 et
2978 1787 3338 1845 accommoda
3385 1797 3475 1845 est

188 1875 405 1945 ἀρετῶν
429 1879 709 1947 τυγχάνει.
756 1880 812 1931 Ἀ
825 1882 1056 1952 πογεννᾷ
1077 1881 1186 1951 γὰρ
1208 1881 1376 1946 αὑτὰς
1404 1882 1490 1935 διὰ
1514 1882 1614 1952 τῆς
1640 1883 1777 1952 πρὸς

1896 1887 2050 1943 nobis
2098 1885 2281 1940 virtus
2335 1882 2585 1938 silentii?
2618 1880 2784 1936 Aliud
2835 1896 3068 1951 prorsus
3119 1879 3262 1935 nihil
3305 1894 3471 1951 quam

194 1968 331 2021 Θεὸν
362 1969 709 2025 ἀδιαλείπτου
740 1973 834 2025 καὶ
858 1975 1271 2043 ἀπερισπάστου
1308 1975 1554 2044 ἡσυχίας.
1573 1975 1635 2029 ’0
1657 1974 1780 2040 φιλ-

1896 1978 2426 2050 tapientissimarum
2484 1975 2885 2047 cogitationum
2942 1982 3142 2029 mater.
3189 1973 3474 2044 Benignus

192 2063 401 2130 ήσυχος
465 2064 700 2133 μοναχὸς
752 2065 1038 2132 ἀγαπᾶται
1076 2066 1181 2119 ὑπὸ
1228 2067 1325 2119 τοῦ
1368 2067 1525 2130 Θεοῦ,
1586 2067 1775 2139 ἐπειδὴ

1896 2072 2095 2128 etenim
2161 2070 2254 2126 ille
2326 2068 2571 2140 Spiritus
2629 2068 2723 2122 vix
2788 2067 2939 2123 aliud
3002 2075 3114 2122 tam
3183 2074 3476 2121 aversatur

191 2155 293 2208 καὶ
340 2154 501 2218 αὐτὸς
538 2155 769 2222 ἀγαπῶν
801 2158 891 2210 τὸν
915 2158 1050 2211 Θεὸν
1078 2158 1230 2231 αὑτῷ
1266 2159 1413 2229 μόνῳ
1441 2158 1583 2212 θέλει
1609 2175 1777 2229 προσ--

1896 2173 1942 2220 et
1985 2163 2146 2234 fugit,
2190 2171 2253 2217 ut
2284 2160 2623 2232 multiloquii
2662 2162 2987 2225 vanitatem,
3015 2158 3474 2231 quandoquidem

192 2245 409 2317 ομιλεῖν
454 2247 544 2301 διὰ
589 2247 688 2318 τῆς
732 2248 981 2319 καθαρᾶς
1034 2251 1365 2321 προσευχῆς,
1396 2253 1493 2305 καὶ
1537 2252 1633 2303 ἐπὶ
1677 2252 1781 2320 γῆς

1896 2258 1934 2312 is
1992 2257 2063 2312 ab
2124 2256 2275 2311 omni
2345 2255 2666 2310 turbulenta
2722 2269 2782 2309 se
2845 2254 3141 2310 submovet
3203 2254 3477 2322 intempe-

192 2336 400 2403 δ.άγων
452 2337 521 2389 τὰ
576 2337 807 2407 οὐράνια
855 2339 1208 2406 φαντάζεται.
1254 2341 1416 2404 ’Όλος
1447 2342 1557 2410 γὰρ
1592 2344 1619 2394 ό
1658 2341 1783 2404 νοῦς

1896 2348 1965 2404 rie
1994 2357 2165 2418 atque
2196 2348 2565 2403 ludiﬁcatoria
2606 2348 3024 2418 imaginatione.
3052 2344 3347 2401 Silentium
3378 2342 3477 2415 igi-

193 2428 364 2483 αὐτοῦ
416 2429 660 2498 μεριμνᾷ
688 2428 750 2481 τὸ
797 2429 914 2493 πῶς
944 2430 1130 2500 ἀρέσει
1170 2430 1250 2502 τῷ
1276 2430 1418 2502 Θεῷ,
1484 2432 1579 2484 καὶ
1630 2431 1784 2499 γενέ-

1896 2450 1977 2496 tur
2002 2450 2159 2496 tanto
2191 2456 2317 2496 cum
2349 2440 2638 2511 splendeat
2671 2439 2894 2502 decore,
2953 2448 3133 2494 mater
3171 2439 3298 2509 jure
3339 2452 3473 2492 cen—

2450 814 2735 882 HOMILIA
2767 826 2901 881 Clll.

2497 939 2586 1017 ,οε
2612 938 2843 997 silentio.

197 2519 325 2573 σθαι
371 2519 497 2582 ναὸς
540 2519 634 2573 τοῦ
678 2520 833 2588 ἁγίου
870 2521 1033 2574 αὐτοῦ
1065 2523 1400 2597 [Ινεῦματος.
1437 2523 1495 2576 Ὀ
1542 2523 1783 2587 τοιοῦτος

198 2611 287 2664 ἀεὶ
325 2611 609 2665 ὐποκλίνει
637 2612 728 2665 τὸν
752 2614 952 2683 αὐχένα
984 2614 1150 2667 αὐτοῦ
1175 2614 1251 2686 τῷ
1282 2615 1505 2686 ἐλαφρῷ
1533 2616 1628 2670 καὶ
1654 2633 1785 2689 χρη-

198 2704 313 2774 στῷ
339 2704 489 2774 ζυγῷ
512 2705 606 2758 τοῦ
623 2706 859 2776 Χριστοῦ
885 2723 899 2737 ⁶
924 2708 1017 2761 καὶ
1046 2708 1222 2761 πάντα
1262 2710 1331 2762 τὰ
1360 2708 1613 2778 ὁρώμενα
1637 2726 1782 2781 παρ-

196 2794 368 2867 ορῶν,
402 2796 511 2850 τῶν
554 2798 802 2868 ἀοράτων
862 2798 1095 2868 ἐφίεται.
1125 2799 1342 2854 Μᾶλλον
1375 2800 1432 2853 δὲ
1484 2801 1644 2854 αὑτὸν
1692 2800 1783 2853 τὸν

197 2889 435 2959 ἀόρατον
453 2890 528 2953 ὡς
565 2890 709 2957 όρῶν
732 2894 1015 2963 καρτερεῖ.
1048 2893 1112 2945 Ol.
1138 2892 1373 2946 τοιοῦτοι
1395 2896 1508 2957 τοῖς
1529 2892 1784 2961 ἀγγέλοις

199 2966 307 3052 τῷι
333 2981 433 3052 βίῳ
473 2976 909 3053 συναμιλλῶνται
943 3000 953 3011 ’
993 2984 1227 3039 πάντοτε
1250 2984 1351 3048 τὰς
1383 2985 1627 3055 ἐρήμους
1654 2984 1809 3055 διώ-ν

199 3088 415 3137 κοντες,
443 3071 531 3125 ἵνα
561 3074 621 3125 ἐν
650 3073 819 3144 πολλῇ
856 3074 1057 3144 ἡσυχίᾳ
1092 3075 1186 3128 καὶ
1221 3074 1528 3146 ἀμεριμνίᾳ
1557 3074 1636 3144 τῷ
1663 3074 1784 3145 Θεῷ

202 3160 672 3234 προσομιλοῦντες
698 3166 790 3218 τὸν
817 3166 1026 3219 ἑαυτῶν
1055 3166 1180 3220 νοῦν
1221 3165 1490 3235 ἔσοπτρον
1514 3166 1784 3236 ἀκηλίδω-

197 3273 296 3311 τον
345 3258 771 3328 ἁπεργάσωνται
789 3300 804 3324 ,
830 3260 971 3312 una
1001 3259 1093 3311 τὸν
1122 3259 1299 3328 μέγαν
1335 3260 1545 3323 Ἠλίαν,
1570 3261 1666 3312 καὶ
1694 3260 1787 3312 τὸν

201 3349 516 3421 πρόδρομον
572 3350 669 3403 καὶ
723 3349 1026 3420 βαπτιστήν
1082 3350 1176 3404 τοῦ
1229 3352 1434 3421 Κυρίου
1507 3351 1783 3421 Ἰωάννην.

198 3443 482 3513 Μακάριοι
509 3443 561 3495 οἱ
608 3440 839 3495 τοιοῦτοι
869 3444 961 3495 καὶ
999 3443 1092 3495 ἐπὶ
1139 3443 1244 3511 γῆς
1275 3444 1369 3496 καὶ
1399 3445 1456 3495 ὲν
1484 3444 1738 3514 οὐρανοῖς
1770 3458 1785 3473 ·

201 3532 405 3595 οἵτινες
469 3532 536 3586 τὰ
585 3534 764 3587 πάντα.
816 3532 1079 3602 ἡγοῦνται
1105 3532 1375 3597 σκύϐαλα,
1421 3533 1509 3585 ἵνα
1554 3533 1790 3602 Χριστὸν

204 3624 539 3697 κερδήσωσι,
567 3626 664 3678 καὶ
694 3624 999 3696 εὑρεθῶσιν
1028 3628 1087 3679 ἐν
1121 3626 1200 3697 τῷ
1224 3627 1412 3696 πραέῳ
1448 3626 1542 3678 καὶ
1581 3626 1793 3696 ήσυχίῳ

204 3717 483 3788 πνεύματι
525 3718 857 3788 βαδίζοντες,
894 3720 990 3771 καὶ
1035 3719 1271 3788 μάλιστα
1303 3721 1385 3781 εἰς
1415 3717 1510 3779 οὓς
1552 3718 1794 3787 ἐφθάσα-

204 3827 314 3881 μεν
340 3810 590 3881 καιρούς·
635 3810 819 3874 καθὼς
843 3813 869 3864 ὀ
907 3814 1193 3882 προφήτης
1232 3812 1413 3880 Ἀμὼς
1437 3814 1507 3866 τὰ
1536 3812 1666 3881 περὶ
1697 3810 1792 3865 τοῦ

203 3903 505 3967 ἐνεστῶτος
554 3903 748 3974 καιροῦ
797 3904 1256 3975 ἡμᾶς-παιδεύων
1304 3905 1491 3977 φησὶν,
1528 3923 1548 3957 ι
1595 3905 1682 3959 Ἐν
1716 3904 1796 3974 τῷ

204 3992 391 4064 καιρῷ
420 3993 615 4065 ἰκείνῳ
639 3992 890 4048 όλσυνιὼν
918 3996 1277 4067 σιωπήσεται,
1300 3997 1382 4050 ὃτι
1413 3997 1607 4067 καιρὸς
1630 4013 1797 4066 πονη-

208 4089 307 4160 ρός
337 4089 478 4142 ἑστι.
513 4107 533 4140 ι
578 4088 688 4143 Kal.
715 4090 744 4142 ό
789 4089 1039 4152 Ἡσαΐας,
1077 4110 1095 4142 ι
1135 4090 1326 4145 Μισῶν
1380 4092 1669 4161 πονηρίαν,
1701 4089 1797 4143 καὶ

202 4176 313 4242 τὰς
386 4179 576 4248 χεῖρας
643 4178 1033 4251 ἀποσειόμενος
1090 4180 1199 4234 ἀπὸ
1249 4181 1460 4252 δώρων,
1518 4183 1795 4251 καμμύων

204 4269 545 4339 ὀφθαλμοὺς,
568 4271 761 4342 ἵναμὴ
780 4272 865 4344 ἴδῃ
894 4272 1129 4337 ἀδικίαν,
1150 4267 1304 4338 οὗτος
1327 4274 1541 4344 οἰκήσει
1572 4278 1801 4347 ἐν’σπ-η-

205 4363 369 4435 λαίῳ,
398 4364 559 4435 ἄρτος
616 4363 766 4435 αὐτῷ
814 4364 1127 4436 δοθήσεται,
1171 4367 1265 4421 καὶ
1308 4366 1368 4420 τὸ
1427 4365 1573 4440 ὕδωρ
1631 4369 1797 4423 αὑτοῦ

206 4456 426 4513 πιστόν.
468 4476 486 4509 ι
515 4456 628 4512 Kal.
680 4459 746 4511 ὲκ
798 4457 1092 4529 προσώπου
1140 4459 1349 4530 Κυρίου
1391 4458 1577 4530 φησὶν,
1616 4461 1800 4513 ισἘπὶ

204 4550 339 4605 τίνα
370 4550 673 4622 meum,
706 4551 827 4613 Δἀλλ’
857 4553 890 4622 ἦ
922 4552 1016 4605 ἐπὶ
1039 4552 1130 4605 τὸν
1160 4551 1415 4606 ταπεινὸν
1433 4553 1526 4606 καὶ
1555 4553 1760 4624 ἥσυχον
1784 4595 1796 4619 ,

206 4645 313 4699 καὶ
358 4644 635 4715 τρὲμοντά
676 4662 777 4716 μου
816 4649 944 4710 τοὺς
965 4644 1158 4714 λόγους
1190 4662 1205 4710 ;
1245 4664 1264 4696 ι
1298 4645 1796 4717 Καὶεό-Ἱερεμίας,

213 4756 238 4790 ι
274 4737 372 4799 Τίς
399 4735 563 4790 δώσει
590 4754 700 4807 μοι,
724 4737 923 4804 λέγων,
949 4739 1007 4791 ὲν
1036 4740 1102 4809 τῇ
1132 4739 1344 4809 ἐρήμῳ,
1375 4737 1616 4809 σταθμὸν
1639 4739 1803 4810 ἔσχα-

1884 2540 2040 2589 setur
2068 2532 2341 2589 virtutum
2376 2532 2634 2587 monachi
2669 2551 2682 2585 :
2713 2546 2808 2586 eas
2829 2531 2981 2584 enim
3008 2536 3348 2599 progenerat
3379 2542 3479 2597 per

1879 2626 2071 2697 jugem
2116 2635 2176 2681 et
2212 2624 2551 2679 indivulsam
2600 2623 2669 2680 ad
2702 2624 2891 2678 Deum
2946 2619 3474 2690 interpellationem.

1887 2717 2191 2773 Monachus
2223 2717 2431 2772 silentii
2461 2726 2519 2772 et
2542 2715 2747 2787 quietis
2771 2724 2986 2770 amator
3013 2730 3124 2769 non
3148 2721 3337 2783 potest
3366 2726 3475 2765 non

1884 2825 1916 2863 a
1951 2808 2067 2864 Deo
2131 2807 2309 2877 diligi.
2342 2806 2482 2862 Cum
2538 2807 2688 2862 enim
2742 2805 2841 2861 Dei
2889 2819 3082 2858 amore
3141 2802 3483 2861 inardescat;

1885 2899 1990 2956 soli
2023 2901 2178 2970 cupit
2202 2900 2313 2955 Deo
2341 2899 2587 2970 colloqui
2620 2915 2721 2969 per
2741 2898 3022 2954 sinceram
3048 2896 3381 2951 orationem.
3409 2894 3479 2953 ls‘.

1885 2993 1990 3048 etsi
2013 2993 2227 3047 interra
2251 3000 2523 3056 moretur,
2539 2990 2787 3047 coelestia
2815 2998 3000 3045 tamen
3027 2986 3377 3043 transcendit
3394 2986 3482 3056 pia

1888 3085 2281 3155 imaginatione
2310 3103 2323 3139 τ
2352 3092 2467 3140 tota
2509 3084 2658 3139 enim
2687 3083 2855 3139 istius
2877 3098 3034 3137 mens
3064 3082 3120 3135 in
3161 3081 3266 3135 hac
3299 3094 3409 3133 una
3430 3090 3483 3133 et

1888 3178 2049 3233 anxia
2071 3177 2406 3249 cogitatione
2423 3187 2698 3240 versatur,
2718 3184 2779 3231 ut
2793 3177 2908 3231 Deo
2922 3190 2982 3229 se
3000 3171 3201 3244 probet
3213 3187 3277 3226 ac.
3293 3170 3489 3226 reddat

1887 3270 2202 3334 amabilem,
2233 3270 2524 3341 sanctique
2548 3269 2791 3340 Spiritus
2817 3266 3091 3337 templum
3104 3270 3490 3334 promereatur

1887 3360 2271 3432 eﬁlci.1191
2298 3361 2400 3417 llic
2420 3362 2694 3417 cervicem
2717 3374 2871 3414 suam
2896 3373 3164 3429 perquam
3191 3356 3303 3412 leni
3328 3356 3491 3412 Chri-

1892 3455 1961 3511 sti
1986 3456 2118 3526 jugo
2161 3465 2221 3511 et
2267 3454 2423 3509 suavi
2459 3453 2769 3509 substernit
2807 3450 3038 3507 acclinis
3070 3463 3310 3520 semper.
3342 3448 3489 3506 Visi-

1893 3546 2029 3601 bilia
2062 3531 2269 3601 cuncta
2298 3545 2704 3607 transmittens,
2742 3543 2809 3597 ad
2836 3540 3216 3596 invisibilium
3271 3539 3490 3609 rapitur

1893 3650 2163 3698 aurorem,
2185 3636 2360 3707 magis
2379 3651 2513 3690 vero
2533 3634 2900 3693 iuvisibilium
2940 3640 3242 3704 (quatenus
3266 3645 3330 3684 ea
3357 3644 3492 3685 con-

1895 3729 2222 3799 templatur)
2254 3729 2628 3798 aliquousque
2667 3741 2899 3796 compos
2920 3726 3033 3795 jam
3066 3730 3171 3778 est.
3223 3721 3328 3789 Qui
3354 3721 3492 3777 tales

1895 3826 2048 3881 sunt,
2094 3817 2339 3887 puritate
2388 3817 2516 3871 vitae
2568 3831 2697 3870 eum
2757 3813 2970 3884 angelis
3025 3809 3487 3881 congrediuntur»

1896 3911 1992 3966 lsti
2038 3910 2195 3965 nullo
2229 3924 2340 3964 non
2377 3916 2627 3978 tempore
2678 3914 2949 3976 expetunt
3001 3903 3318 3971 adeuntque
3361 3898 3493 3955 soli-

1898 4002 2146 4068 tudines,
2193 4009 2254 4056 ut
2316 4000 2584 4055 taciturni
2646 4013 2712 4053 ae
2753 3996 3042 4067 tranquilli
3091 3994 3250 4065 prius
3301 3992 3491 4048 divina

1896 4094 2259 4166 perfruantur
2279 4092 2639 4157 allocutione,
2682 4104 2947 4160 suamque
2976 4089 3220 4158 ipsorum
3251 4094 3489 4141 mentem

1898 4187 2188 4258 Speculum
2251 4184 2493 4241 eﬂiciant
2549 4184 2701 4239 nulla
2752 4182 2876 4237 labe
2926 4182 3341 4250 interpunctum
3396 4187 3494 4233 aut

1899 4280 2210 4357 aspersum,
2262 4292 2519 4349 maguum
2552 4277 2707 4331 illum
2762 4275 2961 4330 imitati
3008 4273 3185 4329 Eliam
3242 4288 3308 4327 ac
3346 4286 3491 4342 prte-

1899 4388 2187 4430 cursorem
2208 4380 2265 4428 et
2287 4372 2582 4441 baptistam
2600 4368 2821 4424 Domini
2839 4367 3130 4423 Joannem.
3156 4362 3311 4419 Beati
3332 4362 3492 4434 plane

1903 4467 2061 4531 tales,
2089 4480 2216 4520 eum
2254 4478 2424 4533 super
2453 4471 2682 4525 terram,
2722 4470 2838 4516 tum
2863 4468 2921 4515 et
2945 4459 3002 4513 iu
3034 4456 3212 4522 caelis,
3246 4455 3343 4526 qui
3369 4454 3497 4526 qui-

1901 4558 2027 4613 dem
2050 4558 2235 4612 omnia
2268 4556 2483 4611 ducunt
2516 4555 2675 4625 quasi
2707 4563 2975 4616 stercora,
3003 4550 3288 4607 Christum
3322 4556 3383 4602 ut
3409 4548 3495 4603 lu-

1902 4649 2189 4705 crifaciant
2228 4648 2695 4716 invenianturque
2753 4647 2809 4700 in
2854 4644 2976 4699 miti
3020 4660 3086 4699 ac
3124 4642 3379 4712 requiete
3410 4641 3496 4694 in-

1904 4742 2103 4796 cedere
2137 4741 2361 4811 spiritu.
2398 4738 2570 4808 ldque
2603 4753 2709 4792 nos
2760 4736 3008 4790 omnium
3047 4734 3282 4789 maxime
3313 4732 3493 4787 facere

205 4845 346 4895 10v;
382 4829 477 4882 καὶ
505 4827 817 4898 καταλείψω
849 4829 941 4881 τὸν
966 4828 1095 4882 λαὸν
1123 4828 1315 4883 τοῦτον
1339 4848 1353 4895 ;
1398 4849 1417 4881 ι
1452 4831 1562 4884 Kal
1592 4831 1755 4884 πάλιν
1781 4870 1795 4891 ,

1906 4831 2159 4896 addecet,
2204 4831 2300 4901 qui
2337 4831 2393 4885 in
2435 4830 2554 4884 inec
2604 4827 2966 4899 pervenimus
2992 4834 3263 4894 tempora.
3311 4821 3405 4877 Sic
3437 4831 3496 4876 et

212 4941 237 4974 ι
274 4922 392 4975 Οὐκ
445 4922 681 4975 ἐκάθισα
755 4922 894 4992 μετὰ
969 4922 1395 4992 συμπαιζόντων
1444 4923 1795 4991 αὑτῶν,ἀλλ’

208 5012 566 5085 εῦλαὸούμην
600 5014 709 5067 ἀπὸ
736 5014 1032 5085 προσώπου
1071 5015 1254 5085 χειρός
1288 5032 1405 5069 σου.
1442 5015 1598 5069 Κατά
1630 5016 1801 5087 μόνας

209 5104 528 5176 ἐκαθήμην,
555 5106 639 5159 ὅτι
682 5104 910 5173 πικρίας
960 5104 1322 5176 δνεπλήσθην.
1358 5124 1377 5156 ι
1408 5106 1520 5159 Kal.
1556 5108 1585 5159 ὁ
1612 5104 1800 5171 Δαυτδ,

220 5218 243 5250 ι
278 5196 597 5269 Ἐμάκρυνα
617 5196 960 5267 φυγαδεύων,
983 5198 1079 5250 καὶ
1097 5197 1368 5268 ηὐλίσθην
1386 5200 1448 5253 ὲν
1462 5202 1527 5269 τῇ
1553 5200 1650 5269 ὲρή
1660 5216 1765 5269 μῳ.
1779 5216 1798 5249 ι

215 5291 355 5355 Καὶ,
387 5288 660 5363 [Ἑθέμην
683 5291 744 5344 τὸ
775 5289 983 5361 ἔνδυμά
1010 5307 1134 5360 μου,
1165 5289 1413 5363 cauom]
1443 5310 1461 5342 ι
1498 5291 1706 5362 ἐθέμην
1729 5291 1807 5362 τῷ

217 5382 457 5452 στόματί
490 5400 593 5453 μου
645 5382 893 5452 φυλακὴν
936 5383 994 5435 ἐν
1020 5380 1099 5451 τῷ
1125 5386 1386 5454 συστῆναι
1415 5385 1507 5436 τὸν
1544 5385 1809 5457 ἁμαρτω-

217 5473 319 5530 λδν
364 5474 606 5528 ἐναντίον
636 5491 744 5547 μου.
769 5472 1096 5547 [ὲκωφώθην
1151 5474 1244 5527 καὶ
1290 5474 1665 5543 ὲταπεινώθην
1714 5476 1811 5530 καὶ

218 5567 464 5638 ἐσίγησα
492 5567 551 5634 ἐξ
584 5565 828 5635 ἀγαθῶν.
853 5566 965 5621 Kal.
998 5565 1204 5639 πάλιν,]
1241 5567 1547 5637 ὲκωφὼθην
1581 5568 1677 5621 καὶ
1710 5568 1811 5620 οὐκ

220 5659 424 5739 ἤνοιξα
449 5660 510 5714 τὸ
533 5660 712 5732 στόμα
743 5676 870 5731 μου,
901 5661 985 5714 ὃτι
1014 5661 1079 5715 σὺ
1102 5662 1383 5727 ἐποίησας.
1418 5679 1436 5709 ι
1473 5659 1600 5722 Kal,
1639 5677 1657 5709 (
1699 5658 1812 5712 Κύ-

303 5818 351 5858 “
384 5816 540 5874 Joau.
571 5832 658 5880 xv,
693 5815 789 5878 l9;
819 5825 927 5879 Juv,
953 5807 1040 5864 50.
1071 5807 1112 5838 ⁸⁷
1144 5808 1308 5861 Amos
1336 5821 1386 5871 ιν,
1420 5806 1499 5862 l3,

1898 4923 2171 4994 propheta
2214 4922 2418 4987 ‘Amos,
2482 4936 2610 4991 quae
2672 4918 2903 4974 instanti
2948 4926 3203 4986 tempore
3241 4912 3494 4982 contige—

1902 5025 2056 5081 runt,
2099 5030 2201 5069 suo
2223 5029 2328 5069 nos
2359 5011 2743 5083 praeerudiens
2774 5009 3022 5074 oraculo,
3052 5008 3133 5062 ait
3166 5024 3180 5061 :
3219 5025 3237 5057 ι
3272 5006 3331 5060 1η
3361 5013 3496 5058 tem-

1903 5123 2039 5178 pore
2086 5106 2183 5161 illo
2232 5105 2551 5175 intelligens
2594 5101 2801 5166 silebit,
2847 5101 2976 5171 quia
3013 5107 3231 5169 tempus
3288 5094 3495 5151 malum

1904 5207 1989 5254 est
2038 5198 2104 5252 ⁸⁷.
2138 5216 2156 5248 ι
2190 5197 2358 5252 lsaias
2404 5210 2628 5266 quoque
2664 5213 2678 5248 :
2721 5214 2737 5245 ι
2766 5192 2870 5260 Qui
2912 5192 3032 5247 odit
3062 5188 3411 5259 iniquitatem
3441 5195 3497 5242 et

1912 5306 2114 5346 manus
2154 5288 2369 5344 excutit
2406 5304 2435 5342 a
2472 5286 2845 5351 muneribus;
2902 5283 2997 5354 qui
3038 5282 3250 5338 claudit
3303 5282 3496 5337 oculos

1908 5398 1978 5437 ne
2024 5380 2209 5435 videat
2243 5380 2620 5450 iniquitatem,
2672 5379 2766 5432 hic
2806 5376 3083 5431 habitabit
3132 5374 3189 5430 in
3230 5373 3495 5443 spelunca

1906 5474 2161 5537 excelsa;
2212 5471 2375 5541 panis
2424 5471 2477 5527 ei
2524 5470 2772 5527 dabitur.
2820 5476 2878 5523 et
2909 5483 3050 5538 aqua
3096 5467 3220 5536 ejus
3267 5464 3491 5519 ﬁdelis:

1908 5567 2113 5637 Regem
2167 5578 2294 5619 cum
2356 5563 2531 5635 gloria
2579 5562 2819 5625 videbit,
2875 5569 2933 5616 et
2986 5560 3132 5615 oculi
3187 5556 3356 5613 vestri
3415 5555 3495 5609 vi-

1910 5658 2122 5713 debunt
2153 5666 2359 5714 terram
2388 5656 2457 5711 de
2492 5656 2672 5727 longe,
2705 5654 2886 5709 anima
2915 5661 3095 5708 vestra
3136 5648 3497 5706 meditabitur
