4042 6440
225 303 390 370 1749

1314 307 1641 368 HOMILIA
1681 308 1789 368 CV.
1916 309 2012 368 DE
2054 310 2506 370 PSALMODIA.

3384 301 3520 365 1750

221 417 457 473 ἀσπίδα
479 432 539 470 τε
563 416 658 471 καὶ
690 417 840 488 δόρυ,
877 417 975 488 τὴν
1012 419 1090 482 είς
1132 417 1293 472 αὑτὸν
1329 420 1573 489 ἀγάπην,
1609 421 1703 472 καὶ
1725 419 1822 487 τὴν

1955 419 2166 474 evadere
2207 421 2502 491 possimus.
2549 418 2688 474 Cum
2730 417 3033 473 sobrietate
3079 430 3212 486 ergo
3237 423 3293 470 et
3323 415 3520 468 alacri-

227 513 537 584 μάχαιραν
581 511 675 566 τοῦ
723 512 1058 583 Πνεύματος,
1093 513 1270 565 ὅέστι
1318 513 1388 565 τὰ
1435 513 1592 580 λόγια
1643 508 1827 566 αὐτοῦ.

231 602 368 657 Kal
402 601 620 671 στῶμεν
652 601 795 654 κατά
825 601 920 656 τοῦ
953 601 1246 655 ἀντιπάλου
1289 601 1366 664 ὠς
1389 603 1628 669 γενναῖοι
1673 616 1834 670 στρα-

230 695 486 756 τιῶται,
515 693 584 746 δι’
633 691 975 764 ἀγρυπνιῶν,
1017 691 1115 745 καὶ
1163 690 1448 762 νηστειῶν,
1479 690 1576 744 καὶ
1604 706 1834 761 προσευ-

233 786 388 857 χῶνο
417 785 600 848 καθὼς
631 787 725 839 καὶ
749 787 806 838 ἐν
837 787 960 848 ταῖς
983 784 1310 855 Παροιμίαις
1332 784 1663 852 γέγραπται,
1700 800 1716 832 ι
1746 782 1836 846 Μὴ

234 873 366 946 δῷς
419 873 588 927 ὕπνον
635 876 749 937 σοῖς
795 873 1122 942 ὀφθαλμοῖς,
1178 871 1301 943 μηδ’
1331 871 1696 942 ἐπινυστάξῃς
1727 874 1836 932 σοῖς

241 966 576 1038 βλεφάροις,
609 967 697 1030 ἴνα
730 965 878 1039 σώζῃ
916 965 1106 1036 ὥσπερ
1139 963 1344 1031 δορκάς
1369 965 1433 1015 ἐκ
1480 961 1714 1032 βρόχων,
1745 962 1840 1012 καὶ

239 1057 450 1127 ὥσπερ
475 1057 664 1127 ὄρνεον
691 1058 755 1108 ἐκ
783 1056 1030 1124 παγίδος.
1070 1073 1088 1106 ι
1130 1057 1239 1107 Καὶ
1267 1056 1298 1106 δ
1340 1052 1503 1106 Δαυῒδ
1532 1053 1592 1105 δέ
1649 1069 1837 1121 φησιν,

254 1169 279 1202 ι
326 1151 395 1204 El
421 1149 579 1203 δώσω
608 1149 777 1202 ὕπνον
807 1151 923 1211 τοῖς
961 1147 1260 1218 ὀφθαλμοῖς
1297 1164 1398 1216 μου
1435 1147 1528 1199 καὶ
1567 1147 1679 1207 τοῖς
1724 1145 1843 1214 βλε-

246 1242 459 1312 φάροις
493 1257 596 1312 μου
628 1241 959 1311 νυσταγμὺν,
998 1240 1104 1302 ἓως
1142 1231 1205 1291 οὗ
1252 1239 1399 1310 εὕρω
1425 1238 1587 1290 τόπον
1617 1235 1693 1306 τῷ
1736 1237 1845 1288 Κυ-

250 1337 389 1408 ρίῳ.
425 1354 454 1412 ,ι
495 1337 605 1389 Kal
651 1334 835 1399 πάλιν,
879 1353 897 1386 ι
938 1333 1318 1404 Ἠγρύπνησα,
1346 1331 1441 1385 καὶ
1479 1331 1746 1399 ἐγενόμην
1769 1328 1845 1392 ὡς

251 1425 549 1496 στρουθίον
584 1427 816 1496 μονάζον
847 1425 940 1478 ἐπὶ
968 1425 1243 1494 δώματος.
1283 1443 1302 1475 ι
1337 1451 1406 1464 -ι-
1440 1441 1458 1473 ι
1500 1421 1700 1490 Ἐγγὺς
1735 1419 1846 1490 γὰρ

253 1519 472 1590 Κύριος
519 1522 632 1582 τοῖς
685 1517 1174 1588 συντετριμμένοις
1215 1518 1284 1586 τῇ
1333 1514 1551 1585 καρδίᾳ,
1583 1515 1679 1566 καὶ
1721 1514 1844 1575 τοὺς

252 1610 558 1672 ταπεινοὺς
601 1609 680 1681 τῷ
715 1608 988 1678 πνεύματι
1034 1607 1219 1660 σώσει.
1253 1626 1272 1658 ι
1316 1606 1426 1658 Kal
1459 1601 1637 1668 αὖθις,
1683 1622 1701 1655 ι
1736 1604 1849 1656 Με-

257 1701 549 1754 σονύκτιον
591 1700 964 1770 ἐξηγειρόμην
1005 1698 1100 1751 τοῦ
1138 1695 1580 1766 ἐξομολογεῖσῦαί
1636 1711 1718 1747 σοι
1756 1695 1849 1746 ἐπὶ

253 1792 332 1846 τὰ
361 1793 606 1864 κρίματα
636 1793 734 1861 τῆς
757 1789 1102 1858 δικαιοσύνης
1138 1805 1254 1842 σου.
1294 1805 1314 1839 t
1351 1787 1461 1841 Kal
1493 1787 1677 1849 πάλιν,
1715 1801 1734 1837 ι
1782 1787 1841 1839 '0

251 1884 422 1948 Θεὸς,
461 1886 490 1937 ό
529 1883 660 1946 Θεός
697 1898 822 1952 μου,
848 1881 984 1952 πρὸς
1031 1880 1094 1931 σὲ
1148 1879 1404 1952 ὀρθρίζω,
1428 1878 1650 1948 ἐδίψησέ
1709 1893 1768 1930 σε
1807 1879 1841 1947 ἠ

253 1976 414 2046 ψυχή
464 1993 592 2042 μου-
627 1993 646 2026 ³
684 1973 814 2038 Καὶ,
858 1991 878 2024 ι
917 1971 1246 2042 Προέφθασα
1303 1973 1361 2024 ἐν
1398 1970 1576 2040 ampla
1603 1969 1695 2021 καὶ
1725 1969 1845 2020 ἐκέ-

259 2069 468 2140 κραξα.
504 2087 522 2119 ι
555 2067 686 2130 Kal,
719 2085 737 2118 ι
774 2064 1134 2137 Προέφθασαν
1168 2065 1217 2116 οί
1243 2062 1513 2132 ὀφθαλμοί
1550 2079 1652 2132 μου
1709 2061 1846 2130 πρὸς

259 2159 468 2231 ὃρθρον
499 2159 591 2212 τοῦ
631 2158 861 2228 μελετᾷν
890 2157 956 2210 τὰ
986 2156 1144 2223 λόγιά
1176 2173 1294 2210 σου.
1339 2173 1358 2207 ι
1404 2155 1515 2208 Kal
1559 2155 1672 2216 τοῖς
1718 2169 1846 2223 μετα

258 2250 414 2320 ὄχοις
457 2249 623 2304 αὐτοῦ
659 2249 868 2316 ἔλεγεν,
930 2267 948 2299 ι
999 2248 1086 2300 Ἐν
1133 2249 1254 2310 ταῖς
1298 2246 1446 2312 νυξὶν
1479 2245 1720 2315 ἐπάρατε
1747 2244 1848 2307 τὰς

259 2343 458 2412 χεῖρας
494 2340 648 2410 ὑμῶν
680 2341 760 2403 είς
784 2339 854 2392 τά
876 2339 1028 2406 ἆγια,
1059 2340 1154 2393 καὶ
1178 2339 1456 2406 εὐλογεῖτε
1476 2337 1567 2390 τὸν
1584 2336 1807 2408 Κύριον.
1823 2356 1841 2388 ι

261 2431 381 2485 Kal
411 2433 439 2482 ό
492 2432 835 2495 ’Δπὸστολος,
875 2450 894 2483 ι
933 2433 1012 2502 Τῇ
1042 2433 1321 2502 προσευχῇ
1356 2431 1843 2502 προσκαρτερεῖτε,

260 2519 664 2590 γρηγοροῦντες
710 2523 768 2574 ἐν
803 2522 940 2591 αὐτῇ
976 2522 1036 2572 ἐν
1067 2521 1418 2592 εὐχαριστία.
1463 2539 1483 2572 ι
1519 2521 1631 2574 Kal
1661 2521 1846 2585 πάλιν,

267 2627 289 2662 ι
329 2611 768 2681 Προσευχόμενοι
804 2613 862 2665 ἐν
893 2612 1056 2664 παντὶ
1102 2611 1280 2682 καιρῷ
1315 2613 1372 2666 ἐν
1423 2613 1716 2682 πνεύματι,
1755 2612 1852 2665 καῖ

264 2702 350 2764 είς
379 2702 512 2756 αὐτὸ
532 2702 692 2756 τοῦτο
718 2702 1127 2773 ἀγρυπνοῦντες
1159 2705 1218 2756 ἐν
1244 2703 1391 2774 πάσῃ
1425 2703 1851 2773 προσκαρτερή-

266 2811 356 2848 σει
383 2797 480 2848 καὶ
512 2794 720 2866 δεήσει.
759 2815 776 2846 ι
810 2796 918 2849 Kal
947 2796 1076 2865 περὶ
1103 2793 1320 2857 ἑαυτοῦ,
1359 2813 1378 2844 ι
1433 2794 1519 2848 Ἐν
1551 2794 1762 2856 κόποις,
1796 2795 1852 2845 ἐν

265 2887 621 2958 ἀγρυπνίαις,
670 2889 728 2940 ἐν
762 2887 1057 2957 νηστείαις.
1091 2905 1110 2937 ι
1141 2887 1250 2939 Kal
1298 2886 1518 2954 ἐπάγει,
1559 2905 1578 2938 ι
1628 2886 1766 2956 Περὶ
1795 2885 1854 2938 δὲ

266 2977 380 3032 τῶν
410 2977 618 3054 χρόνων
670 2979 764 3044 καὶ
808 2978 918 3030 τῶν
979 2978 1226 3048 καιρῶν,
1276 2977 1529 3046 ἀδελφοὶ,
1565 2979 1624 3031 οὐ
1665 2977 1854 3048 χρείαν

1936 519 2045 566 tate
2068 512 2244 582 ipsam
2267 512 2586 582 expleamus
2607 510 2849 581 vigiliam
2881 509 2932 562 in
2961 507 3275 563 humilitate
3292 513 3351 561 et
3370 519 3520 562 com-

1934 606 2236 675 punctione
2281 605 2486 670 cordis,
2536 621 2606 659 ne
2639 603 2748 658 ulla
2775 603 2830 656 in
2869 617 2927 656 re
2944 601 3192 656 obtineat
3227 599 3519 655 adversum

1937 712 2038 750 nos
2103 697 2458 752 infensissimi
2506 693 2790 753 venatoris
2846 703 3010 762 atque
3069 689 3240 746 invidi
3307 689 3514 744 diaboli

1937 789 2269 844 veteratoris
2300 789 2631 858 malignitas.
2662 786 2766 853 Qui
2799 785 2948 840 enim
2985 791 3248 838 strenuus
3295 789 3382 836 est
3414 779 3519 834 mi-

1937 882 2040 945 les,
2107 881 2256 934 omni
2317 896 2376 934 se
2439 893 2725 934 armorum
2784 891 2988 948 genere
3044 873 3372 933 communit,
3421 887 3520 926 nec

1939 972 2244 1041 quidquam
2278 972 2409 1026 facit
2435 970 2635 1040 reliqui
2674 985 2744 1024 ex
2788 976 3056 1038 apparatu
3081 973 3375 1020 armatura:
3407 962 3522 1032 spi-

1944 1063 2162 1118 ritualis
2199 1079 2311 1132 quo
2339 1079 2453 1117 non
2505 1078 2565 1118 se
2597 1061 2994 1128 eircumsepiat
3035 1075 3098 1113 ac
3129 1057 3410 1111 obarmet.
3457 1053 3522 1108 Et

1944 1173 2046 1211 nos
2106 1157 2274 1227 igitur
2328 1156 2626 1210 induamur
2671 1155 2981 1218 thoracem,
3044 1152 3207 1206 ﬁdem
3269 1137 3525 1204 videlicet

1942 1250 2173 1311 Christi.
2226 1257 2282 1303 et
2315 1250 2525 1319 galeam
2579 1262 2805 1303 crucem
2855 1247 3058 1316 ipsius,
3102 1252 3430 1312 scutumque
3468 1249 3528 1297 et

1945 1341 2182 1405 hastam,
2241 1341 2525 1395 ardentem
2583 1355 2714 1409 erga
2784 1339 2965 1408 ipsum
3029 1336 3398 1399 charitatem,
3473 1345 3529 1390 et

1947 1433 2192 1504 gladium
2238 1431 2501 1500 Spiritus,
2562 1431 2738 1499 ipsius
2767 1428 2999 1498 spiritus
3032 1426 3253 1494 eloquia
3293 1424 3530 1493 :sicquo

1948 1522 2184 1580 accincti
2231 1523 2499 1577 adversus
2539 1521 2956 1576 colluctatorem
3007 1518 3396 1579 consistamus,
3441 1529 3529 1570 ar-

1950 1616 2119 1672 rectis
2150 1616 2350 1669 animis
2393 1623 2654 1683 tanquam
2683 1610 2938 1682 generosi
2975 1609 3205 1667 milites,
3232 1606 3398 1676 idque
3429 1619 3528 1676 per

1951 1708 2190 1778 vigilias,
2240 1706 2542 1764 orationes.
2570 1718 2636 1757 ac
2669 1701 2902 1773 jejunia,
2942 1699 3088 1754 sicut
3115 1707 3172 1753 et
3204 1699 3259 1752 in
3291 1697 3521 1751 Prover-

1953 1799 2060 1853 biis
2120 1797 2392 1866 scriptum
2433 1804 2520 1848 est
2555 1811 2569 1847 :
2619 1811 2639 1844 ι
2673 1794 2749 1847 Ne
2801 1790 3026 1846 dederis
3067 1803 3322 1844 somnum
3356 1785 3535 1841 oculis

1951 1891 2081 1953 tuis,
2137 1903 2318 1958 neque
2369 1886 2638 1942 dormites
2681 1883 2956 1954 palpebris
3019 1881 3150 1945 tuis,
3211 1877 3424 1949 1193
3476 1889 3535 1932 ut

1950 1982 2181 2038 Salveris
2229 1989 2489 2049 tanquam
2537 1977 2758 2032 damula
2807 1991 2872 2030 ex
2897 1974 3128 2044 laqueis,
3159 1981 3216 2028 et
3272 1979 3533 2040 tanquam

1951 2075 2070 2130 avis
2100 2089 2169 2129 ex
2202 2073 2306 2128 reti
2341 2073 2406 2127 σί.
2444 2089 2464 2124 ι
2517 2072 2609 2126 Ait
2647 2071 2779 2124 item
2825 2074 2881 2124 et
2925 2066 3099 2122 David
3137 2083 3151 2120 :
3187 2084 3205 2116 ι
3231 2063 3288 2120 Si
3330 2063 3537 2119 dedero
3628 2050 3636 2062 ’

1952 2173 2207 2220 Somnum
2253 2163 2433 2218 oculis
2486 2161 2647 2225 meis,
2682 2169 2740 2214 et
2782 2157 3062 2228 palpebris
3095 2154 3236 2209 meis
3267 2152 3538 2208 dormita-

1954 2257 2184 2320 tionem,
2222 2255 2399 2309 donec
2439 2253 2720 2308 inveniam
2746 2251 2931 2305 locum
2973 2247 3210 2303 Domino
3261 2245 3328 2300 “.
3363 2264 3382 2296 ι
3425 2242 3536 2298 [tea

1957 2359 2121 2403 rum:
2167 2366 2184 2398 ι
2217 2343 2450 2417 Vigilavi
2496 2351 2553 2400 et
2586 2343 2766 2399 factus
2819 2357 2939 2397 sum
2991 2341 3135 2395 sicut
3181 2334 3542 2408 passerculus

1956 2441 2240 2497 solitarius
2269 2439 2324 2492 in
2374 2439 2520 2492 tecto
2547 2437 2614 2489 ⁸³.
2653 2454 2671 2486 ι
2709 2435 2778 2489 Ει
2822 2452 2835 2486 :
2872 2452 2890 2484 ι
2925 2433 3102 2501 Prope
3159 2438 3246 2484 est
3273 2427 3541 2483 Dominus

1958 2531 2028 2584 iis
2088 2530 2183 2600 qui
2229 2528 2468 2584 contrito
2535 2533 2664 2581 sunt
2708 2524 2897 2588 corde,
2945 2531 3002 2577 et
3054 2519 3294 2576 humiles
3342 2516 3542 2589 spiritu

1957 2618 2198 2675 salvabit
2226 2617 2293 2671 “.
2327 2636 2344 2668 I
2398 2617 2615 2671 Rursus
2647 2631 2660 2668 :
2697 2633 2717 2666 ι
2754 2613 2933 2668 Media
2965 2620 3126 2665 nocte
3154 2607 3446 2681 surgebam
3473 2607 3541 2661 ad

1958 2710 2335 2767 conﬁtendum
2371 2707 2474 2763 tibi
2516 2723 2687 2777 super
2721 2703 2932 2776 judicia
2977 2701 3210 2772 iustitiae
3261 2709 3370 2754 tute
3406 2699 3476 2752 ⁸³.
3520 2716 3537 2748 ι

1961 2808 2168 2862 lterum
2205 2824 2218 2860 :
2265 2825 2284 2858 ι
2314 2807 2482 2870 Deus,
2518 2803 2666 2859 Deus
2705 2815 2886 2867 meus,
2919 2799 2989 2854 ad
3015 2808 3069 2854 te
3110 2798 3180 2852 de
3201 2795 3326 2851 luce
3353 2793 3540 2865 vigilo.

1963 2899 2157 2954 Sitivit
2209 2897 2277 2952 ad
2326 2904 2380 2952 te
2429 2896 2618 2951 anima
2653 2907 2778 2949 mea
2823 2893 2890 2946 “.
2925 2913 2942 2942 ι
2977 2892 3047 2946 Et
3078 2907 3093 2944 :
3131 2909 3149 2941 ι
3202 2888 3449 2944 Prmveni
3487 2887 3543 2941 in

1961 2991 2312 3057 maturitate,
2352 2999 2408 3047 et
2448 2987 2714 3053 clamavi;
2753 2981 3312 3056 przeveneruntoculi
3337 2979 3446 3034 mei
3478 2979 3544 3034 ad

269 3069 426 3139 ἔχετε
454 3069 581 3138 ὑμῖν
610 3069 869 3140 γράφειν.
901 3069 1064 3122 Αὐτοὶ
1097 3069 1205 3141 γὰρ
1248 3067 1498 3140 ἀκριὸῶς
1538 3069 1716 3122 οἴδατε
1771 3069 1851 3122 ὅτι

1963 3083 2288 3147 diluculum,
2315 3091 2376 3135 ut
2396 3079 2697 3135 meditarer
2723 3076 2943 3146 eloquia
2969 3085 3060 3130 tua
3095 3076 3160 3126 ⁸⁷.
3194 3093 3209 3126 ι
3246 3072 3297 3128 ls
3319 3073 3373 3129 in
3398 3087 3549 3128 com-

270 3161 306 3230 ἡ
338 3159 520 3231 ἡμέρα
557 3161 763 3227 Κυρίου
801 3160 877 3219 ὼς
903 3161 1146 3228 κλέπτης
1215 3160 1274 3214 ἐν
1308 3158 1668 3222 νυκτὶ,οὖτως
1701 3158 1856 3230 ἐρχε-

273 3268 390 3305 ται.
441 3250 611 3304 Ὅταν
647 3251 702 3304 δὲ
737 3250 994 3320 λέγωσιν,
1029 3253 1234 3323 Εἰρήνη
1262 3253 1358 3306 xal
1401 3252 1706 3320 ἀσφάλεια,
1735 3252 1863 3305 τότε

271 3342 541 3413 αἰφνίδιος
567 3344 751 3407 αὐτοῖς
781 3343 1001 3414 ὄλεθρος
1025 3343 1336 3412 ἐφίσταται,
1366 3342 1558 3415 ὥσπερ
1585 3346 1618 3415 ἠ
1641 3344 1768 3398 ὠδὶν
1789 3333 1856 3416 τῇ

273 3439 334 3489 ἐν
368 3437 566 3505 γαστρὶ
586 3435 808 3507 ἐχούσῃ,
833 3436 931 3490 καὶ
959 3437 1020 3490 ού
1048 3436 1124 3507 μὴ
1154 3435 1463 3505 ἐκφύγωσι.
1494 3455 1514 3488 ι
1547 3437 1658 3490 Kal
1678 3432 1859 3503 αὖθις,

279 3529 456 3599 «Ἀρα
485 3525 580 3580 οὖν
602 3527 678 3598 μὴ
697 3527 1054 3598 καθεύδωμεν
1082 3526 1158 3591 ὡς
1185 3527 1385 3593 λοιποὶ,
1413 3528 1549 3583 ἀλλά
1575 3528 1864 3598 γρηγορῶ-

279 3636 381 3689 μεν
401 3621 491 3673 xal
509 3621 822 3690 νήφωμεν.»
847 3621 998 3673 Καὶὸ
1027 3618 1624 3690 Κύριος,‹Γρηγορεῖτε
1646 3616 1761 3686 οὖν,
1783 3621 1864 3674 ὅτι

275 3713 376 3766 οὐκ
403 3712 584 3766 οἴδατε
612 3711 743 3782 ποίᾳ
773 3710 893 3782 ὥρᾳ
920 3713 948 3764 ὁ
970 3710 1174 3780 Κύριος
1198 3711 1352 3782 ὑμῶν
1381 3710 1620 3781 ἔρχεται.
1652 3713 1862 3766 Ἐκεῖνο

273 3802 334 3856 δέ
367 3802 689 3869 γινώσκετε,
730 3801 816 3854 ὅτι
839 3803 888 3854 ει
921 3800 1038 3872 ᾔδει
1065 3803 1094 3854 ό
1117 3800 1502 3872 οἰκοδεσπότης
1530 3802 1662 3874 ποίᾳ,
1697 3803 1866 3870 φυλα-

278 3895 348 3964 κῇ
369 3895 398 3948 ὁ
424 3893 665 3964 κλέπτης
691 3893 936 3964 ἔρχεται,
968 3892 1348 3962 ἐγρηγόρησεν
1367 3892 1456 3955 ἂν,
1483 3893 1576 3946 καὶ
1596 3895 1696 3948 οὐκ
1716 3893 1864 3948 εἴασε

277 3987 595 4058 διορυγῆναι
635 3987 735 4057 τὴν
777 3986 957 4039 οἰκίαν
1011 3984 1204 4040 αὐτοῦ.
1245 4003 1264 4036 ι
1302 3986 1411 4038 Kal
1441 3973 1633 4049 ιπάλιν,
1673 4004 1692 4036 ι
1731 3985 1868 4054 Γρη-

281 4083 511 4151 γορεῖτε,
543 4081 638 4133 καὶ
658 4077 1052 4150 προσεύχεσθε,
1086 4075 1176 4130 ἵνα
1207 4077 1282 4147 μὴ
1317 4075 1603 4147 είσέλθητε
1635 4079 1717 4140 εἰς
1743 4093 1866 4129 πει-

286 4172 514 4244 ρασμόν.
557 4191 576 4224 ι
618 4173 732 4224 Kal
764 4171 950 4235 πάλιν,
993 4189 1012 4222 ι
1048 4169 1336 4240 Μακάριος
1365 4171 1394 4223 ὁ
1416 4169 1604 4233 δοῦλος
1634 4171 1864 4234 ἐκεῖνος,

281 4263 339 4318 δν
367 4263 536 4317 ἐλθὼν
568 4263 598 4316 ὁ
633 4263 839 4334 Κύριος
905 4261 1074 4316 αὐτοῦ
1123 4261 1346 4333 εὑρήσει
1385 4260 1530 4314 οὕτω
1584 4260 1863 4315 ποιοῦντα.

284 4353 610 4427 Γρηγορεῖτε
643 4351 767 4417 ὀῦν,
815 4356 901 4410 ὃτι
951 4354 1051 4407 οὐκ
1105 4353 1284 4408 οἴδατε
1327 4354 1428 4424 τὴν
1471 4354 1707 4425 ἡμέραν,
1739 4353 1865 4407 οὔτε

1959 3189 2127 3231 mune
2152 3175 2270 3229 suis
2304 3171 2528 3226 dicebat
2562 3188 2576 3224 :
2620 3188 2636 3220 I
2663 3169 2724 3224 In
2773 3167 3035 3225 noctibus
3063 3165 3310 3220 extollite
3352 3179 3548 3218 manus

1958 3277 2172 3323 vestras
2215 3265 2271 3319 in
2318 3271 2508 3320 sancta
2551 3280 2565 3316 :
2601 3269 2658 3316 et
2713 3259 3029 3315 benedicite
3087 3257 3380 3318 Dominum
3433 3255 3540 3308 “.-

1959 3357 2257 3428 Apostolus
2293 3373 2306 3409 :
2343 3373 2362 3407 ι
2398 3351 2649 3410 Orationi
2704 3352 2928 3412 instate,
2973 3349 3268 3419 vigilantes
3292 3348 3349 3402 in
3395 3361 3462 3402 ea
3491 3344 3546 3399 in

1961 3445 2264 3516 gratiarum
2298 3443 2520 3498 actione
2543 3444 2612 3496 ".
2651 3461 2670 3494 ι
2699 3442 2908 3495 lterum
2935 3456 2950 3492 :
2993 3458 3010 3490 ι
3049 3443 3286 3492 Orantes
3314 3436 3372 3490 in
3395 3436 3547 3490 omni

1963 3546 2211 3606 tempore
2276 3535 2334 3590 in
2383 3535 2580 3605 spiritu
2621 3551 2636 3588 :
2685 3541 2742 3588 et
2784 3532 2841 3587 in
2887 3532 2995 3586 hoc
3043 3531 3224 3599 ipsum
3260 3527 3552 3599 vigilantes

1963 3625 2022 3680 in
2070 3624 2221 3678 omni
2264 3623 2527 3680 instantia
2585 3631 2643 3678 et
2688 3621 3075 3678 obsecratione
3098 3620 3168 3673 τ’.
3211 3638 3230 3670 ι
3281 3617 3429 3672 Idem
3483 3616 3551 3671 do

1964 3717 2148 3787 seipso
2179 3734 2193 3770 :
2227 3735 2246 3782 ς
2281 3715 2344 3770 1η
2383 3716 2695 3778 laboribus,
2729 3717 2787 3770 in
2817 3715 3044 3785 vigiliis,
3074 3714 3130 3767 in
3160 3711 3389 3782 jejuniis
3429 3710 3497 3764 τι.
3529 3728 3546 3758 ι

1964 3809 2229 3864 lnducit:
2270 3827 2290 3860 ι
2337 3809 2415 3863 De
2467 3808 2820 3878 temporibus
2860 3815 2920 3862 et
2970 3804 3291 3868 momentis,
3329 3801 3551 3866 fratres.

1965 3917 2077 3956 non
2121 3916 2346 3956 necesse
2392 3901 2608 3956 habetis
2636 3910 2698 3955 ut
2750 3899 2989 3955 scribam
3028 3897 3188 3952 vobis
3222 3915 3235 3950 :
3273 3895 3375 3966 ipsi
3405 3894 3552 3949 enim

1967 3995 2265 4066 diligenter
2314 3995 2490 4058 scitis,
2546 3995 2678 4063 quia
2726 3993 2847 4048 dies
2883 3991 3124 4052 Domini,
3169 3990 3314 4044 sicut
3359 3988 3449 4043 fur
3499 3988 3552 4042 in

1966 4097 2153 4152 nocte,
2187 4088 2263 4142 ita
2298 4087 2503 4142 veniet.
2565 4087 2705 4140 Cum
2739 4086 2890 4140 enim
2927 4083 3172 4140 dixerint
3201 4101 3214 4136 :
3247 4083 3357 4138 Pax
3383 4091 3439 4136 et
3463 4094 3555 4136 sc-

1968 4178 2200 4242 curitas,
2242 4186 2376 4231 tunc
2407 4177 2732 4247 repentinus
2759 4177 2842 4232 eis
2871 4174 3231 4245 superveniet
3272 4172 3552 4233 interitus.

1969 4266 2293 4322 sicutdolor
2325 4267 2381 4321 in
2418 4277 2579 4322 utero
2599 4267 2879 4326 habentis.
2910 4275 2967 4322 et
3001 4281 3112 4320 non
3143 4267 3412 4338 eﬂ‘ugient
3436 4269 3505 4323 ".
3535 4291 3549 4318 ι

1969 4359 2039 4414 Et
2062 4375 2306 4423 rursus,¢
2337 4359 2416 4415 Ne
2439 4359 2605 4430 igitur
2623 4359 2967 4414 dormiamus
2987 4358 3132 4414 sicut
3151 4368 3207 4414 et
3229 4362 3436 4422 cancri.
3459 4364 3554 4418 sed

283 4447 378 4518 τὴν
405 4446 576 4519 ὥραν.
633 4466 652 4500 ι
689 4448 846 4518 Αὐτῷ
889 4448 923 4517 ὴ
952 4445 1080 4510 δόξα
1106 4447 1185 4509 είς
1223 4446 1352 4509 τοὺς
1383 4445 1610 4508 αἰῶνας.
1664 4447 1851 4516 Ἀμήν.

1968 4452 2260 4522 vigilemus
2279 4459 2336 4506 et
2361 4451 2533 4507 sobrii
2554 4451 2746 4507 simus.
2775 4471 2794 4503 ι
2819 4452 3084 4506 Dominus
3103 4452 3233 4507 item
3259 4471 3270 4506 :
3299 4454 3555 4526 «Vigilate

283 4537 470 4609 igitur,
503 4539 632 4609 quia
657 4537 882 4594 nescitis
903 4552 1009 4607 qua
1037 4537 1170 4590 hora
1193 4535 1461 4589 Dominus
1491 4542 1675 4590 vester
1705 4539 1889 4594 veniet
1923 4558 1937 4595 :
1978 4543 2113 4597 illud
2139 4551 2324 4596 autem
2343 4543 2565 4606 scitote,
2595 4542 2723 4612 quia
2761 4543 2806 4598 si
2834 4545 3000 4599 sciret
3024 4545 3420 4616 paterfamilias
3447 4560 3552 4616 qua

283 4628 468 4702 vigiiia
501 4629 588 4684 fur
617 4630 854 4692 veniret,
881 4627 1134 4698 vigilaret
1162 4625 1353 4695 utique
1381 4631 1439 4679 et
1463 4641 1572 4680 non
1589 4626 1799 4683 sineret
1819 4631 2032 4698 perfodi
2064 4632 2290 4688 domum
2319 4649 2475 4688 suam
2495 4633 2558 4686 ⁷³.
2583 4652 2603 4683 ι
2624 4633 2830 4687 lterum
2862 4650 2876 4686 :
2916 4653 2934 4685 ι
2973 4635 3204 4705 Vigilate
3223 4645 3280 4691 et
3301 4647 3474 4702 orate,
3495 4654 3552 4696 ut

285 4738 393 4778 non
417 4721 638 4776 intretis
668 4720 1108 4775 intentationem
1131 4718 1198 4773 ".
1229 4718 1477 4773 IRIII‘SUS
1506 4735 1520 4772 :
1556 4736 1574 4770 ι
1606 4718 1807 4776 Beatus
1834 4722 1928 4778 ille
1957 4740 2172 4784 servus.
2213 4743 2377 4798 quem
2407 4741 2531 4782 cum
2555 4727 2772 4781 venerit
2812 4727 3078 4783 Dominus
3115 4731 3256 4798 ejus,
3281 4729 3554 4784 invenerit

287 4817 358 4870 ita
405 4812 720 4868 facientem.
781 4812 1016 4883 Vigilate
1054 4825 1211 4881 ergo,
1241 4809 1376 4880 quia
1402 4809 1630 4865 nescitis
1679 4811 1825 4868 diem
1869 4829 2048 4886 neque
2095 4819 2288 4874 horam
2326 4820 2394 4872 ⁷⁸.
2427 4839 2444 4870 ι
2483 4818 2592 4890 Ipsi
2630 4818 2805 4887 gloria
2849 4819 2904 4871 in
2955 4820 3175 4874 saecula.
3219 4821 3414 4876 Amen.

881 4920 1101 4973 ΛΟΓΟΣ
1136 4917 1261 4973 PE'.

793 5010 931 5078 Περὶ
968 5007 1345 5078 Mtte-35mg.

366 5101 430 5155 Ἦ
477 5099 772 5172 ψαλμῳδία
810 5099 973 5169 ἔργον
1010 5098 1130 5151 ἐστὶ
1178 5096 1288 5152 τῶν
1334 5100 1646 5170 ἀσωμάτων
1699 5100 1861 5155 δυνά-

294 5211 436 5266 μεων
462 5194 570 5248 τῶν
609 5191 1095 5264 λειτουργούντων,
1127 5191 1224 5244 καὶ
1254 5195 1684 5264 παρισταμένων
1707 5195 1864 5247 ἀδια-

289 5287 520 5350 λείπτως
547 5285 626 5358 τῷ
663 5286 802 5357 Θεῷ,
833 5283 974 5338 κατά
1014 5285 1074 5336 τὸ
1113 5283 1429 5354 εἰρημένον,
1467 5303 1486 5336 ι
1532 5287 1745 5338 Αἰνεῖτε
1773 5285 1867 5344 τὸν

291 5380 494 5453 Κύριον
540 5379 738 5435 ἐκτῶν
780 5377 1050 5448 οὐρανῶν,
1079 5379 1280 5441 πάντες
1325 5379 1372 5430 οι
1423 5377 1643 5447 ἄγγελοι
1679 5380 1867 5444 αὑτοῦ,

353 5562 394 5597 ⁶¹
420 5563 582 5618 Prov.
619 5577 694 5628 vi,
721 5559 833 5630 4,5.
857 5564 902 5596 “
933 5563 1074 5630 Psal.
1106 5578 1285 5628 cxxxu,
1304 5563 1356 5617 4.
1407 5561 1450 5594 ⁸³
1473 5561 1618 5616 Psal.
1647 5576 1720 5624 Cl,
1747 5559 1799 5615 8.

285 5633 330 5666 ⁸⁷
360 5633 500 5689 Psal.
529 5622 714 5694 cvvui,
745 5622 866 5687 {47.
944 5634 988 5664 ⁸⁸
1017 5629 1159 5687 Psal.
1191 5622 1408 5695 cxixm,
1440 5631 1495 5686 2.
1572 5633 1616 5664 ⁵⁸
1639 5622 1848 5687 Coloss.

1979 5629 2032 5683 2.
2109 5628 2153 5659 ⁷⁰
2179 5627 2384 5698 Ephes.
2420 5642 2496 5690 vi,
2525 5626 2620 5698 18.
2690 5624 2966 5698 "ill_Cor.
3001 5638 3076 5688 γι,
3115 5622 3165 5676 5.

574 5703 618 5734 ’³
649 5691 838 5757 Matth.
879 5721 1020 5767 ων,
1049 5703 1238 5758 42-44.
1313 5705 1357 5735 τι
1389 5691 1577 5759 Matth.
1612 5717 1758 5765 xxvi,
1789 5703 1844 5756 ιι

1955 5701 1997 5731 ⁷³
2035 5691 2241 5754 Matth."
2266 5714 2413 5762 mv,
2468 5698 2543 5758 ιϐ,
2578 5697 2661 5750 47.
2742 5697 2786 5726 ⁷⁸
2823 5696 2962 5748 ΡςτιΙ.
2994 5709 3206 5756 ωειλ-ιιι,
3249 5691 3295 5755 l,
3335 5692 3388 5742 '2.

285 5719 337 5768 ν,
366 5704 418 5766 9,
445 5704 497 5758 5.

2536 4907 2825 4963 HOMILIA
2877 4907 2984 4962 CV.
3083 4961 3085 4964 ι

2535 4997 2609 5050 De
2648 4996 2971 5065 psalmodia.

2038 5091 2350 5150 Psalmodia
2371 5101 2458 5148 est
2484 5106 2626 5161 opus
2653 5090 3115 5161 incorporearum
3146 5092 3414 5148 virtutum
3442 5093 3554 5150 Deo

1967 5186 2475 5244 administrantium
2526 5195 2582 5240 et
2629 5184 2905 5240 initivulse
2955 5183 3358 5251 assistentium,
3401 5186 3553 5252 juxta

1969 5279 2116 5351 quod
2150 5279 2393 5334 dicitur:
2429 5297 2446 5329 ι
2467 5276 2709 5332 Laudate
2728 5275 3021 5332 Dominum
3056 5274 3126 5330 de
3155 5275 3332 5342 culis,
3365 5289 3556 5332 omnes

1970 5370 2150 5442 angeli
2194 5370 2334 5438 ejus,
2369 5376 2426 5424 et
2456 5383 2650 5424 omnes
2692 5367 2929 5422 virtutes
2977 5369 3099 5439 ejus
3126 5368 3241 5421 η..)
3305 5369 3506 5426 lterum
3542 5387 3554 5421 :

1879 5560 1923 5591 ⁸⁵
1955 5558 2099 5614 Psal.
2131 5572 2317 5621 χχχιιι,
2349 5555 2436 5610 l9.
2511 5554 2716 5610 “Psal.
2744 5551 3034 5618 cxvui,62.
3113 5551 3159 5582 “
3189 5549 3478 5621 Ρειιιειξιι,
3504 5548 3555 5601 ‘2.

3244 5621 3284 5652 τ’
3317 5619 3336 5674 1
3367 5619 3558 5673 Thess.
