4042 6500
217 340 385 406 175⁸3

1273 346 1602 411 HOMILIA
1640 350 1753 412 CV.
1789 369 1857 387 -"
1884 353 1984 414 DE
2025 356 2483 420 PSALMODIA.

3378 352 3512 419 1⁵754

223 459 547 528 (Involvat
599 460 873 528 μεγάλως,
930 480 949 513 ι
999 461 1223 532 Ἐχθρὸν
1282 462 1380 534 μὲν
1429 464 1538 519 τῶν
1587 465 1822 536 ἀρετῶν,

1928 470 2214 537 psallentis
2234 487 2334 542 per
2345 472 2464 527 haec
2479 470 2589 525 alio
2600 470 2964 538 detorquent,
2985 482 3183 537 nempe
3217 465 3287 521 ad
3322 482 3513 521 rerum

222 550 545 620 ἐκδικητὴν
595 551 650 604 δὲ
703 553 938 619 κακίας,
1008 554 1277 609 διάϐολον.
1330 576 1352 608 ι
1448 555 1658 610 Οὐκοῦν
1727 558 1825 611 καὶ

221 642 410 713 ἡμεῖς
439 644 703 714 ἁπλότητι
744 644 1021 709 αἰνοῦντες
1049 647 1141 699 τὸν
1184 647 1409 718 Κύριον,
1446 649 1826 717 συντρίϐωμέν

220 749 298 783 τε
356 733 455 785 καὶ
507 732 865 804 καταλύωμεν
918 736 986 789 τὰ
1027 738 1399 809 μηχανήματα
1424 718 1541 791 ⁸’τοῦ
1578 738 1825 811 Ἐχθροῦ.

230 826 436 878 Ἔστω
464 822 558 879 οὖν
580 828 607 879 ὁ
625 826 838 898 ψαλμλὺς
860 830 1109 899 συνεχής.
1132 829 1264 893 Θεὸς
1283 830 1393 900 γὰρ
1422 830 1828 901 ὀνομαζόμενος

224 916 545 984 φυγαδεύει
585 918 868 989 δαίμονας.
914 922 1024 975 Καὶ
1051 922 1214 975 τοῦτο
1241 925 1544 991 ἀναγκαῖον
1575 925 1825 993 ὑπομνῆ-

230 1023 336 1058 σαι
373 1006 557 1076 ὑμᾶς,
607 1008 747 1079 ὅπερ
798 1010 974 1074 οὐδεὶς
1018 1012 1221 1079 ἀγνοεῖ.
1266 1011 1391 1065 Ὀτι
1440 1013 1474 1083 ὴ
1533 1011 1827 1083 ψαλμῳδία

228 1097 268 1166 ἡ
279 1096 407 1166 μῶν
437 1100 616 1152 κανὼν
645 1098 883 1168 λέγεται.
921 1102 1134 1171 Ὠσπερ
1165 1098 1257 1157 οὖν
1289 1104 1319 1156 ό
1346 1104 1588 1174 γεωργὸς
1625 1105 1720 1158 ἐὰν
1753 1103 1827 1175 μὴ

227 1188 318 1258 δῷ
468 1190 656 1261 πλήρη
729 1191 826 1245 καὶ
854 1193 1018 1246 καλὸν
1048 1193 1140 1246 τὸν
1170 1194 1371 1248 κανόνα
1393 1193 1585 1258 αὑτοῦ,
1613 1195 1693 1257 εἰς
1727 1212 1828 1263 φυ-

228 1280 422 1348 λακὴν
471 1280 829 1351 βληθήσεται,
863 1282 959 1336 καὶ
993 1285 1285 1352 κρεμᾶται,
1334 1284 1429 1338 καὶ⁵
1452 1284 1690 1355 δέρεται,
1722 1285 1828 1348 ἕως

230 1365 303 1425 οὗ
329 1369 517 1440 ἀποδῷ
552 1374 732 1426 πᾶσαν
763 1372 863 1442 τὴν
893 1374 1115 1444 ὀφειλὴν
1143 1375 1333 1430 αὐτοῦ·
1368 1375 1511 1430 οὕτω
1538 1377 1632 1430 καὶ
1661 1380 1691 1432 ὁ
1726 1394 1825 1448 μου

238 1463 440 1532 ναχδς,
467 1462 597 1516 ὅταν
630 1464 881 1537 ἀμελήσῃ
936 1467 1032 1520 τοῦ
1082 1468 1308 1532 κανόνος
1369 1470 1559 1532 αὑτοῦ,
1618 1470 1825 1534 εὐθέως

231 1551 797 1620 ἐγκαταλιμπάνεται
833 1554 937 1607 ὑπὸ
980 1555 1080 1625 τῆς
1109 1557 1357 1626 χάριτος,
1404 1561 1500 1612 καὶ
1534 1560 1826 1630 παραδίδο-

227 1659 332 1697 ται
365 1647 479 1707 τοῖς
522 1644 739 1715 ἐχθροῖς
770 1647 958 1709 αὑτοῦ,
1011 1649 1106 1702 καὶ
1136 1649 1325 1704 πίπτει
1353 1650 1458 1705 ὑπὸ
1483 1654 1613 1714 τοὺς
1651 1653 1823 1716 πόδας

230 1735 434 1788 αὑτοῦ.
470 1738 579 1789 Καὶ
609 1739 966 1809 ἐπιφέρονται
1008 1740 1156 1811 αὐτῷ
1188 1743 1397 1812 θλίψεις
1428 1745 1644 1807 πολλαὶ,
1681 1743 1823 1798 ὥστε

231 1828 473 1895 κράζειν
501 1830 683 1883 αὐτόν·
716 1848 735 1881 ι
773 1832 1040 1900 Κύριε,τί
1074 1834 1493 1905 ἐπληθύνθησαν
1528 1837 1579 1889 οἱ
1607 1835 1823 1889 θλίϐον-

228 1922 334 1986 τές
365 1940 433 1991 με
457 1965 472 1987 ,
500 1927 591 1977 καὶ
624 1925 840 1992 λέγουσι
870 1928 934 1997 τῇ
957 1926 1105 1998 ψυχῇ
1134 1943 1259 1995 μου,
1293 1929 1407 1981 Οὐκ
1435 1929 1550 1982 ἐστι
1582 1931 1827 2001 σωτηρία

229 2014 414 2067 αὑτοῦ
442 2017 499 2068 ὲν
525 2016 602 2086 τῷ
626 2018 745 2085 Θεῷ
772 2018 937 2069 αὐτοῦ
963 2035 1010 2084 ς»
1064 2018 1244 2085 Ἀλλὰ,
1282 2038 1301 2070 ι
1332 2020 1483 2089 Ταχὺ
1508 2022 1826 2075 εὶσάκουσόν

234 2122 371 2176 μου,
396 2107 606 2174 Κύριε,ν
624 2111 706 2162 ὅτι
746 2108 960 2172 ἐξέλιπε
986 2110 1048 2161 τὸ
1070 2110 1287 2179 πνεῦμά
1318 2128 1444 2179 μου.
1479 2130 1497 2162 ι
1526 2113 1656 2173 Καὶ,
1684 2131 1702 2163 ι
1733 2114 1826 2183 Μὴ

227 2197 599 2270 ἀποστρέψῃς
648 2201 709 2253 τὸ
755 2201 1048 2270 πρόσωπόν
1112 2220 1209 2256 σου
1266 2203 1362 2257 ἀπ’
1399 2205 1558 2274 ἐμοῦ,
1612 2205 1701 2259 ἵνα
1750 2207 1826 2277 μὴ

228 2291 677 2361 ὁμοιωθήσωμαι
702 2296 814 2356 τοῖς
849 2293 1272 2347 καταϐαίνουσιν
1313 2297 1392 2358 είς
1441 2296 1665 2359 λάκκον,
1702 2316 1725 2349 θ
1759 2328 1829 2340 --

238 2382 630 2455 «ὅτιὲπλήσθη
667 2385 851 2437 κακῶν
882 2386 1073 2456 ἡψυχὴ
1108 2405 1235 2456 μου.
1261 2389 1355 2441 καὶ
1384 2390 1417 2457 ἡ
1460 2388 1574 2458 ζωή
1604 2407 1708 2458 μου
1747 2389 1827 2461 τῷ

231 2472 348 2546 ᾄδῃ
381 2475 603 2544 ἢγγισε.
640 2494 660 2528 ›
706 2476 890 2530 Ταῦτα
920 2476 1100 2548 τυχὼν
1134 2478 1321 2550 βοήσει
1362 2480 1497 2550 πρὸς
1537 2481 1741 2552 Κύριον
1771 2483 1829 2535 ὲν

232 2565 319 2636 τῷ
350 2566 639 2621 θλίϐεσθαι
666 2569 886 2638 ἀμελῶν
916 2570 1345 2639 ἀπαραλείπτως
1367 2571 1459 2624 τὸν
1491 2572 1696 2626 κανόνα
1724 2573 1827 2626 αὐ-

233 2658 338 2712 τοῦ
382 2659 677 2715 ἀποδοῦναι
715 2661 795 2733 τῷ
823 2662 961 2731 Θεῷ·
991 2665 1086 2718 καὶ
1131 2668 1195 2717 ἐκ
1234 2665 1688 2735 παραχωρήσεως
1717 2668 1832 2729 τοῖς

234 2753 518 2824 θλιϐεροῖς
547 2757 1036 2826 ὲμπαιδευόμενος.
1069 2756 1300 2828 Ἄδηλον
1326 2756 1384 2810 δὲ
1415 2759 1467 2810 εἰ
1508 2757 1829 2823 ἀκούσεται,

238 2866 263 2897 ι
319 2848 411 2900 Ἐν
454 2847 631 2917 θλίψει
693 2848 1010 2901 ὲπεκαλέσω
1060 2865 1150 2916 με,
1175 2849 1270 2901 καὶ
1318 2849 1641 2920 ἐρρυσάμην
1678 2863 1761 2900 σε.
1802 2866 1823 2899 ι

246 2938 419 2993 Ἀλλά
469 2939 543 3011 μὴ
580 2937 724 2994 ἐίποι
757 2938 929 3010 αὐτῷ,
974 2959 993 2991 ι
1034 2941 1151 2994 Οὐκ
1177 2935 1300 2992 οῐδά
1345 2924 1453 2992 σε(
1478 2940 1692 2992 άπόστα
1733 2939 1831 2993 ἀπ’

235 3032 404 3106 ἐμοῦ,
434 3032 643 3102 ὲργάτα
675 3032 774 3097 τῆς
818 3031 1047 3100 ἀνομίας
1079 3046 1094 3061 ο
1125 3049 1144 3082 ι
1179 3030 1263 3083 ὅτι
1311 3030 1414 3084 οὐκ
1455 3029 1696 3101 ἤκουσας
1730 3029 1832 3099 τῆς

237 3124 436 3195 φωνῆς
471 3142 597 3192 μου,
632 3123 757 3177 οὐδὲ
799 3122 1105 3191 προσέσχες
1137 3134 1250 3191 μοι·
1291 3138 1310 3172 ι
1348 3121 1412 3174 Ei
1441 3120 1552 3190 γὰρ
1581 3120 1823 3190 ἤκουσάς

238 3234 376 3287 μου,
405 3216 465 3269 ὲν
485 3214 565 3284 τῷ
603 3213 790 3285 μηδενὶ
817 3213 884 3267 ἂν
913 3213 1042 3274 τοὺς
1083 3212 1312 3282 ἐχθρούς
1337 3228 1430 3265 σου
1457 3211 1823 3265 ὲταπείνωσα.

233 3309 355 3364 Καὶ
402 3308 498 3361 ἐπὶ
533 3308 660 3369 τοὺς
693 3304 976 3367 θλίϐοντάς
1006 3319 1066 3356 σε
1110 3302 1374 3356 ἐπέϐαλον
1416 3303 1485 3357 ἂν
1524 3302 1626 3373 τὴν
1666 3301 1828 3373 χεῖρά

242 3416 373 3471 μου.
423 3418 442 3451 ›
476 3398 577 3451 Διὰ
609 3396 769 3451 τοῦτο
816 3393 1179 3461 ὲξαπέστειλά
1218 3411 1279 3448 σε
1312 3392 1645 3464 πορεύεσθαι
1684 3393 1828 3447 κατὰ

236 3493 310 3564 τά
340 3490 750 3561 ἐπιτηδεύματα
774 3487 876 3557 τῆς
902 3487 1133 3558 καρδίας
1159 3486 1485 3556 σου.Ἥμείς
1498 3484 1555 3538 δὲ
1578 3483 1828 3538 ἀκούσω-

244 3603 346 3658 μεν
379 3586 578 3655 μᾶλλον
616 3585 710 3637 τοῦ
760 3582 977 3637 Παύλου
1007 3581 1278 3649 λέγοντος,
1319 3596 1339 3632 ι
1393 3579 1451 3632 '0
1483 3579 1652 3648 Λόγος
1681 3579 1827 3631 ὲνοι·

242 3678 412 3733 κείτω
447 3679 506 3730 ὲν
535 3678 664 3746 ὑμῖν
695 3674 989 3737 πλουσίως,
1033 3674 1091 3726 ὲν
1120 3674 1269 3744 πάσῃ
1295 3671 1456 3743 σοφίᾳ
1483 3672 1829 3734 διδάσκοντες

242 3772 342 3823 καὶ
397 3767 775 3832 νουθετοῦντες
821 3769 1052 3830 ἑαυτοὺς
1093 3765 1328 3835 ψαλμοῖς
1368 3767 1464 3818 καὶ
1504 3764 1696 3835 ὕμνοις
1735 3764 1830 3817 καὶ

242 3862 413 3934 ᾠδαῖς
457 3862 882 3931 πνευματικαῖς.
917 3877 936 3909 ι
969 3858 1081 3912 Καὶ
1106 3853 1282 3922 αὖθις,
1329 3875 1349 3909 ι
1378 3857 1649 3918 Ἕκαστος
1674 3854 1829 3925 ὑμῶν

243 3956 460 4026 ψαλμὸν
493 3954 628 4024 ἔχει,
672 3952 892 4023 διδαχὴν
921 3951 1059 4022 ἔχει,
1091 3950 1434 4020 ἀποκάλυψιν
1473 3950 1608 4021 ἔχει.
1644 3950 1830 4007 Πάντα

242 4049 338 4106 οῦν
374 4052 512 4119 πρὸς
550 4048 841 4119 οἰκοδομὴν
872 4047 1129 4116 γινέσθω.
1167 4066 1187 4099 ι
1240 4047 1320 4101 Δι’
1365 4047 1532 4101 αὑτοῦ
1577 4043 1672 4102 οὖν
1700 4049 1831 4101 άνα-

248 4142 504 4214 φέρωμεν
533 4140 728 4195 θυσίαν
752 4141 1014 4201 αἰνέσεως
1037 4138 1125 4193 διὰ
1154 4139 1359 4202 παντὸς
1392 4137 1473 4209 τῷ
1505 4138 1648 4210 Θεῷ.
1668 4156 1830 4193 τουτ-

248 4237 366 4290 έστι
393 4235 604 4307 καρπὸν
634 4234 863 4305 χειλέων
892 4230 1303 4302 ὁμολογούντων
1332 4229 1411 4302 τῷ
1455 4230 1681 4300 ὀνόματι
1727 4233 1829 4284 αὐ-

245 4330 362 4384 τοῦ.
400 4330 528 4391 Καὶ,
565 4346 583 4380 ι
627 4325 1029 4397 Παραστήσατε
1075 4323 1147 4376 τά
1190 4321 1420 4392 σώματα
1453 4321 1609 4391 ὑμῶν
1638 4322 1832 4375 θυσίαν

250 4418 469 4488 ζῶσαν,
494 4419 676 4488 ἁγίαν,
707 4417 1002 4488 εὐάρεστον
1033 4410 1112 4486 τῷ
1143 4413 1283 4483 Θεῷ,
1326 4414 1443 4482 τῆν’
1472 4413 1699 4484 λογικὴν
1740 4414 1834 4468 λα-

1929 563 2149 620 illarum
2176 563 2529 635 indaginem,
2563 569 2626 615 ut
2662 560 2749 615 vel
2780 560 2863 614 sic
2890 558 3021 613 dum
3060 559 3129 613 ad
3158 573 3350 613 earum
3390 573 3513 627 per-

1929 657 2325 712 scrutationem
2370 657 2529 711 anxia
2568 654 2873 714 diducitur.
2907 653 3079 708 totius
3109 652 3302 722 perdat
3330 652 3517 706 dulce-

1929 751 2114 806 dinem
2135 749 2475 820 psalmodiis.
2495 748 2665 818 Cujus
2690 746 2771 800 rei
2793 745 2989 816 gratia,
3007 743 3266 799 Christus
3291 743 3514 797 laudem

1927 858 1995 898 ex
2023 859 2120 897 ore
2155 842 2423 907 ﬁdelium,
2456 841 2552 896 sed
2587 840 2797 894 malitia
2831 837 3187 908 parvulorum
3218 835 3518 905 ,prodeun-

1928 941 2040 988 tem
2083 933 2297 1003 perﬁcit
2352 950 2366 986 :
2412 940 2509 986 aut
2567 937 2741 993 certe,
2792 943 2893 997 per
2932 925 3310 997 operatoriam
3352 933 3515 992 atque

1927 1021 2202 1078 eiﬁcacem
2226 1023 2336 1077 vim
2363 1020 2682 1092 psalmodiae
2700 1018 2989 1072 inimicum
3010 1026 3068 1072 et
3092 1017 3330 1071 ultorem
3363 1020 3523 1084 p‘ror-

1928 1132 2028 1172 sus
2058 1117 2327 1176 destruet,
2363 1130 2460 1169 sua
2502 1112 2799 1167 adversum
2846 1125 2949 1164 nos
2997 1106 3289 1180 tyrannide
3326 1121 3519 1176 super-

1929 1206 2056 1261 bius
2084 1205 2529 1260 insolescentem.
2570 1220 2587 1253 ι
2622 1200 2916 1256 Inimicum
2944 1198 3183 1253 dixerim
3221 1197 3515 1262 virtutum,

1928 1299 2163 1352 ultorem
2182 1311 2316 1350 vero
2331 1296 2448 1350 sive
2470 1293 2819 1350 defensorem
2839 1291 3083 1355 malitiae,
3108 1289 3393 1344 diabolum
3409 1288 3477 1340 ’⁸.
3492 1306 3512 1340 ι

1933 1387 2145 1458 1195
2182 1387 2293 1442 Nos
2328 1386 2499 1456 igitur
2539 1386 2594 1438 in
2630 1384 2734 1437 hac
2779 1391 2970 1437 nostra
3010 1379 3364 1449 simplicitate
3390 1379 3515 1432 lau-

1928 1481 2093 1535 dibus
2112 1478 2567 1534 concelebrantes
2596 1475 2920 1537 Dominum,
2953 1472 3288 1527 veteratoris
3308 1469 3519 1524 inimici

1928 1571 2337 1628 commentitias
2364 1582 2562 1639 omnes
2592 1566 2898 1635 machinas
2944 1572 3318 1626 conteremus,
3343 1565 3517 1632 'pror-

1929 1679 2163 1733 sumque
2214 1661 2602 1716 demoliamur.
2658 1658 2741 1713 Sit
2774 1672 2906 1712 sane
2955 1659 3011 1710 in
3049 1669 3144 1709 ore
3186 1662 3283 1707 tuo
3318 1666 3520 1723 perpes

1929 1773 1993 1812 ac
2019 1756 2168 1827 jugis
2196 1755 2462 1824 psalmus.
2487 1753 2653 1815 Deus,
2679 1751 2810 1805 dum
2838 1748 3165 1803 nominatim
3191 1746 3515 1808 advocatur,

1927 1850 2204 1905 daemones
2232 1847 2331 1900 abs
2351 1853 2405 1900 te
2445 1844 2738 1899 submovet
2761 1841 2980 1909 longius
3004 1854 3069 1893 ac
3102 1839 3373 1908 proﬂigat.
3407 1835 3518 1890 Sed

1927 1951 1983 1998 et
2014 1939 2385 1994 necessarium
2438 1937 2618 2002 vobis,
2679 1944 2738 1988 ut
2788 1934 2940 1988 illius
2992 1946 3253 1986 renovem
3311 1942 3519 1983 memo—

1928 2033 2093 2095 riam,
2121 2028 2266 2099 quod
2298 2026 2503 2093 alioqui
2532 2039 2696 2080 nemo
2730 2033 2977 2077 vestrum
3007 2031 3111 2084 est,
3142 2020 3234 2089 qui
3265 2022 3514 2089 ignoret:

1926 2139 2054 2179 nam
2091 2118 2396 2192 psalmodia
2421 2133 2599 2172 canon
2627 2123 2817 2171 noster
2857 2113 3084 2169 dicitur.
3138 2112 3281 2167 Sane
3325 2125 3520 2180 quem-

1927 2216 2227 2271 admodum
2283 2228 2427 2267 unus
2458 2209 2661 2279 aliquis
2704 2208 2964 2278 agricola,
3012 2206 3118 2259 nisi
3160 2220 3319 2259 suum
3348 2219 3520 2259 cano-

1928 2319 2056 2359 nem
2112 2302 2337 2371 plenum
2395 2314 2460 2353 ac
2500 2298 2706 2351 bonum
2749 2294 3081 2351 reddiderit.
3133 2293 3188 2346 in
3238 2306 3519 2346 carcerem

1929 2393 2249 2465 conjicitur,
2306 2388 2689 2459 suspenditur,
2721 2385 3103 2442 conscinditur
3144 2383 3350 2454 ﬂagris,
3383 2397 3521 2451 quo-

1931 2476 2108 2562 usque
2132 2504 2298 2545 omne
2328 2486 2641 2542 reddiderit
2675 2483 2941 2539 creditori
2978 2481 3251 2543 debitum,
3283 2479 3358 2532 ita
3386 2491 3521 2530 con-

1933 2584 2108 2653 tinget
2134 2579 2430 2643 monacho,
2463 2592 2589 2632 cum
2619 2591 2722 2645 per
2743 2574 3093 2630 oscitantiam
3126 2572 3229 2626 sibi
3261 2570 3516 2638 prmscri—

1929 2682 2087 2746 ptum
2150 2667 2519 2725 transmiserit
2574 2680 2863 2721 canonem.
2900 2665 2951 2718 ls
2981 2662 3130 2717 enim
3175 2666 3349 2732 gratia
3394 2670 3519 2712 mox

1933 2763 2277 2828 destituitur,
2329 2760 2447 2815 suis
2503 2757 2781 2821 addicitur
2829 2753 3091 2817 inimicis,
3132 2752 3353 2805 illorum
3397 2762 3522 2802 suc-

1933 2858 2147 2916 cumbit
2177 2855 2417 2926 pedibus
2457 2860 2515 2907 et
2543 2851 2921 2920 proculcatur,
2961 2862 3065 2902 nec
3107 2861 3228 2900 unm
3263 2841 3520 2897 alllictio-

1934 2966 2066 3006 num
2097 2947 2354 3019 procella:
2379 2944 2542 2998 talem
2564 2942 2916 3006 adoriuntur,
2940 2939 3013 2993 ita
3048 2949 3110 2993 ut
3142 2935 3520 2992 vociferetur:

1941 3064 1962 3098 ι
1994 3026 2250 3106 Domine,
2282 3038 2418 3110 quid
2449 3035 2797 3106 multiplicati
2829 3043 2960 3090 sunt
2987 3034 3081 3103 qui
3114 3031 3379 3087 tribulant
3410 3042 3521 3094 me,

1848 3146 1896 3209 ο
1926 3146 1983 3194 et
2005 3135 2200 3190 dicunt
2239 3130 2437 3185 animae
2466 3142 2639 3182 meae:
2679 3125 2799 3179 Non
2829 3133 2915 3180 est
2963 3124 3114 3179 salus
3162 3122 3266 3192 ipsi
3317 3121 3370 3175 in
3406 3120 3519 3175 Dec

1926 3231 2049 3301 ejus
2068 3225 2155 3279 “‘i
2184 3241 2202 3275 ι
2219 3221 2492 3279 Caeterum
2520 3236 2534 3272 :
2567 3239 2585 3270 ι
2615 3217 2896 3273 Velociter
2915 3215 3115 3270 exaudi
3136 3231 3245 3275 me,
3267 3215 3518 3274 Domine,

1928 3321 2057 3392 quia
2088 3315 2291 3372 defecit
2339 3311 2570 3382 spiritus
2599 3323 2756 3363 meus
2792 3307 2863 3360 ⁸⁷.
2894 3324 2912 3357 ι
2951 3303 3059 3358 Et:
3104 3321 3122 3354 ι
3156 3302 3235 3357 Ne
3299 3308 3514 3353 avertas

1926 3414 2134 3473 faciem.
2155 3419 2306 3465 tuam
2347 3421 2378 3460 a
2401 3420 2510 3469 me,
2544 3411 2705 3459 utne
2737 3398 3014 3455 assimiler
3046 3392 3497 3452 descendentibus

1927 3507 1987 3562 in
2005 3507 2188 3560 lacum
2217 3499 2294 3564 ",
2320 3516 2338 3548 ι
2364 3522 2436 3536 —-
2471 3511 2490 3545 ι
2517 3491 2649 3561 quia
2671 3491 2879 3559 repleta
2904 3496 2989 3540 est
3012 3484 3167 3539 malis
3190 3480 3370 3533 anima
3398 3490 3518 3529 mea

1928 3602 1984 3652 et
1999 3594 2113 3649 vita
2125 3605 2246 3645 mea
2263 3586 2482 3642 inferno
2496 3576 3057 3652 appropinquavitw.
3073 3593 3089 3623 ι
3120 3573 3179 3624 Et
3208 3571 3319 3622 ἱιενο
3338 3565 3519 3635 quivis

1929 3687 2061 3742 dum
2091 3679 2389 3738 aﬂlictione
2411 3676 2651 3746 angitur.
2673 3666 3072 3727 vociferabitur
3096 3664 3163 3718 ad
3198 3659 3518 3746 Dominum.

1928 3778 2034 3845 Qui
2057 3784 2328 3831 canonem
2350 3745 2558 3836 alioqui
2593 3778 2704 3819 non
2730 3757 3100 3817 omittendum
3129 3751 3359 3822 negligit
3390 3745 3519 3802 red-

1931 3840 2063 3925 dere
2100 3868 2235 3930 Deo,
2285 3872 2344 3918 et
2388 3875 2488 3931 per
2542 3858 2650 3911 hoc
2699 3851 2848 3923 quod
2898 3849 2969 3907 ab
3013 3862 3179 3916 opere
3210 3843 3305 3897 Dei
3340 3840 3524 3931 digre-

1930 3959 2082 4015 ditur
2121 3972 2186 4011 ac
2234 3929 2483 4013 secedit,
2534 3943 2894 4001 tribulatione
2951 3932 3243 4005 multiplici
3298 3929 3522 3992 attritus

1931 4048 2219 4111 eruditur;
2254 4045 2527 4104 incertum
2552 4050 2800 4109 prorsus,
2829 4032 2875 4087 si
2908 4029 3101 4085 audire
3137 4024 3272 4081 illud
3306 4035 3526 4092 prome-

1931 4140 2149 4195 rebitur
2184 4110 2209 4191 :7
2238 4154 2256 4186 ι
2284 4135 2345 4188 ln
2374 4128 2736 4186 tribulatione
2766 4119 3032 4177 invocasti
3059 4132 3168 4178 nie,
3203 4123 3257 4169 et
3289 4110 3521 4168 liberavi

1932 4225 2416 4289 te”..Pericnlum
2468 4221 2641 4282 enim,
2686 4232 2755 4272 ne
2785 4214 2919 4269 huic
2959 4208 3294 4279 respondeat
3327 4202 3522 4259 Domi-

1932 4338 2041 4380 nus
2067 4339 2082 4376 :
2118 4340 2137 4373 ι
2167 4320 2288 4376 Νοο
2315 4314 2447 4371 novi
2476 4322 2551 4378 te,
2576 4309 2803 4365 discede
2836 4323 2866 4361 a
2903 4299 3284 4371 me,operarie
3315 4295 3527 4365 iniqui-

1935 4414 2114 4474 tatis;
2158 4430 2177 4463 ι
2272 4406 2402 4478 quia
2442 4419 2556 4459 non
2595 4399 2800 4456 audisti
2831 4412 3022 4453 vocem
3055 4408 3255 4454 meam,
3294 4404 3397 4443 nec
3428 4404 3527 4443 au-

252 4480 448 4584 τρείαν
475 4480 706 4582 ὑμῶν.-)
741 4480 882 4576 Φάσι
915 4507 973 4560 δὲ
1015 4480 1110 4559 καὶ
1141 4508 1169 4559 ό
1205 4480 1496 4571 Ἰάκωϐος,
1600 4480 1827 4575 ’Ᾰθυμεῖ

1937 4521 2052 4561 rem
2092 4495 2457 4557 commodasti
2488 4493 2676 4548 verbis
2711 4490 2848 4545 meis
2880 4506 2892 4542 :
2930 4507 2947 4539 ι
2987 4487 3043 4541 Si
3088 4483 3238 4539 enim
3273 4480 3526 4535 audisses

250 4575 333 4667 τίς
366 4605 424 4658 έν
444 4575 578 4674 ’ὑμῖν
605 4618 621 4670 ;
653 4598 1064 4674 προσευξάσθω·
1092 4598 1322 4669 εὐθυμεῖ
1351 4615 1437 4661 τις
1464 4616 1478 4661 ;
1507 4597 1778 4657 ψαλλέτω.
1806 4618 1827 4651 ι

1935 4614 2045 4661 me,
2072 4609 2175 4665 pro
2213 4589 2394 4645 nihilo
2441 4586 2706 4641 inimicos
2737 4593 2863 4637 tuos
2893 4579 3088 4648 utique
3118 4575 3523 4635 humiliassem,

263 4700 428 4764 mw,
460 4666 652 4767 ωσπερ
677 4666 926 4764 εἴπομεν,
961 4693 1044 4746 ὅτι
1065 4692 1208 4746 κατὰ
1232 4666 1415 4763 χρέως
1447 4689 1827 4761 ἀπαιτούμεθα

1929 4699 1987 4746 et
2014 4702 2184 4757 super
2218 4682 2554 4738 tribulantes
2575 4685 2629 4732 te
2658 4677 2934 4732 misissem
2973 4684 3196 4726 manum
3231 4681 3409 4721 meam
3437 4666 3476 4720 ί.
3499 4683 3520 4716 ι

252 4793 352 4860 τὴν
378 4758 734 4860 ψαλμῳδίαν,
789 4758 867 4850 ti);
912 4758 1127 4843 ’κανόνα
1172 4758 1634 4852 έποψειλόμενον,
1691 4758 1827 4837 οὕτω

1933 4785 2175 4852 Propter
2213 4776 2322 4830 hoc
2352 4772 2495 4843 ejeci
2544 4781 2622 4834 te,
2661 4776 2723 4822 ut
2767 4782 2864 4822 eas
2909 4761 3220 4819 secundum
3257 4758 3527 4813 adinven-

256 4847 751 4955 κέχρεωστίλκαμεν
790 4847 1022 4947 ἄμωμον
1053 4874 1215 4928 αὐτὸν
1258 4847 1353 4926 καὶ
1395 4847 1628 4927 ἄσπιλον
1660 4890 1827 4943 προσ-

1935 4847 2118 4931 tiones
2141 4869 2333 4926 cordis
2354 4867 2457 4921 tui.
2489 4863 2603 4920 Nos
2631 4875 2767 4916 vero
2799 4857 3032 4913 Paulum
3059 4852 3234 4921 magis
3260 4847 3531 4906 exaudia-

260 4939 462 5046 φέρειν.
488 4939 746 5026 Τουτέοτι
765 4939 936 5040 χωρὶς
954 4966 1155 5049 μὸργῆς,
1183 4966 1279 5019 καὶ
1304 4964 1672 5035 διαλογισμῶν
1699 4939 1827 5036 μνη-

1930 4982 2059 5022 mus
2095 4964 2376 5019 dicentem
2425 4976 2440 5012 :
2505 4975 2524 5007 ι
2553 4953 2801 5010 Verbum
2849 4949 2945 5004 Dei
2998 4945 3213 5001 habitet
3262 4944 3321 4997 in
3373 4939 3529 4995 vobis

264 5033 533 5128 σικακίας.
579 5063 693 5133 Οὐχ
724 5033 925 5129 ὡραῖος
1089 5033 1246 5120 αἶνος
1286 5057 1345 5108 ὲν
1387 5033 1621 5125 στόματι
1650 5033 1827 5127 ἁμαρ.

1933 5058 2305 5119 abundanter,
2342 5053 2398 5107 in
2429 5048 2582 5105 omni
2629 5044 2905 5116 sapientia
2935 5041 3204 5097 doccntes
3238 5046 3296 5092 et
3335 5033 3528 5089 admo-

264 5158 450 5214 τωλοῦ.
490 5126 617 5210 Ἐὰν
654 5126 748 5208 οῦν
778 5126 919 5223 ⁷ἔχῃς
945 5168 997 5203 τι
1028 5126 1169 5203 κατὰ
1198 5147 1292 5202 τοῦ
1327 5147 1560 5216 ἀδελφοῦ
1594 5163 1711 5211 σου,
1743 5126 1827 5202 καῖ

1934 5158 2138 5205 nentes
2155 5142 2528 5212 vosmetipsos
2560 5139 2617 5193 in
2662 5134 2891 5206 psalmis
2914 5141 2972 5188 et
3004 5128 3239 5186 canticis
3269 5126 3530 5195 spiritua-

270 5254 342 5325 μὴ
374 5251 734 5320 συγχωρήσῃς
775 5216 946 5315 άῦἕῴ,
1005 5243 1065 5296 οὗ
1122 5240 1197 5313 μὴ
1233 5242 1594 5312 προσδεχθείη
1643 5241 1827 5309 ποτὲὶ

1934 5243 2090 5299 libus
2138 5243 2179 5293 '.
2213 5259 2231 5291 ι
2286 5239 2504 5292 Rursus
2542 5249 2556 5285 :
2599 5251 2617 5282 ι
2656 5227 3053 5297 Unusquisque
3101 5230 3349 5279 vestrum
3380 5216 3529 5288 psal-

265 5311 701 5414 qia'lptp'é'ia-aou:
734 5337 768 5407 ἢ
800 5340 832 5407 ή
876 5311 1155 5407 προσευχὴ
1185 5311 1286 5385 σου
1314 5332 1409 5385 καὶ
1434 5335 1466 5401 ἡ
1498 5332 1827 5404 ἐλεημοσύνη

1943 5350 2093 5389 mum
2116 5333 2303 5396 habet,
2328 5324 2640 5383 doctrinam
2692 5321 2879 5382 habet,
2916 5314 3290 5388 apocalypsim
3331 5311 3529 5372 habet;

269 5404 384 5497 dou,
427 5404 531 5485 ’καὶ
586 5432 654 5484 τὰ
707 5404 977 5493 ).t)-t1li&,‘&
1015 5424 1190 5488 δοκεῖς
1220 5422 1418 5479 ποιεῖν.
1466 5424 1704 5497 ’Λκούσῃ
1730 5425 1827 5496 γὰρ

1954 5427 2139 5481 omnia
2177 5424 2347 5495 igitur
2400 5420 2468 5475 ad
2515 5414 2943 5473 aediﬁcationem
2974 5411 3109 5465 liant
3133 5410 3175 5462 ³.
3218 5428 3236 5459 ι
3290 5406 3374 5462 0b
3418 5404 3526 5497 hoc

273 5528 411 5599 παρὰ
459 5524 552 5578 τοῦ
593 5523 866 5593 Σωτῆρος,
904 5539 923 5573 ι
963 5519 1204 5586 ⁸Υπαγε,
1252 5516 1472 5587 πρῶτον
1521 5516 1818 5585 διαλλάγηθ

1947 5492 2227 5573 εοηθσυεο
2256 5512 2414 5567 nullo
2444 5524 2558 5565 non
2611 5514 2862 5574 tempore
2916 5501 3279 5557 exhibeamus
3322 5492 3528 5550 sacrifi-

3006 5682 3047 5711 ι’
3081 5679 3220 5733 l‘sal.
3272 5672 3514 5734 a\\\,8.

872 5701 917 5731 9‘
949 5697 1091 5752 Psal.
1155 5696 1372 5765 "1,2,5:
1467 5697 1509 5726 97
1546 5695 1686 5748 Psnl.
1726 5711 1887 5754 mm,
1921 5695 1971 5746 7.
2048 5695 2092 5724 9"
2133 5694 2246 5747 ibid
2312 5692 2374 5721 93'
2414 5689 2558 5744 Psal.
2594 5698 2839 5749 nxxxvn,
2874 5682 2926 5735 4.

884 5770 905 5800 ¹
948 5768 1157 5823 CulOSS.
1207 5782 1282 5829 Ili,
1333 5771 1389 5820 ιϋ

1467 5697 1509 5726 97
1546 5695 1686 5748 l’sal.
1726 5711 1887 5754 mut,
1921 5695 1971 5746 7.

1495 5766 1511 5793 ³
1556 5766 1569 5817 l
1620 5766 1747 5818 Cur.
1796 5781 1902 5829 λιν,
1938 5766 2027 5819 ἓϋ.

341 5706 382 5739 ⁸⁵
413 5703 555 5760 Psal.
601 5716 714 5757 vui.
745 5702 778 5753 ’5

273 5761 291 5794 ⁸
327 5776 457 5833 ΡεῖιΙ.
504 5789 660 5837 LXXX,
722 5771 803 5824 15.
