4042 6436
632 305 770 371 1755
1890 305 2262 375 ANTIOCHI
2301 314 2651 376 MONACHI
3709 318 3800 385 1756

615 413 762 468 cium
805 412 990 468 laudis
1019 432 1031 467 :
1066 414 1174 469 hoc
1199 425 1306 481 est,
1341 416 1591 472 fructum
1625 418 1912 474 labiorum
1927 419 2204 475 confiten-

2307 419 2379 490 τῷ
2402 419 2614 490 ἀδελφῷ
2647 435 2765 487 σου,
2798 417 2894 472 καὶ
2923 417 3048 471 τότε
3099 417 3282 472 ἐλθὼν
3319 416 3579 488 πρόσφερε
3611 422 3660 473 to
3687 422 3802 496 δῶρον

615 506 756 559 tium
780 505 996 560 nomini
1023 506 1221 577 ipsius,
1243 518 1298 562 et
1338 526 1350 561 :
1383 528 1402 560 ι
1437 509 1710 567 Exhibete
1741 527 1977 585 corpora
2005 521 2195 568 vestra

2307 530 2419 567 seu.
2457 532 2475 565 ι
2513 511 2676 567 Γενοῦ
2719 515 2778 566 έν
2807 514 2872 582 τῇ
2899 510 3201 583 ψαλμῳδίᾳ
3241 527 3342 564 σου
3381 509 3594 576 ἄκακος,
3620 515 3697 568 καὶ
3716 518 3803 571 lul-

616 595 859 651 hosﬁam
909 597 1206 663 viventem,
1240 610 1510 666 sanetam,
1550 602 2006 674 beneplaeentem
2064 605 2199 670 Deo,

2307 622 2472 678 ραιος,
2518 606 2594 668 ὼς
2629 607 2678 659 οί
2711 603 2902 666 παῖδες
2933 602 3043 656 τῶν
3079 601 3383 673 Ἐϐραίων,
3428 603 3607 663 οἵτινες
3635 605 3808 678 ὑπήιηη..

619 687 954 743 rationabile
1001 690 1330 759 obsequium
1373 707 1620 746 vesrrum
1670 693 1713 747 ⁸.
1749 714 1768 746 ι
1809 696 1900 749 Αἰι
1934 705 2116 750 autem
2148 703 2205 749 et

2307 715 2402 751 σαν
2431 697 2510 767 τῷ
2542 696 2732 766 Κυρίῳ
2795 696 2930 765 μετὰ
2975 695 3191 748 κλάδων
3234 693 3338 746 καὶ
3385 692 3578 764 βαῖων,
3610 694 3810 763 λέγοντες,

616 777 892 834 Iacobus:
918 781 1230 837 «Tristatur
1254 784 1379 853 quis
1409 784 1464 837 in
1481 785 1678 839 vobis?
1705 795 1869 851 oret;
1898 801 2056 855 aequo
2083 785 2206 838 ani-

2311 807 2330 841 ι
2375 789 2609 842 Ὡσαννὰ
2629 791 2688 842 ὲν
2707 789 2837 850 τοῖς.
2851 785 3098 857 ὑψίστοις
3118 802 3132 818 ο
3161 785 3536 853 εὐλογημένος
3552 787 3577 837 ὁ
3596 787 3810 854 splenem;

621 886 712 925 mo
733 881 813 926 est
840 874 1009 942 quis?
1031 877 1304 942 ιιδειΙΙιιϋ.»
1322 875 1522 931 Verum
1544 889 1605 932 ut
1622 879 1886 942 diximus,
1905 881 2034 948 quia
2063 878 2210 934 sicut

2307 884 2364 934 ὲν
2393 881 2622 951 ὀνόματι
2654 880 2884 952 Κυρίου.
2925 897 2945 930 ι
2978 877 3139 948 Αὐτῷ
3185 879 3223 948 ἡ
3253 875 3389 941 δόξα
3415 878 3493 939 είς
3516 877 3630 940 τοὺς
3656 877 3815 942 αἰῶνας.

619 975 689 1017 ex
713 963 902 1020 debito
930 969 1228 1037 repetimus
1247 970 1632 1038 psalmodiam,
1653 981 1917 1041 tanquam
1940 987 2211 1028 eauonem
2321 973 2517 1042 ’Δμὴν.

535 1082 538 1085 -
622 1052 894 1120 debitum,
926 1060 998 1113 itu
1034 1061 1181 1114 illam
1215 1062 1514 1116 debuimus
1582 1063 2132 1134 irreprehensib2.em
2163 1066 2614 1136 inculpatamque
2655 1064 2859 1120 offerre
2889 1080 2904 1117 :
2940 1062 3050 1117 hoc
3087 1069 3174 1116 est
3199 1101 3216 1126 ,
3287 1060 3434 1114 citra
3504 1059 3634 1112 iram
3672 1061 3819 1131 cogita-

625 1146 915 1218 tionusmte
953 1163 1190 1221 acceptae
1215 1154 1382 1208 ullius
1410 1154 1628 1225 injuria:
1663 1176 1674 1208 :
1720 1173 1902 1226 neque
1924 1159 2075 1214 enim
2107 1158 2358 1229 speciosa
2399 1159 2518 1214 laus
2567 1165 2655 1213 est
2716 1157 2773 1211 in
2813 1171 2910 1211 ore
2965 1153 3287 1225 peccatoris
3305 1153 3348 1207 '.
3375 1150 3532 1217 ρυηά
3558 1151 3603 1204 si
3629 1152 3822 1210 adversus

626 1236 855 1293 fratrem
896 1250 1049 1296 tuum
1094 1244 1377 1313 quidpiam
1429 1248 1714 1316 habueris,
1790 1251 2006 1322 1193
2051 1264 2156 1305 nec
2217 1250 2269 1305 ei
2307 1265 2375 1304 ex
2432 1248 2622 1303 animo
2670 1249 2995 1311 indulseris,
3058 1259 3356 1316 nunquam
3410 1255 3503 1296 tua
3544 1244 3822 1313 acceptabilis

628 1325 797 1390 fuerit
851 1338 930 1389 vel
972 1337 1300 1405 psalmodia,
1331 1340 1419 1394 vel
1452 1343 1654 1405 oratio,
1678 1342 1808 1397 sive
1841 1344 2212 1416 eleemosyna,
2249 1351 2308 1398 et
2348 1352 2546 1398 caetera
2616 1341 2888 1412 ejusmodi
2946 1354 3072 1410 qua:
3108 1323 3168 1394 ἷθ
3240 1337 3435 1393 credis
3474 1338 3610 1391 bona
3650 1337 3821 1393 efﬁcere.

627 1427 773 1485 Voce
805 1428 954 1482 enim
991 1429 1293 1484 Salvatoris
1326 1433 1520 1486 audies
1543 1433 1651 1488 diei
1677 1435 1809 1489 tibi:
1835 1454 1854 1486 ι
1881 1435 2031 1490 Vade
2085 1435 2239 1505 prius
2277 1434 2626 1490 reconciliari
2653 1433 2815 1487 fratri
2874 1440 2993 1497 tuo,
3021 1441 3079 1486 et
3111 1441 3248 1486 tunc
3273 1429 3511 1484 veniens
3535 1430 3663 1485 oﬂer
3686 1446 3823 1489 munus

625 1527 780 1572 tnum
804 1521 848 1574 ".
879 1520 1156 1577 iPsalmos
1181 1529 1305 1578 tuos
1335 1524 1467 1578 dum
1501 1527 1774 1592 concinis,
1801 1528 2067 1582 innocens
2097 1537 2219 1583 esto
2257 1537 2316 1582 et
2354 1528 2608 1598 simplex,
2649 1534 2712 1582 ut
2744 1527 2817 1581 illi
2890 1526 3257 1581 Hebraeorum
3304 1524 3490 1594 pueri,
3531 1525 3621 1594 qui
3667 1525 3822 1594 quidem

623 1611 860 1668 Domino
890 1624 1257 1670 oecurrerttnt
1292 1633 1416 1672 cum
1459 1619 1629 1672 ramis
1666 1629 1718 1674 et
1755 1622 2003 1690 psalmis,
2038 1620 2329 1676 dicentes:
2359 1639 2378 1672 ι
2415 1618 2673 1675 Hosanna
2709 1619 2765 1673 in
2801 1617 3090 1672 altissimis
3134 1615 3518 1671 :benedictus
3545 1616 3632 1686 qui
3658 1616 3822 1673 reuitin

626 1707 850 1760 nomine
879 1705 1098 1761 Domini
1131 1709 1173 1760 ³.
1214 1725 1233 1758 ι
1287 1706 1397 1778 Ipsi
1439 1709 1612 1780 gloria
1648 1709 1705 1764 in
1743 1711 1969 1767 saecula.
2003 1710 2208 1766 Amen.

1191 1840 1478 1898 HOMILIA
1504 1841 1640 1898 CVI.

1223 1954 1304 2007 De
1344 1957 1608 2012 oratione.

695 2067 904 2122 Vacare
945 2066 1183 2121 orationi
1215 2067 1494 2123 indivulse
1517 2084 1582 2123 ac
1606 2068 1814 2139 jugiter
1847 2084 1976 2124 cum
2010 2069 2210 2140 primis

625 2157 1000 2213 necessarium
1035 2165 1092 2212 et
1139 2157 1301 2210 nobis
1334 2173 1602 2226 perquam
1643 2159 1970 2229 frugiferum
2025 2166 2131 2214 est.
2165 2161 2211 2212 Α

624 2250 740 2304 Deo
776 2251 947 2321 igiutr
973 2259 1027 2304 et
1055 2249 1218 2303 Patre
1242 2250 1458 2303 Domini
1485 2250 1662 2304 nos1ri
1685 2251 1815 2305 Jesu
1838 2253 2208 2320 postulemus.

623 2339 786 2395 nobis
835 2349 895 2394 ut
944 2339 1233 2409 impertiat
1265 2339 1682 2405 intelligentiam
1711 2341 2077 2410 spiritualem,
2103 2356 2213 2410 qua

622 2431 794 2485 veluti
819 2432 1281 2486 conciliatrieeet
1311 2433 1505 2485 attenti
1533 2433 1708 2487 simus
1722 2445 1774 2486 et
1802 2432 2122 2502 pervigiles,
2143 2433 2213 2487 ab

622 2523 743 2593 ipso
761 2533 820 2577 ut
838 2525 1118 2593 postulare
1136 2528 1458 2579 noverimus
1470 2524 1590 2590 ejus
1607 2525 1952 2579 voluntatem
1978 2524 2215 2580 innubis

621 2614 764 2670 ﬁeri.
791 2616 1146 2682 Spiritualem
1165 2617 1349 2672 lucem
1373 2632 1492 2685 qua:
1508 2632 1636 2671 vera
1659 2625 1744 2672 est
1760 2618 1875 2681 lux,
1897 2633 2018 2684 quae
2041 2626 2128 2672 etc
2152 2617 2218 2672 il-

619 2707 859 2762 luminat
882 2724 1108 2762 onmem
1153 2709 1428 2762 hominem
1456 2709 1770 2762 venientem
1800 2709 1853 2761 in
1885 2709 2032 2763 hunc
2059 2724 2219 2762 mun-

622 2801 754 2854 dum
787 2802 830 2865 ³,
853 2820 872 2852 ι
907 2801 1071 2871 jussit
1111 2801 1226 2869 ipse
1271 2810 1332 2855 ut
1378 2809 1694 2870 peteremus
1725 2801 1882 2855 nobis
1915 2799 2214 2870 indulgeri.

623 2889 854 2957 Quando
872 2893 1038 2960 igitur
1049 2903 1454 2948 sacrosanctam
1467 2901 1522 2947 et
1539 2894 1703 2947 unius
1719 2895 2075 2963 ejus-lemque
2089 2891 2221 2945 sub-

625 2985 843 3038 stantiie
870 2988 1190 3039 invocamus
1229 2985 1582 3047 Trinitatem,
1616 2985 1952 3052 castissi'nis.
1988 2983 2219 3053 quidem

625 3084 748 3128 erat
771 3076 1040 3131 onibuset
1063 3092 1182 3146 qum
1208 3077 1347 3131 nihil
1368 3077 1630 3131 insinceri
1647 3077 1878 3130 habeant
1894 3076 2216 3138 admistum,

2914 1848 3136 1902 ΛΟΓΟΣ.
3164 1849 3314 1915 Per.

2829 1960 2970 2030 Περὶ
3001 1958 3388 2030 προσευχῆς.

2380 2069 2456 2125 Τὸ
2489 2068 2772 2141 σχολάζειν
2802 2073 2870 2140 τῇ
2900 2068 3236 2140 ἁδιαλείπτῳ
3251 2071 3562 2140 προσευχῇ,
3601 2071 3822 2137 ἀναγκαῖα

2311 2161 2407 2216 καὶ
2457 2161 2738 2230 ὲπωφελὲς
2787 2161 2918 2232 ἡμῖν
2967 2161 3232 2232 ὑπάρχει.
3297 2162 3624 2230 Αἰτὴσωμεν
3663 2155 3739 2212 οὖν
3771 2163 3823 2213 τὸν

2311 2254 2447 2308 Θεὸν
2479 2255 2576 2307 καῒ
2610 2255 2834 2324 Πατέρα
2869 2256 2965 2308 τοῦ
2998 2255 3208 2326 Κυρίου
3239 2258 3274 2324 ἡ
3286 2255 3412 2324 μῶν
3451 2255 3624 2324 Ἰησοῦ
3650 2256 3821 2325 Χριστώ

2312 2345 2497 2400 δοῦναι
2550 2349 2684 2417 ἡμῖν
2736 2347 2951 2400 σύνεσιν
2992 2349 3425 2417 πνευματικήν
3492 2347 3626 2400 ὥστε
3694 2348 3822 2414 νῇςεῑι

2313 2443 2407 2495 καὶ
2457 2441 2841 2512 ἐγρηγορέναι,
2871 2439 2967 2493 τοῦ
3013 2441 3187 2492 αἰτεῖν
3222 2439 3363 2510 παρ’
3393 2438 3560 2494 αὺτοῦ
3598 2437 3651 2490 τὸ
3676 2437 3822 2504 θέλημι

2314 2528 2482 2583 αὑτοῦ
2530 2529 2788 2598 γενέσθαι
2838 2530 2899 2582 ὲν
2942 2531 3098 2599 ἡμῖν.
3161 2528 3338 2580 Τοῦτο
3380 2527 3494 2598 γάρ
3537 2527 3660 2580 αὐτὸ
3694 2525 3826 2587 ὸθεδς

2316 2621 2410 2674 καὶ
2445 2620 2636 2690 Σωτὴρ
2666 2620 2826 2690 ήμῶν
2858 2619 2921 2672 τὸ
2945 2620 3327 2688 πνευματιςὼν
3356 2620 3477 2689 φῶς
3508 2619 3566 2672 τὸ
3587 2619 3640 2673 δν
3667 2619 3718 2670 τὸ
3736 2619 3822 2687 dii;-

2318 2710 2496 2777 θινδν,
2545 2729 2564 2763 ι
2604 2710 2634 2763 ὃ
2680 2709 2908 2780 φωτίζει
2955 2710 3136 2763 πάντα
3164 2710 3467 2782 ἄνθρωπον
3500 2709 3756 2779 ἐρχόμενον
3775 2711 3826 2772 εἰς

2318 2802 2408 2854 τὸν
2437 2801 2666 2870 κόσμον,
2695 2819 2716 2854 ι
2761 2800 3067 2854 ἐνετείλατο
3094 2803 3228 2872 ἡμῖν
3258 2803 3462 2856 αἰτεῖν.
3497 2801 3619 2854 Ὀτε
3645 2795 3721 2853 οὖν
3744 2801 3821 2852 ἐπι·

2319 2894 2638 2964 καλούμεθα
2689 2893 2788 2964 τὴν
2835 2895 2998 2962 ἁγίαν
3046 2897 3141 2948 καὶ
3182 2895 3483 2964 ὁμοούσιον
3518 2893 3708 2965 Τριάδα
3739 2910 3824 2945 m-

2321 2985 2500 3050 αγίοις
2551 2984 2649 3054 μὲν
2701 2985 2925 3053 εὐχαῖς,
2988 2984 3384 3057 ἀνεπιθολὼτῳ
3425 2986 3484 3040 δὲ
3531 2986 3632 3057 νῷ,
3679 2985 3750 3038 καὶ
3781 2987 3823 3053 τῇ

2323 3076 2461 3147 πρὸς
2499 3076 2653 3130 θείαν
2696 3075 2890 3129 ἕνωσιν
2933 3077 3372 3150 ἐπιτηδειότητι,
3433 3079 3556 3131 τότε
3600 3078 3682 3130 καὶ
3715 3077 3825 3144 ἡμεῖς

625 3175 814 3220 mente
857 3182 988 3221 vero
1025 3168 1252 3222 minime
1301 3167 1644 3231 turbulenta,
1699 3179 1867 3236 atque
1916 3166 2205 3236 aptissima

2311 3168 2468 3224 αὐτοὶ
2510 3170 2794 3241 πάρεσμεν
2813 3210 2829 3234 ,
2881 3170 2976 3223 καὶ
3013 3169 3498 3240 ἀντιλαμϐάνομεν
3527 3170 3589 3224 τὲ
3616 3169 3824 3235 naviget:

629 3257 832 3332 unione
879 3258 945 3312 ad
999 3259 1242 3313 divin-am
1293 3260 1818 3329 contemplationem
1872 3266 2050 3312 :tnne
2100 3273 2211 3312 nos

627 3349 800 3403 lit-atas
838 3350 1098 3405 Trinitati
1135 3353 1364 3421 prepius
1403 3352 1786 3422 adjungimur,
1845 3361 1902 3406 et
1943 3367 2046 3421 pro
2073 3366 2211 3420 qua-

626 3438 886 3509 licunque
911 3441 1102 3496 labore
1125 3444 1268 3496 dona
1303 3443 1604 3512 recipimus
1632 3444 1938 3512 omnigense
1965 3441 2209 3504 virtutis,

625 3547 751 3600 quae
779 3549 880 3587 nes
907 3550 1037 3604 erga
1071 3535 1219 3588 illam
1249 3535 1420 3589 solide
1451 3548 1516 3589 ac
1545 3536 1822 3589 stabiliter
1859 3534 2207 3588 confirment.

625 3622 816 3680 Oratio
857 3634 1084 3680 creteras
1116 3627 1350 3682 virtutes
1379 3626 1544 3681 facile
1569 3626 1974 3694 antegreditur,
2009 3626 2056 3680 si
2097 3640 2214 3679 mo—

628 3715 702 3770 do
747 3732 843 3770 sua
872 3717 1027 3770 illimi
1058 3719 1299 3788 puritate
1333 3721 1445 3776 Duo
1471 3721 1829 3792 prepinquat.
1863 3720 2007 3776 Sane
2035 3721 2218 3776 oratio

629 3811 1080 3866 mansuetudinis
1127 3821 1184 3867 et
1225 3813 1593 3869 inirasceutiae
1628 3829 1878 3885 germen.
1913 3813 2103 3870 Oratio
2132 3822 2216 3868 est

628 3907 687 3954 et
722 3903 902 3966 gaudii
931 3911 986 3957 et
1020 3908 1320 3974 gratiarum
1355 3908 1591 3961 actionis
1634 3907 1868 3961 tutelure
1903 3919 2217 3976 propugna-

629 3993 840 4058 culum,
877 3994 1116 4050 tristitize
1147 4012 1277 4050 vero
1319 4006 1373 4051 et
1399 3998 1871 4066 pusillanimitatis
1911 3999 2216 4053 amuletum

631 4093 1094 4150 praesentaneum.
1131 4085 1284 4140 Mens
1314 4086 1488 4152 igitur
1526 4085 1908 4155 componenda
1958 4094 2044 4141 est
2083 4101 2214 4139 ora-

632 4174 801 4231 tionis
851 4185 1115 4244 tempore,
1166 4186 1222 4232 et
1257 4178 1630 4234 eunﬁrmanda
1683 4187 1741 4230 ut
1786 4194 1856 4233 ne
1893 4181 2217 4248 obstrepeta

633 4267 706 4322 sit
734 4279 829 4322 aut
850 4283 1034 4323 seeiim
1065 4270 1434 4325 tumultuetur
1452 4280 1509 4325 et
1541 4271 1888 4325 insusurret:
1911 4279 2042 4326 tunc
2065 4272 2214 4337 enim

632 4364 840 4432 poterit
881 4363 1006 4430 quis
1048 4365 1342 4418 sinceriter
1373 4379 1555 4418 crare.
1589 4363 1800 4429 Oratio,
1833 4363 2102 4419 familiare
2130 4371 2216 4419 est

2307 3263 2458 3333 δῶρα
2504 3263 2572 3315 τὰ
2617 3262 2746 3331 περὶ
2787 3261 2959 3331 αὐτὴν
3008 3261 3309 3332 ἱδρυμένα,
3367 3265 3404 3331 ἡ
3445 3258 3824 3332 προσευχὴ

2308 3353 2505 3423 λοτέρα
2557 3353 2819 3422 τυγχάνει
2873 3351 3065 3405 πασῶν
3101 3351 3212 3404 τῶν
3247 3351 3494 3422 ἀρετῶν,
3516 3349 3710 3419 καθαρά
3731 3341 3821 3399 οὗιι

2310 3447 2406 3500 καὶ
2439 3445 2559 3516 Θεῷ
2589 3446 2884 3514 ἐγγίζουσα
2903 3463 2918 3476 ο
2944 3444 3242 3515 προσευχὴ
3272 3445 3386 3513 γάρ
3418 3447 3553 3506 ὲστι,
3587 3440 3825 3512 πραότητος

2311 3538 2407 3591 καὶ
2459 3538 2764 3609 ἀοργησίας
2820 3536 3154 3606 βλάστημα,
3223 3537 3506 3608 προσευχή
3557 3531 3826 3602 ὲστι,χαρίς

2317 3629 2411 3680 καὶ
2454 3627 2809 3698 εὐχαριστίας
2843 3610 3172 3698 πρόδλημα,
3231 3627 3484 3697 ἀλέξημα
3511 3627 3565 3679 δὲ
3590 3624 3741 3692 λύπης
3765 3621 3826 3673 καὶ

2312 3720 2570 3790 ἀθυμίας.
2625 3721 2747 3791 Χρὴ
2779 3716 2876 3774 οὖν
2908 3720 3108 3788 στῆσαι
3137 3719 3234 3772 τὸν
3261 3720 3392 3774 νοῦν
3421 3719 3563 3772 κατὰ
3589 3717 3668 3770 τὸν
3688 3711 3824 3782 καιρὸν

2311 3812 2413 3881 τῆς
2449 3812 2650 3881 εὐχῆς,
2703 3812 2799 3865 καὶ
2858 3811 3044 3882 φωνὴν
3094 3811 3328 3864 ἄλαλονο
3384 3811 3506 3864 τότε
3548 3806 3741 3862 δύναταί
3769 3819 3822 3862 τις

2315 3901 2750 3972 προσεύξασθαι.
2773 3903 2835 3956 Ἡ
2859 3901 2969 3971 γὰρ
2993 3901 3276 3972 προσευχὴ
3303 3901 3494 3972 ὁμιλία
3520 3901 3626 3952 ἐστὶ
3644 3897 3754 3966 πρὸς
3765 3892 3822 3944 tbi

2314 3991 2469 4047 Θεόν.
2522 3991 2687 4056 Ποίας
2731 3988 2826 4046 οῦν
2870 3993 3044 4045 δεῖται
3092 3992 3120 4043 ὁ
3163 3991 3291 4054 νοῦς
3333 3992 3730 4051 καταστάσεως,
3764 3986 3820 4035 ἵνα

2313 4085 2518 4156 δυνηθῇ
2591 4087 2802 4155 ὁμιλεῖν
2860 4084 2938 4155 τῷ
2975 4085 3092 4156 ἰδίῳ
3125 4086 3372 4158 Δεσπότῃ
3414 4082 3628 4155 μηδενὸς
3656 4073 3819 4148 ἐμποδί-

2316 4175 2501 4240 ζοντος
2536 4175 2645 4228 τῶν
2683 4175 2850 4242 ξένων
2883 4175 3203 4246 λογισμῶν;
3260 4177 3292 4245 ἡ
3349 4175 3490 4244 μετὰ
3526 4173 3724 4230 πένθους
3757 4165 3818 4218 mi

2315 4268 2374 4318 έν
2422 4265 2696 4334 πνεύματι
2745 4265 3064 4336 προσευχὴ,
3123 4265 3297 4336 τροφὴ
3360 4265 3454 4318 τοῦ
3497 4261 3585 4315 νοῦ
3626 4258 3814 4324 ὑπάρχει.

2317 4357 2508 4428 ὥσπερ
2560 4358 2588 4409 ὁ
2631 4356 2795 4429 ἄρτος
2847 4355 2942 4409 τοῦ
2986 4355 3261 4426 σώματος.
3316 4356 3595 4423 Μακάριος
3619 4345 3813 4403 οὖνέστιν

633 4455 838 4510 mentis
875 4471 998 4513 cum
1043 4457 1154 4510 Deo
1183 4457 1522 4526 colloquium
1561 4474 1574 4507 :
1611 4471 1722 4525 quo
1761 4456 1932 4526 igitur
1979 4457 2035 4510 in
2067 4464 2210 4510 statu

2318 4454 2346 4503 ὁ
2375 4451 2532 4515 νοῦς,
2585 4449 2645 4512 ὃς
2693 4449 2838 4502 κατὰ
2882 4448 2974 4500 τὸν
3011 4449 3205 4519 καιρὸν
3235 4447 3334 4516 τῆς
3365 4441 3658 4516 προσευχῆς
3679 4441 3813 4534 ἀπεῆί·

634 4561 862 4602 necessia
892 4555 979 4600 est
1024 4558 1084 4600 ut
1126 4563 1184 4601 se
1237 4563 1392 4603 meus
1448 4547 1806 4603 constabiliat
1854 4556 1910 4602 et
1957 4551 2212 4612 adornet,

634 4637 715 4691 sic
742 4636 1086 4691 familiariter
1113 4651 1237 4690 cum
1273 4638 1501 4706 proprio
1531 4637 1766 4692 Domino
1803 4645 2165 4707 cengressura
2192 4638 2215 4691 ἰ

632 4731 908 4785 Nimirum
964 4730 1009 4785 si
1063 4730 1202 4784 nihil
1255 4746 1374 4785 eam
1443 4730 1811 4800 interpellarit
1856 4739 2211 4784 externarum

633 4824 1053 4895 cogitationum.
1080 4822 1274 4878 Oratio
1323 4837 1453 4878 cum
1503 4823 1658 4878 luctu
1694 4823 1990 4893 conjuncta
2035 4831 2093 4878 et
2145 4820 2213 4876 ad

633 4912 804 4966 Deum
844 4913 1016 4967 effusa
1057 4913 1112 4966 in
1164 4913 1384 4983 spiritu,
1416 4912 1681 4967 alimonia
1708 4913 1910 4968 mentis
1935 4920 2040 4976 est,
2071 4911 2215 4966 haud

633 5021 793 5061 secus
821 5022 885 5060 ac
927 5007 1088 5076 panis
1115 5007 1353 5074 corpori.
1388 5006 1553 5061 Beata
1599 5021 1731 5061 sane
1767 5021 1931 5061 mens
1961 5005 2051 5060 cui
2081 5013 2221 5059 tem-

636 5114 773 5168 pore
800 5099 1072 5154 orationis
1093 5099 1280 5154 datum
1303 5107 1410 5164 est,
1444 5099 1608 5154 nullis
1641 5114 1700 5154 se
1723 5099 2216 5169 interpellantibus

638 5190 876 5242 remoris
905 5191 1078 5244 Deum
1111 5206 1274 5260 posse
1317 5191 1543 5256 alloqui.
1583 5191 1734 5246 Talis
1765 5190 2001 5261 perinde
2029 5206 2088 5245 se
2114 5190 2218 5243 ha-

640 5277 693 5330 bt
715 5286 755 5340 t,
790 5288 850 5332 ut
882 5279 1082 5348 aquilae
1133 5281 1338 5349 pullus,
1376 5280 1508 5334 dum
1549 5296 1671 5335 sese
1703 5281 1758 5335 in
1790 5281 2024 5335 sublime
2053 5279 2219 5334 attol-

643 5370 726 5426 lit.
751 5370 888 5425 Tota
921 5375 1068 5427 enim
1092 5373 1233 5429 felici
1267 5389 1469 5444 nempe
1505 5391 1568 5431 ac
1597 5374 1784 5431 divina
1811 5375 2222 5445 permutatione

643 5479 673 5520 a
716 5479 777 5518 se
829 5463 1089 5531 alienata,
1145 5467 1370 5522 radioso
1410 5467 1706 5537 splendore
1759 5465 2101 5521 intermicat.
2137 5464 2217 5518 Ad

645 5554 954 5609 orationem
999 5558 1132 5637 dum
1177 5558 1568 5622 consistcmus,
1603 5574 1700 5613 ceu
1734 5561 2058 5630 pnediczum
2101 5566 2219 5620 est;

2322 4543 2580 4606 σπάστως
2610 4540 2688 4610 τῷ
2715 4539 2833 4612 Θεῷ
2861 4541 3208 4610 προσομιλεῖ.
3236 4539 3294 4592 '0
3320 4538 3558 4599 τοιοῦτος
3577 4535 3640 4595 ὡς
3662 4526 3811 4583 remi»;

2320 4632 2482 4688 ἀετοῦ
2528 4634 2608 4694 είς
2646 4632 2782 4701 ῦψος
2827 4632 3077 4701 αἴρεται·
3131 4631 3228 4685 καὶ
3263 4630 3402 4690 ὅλως
3434 4622 3749 4698 ἠλλοιωμένος
3773 4616 3810 4680 τῇ

2321 4722 2414 4777 τοῦ
2464 4721 2599 4776 Θεοῦ
2654 4723 2942 4776 ἀλλοιώσει
2992 4721 3294 4791 φωτοειδὴς
3340 4721 3565 4789 γίνεται.
3617 4711 3807 4768 Καὶὸταν

2321 4818 2400 4880 εἰς
2428 4817 2596 4886 εὐχὴν
2631 4815 2872 4884 στῶμεν,
2904 4820 2980 4885 μὴ
3007 4815 3296 4884 εὐξώμεθα
3327 4814 3485 4883 ἡμῶν
3513 4811 3697 4879 θέλημα
3714 4798 3808 4870 γενέ·

2324 4908 2469 4972 σθαι,
2507 4908 2693 4972 καθὼς
2726 4907 2968 4979 εἴρηται,
3008 4907 3149 4960 ἀλλὰ
3176 4906 3238 4959 τὸ
3265 4906 3359 4959 τοῦ
3387 4904 3517 4960 θεοῦ
3538 4920 3550 4932 ·
3584 4896 3728 4957 καθὼς
3748 4889 3803 4944 καὶ

2319 5000 2684 5071 ἐδιδάχθημεν
2706 5017 2719 5031 ·
2768 5019 2786 5052 ι
2819 4999 3116 5071 Γενηθήτω
3145 4999 3208 5051 τδ
3239 4999 3454 5068 θέλημά
3483 5014 3568 5050 σου
3594 5012 3613 5044 ι
3644 4992 3690 5043 ὲν
3715 4983 3802 5053 ἐμθὶ,

2320 5094 2416 5146 καὶ
2446 5093 2542 5146 ἐπὶ
2573 5095 2740 5146 παντὶ
2766 5092 3087 5164 πράγματι,
3125 5091 3216 5144 ἵνα
3246 5090 3420 5154 οὕτως
3448 5087 3594 5143 αὑτὸν
3615 5079 3798 5145 αἰτῶμεν.

2317 5187 2466 5248 ὅπως
2494 5184 2554 5237 τὸ
2579 5182 2748 5237 αὐτοῦ
2777 5183 3006 5253 γένηται
3030 5181 3266 5252 θέλημα.
3295 5181 3452 5234 Θέλει
3476 5179 3573 5248 γὰρ
3596 5175 3645 5226 τὸ
3667 5164 3802 5234 ἀγαθὸν

2323 5278 2419 5331 καὶ
2450 5277 2729 5347 συμφέρον
2762 5279 2828 5347 τῇ
2858 5275 3029 5346 ψυχῇ.
3083 5275 3278 5344 Ἡμεῖς
3311 5274 3370 5327 δὲ
3413 5274 3471 5326 οὐ
3501 5271 3680 5325 πάντως
3701 5255 3800 5354 reita

2332 5369 2624 5440 ζητοῦμεν,
2666 5369 2869 5439 μᾶλλον
2899 5368 2958 5421 δὲ
2989 5366 3352 5437 ταλανίςομεν
3384 5366 3591 5423 ἑαυτοὺς
3618 5355 3690 5410 καὶ
3715 5359 3800 5445 im}

2332 5462 2535 5516 πολλοῦ
2569 5461 2829 5525 πένθους·
2869 5461 2953 5514 ὅτι
2988 5458 3162 5520 οὕτως
3187 5458 3488 5529 ἀκάθαρτοι
3513 5456 3642 5512 δντίς
3659 5443 3799 5543 “ipf,-

2333 5574 2432 5626 μεν
2464 5554 2658 5626 Κυρίῳ
2683 5552 2948 5607 Σαὸὁαὼθ
2981 5553 3338 5624 παριστάναι.
3375 5552 3432 5606 Ὀ
3461 5546 3720 5622 βουλόμενος
3739 5545 3798 5581 ουν

715 5711 740 5747 δ
777 5714 936 5770 Rom.
972 5732 1062 5781 xu,
1097 5717 1142 5769 l.
1222 5719 1239 5747 ³
1284 5720 1396 5774 Jac.
1441 5737 1493 5783 ν,
1543 5721 1620 5775 13.
1698 5723 1716 5752 ⁸
1755 5720 1921 5777 [ἐι-(διε.
1965 5737 2052 5786 xv,
2096 5722 2146 5775 9.

2309 5717 2468 5773 latth.
2506 5734 2557 5778 ν,
2599 5717 2687 5770 25.
2765 5717 2784 5746 "
2842 5715 3028 5770 Matth.
3076 5732 3180 5780 ut,
3215 5714 3267 5769 9.
3348 5715 3367 5746 ’
3407 5713 3545 5768 Joan.
3591 5719 3620 5767 l,
3663 5697 3699 5754 9-
