4042 6420
211 315 409 382 1⁸157
1343 323 1672 386 HOMILIA
1711 327 1855 388 CVI.
1881 353 1948 363 -
1970 326 2067 391 DE
2106 329 2517 402 ORATIONE.
3420 353 3559 418 1758

206 425 541 499 καθαρῶς
586 427 1019 500 προσεύξασθαι,
1052 429 1319 508 πρότερον
1366 430 1510 502 ὑπὲρ
1543 432 1867 502 συνεργείας

1989 453 2044 493 te
2067 454 2291 498 oremus
2317 447 2595 516 propriam
2620 451 2830 519 expleri
2858 453 3220 525 volunta'em,
3251 463 3426 529 magis
3451 480 3556 517 au-

208 518 536 591 δεικρῦων
585 522 1016 593 προσευξάσθω,
1075 522 1164 578 ἵνα
1208 502 1319 577 διὰ,
1347 523 1441 578 τοῦ
1485 524 1717 588 πένθους
1772 526 1861 590 ἐξ·

2318 502 2334 514 _
2422 502 2439 516 _
2872 502 3083 510 .-__..._
3112 502 3220 525 -...,
3253 502 3336 514 .....
3380 502 3426 517 ..ν
3451 502 3549 517 ατ

1995 544 2082 584 em
2127 547 2250 587 cam
2305 551 2428 604 quae
2478 537 2575 592 Dei
2624 551 2731 605 est,
2773 543 2933 611 juxta
2991 543 3300 603 doctrinam
3342 502 3549 609 ﬂillam:

218 614 550 688 ημερώσῃ
602 616 704 687 τὴν
754 616 1020 687 άγιότητα
1072 615 1176 687 τῆς
1225 617 1439 687 ψυχῆς,
1493 620 1586 672 καὶ
1621 620 1865 693 τυγχάνῃ

1989 622 2143 677 [Fiat
2170 626 2427 682 voluntas
2469 636 2561 684 tua
2600 631 2645 664 ιο
2681 649 2700 682 ι
2731 596 2792 685 in:
2817 648 2904 689 me
2950 646 3008 690 et
3038 636 3094 689 in
3144 650 3206 692 re
3250 642 3501 708 qualibet

222 710 362 779 τῆς
398 707 749 779 ἀκραιφνοῦς
783 709 1114 779 προσευχῆς.
1165 711 1273 763 Καὶ
1302 709 1414 781 γὰρ
1441 711 1473 781 ἡ
1500 709 1739 781 ἔμμονος
1769 711 1866 763 καὶ

1989 713 2156 784 ιίςίιυε
2187 717 2257 771 ab
2290 734 2356 772 eo
2395 719 2779 791 deposcamus,
2834 728 2896 779 ut
2950 726 3073 796 ejus
3131 730 3225 783 tlat
3273 707 3553 788 voluntas.

235 803 518 874 συνεχὴς
537 800 939 872 προτευχὴ.διὰ
967 802 1065 872 τῆς
1094 800 1231 872 πρὸς
1255 801 1388 853 Θεὸν
1411 802 1652 872 ὁμιλίας,
1671 804 1734 855 ἐκ
1757 801 1865 854 τῶν

1989 811 2188 883 [197
2215 812 2347 868 Jure
2372 816 2596 884 quidem
2630 834 2643 869 :
2678 816 2814 871 nihil
2868 820 3017 873 enim
3079 828 3187 874 tam
3222 824 3346 876 Vult
3386 839 3552 894 quam

237 895 371 964 μὲν
444 892 760 962 ἐγκοσμίων
819 892 1189 964 φρονημάτων
1250 892 1489 963 ἁρπάζει
1552 894 1643 946 τὸν
1702 893 1865 957 νοῦν,

1989 906 2120 976 ιυοό
2154 907 2358 962 bonum
2389 916 2475 963 est
2512 917 2570 964 et
2603 911 2801 965 anima:
2850 912 3131 968 conducit.
3192 915 3305 969 Nos
3364 892 3552 971 autem

237 983 397 1053 Θεῷ
425 983 489 1037 δὲ
519 984 691 1067 αὐτὸν
717 984 1038 1054 παρίστησι,
1071 984 1168 1037 καὶ
1196 984 1285 1038 διὰ
1310 986 1409 1053 τῆς
1439 987 1522 1046 εἰς
1545 984 1680 1037 Θεὸν
1704 984 1869 1051 ἐγγύ-

1989 1014 2081 1053 ton
2109 999 2183 1054 ita
2214 1015 2313 1070 per
2357 1016 2577 1057 omnem
2625 1005 2850 1059 modum
2891 1006 2998 1059 hoc
3052 1006 3233 1075 ipsum
3289 1010 3551 1077 petimus,

235 1095 486 1149 τητος,
508 1076 802 1140 εὐλαϐείας
827 1094 887 1130 τε
918 1076 1083 1130 αὐτὸν
1111 1078 1203 1129 καὶ
1228 1078 1524 1148 ἡπιότητος
1551 1076 1865 1148 ἐμπιμπλᾷ.

1995 1090 2102 1145 icet
2129 1108 2231 1147 nos
2259 1092 2409 1163 ipsos
2437 1095 2768 1165 deputemus
2790 1099 3026 1153 miseros
3047 1102 3222 1154 multo
3245 1076 3552 1156 etiamnum

210 1170 470 1240 ,Χωρὶς
508 1167 565 1222 δὲ
600 1168 1113 1241 ταπεινοφροσύνης
1156 1170 1257 1222 οὐκ
1290 1169 1440 1223 ἔστιν
1462 1169 1871 1238 νεὺπρόσδεκτον

1989 1198 2099 1237 tum
2126 1185 2299 1240 luctu.
2331 1185 2450 1253 Qua
2476 1189 2624 1242 enim
2669 1188 2848 1244 fronte
2898 1191 3100 1259 impuri
3133 1207 3237 1247 nos
3279 1195 3557 1247 sustinea-

244 1259 541 1329 γενέσθαι
603 1265 936 1331 προσευχήν.
1005 1280 1023 1312 ι
1066 1260 1398 1330 Ἐπέϐλεψεν
1452 1260 1594 1332 γὰρ,
1666 1260 1868 1332 φησὶν,

1989 1289 2098 1330 nus
2140 1277 2400 1333 assistere
2448 1279 2681 1335 Domino
2724 1280 3017 1338 Sabaoth?
3076 1283 3339 1353 Quisquis
3388 1285 3557 1354 igitur

251 1354 370 1405 ἐπὶ
409 1353 515 1423 τὴν
540 1352 856 1424 προσευχὴν
899 1352 1009 1406 τῶν
1053 1353 1362 1417 ταπεινῶν,
1407 1352 1501 1406 καὶ
1543 1353 1870 1418 ἐξουδένωσε

1989 1368 2281 1423 irationem
2313 1386 2507 1440 puram
2536 1374 2689 1442 cupit
2722 1373 3034 1439 eﬂ‘underc,
3085 1352 3243 1445 prius
3290 1352 3557 1445 apprece-

262 1445 374 1516 τὴν
422 1445 613 1515 δέησιν
656 1446 857 1500 αὐτῶν.
886 1464 906 1497 ι
948 1445 1251 1516 Τοιγαροῦν
1282 1446 1311 1498 6
1340 1445 1511 1497 θέλων
1548 1445 1648 1514 τὴν
1676 1444 1870 1498 ἐαυτοῦ

1989 1472 2067 1513 :ur
2103 1459 2212 1515 sibi
2260 1462 2536 1533 indulgeri
2591 1464 2865 1537 lacrymas
2917 1444 3222 1521 sarciendae
3293 1444 3559 1536 puritatis

256 1538 586 1607 καθαρίσαι
613 1537 863 1610 καρδίαν,
892 1540 960 1608 τῇ
993 1538 1181 1609 μνήμῃ
1209 1537 1302 1589 τοῦ
1326 1538 1527 1606 Κυρίου
1556 1538 1646 1589 διὰ
1671 1536 1872 1600 παντὸς

1989 1555 2411 1621 :ooperatrices,
2435 1562 2496 1609 ut
2527 1557 2677 1611 luctu
2709 1556 2858 1612 velut
2884 1559 3125 1628 parario,
3151 1559 3337 1613 anima
3363 1558 3559 1629 praefe-

257 1632 450 1685 διαπυ
462 1630 640 1701 ρούτω
671 1631 845 1701 αὐτὴν
870 1673 886 1697 ,
940 1632 1100 1685 τοῦτο
1128 1632 1293 1700 μόνον
1326 1630 1560 1700 μελέτην
1586 1631 1681 1684 καὶ
1707 1629 1872 1698 ἔργον

1989 1659 2076 1698 rex
2102 1645 2392 1702 cicur‘etur
2419 1663 2483 1702 ac
2511 1649 2858 1714 mansueﬁat,
2886 1660 3052 1720 atque
3083 1651 3394 1706 ita'demum
3428 1666 3559 1720 per-1»

260 1725 570 1779 ἄπαυστον
616 1722 775 1794 έχων.
835 1725 911 1778 Οὐ
962 1723 1072 1794 γὰρ
1127 1722 1259 1775 ποτὲ
1308 1723 1405 1792 μὲν
1455 1720 1714 1793 εῦχεσθαι
1758 1721 1873 1785 δεῖ,

1989 1735 2195 1792 fruatur
2233 1740 2465 1795 sincerae
2500 1757 2614 1797 sua:
2640 1751 2772 1798 voto
2822 1743 3123 1798 orationis.
3154 1744 3373 1798 Etenim
3411 1743 3560 1814 iugis

263 1816 421 1869 ποτὲ
460 1814 520 1869 δὲ
564 1815 677 1884 μὴ,
729 1815 857 1877 τοὺς
901 1815 1000 1886 τὴν
1041 1814 1253 1867 ἑαυτῶν
1298 1812 1537 1883 σαπρίαν
1574 1812 1870 1866 ἀποϐαλεῖν

1989 1832 2157 1888 ποιίο
2204 1838 2262 1887 et
2312 1833 2653 1899 continens,
2691 1851 2792 1905 per
2841 1850 3198 1905 congressum
3259 1850 3384 1890 cum
3444 1835 3560 1891 Deo

264 1906 612 1972 ἐθέλοντας,
673 1908 792 1961 ἀλλ’
835 1908 923 1962 ἀεὶ
971 1909 1045 1977 τῇ
1086 1907 1361 1977 προσευχῇ
1399 1905 1685 1976 σχολάζειν
1719 1907 1780 1956 ἐν
1802 1905 1871 1973 τῇ

1989 1924 2332 1991 ΓοπιίΙίαι-εηι,
2394 1935 2637 1981 mentem
2690 1935 2885 1982 avocat
2948 1926 3018 1981 ab
3064 1928 3216 1982 omni
3263 1927 3560 1997 prudentia

266 1999 522 2069 τηρήσει
551 1998 646 2052 τοῦ
671 2000 788 2065 νοῦ,
817 2000 925 2053 κᾶν
950 1998 1056 2063 ἔξω
1084 2015 1188 2051 που
1216 1997 1327 2050 τῶν
1354 1996 1664 2067 εὐκτηρίων
1689 1995 1875 2063 δωμά-

474 2091 518 2107 0‘
563 2091 621 2107 νο
714 2091 739 2107 Α
838 2092 902 2107 ιιι
1043 2090 1057 2107 Ι
1116 2106 1123 2107 ,
1196 2088 1293 2107 _A!,_
1333 2089 1347 2107 ι
1380 2085 1869 2107 ιιι-.....---.Λμ-ι-..-

1989 2015 2231 2107 iastuqu‘e
2260 2010 2474 2082 mundi,
2530 2034 2764 2089 eamque
2817 2019 2932 2074 Deo
2979 1995 3310 2089 przesentern
3361 2018 3556 2073 oll‘ert:

267 2107 395 2146 των
423 2091 803 2161 αὐλιζώμεθα.
838 2092 936 2144 Ὃν
958 2090 1164 2160 τρόπον
1191 2088 1300 2159 γὰρ
1326 2089 1355 2140 6
1379 2086 1550 2140 θέλων
1575 2085 1874 2154 καθαρίσαι

1989 2085 2201 2179 tuoque
2260 2085 2692 2181 propiusjungit
2721 2110 2855 2175 Deo,
2886 2085 2996 2165 hoc
3036 2111 3247 2182 majora
3293 2109 3564 2177 adimplet

271 2187 546 2256 χρυσίον,
592 2184 687 2237 ἐὰν
714 2183 818 2236 κᾶν
848 2180 986 2252 πρὸς
1011 2179 1187 2252 βραχὺ
1215 2179 1276 2232 τὸ
1300 2178 1414 2249 πῦρ
1442 2179 1582 2249 ἐάσῃ
1610 2175 1877 2246 σχολάσαι

1989 2201 2176 2255 timore
2207 2199 2369 2255 simul
2391 2207 2447 2256 et
2478 2202 2743 2256 mititate.
2773 2200 2965 2272 Neque
2990 2175 3142 2256 enim
3169 2201 3289 2256 sine
3335 2175 3566 2255 humili-

272 2281 385 2336 τοῦ
430 2277 804 2350 χωνευτηρίου
824 2318 839 2341 ,
893 2275 1165 2348 σκληρίαν
1194 2273 1370 2328 πάλαι
1396 2276 1463 2343 τῇ
1493 2271 1877 2343 καθαιρομένῃ

1989 2296 2090 2348 Late
2109 2303 2337 2364 accepta
2362 2294 2532 2365 possit
2563 2310 2685 2350 esse
2719 2271 2924 2359 oratio,
2963 2294 3051 2349 vel
3074 2302 3214 2350 teste
3248 2294 3560 2365 Scriptura:

277 2373 395 2449 ὕλῃ
445 2373 708 2443 ἐμποιεῖ·
769 2369 916 2425 οὕτω
960 2368 1057 2455 καὶ
1109 2368 1139 2423 6
1186 2367 1320 2421 ποτὲ
1368 2366 1467 2435 μὲν
1525 2364 1876 2436 μεμνημένος

1989 2384 2297 2456 rRespexit
2321 2387 2379 2440 in
2408 2386 2720 2442 orationem
2754 2388 3071 2453 humilium}
3112 2396 3169 2443 et
3206 2402 3316 2443 non
3355 2386 3568 2456 sprevit

278 2466 385 2521 τοῦ
434 2463 609 2529 Θεοῦ,
663 2463 796 2517 ποτέ
836 2462 894 2517 δὲ
1112 2462 1223 2514 Καὶ
1268 2460 1405 2528 ὅπερ
1449 2458 1602 2511 δοκεί
1642 2457 1877 2566 κξτᾶσθαι

1989 2488 2200 2548 precem
2227 2494 2420 2534 eorum
2440 2478 2504 2534 “.
2543 2500 2561 2531 ι
2586 2474 2884 2545 Quocirca,
2903 2479 2998 2549 qui
3020 2495 3117 2534 cor
3140 2493 3300 2535 suum
3319 2479 3391 2532 ab
3412 2458 3566 2532 omni

281 2559 380 2614 διὰ
406 2558 510 2627 τῆς
539 2557 730 2627 εὐχῆς,
767 2554 933 2610 τοῦτο
955 2555 1253 2608 ἀπόλλυσιν
1279 2552 1370 2606 διὰ
1394 2552 1495 2622 τῆς
1517 2540 1875 2621 χαυνότητος.

285 2652 407 2707 Καὶ
451 2651 512 2706 δν
541 2652 742 2723 τρόπον
778 2647 1137 2720 ἁψηλάφητον
1169 2646 1314 2699 ποιεῖ
1346 2645 1439 2698 τὸν
1469 2643 1695 2714 σίδηρον
1720 2643 1754 2713 ἠ
1782 2638 1877 2694 τοῦ

288 2744 472 2814 πυρὸς
505 2743 775 2808 συνάφεια
797 2782 813 2805 ,
848 2738 1025 2801 οὕτως
1057 2740 1113 2791 at
1142 2737 1345 2790 πυκναὶ
1369 2738 1675 2807 προσευχαὶ
1703 2737 1882 2806 ἐῤῥω-

294 2837 630 2907 μενέστερον
675 2827 1166 2904 παρασκευάζουσι
1202 2829 1295 2883 τδν
1330 2827 1457 2882 νοῦν
1504 2828 1586 2892 είς
1615 2827 1708 2881 τὸν
1739 2825 1882 2882 κατὰ

290 2928 399 2983 τοῦ
440 2925 670 2999 Ἔχθροῦ
702 2912 963 2994 πόλεμον.
1005 2921 1115 2976 καὶ
1132 2920 1324 2993 ὥσπερ
1357 2923 1389 2974 6
1418 2919 1640 2991 σίδηρος
1668 2917 1877 2990 πυρού-

297 3036 466 3092 μενος
517 3016 968 3089 μεταμορφοῦται
1024 3013 1163 3086 πρὸς
1209 3016 1311 3084 τὴν
1351 3013 1449 3067 τοῦ
1481 3012 1657 3082 πυρὸς
1688 3012 1880 3082 χρόαν,

293 3099 445 3166 οὕτω
471 3110 565 3164 καὶ
601 3112 630 3163 6
656 3108 784 3173 νοῦς
816 3105 1113 3177 φωτίζεται
1144 3109 1208 3160 ἐκ
1234 3108 1335 3176 τῆς
1361 3106 1556 3174 αῑγλης
1583 3103 1680 3158 τοῦ
1709 3103 1883 3174 πυρὸς

295 3206 401 3276 τῆς
450 3204 710 3276 χάριτος,
773 3219 793 3253 ι
834 3201 863 3255 6
900 3197 1065 3272 ἦλθεν
1107 3201 1135 3254 6
1166 3200 1360 3270 Σωτὴρ
1383 3199 1542 3269 ἡμῶν
1574 3197 1756 3269 βαλεῖν
1787 3197 1881 3249 ἐπὶ

298 3295 402 3369 τὴν
427 3295 585 3367 γῆν.)
619 3295 730 3349 Καί
758 3292 846 3347 διά
873 3292 1034 3346 τοῦτο
1063 3293 1093 3346 6
1120 3291 1292 3345 θέλων
1320 3291 1467 3362 ἡμᾶς
1501 3290 1739 3359 σωθῆναι
1771 3288 1883 3342 Κύ-

303 3406 441 3462 ριος,
478 3387 719 3459 συνεχῶς
748 3387 882 3459 ἡμῖν
909 3385 1036 3455 περὶ
1065 3385 1237 3454 αὐτῆς
1259 3382 1602 3451 διαλέγεται·
1629 3380 1725 3435 καὶ
1750 3381 1883 3433 ὑπο-

303 3481 563 3554 γραμμδς
597 3481 731 3550 ἡμῖν
762 3479 1057 3549 γενόμενος
1084 3476 1498 3544 διενυκτέρευεν
1530 3475 1588 3526 ἐν
1618 3477 1682 3542 τῇ
1714 3489 1885 3543 προσ-

304 3575 438 3644 ευχῇ
470 3572 564 3625 τοῦ
591 3569 752 3632 Θεοῦ,
787 3569 923 3623 Θεὸν
948 3568 1169 3631 δεικνὺς
1189 3568 1325 3639 ἡμῖν
1353 3566 1585 3638 ἀρίστην
1616 3558 1885 3632 ὼιρέλειαν

308 3666 403 3720 καὶ
452 3663 656 3736 πολλὴν
705 3662 846 3734 πρὸς
888 3661 1021 3715 Θεὸν
1053 3660 1337 3731 ἐγγύτητα
1376 3659 1467 3713 διὰ
1495 3659 1595 3728 τῆς
1615 3657 1885 3726 ἐπιμόνου

311 3756 641 3830 προσευχῆς.
680 3751 819 3827 Χρὴ
860 3750 955 3807 οῦν
998 3753 1219 3824 πρῶτον
1263 3750 1537 3805 αἰτεῖσθαι
1571 3749 1760 3803 λαϐεῖν
1790 3749 1887 3818 χάο

315 3864 482 3919 ρισμα
531 3846 718 3918 εὐχῆς,
789 3845 973 3908 καθὼς
1018 3844 1274 3915 εἴρηται,
1323 3841 1478 3909 παρὰ
1524 3839 1619 3894 τοῦ
1654 3837 1886 3902 διδόντος

314 3943 475 4013 εὒχὴν
517 3940 593 4011 τῷ
628 3940 928 4012 εὐχομένῳ.
984 3939 1060 3992 T6
1090 3938 1235 4007 γὰρ,
1295 3953 1316 3988 ι
1347 3934 1414 3989 Τί
1459 3930 1890 4005 προσευξώμεθα

317 4034 434 4089 καθ’
460 4033 489 4088 6
516 4032 599 4088 δεῖ
625 4033 728 4086 οὐκ
750 4032 998 4101 οἴδαμεν,
1034 4028 1148 4083 ἀλλ’
1174 4027 1307 4082 αὐτὸ
1332 4027 1394 4082 τδ
1420 4025 1666 4097 Πνεῦμα,
1698 4026 1887 4095 φησὶν,

319 4125 777 4198 ὑπερεντυγχάνει
835 4124 978 4194 ὑπὲρ
1030 4121 1210 4193 ἡμῶν.
1250 4140 1269 4172 ι
1344 4119 1457 4174 Καὶ
1516 4117 1892 4189 λαμϐάνοντες

323 4216 696 4290 πληρώσωμεν
741 4217 812 4271 τὰ
856 4214 1277 4287 προσταχθέντα
1320 4214 1455 4284 ἡμῖν
1500 4211 1654 4283 παρὰ
1682 4208 1777 4264 τοῦ
1804 4227 1893 4264 νο-

328 4308 565 4377 μοδότου.
608 4307 746 4373 Φησὶ
772 4305 881 4376 γὰρ
914 4307 942 4359 6
973 4304 1220 4373 Μωῦσῆς
1243 4320 1256 4335 ο
1318 4320 1340 4355 ι
1384 4303 1513 4356 Ἐὰν
1558 4301 1692 4373 εὔξῃ
1726 4301 1893 4372 εὐχὴν

326 4398 506 4469 Κυρίῳ
538 4397 618 4465 τῷ
643 4395 766 4469 Θεῷ
795 4414 887 4449 σου
910 4437 925 4461 ,
979 4396 1042 4448 οὐ
1085 4397 1325 4469 χρονιεῖς
1370 4377 1667 4449 ἀποδοῦναι
1697 4395 1889 4469 αῦτὴν,

1979 2571 2141 2626 sorde
2175 2586 2488 2642 expurgare
2515 2571 2830 2636 contendit,
2890 2571 3022 2626 illud
3059 2571 3334 2642 perpetim
3368 2585 3569 2625 accen-

1981 2661 2075 2717 dat
2093 2662 2469 2718 etinﬂammet
2490 2664 2759 2718 memoria
2786 2663 3026 2718 Domini.
3047 2661 3162 2718 Hoc
3187 2663 3363 2718 solum
3380 2663 3568 2732 iugem

1980 2755 2433 2811 exercitationem
2463 2752 2633 2809 habet
2677 2763 2735 2809 et
2780 2768 2922 2824 opus
2954 2769 3236 2824 nunquam
3290 2753 3571 2810 intermit.

1983 2846 2234 2901 tendum.
2261 2846 2452 2916 Neque
2499 2847 2650 2902 enim
2693 2846 2994 2915 aliquando
3027 2846 3301 2901 orandum
3342 2845 3571 2915 quidem

1983 2935 2077 3002 sit,
2113 2936 2413 3006 aliquando
2442 2935 2754 2991 feriandum
2789 2934 2859 2990 ab
2887 2935 3142 2990 oratione
3176 2937 3245 2991 iis
3271 2936 3366 3006 qui
3388 2935 3571 2990 cario-

1985 3045 2102 3085 sam
2126 3037 2479 3100 peccatorum
2495 3029 2887 3100 putrilaginem
2909 3044 2939 3084 a
2953 3045 3011 3084 se
3028 3036 3291 3084 excutere
3312 3027 3570 3096 cupiunt;

1912 3136 1957 3199 C
1991 3121 2086 3176 sed
2118 3136 2341 3191 semper
2362 3122 2599 3178 orationi
2624 3122 3079 3187 incumbendum,
3108 3122 3322 3175 interna
3345 3120 3571 3190 quidem

1986 3215 2192 3269 mentis
2221 3214 2527 3278 locutione,
2580 3214 2752 3268 etiam
2801 3214 2846 3268 si
2891 3223 3048 3269 extra
3104 3212 3383 3268 oratorias
3426 3211 3575 3266 aedes

1985 3302 2358 3358 diversemur.
2389 3302 2865 3369 Quemadmodum
2918 3301 3068 3355 enim
3103 3314 3300 3354 aurum
3352 3298 3399 3353 si
3447 3297 3577 3367 quis

1984 3395 2107 3449 vult
2159 3395 2340 3450 scoria
2384 3410 2593 3449 exuere
2655 3400 2712 3449 et
2769 3406 3133 3463 perpurgare,
3189 3391 3335 3446 sinat
3386 3400 3575 3444 autem

1986 3487 2122 3543 illud
2155 3486 2222 3540 ad
2246 3495 2491 3556 teporem
2525 3485 2668 3555 ignis
2698 3484 2791 3554 qui
2847 3484 2901 3537 in
2948 3482 3172 3536 fornace
3216 3480 3449 3556 exiguus
3479 3478 3574 3541 sit,

1985 3554 2390 3634 lentescere—ac
2418 3574 2631 3638 feriari,
2660 3571 3067 3641 exutamsemel
3091 3554 3484 3638 strigositarem
3512 3579 3579 3620 ac

1987 3668 2286 3726 sorditiem
2316 3681 2514 3721 rursus
2537 3663 3037 3734 ingignitpurgatat
3066 3660 3142 3714 illi
3175 3659 3462 3713 materiae:
3500 3656 3579 3710 ita

1989 3771 2046 3819 et
2072 3761 2169 3832 qui
2192 3759 2490 3830 aliquando
2510 3756 2735 3828 quidem
2762 3754 3139 3823 commeminit
3162 3752 3283 3815 Dei,
3308 3766 3418 3806 non
3443 3749 3578 3804 item

1991 3853 2311 3924 aliquando,
2349 3851 2516 3906 etiam
2548 3848 2695 3919 quod
2741 3846 3012 3902 orationis
3037 3844 3238 3899 merito
3288 3842 3581 3897 videbatur

1991 3952 2302 4008 assecutus,
2331 3957 2432 4012 per
2453 3939 2625 3995 animi
2671 3937 3025 3993 remissioris
3054 3934 3417 3990 lenitudinem
3453 3946 3582 4001 peo-

1991 4037 2093 4092 dit.
2124 4035 2305 4106 thue
2335 4034 2544 4089 ferrum
2574 4031 2870 4101 contiguus
2912 4028 3054 4098 ignis
3092 4025 3279 4080 reddit
3306 4022 3585 4093 impalpan

1990 4127 2125 4192 bile,
2152 4126 2227 4181 ita
2252 4133 2310 4180 et
2343 4123 2626 4180 orationes
2659 4120 2914 4176 crebrius
2941 4118 3134 4173 eﬂ‘usae
3166 4124 3409 4171 mentem
3449 4128 3581 4168 ουτ-

1991 4219 2277 4283 roborant,
2307 4214 2604 4271 stabiliuut
2632 4219 2691 4268 et
2733 4210 3070 4267 conﬁrmant
3112 4208 3181 4263 ad
3226 4205 3584 4262 subeundum

1993 4324 2119 4367 cum
2140 4311 2298 4365 hoste
2324 4305 2670 4363 conﬂictum.
2704 4302 2860 4359 Sicut
2895 4301 3102 4356 ferrum
3153 4299 3265 4371 igni
3315 4297 3587 4359 candens,

1997 4401 2481 4460 transformatione
2508 4398 2570 4453 fit
2594 4398 2856 4454 concolor
2879 4396 3014 4466 igni,
3068 4394 3142 4448 ita
3165 4401 3218 4448 et
3272 4405 3433 4446 mens
3453 4389 3585 4444 illu-

315 4466 420 4544 ﬁtt'
449 4466 695 4558 sitquer
738 4466 1038 4560 ἐκζητήσει
1082 4466 1254 4558 αῦτὴν
1304 4486 1510 4558 Κύριος
1541 4487 1570 4541 6
1598 4466 1889 4550 Θεόςκσου,

2000 4505 2171 4552 strata
2206 4494 2503 4565 splendore
2562 4492 2708 4563 ignis
2754 4490 3042 4559 (nimirum
3099 4486 3315 4558 gratiae)
3367 4502 3386 4536 ι
3417 4493 3589 4553 quem

328 4581 417 4637 καὶ
458 4582 610 4636 ἔσται
658 4597 742 4634 σοι
786 4579 1054 4652 ἁμαρτίαι
1104 4580 1184 4633 Τὰ
1217 4579 1634 4649 ἐκπορευόμενα
1667 4577 1757 4631 διὰ
1784 4577 1892 4630 τῶν

328 4673 537 4745 χειλέων
568 4689 662 4726 σου
723 4670 1015 4742 φύλαξον.»
1055 4673 1165 4726 Καὶ
1192 4666 1350 4736 αὖθις
1369 4687 1385 4704 ο
1423 4670 1803 4742 «Ἄνθρωπος.
1834 4668 1894 4732 ὂς

331 4764 390 4820 tv
432 4762 655 4836 εὔξηται
699 4764 930 4836 Κυρίῳ,
983 4764 1017 4834 ἢ
1065 4765 1240 4837 ὀμόσῃ
1274 4765 1469 4836 ὅρκον,
1515 4765 1609 4817 καὶ
1641 4762 1894 4833 ὁρίσηται

331 4856 564 4927 ὁρισμὸν,
612 4860 673 4910 οὐ
716 4855 1020 4926 βεδηλώσει
1047 4856 1111 4910 τὸ
1137 4856 1289 4927 ῥῆμὰ
1315 4854 1480 4909 αὑτοῦ
1505 4873 1519 4886 ·
1579 4855 1760 4908 πάντα
1803 4849 1896 4906 οὖν

334 4949 424 5003 ὅσα
464 4948 530 5003 ἂν
571 4947 767 5020 ἐξέλθῃ
820 4951 886 5003 ἐκ
936 4948 1033 5003 τοῦ
1080 4950 1351 5020 στὸματος
1382 4948 1549 5002 αὐτοῦ
1597 4949 1835 5018 ποιήσει.
1872 4966 1892 4998 ι

338 5038 519 5105 Καθὼς
555 5041 651 5094 καὶ
675 5041 704 5094 6
731 5040 972 5109 Ἰεφθάε·
1010 5039 1162 5110 λέγει
1188 5041 1298 5111 γὰρ
1325 5043 1393 5112 τῇ
1428 5039 1664 5109 θυγατρῖ
1691 5039 1859 5092 αὐτοῦ
1880 5055 1894 5071 ο

344 5150 361 5182 ι
397 5128 528 5200 Ἐγὼ
570 5130 759 5203 ἦνοιξα
787 5130 852 5184 τὸ
881 5131 1062 5202 στόμα
1094 5149 1196 5202 μου
1233 5132 1366 5201 περὶ
1394 5131 1514 5192 σοῦ,
1564 5134 1659 5185 καὶ
1707 5133 1769 5184 οὐ
1810 5131 1903 5184 δύα

341 5238 490 5292 ναμαι
540 5221 905 5294 ἀποστρέψαι.
953 5222 1066 5276 Καὶ
1104 5223 1350 5276 ἐτέλεσεν
1381 5223 1551 5297 αὐτὴν
1599 5225 1789 5296 Κυρίῳ
1820 5225 1901 5298 τῷ

341 5310 449 5383 Θεῷ
491 5310 702 5365 θυσίαν.
735 5331 753 5363 ι
807 5311 921 5366 Καὶ
972 5311 1196 5383 ἕτερος*
1258 5332 1275 5363 ι
1308 5313 1400 5384 Μὴ
1439 5316 1777 5387 ἐμπώισθῇς
1805 5317 1899 5371 τοῦ

345 5402 617 5457 ἀποδοῦναι
665 5403 830 5475 εὐχὴν
883 5406 942 5457 ἐν
992 5404 1205 5476 καιρῷ·
1284 5407 1378 5458 καὶ
1429 5408 1504 5477 μὴ
1554 5408 1747 5479 μείνῃς
1796 5409 1903 5472 ἕως

342 5491 425 5548 τοῦ
455 5492 691 5549 θανάτου
725 5495 1107 5566 δικαιωθῆναι.
1166 5496 1300 5565 Πρὶν
1345 5496 1610 5562 εὔξασθαι
1640 5500 1899 5570 ἑτοίμαζέ

350 5582 584 5649 σεαυτὸν,
633 5586 730 5638 καὶ
764 5586 839 5657 μὴ
867 5587 1018 5654 γίνου
1049 5587 1335 5657 ἄνθρωπος
1362 5589 1642 5657 πειράζων
1670 5593 1765 5645 τὸν
1788 5594 1900 5647 Κύ-

407 5762 636 5819 “Matth.
673 5781 746 5828 vr,
794 5764 875 5820 l0.
899 5834 905 5838 Ι

985 5766 1019 5796 ¹¹
1053 5767 1191 5822 Psal.
1221 5783 1292 5833 cr,
1332 5768 1411 5823 18.
1495 5770 1535 5799 ¹⁸
1568 5769 1701 5826 Luc.
1728 5788 1821 5839 xu,
1858 5774 1944 5831 49.

1991 4585 2174 4656 ignem
2203 4582 2358 4638 venit
2378 4581 2637 4636 Salvator
2663 4588 2857 4634 noster
2878 4577 3103 4631 mittere
3150 4575 3206 4628 in
3234 4572 3518 4628 terram“.
3561 4588 3585 4623 ι

1992 4678 2195 4748 Ejusce
2211 4675 2294 4729 rei
2317 4672 2500 4745 gratia
2533 4670 2585 4726 is
2606 4671 2703 4741 qui
2731 4684 2835 4725 nos
2861 4668 2932 4722 ad
2957 4667 3156 4723 salutis
3183 4675 3405 4736 portum
3434 4661 3589 4731 cupii

1994 4768 2328 4843 provehere,
2360 4764 2657 4828 Dominus,
2685 4762 2754 4816 de
2782 4761 3041 4818 oratione
3074 4758 3431 4813 continenter
3458 4768 3586 4811 ver-

1996 4863 2065 4916 ba
2096 4860 2245 4915 facit.
2283 4858 2429 4925 Quin
2449 4856 2599 4911 idem
2628 4853 2795 4909 nobis
2823 4852 3004 4907 factus
3036 4850 3317 4920 exemplar
3365 4845 3587 4910 orandi,

1999 4951 2059 5006 in
2085 4950 2339 5005 oratione
2368 4947 2464 5002 Dei
2498 4944 2896 5018 pernoctabat:
2932 4941 3187 5011 exemplo
3236 4954 3340 4995 suo
3381 4939 3593 4993 docens

2003 5060 2106 5100 nos
2137 5057 2303 5113 quam
2332 5030 2497 5112 longe
2534 5038 2801 5110 optimam
2835 5051 2903 5092 ex
2926 5035 3176 5090 oratione
3214 5042 3587 5104 praecerpere-

2004 5150 2131 5190 mus
2154 5134 2475 5198 utilitatem,
2501 5144 2610 5186 nec
2642 5128 2981 5184 mediocrem
3015 5125 3083 5181 ad
3141 5125 3314 5180 Deum
3355 5123 3587 5194 propin-

2004 5223 2298 5295 quitatem,
2329 5220 2377 5275 si
2404 5220 2571 5275 modo
2619 5218 2844 5274 assidua
2881 5216 3085 5272 fuerit;
3120 5215 3365 5271 Primum
3418 5211 3592 5283 igitur

2007 5313 2309 5385 petendum
2343 5312 2528 5378 nobis,
2563 5321 2627 5367 ut
2657 5310 2912 5380 accipere
2936 5320 3354 5380 promerearrur
3391 5302 3589 5359 orandi

2007 5404 2239 5477 gratiam
2269 5407 2394 5472 (ceu
2422 5404 2633 5461 dictum
2659 5404 2766 5473 est)
2790 5402 2862 5457 ab
2883 5417 2951 5457 eo
2984 5398 3078 5470 qui
3103 5398 3198 5453 dat
3256 5395 3586 5457 orationem,

2006 5497 2105 5553 sed
2133 5497 2337 5554 oranti.
2386 5497 2479 5552 Ait
2510 5497 2659 5552 enim
2712 5494 3050 5566 Apostolus:
3110 5511 3129 5543 ε
3167 5488 3312 5557 Quid
3366 5500 3590 5542 oremus

2006 5592 2151 5648 sicut
2173 5599 2411 5662 oportet,
2447 5590 2725 5646 nescimus
2747 5607 2760 5643 :
2782 5586 2879 5644 sed
2913 5586 3028 5656 ipse
3056 5582 3300 5657 Spiritus
3320 5577 3589 5652 interpcl~
