  <div class='ocr_page' id='page_1' title='image "/cluster/home/n/w/nwhite01/storage/ocr_20150623/89/coo.31924054869932/896.png"; bbox 0 0 4042 6428; ppageno 0'>
   <div class='ocr_carea' id='block_1_1' title="bbox 145 340 277 409">
    <p class='ocr_par' dir='ltr' id='par_1_1' title="bbox 145 340 277 409">
     <span class='ocr_line' id='line_1_1' title="bbox 145 340 277 409; baseline 0.023 -5"><span class='ocrx_word' id='word_1_1' title='bbox 145 340 277 409; x_wconf 75' lang='grc' dir='ltr'>ιτδι</span> 
     </span>
    </p>
   </div>
   <div class='ocr_carea' id='block_1_2' title="bbox 739 467 1113 527">
    <p class='ocr_par' dir='ltr' id='par_1_2' title="bbox 739 467 1113 527">
     <span class='ocr_line' id='line_1_2' title="bbox 739 467 1113 527; baseline -0.016 0"><span class='ocrx_word' id='word_1_2' title='bbox 739 470 962 527; x_wconf 83' lang='grc' dir='ltr'>ΛΟΓΟΣ</span> <span class='ocrx_word' id='word_1_3' title='bbox 991 467 1113 522; x_wconf 88' lang='lat' dir='ltr'><strong>PZ&#39;.</strong></span> 
     </span>
    </p>
   </div>
   <div class='ocr_carea' id='block_1_3' title="bbox 641 583 1231 657">
    <p class='ocr_par' dir='ltr' id='par_1_3' title="bbox 641 583 1231 657">
     <span class='ocr_line' id='line_1_3' title="bbox 641 583 1231 657; baseline -0.007 -16"><span class='ocrx_word' id='word_1_4' title='bbox 641 586 780 657; x_wconf 69' lang='grc' dir='ltr'>Περὶ</span> <span class='ocrx_word' id='word_1_5' title='bbox 831 583 1231 650; x_wconf 75' lang='grc' dir='ltr'><strong>κατανύξεως.</strong></span> 
     </span>
    </p>
   </div>
   <div class='ocr_carea' id='block_1_4' title="bbox 230 691 1725 764">
    <p class='ocr_par' dir='ltr' id='par_1_4' title="bbox 230 691 1725 764">
     <span class='ocr_line' id='line_1_4' title="bbox 230 691 1725 764; baseline -0.009 -8"><span class='ocrx_word' id='word_1_6' title='bbox 230 699 624 763; x_wconf 70' lang='grc' dir='ltr'>Ἦικατάνυξις</span> <span class='ocrx_word' id='word_1_7' title='bbox 682 697 854 750; x_wconf 85' lang='grc' dir='ltr'><strong>τίκτει</strong></span> <span class='ocrx_word' id='word_1_8' title='bbox 922 695 1014 749; x_wconf 82' lang='grc' dir='ltr'>τὸν</span> <span class='ocrx_word' id='word_1_9' title='bbox 1061 692 1344 764; x_wconf 72' lang='grc' dir='ltr'>κλαυθμὸν</span> <span class='ocrx_word' id='word_1_10' title='bbox 1405 691 1604 746; x_wconf 77' lang='grc' dir='ltr'>καὶτὰ</span> <span class='ocrx_word' id='word_1_11' title='bbox 1631 692 1725 743; x_wconf 77' lang='grc' dir='ltr'><strong>δα-</strong></span> 
     </span>
    </p>
   </div>
   <div class='ocr_carea' id='block_1_5' title="bbox 141 782 1700 868">
    <p class='ocr_par' dir='ltr' id='par_1_5' title="bbox 141 782 1700 868">
     <span class='ocr_line' id='line_1_5' title="bbox 141 782 1700 868; baseline -0.01 -18"><span class='ocrx_word' id='word_1_12' title='bbox 141 810 319 868; x_wconf 85' lang='grc' dir='ltr'>κρυα·</span> <span class='ocrx_word' id='word_1_13' title='bbox 351 794 504 861; x_wconf 76' lang='grc' dir='ltr'>κόπῳ</span> <span class='ocrx_word' id='word_1_14' title='bbox 548 791 605 844; x_wconf 88' lang='grc' dir='ltr'><strong>δέ</strong></span> <span class='ocrx_word' id='word_1_15' title='bbox 630 808 738 844; x_wconf 87' lang='grc' dir='ltr'>τινι</span> <span class='ocrx_word' id='word_1_16' title='bbox 774 790 1017 862; x_wconf 81' lang='grc' dir='ltr'><strong>ἔρχεται,</strong></span> <span class='ocrx_word' id='word_1_17' title='bbox 1047 788 1096 840; x_wconf 86' lang='grc' dir='ltr'><strong>εί</strong></span> <span class='ocrx_word' id='word_1_18' title='bbox 1126 785 1201 857; x_wconf 82' lang='grc' dir='ltr'>μὴ</span> <span class='ocrx_word' id='word_1_19' title='bbox 1256 784 1347 839; x_wconf 84' lang='grc' dir='ltr'><strong>διὰ</strong></span> <span class='ocrx_word' id='word_1_20' title='bbox 1369 783 1571 850; x_wconf 83' lang='grc' dir='ltr'>πολλῆς</span> <span class='ocrx_word' id='word_1_21' title='bbox 1605 782 1700 835; x_wconf 74' lang='lat' dir='ltr'><strong>dbo</strong></span> 
     </span>
    </p>
   </div>
   <div class='ocr_carea' id='block_1_6' title="bbox 139 873 1725 956">
    <p class='ocr_par' dir='ltr' id='par_1_6' title="bbox 139 873 1725 956">
     <span class='ocr_line' id='line_1_6' title="bbox 139 873 1725 956; baseline -0.008 -17"><span class='ocrx_word' id='word_1_22' title='bbox 139 885 364 956; x_wconf 87' lang='grc' dir='ltr'>λεσχίας</span> <span class='ocrx_word' id='word_1_23' title='bbox 407 884 501 937; x_wconf 75' lang='grc' dir='ltr'><strong>καὶ</strong></span> <span class='ocrx_word' id='word_1_24' title='bbox 543 882 911 952; x_wconf 68' lang='grc' dir='ltr'><strong>ὑπομνήσεως</strong></span> <span class='ocrx_word' id='word_1_25' title='bbox 950 880 1050 948; x_wconf 80' lang='grc' dir='ltr'><strong>τῆς</strong></span> <span class='ocrx_word' id='word_1_26' title='bbox 1103 877 1343 946; x_wconf 78' lang='grc' dir='ltr'>φοϐερᾶς</span> <span class='ocrx_word' id='word_1_27' title='bbox 1370 876 1587 946; x_wconf 81' lang='grc' dir='ltr'>ἡμέρας</span> <span class='ocrx_word' id='word_1_28' title='bbox 1627 873 1725 942; x_wconf 80' lang='grc' dir='ltr'>τῆς</span> 
     </span>
    </p>
   </div>
   <div class='ocr_carea' id='block_1_7' title="bbox 141 964 1725 1048">
    <p class='ocr_par' dir='ltr' id='par_1_7' title="bbox 141 964 1725 1048">
     <span class='ocr_line' id='line_1_7' title="bbox 141 964 1725 1048; baseline -0.008 -18"><span class='ocrx_word' id='word_1_29' title='bbox 141 978 402 1048; x_wconf 83' lang='grc' dir='ltr'>κρίσεως,</span> <span class='ocrx_word' id='word_1_30' title='bbox 442 974 538 1043; x_wconf 79' lang='grc' dir='ltr'><strong>καὶ</strong></span> <span class='ocrx_word' id='word_1_31' title='bbox 563 972 974 1034; x_wconf 84' lang='grc' dir='ltr'>ἀνταποδόσεως</span> <span class='ocrx_word' id='word_1_32' title='bbox 1008 964 1082 1024; x_wconf 83' lang='grc' dir='ltr'>ὧν</span> <span class='ocrx_word' id='word_1_33' title='bbox 1116 972 1437 1040; x_wconf 79' lang='grc' dir='ltr'><strong>ἡμάρτομεν</strong></span> <span class='ocrx_word' id='word_1_34' title='bbox 1476 968 1533 1019; x_wconf 83' lang='grc' dir='ltr'><strong>ἐν</strong></span> <span class='ocrx_word' id='word_1_35' title='bbox 1561 966 1725 1035; x_wconf 84' lang='grc' dir='ltr'>λόγῳ,</span> 
     </span>
    </p>
   </div>
   <div class='ocr_carea' id='block_1_8' title="bbox 143 1059 1727 1136">
    <p class='ocr_par' dir='ltr' id='par_1_8' title="bbox 143 1059 1727 1136">
     <span class='ocr_line' id='line_1_8' title="bbox 143 1059 1727 1136; baseline -0.008 -14"><span class='ocrx_word' id='word_1_36' title='bbox 143 1069 243 1123; x_wconf 76' lang='grc' dir='ltr'>καὶ</span> <span class='ocrx_word' id='word_1_37' title='bbox 267 1067 428 1136; x_wconf 79' lang='grc' dir='ltr'>ἐργῳ,</span> <span class='ocrx_word' id='word_1_38' title='bbox 455 1065 552 1118; x_wconf 84' lang='grc' dir='ltr'>καὶ</span> <span class='ocrx_word' id='word_1_39' title='bbox 587 1062 824 1134; x_wconf 73' lang='grc' dir='ltr'>διανοίᾳ·</span> <span class='ocrx_word' id='word_1_40' title='bbox 854 1062 948 1115; x_wconf 76' lang='grc' dir='ltr'><strong>καὶ</strong></span> <span class='ocrx_word' id='word_1_41' title='bbox 975 1061 1075 1130; x_wconf 76' lang='grc' dir='ltr'><strong>τῆς</strong></span> <span class='ocrx_word' id='word_1_42' title='bbox 1105 1059 1367 1131; x_wconf 76' lang='grc' dir='ltr'>αἰσχύνης</span> <span class='ocrx_word' id='word_1_43' title='bbox 1388 1059 1604 1130; x_wconf 75' lang='grc' dir='ltr'><strong>ἐκείνης</strong></span> <span class='ocrx_word' id='word_1_44' title='bbox 1628 1060 1727 1129; x_wconf 82' lang='grc' dir='ltr'><strong>τῆς</strong></span> 
     </span>
    </p>
   </div>
   <div class='ocr_carea' id='block_1_9' title="bbox 150 1149 1730 1227">
    <p class='ocr_par' dir='ltr' id='par_1_9' title="bbox 150 1149 1730 1227">
     <span class='ocr_line' id='line_1_9' title="bbox 150 1149 1730 1227; baseline -0.007 -15"><span class='ocrx_word' id='word_1_45' title='bbox 150 1160 243 1212; x_wconf 79' lang='grc' dir='ltr'>’.πὶ</span> <span class='ocrx_word' id='word_1_46' title='bbox 269 1157 362 1212; x_wconf 77' lang='grc' dir='ltr'><strong>τοῦ</strong></span> <span class='ocrx_word' id='word_1_47' title='bbox 389 1154 618 1227; x_wconf 81' lang='grc' dir='ltr'>φοϐεροῦ</span> <span class='ocrx_word' id='word_1_48' title='bbox 652 1154 919 1225; x_wconf 78' lang='grc' dir='ltr'><strong>βήματος,</strong></span> <span class='ocrx_word' id='word_1_49' title='bbox 965 1151 1198 1204; x_wconf 82' lang='grc' dir='ltr'>ἐνώπιον</span> <span class='ocrx_word' id='word_1_50' title='bbox 1227 1150 1478 1219; x_wconf 79' lang='grc' dir='ltr'>ἀγγέλων</span> <span class='ocrx_word' id='word_1_51' title='bbox 1508 1150 1603 1202; x_wconf 68' lang='grc' dir='ltr'>καὶ</span> <span class='ocrx_word' id='word_1_52' title='bbox 1636 1149 1730 1202; x_wconf 79' lang='grc' dir='ltr'><strong>αν-</strong></span> 
     </span>
    </p>
   </div>
   <div class='ocr_carea' id='block_1_10' title="bbox 162 1241 1728 1323">
    <p class='ocr_par' dir='ltr' id='par_1_10' title="bbox 162 1241 1728 1323">
     <span class='ocr_line' id='line_1_10' title="bbox 162 1241 1728 1323; baseline -0.004 -24"><span class='ocrx_word' id='word_1_53' title='bbox 162 1251 402 1323; x_wconf 69' lang='grc' dir='ltr'>ῖρὼπων,</span> <span class='ocrx_word' id='word_1_54' title='bbox 466 1248 561 1302; x_wconf 81' lang='grc' dir='ltr'>καὶ</span> <span class='ocrx_word' id='word_1_55' title='bbox 588 1248 725 1300; x_wconf 82' lang='grc' dir='ltr'>ὅλων</span> <span class='ocrx_word' id='word_1_56' title='bbox 751 1246 861 1298; x_wconf 89' lang='grc' dir='ltr'><strong>τῶν</strong></span> <span class='ocrx_word' id='word_1_57' title='bbox 913 1244 1255 1313; x_wconf 77' lang='grc' dir='ltr'>ἐπουρανίων</span> <span class='ocrx_word' id='word_1_58' title='bbox 1294 1242 1597 1312; x_wconf 82' lang='grc' dir='ltr'><strong>δυνάμεων,</strong></span> <span class='ocrx_word' id='word_1_59' title='bbox 1638 1241 1728 1293; x_wconf 85' lang='grc' dir='ltr'><strong>ὅτε</strong></span> 
     </span>
    </p>
   </div>
   <div class='ocr_carea' id='block_1_11' title="bbox 146 1330 1730 1412">
    <p class='ocr_par' dir='ltr' id='par_1_11' title="bbox 146 1330 1730 1412">
     <span class='ocr_line' id='line_1_11' title="bbox 146 1330 1730 1412; baseline -0.007 -18"><span class='ocrx_word' id='word_1_60' title='bbox 146 1341 331 1412; x_wconf 82' lang='grc' dir='ltr'><strong>γυμνὰ</strong></span> <span class='ocrx_word' id='word_1_61' title='bbox 356 1339 450 1392; x_wconf 81' lang='grc' dir='ltr'>καὶ</span> <span class='ocrx_word' id='word_1_62' title='bbox 478 1335 948 1409; x_wconf 75' lang='grc' dir='ltr'><strong>τετραχηλισμένα</strong></span> <span class='ocrx_word' id='word_1_63' title='bbox 974 1335 1175 1394; x_wconf 83' lang='grc' dir='ltr'>πάντα.</span> <span class='ocrx_word' id='word_1_64' title='bbox 1205 1334 1292 1386; x_wconf 78' lang='grc' dir='ltr'><strong>ὅτε</strong></span> <span class='ocrx_word' id='word_1_65' title='bbox 1316 1332 1543 1394; x_wconf 70' lang='grc' dir='ltr'>ἕκαστος</span> <span class='ocrx_word' id='word_1_66' title='bbox 1572 1330 1730 1401; x_wconf 69' lang='grc' dir='ltr'>ἡμῶν</span> 
     </span>
    </p>
   </div>
   <div class='ocr_carea' id='block_1_12' title="bbox 144 1423 1732 1502">
    <p class='ocr_par' dir='ltr' id='par_1_12' title="bbox 144 1423 1732 1502">
     <span class='ocr_line' id='line_1_12' title="bbox 144 1423 1732 1502; baseline -0.008 -14"><span class='ocrx_word' id='word_1_67' title='bbox 144 1435 481 1502; x_wconf 87' lang='grc' dir='ltr'>παρίσταται</span> <span class='ocrx_word' id='word_1_68' title='bbox 513 1429 653 1495; x_wconf 78' lang='grc' dir='ltr'>ὑπὲρ</span> <span class='ocrx_word' id='word_1_69' title='bbox 701 1426 897 1480; x_wconf 81' lang='grc' dir='ltr'>ἑαυτοῦ</span> <span class='ocrx_word' id='word_1_70' title='bbox 931 1424 1388 1495; x_wconf 70' lang='grc' dir='ltr'><strong>ἀπολογούμενος,</strong></span> <span class='ocrx_word' id='word_1_71' title='bbox 1444 1426 1532 1479; x_wconf 83' lang='grc' dir='ltr'><strong>ὅτε</strong></span> <span class='ocrx_word' id='word_1_72' title='bbox 1559 1423 1732 1486; x_wconf 79' lang='grc' dir='ltr'>οὐδεὶς</span> 
     </span>
    </p>
   </div>
   <div class='ocr_carea' id='block_1_13' title="bbox 143 1516 1731 1593">
    <p class='ocr_par' dir='ltr' id='par_1_13' title="bbox 143 1516 1731 1593">
     <span class='ocr_line' id='line_1_13' title="bbox 143 1516 1731 1593; baseline -0.004 -16"><span class='ocrx_word' id='word_1_73' title='bbox 143 1524 323 1578; x_wconf 77' lang='grc' dir='ltr'>οὐδενὶ</span> <span class='ocrx_word' id='word_1_74' title='bbox 360 1519 594 1593; x_wconf 73' lang='grc' dir='ltr'><strong>βοηθὸς,</strong></span> <span class='ocrx_word' id='word_1_75' title='bbox 650 1520 739 1572; x_wconf 80' lang='grc' dir='ltr'>ὅτε</span> <span class='ocrx_word' id='word_1_76' title='bbox 770 1519 1132 1590; x_wconf 85' lang='grc' dir='ltr'>φανεροῦνται</span> <span class='ocrx_word' id='word_1_77' title='bbox 1162 1522 1231 1571; x_wconf 79' lang='grc' dir='ltr'>τὰ</span> <span class='ocrx_word' id='word_1_78' title='bbox 1263 1516 1644 1589; x_wconf 80' lang='grc' dir='ltr'><strong>κεκρυμμένα,</strong></span> <span class='ocrx_word' id='word_1_79' title='bbox 1694 1516 1731 1570; x_wconf 78' lang='grc' dir='ltr'>ἃ</span> 
     </span>
    </p>
   </div>
   <div class='ocr_carea' id='block_1_14' title="bbox 146 1608 1731 1683">
    <p class='ocr_par' dir='ltr' id='par_1_14' title="bbox 146 1608 1731 1683">
     <span class='ocr_line' id='line_1_14' title="bbox 146 1608 1731 1683; baseline -0.006 -14"><span class='ocrx_word' id='word_1_80' title='bbox 146 1617 323 1679; x_wconf 70' lang='grc' dir='ltr'>οὐδεὶς</span> <span class='ocrx_word' id='word_1_81' title='bbox 352 1616 487 1677; x_wconf 88' lang='grc' dir='ltr'>τέως</span> <span class='ocrx_word' id='word_1_82' title='bbox 517 1609 677 1679; x_wconf 86' lang='grc' dir='ltr'><strong>οἶδεν,</strong></span> <span class='ocrx_word' id='word_1_83' title='bbox 716 1614 764 1665; x_wconf 84' lang='grc' dir='ltr'><strong>εί</strong></span> <span class='ocrx_word' id='word_1_84' title='bbox 800 1614 875 1683; x_wconf 80' lang='grc' dir='ltr'>μὴ</span> <span class='ocrx_word' id='word_1_85' title='bbox 901 1613 934 1681; x_wconf 84' lang='grc' dir='ltr'>ἠ</span> <span class='ocrx_word' id='word_1_86' title='bbox 969 1610 1275 1681; x_wconf 81' lang='grc' dir='ltr'><strong>συνείδησις</strong></span> <span class='ocrx_word' id='word_1_87' title='bbox 1316 1609 1496 1681; x_wconf 77' lang='grc' dir='ltr'>ἡμῶν,</span> <span class='ocrx_word' id='word_1_88' title='bbox 1530 1608 1731 1679; x_wconf 81' lang='grc' dir='ltr'>μᾶλλον</span> 
     </span>
    </p>
   </div>
   <div class='ocr_carea' id='block_1_15' title="bbox 143 1702 1729 1777">
    <p class='ocr_par' dir='ltr' id='par_1_15' title="bbox 143 1702 1729 1777">
     <span class='ocr_line' id='line_1_15' title="bbox 143 1702 1729 1777; baseline -0.003 -16"><span class='ocrx_word' id='word_1_89' title='bbox 143 1708 204 1762; x_wconf 77' lang='grc' dir='ltr'><strong>δὲ</strong></span> <span class='ocrx_word' id='word_1_90' title='bbox 260 1710 328 1761; x_wconf 83' lang='grc' dir='ltr'><strong>τὰ</strong></span> <span class='ocrx_word' id='word_1_91' title='bbox 379 1707 605 1761; x_wconf 81' lang='grc' dir='ltr'>πλεῖστα</span> <span class='ocrx_word' id='word_1_92' title='bbox 659 1705 782 1760; x_wconf 76' lang='grc' dir='ltr'>οὐδὲ</span> <span class='ocrx_word' id='word_1_93' title='bbox 848 1708 882 1777; x_wconf 82' lang='grc' dir='ltr'><strong>ή</strong></span> <span class='ocrx_word' id='word_1_94' title='bbox 926 1704 1123 1775; x_wconf 79' lang='grc' dir='ltr'><strong>καρδία</strong></span> <span class='ocrx_word' id='word_1_95' title='bbox 1185 1703 1496 1769; x_wconf 82' lang='grc' dir='ltr'>ἐπίσταται,</span> <span class='ocrx_word' id='word_1_96' title='bbox 1552 1706 1603 1757; x_wconf 82' lang='grc' dir='ltr'>εί</span> <span class='ocrx_word' id='word_1_97' title='bbox 1655 1702 1729 1772; x_wconf 78' lang='grc' dir='ltr'>μὴ</span> 
     </span>
    </p>
   </div>
   <div class='ocr_carea' id='block_1_16' title="bbox 1056 327 2475 403">
    <p class='ocr_par' dir='ltr' id='par_1_16' title="bbox 1056 327 2475 403">
     <span class='ocr_line' id='line_1_16' title="bbox 1056 327 2475 403; baseline 0 -9"><span class='ocrx_word' id='word_1_98' title='bbox 1056 333 1388 403; x_wconf 79' lang='lat' dir='ltr'><strong>HUMILIA</strong></span> <span class='ocrx_word' id='word_1_99' title='bbox 1425 331 1580 393; x_wconf 83' lang='lat' dir='ltr'><strong>CVII</strong></span> <span class='ocrx_word' id='word_1_100' title='bbox 1590 353 1694 390; x_wconf 89' lang='grc'><strong>.·-</strong></span> <span class='ocrx_word' id='word_1_101' title='bbox 1727 327 1823 387; x_wconf 86' lang='lat' dir='ltr'><strong>DE</strong></span> <span class='ocrx_word' id='word_1_102' title='bbox 1864 328 2475 394; x_wconf 77' lang='lat' dir='ltr'><strong>COMPUNCTIONE.</strong></span> 
     </span>
    </p>
   </div>
   <div class='ocr_carea' id='block_1_17' title="bbox 3265 344 3403 410">
    <p class='ocr_par' dir='ltr' id='par_1_17' title="bbox 3265 344 3403 410">
     <span class='ocr_line' id='line_1_17' title="bbox 3265 344 3403 410; baseline 0.036 -5"><span class='ocrx_word' id='word_1_103' title='bbox 3265 344 3403 410; x_wconf 72' lang='lat'><strong>1762</strong></span> 
     </span>
    </p>
   </div>
   <div class='ocr_carea' id='block_1_18' title="bbox 2375 463 2903 543">
    <p class='ocr_par' dir='ltr' id='par_1_18' title="bbox 2375 463 2903 543">
     <span class='ocr_line' id='line_1_18' title="bbox 2375 463 2903 543; baseline 0.011 -25"><span class='ocrx_word' id='word_1_104' title='bbox 2375 463 2664 521; x_wconf 62' lang='lat' dir='ltr'><strong>nonum</strong></span> <span class='ocrx_word' id='word_1_105' title='bbox 2699 467 2853 523; x_wconf 86' lang='lat' dir='ltr'><strong>cvu.</strong></span> <span class='ocrx_word' id='word_1_106' title='bbox 2892 536 2903 543; x_wconf 43' lang='grc'><strong><em>,</em></strong></span> 
     </span>
    </p>
   </div>
   <div class='ocr_carea' id='block_1_19' title="bbox 2343 579 2881 651">
    <p class='ocr_par' dir='ltr' id='par_1_19' title="bbox 2343 579 2881 651">
     <span class='ocr_line' id='line_1_19' title="bbox 2343 579 2881 651; baseline 0.011 -18"><span class='ocrx_word' id='word_1_107' title='bbox 2343 579 2423 633; x_wconf 87' lang='lat' dir='ltr'><strong>De</strong></span> <span class='ocrx_word' id='word_1_108' title='bbox 2457 585 2881 651; x_wconf 74' lang='lat' dir='ltr'><strong>compunctione.</strong></span> 
     </span>
    </p>
   </div>
   <div class='ocr_carea' id='block_1_20' title="bbox 1896 688 3408 770">
    <p class='ocr_par' dir='ltr' id='par_1_20' title="bbox 1896 688 3408 770">
     <span class='ocr_line' id='line_1_20' title="bbox 1896 688 3408 770; baseline 0.013 -29"><span class='ocrx_word' id='word_1_109' title='bbox 1896 688 2265 757; x_wconf 83' lang='lat' dir='ltr'><strong>Compunctio</strong></span> <span class='ocrx_word' id='word_1_110' title='bbox 2285 691 2476 747; x_wconf 82' lang='lat' dir='ltr'><strong>ﬂetum</strong></span> <span class='ocrx_word' id='word_1_111' title='bbox 2506 695 2652 763; x_wconf 92' lang='lat' dir='ltr'><strong>parit</strong></span> <span class='ocrx_word' id='word_1_112' title='bbox 2681 706 2739 751; x_wconf 86' lang='lat' dir='ltr'><strong>et</strong></span> <span class='ocrx_word' id='word_1_113' title='bbox 2776 697 3082 770; x_wconf 82' lang='lat' dir='ltr'><strong>lacrymas:</strong></span> <span class='ocrx_word' id='word_1_114' title='bbox 3124 718 3236 758; x_wconf 85' lang='lat' dir='ltr'><strong>non</strong></span> <span class='ocrx_word' id='word_1_115' title='bbox 3284 719 3408 761; x_wconf 88' lang='lat' dir='ltr'><strong>me-</strong></span> 
     </span>
    </p>
   </div>
   <div class='ocr_carea' id='block_1_21' title="bbox 1825 776 3412 853">
    <p class='ocr_par' dir='ltr' id='par_1_21' title="bbox 1825 776 3412 853">
     <span class='ocr_line' id='line_1_21' title="bbox 1825 776 3412 853; baseline 0.013 -22"><span class='ocrx_word' id='word_1_116' title='bbox 1825 776 2001 834; x_wconf 85' lang='lat' dir='ltr'><strong>diocri</strong></span> <span class='ocrx_word' id='word_1_117' title='bbox 2028 781 2252 851; x_wconf 85' lang='lat' dir='ltr'><strong>negotio</strong></span> <span class='ocrx_word' id='word_1_118' title='bbox 2280 783 2509 840; x_wconf 90' lang='lat' dir='ltr'><strong>obvenit</strong></span> <span class='ocrx_word' id='word_1_119' title='bbox 2530 785 2772 853; x_wconf 88' lang='lat' dir='ltr'><strong>homini,</strong></span> <span class='ocrx_word' id='word_1_120' title='bbox 2802 789 2909 844; x_wconf 84' lang='lat' dir='ltr'><strong>nisi</strong></span> <span class='ocrx_word' id='word_1_121' title='bbox 2931 789 3119 846; x_wconf 83' lang='lat' dir='ltr'><strong>forsan</strong></span> <span class='ocrx_word' id='word_1_122' title='bbox 3139 796 3412 851; x_wconf 79' lang='lat' dir='ltr'><strong>exercita-</strong></span> 
     </span>
    </p>
   </div>
   <div class='ocr_carea' id='block_1_22' title="bbox 1827 868 3411 941">
    <p class='ocr_par' dir='ltr' id='par_1_22' title="bbox 1827 868 3411 941">
     <span class='ocr_line' id='line_1_22' title="bbox 1827 868 3411 941; baseline 0.011 -17"><span class='ocrx_word' id='word_1_123' title='bbox 1827 868 1904 925; x_wconf 89' lang='lat' dir='ltr'><strong>tio</strong></span> <span class='ocrx_word' id='word_1_124' title='bbox 1935 872 2204 938; x_wconf 79' lang='lat' dir='ltr'><strong>prolixior</strong></span> <span class='ocrx_word' id='word_1_125' title='bbox 2234 877 2619 940; x_wconf 88' lang='lat' dir='ltr'><strong>anteverterit,</strong></span> <span class='ocrx_word' id='word_1_126' title='bbox 2648 891 2747 935; x_wconf 84' lang='lat' dir='ltr'><strong>aut</strong></span> <span class='ocrx_word' id='word_1_127' title='bbox 2783 885 3243 940; x_wconf 85' lang='lat' dir='ltr'><strong>commemoratio</strong></span> <span class='ocrx_word' id='word_1_128' title='bbox 3291 886 3411 941; x_wconf 91' lang='lat' dir='ltr'><strong>for-</strong></span> 
     </span>
    </p>
   </div>
   <div class='ocr_carea' id='block_1_23' title="bbox 1826 962 3410 1034">
    <p class='ocr_par' dir='ltr' id='par_1_23' title="bbox 1826 962 3410 1034">
     <span class='ocr_line' id='line_1_23' title="bbox 1826 962 3410 1034; baseline 0.011 -19"><span class='ocrx_word' id='word_1_129' title='bbox 1826 962 2108 1019; x_wconf 88' lang='lat' dir='ltr'><strong>midabilis</strong></span> <span class='ocrx_word' id='word_1_130' title='bbox 2133 964 2354 1034; x_wconf 88' lang='lat' dir='ltr'><strong>judicii,</strong></span> <span class='ocrx_word' id='word_1_131' title='bbox 2416 977 2473 1023; x_wconf 87' lang='lat' dir='ltr'><strong>et</strong></span> <span class='ocrx_word' id='word_1_132' title='bbox 2504 969 2728 1025; x_wconf 73' lang='lat' dir='ltr'><strong>vicariae</strong></span> <span class='ocrx_word' id='word_1_133' title='bbox 2781 974 3169 1030; x_wconf 85' lang='lat' dir='ltr'><strong>retributionis</strong></span> <span class='ocrx_word' id='word_1_134' title='bbox 3215 993 3410 1033; x_wconf 85' lang='lat' dir='ltr'><strong>eorum</strong></span> 
     </span>
    </p>
   </div>
   <div class='ocr_carea' id='block_1_24' title="bbox 1826 1057 3412 1136">
    <p class='ocr_par' dir='ltr' id='par_1_24' title="bbox 1826 1057 3412 1136">
     <span class='ocr_line' id='line_1_24' title="bbox 1826 1057 3412 1136; baseline 0.009 -27"><span class='ocrx_word' id='word_1_135' title='bbox 1826 1070 1950 1124; x_wconf 72' lang='lat' dir='ltr'><strong>quae</strong></span> <span class='ocrx_word' id='word_1_136' title='bbox 1984 1057 2174 1127; x_wconf 87' lang='lat' dir='ltr'><strong>inique</strong></span> <span class='ocrx_word' id='word_1_137' title='bbox 2204 1061 2479 1128; x_wconf 76' lang='lat' dir='ltr'><strong>gessimus</strong></span> <span class='ocrx_word' id='word_1_138' title='bbox 2507 1076 2788 1127; x_wconf 88' lang='lat' dir='ltr'><strong>sermone,</strong></span> <span class='ocrx_word' id='word_1_139' title='bbox 2811 1080 3001 1133; x_wconf 85' lang='lat' dir='ltr'><strong>opere,</strong></span> <span class='ocrx_word' id='word_1_140' title='bbox 3038 1067 3412 1136; x_wconf 78' lang='lat' dir='ltr'><strong>cogitatione:</strong></span> 
     </span>
    </p>
   </div>
   <div class='ocr_carea' id='block_1_25' title="bbox 1827 1151 3416 1226">
    <p class='ocr_par' dir='ltr' id='par_1_25' title="bbox 1827 1151 3416 1226">
     <span class='ocr_line' id='line_1_25' title="bbox 1827 1151 3416 1226; baseline 0.009 -26"><span class='ocrx_word' id='word_1_141' title='bbox 1827 1156 1924 1202; x_wconf 89' lang='lat' dir='ltr'><strong>aut</strong></span> <span class='ocrx_word' id='word_1_142' title='bbox 1949 1159 2103 1204; x_wconf 85' lang='lat' dir='ltr'><strong>certe</strong></span> <span class='ocrx_word' id='word_1_143' title='bbox 2125 1165 2226 1219; x_wconf 90' lang='lat' dir='ltr'><strong>per</strong></span> <span class='ocrx_word' id='word_1_144' title='bbox 2248 1151 2517 1220; x_wconf 86' lang='lat' dir='ltr'><strong>pudorem</strong></span> <span class='ocrx_word' id='word_1_145' title='bbox 2542 1170 2608 1209; x_wconf 91' lang='lat' dir='ltr'><strong>ac</strong></span> <span class='ocrx_word' id='word_1_146' title='bbox 2633 1155 2880 1211; x_wconf 80' lang='lat' dir='ltr'><strong>dedecus</strong></span> <span class='ocrx_word' id='word_1_147' title='bbox 2895 1158 3044 1226; x_wconf 91' lang='lat' dir='ltr'><strong>quod</strong></span> <span class='ocrx_word' id='word_1_148' title='bbox 3069 1159 3416 1216; x_wconf 84' lang='lat' dir='ltr'><strong>damnandos</strong></span> 
     </span>
    </p>
   </div>
   <div class='ocr_carea' id='block_1_26' title="bbox 1828 1240 3415 1320">
    <p class='ocr_par' dir='ltr' id='par_1_26' title="bbox 1828 1240 3415 1320">
     <span class='ocr_line' id='line_1_26' title="bbox 1828 1240 3415 1320; baseline 0.011 -30"><span class='ocrx_word' id='word_1_149' title='bbox 1828 1248 2015 1292; x_wconf 91' lang='lat' dir='ltr'><strong>manet</strong></span> <span class='ocrx_word' id='word_1_150' title='bbox 2038 1248 2166 1294; x_wconf 84' lang='lat' dir='ltr'><strong>ante</strong></span> <span class='ocrx_word' id='word_1_151' title='bbox 2202 1240 2340 1295; x_wconf 88' lang='lat' dir='ltr'><strong>illud</strong></span> <span class='ocrx_word' id='word_1_152' title='bbox 2362 1242 2714 1300; x_wconf 81' lang='lat' dir='ltr'><strong>formidabile</strong></span> <span class='ocrx_word' id='word_1_153' title='bbox 2739 1247 3006 1313; x_wconf 85' lang='lat' dir='ltr'><strong>tribunal,</strong></span> <span class='ocrx_word' id='word_1_154' title='bbox 3030 1251 3085 1304; x_wconf 91' lang='lat' dir='ltr'><strong>in</strong></span> <span class='ocrx_word' id='word_1_155' title='bbox 3110 1263 3415 1320; x_wconf 90' lang='lat' dir='ltr'><strong>conspectu</strong></span> 
     </span>
    </p>
   </div>
   <div class='ocr_carea' id='block_1_27' title="bbox 1829 1329 3415 1409">
    <p class='ocr_par' dir='ltr' id='par_1_27' title="bbox 1829 1329 3415 1409">
     <span class='ocr_line' id='line_1_27' title="bbox 1829 1329 3415 1409; baseline 0.009 -28"><span class='ocrx_word' id='word_1_156' title='bbox 1829 1329 2151 1399; x_wconf 90' lang='lat' dir='ltr'><strong>angelorum</strong></span> <span class='ocrx_word' id='word_1_157' title='bbox 2171 1340 2228 1385; x_wconf 92' lang='lat' dir='ltr'><strong>et</strong></span> <span class='ocrx_word' id='word_1_158' title='bbox 2247 1331 2558 1391; x_wconf 89' lang='lat' dir='ltr'><strong>hominum.</strong></span> <span class='ocrx_word' id='word_1_159' title='bbox 2586 1336 3081 1409; x_wconf 84' lang='lat' dir='ltr'><strong>universarumque</strong></span> <span class='ocrx_word' id='word_1_160' title='bbox 3105 1341 3415 1396; x_wconf 67' lang='lat' dir='ltr'><strong>caelestium</strong></span> 
     </span>
    </p>
   </div>
   <div class='ocr_carea' id='block_1_28' title="bbox 1829 1418 3414 1495">
    <p class='ocr_par' dir='ltr' id='par_1_28' title="bbox 1829 1418 3414 1495">
     <span class='ocr_line' id='line_1_28' title="bbox 1829 1418 3414 1495; baseline 0.009 -24"><span class='ocrx_word' id='word_1_161' title='bbox 1829 1418 2137 1484; x_wconf 87' lang='lat' dir='ltr'><strong>virtutum,</strong></span> <span class='ocrx_word' id='word_1_162' title='bbox 2183 1436 2307 1476; x_wconf 88' lang='lat' dir='ltr'><strong>cum</strong></span> <span class='ocrx_word' id='word_1_163' title='bbox 2383 1423 2531 1478; x_wconf 91' lang='lat' dir='ltr'><strong>nuda</strong></span> <span class='ocrx_word' id='word_1_164' title='bbox 2592 1434 2650 1479; x_wconf 91' lang='lat' dir='ltr'><strong>et</strong></span> <span class='ocrx_word' id='word_1_165' title='bbox 2712 1436 2903 1495; x_wconf 86' lang='lat' dir='ltr'><strong>aperta</strong></span> <span class='ocrx_word' id='word_1_166' title='bbox 2948 1439 3116 1483; x_wconf 89' lang='lat' dir='ltr'><strong>erunt</strong></span> <span class='ocrx_word' id='word_1_167' title='bbox 3185 1431 3414 1495; x_wconf 87' lang='lat' dir='ltr'><strong>omnia,</strong></span> 
     </span>
    </p>
   </div>
   <div class='ocr_carea' id='block_1_29' title="bbox 1830 1512 3418 1592">
    <p class='ocr_par' dir='ltr' id='par_1_29' title="bbox 1830 1512 3418 1592">
     <span class='ocr_line' id='line_1_29' title="bbox 1830 1512 3418 1592; baseline 0.008 -27"><span class='ocrx_word' id='word_1_168' title='bbox 1830 1512 2052 1583; x_wconf 86' lang='lat' dir='ltr'><strong>quando</strong></span> <span class='ocrx_word' id='word_1_169' title='bbox 2082 1515 2465 1584; x_wconf 84' lang='lat' dir='ltr'><strong>unusquisque</strong></span> <span class='ocrx_word' id='word_1_170' title='bbox 2493 1525 2745 1571; x_wconf 88' lang='lat' dir='ltr'><strong>nostrum</strong></span> <span class='ocrx_word' id='word_1_171' title='bbox 2786 1521 3210 1588; x_wconf 73' lang='lat' dir='ltr'><strong>praesentabitur</strong></span> <span class='ocrx_word' id='word_1_172' title='bbox 3232 1539 3332 1592; x_wconf 84' lang='lat' dir='ltr'><strong>pro</strong></span> <span class='ocrx_word' id='word_1_173' title='bbox 3357 1538 3418 1579; x_wconf 85' lang='lat' dir='ltr'><strong>se</strong></span> 
     </span>
    </p>
   </div>
   <div class='ocr_carea' id='block_1_30' title="bbox 1832 1609 3415 1680">
    <p class='ocr_par' dir='ltr' id='par_1_30' title="bbox 1832 1609 3415 1680">
     <span class='ocr_line' id='line_1_30' title="bbox 1832 1609 3415 1680; baseline 0.008 -23"><span class='ocrx_word' id='word_1_174' title='bbox 1832 1619 2221 1674; x_wconf 81' lang='lat' dir='ltr'><strong>responsurus,</strong></span> <span class='ocrx_word' id='word_1_175' title='bbox 2255 1624 2378 1661; x_wconf 86' lang='lat' dir='ltr'><strong>cum</strong></span> <span class='ocrx_word' id='word_1_176' title='bbox 2407 1623 2570 1663; x_wconf 91' lang='lat' dir='ltr'><strong>nemo</strong></span> <span class='ocrx_word' id='word_1_177' title='bbox 2588 1609 2748 1664; x_wconf 87' lang='lat' dir='ltr'><strong>alteri</strong></span> <span class='ocrx_word' id='word_1_178' title='bbox 2779 1615 2983 1680; x_wconf 90' lang='lat' dir='ltr'><strong>poterit</strong></span> <span class='ocrx_word' id='word_1_179' title='bbox 3015 1629 3138 1668; x_wconf 89' lang='lat' dir='ltr'><strong>esse</strong></span> <span class='ocrx_word' id='word_1_180' title='bbox 3169 1616 3415 1679; x_wconf 83' lang='lat' dir='ltr'><strong>auxilio;</strong></span> 
     </span>
    </p>
   </div>
   <div class='ocr_carea' id='block_1_31' title="bbox 1832 1696 3419 1769">
    <p class='ocr_par' dir='ltr' id='par_1_31' title="bbox 1832 1696 3419 1769">
     <span class='ocr_line' id='line_1_31' title="bbox 1832 1696 3419 1769; baseline 0.009 -21"><span class='ocrx_word' id='word_1_181' title='bbox 1832 1696 2056 1763; x_wconf 89' lang='lat' dir='ltr'><strong>quando</strong></span> <span class='ocrx_word' id='word_1_182' title='bbox 2116 1698 2333 1753; x_wconf 90' lang='lat' dir='ltr'><strong>cunctis</strong></span> <span class='ocrx_word' id='word_1_183' title='bbox 2385 1714 2585 1754; x_wconf 89' lang='lat' dir='ltr'><strong>arcana</strong></span> <span class='ocrx_word' id='word_1_184' title='bbox 2635 1710 2942 1769; x_wconf 84' lang='lat' dir='ltr'><strong>patescent,</strong></span> <span class='ocrx_word' id='word_1_185' title='bbox 2996 1705 3133 1758; x_wconf 89' lang='lat' dir='ltr'><strong>nulli</strong></span> <span class='ocrx_word' id='word_1_186' title='bbox 3174 1714 3419 1763; x_wconf 82' lang='lat' dir='ltr'><strong>eatenus</strong></span> 
     </span>
    </p>
   </div>
   <div class='ocr_carea' id='block_1_32' title="bbox 149 1789 1742 1868">
    <p class='ocr_par' dir='ltr' id='par_1_32' title="bbox 149 1795 1729 1868">
     <span class='ocr_line' id='line_1_32' title="bbox 149 1795 1729 1868; baseline -0.002 -16"><span class='ocrx_word' id='word_1_187' title='bbox 149 1800 312 1868; x_wconf 80' lang='grc' dir='ltr'>μόνος</span> <span class='ocrx_word' id='word_1_188' title='bbox 341 1801 370 1849; x_wconf 84' lang='grc' dir='ltr'>ὁ</span> <span class='ocrx_word' id='word_1_189' title='bbox 421 1797 627 1863; x_wconf 76' lang='grc' dir='ltr'>ἐτάζων</span> <span class='ocrx_word' id='word_1_190' title='bbox 680 1797 910 1865; x_wconf 79' lang='grc' dir='ltr'>καρδίας</span> <span class='ocrx_word' id='word_1_191' title='bbox 939 1798 1034 1850; x_wconf 75' lang='grc' dir='ltr'><strong>καὶ</strong></span> <span class='ocrx_word' id='word_1_192' title='bbox 1080 1798 1336 1866; x_wconf 80' lang='grc' dir='ltr'>νεφροὺς,</span> <span class='ocrx_word' id='word_1_193' title='bbox 1394 1798 1422 1849; x_wconf 86' lang='grc' dir='ltr'>ὁ</span> <span class='ocrx_word' id='word_1_194' title='bbox 1451 1795 1605 1859; x_wconf 74' lang='grc' dir='ltr'>Θεὸς,</span> <span class='ocrx_word' id='word_1_195' title='bbox 1639 1795 1729 1849; x_wconf 85' lang='grc' dir='ltr'><strong>ὅτε</strong></span> 
     </span>
    </p>
   </div>
   <div class='ocr_carea' id='block_1_33' title="bbox 1843 1789 3422 1868">
    <p class='ocr_par' dir='ltr' id='par_1_33' title="bbox 1843 1789 3422 1863">
     <span class='ocr_line' id='line_1_33' title="bbox 1843 1789 3422 1863; baseline 0.008 -24"><span class='ocrx_word' id='word_1_196' title='bbox 1843 1796 2117 1856; x_wconf 80' lang='lat' dir='ltr'><strong>comperta</strong></span> <span class='ocrx_word' id='word_1_197' title='bbox 2141 1796 2197 1842; x_wconf 90' lang='lat' dir='ltr'><strong>ct</strong></span> <span class='ocrx_word' id='word_1_198' title='bbox 2224 1789 2532 1858; x_wconf 83' lang='lat' dir='ltr'><strong>explorata,</strong></span> <span class='ocrx_word' id='word_1_199' title='bbox 2563 1790 2668 1844; x_wconf 90' lang='lat' dir='ltr'><strong>nisi</strong></span> <span class='ocrx_word' id='word_1_200' title='bbox 2693 1808 2817 1860; x_wconf 74' lang='lat' dir='ltr'><strong>qua:</strong></span> <span class='ocrx_word' id='word_1_201' title='bbox 2842 1795 3115 1863; x_wconf 84' lang='lat' dir='ltr'><strong>cujusque</strong></span> <span class='ocrx_word' id='word_1_202' title='bbox 3133 1796 3422 1852; x_wconf 87' lang='lat' dir='ltr'><strong>conscien-</strong></span> 
     </span>
    </p>
   </div>
   <div class='ocr_carea' id='block_1_34' title="bbox 151 1877 1742 1961">
    <p class='ocr_par' dir='ltr' id='par_1_34' title="bbox 151 1887 1735 1961">
     <span class='ocr_line' id='line_1_34' title="bbox 151 1887 1735 1961; baseline 0.001 -22"><span class='ocrx_word' id='word_1_203' title='bbox 151 1908 171 1939; x_wconf 73' lang='grc' dir='ltr'><strong>ο</strong></span> <span class='ocrx_word' id='word_1_204' title='bbox 215 1891 332 1961; x_wconf 85' lang='grc' dir='ltr'><strong>Πῦρ</strong></span> <span class='ocrx_word' id='word_1_205' title='bbox 366 1890 597 1942; x_wconf 79' lang='grc' dir='ltr'>ἐνώπιον</span> <span class='ocrx_word' id='word_1_206' title='bbox 651 1889 816 1943; x_wconf 81' lang='grc' dir='ltr'>αὐτοῦ</span> <span class='ocrx_word' id='word_1_207' title='bbox 871 1889 1333 1959; x_wconf 78' lang='grc' dir='ltr'>προπορεύσεται,</span> <span class='ocrx_word' id='word_1_208' title='bbox 1372 1889 1466 1942; x_wconf 83' lang='grc' dir='ltr'>καὶ</span> <span class='ocrx_word' id='word_1_209' title='bbox 1521 1887 1735 1957; x_wconf 82' lang='grc' dir='ltr'>φλογιεῖ</span> 
     </span>
    </p>
   </div>
   <div class='ocr_carea' id='block_1_35' title="bbox 1843 1877 3420 1961">
    <p class='ocr_par' dir='ltr' id='par_1_35' title="bbox 1843 1877 3420 1958">
     <span class='ocr_line' id='line_1_35' title="bbox 1843 1877 3420 1958; baseline 0.008 -26"><span class='ocrx_word' id='word_1_210' title='bbox 1843 1877 1917 1932; x_wconf 87' lang='lat' dir='ltr'><strong>tia</strong></span> <span class='ocrx_word' id='word_1_211' title='bbox 1952 1878 2136 1933; x_wconf 88' lang='lat' dir='ltr'><strong>novit:</strong></span> <span class='ocrx_word' id='word_1_212' title='bbox 2169 1880 2304 1949; x_wconf 90' lang='lat' dir='ltr'><strong>quin</strong></span> <span class='ocrx_word' id='word_1_213' title='bbox 2332 1881 2516 1950; x_wconf 83' lang='lat' dir='ltr'><strong>potius</strong></span> <span class='ocrx_word' id='word_1_214' title='bbox 2536 1883 2775 1951; x_wconf 90' lang='lat' dir='ltr'><strong>plurima</strong></span> <span class='ocrx_word' id='word_1_215' title='bbox 2803 1901 2927 1954; x_wconf 64' lang='lat' dir='ltr'><strong>quat</strong></span> <span class='ocrx_word' id='word_1_216' title='bbox 2968 1902 3037 1941; x_wconf 90' lang='lat' dir='ltr'><strong>ne</strong></span> <span class='ocrx_word' id='word_1_217' title='bbox 3068 1903 3166 1942; x_wconf 91' lang='lat' dir='ltr'><strong>cor</strong></span> <span class='ocrx_word' id='word_1_218' title='bbox 3192 1889 3420 1958; x_wconf 87' lang='lat' dir='ltr'><strong>quidem</strong></span> 
     </span>
    </p>
   </div>
   <div class='ocr_carea' id='block_1_36' title="bbox 145 1972 1742 2052">
    <p class='ocr_par' dir='ltr' id='par_1_36' title="bbox 145 1979 1735 2052">
     <span class='ocr_line' id='line_1_36' title="bbox 145 1979 1735 2052; baseline -0.001 -18"><span class='ocrx_word' id='word_1_219' title='bbox 145 1981 337 2052; x_wconf 75' lang='grc' dir='ltr'>κύκλῳ</span> <span class='ocrx_word' id='word_1_220' title='bbox 372 1982 497 2044; x_wconf 70' lang='grc' dir='ltr'>τοὺς</span> <span class='ocrx_word' id='word_1_221' title='bbox 530 1981 758 2051; x_wconf 76' lang='grc' dir='ltr'>ἐχθροὺς</span> <span class='ocrx_word' id='word_1_222' title='bbox 797 1981 986 2033; x_wconf 79' lang='grc' dir='ltr'><strong>αὐτοῦ’</strong></span> <span class='ocrx_word' id='word_1_223' title='bbox 1023 1999 1041 2032; x_wconf 75' lang='grc' dir='ltr'><strong>ι</strong></span> <span class='ocrx_word' id='word_1_224' title='bbox 1145 1980 1237 2035; x_wconf 81' lang='grc' dir='ltr'><strong>ὅτε</strong></span> <span class='ocrx_word' id='word_1_225' title='bbox 1281 1979 1735 2045; x_wconf 74' lang='grc' dir='ltr'>καταδικάζονται</span> 
     </span>
    </p>
   </div>
   <div class='ocr_carea' id='block_1_37' title="bbox 1843 1972 3424 2052">
    <p class='ocr_par' dir='ltr' id='par_1_37' title="bbox 1843 1972 3424 2045">
     <span class='ocr_line' id='line_1_37' title="bbox 1843 1972 3424 2045; baseline 0.008 -21"><span class='ocrx_word' id='word_1_226' title='bbox 1843 1979 2091 2025; x_wconf 90' lang='lat' dir='ltr'><strong>nostrum</strong></span> <span class='ocrx_word' id='word_1_227' title='bbox 2126 1972 2253 2036; x_wconf 89' lang='lat' dir='ltr'><strong>scit,</strong></span> <span class='ocrx_word' id='word_1_228' title='bbox 2287 1981 2488 2041; x_wconf 64' lang='lat' dir='ltr'><strong>praeter</strong></span> <span class='ocrx_word' id='word_1_229' title='bbox 2510 1974 2683 2029; x_wconf 91' lang='lat' dir='ltr'><strong>Deum</strong></span> <span class='ocrx_word' id='word_1_230' title='bbox 2715 1976 2810 2045; x_wconf 93' lang='lat' dir='ltr'><strong>qui</strong></span> <span class='ocrx_word' id='word_1_231' title='bbox 2841 1977 3009 2032; x_wconf 87' lang='lat' dir='ltr'><strong>corda</strong></span> <span class='ocrx_word' id='word_1_232' title='bbox 3063 1988 3343 2035; x_wconf 87' lang='lat' dir='ltr'><strong>scrutatur</strong></span> <span class='ocrx_word' id='word_1_233' title='bbox 3365 1988 3424 2035; x_wconf 90' lang='lat' dir='ltr'><strong>et</strong></span> 
     </span>
    </p>
   </div>
   <div class='ocr_carea' id='block_1_38' title="bbox 145 2058 1737 2143">
    <p class='ocr_par' dir='ltr' id='par_1_38' title="bbox 145 2058 1737 2143">
     <span class='ocr_line' id='line_1_38' title="bbox 145 2058 1737 2143; baseline -0.001 -18"><span class='ocrx_word' id='word_1_234' title='bbox 145 2075 196 2125; x_wconf 85' lang='grc' dir='ltr'><strong>οί</strong></span> <span class='ocrx_word' id='word_1_235' title='bbox 224 2074 323 2143; x_wconf 82' lang='grc' dir='ltr'>μὲν</span> <span class='ocrx_word' id='word_1_236' title='bbox 354 2075 433 2136; x_wconf 83' lang='grc' dir='ltr'><strong>είς</strong></span> <span class='ocrx_word' id='word_1_237' title='bbox 460 2077 520 2125; x_wconf 78' lang='grc' dir='ltr'>τὸ</span> <span class='ocrx_word' id='word_1_238' title='bbox 546 2058 734 2132; x_wconf 77' lang='grc' dir='ltr'>σκότος</span> <span class='ocrx_word' id='word_1_239' title='bbox 760 2072 822 2124; x_wconf 83' lang='grc' dir='ltr'><strong>τὸ</strong></span> <span class='ocrx_word' id='word_1_240' title='bbox 857 2071 1120 2142; x_wconf 77' lang='grc' dir='ltr'><strong>ἐξώτερον</strong></span> <span class='ocrx_word' id='word_1_241' title='bbox 1149 2071 1209 2124; x_wconf 75' lang='grc' dir='ltr'><strong>τὸ</strong></span> <span class='ocrx_word' id='word_1_242' title='bbox 1241 2072 1642 2142; x_wconf 78' lang='grc' dir='ltr'><strong>ἡτοιμασμένον</strong></span> <span class='ocrx_word' id='word_1_243' title='bbox 1661 2071 1737 2141; x_wconf 82' lang='grc' dir='ltr'>τῷ</span> 
     </span>
    </p>
   </div>
   <div class='ocr_carea' id='block_1_39' title="bbox 146 2160 1739 2234">
    <p class='ocr_par' dir='ltr' id='par_1_39' title="bbox 146 2160 1739 2234">
     <span class='ocr_line' id='line_1_39' title="bbox 146 2160 1739 2234; baseline -0.002 -18"><span class='ocrx_word' id='word_1_244' title='bbox 146 2164 383 2234; x_wconf 85' lang='grc' dir='ltr'>διαϐόλῳ</span> <span class='ocrx_word' id='word_1_245' title='bbox 419 2165 511 2227; x_wconf 70' lang='grc' dir='ltr'><strong>καὶ</strong></span> <span class='ocrx_word' id='word_1_246' title='bbox 559 2165 674 2226; x_wconf 76' lang='grc' dir='ltr'>τοῖς</span> <span class='ocrx_word' id='word_1_247' title='bbox 702 2163 952 2232; x_wconf 75' lang='grc' dir='ltr'>ἀγγέλοις</span> <span class='ocrx_word' id='word_1_248' title='bbox 997 2162 1164 2215; x_wconf 82' lang='grc' dir='ltr'>αὐτοῦ</span> <span class='ocrx_word' id='word_1_249' title='bbox 1186 2179 1201 2194; x_wconf 78' lang='grc' dir='ltr'><strong>ο</strong></span> <span class='ocrx_word' id='word_1_250' title='bbox 1253 2163 1300 2215; x_wconf 74' lang='lat' dir='ltr'><strong>oi</strong></span> <span class='ocrx_word' id='word_1_251' title='bbox 1335 2163 1391 2215; x_wconf 86' lang='grc' dir='ltr'>δὲ</span> <span class='ocrx_word' id='word_1_252' title='bbox 1425 2164 1505 2224; x_wconf 81' lang='grc' dir='ltr'><strong>εἰς</strong></span> <span class='ocrx_word' id='word_1_253' title='bbox 1536 2162 1595 2215; x_wconf 81' lang='grc' dir='ltr'>τὸ</span> <span class='ocrx_word' id='word_1_254' title='bbox 1627 2160 1739 2232; x_wconf 85' lang='grc' dir='ltr'><strong>πῦρ</strong></span> 
     </span>
    </p>
   </div>
   <div class='ocr_carea' id='block_1_40' title="bbox 146 2249 1739 2321">
    <p class='ocr_par' dir='ltr' id='par_1_40' title="bbox 146 2249 1739 2321">
     <span class='ocr_line' id='line_1_40' title="bbox 146 2249 1739 2321; baseline -0.002 -16"><span class='ocrx_word' id='word_1_255' title='bbox 146 2252 211 2305; x_wconf 73' lang='grc' dir='ltr'>τὸ</span> <span class='ocrx_word' id='word_1_256' title='bbox 230 2251 447 2305; x_wconf 77' lang='grc' dir='ltr'>αἰώνιον</span> <span class='ocrx_word' id='word_1_257' title='bbox 470 2269 486 2285; x_wconf 70' lang='grc' dir='ltr'><strong>ο</strong></span> <span class='ocrx_word' id='word_1_258' title='bbox 518 2251 667 2307; x_wconf 84' lang='grc' dir='ltr'>ἄλλοι</span> <span class='ocrx_word' id='word_1_259' title='bbox 696 2253 1163 2321; x_wconf 84' lang='grc' dir='ltr'>παραπέμπονται</span> <span class='ocrx_word' id='word_1_260' title='bbox 1192 2250 1270 2321; x_wconf 81' lang='grc' dir='ltr'>τῷ</span> <span class='ocrx_word' id='word_1_261' title='bbox 1298 2251 1583 2321; x_wconf 82' lang='grc' dir='ltr'><strong>ἀκοιμήτῳ</strong></span> <span class='ocrx_word' id='word_1_262' title='bbox 1608 2249 1739 2304; x_wconf 85' lang='grc' dir='ltr'>σκώ-</span> 
     </span>
    </p>
   </div>
   <div class='ocr_carea' id='block_1_41' title="bbox 150 2339 1741 2412">
    <p class='ocr_par' dir='ltr' id='par_1_41' title="bbox 150 2339 1741 2412">
     <span class='ocr_line' id='line_1_41' title="bbox 150 2339 1741 2412; baseline -0.001 -20"><span class='ocrx_word' id='word_1_263' title='bbox 150 2341 304 2411; x_wconf 75' lang='grc' dir='ltr'>ληκι,</span> <span class='ocrx_word' id='word_1_264' title='bbox 340 2342 490 2395; x_wconf 79' lang='grc' dir='ltr'>ἄλλοι</span> <span class='ocrx_word' id='word_1_265' title='bbox 544 2342 622 2410; x_wconf 83' lang='grc' dir='ltr'>τῷ</span> <span class='ocrx_word' id='word_1_266' title='bbox 674 2345 935 2412; x_wconf 81' lang='grc' dir='ltr'>ταρτάρῳ</span> <span class='ocrx_word' id='word_1_267' title='bbox 988 2340 1410 2408; x_wconf 80' lang='grc' dir='ltr'><strong>παραδίδονται·</strong></span> <span class='ocrx_word' id='word_1_268' title='bbox 1444 2342 1542 2393; x_wconf 79' lang='grc' dir='ltr'><strong>καὶ</strong></span> <span class='ocrx_word' id='word_1_269' title='bbox 1580 2340 1631 2391; x_wconf 88' lang='grc' dir='ltr'>τί</span> <span class='ocrx_word' id='word_1_270' title='bbox 1661 2339 1741 2391; x_wconf 84' lang='grc' dir='ltr'>δεῖ</span> 
     </span>
    </p>
   </div>
   <div class='ocr_carea' id='block_1_42' title="bbox 151 2432 1741 2503">
    <p class='ocr_par' dir='ltr' id='par_1_42' title="bbox 151 2432 1741 2503">
     <span class='ocr_line' id='line_1_42' title="bbox 151 2432 1741 2503; baseline 0 -18"><span class='ocrx_word' id='word_1_271' title='bbox 151 2435 336 2486; x_wconf 74' lang='grc' dir='ltr'>πάντα</span> <span class='ocrx_word' id='word_1_272' title='bbox 383 2435 521 2486; x_wconf 78' lang='grc' dir='ltr'>κατὰ</span> <span class='ocrx_word' id='word_1_273' title='bbox 547 2433 745 2486; x_wconf 81' lang='grc' dir='ltr'>λεπτὸν</span> <span class='ocrx_word' id='word_1_274' title='bbox 772 2432 1160 2502; x_wconf 79' lang='grc' dir='ltr'><strong>ἀπαγγέλλειν,</strong></span> <span class='ocrx_word' id='word_1_275' title='bbox 1220 2433 1316 2486; x_wconf 73' lang='grc' dir='ltr'>καὶ</span> <span class='ocrx_word' id='word_1_276' title='bbox 1363 2433 1593 2503; x_wconf 83' lang='grc' dir='ltr'>ἀκηδίαν</span> <span class='ocrx_word' id='word_1_277' title='bbox 1637 2434 1741 2502; x_wconf 84' lang='grc' dir='ltr'>ἐμ-</span> 
     </span>
    </p>
   </div>
   <div class='ocr_carea' id='block_1_43' title="bbox 146 2521 1742 2597">
    <p class='ocr_par' dir='ltr' id='par_1_43' title="bbox 146 2521 1742 2597">
     <span class='ocr_line' id='line_1_43' title="bbox 146 2521 1742 2597; baseline 0.001 -20"><span class='ocrx_word' id='word_1_278' title='bbox 146 2528 327 2577; x_wconf 76' lang='grc' dir='ltr'>ποιεῖν</span> <span class='ocrx_word' id='word_1_279' title='bbox 388 2529 500 2589; x_wconf 82' lang='grc' dir='ltr'>τοῖς</span> <span class='ocrx_word' id='word_1_280' title='bbox 563 2528 895 2597; x_wconf 83' lang='grc' dir='ltr'>ἀκροαταῖς;</span> <span class='ocrx_word' id='word_1_281' title='bbox 963 2524 1146 2579; x_wconf 82' lang='grc' dir='ltr'>Ταῦτα</span> <span class='ocrx_word' id='word_1_282' title='bbox 1196 2521 1287 2579; x_wconf 84' lang='grc' dir='ltr'>οὖν</span> <span class='ocrx_word' id='word_1_283' title='bbox 1325 2525 1504 2579; x_wconf 86' lang='grc' dir='ltr'>πάντα</span> <span class='ocrx_word' id='word_1_284' title='bbox 1535 2527 1629 2579; x_wconf 84' lang='grc' dir='ltr'>καὶ</span> <span class='ocrx_word' id='word_1_285' title='bbox 1673 2526 1742 2579; x_wconf 83' lang='grc' dir='ltr'><strong>τὰ</strong></span> 
     </span>
    </p>
   </div>
   <div class='ocr_carea' id='block_1_44' title="bbox 151 2615 1740 2689">
    <p class='ocr_par' dir='ltr' id='par_1_44' title="bbox 151 2615 1740 2689">
     <span class='ocr_line' id='line_1_44' title="bbox 151 2615 1740 2689; baseline 0.001 -20"><span class='ocrx_word' id='word_1_286' title='bbox 151 2618 314 2687; x_wconf 79' lang='grc' dir='ltr'>ὅμοια</span> <span class='ocrx_word' id='word_1_287' title='bbox 342 2616 671 2680; x_wconf 72' lang='grc' dir='ltr'>ἐννοοῦντες.</span> <span class='ocrx_word' id='word_1_288' title='bbox 708 2618 1003 2689; x_wconf 76' lang='grc' dir='ltr'><strong>ἀγαπητοὶ,</strong></span> <span class='ocrx_word' id='word_1_289' title='bbox 1031 2616 1274 2686; x_wconf 76' lang='grc' dir='ltr'><strong>ἔλθωμεν</strong></span> <span class='ocrx_word' id='word_1_290' title='bbox 1300 2618 1378 2679; x_wconf 74' lang='grc' dir='ltr'><strong>είς</strong></span> <span class='ocrx_word' id='word_1_291' title='bbox 1424 2615 1740 2681; x_wconf 78' lang='grc' dir='ltr'>κατάνυξιν,</span> 
     </span>
    </p>
   </div>
   <div class='ocr_carea' id='block_1_45' title="bbox 150 2708 1744 2780">
    <p class='ocr_par' dir='ltr' id='par_1_45' title="bbox 150 2708 1744 2780">
     <span class='ocr_line' id='line_1_45' title="bbox 150 2708 1744 2780; baseline -0.001 -16"><span class='ocrx_word' id='word_1_292' title='bbox 150 2712 247 2764; x_wconf 70' lang='grc' dir='ltr'><strong>καὶ</strong></span> <span class='ocrx_word' id='word_1_293' title='bbox 301 2709 640 2780; x_wconf 79' lang='grc' dir='ltr'><strong>παυσώμεθα</strong></span> <span class='ocrx_word' id='word_1_294' title='bbox 695 2710 803 2763; x_wconf 89' lang='grc' dir='ltr'><strong>τῶν</strong></span> <span class='ocrx_word' id='word_1_295' title='bbox 859 2710 1046 2763; x_wconf 84' lang='grc' dir='ltr'>κακῶν</span> <span class='ocrx_word' id='word_1_296' title='bbox 1108 2708 1263 2779; x_wconf 85' lang='grc' dir='ltr'>ήμῶν</span> <span class='ocrx_word' id='word_1_297' title='bbox 1318 2709 1600 2780; x_wconf 81' lang='grc' dir='ltr'>πράξεων·</span> <span class='ocrx_word' id='word_1_298' title='bbox 1647 2708 1744 2762; x_wconf 73' lang='grc' dir='ltr'>καὶ</span> 
     </span>
    </p>
   </div>
   <div class='ocr_carea' id='block_1_46' title="bbox 150 2798 1742 2872">
    <p class='ocr_par' dir='ltr' id='par_1_46' title="bbox 150 2798 1742 2872">
     <span class='ocr_line' id='line_1_46' title="bbox 150 2798 1742 2872; baseline -0.003 -18"><span class='ocrx_word' id='word_1_299' title='bbox 150 2801 482 2871; x_wconf 84' lang='grc' dir='ltr'><strong>κλαύσωμεν</strong></span> <span class='ocrx_word' id='word_1_300' title='bbox 519 2801 732 2872; x_wconf 77' lang='grc' dir='ltr'>ἡμέρας</span> <span class='ocrx_word' id='word_1_301' title='bbox 763 2802 855 2854; x_wconf 72' lang='grc' dir='ltr'>καὶ</span> <span class='ocrx_word' id='word_1_302' title='bbox 880 2800 1096 2862; x_wconf 79' lang='grc' dir='ltr'>νυκτὸς.</span> <span class='ocrx_word' id='word_1_303' title='bbox 1131 2800 1373 2854; x_wconf 86' lang='grc' dir='ltr'>ἐναντίον</span> <span class='ocrx_word' id='word_1_304' title='bbox 1405 2801 1611 2870; x_wconf 84' lang='grc' dir='ltr'>Κυρίου</span> <span class='ocrx_word' id='word_1_305' title='bbox 1647 2798 1742 2851; x_wconf 85' lang='grc' dir='ltr'>τοῦ</span> 
     </span>
    </p>
   </div>
   <div class='ocr_carea' id='block_1_47' title="bbox 152 2891 1745 2963">
    <p class='ocr_par' dir='ltr' id='par_1_47' title="bbox 152 2891 1745 2963">
     <span class='ocr_line' id='line_1_47' title="bbox 152 2891 1745 2963; baseline -0.001 -18"><span class='ocrx_word' id='word_1_306' title='bbox 152 2896 483 2962; x_wconf 80' lang='grc' dir='ltr'>ποιήσαντος</span> <span class='ocrx_word' id='word_1_307' title='bbox 518 2893 867 2963; x_wconf 73' lang='grc' dir='ltr'>ἡμᾶς.”οπου</span> <span class='ocrx_word' id='word_1_308' title='bbox 897 2894 1005 2963; x_wconf 84' lang='grc' dir='ltr'><strong>γὰρ</strong></span> <span class='ocrx_word' id='word_1_309' title='bbox 1033 2892 1266 2962; x_wconf 85' lang='grc' dir='ltr'>δάκρυα,</span> <span class='ocrx_word' id='word_1_310' title='bbox 1296 2894 1413 2946; x_wconf 84' lang='grc' dir='ltr'>ἐκεῖ</span> <span class='ocrx_word' id='word_1_311' title='bbox 1430 2891 1745 2961; x_wconf 83' lang='grc' dir='ltr'>δυσώπησις</span> 
     </span>
    </p>
   </div>
   <div class='ocr_carea' id='block_1_48' title="bbox 151 2983 1741 3057">
    <p class='ocr_par' dir='ltr' id='par_1_48' title="bbox 151 2983 1741 3057">
     <span class='ocr_line' id='line_1_48' title="bbox 151 2983 1741 3057; baseline 0.001 -21"><span class='ocrx_word' id='word_1_312' title='bbox 151 2983 407 3054; x_wconf 77' lang='grc' dir='ltr'><strong>Θεοῦ-’ἡ</strong></span> <span class='ocrx_word' id='word_1_313' title='bbox 446 2985 617 3056; x_wconf 84' lang='grc' dir='ltr'>πόρνη</span> <span class='ocrx_word' id='word_1_314' title='bbox 665 2986 751 3037; x_wconf 65' lang='grc' dir='ltr'><strong>διὰ</strong></span> <span class='ocrx_word' id='word_1_315' title='bbox 797 2986 1017 3057; x_wconf 82' lang='grc' dir='ltr'>θερμῶν</span> <span class='ocrx_word' id='word_1_316' title='bbox 1072 2984 1343 3054; x_wconf 83' lang='grc' dir='ltr'>δακρύων,</span> <span class='ocrx_word' id='word_1_317' title='bbox 1393 2987 1522 3054; x_wconf 82' lang='grc' dir='ltr'>μιᾶς</span> <span class='ocrx_word' id='word_1_318' title='bbox 1571 2984 1741 3054; x_wconf 83' lang='grc' dir='ltr'>ὥρας,</span> 
     </span>
    </p>
   </div>
   <div class='ocr_carea' id='block_1_49' title="bbox 152 3077 1752 3148">
    <p class='ocr_par' dir='ltr' id='par_1_49' title="bbox 152 3077 1752 3148">
     <span class='ocr_line' id='line_1_49' title="bbox 152 3077 1752 3148; baseline 0 -19"><span class='ocrx_word' id='word_1_319' title='bbox 152 3077 371 3129; x_wconf 81' lang='grc' dir='ltr'>πολλῶν</span> <span class='ocrx_word' id='word_1_320' title='bbox 398 3078 534 3148; x_wconf 58' lang='lat' dir='ltr'><strong>dph;</strong></span> <span class='ocrx_word' id='word_1_321' title='bbox 545 3080 731 3146; x_wconf 85' lang='grc' dir='ltr'>μάτων</span> <span class='ocrx_word' id='word_1_322' title='bbox 750 3079 944 3148; x_wconf 82' lang='grc' dir='ltr'>ἄφεσιν</span> <span class='ocrx_word' id='word_1_323' title='bbox 966 3079 1292 3148; x_wconf 68' lang='grc' dir='ltr'>ἐκομίσατο*</span> <span class='ocrx_word' id='word_1_324' title='bbox 1314 3078 1383 3130; x_wconf 80' lang='grc' dir='ltr'>τὰ</span> <span class='ocrx_word' id='word_1_325' title='bbox 1403 3078 1618 3148; x_wconf 76' lang='grc' dir='ltr'>δάκρυα</span> <span class='ocrx_word' id='word_1_326' title='bbox 1644 3079 1752 3148; x_wconf 80' lang='grc' dir='ltr'><strong>τὴν</strong></span> 
     </span>
    </p>
   </div>
   <div class='ocr_carea' id='block_1_50' title="bbox 153 3170 1741 3242">
    <p class='ocr_par' dir='ltr' id='par_1_50' title="bbox 153 3170 1741 3242">
     <span class='ocr_line' id='line_1_50' title="bbox 153 3170 1741 3242; baseline 0 -19"><span class='ocrx_word' id='word_1_327' title='bbox 153 3170 324 3241; x_wconf 72' lang='grc' dir='ltr'>εὐχὴν</span> <span class='ocrx_word' id='word_1_328' title='bbox 353 3170 432 3241; x_wconf 81' lang='grc' dir='ltr'>τῷ</span> <span class='ocrx_word' id='word_1_329' title='bbox 461 3171 579 3240; x_wconf 77' lang='grc' dir='ltr'><strong>Θεῷ</strong></span> <span class='ocrx_word' id='word_1_330' title='bbox 624 3170 986 3241; x_wconf 83' lang='grc' dir='ltr'>παριστῶσιν,</span> <span class='ocrx_word' id='word_1_331' title='bbox 1019 3170 1115 3224; x_wconf 76' lang='grc' dir='ltr'>καὶ</span> <span class='ocrx_word' id='word_1_332' title='bbox 1142 3170 1540 3242; x_wconf 84' lang='grc' dir='ltr'>εὑπρόσδεκτον</span> <span class='ocrx_word' id='word_1_333' title='bbox 1568 3171 1741 3241; x_wconf 77' lang='grc' dir='ltr'>αὐτὴν</span> 
     </span>
    </p>
   </div>
   <div class='ocr_carea' id='block_1_51' title="bbox 155 3258 1740 3335">
    <p class='ocr_par' dir='ltr' id='par_1_51' title="bbox 155 3258 1740 3335">
     <span class='ocr_line' id='line_1_51' title="bbox 155 3258 1740 3335; baseline 0 -22"><span class='ocrx_word' id='word_1_334' title='bbox 155 3260 426 3314; x_wconf 78' lang='grc' dir='ltr'>ποιοῦσιν.</span> <span class='ocrx_word' id='word_1_335' title='bbox 452 3262 510 3314; x_wconf 84' lang='lat'><strong>&#39;0</strong></span> <span class='ocrx_word' id='word_1_336' title='bbox 547 3262 720 3332; x_wconf 73' lang='grc' dir='ltr'>Πέτρο</span> <span class='ocrx_word' id='word_1_337' title='bbox 755 3301 772 3328; x_wconf 88' lang='grc'><strong><em>,</em></strong></span> <span class='ocrx_word' id='word_1_338' title='bbox 802 3262 891 3315; x_wconf 83' lang='grc' dir='ltr'>διὰ</span> <span class='ocrx_word' id='word_1_339' title='bbox 918 3264 1045 3332; x_wconf 81' lang='grc' dir='ltr'>μιᾶς</span> <span class='ocrx_word' id='word_1_340' title='bbox 1071 3261 1216 3335; x_wconf 69' lang='grc' dir='ltr'>ὥρας</span> <span class='ocrx_word' id='word_1_341' title='bbox 1236 3258 1455 3334; x_wconf 80' lang='grc' dir='ltr'>πικρῶν</span> <span class='ocrx_word' id='word_1_342' title='bbox 1468 3262 1740 3332; x_wconf 85' lang='grc' dir='ltr'>δακρύων,</span> 
     </span>
    </p>
   </div>
   <div class='ocr_carea' id='block_1_52' title="bbox 156 3352 1740 3426">
    <p class='ocr_par' dir='ltr' id='par_1_52' title="bbox 156 3352 1740 3426">
     <span class='ocr_line' id='line_1_52' title="bbox 156 3352 1740 3426; baseline 0.003 -23"><span class='ocrx_word' id='word_1_343' title='bbox 156 3352 218 3404; x_wconf 81' lang='grc' dir='ltr'>ού</span> <span class='ocrx_word' id='word_1_344' title='bbox 251 3355 417 3422; x_wconf 83' lang='grc' dir='ltr'>μόνον</span> <span class='ocrx_word' id='word_1_345' title='bbox 450 3355 802 3423; x_wconf 72' lang='grc' dir='ltr'>συνεχωρήθη</span> <span class='ocrx_word' id='word_1_346' title='bbox 838 3353 917 3424; x_wconf 84' lang='grc' dir='ltr'><strong>τῷ</strong></span> <span class='ocrx_word' id='word_1_347' title='bbox 944 3353 1249 3423; x_wconf 82' lang='grc' dir='ltr'>πταίσματι</span> <span class='ocrx_word' id='word_1_348' title='bbox 1296 3360 1396 3424; x_wconf 80' lang='grc' dir='ltr'>τῆς</span> <span class='ocrx_word' id='word_1_349' title='bbox 1429 3354 1740 3426; x_wconf 77' lang='grc' dir='ltr'>ἀρνήσεως,</span> 
     </span>
    </p>
   </div>
   <div class='ocr_carea' id='block_1_53' title="bbox 157 3428 1742 3517">
    <p class='ocr_par' dir='ltr' id='par_1_53' title="bbox 157 3428 1742 3517">
     <span class='ocr_line' id='line_1_53' title="bbox 157 3428 1742 3517; baseline -0.001 -21"><span class='ocrx_word' id='word_1_350' title='bbox 157 3442 297 3496; x_wconf 78' lang='grc' dir='ltr'><strong>ἀλλὰ</strong></span> <span class='ocrx_word' id='word_1_351' title='bbox 332 3428 553 3505; x_wconf 76' lang='grc' dir='ltr'>καὶτὰς</span> <span class='ocrx_word' id='word_1_352' title='bbox 587 3445 733 3505; x_wconf 86' lang='grc' dir='ltr'>κλεῖς</span> <span class='ocrx_word' id='word_1_353' title='bbox 763 3444 859 3514; x_wconf 83' lang='grc' dir='ltr'>τῆς</span> <span class='ocrx_word' id='word_1_354' title='bbox 916 3443 1196 3517; x_wconf 77' lang='grc' dir='ltr'>βασιλείας</span> <span class='ocrx_word' id='word_1_355' title='bbox 1220 3444 1335 3497; x_wconf 82' lang='grc' dir='ltr'>τῶν</span> <span class='ocrx_word' id='word_1_356' title='bbox 1372 3444 1621 3514; x_wconf 71' lang='grc' dir='ltr'>ούρανῶν</span> <span class='ocrx_word' id='word_1_357' title='bbox 1650 3458 1742 3495; x_wconf 89' lang='grc' dir='ltr'><strong>πι-</strong></span> 
     </span>
    </p>
   </div>
   <div class='ocr_carea' id='block_1_54' title="bbox 159 3533 1744 3606">
    <p class='ocr_par' dir='ltr' id='par_1_54' title="bbox 159 3533 1744 3606">
     <span class='ocr_line' id='line_1_54' title="bbox 159 3533 1744 3606; baseline 0 -19"><span class='ocrx_word' id='word_1_358' title='bbox 159 3533 435 3588; x_wconf 82' lang='grc' dir='ltr'>στεύεται.</span> <span class='ocrx_word' id='word_1_359' title='bbox 484 3535 703 3605; x_wconf 57' lang='grc' dir='ltr'>Ἐζεκία</span> <span class='ocrx_word' id='word_1_360' title='bbox 738 3534 815 3606; x_wconf 81' lang='grc' dir='ltr'>τῷ</span> <span class='ocrx_word' id='word_1_361' title='bbox 846 3534 1057 3606; x_wconf 72' lang='grc' dir='ltr'>βασ;λεῖ</span> <span class='ocrx_word' id='word_1_362' title='bbox 1125 3535 1193 3588; x_wconf 77' lang='grc' dir='ltr'><strong>δι’</strong></span> <span class='ocrx_word' id='word_1_363' title='bbox 1245 3536 1440 3603; x_wconf 77' lang='grc' dir='ltr'>ὀλίγων</span> <span class='ocrx_word' id='word_1_364' title='bbox 1491 3534 1744 3604; x_wconf 82' lang='grc' dir='ltr'>δακρύων</span> 
     </span>
    </p>
   </div>
   <div class='ocr_carea' id='block_1_55' title="bbox 154 3599 1745 3698">
    <p class='ocr_par' dir='ltr' id='par_1_55' title="bbox 154 3599 1745 3698">
     <span class='ocr_line' id='line_1_55' title="bbox 154 3599 1745 3698; baseline 0.001 -20"><span class='ocrx_word' id='word_1_365' title='bbox 154 3626 458 3679; x_wconf 77' lang='grc' dir='ltr'>δεκαπέντε</span> <span class='ocrx_word' id='word_1_366' title='bbox 505 3626 599 3696; x_wconf 78' lang='grc' dir='ltr'><strong>ἐτη</strong></span> <span class='ocrx_word' id='word_1_367' title='bbox 631 3599 695 3695; x_wconf 58' lang='grc' dir='ltr'>τῇ</span> <span class='ocrx_word' id='word_1_368' title='bbox 876 3599 1214 3694; x_wconf 47' lang='grc' dir='ltr'><strong>ῗπροσετέθη.</strong></span> <span class='ocrx_word' id='word_1_369' title='bbox 1273 3599 1745 3698; x_wconf 28' lang='grc' dir='ltr'>Δί’ρανίδεςντῶν</span> 
     </span>
    </p>
   </div>
   <div class='ocr_carea' id='block_1_56' title="bbox 157 3719 1746 3791">
    <p class='ocr_par' dir='ltr' id='par_1_56' title="bbox 157 3719 1746 3791">
     <span class='ocr_line' id='line_1_56' title="bbox 157 3719 1746 3791; baseline 0 -19"><span class='ocrx_word' id='word_1_370' title='bbox 157 3719 414 3788; x_wconf 80' lang='grc' dir='ltr'>δακρύων</span> <span class='ocrx_word' id='word_1_371' title='bbox 444 3719 520 3782; x_wconf 85' lang='grc' dir='ltr'>ὡς</span> <span class='ocrx_word' id='word_1_372' title='bbox 561 3720 684 3787; x_wconf 80' lang='grc' dir='ltr'>μέλι</span> <span class='ocrx_word' id='word_1_373' title='bbox 716 3719 987 3787; x_wconf 73' lang='grc' dir='ltr'>γλυκάζον</span> <span class='ocrx_word' id='word_1_374' title='bbox 1035 3720 1175 3771; x_wconf 68' lang='grc' dir='ltr'>είσῖν</span> <span class='ocrx_word' id='word_1_375' title='bbox 1202 3721 1258 3771; x_wconf 85' lang='grc' dir='ltr'>ὲν</span> <span class='ocrx_word' id='word_1_376' title='bbox 1304 3721 1370 3788; x_wconf 75' lang='grc' dir='ltr'><strong>τῇ</strong></span> <span class='ocrx_word' id='word_1_377' title='bbox 1401 3720 1620 3791; x_wconf 68' lang='grc' dir='ltr'>καρδίᾳ,</span> <span class='ocrx_word' id='word_1_378' title='bbox 1650 3719 1746 3772; x_wconf 71' lang='grc' dir='ltr'>καὶ</span> 
     </span>
    </p>
   </div>
   <div class='ocr_carea' id='block_1_57' title="bbox 159 3809 1744 3882">
    <p class='ocr_par' dir='ltr' id='par_1_57' title="bbox 159 3809 1744 3882">
     <span class='ocr_line' id='line_1_57' title="bbox 159 3809 1744 3882; baseline 0.001 -20"><span class='ocrx_word' id='word_1_379' title='bbox 159 3809 417 3881; x_wconf 81' lang='grc' dir='ltr'>θυμίαμα</span> <span class='ocrx_word' id='word_1_380' title='bbox 451 3810 649 3875; x_wconf 80' lang='grc' dir='ltr'>εὑῶδες</span> <span class='ocrx_word' id='word_1_381' title='bbox 680 3812 830 3880; x_wconf 76' lang='grc' dir='ltr'>παρὰ</span> <span class='ocrx_word' id='word_1_382' title='bbox 850 3812 927 3881; x_wconf 82' lang='grc' dir='ltr'><strong>τῷ</strong></span> <span class='ocrx_word' id='word_1_383' title='bbox 956 3811 1095 3881; x_wconf 69' lang='grc' dir='ltr'>θεῷ.</span> <span class='ocrx_word' id='word_1_384' title='bbox 1120 3811 1239 3882; x_wconf 84' lang='grc' dir='ltr'><strong>Χρὴ</strong></span> <span class='ocrx_word' id='word_1_385' title='bbox 1267 3811 1383 3875; x_wconf 79' lang='grc' dir='ltr'>οὖν,</span> <span class='ocrx_word' id='word_1_386' title='bbox 1412 3813 1519 3881; x_wconf 74' lang='grc' dir='ltr'>πρὸ</span> <span class='ocrx_word' id='word_1_387' title='bbox 1547 3813 1744 3874; x_wconf 81' lang='grc' dir='ltr'>παντὸς</span> 
     </span>
    </p>
   </div>
   <div class='ocr_carea' id='block_1_58' title="bbox 159 3902 1743 3973">
    <p class='ocr_par' dir='ltr' id='par_1_58' title="bbox 159 3902 1743 3973">
     <span class='ocr_line' id='line_1_58' title="bbox 159 3902 1743 3973; baseline 0.001 -19"><span class='ocrx_word' id='word_1_388' title='bbox 159 3902 490 3971; x_wconf 73' lang='grc' dir='ltr'>αίτήματος,</span> <span class='ocrx_word' id='word_1_389' title='bbox 540 3902 880 3972; x_wconf 87' lang='grc' dir='ltr'>κατόρθωσιν</span> <span class='ocrx_word' id='word_1_390' title='bbox 928 3902 1232 3972; x_wconf 80' lang='grc' dir='ltr'>κεχρῆσθαι</span> <span class='ocrx_word' id='word_1_391' title='bbox 1287 3906 1398 3966; x_wconf 60' lang='grc' dir='ltr'><strong>τιέξ</strong></span> <span class='ocrx_word' id='word_1_392' title='bbox 1460 3902 1743 3973; x_wconf 82' lang='grc' dir='ltr'>δάκρυσιν.</span> 
     </span>
    </p>
   </div>
   <div class='ocr_carea' id='block_1_59' title="bbox 158 3993 1749 4066">
    <p class='ocr_par' dir='ltr' id='par_1_59' title="bbox 158 3993 1749 4066">
     <span class='ocr_line' id='line_1_59' title="bbox 158 3993 1749 4066; baseline 0.001 -20"><span class='ocrx_word' id='word_1_393' title='bbox 158 3995 317 4047; x_wconf 74' lang='grc' dir='ltr'>Πάνυ</span> <span class='ocrx_word' id='word_1_394' title='bbox 364 3994 473 4066; x_wconf 74' lang='grc' dir='ltr'>γὰρ</span> <span class='ocrx_word' id='word_1_395' title='bbox 500 3993 676 4063; x_wconf 83' lang='grc' dir='ltr'>χαίρει</span> <span class='ocrx_word' id='word_1_396' title='bbox 704 3995 733 4046; x_wconf 81' lang='grc' dir='ltr'><strong>ὁ</strong></span> <span class='ocrx_word' id='word_1_397' title='bbox 778 3995 1055 4065; x_wconf 80' lang='grc' dir='ltr'><strong>Δεσπότης</strong></span> <span class='ocrx_word' id='word_1_398' title='bbox 1078 3994 1543 4066; x_wconf 75' lang='grc' dir='ltr'>ήμῶνδεχόμενος</span> <span class='ocrx_word' id='word_1_399' title='bbox 1579 4012 1749 4066; x_wconf 81' lang='grc' dir='ltr'>προσ-</span> 
     </span>
    </p>
   </div>
   <div class='ocr_carea' id='block_1_60' title="bbox 158 4085 1747 4158">
    <p class='ocr_par' dir='ltr' id='par_1_60' title="bbox 158 4085 1747 4158">
     <span class='ocr_line' id='line_1_60' title="bbox 158 4085 1747 4158; baseline 0.001 -19"><span class='ocrx_word' id='word_1_400' title='bbox 158 4087 330 4154; x_wconf 71' lang='grc' dir='ltr'>ευχὴν</span> <span class='ocrx_word' id='word_1_401' title='bbox 361 4087 418 4137; x_wconf 86' lang='grc' dir='ltr'><strong>ἐν</strong></span> <span class='ocrx_word' id='word_1_402' title='bbox 443 4085 707 4154; x_wconf 76' lang='grc' dir='ltr'>δάκρυσιν</span> <span class='ocrx_word' id='word_1_403' title='bbox 738 4086 876 4154; x_wconf 79' lang='grc' dir='ltr'>μετὰ</span> <span class='ocrx_word' id='word_1_404' title='bbox 910 4086 1174 4156; x_wconf 81' lang='grc' dir='ltr'>ταπεινῆς</span> <span class='ocrx_word' id='word_1_405' title='bbox 1201 4086 1449 4157; x_wconf 75' lang='grc' dir='ltr'>καρδίας,</span> <span class='ocrx_word' id='word_1_406' title='bbox 1483 4087 1747 4158; x_wconf 80' lang='grc' dir='ltr'><strong>μηδαμῶς</strong></span> 
     </span>
    </p>
   </div>
   <div class='ocr_carea' id='block_1_61' title="bbox 159 4175 1748 4250">
    <p class='ocr_par' dir='ltr' id='par_1_61' title="bbox 159 4175 1748 4250">
     <span class='ocr_line' id='line_1_61' title="bbox 159 4175 1748 4250; baseline 0.002 -20"><span class='ocrx_word' id='word_1_407' title='bbox 159 4175 559 4247; x_wconf 82' lang='grc' dir='ltr'>ὲπαιρομένης,</span> <span class='ocrx_word' id='word_1_408' title='bbox 579 4175 654 4239; x_wconf 78' lang='grc' dir='ltr'>ὡς</span> <span class='ocrx_word' id='word_1_409' title='bbox 685 4176 826 4246; x_wconf 86' lang='grc' dir='ltr'>ὑπὲρ</span> <span class='ocrx_word' id='word_1_410' title='bbox 853 4178 979 4239; x_wconf 76' lang='grc' dir='ltr'>τοὺς</span> <span class='ocrx_word' id='word_1_411' title='bbox 1004 4177 1234 4241; x_wconf 78' lang='grc' dir='ltr'>πολλοὺς</span> <span class='ocrx_word' id='word_1_412' title='bbox 1261 4178 1431 4232; x_wconf 74' lang='grc' dir='ltr'>ὅντων</span> <span class='ocrx_word' id='word_1_413' title='bbox 1453 4181 1634 4250; x_wconf 72' lang='grc' dir='ltr'>ἡμῶν,</span> <span class='ocrx_word' id='word_1_414' title='bbox 1661 4180 1748 4234; x_wconf 83' lang='grc' dir='ltr'>ἴνα</span> 
     </span>
    </p>
   </div>
   <div class='ocr_carea' id='block_1_62' title="bbox 164 4260 1745 4343">
    <p class='ocr_par' dir='ltr' id='par_1_62' title="bbox 164 4260 1745 4343">
     <span class='ocr_line' id='line_1_62' title="bbox 164 4260 1745 4343; baseline 0.003 -21"><span class='ocrx_word' id='word_1_415' title='bbox 164 4270 242 4339; x_wconf 81' lang='grc' dir='ltr'>μὴ</span> <span class='ocrx_word' id='word_1_416' title='bbox 272 4270 364 4322; x_wconf 79' lang='grc' dir='ltr'><strong>ἐπὶ</strong></span> <span class='ocrx_word' id='word_1_417' title='bbox 387 4268 572 4321; x_wconf 85' lang='grc' dir='ltr'>πλεῖον</span> <span class='ocrx_word' id='word_1_418' title='bbox 606 4260 1034 4339; x_wconf 82' lang='grc' dir='ltr'>παροργίσωμεν</span> <span class='ocrx_word' id='word_1_419' title='bbox 1057 4269 1147 4322; x_wconf 71' lang='grc' dir='ltr'><strong>τὸν</strong></span> <span class='ocrx_word' id='word_1_420' title='bbox 1165 4270 1435 4323; x_wconf 82' lang='grc' dir='ltr'>δεδωκότα</span> <span class='ocrx_word' id='word_1_421' title='bbox 1453 4270 1549 4343; x_wconf 82' lang='grc' dir='ltr'><strong>τὴν</strong></span> <span class='ocrx_word' id='word_1_422' title='bbox 1567 4272 1745 4343; x_wconf 78' lang='grc' dir='ltr'><strong>χάριν.</strong></span> 
     </span>
    </p>
   </div>
   <div class='ocr_carea' id='block_1_63' title="bbox 162 4360 1747 4433">
    <p class='ocr_par' dir='ltr' id='par_1_63' title="bbox 162 4360 1747 4433">
     <span class='ocr_line' id='line_1_63' title="bbox 162 4360 1747 4433; baseline 0.003 -19"><span class='ocrx_word' id='word_1_423' title='bbox 162 4361 359 4415; x_wconf 72' lang='grc' dir='ltr'>Πολλοὶ</span> <span class='ocrx_word' id='word_1_424' title='bbox 382 4362 490 4431; x_wconf 72' lang='grc' dir='ltr'><strong>γὰρ</strong></span> <span class='ocrx_word' id='word_1_425' title='bbox 518 4361 846 4430; x_wconf 84' lang='grc' dir='ltr'>δακρύοντες</span> <span class='ocrx_word' id='word_1_426' title='bbox 877 4362 1015 4431; x_wconf 80' lang='grc' dir='ltr'>ὑπὲρ</span> <span class='ocrx_word' id='word_1_427' title='bbox 1048 4360 1355 4433; x_wconf 86' lang='grc' dir='ltr'>ἁμαρτιῶν,</span> <span class='ocrx_word' id='word_1_428' title='bbox 1392 4363 1747 4418; x_wconf 76' lang='grc' dir='ltr'>ἐπιλανθανό-</span> 
     </span>
    </p>
   </div>
   <div class='ocr_carea' id='block_1_64' title="bbox 1837 2065 3425 2139">
    <p class='ocr_par' dir='ltr' id='par_1_64' title="bbox 1837 2065 3425 2139">
     <span class='ocr_line' id='line_1_64' title="bbox 1837 2065 3425 2139; baseline 0.007 -24"><span class='ocrx_word' id='word_1_429' title='bbox 1837 2076 2037 2125; x_wconf 90' lang='lat' dir='ltr'><strong>renes;</strong></span> <span class='ocrx_word' id='word_1_430' title='bbox 2072 2078 2220 2128; x_wconf 89' lang='lat' dir='ltr'><strong>cum,</strong></span> <span class='ocrx_word' id='word_1_431' title='bbox 2259 2083 2278 2115; x_wconf 79' lang='grc' dir='ltr'><strong>ι</strong></span> <span class='ocrx_word' id='word_1_432' title='bbox 2315 2065 2540 2135; x_wconf 85' lang='lat' dir='ltr'><strong>lgnisin</strong></span> <span class='ocrx_word' id='word_1_433' title='bbox 2579 2076 2880 2135; x_wconf 90' lang='lat' dir='ltr'><strong>conspectu</strong></span> <span class='ocrx_word' id='word_1_434' title='bbox 2903 2070 3024 2139; x_wconf 88' lang='lat' dir='ltr'><strong>ejus</strong></span> <span class='ocrx_word' id='word_1_435' title='bbox 3055 2070 3341 2139; x_wconf 86' lang='lat' dir='ltr'><strong>procedet,</strong></span> <span class='ocrx_word' id='word_1_436' title='bbox 3366 2080 3425 2126; x_wconf 89' lang='lat' dir='ltr'><strong>et</strong></span> 
     </span>
    </p>
   </div>
   <div class='ocr_carea' id='block_1_65' title="bbox 1840 2152 3424 2230">
    <p class='ocr_par' dir='ltr' id='par_1_65' title="bbox 1840 2152 3424 2230">
     <span class='ocr_line' id='line_1_65' title="bbox 1840 2152 3424 2230; baseline 0.005 -22"><span class='ocrx_word' id='word_1_437' title='bbox 1840 2152 2206 2209; x_wconf 83' lang='lat' dir='ltr'><strong>inﬂammabit</strong></span> <span class='ocrx_word' id='word_1_438' title='bbox 2232 2155 2286 2210; x_wconf 90' lang='lat' dir='ltr'><strong>in</strong></span> <span class='ocrx_word' id='word_1_439' title='bbox 2314 2156 2554 2210; x_wconf 88' lang='lat' dir='ltr'><strong>circuitu</strong></span> <span class='ocrx_word' id='word_1_440' title='bbox 2584 2156 2843 2213; x_wconf 88' lang='lat' dir='ltr'><strong>inimicos</strong></span> <span class='ocrx_word' id='word_1_441' title='bbox 2875 2160 3085 2229; x_wconf 67' lang='lat' dir='ltr'><strong>ejus”:</strong></span> <span class='ocrx_word' id='word_1_442' title='bbox 3135 2180 3154 2213; x_wconf 69' lang='grc' dir='ltr'><strong>ι</strong></span> <span class='ocrx_word' id='word_1_443' title='bbox 3201 2160 3424 2230; x_wconf 89' lang='lat' dir='ltr'><strong>quando</strong></span> 
     </span>
    </p>
   </div>
   <div class='ocr_carea' id='block_1_66' title="bbox 1839 2246 3426 2317">
    <p class='ocr_par' dir='ltr' id='par_1_66' title="bbox 1839 2246 3426 2317">
     <span class='ocr_line' id='line_1_66' title="bbox 1839 2246 3426 2317; baseline 0.005 -18"><span class='ocrx_word' id='word_1_444' title='bbox 1839 2246 2361 2301; x_wconf 88' lang='lat' dir='ltr'><strong>condemnabnntnr</strong></span> <span class='ocrx_word' id='word_1_445' title='bbox 2386 2247 2441 2302; x_wconf 89' lang='lat' dir='ltr'><strong>hi</strong></span> <span class='ocrx_word' id='word_1_446' title='bbox 2465 2249 2691 2317; x_wconf 89' lang='lat' dir='ltr'><strong>quidem</strong></span> <span class='ocrx_word' id='word_1_447' title='bbox 2722 2250 2777 2303; x_wconf 87' lang='lat' dir='ltr'><strong>in</strong></span> <span class='ocrx_word' id='word_1_448' title='bbox 2820 2251 3078 2306; x_wconf 86' lang='lat' dir='ltr'><strong>tenebras</strong></span> <span class='ocrx_word' id='word_1_449' title='bbox 3115 2251 3426 2307; x_wconf 75' lang='lat' dir='ltr'><strong>exteriores</strong></span> 
     </span>
    </p>
   </div>
   <div class='ocr_carea' id='block_1_67' title="bbox 1842 2338 3422 2413">
    <p class='ocr_par' dir='ltr' id='par_1_67' title="bbox 1842 2338 3422 2413">
     <span class='ocr_line' id='line_1_67' title="bbox 1842 2338 3422 2413; baseline 0.003 -21"><span class='ocrx_word' id='word_1_450' title='bbox 1842 2338 2155 2409; x_wconf 87' lang='lat' dir='ltr'><strong>ablegandi.</strong></span> <span class='ocrx_word' id='word_1_451' title='bbox 2179 2355 2302 2408; x_wconf 76' lang='lat' dir='ltr'><strong>qua:</strong></span> <span class='ocrx_word' id='word_1_452' title='bbox 2330 2348 2536 2409; x_wconf 79' lang='lat' dir='ltr'><strong>paratae</strong></span> <span class='ocrx_word' id='word_1_453' title='bbox 2558 2350 2689 2395; x_wconf 91' lang='lat' dir='ltr'><strong>sunt</strong></span> <span class='ocrx_word' id='word_1_454' title='bbox 2719 2341 2942 2397; x_wconf 90' lang='lat' dir='ltr'><strong>diabolo</strong></span> <span class='ocrx_word' id='word_1_455' title='bbox 2963 2351 3020 2397; x_wconf 90' lang='lat' dir='ltr'><strong>et</strong></span> <span class='ocrx_word' id='word_1_456' title='bbox 3042 2343 3255 2412; x_wconf 80' lang='lat' dir='ltr'><strong>angelis</strong></span> <span class='ocrx_word' id='word_1_457' title='bbox 3277 2344 3422 2413; x_wconf 86' lang='lat' dir='ltr'><strong>ejus:</strong></span> 
     </span>
    </p>
   </div>
   <div class='ocr_carea' id='block_1_68' title="bbox 1843 2430 3426 2504">
    <p class='ocr_par' dir='ltr' id='par_1_68' title="bbox 1843 2430 3426 2504">
     <span class='ocr_line' id='line_1_68' title="bbox 1843 2430 3426 2504; baseline 0.003 -20"><span class='ocrx_word' id='word_1_458' title='bbox 1843 2430 1924 2484; x_wconf 88' lang='lat' dir='ltr'><strong>illi</strong></span> <span class='ocrx_word' id='word_1_459' title='bbox 1957 2446 2089 2484; x_wconf 88' lang='lat' dir='ltr'><strong>vero</strong></span> <span class='ocrx_word' id='word_1_460' title='bbox 2112 2431 2495 2500; x_wconf 64' lang='lat' dir='ltr'><strong>praecipitandi</strong></span> <span class='ocrx_word' id='word_1_461' title='bbox 2527 2432 2585 2486; x_wconf 90' lang='lat' dir='ltr'><strong>in</strong></span> <span class='ocrx_word' id='word_1_462' title='bbox 2611 2432 2792 2502; x_wconf 86' lang='lat' dir='ltr'><strong>ignem</strong></span> <span class='ocrx_word' id='word_1_463' title='bbox 2827 2442 3097 2488; x_wconf 64' lang='lat' dir='ltr'><strong>aeternum</strong></span> <span class='ocrx_word' id='word_1_464' title='bbox 3112 2434 3178 2489; x_wconf 73' lang='grc' dir='ltr'><strong>δ’.</strong></span> <span class='ocrx_word' id='word_1_465' title='bbox 3206 2434 3276 2489; x_wconf 83' lang='grc' dir='ltr'>Ει</span> <span class='ocrx_word' id='word_1_466' title='bbox 3299 2434 3426 2504; x_wconf 89' lang='lat' dir='ltr'><strong>qui-</strong></span> 
     </span>
    </p>
   </div>
   <div class='ocr_carea' id='block_1_69' title="bbox 1843 2521 3429 2597">
    <p class='ocr_par' dir='ltr' id='par_1_69' title="bbox 1843 2521 3429 2597">
     <span class='ocr_line' id='line_1_69' title="bbox 1843 2521 3429 2597; baseline 0.003 -21"><span class='ocrx_word' id='word_1_467' title='bbox 1843 2521 1971 2577; x_wconf 91' lang='lat' dir='ltr'><strong>dem</strong></span> <span class='ocrx_word' id='word_1_468' title='bbox 1998 2523 2091 2577; x_wconf 87' lang='lat' dir='ltr'><strong>alii</strong></span> <span class='ocrx_word' id='word_1_469' title='bbox 2118 2525 2520 2594; x_wconf 88' lang='lat' dir='ltr'><strong>propellentur,</strong></span> <span class='ocrx_word' id='word_1_470' title='bbox 2564 2524 2858 2580; x_wconf 84' lang='lat' dir='ltr'><strong>addieendi</strong></span> <span class='ocrx_word' id='word_1_471' title='bbox 2909 2541 3192 2597; x_wconf 87' lang='lat' dir='ltr'><strong>nunquam</strong></span> <span class='ocrx_word' id='word_1_472' title='bbox 3218 2526 3429 2581; x_wconf 82' lang='lat' dir='ltr'><strong>domi-</strong></span> 
     </span>
    </p>
   </div>
   <div class='ocr_carea' id='block_1_70' title="bbox 1845 2614 3424 2686">
    <p class='ocr_par' dir='ltr' id='par_1_70' title="bbox 1845 2614 3424 2686">
     <span class='ocr_line' id='line_1_70' title="bbox 1845 2614 3424 2686; baseline 0.002 -18"><span class='ocrx_word' id='word_1_473' title='bbox 1845 2621 1969 2669; x_wconf 88' lang='lat' dir='ltr'><strong>turo</strong></span> <span class='ocrx_word' id='word_1_474' title='bbox 2021 2614 2219 2680; x_wconf 85' lang='lat' dir='ltr'><strong>vermi,</strong></span> <span class='ocrx_word' id='word_1_475' title='bbox 2266 2616 2361 2670; x_wconf 85' lang='lat' dir='ltr'><strong>alii</strong></span> <span class='ocrx_word' id='word_1_476' title='bbox 2410 2616 2658 2686; x_wconf 85' lang='lat' dir='ltr'><strong>voragini</strong></span> <span class='ocrx_word' id='word_1_477' title='bbox 2714 2616 3006 2679; x_wconf 84' lang='lat' dir='ltr'><strong>tradentur</strong></span> <span class='ocrx_word' id='word_1_478' title='bbox 3085 2615 3424 2673; x_wconf 53' lang='grc' dir='ltr'>αιτιοι-ιεωῆ</span> 
     </span>
    </p>
   </div>
   <div class='ocr_carea' id='block_1_71' title="bbox 1842 2706 3435 2779">
    <p class='ocr_par' dir='ltr' id='par_1_71' title="bbox 1842 2706 3435 2779">
     <span class='ocr_line' id='line_1_71' title="bbox 1842 2706 3435 2779; baseline 0.001 -18"><span class='ocrx_word' id='word_1_479' title='bbox 1842 2707 2056 2776; x_wconf 88' lang='lat' dir='ltr'><strong>Ecquid</strong></span> <span class='ocrx_word' id='word_1_480' title='bbox 2084 2722 2313 2762; x_wconf 88' lang='lat' dir='ltr'><strong>necesse</strong></span> <span class='ocrx_word' id='word_1_481' title='bbox 2347 2706 2421 2762; x_wconf 88' lang='lat' dir='ltr'><strong>sit</strong></span> <span class='ocrx_word' id='word_1_482' title='bbox 2468 2707 2685 2779; x_wconf 88' lang='lat' dir='ltr'><strong>singula</strong></span> <span class='ocrx_word' id='word_1_483' title='bbox 2748 2708 2864 2763; x_wconf 72' lang='lat' dir='ltr'><strong>haec</strong></span> <span class='ocrx_word' id='word_1_484' title='bbox 2895 2708 3151 2763; x_wconf 91' lang='lat' dir='ltr'><strong>minutim</strong></span> <span class='ocrx_word' id='word_1_485' title='bbox 3190 2716 3251 2762; x_wconf 90' lang='lat' dir='ltr'><strong>ut</strong></span> <span class='ocrx_word' id='word_1_486' title='bbox 3295 2723 3435 2778; x_wconf 63' lang='lat' dir='ltr'><strong>pero.</strong></span> 
     </span>
    </p>
   </div>
   <div class='ocr_carea' id='block_1_72' title="bbox 1843 2799 3427 2871">
    <p class='ocr_par' dir='ltr' id='par_1_72' title="bbox 1843 2799 3427 2871">
     <span class='ocr_line' id='line_1_72' title="bbox 1843 2799 3427 2871; baseline 0 -15"><span class='ocrx_word' id='word_1_487' title='bbox 1843 2814 2121 2861; x_wconf 80' lang='lat' dir='ltr'><strong>censeam,</strong></span> <span class='ocrx_word' id='word_1_488' title='bbox 2149 2814 2391 2868; x_wconf 91' lang='lat' dir='ltr'><strong>quorum</strong></span> <span class='ocrx_word' id='word_1_489' title='bbox 2415 2814 2586 2853; x_wconf 87' lang='lat' dir='ltr'><strong>censu</strong></span> <span class='ocrx_word' id='word_1_490' title='bbox 2610 2799 2966 2854; x_wconf 87' lang='lat' dir='ltr'><strong>auditoribus</strong></span> <span class='ocrx_word' id='word_1_491' title='bbox 3016 2800 3239 2855; x_wconf 67' lang='lat' dir='ltr'><strong>taedium</strong></span> <span class='ocrx_word' id='word_1_492' title='bbox 3267 2800 3427 2871; x_wconf 89' lang='lat' dir='ltr'><strong>inge-</strong></span> 
     </span>
    </p>
   </div>
   <div class='ocr_carea' id='block_1_73' title="bbox 1842 2890 3427 2962">
    <p class='ocr_par' dir='ltr' id='par_1_73' title="bbox 1842 2890 3427 2962">
     <span class='ocr_line' id='line_1_73' title="bbox 1842 2890 3427 2962; baseline 0.001 -17"><span class='ocrx_word' id='word_1_493' title='bbox 1842 2892 2065 2945; x_wconf 80' lang='lat' dir='ltr'><strong>nerem?</strong></span> <span class='ocrx_word' id='word_1_494' title='bbox 2093 2890 2217 2946; x_wconf 62' lang='lat' dir='ltr'><strong>Haec</strong></span> <span class='ocrx_word' id='word_1_495' title='bbox 2267 2890 2437 2962; x_wconf 87' lang='lat' dir='ltr'><strong>igitur</strong></span> <span class='ocrx_word' id='word_1_496' title='bbox 2495 2901 2662 2961; x_wconf 87' lang='lat' dir='ltr'><strong>atque</strong></span> <span class='ocrx_word' id='word_1_497' title='bbox 2716 2892 2805 2948; x_wconf 89' lang='lat' dir='ltr'><strong>his</strong></span> <span class='ocrx_word' id='word_1_498' title='bbox 2868 2907 3137 2961; x_wconf 89' lang='lat' dir='ltr'><strong>perquam</strong></span> <span class='ocrx_word' id='word_1_499' title='bbox 3198 2892 3427 2960; x_wconf 82' lang='lat' dir='ltr'><strong>similia,</strong></span> 
     </span>
    </p>
   </div>
   <div class='ocr_carea' id='block_1_74' title="bbox 1844 2982 3430 3054">
    <p class='ocr_par' dir='ltr' id='par_1_74' title="bbox 1844 2982 3430 3054">
     <span class='ocr_line' id='line_1_74' title="bbox 1844 2982 3430 3054; baseline 0.001 -17"><span class='ocrx_word' id='word_1_500' title='bbox 1844 2982 2183 3048; x_wconf 88' lang='lat' dir='ltr'><strong>charissimi,</strong></span> <span class='ocrx_word' id='word_1_501' title='bbox 2212 2986 2257 3038; x_wconf 89' lang='lat' dir='ltr'><strong>si</strong></span> <span class='ocrx_word' id='word_1_502' title='bbox 2300 2982 2754 3053; x_wconf 87' lang='lat' dir='ltr'><strong>expenderimus,</strong></span> <span class='ocrx_word' id='word_1_503' title='bbox 2816 2985 2885 3039; x_wconf 90' lang='lat' dir='ltr'><strong>ad</strong></span> <span class='ocrx_word' id='word_1_504' title='bbox 2939 2985 3430 3054; x_wconf 87' lang='lat' dir='ltr'><strong>compunctionem</strong></span> 
     </span>
    </p>
   </div>
   <div class='ocr_carea' id='block_1_75' title="bbox 1843 3076 3433 3147">
    <p class='ocr_par' dir='ltr' id='par_1_75' title="bbox 1843 3076 3433 3147">
     <span class='ocr_line' id='line_1_75' title="bbox 1843 3076 3433 3147; baseline 0.002 -18"><span class='ocrx_word' id='word_1_505' title='bbox 1843 3076 2038 3146; x_wconf 88' lang='lat' dir='ltr'><strong>utique</strong></span> <span class='ocrx_word' id='word_1_506' title='bbox 2059 3080 2458 3147; x_wconf 83' lang='lat' dir='ltr'><strong>pertingemus,</strong></span> <span class='ocrx_word' id='word_1_507' title='bbox 2484 3092 2696 3146; x_wconf 87' lang='lat' dir='ltr'><strong>nosque</strong></span> <span class='ocrx_word' id='word_1_508' title='bbox 2711 3092 2874 3147; x_wconf 87' lang='lat' dir='ltr'><strong>quam</strong></span> <span class='ocrx_word' id='word_1_509' title='bbox 2917 3076 3174 3132; x_wconf 89' lang='lat' dir='ltr'><strong>ocissime</strong></span> <span class='ocrx_word' id='word_1_510' title='bbox 3199 3076 3433 3147; x_wconf 90' lang='lat' dir='ltr'><strong>recipie-</strong></span> 
     </span>
    </p>
   </div>
   <div class='ocr_carea' id='block_1_76' title="bbox 1843 3167 3431 3237">
    <p class='ocr_par' dir='ltr' id='par_1_76' title="bbox 1843 3167 3431 3237">
     <span class='ocr_line' id='line_1_76' title="bbox 1843 3167 3431 3237; baseline 0 -14"><span class='ocrx_word' id='word_1_511' title='bbox 1843 3184 1967 3223; x_wconf 90' lang='lat' dir='ltr'><strong>mus</strong></span> <span class='ocrx_word' id='word_1_512' title='bbox 1991 3184 2020 3222; x_wconf 89' lang='lat' dir='ltr'><strong>a</strong></span> <span class='ocrx_word' id='word_1_513' title='bbox 2046 3169 2332 3224; x_wconf 81' lang='lat' dir='ltr'><strong>consuetis</strong></span> <span class='ocrx_word' id='word_1_514' title='bbox 2365 3168 2631 3236; x_wconf 82' lang='lat' dir='ltr'><strong>operibus</strong></span> <span class='ocrx_word' id='word_1_515' title='bbox 2690 3167 3001 3237; x_wconf 84' lang='lat' dir='ltr'><strong>improbis;</strong></span> <span class='ocrx_word' id='word_1_516' title='bbox 3033 3167 3123 3222; x_wconf 90' lang='lat' dir='ltr'><strong>die</strong></span> <span class='ocrx_word' id='word_1_517' title='bbox 3172 3183 3236 3223; x_wconf 90' lang='lat' dir='ltr'><strong>ac</strong></span> <span class='ocrx_word' id='word_1_518' title='bbox 3260 3176 3431 3231; x_wconf 81' lang='lat' dir='ltr'><strong>nocte</strong></span> 
     </span>
    </p>
   </div>
   <div class='ocr_carea' id='block_1_77' title="bbox 1843 3259 3427 3330">
    <p class='ocr_par' dir='ltr' id='par_1_77' title="bbox 1843 3259 3427 3330">
     <span class='ocr_line' id='line_1_77' title="bbox 1843 3259 3427 3330; baseline 0.001 -17"><span class='ocrx_word' id='word_1_519' title='bbox 1843 3260 2189 3330; x_wconf 85' lang='lat' dir='ltr'><strong>plorabimus</strong></span> <span class='ocrx_word' id='word_1_520' title='bbox 2216 3260 2270 3315; x_wconf 92' lang='lat' dir='ltr'><strong>in</strong></span> <span class='ocrx_word' id='word_1_521' title='bbox 2299 3269 2600 3329; x_wconf 83' lang='lat' dir='ltr'><strong>conspectu</strong></span> <span class='ocrx_word' id='word_1_522' title='bbox 2628 3259 2845 3314; x_wconf 90' lang='lat' dir='ltr'><strong>Domini</strong></span> <span class='ocrx_word' id='word_1_523' title='bbox 2869 3260 2964 3329; x_wconf 91' lang='lat' dir='ltr'><strong>qui</strong></span> <span class='ocrx_word' id='word_1_524' title='bbox 3009 3259 3141 3315; x_wconf 84' lang='lat' dir='ltr'><strong>fecit</strong></span> <span class='ocrx_word' id='word_1_525' title='bbox 3171 3275 3294 3316; x_wconf 89' lang='lat' dir='ltr'><strong>nos.</strong></span> <span class='ocrx_word' id='word_1_526' title='bbox 3321 3260 3427 3317; x_wconf 88' lang='lat' dir='ltr'><strong>Ubi</strong></span> 
     </span>
    </p>
   </div>
   <div class='ocr_carea' id='block_1_78' title="bbox 1842 3350 3433 3422">
    <p class='ocr_par' dir='ltr' id='par_1_78' title="bbox 1842 3350 3433 3422">
     <span class='ocr_line' id='line_1_78' title="bbox 1842 3350 3433 3422; baseline 0.001 -17"><span class='ocrx_word' id='word_1_527' title='bbox 1842 3351 1989 3405; x_wconf 91' lang='lat' dir='ltr'><strong>enim</strong></span> <span class='ocrx_word' id='word_1_528' title='bbox 2015 3352 2292 3422; x_wconf 66' lang='lat' dir='ltr'><strong>lacrymae,</strong></span> <span class='ocrx_word' id='word_1_529' title='bbox 2335 3351 2411 3405; x_wconf 91' lang='lat' dir='ltr'><strong>ibi</strong></span> <span class='ocrx_word' id='word_1_530' title='bbox 2450 3351 2751 3406; x_wconf 82' lang='lat' dir='ltr'><strong>exorabilis</strong></span> <span class='ocrx_word' id='word_1_531' title='bbox 2781 3351 2876 3405; x_wconf 88' lang='lat' dir='ltr'><strong>Dei</strong></span> <span class='ocrx_word' id='word_1_532' title='bbox 2906 3350 3222 3406; x_wconf 88' lang='lat' dir='ltr'><strong>clementia.</strong></span> <span class='ocrx_word' id='word_1_533' title='bbox 3254 3350 3433 3406; x_wconf 76' lang='lat' dir='ltr'><strong>Mere-</strong></span> 
     </span>
    </p>
   </div>
   <div class='ocr_carea' id='block_1_79' title="bbox 1845 3441 3433 3513">
    <p class='ocr_par' dir='ltr' id='par_1_79' title="bbox 1845 3441 3433 3513">
     <span class='ocr_line' id='line_1_79' title="bbox 1845 3441 3433 3513; baseline 0.001 -18"><span class='ocrx_word' id='word_1_534' title='bbox 1845 3442 1954 3495; x_wconf 79' lang='lat' dir='ltr'><strong>trix</strong></span> <span class='ocrx_word' id='word_1_535' title='bbox 1979 3443 2073 3496; x_wconf 87' lang='lat' dir='ltr'><strong>illa</strong></span> <span class='ocrx_word' id='word_1_536' title='bbox 2101 3442 2365 3513; x_wconf 86' lang='lat' dir='ltr'><strong>Iacrymis</strong></span> <span class='ocrx_word' id='word_1_537' title='bbox 2391 3443 2559 3496; x_wconf 90' lang='lat' dir='ltr'><strong>unius</strong></span> <span class='ocrx_word' id='word_1_538' title='bbox 2591 3442 2743 3497; x_wconf 73' lang='lat' dir='ltr'><strong>hora:</strong></span> <span class='ocrx_word' id='word_1_539' title='bbox 2762 3441 2856 3496; x_wconf 86' lang='lat' dir='ltr'><strong>sed</strong></span> <span class='ocrx_word' id='word_1_540' title='bbox 2888 3442 3255 3511; x_wconf 71' lang='lat' dir='ltr'><strong>praefervidis,</strong></span> <span class='ocrx_word' id='word_1_541' title='bbox 3288 3441 3433 3497; x_wconf 88' lang='lat' dir='ltr'><strong>mul-</strong></span> 
     </span>
    </p>
   </div>
   <div class='ocr_carea' id='block_1_80' title="bbox 1845 3532 3429 3604">
    <p class='ocr_par' dir='ltr' id='par_1_80' title="bbox 1845 3532 3429 3604">
     <span class='ocr_line' id='line_1_80' title="bbox 1845 3532 3429 3604; baseline -0.001 -13"><span class='ocrx_word' id='word_1_542' title='bbox 1845 3544 2028 3592; x_wconf 88' lang='lat' dir='ltr'><strong>torum</strong></span> <span class='ocrx_word' id='word_1_543' title='bbox 2081 3536 2271 3591; x_wconf 88' lang='lat' dir='ltr'><strong>retulit</strong></span> <span class='ocrx_word' id='word_1_544' title='bbox 2321 3535 2706 3589; x_wconf 88' lang='lat' dir='ltr'><strong>remissionem</strong></span> <span class='ocrx_word' id='word_1_545' title='bbox 2767 3533 3110 3588; x_wconf 89' lang='lat' dir='ltr'><strong>debitorum.</strong></span> <span class='ocrx_word' id='word_1_546' title='bbox 3150 3532 3429 3604; x_wconf 66' lang='lat' dir='ltr'><strong>Lacryma</strong></span> 
     </span>
    </p>
   </div>
   <div class='ocr_carea' id='block_1_81' title="bbox 1844 3628 3432 3699">
    <p class='ocr_par' dir='ltr' id='par_1_81' title="bbox 1844 3628 3432 3699">
     <span class='ocr_line' id='line_1_81' title="bbox 1844 3628 3432 3699; baseline -0.001 -16"><span class='ocrx_word' id='word_1_547' title='bbox 1844 3637 2174 3699; x_wconf 71' lang='lat' dir='ltr'><strong>pmsentem</strong></span> <span class='ocrx_word' id='word_1_548' title='bbox 2213 3628 2481 3683; x_wconf 86' lang='lat' dir='ltr'><strong>exhibent</strong></span> <span class='ocrx_word' id='word_1_549' title='bbox 2505 3629 2617 3682; x_wconf 92' lang='lat' dir='ltr'><strong>Deo</strong></span> <span class='ocrx_word' id='word_1_550' title='bbox 2650 3628 2983 3692; x_wconf 89' lang='lat' dir='ltr'><strong>orationem,</strong></span> <span class='ocrx_word' id='word_1_551' title='bbox 3015 3642 3249 3696; x_wconf 86' lang='lat' dir='ltr'><strong>eamque</strong></span> <span class='ocrx_word' id='word_1_552' title='bbox 3307 3641 3432 3697; x_wconf 83' lang='lat' dir='ltr'><strong>gra-</strong></span> 
     </span>
    </p>
   </div>
   <div class='ocr_carea' id='block_1_82' title="bbox 1846 3718 3431 3789">
    <p class='ocr_par' dir='ltr' id='par_1_82' title="bbox 1846 3718 3431 3789">
     <span class='ocr_line' id='line_1_82' title="bbox 1846 3718 3431 3789; baseline -0.003 -12"><span class='ocrx_word' id='word_1_553' title='bbox 1846 3723 2045 3778; x_wconf 86' lang='lat' dir='ltr'><strong>tiosam</strong></span> <span class='ocrx_word' id='word_1_554' title='bbox 2122 3722 2368 3776; x_wconf 85' lang='lat' dir='ltr'><strong>reddunt</strong></span> <span class='ocrx_word' id='word_1_555' title='bbox 2427 3728 2485 3775; x_wconf 91' lang='lat' dir='ltr'><strong>et</strong></span> <span class='ocrx_word' id='word_1_556' title='bbox 2554 3719 2975 3789; x_wconf 85' lang='lat' dir='ltr'><strong>acceptabilem.</strong></span> <span class='ocrx_word' id='word_1_557' title='bbox 3043 3719 3245 3774; x_wconf 83' lang='lat' dir='ltr'><strong>Petrus</strong></span> <span class='ocrx_word' id='word_1_558' title='bbox 3311 3718 3431 3788; x_wconf 85' lang='lat' dir='ltr'><strong>ipse</strong></span> 
     </span>
    </p>
   </div>
   <div class='ocr_carea' id='block_1_83' title="bbox 1845 3810 3432 3884">
    <p class='ocr_par' dir='ltr' id='par_1_83' title="bbox 1845 3810 3432 3884">
     <span class='ocr_line' id='line_1_83' title="bbox 1845 3810 3432 3884; baseline -0.003 -15"><span class='ocrx_word' id='word_1_559' title='bbox 1845 3813 2210 3869; x_wconf 83' lang='lat' dir='ltr'><strong>amarulentis</strong></span> <span class='ocrx_word' id='word_1_560' title='bbox 2236 3813 2625 3884; x_wconf 76' lang='lat' dir='ltr'><strong>lacrymisnna</strong></span> <span class='ocrx_word' id='word_1_561' title='bbox 2664 3812 2798 3866; x_wconf 89' lang='lat' dir='ltr'><strong>hora</strong></span> <span class='ocrx_word' id='word_1_562' title='bbox 2837 3810 3200 3881; x_wconf 73' lang='lat' dir='ltr'><strong>profhsisnon</strong></span> <span class='ocrx_word' id='word_1_563' title='bbox 3232 3824 3432 3880; x_wconf 81' lang='lat' dir='ltr'><strong>pecca-</strong></span> 
     </span>
    </p>
   </div>
   <div class='ocr_carea' id='block_1_84' title="bbox 1846 3900 3433 3975">
    <p class='ocr_par' dir='ltr' id='par_1_84' title="bbox 1846 3900 3433 3975">
     <span class='ocr_line' id='line_1_84' title="bbox 1846 3900 3433 3975; baseline -0.004 -14"><span class='ocrx_word' id='word_1_564' title='bbox 1846 3916 1963 3962; x_wconf 90' lang='lat' dir='ltr'><strong>tum</strong></span> <span class='ocrx_word' id='word_1_565' title='bbox 1989 3906 2153 3961; x_wconf 91' lang='lat' dir='ltr'><strong>modo</strong></span> <span class='ocrx_word' id='word_1_566' title='bbox 2172 3905 2565 3975; x_wconf 46' lang='lat' dir='ltr'><strong>‘abnegationis</strong></span> <span class='ocrx_word' id='word_1_567' title='bbox 2607 3904 2917 3974; x_wconf 89' lang='lat' dir='ltr'><strong>promeruit</strong></span> <span class='ocrx_word' id='word_1_568' title='bbox 2969 3901 3074 3957; x_wconf 88' lang='lat' dir='ltr'><strong>sibi</strong></span> <span class='ocrx_word' id='word_1_569' title='bbox 3110 3900 3433 3963; x_wconf 87' lang='lat' dir='ltr'><strong>condonari.</strong></span> 
     </span>
    </p>
   </div>
   <div class='ocr_carea' id='block_1_85' title="bbox 1847 3993 3437 4067">
    <p class='ocr_par' dir='ltr' id='par_1_85' title="bbox 1847 3993 3437 4067">
     <span class='ocr_line' id='line_1_85' title="bbox 1847 3993 3437 4067; baseline -0.003 -14"><span class='ocrx_word' id='word_1_570' title='bbox 1847 3997 1945 4053; x_wconf 86' lang='lat' dir='ltr'><strong>sed</strong></span> <span class='ocrx_word' id='word_1_571' title='bbox 1974 4005 2033 4053; x_wconf 89' lang='lat' dir='ltr'><strong>et</strong></span> <span class='ocrx_word' id='word_1_572' title='bbox 2062 3998 2119 4051; x_wconf 93' lang='lat' dir='ltr'><strong>in</strong></span> <span class='ocrx_word' id='word_1_573' title='bbox 2142 4013 2335 4052; x_wconf 88' lang='lat' dir='ltr'><strong>earum</strong></span> <span class='ocrx_word' id='word_1_574' title='bbox 2359 3996 2594 4067; x_wconf 85' lang='lat' dir='ltr'><strong>gratiam</strong></span> <span class='ocrx_word' id='word_1_575' title='bbox 2625 3995 2704 4049; x_wconf 91' lang='lat' dir='ltr'><strong>illi</strong></span> <span class='ocrx_word' id='word_1_576' title='bbox 2724 3994 3062 4051; x_wconf 65' lang='lat' dir='ltr'><strong>concreditm</strong></span> <span class='ocrx_word' id='word_1_577' title='bbox 3094 4002 3227 4048; x_wconf 84' lang='lat' dir='ltr'><strong>sunt</strong></span> <span class='ocrx_word' id='word_1_578' title='bbox 3252 3993 3437 4049; x_wconf 83' lang='lat' dir='ltr'><strong>claves</strong></span> 
     </span>
    </p>
   </div>
   <div class='ocr_carea' id='block_1_86' title="bbox 1849 4082 3439 4158">
    <p class='ocr_par' dir='ltr' id='par_1_86' title="bbox 1849 4082 3439 4158">
     <span class='ocr_line' id='line_1_86' title="bbox 1849 4082 3439 4158; baseline -0.004 -14"><span class='ocrx_word' id='word_1_579' title='bbox 1849 4089 2004 4158; x_wconf 85' lang='lat' dir='ltr'><strong>regni</strong></span> <span class='ocrx_word' id='word_1_580' title='bbox 2046 4087 2400 4144; x_wconf 63' lang='lat' dir='ltr'><strong>malorum”.</strong></span> <span class='ocrx_word' id='word_1_581' title='bbox 2435 4086 2688 4141; x_wconf 69' lang='lat' dir='ltr'><strong>Ezechiae</strong></span> <span class='ocrx_word' id='word_1_582' title='bbox 2713 4086 2826 4156; x_wconf 89' lang='lat' dir='ltr'><strong>regi</strong></span> <span class='ocrx_word' id='word_1_583' title='bbox 2855 4085 3083 4147; x_wconf 90' lang='lat' dir='ltr'><strong>eximio,</strong></span> <span class='ocrx_word' id='word_1_584' title='bbox 3122 4082 3275 4154; x_wconf 75' lang='lat' dir='ltr'><strong>quod</strong></span> <span class='ocrx_word' id='word_1_585' title='bbox 3317 4092 3439 4137; x_wconf 87' lang='lat' dir='ltr'><strong>tan-</strong></span> 
     </span>
    </p>
   </div>
   <div class='ocr_carea' id='block_1_87' title="bbox 1848 4170 3437 4248">
    <p class='ocr_par' dir='ltr' id='par_1_87' title="bbox 1848 4170 3437 4248">
     <span class='ocr_line' id='line_1_87' title="bbox 1848 4170 3437 4248; baseline -0.004 -13"><span class='ocrx_word' id='word_1_586' title='bbox 1848 4181 2028 4236; x_wconf 89' lang='lat' dir='ltr'><strong>tillum</strong></span> <span class='ocrx_word' id='word_1_587' title='bbox 2060 4178 2299 4233; x_wconf 85' lang='lat' dir='ltr'><strong>fudisset</strong></span> <span class='ocrx_word' id='word_1_588' title='bbox 2334 4178 2729 4248; x_wconf 86' lang='lat' dir='ltr'><strong>lacrymarum,</strong></span> <span class='ocrx_word' id='word_1_589' title='bbox 2769 4184 3134 4231; x_wconf 84' lang='lat' dir='ltr'><strong>accreverunt</strong></span> <span class='ocrx_word' id='word_1_590' title='bbox 3169 4174 3239 4229; x_wconf 87' lang='lat' dir='ltr'><strong>ad</strong></span> <span class='ocrx_word' id='word_1_591' title='bbox 3278 4170 3437 4229; x_wconf 71' lang='lat' dir='ltr'><strong>illius</strong></span> 
     </span>
    </p>
   </div>
   <div class='ocr_carea' id='block_1_88' title="bbox 1849 4268 3436 4339">
    <p class='ocr_par' dir='ltr' id='par_1_88' title="bbox 1849 4268 3436 4339">
     <span class='ocr_line' id='line_1_88' title="bbox 1849 4268 3436 4339; baseline -0.005 -11"><span class='ocrx_word' id='word_1_592' title='bbox 1849 4273 2024 4328; x_wconf 87' lang='lat' dir='ltr'><strong>vitam</strong></span> <span class='ocrx_word' id='word_1_593' title='bbox 2042 4271 2181 4326; x_wconf 90' lang='lat' dir='ltr'><strong>anni</strong></span> <span class='ocrx_word' id='word_1_594' title='bbox 2220 4270 2469 4339; x_wconf 90' lang='lat' dir='ltr'><strong>quinque</strong></span> <span class='ocrx_word' id='word_1_595' title='bbox 2493 4277 2551 4325; x_wconf 92' lang='lat' dir='ltr'><strong>et</strong></span> <span class='ocrx_word' id='word_1_596' title='bbox 2575 4268 2767 4325; x_wconf 87' lang='lat' dir='ltr'><strong>decem</strong></span> <span class='ocrx_word' id='word_1_597' title='bbox 2805 4269 2854 4320; x_wconf 80' lang='grc'><strong>⁸.</strong></span> <span class='ocrx_word' id='word_1_598' title='bbox 2879 4268 3200 4322; x_wconf 70' lang='lat' dir='ltr'><strong>Rorulenta:</strong></span> <span class='ocrx_word' id='word_1_599' title='bbox 3244 4281 3436 4335; x_wconf 87' lang='lat' dir='ltr'><strong>asper-</strong></span> 
     </span>
    </p>
   </div>
   <div class='ocr_carea' id='block_1_89' title="bbox 1852 4360 3441 4437">
    <p class='ocr_par' dir='ltr' id='par_1_89' title="bbox 1852 4360 3441 4437">
     <span class='ocr_line' id='line_1_89' title="bbox 1852 4360 3441 4437; baseline -0.003 -17"><span class='ocrx_word' id='word_1_600' title='bbox 1852 4366 2010 4437; x_wconf 88' lang='lat' dir='ltr'><strong>gines</strong></span> <span class='ocrx_word' id='word_1_601' title='bbox 2033 4365 2400 4435; x_wconf 88' lang='lat' dir='ltr'><strong>lacrymarum</strong></span> <span class='ocrx_word' id='word_1_602' title='bbox 2437 4372 2501 4417; x_wconf 92' lang='lat' dir='ltr'><strong>ut</strong></span> <span class='ocrx_word' id='word_1_603' title='bbox 2524 4361 2724 4417; x_wconf 89' lang='lat' dir='ltr'><strong>dulcor</strong></span> <span class='ocrx_word' id='word_1_604' title='bbox 2756 4362 2937 4416; x_wconf 90' lang='lat' dir='ltr'><strong>mellis</strong></span> <span class='ocrx_word' id='word_1_605' title='bbox 2954 4371 3086 4416; x_wconf 91' lang='lat' dir='ltr'><strong>sunt</strong></span> <span class='ocrx_word' id='word_1_606' title='bbox 3119 4360 3300 4424; x_wconf 90' lang='lat' dir='ltr'><strong>cordi,</strong></span> <span class='ocrx_word' id='word_1_607' title='bbox 3343 4370 3441 4415; x_wconf 85' lang='lat' dir='ltr'><strong>aut</strong></span> 
     </span>
    </p>
   </div>
   <div class='ocr_carea' id='block_1_90' title="bbox 165 4451 1742 4528">
    <p class='ocr_par' dir='ltr' id='par_1_90' title="bbox 165 4452 1742 4525">
     <span class='ocr_line' id='line_1_90' title="bbox 165 4452 1742 4525; baseline 0.004 -20"><span class='ocrx_word' id='word_1_608' title='bbox 165 4471 323 4525; x_wconf 87' lang='grc' dir='ltr'>μενοι</span> <span class='ocrx_word' id='word_1_609' title='bbox 354 4452 450 4505; x_wconf 84' lang='grc' dir='ltr'>τοῦ</span> <span class='ocrx_word' id='word_1_610' title='bbox 487 4453 695 4506; x_wconf 81' lang='grc' dir='ltr'>σκοποῦ</span> <span class='ocrx_word' id='word_1_611' title='bbox 756 4453 864 4506; x_wconf 89' lang='grc' dir='ltr'><strong>τῶν</strong></span> <span class='ocrx_word' id='word_1_612' title='bbox 895 4453 1167 4522; x_wconf 81' lang='grc' dir='ltr'>δακρύων,</span> <span class='ocrx_word' id='word_1_613' title='bbox 1221 4454 1481 4524; x_wconf 81' lang='grc' dir='ltr'><strong>μανέντες</strong></span> <span class='ocrx_word' id='word_1_614' title='bbox 1518 4455 1742 4521; x_wconf 77' lang='grc' dir='ltr'>ἐξεπλά-</span> 
     </span>
    </p>
   </div>
   <div class='ocr_carea' id='block_1_91' title="bbox 1843 4451 3441 4528">
    <p class='ocr_par' dir='ltr' id='par_1_91' title="bbox 1853 4451 3441 4528">
     <span class='ocr_line' id='line_1_91' title="bbox 1853 4451 3441 4528; baseline -0.005 -15"><span class='ocrx_word' id='word_1_615' title='bbox 1853 4474 2021 4513; x_wconf 88' lang='lat' dir='ltr'><strong>suave</strong></span> <span class='ocrx_word' id='word_1_616' title='bbox 2047 4458 2300 4528; x_wconf 79' lang='lat' dir='ltr'><strong>fragrans</strong></span> <span class='ocrx_word' id='word_1_617' title='bbox 2327 4455 2624 4527; x_wconf 85' lang='lat' dir='ltr'><strong>thymiama</strong></span> <span class='ocrx_word' id='word_1_618' title='bbox 2651 4453 2796 4524; x_wconf 90' lang='lat' dir='ltr'><strong>apud</strong></span> <span class='ocrx_word' id='word_1_619' title='bbox 2833 4454 3025 4508; x_wconf 90' lang='lat' dir='ltr'><strong>Deum.</strong></span> <span class='ocrx_word' id='word_1_620' title='bbox 3055 4451 3441 4507; x_wconf 84' lang='lat' dir='ltr'><strong>Omnimodam</strong></span> 
     </span>
    </p>
   </div>
   <div class='ocr_carea' id='block_1_92' title="bbox 161 4546 1749 4620">
    <p class='ocr_par' dir='ltr' id='par_1_92' title="bbox 161 4546 1749 4620">
     <span class='ocr_line' id='line_1_92' title="bbox 161 4546 1749 4620; baseline 0.004 -20"><span class='ocrx_word' id='word_1_621' title='bbox 161 4565 364 4616; x_wconf 79' lang='grc' dir='ltr'>γησαν.</span> <span class='ocrx_word' id='word_1_622' title='bbox 412 4547 537 4601; x_wconf 86' lang='grc' dir='ltr'>Ἐὰν</span> <span class='ocrx_word' id='word_1_623' title='bbox 556 4547 628 4612; x_wconf 85' lang='grc' dir='ltr'>,δέ</span> <span class='ocrx_word' id='word_1_624' title='bbox 674 4565 758 4611; x_wconf 81' lang='grc' dir='ltr'>τις</span> <span class='ocrx_word' id='word_1_625' title='bbox 782 4546 995 4600; x_wconf 88' lang='grc' dir='ltr'>τελείαν</span> <span class='ocrx_word' id='word_1_626' title='bbox 1020 4548 1311 4614; x_wconf 78' lang='grc' dir='ltr'>κατανυξιν</span> <span class='ocrx_word' id='word_1_627' title='bbox 1341 4549 1625 4620; x_wconf 82' lang='grc' dir='ltr'>κέκτηται,</span> <span class='ocrx_word' id='word_1_628' title='bbox 1661 4554 1749 4606; x_wconf 80' lang='grc' dir='ltr'><strong>αἱ-</strong></span> 
     </span>
    </p>
   </div>
   <div class='ocr_carea' id='block_1_93' title="bbox 164 4639 1750 4714">
    <p class='ocr_par' dir='ltr' id='par_1_93' title="bbox 164 4639 1750 4714">
     <span class='ocr_line' id='line_1_93' title="bbox 164 4639 1750 4714; baseline 0.001 -20"><span class='ocrx_word' id='word_1_629' title='bbox 164 4642 425 4695; x_wconf 76' lang='grc' dir='ltr'>σθάνεται</span> <span class='ocrx_word' id='word_1_630' title='bbox 453 4639 645 4694; x_wconf 77' lang='grc' dir='ltr'>ἑαυτὸν</span> <span class='ocrx_word' id='word_1_631' title='bbox 682 4642 831 4712; x_wconf 73' lang='grc' dir='ltr'>παρὰ</span> <span class='ocrx_word' id='word_1_632' title='bbox 887 4640 980 4693; x_wconf 84' lang='grc' dir='ltr'><strong>τοῦ</strong></span> <span class='ocrx_word' id='word_1_633' title='bbox 1032 4641 1199 4710; x_wconf 78' lang='grc' dir='ltr'>ἄρτου</span> <span class='ocrx_word' id='word_1_634' title='bbox 1223 4640 1324 4710; x_wconf 84' lang='grc' dir='ltr'><strong>τῆς</strong></span> <span class='ocrx_word' id='word_1_635' title='bbox 1346 4641 1510 4713; x_wconf 78' lang='grc' dir='ltr'>ζωῆς,</span> <span class='ocrx_word' id='word_1_636' title='bbox 1542 4643 1750 4714; x_wconf 76' lang='grc' dir='ltr'>τροφὴν</span> 
     </span>
    </p>
   </div>
   <div class='ocr_carea' id='block_1_94' title="bbox 160 4730 1754 4804">
    <p class='ocr_par' dir='ltr' id='par_1_94' title="bbox 160 4730 1754 4804">
     <span class='ocr_line' id='line_1_94' title="bbox 160 4730 1754 4804; baseline 0.002 -19"><span class='ocrx_word' id='word_1_637' title='bbox 160 4732 455 4803; x_wconf 72' lang='grc' dir='ltr'>δεχόμενον</span> <span class='ocrx_word' id='word_1_638' title='bbox 495 4731 911 4802; x_wconf 81' lang='grc' dir='ltr'><strong>πνευματικὴν,</strong></span> <span class='ocrx_word' id='word_1_639' title='bbox 955 4732 1165 4802; x_wconf 81' lang='grc' dir='ltr'>τροφὴν</span> <span class='ocrx_word' id='word_1_640' title='bbox 1201 4730 1295 4784; x_wconf 83' lang='grc' dir='ltr'>τοῦ</span> <span class='ocrx_word' id='word_1_641' title='bbox 1328 4733 1631 4804; x_wconf 84' lang='grc' dir='ltr'>κρείττονος</span> <span class='ocrx_word' id='word_1_642' title='bbox 1657 4734 1754 4803; x_wconf 83' lang='grc' dir='ltr'>φό-</span> 
     </span>
    </p>
   </div>
   <div class='ocr_carea' id='block_1_95' title="bbox 164 4821 1753 4899">
    <p class='ocr_par' dir='ltr' id='par_1_95' title="bbox 164 4821 1753 4899">
     <span class='ocr_line' id='line_1_95' title="bbox 164 4821 1753 4899; baseline 0.003 -24"><span class='ocrx_word' id='word_1_643' title='bbox 164 4825 288 4884; x_wconf 81' lang='grc' dir='ltr'>ϐου,</span> <span class='ocrx_word' id='word_1_644' title='bbox 321 4821 529 4893; x_wconf 69' lang='grc' dir='ltr'>τροφὴν</span> <span class='ocrx_word' id='word_1_645' title='bbox 560 4822 725 4875; x_wconf 83' lang='grc' dir='ltr'>πόθου</span> <span class='ocrx_word' id='word_1_646' title='bbox 760 4823 1103 4893; x_wconf 79' lang='grc' dir='ltr'>ἐπουρανίου,</span> <span class='ocrx_word' id='word_1_647' title='bbox 1150 4824 1244 4876; x_wconf 63' lang='grc' dir='ltr'><strong>καὶ⁷</strong></span> <span class='ocrx_word' id='word_1_648' title='bbox 1275 4825 1580 4895; x_wconf 61' lang='grc' dir='ltr'>στεναγμοῦ</span> <span class='ocrx_word' id='word_1_649' title='bbox 1610 4842 1753 4899; x_wconf 82' lang='grc' dir='ltr'>παρ-</span> 
     </span>
    </p>
   </div>
   <div class='ocr_carea' id='block_1_96' title="bbox 162 4908 1755 4983">
    <p class='ocr_par' dir='ltr' id='par_1_96' title="bbox 162 4908 1755 4983">
     <span class='ocr_line' id='line_1_96' title="bbox 162 4908 1755 4983; baseline 0.006 -23"><span class='ocrx_word' id='word_1_650' title='bbox 162 4909 399 4979; x_wconf 80' lang='grc' dir='ltr'>ηγορίας</span> <span class='ocrx_word' id='word_1_651' title='bbox 428 4908 520 4962; x_wconf 76' lang='grc' dir='ltr'><strong>καὶ</strong></span> <span class='ocrx_word' id='word_1_652' title='bbox 553 4909 914 4976; x_wconf 78' lang='grc' dir='ltr'>κατανύξεως.</span> <span class='ocrx_word' id='word_1_653' title='bbox 952 4912 1043 4963; x_wconf 76' lang='grc' dir='ltr'><strong>καὶ</strong></span> <span class='ocrx_word' id='word_1_654' title='bbox 1066 4911 1354 4983; x_wconf 83' lang='grc' dir='ltr'><strong>μελῳδίας,</strong></span> <span class='ocrx_word' id='word_1_655' title='bbox 1386 4914 1478 4967; x_wconf 76' lang='grc' dir='ltr'>καὶ</span> <span class='ocrx_word' id='word_1_656' title='bbox 1499 4913 1755 4983; x_wconf 81' lang='grc' dir='ltr'>γνώσεως</span> 
     </span>
    </p>
   </div>
   <div class='ocr_carea' id='block_1_97' title="bbox 168 5003 1752 5079">
    <p class='ocr_par' dir='ltr' id='par_1_97' title="bbox 168 5003 1752 5079">
     <span class='ocr_line' id='line_1_97' title="bbox 168 5003 1752 5079; baseline 0.005 -22"><span class='ocrx_word' id='word_1_657' title='bbox 168 5004 497 5075; x_wconf 81' lang='grc' dir='ltr'><strong>βαθυτέρας,</strong></span> <span class='ocrx_word' id='word_1_658' title='bbox 534 5004 628 5058; x_wconf 73' lang='grc' dir='ltr'>καὶ</span> <span class='ocrx_word' id='word_1_659' title='bbox 658 5003 817 5057; x_wconf 85' lang='grc' dir='ltr'>θείων</span> <span class='ocrx_word' id='word_1_660' title='bbox 843 5004 1003 5058; x_wconf 85' lang='grc' dir='ltr'>τινῶν</span> <span class='ocrx_word' id='word_1_661' title='bbox 1040 5008 1378 5079; x_wconf 81' lang='grc' dir='ltr'>μυστηρίων.</span> <span class='ocrx_word' id='word_1_662' title='bbox 1424 5008 1488 5062; x_wconf 84' lang='grc' dir='ltr'>Ἡ</span> <span class='ocrx_word' id='word_1_663' title='bbox 1518 5010 1752 5065; x_wconf 81' lang='grc' dir='ltr'>κατάνυο</span> 
     </span>
    </p>
   </div>
   <div class='ocr_carea' id='block_1_98' title="bbox 169 5094 1757 5168">
    <p class='ocr_par' dir='ltr' id='par_1_98' title="bbox 169 5094 1757 5168">
     <span class='ocr_line' id='line_1_98' title="bbox 169 5094 1757 5168; baseline 0.002 -22"><span class='ocrx_word' id='word_1_664' title='bbox 169 5094 255 5168; x_wconf 54' lang='grc' dir='ltr'><strong>ξιξ</strong></span> <span class='ocrx_word' id='word_1_665' title='bbox 288 5094 630 5163; x_wconf 81' lang='grc' dir='ltr'>δακρυώδους</span> <span class='ocrx_word' id='word_1_666' title='bbox 661 5095 812 5156; x_wconf 76' lang='grc' dir='ltr'>τινὰς</span> <span class='ocrx_word' id='word_1_667' title='bbox 842 5095 935 5146; x_wconf 79' lang='grc' dir='ltr'>καὶ</span> <span class='ocrx_word' id='word_1_668' title='bbox 949 5095 1145 5163; x_wconf 75' lang='grc' dir='ltr'>ἠπίους</span> <span class='ocrx_word' id='word_1_669' title='bbox 1173 5095 1385 5161; x_wconf 75' lang='grc' dir='ltr'>ἐννοίας</span> <span class='ocrx_word' id='word_1_670' title='bbox 1406 5097 1506 5168; x_wconf 85' lang='grc' dir='ltr'><strong>τὴν</strong></span> <span class='ocrx_word' id='word_1_671' title='bbox 1529 5098 1757 5168; x_wconf 84' lang='grc' dir='ltr'>καρδίαν</span> 
     </span>
    </p>
   </div>
   <div class='ocr_carea' id='block_1_99' title="bbox 169 5164 1757 5258">
    <p class='ocr_par' dir='ltr' id='par_1_99' title="bbox 169 5164 1757 5258">
     <span class='ocr_line' id='line_1_99' title="bbox 169 5164 1757 5258; baseline 0.002 -17"><span class='ocrx_word' id='word_1_672' title='bbox 169 5164 586 5258; x_wconf 69' lang='grc' dir='ltr'><strong>παρασκευάζει</strong></span> <span class='ocrx_word' id='word_1_673' title='bbox 622 5187 807 5256; x_wconf 75' lang='grc' dir='ltr'>φέρειν</span> <span class='ocrx_word' id='word_1_674' title='bbox 838 5202 851 5215; x_wconf 88' lang='grc'><strong>·</strong></span> <span class='ocrx_word' id='word_1_675' title='bbox 888 5185 1011 5239; x_wconf 80' lang='grc' dir='ltr'>ὅθεν</span> <span class='ocrx_word' id='word_1_676' title='bbox 1078 5186 1248 5251; x_wconf 73' lang='grc' dir='ltr'>ὅντως</span> <span class='ocrx_word' id='word_1_677' title='bbox 1291 5188 1439 5243; x_wconf 84' lang='grc' dir='ltr'>ἐστιν</span> <span class='ocrx_word' id='word_1_678' title='bbox 1507 5189 1636 5243; x_wconf 76' lang='grc' dir='ltr'>ἰδεῖν</span> <span class='ocrx_word' id='word_1_679' title='bbox 1694 5190 1757 5244; x_wconf 73' lang='grc' dir='ltr'><strong>τὰ</strong></span> 
     </span>
    </p>
   </div>
   <div class='ocr_carea' id='block_1_100' title="bbox 168 5276 1758 5352">
    <p class='ocr_par' dir='ltr' id='par_1_100' title="bbox 168 5276 1758 5352">
     <span class='ocr_line' id='line_1_100' title="bbox 168 5276 1758 5352; baseline 0.003 -21"><span class='ocrx_word' id='word_1_680' title='bbox 168 5278 470 5348; x_wconf 81' lang='grc' dir='ltr'>σπέρματα</span> <span class='ocrx_word' id='word_1_681' title='bbox 523 5278 620 5347; x_wconf 72' lang='grc' dir='ltr'><strong>τῆς</strong></span> <span class='ocrx_word' id='word_1_682' title='bbox 681 5276 847 5347; x_wconf 47' lang='grc' dir='ltr'>εὐχῆς</span> <span class='ocrx_word' id='word_1_683' title='bbox 904 5276 1043 5345; x_wconf 74' lang='grc' dir='ltr'>μετὰ</span> <span class='ocrx_word' id='word_1_684' title='bbox 1085 5276 1336 5348; x_wconf 81' lang='grc' dir='ltr'>δακρύων</span> <span class='ocrx_word' id='word_1_685' title='bbox 1366 5280 1424 5331; x_wconf 88' lang='grc' dir='ltr'><strong>ἐν</strong></span> <span class='ocrx_word' id='word_1_686' title='bbox 1457 5282 1524 5351; x_wconf 71' lang='grc' dir='ltr'><strong>τῇ</strong></span> <span class='ocrx_word' id='word_1_687' title='bbox 1557 5283 1627 5352; x_wconf 78' lang='grc' dir='ltr'><strong>γῇ</strong></span> <span class='ocrx_word' id='word_1_688' title='bbox 1657 5284 1758 5352; x_wconf 79' lang='grc' dir='ltr'><strong>τῆς</strong></span> 
     </span>
    </p>
   </div>
   <div class='ocr_carea' id='block_1_101' title="bbox 169 5368 1761 5443">
    <p class='ocr_par' dir='ltr' id='par_1_101' title="bbox 169 5368 1761 5443">
     <span class='ocr_line' id='line_1_101' title="bbox 169 5368 1761 5443; baseline 0.001 -18"><span class='ocrx_word' id='word_1_689' title='bbox 169 5371 402 5443; x_wconf 82' lang='grc' dir='ltr'>καρδίας</span> <span class='ocrx_word' id='word_1_690' title='bbox 444 5370 841 5440; x_wconf 78' lang='grc' dir='ltr'>ὲνσπειρόμενα</span> <span class='ocrx_word' id='word_1_691' title='bbox 894 5368 982 5422; x_wconf 79' lang='grc' dir='ltr'>δια</span> <span class='ocrx_word' id='word_1_692' title='bbox 1025 5370 1124 5439; x_wconf 80' lang='grc' dir='ltr'>τὴν</span> <span class='ocrx_word' id='word_1_693' title='bbox 1174 5369 1364 5424; x_wconf 84' lang='grc' dir='ltr'>ἐλπίδα</span> <span class='ocrx_word' id='word_1_694' title='bbox 1394 5372 1494 5441; x_wconf 84' lang='grc' dir='ltr'><strong>τῆς</strong></span> <span class='ocrx_word' id='word_1_695' title='bbox 1527 5373 1620 5427; x_wconf 80' lang='grc' dir='ltr'><strong>τοῦ</strong></span> <span class='ocrx_word' id='word_1_696' title='bbox 1669 5374 1761 5426; x_wconf 87' lang='grc' dir='ltr'>θε-</span> 
     </span>
    </p>
   </div>
   <div class='ocr_carea' id='block_1_102' title="bbox 173 5460 1763 5537">
    <p class='ocr_par' dir='ltr' id='par_1_102' title="bbox 173 5460 1763 5537">
     <span class='ocr_line' id='line_1_102' title="bbox 173 5460 1763 5537; baseline 0.027 -41"><span class='ocrx_word' id='word_1_697' title='bbox 173 5462 374 5533; x_wconf 59' lang='grc' dir='ltr'>ρισμοῦ</span> <span class='ocrx_word' id='word_1_698' title='bbox 405 5464 603 5533; x_wconf 73' lang='grc' dir='ltr'>χαρᾶς,</span> <span class='ocrx_word' id='word_1_699' title='bbox 646 5463 709 5515; x_wconf 86' lang='grc' dir='ltr'>Ἡ</span> <span class='ocrx_word' id='word_1_700' title='bbox 756 5461 895 5532; x_wconf 78' lang='grc' dir='ltr'><strong>μετᾶ</strong></span> <span class='ocrx_word' id='word_1_701' title='bbox 922 5460 1270 5527; x_wconf 77' lang='grc' dir='ltr'>κατανύξεως</span> <span class='ocrx_word' id='word_1_702' title='bbox 1322 5464 1416 5518; x_wconf 64' lang='grc' dir='ltr'><strong>καὶ</strong></span> <span class='ocrx_word' id='word_1_703' title='bbox 1450 5470 1763 5537; x_wconf 66' lang='grc' dir='ltr'><strong>πρεσευλῆεῗ</strong></span> 
     </span>
    </p>
   </div>
   <div class='ocr_carea' id='block_1_103' title="bbox 1850 4542 3445 4622">
    <p class='ocr_par' dir='ltr' id='par_1_103' title="bbox 1850 4542 3445 4622">
     <span class='ocr_line' id='line_1_103' title="bbox 1850 4542 3445 4622; baseline -0.006 -16"><span class='ocrx_word' id='word_1_704' title='bbox 1850 4552 2024 4622; x_wconf 87' lang='lat' dir='ltr'><strong>igitur</strong></span> <span class='ocrx_word' id='word_1_705' title='bbox 2049 4560 2179 4605; x_wconf 90' lang='lat' dir='ltr'><strong>ante</strong></span> <span class='ocrx_word' id='word_1_706' title='bbox 2196 4549 2519 4619; x_wconf 84' lang='lat' dir='ltr'><strong>petitionem</strong></span> <span class='ocrx_word' id='word_1_707' title='bbox 2544 4562 2774 4603; x_wconf 87' lang='lat' dir='ltr'><strong>necesse</strong></span> <span class='ocrx_word' id='word_1_708' title='bbox 2791 4545 2867 4602; x_wconf 85' lang='lat' dir='ltr'><strong>sit</strong></span> <span class='ocrx_word' id='word_1_709' title='bbox 2887 4546 3250 4616; x_wconf 80' lang='lat' dir='ltr'><strong>lacrymarum</strong></span> <span class='ocrx_word' id='word_1_710' title='bbox 3270 4542 3445 4599; x_wconf 81' lang='lat' dir='ltr'><strong>utaris</strong></span> 
     </span>
    </p>
   </div>
   <div class='ocr_carea' id='block_1_104' title="bbox 1852 4636 3445 4719">
    <p class='ocr_par' dir='ltr' id='par_1_104' title="bbox 1852 4636 3445 4719">
     <span class='ocr_line' id='line_1_104' title="bbox 1852 4636 3445 4719; baseline -0.006 -20"><span class='ocrx_word' id='word_1_711' title='bbox 1852 4643 2137 4715; x_wconf 63' lang='lat' dir='ltr'><strong>prasidio.</strong></span> <span class='ocrx_word' id='word_1_712' title='bbox 2172 4642 2239 4697; x_wconf 83' lang='lat' dir='ltr'><strong>ad</strong></span> <span class='ocrx_word' id='word_1_713' title='bbox 2280 4641 2409 4695; x_wconf 68' lang='lat' dir='ltr'><strong>vitae</strong></span> <span class='ocrx_word' id='word_1_714' title='bbox 2453 4638 2815 4719; x_wconf 85' lang='lat' dir='ltr'><strong>obtinendam</strong></span> <span class='ocrx_word' id='word_1_715' title='bbox 2854 4638 3282 4694; x_wconf 87' lang='lat' dir='ltr'><strong>correctionem.</strong></span> <span class='ocrx_word' id='word_1_716' title='bbox 3320 4636 3445 4705; x_wconf 89' lang='lat' dir='ltr'><strong>Ipse</strong></span> 
     </span>
    </p>
   </div>
   <div class='ocr_carea' id='block_1_105' title="bbox 1854 4724 3443 4797">
    <p class='ocr_par' dir='ltr' id='par_1_105' title="bbox 1854 4724 3443 4797">
     <span class='ocr_line' id='line_1_105' title="bbox 1854 4724 3443 4797; baseline -0.006 -9"><span class='ocrx_word' id='word_1_717' title='bbox 1854 4734 2005 4788; x_wconf 91' lang='lat' dir='ltr'><strong>enim</strong></span> <span class='ocrx_word' id='word_1_718' title='bbox 2068 4731 2340 4788; x_wconf 90' lang='lat' dir='ltr'><strong>Dominus</strong></span> <span class='ocrx_word' id='word_1_719' title='bbox 2388 4734 2581 4784; x_wconf 82' lang='lat' dir='ltr'><strong>noster</strong></span> <span class='ocrx_word' id='word_1_720' title='bbox 2637 4743 2991 4797; x_wconf 87' lang='lat' dir='ltr'><strong>summopere</strong></span> <span class='ocrx_word' id='word_1_721' title='bbox 3058 4727 3261 4796; x_wconf 90' lang='lat' dir='ltr'><strong>gaudet</strong></span> <span class='ocrx_word' id='word_1_722' title='bbox 3311 4724 3443 4779; x_wconf 88' lang='lat' dir='ltr'><strong>dum</strong></span> 
     </span>
    </p>
   </div>
   <div class='ocr_carea' id='block_1_106' title="bbox 1855 4817 3443 4892">
    <p class='ocr_par' dir='ltr' id='par_1_106' title="bbox 1855 4817 3443 4892">
     <span class='ocr_line' id='line_1_106' title="bbox 1855 4817 3443 4892; baseline -0.007 -12"><span class='ocrx_word' id='word_1_723' title='bbox 1855 4824 2169 4880; x_wconf 85' lang='lat' dir='ltr'><strong>orationem</strong></span> <span class='ocrx_word' id='word_1_724' title='bbox 2188 4821 2395 4892; x_wconf 88' lang='lat' dir='ltr'><strong>excipit</strong></span> <span class='ocrx_word' id='word_1_725' title='bbox 2425 4835 2590 4890; x_wconf 88' lang='lat' dir='ltr'><strong>quam</strong></span> <span class='ocrx_word' id='word_1_726' title='bbox 2631 4819 2884 4889; x_wconf 61' lang='lat' dir='ltr'><strong>lacryma:</strong></span> <span class='ocrx_word' id='word_1_727' title='bbox 2944 4817 3283 4872; x_wconf 88' lang='lat' dir='ltr'><strong>comitantur</strong></span> <span class='ocrx_word' id='word_1_728' title='bbox 3315 4829 3443 4870; x_wconf 86' lang='lat' dir='ltr'><strong>cum</strong></span> 
     </span>
    </p>
   </div>
   <div class='ocr_carea' id='block_1_107' title="bbox 1859 4906 3446 4983">
    <p class='ocr_par' dir='ltr' id='par_1_107' title="bbox 1859 4906 3446 4983">
     <span class='ocr_line' id='line_1_107' title="bbox 1859 4906 3446 4983; baseline -0.008 -11"><span class='ocrx_word' id='word_1_729' title='bbox 1859 4917 2058 4972; x_wconf 92' lang='lat' dir='ltr'><strong>humili</strong></span> <span class='ocrx_word' id='word_1_730' title='bbox 2095 4915 2286 4979; x_wconf 88' lang='lat' dir='ltr'><strong>corde,</strong></span> <span class='ocrx_word' id='word_1_731' title='bbox 2314 4913 2529 4983; x_wconf 71' lang='lat'><strong>1200</strong></span> <span class='ocrx_word' id='word_1_732' title='bbox 2558 4926 2661 4966; x_wconf 92' lang='lat' dir='ltr'><strong>nec</strong></span> <span class='ocrx_word' id='word_1_733' title='bbox 2689 4910 2804 4965; x_wconf 92' lang='lat' dir='ltr'><strong>ullo</strong></span> <span class='ocrx_word' id='word_1_734' title='bbox 2850 4917 3012 4979; x_wconf 90' lang='lat' dir='ltr'><strong>pacto</strong></span> <span class='ocrx_word' id='word_1_735' title='bbox 3061 4924 3121 4962; x_wconf 89' lang='lat' dir='ltr'><strong>se</strong></span> <span class='ocrx_word' id='word_1_736' title='bbox 3174 4906 3446 4961; x_wconf 80' lang='lat' dir='ltr'><strong>eﬂ&#39;erente</strong></span> 
     </span>
    </p>
   </div>
   <div class='ocr_carea' id='block_1_108' title="bbox 1860 4998 3445 5078">
    <p class='ocr_par' dir='ltr' id='par_1_108' title="bbox 1860 4998 3445 5078">
     <span class='ocr_line' id='line_1_108' title="bbox 1860 4998 3445 5078; baseline -0.007 -16"><span class='ocrx_word' id='word_1_737' title='bbox 1860 5008 2021 5078; x_wconf 88' lang='lat' dir='ltr'><strong>quasi</strong></span> <span class='ocrx_word' id='word_1_738' title='bbox 2053 5016 2259 5077; x_wconf 62' lang='lat' dir='ltr'><strong>praeter</strong></span> <span class='ocrx_word' id='word_1_739' title='bbox 2283 5006 2491 5059; x_wconf 90' lang='lat' dir='ltr'><strong>multos</strong></span> <span class='ocrx_word' id='word_1_740' title='bbox 2516 5002 2612 5073; x_wconf 90' lang='lat' dir='ltr'><strong>qui</strong></span> <span class='ocrx_word' id='word_1_741' title='bbox 2651 5002 2800 5056; x_wconf 87' lang='lat' dir='ltr'><strong>inter</strong></span> <span class='ocrx_word' id='word_1_742' title='bbox 2824 5015 2929 5054; x_wconf 90' lang='lat' dir='ltr'><strong>nos</strong></span> <span class='ocrx_word' id='word_1_743' title='bbox 2962 5008 3129 5055; x_wconf 88' lang='lat' dir='ltr'><strong>sunt:</strong></span> <span class='ocrx_word' id='word_1_744' title='bbox 3179 5012 3243 5052; x_wconf 89' lang='lat' dir='ltr'><strong>ea</strong></span> <span class='ocrx_word' id='word_1_745' title='bbox 3295 4998 3445 5052; x_wconf 90' lang='lat' dir='ltr'><strong>enim</strong></span> 
     </span>
    </p>
   </div>
   <div class='ocr_carea' id='block_1_109' title="bbox 1860 5085 3446 5167">
    <p class='ocr_par' dir='ltr' id='par_1_109' title="bbox 1860 5085 3446 5167">
     <span class='ocr_line' id='line_1_109' title="bbox 1860 5085 3446 5167; baseline -0.008 -14"><span class='ocrx_word' id='word_1_746' title='bbox 1860 5098 2030 5152; x_wconf 84' lang='lat' dir='ltr'><strong>animi</strong></span> <span class='ocrx_word' id='word_1_747' title='bbox 2060 5097 2302 5167; x_wconf 85' lang='lat' dir='ltr'><strong>exigitur</strong></span> <span class='ocrx_word' id='word_1_748' title='bbox 2323 5092 2617 5157; x_wconf 86' lang='lat' dir='ltr'><strong>modestia,</strong></span> <span class='ocrx_word' id='word_1_749' title='bbox 2639 5098 2701 5145; x_wconf 91' lang='lat' dir='ltr'><strong>ut</strong></span> <span class='ocrx_word' id='word_1_750' title='bbox 2732 5106 2802 5145; x_wconf 88' lang='lat' dir='ltr'><strong>ne</strong></span> <span class='ocrx_word' id='word_1_751' title='bbox 2833 5097 2986 5143; x_wconf 87' lang='lat' dir='ltr'><strong>tanto</strong></span> <span class='ocrx_word' id='word_1_752' title='bbox 3012 5086 3253 5156; x_wconf 90' lang='lat' dir='ltr'><strong>amplius</strong></span> <span class='ocrx_word' id='word_1_753' title='bbox 3275 5085 3446 5156; x_wconf 53' lang='lat' dir='ltr'><strong>largi.</strong></span> 
     </span>
    </p>
   </div>
   <div class='ocr_carea' id='block_1_110' title="bbox 1862 5178 3450 5257">
    <p class='ocr_par' dir='ltr' id='par_1_110' title="bbox 1862 5178 3450 5257">
     <span class='ocr_line' id='line_1_110' title="bbox 1862 5178 3450 5257; baseline -0.008 -13"><span class='ocrx_word' id='word_1_754' title='bbox 1862 5198 2039 5246; x_wconf 88' lang='lat' dir='ltr'><strong>torem</strong></span> <span class='ocrx_word' id='word_1_755' title='bbox 2080 5188 2244 5243; x_wconf 87' lang='lat' dir='ltr'><strong>istius</strong></span> <span class='ocrx_word' id='word_1_756' title='bbox 2265 5187 2455 5257; x_wconf 72' lang='lat' dir='ltr'><strong>gratiae</strong></span> <span class='ocrx_word' id='word_1_757' title='bbox 2477 5183 2895 5241; x_wconf 81' lang='lat' dir='ltr'><strong>exacerbemns.</strong></span> <span class='ocrx_word' id='word_1_758' title='bbox 2915 5180 3056 5235; x_wconf 88' lang='lat' dir='ltr'><strong>Sunt</strong></span> <span class='ocrx_word' id='word_1_759' title='bbox 3091 5179 3239 5233; x_wconf 89' lang='lat' dir='ltr'><strong>enim</strong></span> <span class='ocrx_word' id='word_1_760' title='bbox 3278 5178 3450 5251; x_wconf 82' lang='lat' dir='ltr'><strong>pleri-</strong></span> 
     </span>
    </p>
   </div>
   <div class='ocr_carea' id='block_1_111' title="bbox 1863 5268 3448 5352">
    <p class='ocr_par' dir='ltr' id='par_1_111' title="bbox 1863 5268 3448 5352">
     <span class='ocr_line' id='line_1_111' title="bbox 1863 5268 3448 5352; baseline -0.007 -16"><span class='ocrx_word' id='word_1_761' title='bbox 1863 5297 1973 5352; x_wconf 87' lang='lat' dir='ltr'><strong>que</strong></span> <span class='ocrx_word' id='word_1_762' title='bbox 2011 5297 2113 5350; x_wconf 90' lang='lat' dir='ltr'><strong>pro</strong></span> <span class='ocrx_word' id='word_1_763' title='bbox 2142 5288 2385 5349; x_wconf 77' lang='lat' dir='ltr'><strong>peccatis</strong></span> <span class='ocrx_word' id='word_1_764' title='bbox 2412 5277 2841 5347; x_wconf 65' lang='lat' dir='ltr'><strong>illacrymantcs,</strong></span> <span class='ocrx_word' id='word_1_765' title='bbox 2880 5269 3242 5341; x_wconf 88' lang='lat' dir='ltr'><strong>quosalioqui</strong></span> <span class='ocrx_word' id='word_1_766' title='bbox 3287 5268 3448 5340; x_wconf 87' lang='lat' dir='ltr'><strong>fugit.</strong></span> 
     </span>
    </p>
   </div>
   <div class='ocr_carea' id='block_1_112' title="bbox 1864 5362 3449 5443">
    <p class='ocr_par' dir='ltr' id='par_1_112' title="bbox 1864 5362 3449 5443">
     <span class='ocr_line' id='line_1_112' title="bbox 1864 5362 3449 5443; baseline -0.009 -16"><span class='ocrx_word' id='word_1_767' title='bbox 1864 5374 1960 5443; x_wconf 89' lang='lat' dir='ltr'><strong>qui</strong></span> <span class='ocrx_word' id='word_1_768' title='bbox 2014 5373 2085 5427; x_wconf 89' lang='lat' dir='ltr'><strong>sit</strong></span> <span class='ocrx_word' id='word_1_769' title='bbox 2139 5385 2341 5439; x_wconf 91' lang='lat' dir='ltr'><strong>scopus</strong></span> <span class='ocrx_word' id='word_1_770' title='bbox 2398 5369 2789 5438; x_wconf 66' lang='lat' dir='ltr'><strong>lacrymaruin.</strong></span> <span class='ocrx_word' id='word_1_771' title='bbox 2852 5363 2920 5419; x_wconf 87' lang='lat' dir='ltr'><strong>Hi</strong></span> <span class='ocrx_word' id='word_1_772' title='bbox 2958 5363 3173 5418; x_wconf 89' lang='lat' dir='ltr'><strong>insania</strong></span> <span class='ocrx_word' id='word_1_773' title='bbox 3231 5362 3449 5431; x_wconf 84' lang='lat' dir='ltr'><strong>perciti,</strong></span> 
     </span>
    </p>
   </div>
   <div class='ocr_carea' id='block_1_113' title="bbox 1865 5452 3455 5524">
    <p class='ocr_par' dir='ltr' id='par_1_113' title="bbox 1865 5452 3455 5524">
     <span class='ocr_line' id='line_1_113' title="bbox 1865 5452 3455 5524; baseline -0.008 -5"><span class='ocrx_word' id='word_1_774' title='bbox 1865 5465 2089 5520; x_wconf 88' lang='lat' dir='ltr'><strong>demum</strong></span> <span class='ocrx_word' id='word_1_775' title='bbox 2117 5471 2302 5517; x_wconf 87' lang='lat' dir='ltr'><strong>mente</strong></span> <span class='ocrx_word' id='word_1_776' title='bbox 2355 5460 2522 5515; x_wconf 87' lang='lat' dir='ltr'><strong>etiam</strong></span> <span class='ocrx_word' id='word_1_777' title='bbox 2573 5459 2704 5515; x_wconf 88' lang='lat' dir='ltr'><strong>moti</strong></span> <span class='ocrx_word' id='word_1_778' title='bbox 2751 5467 2900 5511; x_wconf 88' lang='lat' dir='ltr'><strong>sunt.</strong></span> <span class='ocrx_word' id='word_1_779' title='bbox 2959 5454 3015 5510; x_wconf 92' lang='lat' dir='ltr'><strong>Si</strong></span> <span class='ocrx_word' id='word_1_780' title='bbox 3066 5454 3193 5524; x_wconf 89' lang='lat' dir='ltr'><strong>quis</strong></span> <span class='ocrx_word' id='word_1_781' title='bbox 3216 5452 3455 5523; x_wconf 81' lang='lat' dir='ltr'><strong>proinde</strong></span> 
     </span>
    </p>
   </div>
   <div class='ocr_carea' id='block_1_114' title="bbox 175 5538 1742 5628">
    <p class='ocr_par' dir='ltr' id='par_1_114' title="bbox 175 5551 1742 5627">
     <span class='ocr_line' id='line_1_114' title="bbox 175 5551 1742 5627; baseline 0.001 -21"><span class='ocrx_word' id='word_1_782' title='bbox 175 5553 377 5623; x_wconf 78' lang='grc' dir='ltr'>μελέτη</span> <span class='ocrx_word' id='word_1_783' title='bbox 432 5552 606 5607; x_wconf 89' lang='grc' dir='ltr'>τίκτει</span> <span class='ocrx_word' id='word_1_784' title='bbox 640 5553 731 5606; x_wconf 80' lang='grc' dir='ltr'>τὸν</span> <span class='ocrx_word' id='word_1_785' title='bbox 754 5551 851 5606; x_wconf 84' lang='grc' dir='ltr'><strong>τοῦ</strong></span> <span class='ocrx_word' id='word_1_786' title='bbox 878 5551 1013 5605; x_wconf 84' lang='grc' dir='ltr'>Θεοῦ</span> <span class='ocrx_word' id='word_1_787' title='bbox 1032 5551 1196 5621; x_wconf 78' lang='grc' dir='ltr'>φόϐον</span> <span class='ocrx_word' id='word_1_788' title='bbox 1225 5556 1282 5606; x_wconf 85' lang='grc' dir='ltr'><strong>ἐν</strong></span> <span class='ocrx_word' id='word_1_789' title='bbox 1307 5555 1457 5626; x_wconf 77' lang='grc' dir='ltr'><strong>ἡμῖν.</strong></span> <span class='ocrx_word' id='word_1_790' title='bbox 1488 5556 1628 5626; x_wconf 76' lang='grc' dir='ltr'><strong>Φησὶ</strong></span> <span class='ocrx_word' id='word_1_791' title='bbox 1656 5556 1742 5627; x_wconf 60' lang='grc' dir='ltr'><strong>γὰε</strong></span> 
     </span>
    </p>
   </div>
   <div class='ocr_carea' id='block_1_115' title="bbox 1843 5538 3453 5628">
    <p class='ocr_par' dir='ltr' id='par_1_115' title="bbox 1866 5538 3453 5628">
     <span class='ocr_line' id='line_1_115' title="bbox 1866 5538 3453 5628; baseline -0.007 -18"><span class='ocrx_word' id='word_1_792' title='bbox 1866 5558 2167 5628; x_wconf 85' lang='lat' dir='ltr'><strong>perfectus,</strong></span> <span class='ocrx_word' id='word_1_793' title='bbox 2220 5562 2513 5608; x_wconf 80' lang='lat' dir='ltr'><strong>assecutus</strong></span> <span class='ocrx_word' id='word_1_794' title='bbox 2559 5561 2643 5606; x_wconf 90' lang='lat' dir='ltr'><strong>est</strong></span> <span class='ocrx_word' id='word_1_795' title='bbox 2688 5547 3175 5618; x_wconf 89' lang='lat' dir='ltr'><strong>compunctioncm</strong></span> <span class='ocrx_word' id='word_1_796' title='bbox 3211 5585 3226 5611; x_wconf 92' lang='lat'><strong>,</strong></span> <span class='ocrx_word' id='word_1_797' title='bbox 3287 5538 3453 5599; x_wconf 72' lang='lat' dir='ltr'><strong>senisu</strong></span> 
     </span>
    </p>
   </div>
   <div class='ocr_carea' id='block_1_116' title="bbox 249 5708 1742 5782">
    <p class='ocr_par' dir='ltr' id='par_1_116' title="bbox 249 5708 1737 5777">
     <span class='ocr_line' id='line_1_116' title="bbox 249 5708 1737 5777; baseline 0.004 -14"><span class='ocrx_word' id='word_1_798' title='bbox 249 5708 297 5740; x_wconf 78' lang='lat'>“</span> <span class='ocrx_word' id='word_1_799' title='bbox 322 5709 463 5763; x_wconf 71' lang='lat' dir='ltr'><strong>Psal.</strong></span> <span class='ocrx_word' id='word_1_800' title='bbox 496 5723 635 5775; x_wconf 57' lang='grc' dir='ltr'>ξονι,</span> <span class='ocrx_word' id='word_1_801' title='bbox 672 5711 726 5766; x_wconf 82' lang='grc'><strong>5.</strong></span> <span class='ocrx_word' id='word_1_802' title='bbox 804 5710 846 5741; x_wconf 74' lang='grc'><strong>⁵⁷</strong></span> <span class='ocrx_word' id='word_1_803' title='bbox 882 5709 1071 5765; x_wconf 80' lang='lat' dir='ltr'><strong>Matth.</strong></span> <span class='ocrx_word' id='word_1_804' title='bbox 1099 5726 1227 5777; x_wconf 78' lang='lat' dir='ltr'><strong>xxv,</strong></span> <span class='ocrx_word' id='word_1_805' title='bbox 1256 5712 1344 5766; x_wconf 73' lang='grc'><strong>4-1.</strong></span> <span class='ocrx_word' id='word_1_806' title='bbox 1423 5711 1589 5767; x_wconf 69' lang='lat' dir='ltr'><strong>&quot;lsa.</strong></span> <span class='ocrx_word' id='word_1_807' title='bbox 1623 5730 1737 5769; x_wconf 68' lang='lat' dir='ltr'><strong>va&#39;</strong></span> 
     </span>
    </p>
   </div>
   <div class='ocr_carea' id='block_1_117' title="bbox 1843 5708 2321 5782">
    <p class='ocr_par' dir='ltr' id='par_1_117' title="bbox 1843 5713 2321 5782">
     <span class='ocr_line' id='line_1_117' title="bbox 1843 5713 2321 5782; baseline -0.013 -12"><span class='ocrx_word' id='word_1_808' title='bbox 1843 5716 1901 5782; x_wconf 70' lang='lat' dir='ltr'><strong>l;</strong></span> <span class='ocrx_word' id='word_1_809' title='bbox 1939 5715 2108 5769; x_wconf 81' lang='lat' dir='ltr'><strong>Marc.</strong></span> <span class='ocrx_word' id='word_1_810' title='bbox 2136 5731 2209 5777; x_wconf 76' lang='lat' dir='ltr'><strong>Ix,</strong></span> <span class='ocrx_word' id='word_1_811' title='bbox 2233 5713 2321 5767; x_wconf 70' lang='grc'><strong>45.</strong></span> 
     </span>
    </p>
   </div>
   <div class='ocr_carea' id='block_1_118' title="bbox 174 5776 362 5850">
    <p class='ocr_par' dir='ltr' id='par_1_118' title="bbox 174 5776 362 5850">
     <span class='ocr_line' id='line_1_118' title="bbox 174 5776 362 5850; baseline 0.011 -15"><span class='ocrx_word' id='word_1_812' title='bbox 174 5776 208 5835; x_wconf 73' lang='grc' dir='ltr'><strong>Ι</strong></span> <span class='ocrx_word' id='word_1_813' title='bbox 246 5794 362 5850; x_wconf 67' lang='lat' dir='ltr'><strong>seq.</strong></span> 
     </span>
    </p>
   </div>
   <div class='ocr_carea' id='block_1_119' title="bbox 2400 5702 3454 5775">
    <p class='ocr_par' dir='ltr' id='par_1_119' title="bbox 2400 5702 3454 5775">
     <span class='ocr_line' id='line_1_119' title="bbox 2400 5702 3454 5775; baseline -0.009 -10"><span class='ocrx_word' id='word_1_814' title='bbox 2400 5712 2444 5743; x_wconf 70' lang='grc'>⁸⁸</span> <span class='ocrx_word' id='word_1_815' title='bbox 2477 5711 2667 5764; x_wconf 74' lang='lat' dir='ltr'><strong>Matth.</strong></span> <span class='ocrx_word' id='word_1_816' title='bbox 2705 5724 2816 5775; x_wconf 74' lang='lat' dir='ltr'><strong>xw,</strong></span> <span class='ocrx_word' id='word_1_817' title='bbox 2858 5707 2941 5761; x_wconf 84' lang='lat' dir='ltr'><strong>l9.</strong></span> <span class='ocrx_word' id='word_1_818' title='bbox 3020 5704 3066 5737; x_wconf 86' lang='grc'><strong>⁸⁸</strong></span> <span class='ocrx_word' id='word_1_819' title='bbox 3089 5702 3193 5759; x_wconf 81' lang='lat' dir='ltr'><strong>lsa.</strong></span> <span class='ocrx_word' id='word_1_820' title='bbox 3225 5716 3454 5766; x_wconf 81' lang='lat' dir='ltr'><strong>xxxvm,</strong></span> 
     </span>
    </p>
   </div>
  </div>
