4042 6456
124 327 305 391 1765
988 321 1321 386 HOMILIA
1358 324 1570 401 CVIII.
1603 351 1674 362 -
1712 324 1793 395 D1

1893 323 2168 385 [ONORE
2207 326 2650 388 PARENTUM.
3320 329 3459 395 1766

125 455 221 494 σα
254 437 622 511 ἀλάϐαστρον
654 436 849 508 μύρου,
911 436 1008 491 καὶ
1039 438 1218 491 στᾶσα
1247 437 1425 492 ὀπίσω
1469 437 1624 509 παρὰ
1650 437 1779 503 τοὺς

1893 453 2004 493 rare
2039 446 2147 492 tam
2181 438 2511 494 clementem
2563 439 2879 503 Dominum,
2909 448 2966 495 et
3001 441 3095 509 qui
3132 439 3296 497 facile
3333 457 3451 500 tua.

122 529 339 591 πόδας
373 526 469 581 τοῦ
523 527 698 595 Ἰησοῦ
730 528 1013 597 κλαίουσα,
1043 527 1246 597 ἤρξατο
1271 528 1485 603 βρέχειν
1512 531 1638 593 τοὺς
1666 530 1768 583 τό·

1897 542 2056 581 orum
2085 532 2334 583 omnium
2387 528 2777 584 obliviscitur:
2807 529 2965 598 juxta
3011 532 3306 590 oraculum
3353 530 3457 587 So-

121 621 249 684 δας
292 618 476 673 αὐτοῦ
504 621 616 681 τοῖς
649 619 914 690 δάκρυσιν
935 659 950 681 ,
990 620 1083 671 κα)⁵
1111 622 1233 683 ταῖς
1263 618 1437 691 Θριξῖν
1461 619 1562 689 τῆς
1596 636 1770 690 κεφα-

1893 618 2093 675 ιῖιοηὶεο
2130 622 2435 691 prOphetae,
2466 621 2743 675 dicentis:
2782 621 3095 691 «Apposuit
3132 623 3233 678 tibi
3268 622 3453 693 ignem

121 710 254 779 λῆς
291 710 476 780 αὐτῆς
509 710 833 780 ἐκμάσσειν,
863 709 959 763 καὶ
1013 698 1294 777 κατεφῖλει
1321 710 1448 774 τοὺς
1472 710 1638 773 πόόας
1670 710 1770 763 αὺ-

1893 723 1923 764 :t
1951 716 2185 781 aq’uatn:
2217 713 2289 767 ad
2310 713 2636 767 utrumlibet
2665 714 2931 777 volueris,
2957 715 3194 770 extende
3230 727 3459 770 manum

122 800 275 871 τοῦ,
311 803 419 855 καὶ
456 802 680 873 ἡλειφεν
708 802 786 872 τῷ
822 799 1003 871 μύρῳ,
1040 817 1062 852 ι
1098 801 1194 854 καὶ
1224 800 1458 872 ἡκουσεν
1486 782 1643 872 παρὰ
1674 800 1768 856 τοῦ

1893 816 2017 856 nam
2045 820 2059 855 :
2085 811 2212 858 ante
2238 804 2491 860 homines
2546 805 2736 859 vitaet
2765 820 2938 869 mors,
2975 810 3030 857 et
3062 802 3445 873 quodcumque

125 895 450 963 Σωτῆρος,
491 911 508 945 ι
532 893 839 963 Ἀφέωνταί
866 911 960 947 σου
989 895 1045 946 αῖ
1076 894 1398 966 ἁμαρτίαι..
1431 895 1593 967 Λύτῷ
1615 897 1650 967 ἡ
1672 895 1758 949 δό-

1897 896 2151 959 lacuerit,
2185 895 2408 952 dabitur
2431 911 2533 951 ets.
2563 897 2890 952 Peccantem
2929 898 3081 953 enim
3121 898 3178 952 in
3210 899 3449 963 animam

128 988 213 1055 ξσι
254 989 352 1052 εἰς
386 987 512 1050 τοὺς
540 987 760 1050 αἰῶνας.
810 987 1000 1058 Ἀμήν.

1893 1003 2010 1045 nam
2028 987 2152 1057 quis
2169 987 2494 1059 iustificabit
2510 989 2593 1042 υτ
2615 1010 2633 1039 ι
2656 988 2810 1055 Quis,
2832 989 3076 1059 inquam,
3095 990 3200 1047 nisi
3222 991 3447 1060 praefer-

131 1086 314 1160 vida:
343 1086 626 1158 lacrymae,
654 1101 792 1155 quas
816 1088 1118 1147 comitetur
1141 1089 1497 1157 compunctio
1519 1091 1546 1144 τ
1584 1088 1718 1145 Sitit
1749 1088 1972 1159 quidem
2003 1104 2226 1158 semper
2260 1098 2507 1142 nostram
2531 1086 2778 1151 amntium
2810 1088 3046 1142 salutem
3077 1087 3354 1158 benignus
3391 1088 3449 1142 et

164 1178 501 1233 uisericors
532 1177 801 1234 Dominus
822 1179 909 1237 vel
952 1188 1089 1236 teste
1114 1180 1415 1252 Apostolo:
1445 1200 1463 1233 ι
1491 1179 1598 1248 Qui
1633 1196 1828 1235 omnes
1860 1179 2112 1234 homines
2135 1179 2255 1234 vult
2287 1179 2467 1233 salvos
2502 1177 2643 1244 ﬁeri,
2667 1187 2725 1233 et
2745 1177 2813 1232 ad
2835 1176 3171 1248 agnitionem
3203 1175 3451 1235 veritatis

138 1273 370 1329 venire
402 1273 468 1326 “.
506 1290 526 1325 ι
567 1271 845 1343 Scriptum
879 1284 1065 1330 autem
1099 1284 1183 1331 est
1214 1285 1271 1331 et
1299 1275 1356 1330 in
1390 1274 1553 1330 Luca:
1581 1275 1880 1345 Evangelia
1909 1290 1923 1327 :
1966 1292 1983 1324 ι
2016 1273 2085 1327 Et
2105 1286 2236 1327 ecce
2265 1272 2464 1327 mulier
2496 1287 2620 1342 quae
2647 1283 2763 1326 erat
2799 1273 2856 1326 in
2890 1273 3113 1327 civitate
3146 1272 3443 1340 peccatrix.

137 1372 226 1419 ut
261 1362 539 1435 cognovit
564 1363 693 1433 quia
732 1365 1088 1423 accumberet
1111 1365 1379 1422 Dominus
1422 1365 1479 1421 in
1508 1365 1674 1422 domo
1701 1362 2002 1428 .Pharisaai,
2046 1365 2234 1419 attulit
2266 1363 2603 1418 alabastrum
2644 1364 2914 1434 unguenti
2949 1381 2961 1416 :
2994 1378 3231 1433 cumque
3261 1361 3446 1418 stetis-

143 1463 253 1512 set
287 1465 450 1512 retro
497 1460 661 1513 secus
707 1454 878 1525 pedes
922 1456 1063 1527 eius,
1093 1455 1232 1513 ﬂens
1261 1456 1431 1526 coepit
1454 1456 1634 1527 rigare
1660 1454 1830 1532 pedes
1861 1455 1983 1524 ejus
2005 1453 2285 1525 lacrymis,
2315 1460 2373 1508 et
2401 1452 2617 1522 capillis
2665 1453 2864 1523 capitis
2907 1454 2993 1508 sui
3041 1453 3353 1523 detergere,
3382 1460 3443 1508 et

154 1553 479 1618 tinguento
511 1544 751 1615 ungebat
778 1545 859 1610 “;
906 1562 924 1594 ι
956 1554 1110 1603 eteo
1129 1545 1436 1615 promeruit
1457 1560 1595 1611 voce
1623 1529 1926 1600 Salvatoris
1948 1542 2088 1600 illud
2112 1542 2306 1598 audire
2332 1560 2348 1597 :
2383 1561 2401 1593 ι
2430 1542 2798 1598 Dimittuntur
2817 1543 2917 1598 tibi
2942 1552 3164 1613 peccata
3195 1552 3289 1597 tua
3312 1543 3378 1596 ⁸⁵.
3410 1563 3432 1595 ι

156 1637 312 1707 Ipsi,
327 1638 509 1708 gloria
537 1637 596 1692 in
633 1637 848 1713 saecula.
878 1637 1077 1709 Amen.

2331 1778 2829 1871 nonnaAcan

2230 1917 2309 1972 De
2334 1918 2535 1974 honore
2566 1930 2873 1991 parentum.

667 1780 675 1786 ’
780 1815 1172 1885 ΑωὊΣΡΨ.
1799 1772 1841 1831 ⁸

654 1926 796 1995 Περὶ
823 1924 1277 1994 τιμῆςτονέων.

243 2041 363 2097 τοῦ
386 2034 557 2111 τιμᾷν
580 2039 708 2111 τους
734 2036 1184 2107 τεκόνταςίήμᾶς,
1211 2030 1560 2103 καὶάμοιϐἁς
1590 2028 1776 2097 αὐτοῖς

159 2124 805 2202 ἀποδιδόναῖόφειλέται
837 2127 1006 2201 ἐσμὲν
1057 2128 1150 2181 καὶ
1182 2127 1252 2178 ἐκ
1283 2127 1382 2196 τῆς
1421 2122 1655 2192 φυσικῆς
1684 2137 1774 2173 νο-

168 2226 469 2297 μοθεσῖας.
519 2223 608 2276 Ἐν
636 2219 876 2292 πρώτοις
936 2220 1057 2288 μὲν,
1111 2218 1195 2271 ὅτι
1239 2216 1299 2269 τὸ
1326 2213 1587 2285 αἰσθητὸν
1616 2210 1778 2265 τοῦτο

169 2318 301 2387 φῶς
331 2316 400 2370 δι’
422 2314 603 2369 αὐτῶν
628 2311 953 2381 ἑωράκαμεν
977 2324 993 2340 ο
1046 2308 1236 2361 ἔπειτα
1259 2305 1316 2359 δὲ
1355 2304 1448 2358 καὶ
1474 2302 1536 2356 τὸ
1561 2300 1774 2371 νοητὸν,

1947 2026 2215 2082 Parentes
2265 2038 2326 2083 ut
2376 2029 2587 2087 honore
2630 2046 3056 2100 prosequamur,
3088 2043 3258 2105 utque
3284 2037 3460 2093 vicem

1875 2119 2244 2189 rependamus
2279 2120 2701 2186 beneﬁciorum,
2749 2123 2836 2178 vel
2892 2123 3010 2193 ipse
3044 2135 3256 2182 naturae
3302 2137 3462 2183 tenor

1876 2217 2042 2277 atque
2111 2208 2252 2263 ordo
2327 2209 2492 2264 docet
2540 2226 2644 2266 nos
2695 2212 2822 2282 jure
2879 2212 3174 2285 obstringi,
3215 2215 3457 2286 idipsum

1876 2295 2170 2365 confirmat
2223 2296 2437 2352 sanetio
2479 2299 2620 2369 legis
2678 2301 2899 2363 divinae.
2966 2301 3027 2355 ln
3076 2304 3292 2372 primis,
3327 2307 3457 2374 quia

84 2414 85 2419 “
171 2409 465 2463 τουτέστιν
484 2405 584 2476 τὴν
614 2407 691 2468 εῖς
716 2402 809 2456 τὸν
852 2403 1053 2470 Κύριον
1078 2399 1238 2479 ἡμῶν
1278 2395 1488 2465 Ἰησοῦν
1543 2391 1779 2463 Χριστὸν

84 2494 85 2513 ι

83 2576 89 2607 Ι

83 2668 93 2705 ἰ

84 3122 89 3131 ι

84 3336 85 3357 1

173 2499 274 2553 διὰ
302 2497 396 2550 τοῦ
444 2494 822 2565 βαπτίσματος
841 2484 1149 2558 ⁴ἐπίγνωσιν
1168 2504 1182 2517 ·
1210 2488 1306 2541 καὶ
1333 2487 1421 2540 διὰ
1469 2483 1570 2554 τὴν
1621 2499 1778 2551 φυσι-

180 2587 291 2659 κὴν
315 2586 497 2641 αὐτῶν
528 2584 664 2653 πρὸς
696 2583 765 2636 τὰ
793 2579 898 2634 ῖδια
922 2581 1118 2648 ἔγγονα
1153 2578 1388 2647 στοργήν
1412 2590 1427 2606 ·
1466 2575 1559 2626 καὶ
1579 2571 1668 2625 διὰ
1686 2570 1777 2623 τὸν

182 2683 361 2736 κόπον
381 2678 441 2732 ὃν
463 2676 831 2747 ὑπομένουσιν
861 2672 989 2743 περὶ
1013 2671 1114 2740 τῆς
1140 2666 1407 2738 ἐντροφῆς
1429 2664 1630 2727 αὐτῶν,
1686 2663 1780 2717 xui.

181 2775 291 2844 τὴν
316 2772 587 2841 μέριμναν
612 2767 678 2838 ἢν
701 2765 924 2837 ἔχουσιν,
945 2762 1138 2819 νυκτὸς
1159 2761 1250 2814 καὶ
1274 2758 1488 2833 ἡμέρας
1514 2754 1583 2809 δι’
1605 2753 1744 2809 αὐτά
1761 2768 1773 2781 ·

194 2865 277 2932 μή
321 2880 373 2915 τι
399 2860 507 2914 τῶν
549 2857 864 2927 ἀϐουλήτων
895 2855 1078 2916 αὐτοῖς
1120 2852 1429 2923 συναντήσει
1448 2864 1464 2878 ·
1490 2848 1584 2901 καὶ
1610 2848 1778 2916 ἐργα-

192 2955 417 3025 ζόμενοι
446 2953 543 3006 καὶ
575 2948 906 3023 μοχθοῦντες
936 2948 1067 3018 περὶ
1097 2944 1392 3015 ἐνδύματος
1444 2942 1540 2997 καὶ
1573 2940 1782 3011 τροφῆς

191 3046 399 3106 αὐτῶν,
433 3042 530 3097 καὶ
560 3039 654 3095 τοῦ
685 3036 1123 3107 ἀποθησαυρῖσαι
1148 3035 1331 3097 αὐτοῖς
1368 3031 1507 3103 μετὰ
1528 3030 1779 3084 θάνατον.

1876 2387 2078 2441 sensile
2120 2386 2228 2441 hoc
2256 2387 2466 2452 lumen,
2500 2388 2722 2443 illorum
2749 2406 2919 2459 opera
2950 2402 3281 2447 contuemur
3308 2412 3322 2461 ;
3358 2396 3458 2449 de-

1877 2477 2007 2532 tnde
2037 2486 2093 2532 et
2143 2478 2486 2548 spiritualem
2520 2480 2699 2534 lucem
2746 2482 3055 2547 hausimus,
3090 2482 3462 2552 nimirumag-

1877 2569 2138 2628 nitionem
2235 2570 2359 2625 ﬁdei
2385 2588 2508 2641 quae
2540 2587 2641 2627 nos
2686 2589 2786 2642 per
2840 2575 3207 2645 regenerativi
3256 2576 3461 2639 lavacri

1878 2659 2110 2728 gratiam
2143 2668 2297 2731 recta
2324 2660 2479 2715 ducit
2511 2661 2576 2715 ad
2628 2662 2922 2717 Dominum
2962 2673 3214 2718 nostrum
3266 2665 3458 2720 .Iesum

1879 2749 2205 2806 Christum:
2254 2761 2367 2806 tum
2415 2766 2643 2824 propter
2696 2757 2849 2826 pium
2901 2773 3031 2828 erga
3076 2773 3206 2813 suos
3234 2758 3461 2829 liberos,

1880 2859 2045 2912 quem
2072 2844 2293 2899 illorum
2333 2846 2534 2901 animis
2566 2857 2762 2902 natura
2804 2850 3026 2910 insevit,
3071 2847 3467 2910 ali‘ectum:ob,

1881 2938 2127 2992 laborem
2176 2953 2340 3008 quem
2378 2954 2481 3008 pro
2528 2939 2749 2994 illorum
2789 2941 3123 2996 educatione
3157 2940 3458 3003 sustinent,

1883 3036 1938 3084 et
1969 3028 2187 3083 anxiam
2243 3029 2677 3084 sollicitudinem
2735 3046 2843 3101 qua
2887 3032 3134 3087 interdiu
3183 3041 3463 3103 noctuque

194 3139 364 3201 ῐΙοῖας
391 3131 486 3189 οὖν
512 3134 669 3202 ἀξίας
698 3129 934 3201 ἀμοιϐὰς
988 3126 1129 3198 ὑπὲρ
1175 3125 1389 3179 τούτων
1421 3122 1640 3177 πάντων
1691 3119 1782 3173 δυ-

1893 3132 2125 3193 aguntnr
2158 3120 2289 3175 dum
2325 3122 2469 3176 male
2498 3129 2774 3184 metuunt,
2809 3137 2879 3176 ne
2914 3123 3046 3199 quid
3075 3124 3202 3178 liliis
3231 3126 3349 3179 suis
3372 3140 3469 3180 oc-

200 3228 413 3296 νάμεθα
467 3220 860 3295 ἀνταποδοῦναι
899 3218 1124 3285 uiis-0k;
1190 3215 1430 3287 Πᾴντοτε
1495 3210 1781 3284 τοιγαροῦν

208 3320 594 3386 σπουδάσωμεν
638 3315 705 3368 τὰ
731 3315 809 3374 εἰς
855 3312 954 3383 τὴν
976 3310 1141 3381 τιμὴν
1182 3309 1279 3362 καὶ
1332 3304 1629 3378 θεραπείαν
1690 3303 1786 3373 καὶ

205 3412 507 3481 ἀνάπαυσιν
534 3405 715 3459 αὐτῶν
737 3401 1191 3473 διαπράττεσθαι,
1222 3398 1520 3469 ἐξαιρέτως
1552 3396 1609 3450 δὲ
1633 3397 1690 3447 ἐν
1708 3393 1786 3466 τῷ
1809 3389 1814 3394 ”

211 3506 367 3571 γήρει
397 3499 599 3562 αὐτῶν,
629 3498 714 3551 ’ἵνα
772 3499 829 3549 ἐν
876 3495 1062 3566 ὁράσει
1084 3490 1192 3546 τῶν
1237 3491 1447 3545 τέκνων
1494 3486 1787 3557 ἀναζωπυ-

247 3591 540 3662 ρῶνται.ὼς
560 3590 588 3642 ὁ
623 3585 819 3641 Ἰακὼϐ
859 3583 1120 3656 ἑωρακὼς
1134 3583 1225 3637 τὸν
1247 3582 1468 3651 Ἰωσήφ.
1495 3576 1789 3649 Γενώμεθα

218 3686 496 3759 ἐφάμιλλοι
530 3683 632 3737 κᾶν
661 3683 773 3742 τοῖς
817 3678 1026 3748 ὀρνέοις
1053 3677 1169 3737 τοῖς
1205 3671 1522 3745 λεγομένοις
1574 3667 1788 3739 ἔποψιν.

234 3783 437 3836 Ἐκεῖνα
457 3778 565 3846 γὰρ
592 3775 722 3828 ὅταν
752 3771 935 3824 ἴδωσιν
959 3769 1085 3832 τοὺς
1116 3768 1295 3835 γονεῖς
1321 3762 1502 3817 αὐτῶν
1523 3762 1795 3832 γηράσαν-

219 3890 338 3935 τας,
386 3870 481 3923 καῖ⁵
510 3864 1023 3938 ἀμϐλυωπήσαντας
1049 3898 1064 3924 ,
1133 3857 1199 3910 τὰ
1253 3856 1423 3909 τέκνα
1458 3850 1794 3907 ἐκτιλλουσιν

224 3964 318 4022 τὰς
344 3960 440 4013 πτέ
450 3941 620 4029 ρυγας
641 3955 752 4009 τῶν
774 3949 1113 4033 γονέωνηκαῖ
1145 3948 1416 4017 λείχουσιν
1443 3946 1569 4008 τοὺς
1591 3943 1796 4013 ὀφθαλ-

230 4054 357 4124 μοὺς
393 4049 595 4113 αὐτῶν,
633 4047 727 4101 καὶ
774 4044 1068 4099 θάλπουσιν
1092 4040 1220 4104 τοὺς
1247 4040 1422 4107 γονεῖς
1469 4037 1650 4091 αὐτῶν
1691 4036 1798 4091 ὑπὸ

228 4144 322 4206 τὰς
351 4136 556 4195 ἑαυτῶν
601 4139 902 4207 πτέρυγας,
955 4131 1054 4187 καὶ
1079 4128 1487 4184 νοσσοποιοῦσιν
1514 4141 1531 4158 ⁶
1550 4129 1659 4181 ικαὶ
1686 4127 1797 4181 νέοι

229 4234 458 4304 γίνονται
497 4232 545 4285 οῖ
570 4231 749 4299 γονεῖς
775 4224 955 4281 αὐτῶν
984 4240 995 4255 ·
1020 4223 1268 4290 λέγοντες
1293 4222 1406 4282 τοῖς
1435 4218 1680 4288 γονεῦσιν
1702 4218 1800 4272 αὖ·

229 4325 350 4389 τῶν,
386 4324 465 4387 ὡς
495 4323 588 4376 καῖ
622 4320 780 4390 ὑμεῖς
823 4316 1275 4381 ἐνοσσοποιὴσατε
1302 4311 1468 4381 ἡμᾶς,
1492 4310 1586 4362 καὶ
1615 4309 1801 4379 τετλήο

1882 3221 2075 3269 currat
2101 3212 2316 3269 fortuiti
2372 3222 2428 3268 et
2455 3212 2675 3269 adversi
2698 3228 2891 3268 casus:
2940 3215 3134 3269 sedulo
3169 3215 3300 3270 item
3331 3216 3464 3273 dum

1883 3312 2209 3376 operantur,
2245 3320 2310 3360 ac
2339 3305 2629 3374 perplexos
2676 3296 2884 3359 adeunt
2926 3305 3148 3361 labores
3173 3308 3380 3377 quibus
3396 3308 3439 3365 li

1884 3396 2035 3451 beris
2058 3397 2175 3450 suis
2200 3378 2584 3449 indumentum
2624 3402 2899 3463 parentet
2924 3396 3263 3460 alimoniam,
3299 3407 3471 3479 utque

1887 3487 2195 3557 posteritati
2247 3494 2516 3556 seponant
2562 3486 2885 3541 thesaurum
2914 3494 2972 3553 et
3001 3503 3032 3542 a
3066 3498 3243 3557 morte
3293 3489 3472 3544 relin-

1890 3570 2085 3649 quant.
2115 3576 2315 3644 Quam,
2355 3592 2564 3647 quaeso,
2610 3578 2790 3633 vicem
2855 3579 3132 3635 universis
3160 3579 3249 3635 his
3274 3580 3472 3637 condi-

1891 3686 2050 3742 gnam
2079 3669 2386 3741 rependere
2411 3671 2720 3740 possimus?
2746 3670 3013 3741 Quocirca
3035 3672 3353 3728 adnitamur
3372 3689 3474 3743 pro

1892 3761 2064 3827 virili,
2095 3752 2163 3816 ea
2190 3760 2415 3831 explere
2453 3776 2576 3830 quae
2599 3760 2669 3825 ad
2697 3776 2889 3816 eorum
2920 3763 3159 3821 attinent
3181 3763 3473 3831 honorem,

1892 3851 2259 3917 famulatum,
2309 3855 2582 3923 requiem,
2650 3852 2818 3922 idque
2883 3855 3259 3924 peculiariter,
3321 3855 3478 3912 senio

1895 3947 2028 4002 dum
2080 3956 2420 4017 gravantur:
2454 3947 2668 4016 1202
2705 3955 2765 4000 ut
2802 3947 2889 4002 vel
2939 3948 3061 4017 ipso
3116 3946 3357 4003 ﬁliorum
3388 3964 3480 4003 as-

1897 4047 2060 4110 pectu
2095 4047 2423 4094 recreentur
2466 4054 2531 4093 ac
2565 4022 2734 4108 prope
2800 4040 3176 4110 reviviscant:
3209 4042 3478 4110 quemad-

1898 4128 2124 4183 modum
2146 4128 2339 4192 Jacob,
2365 4127 2488 4181 viso
2513 4143 2638 4181 mox
2670 4127 2899 4198 Joseph.
2921 4128 3319 4196 Concertemugs
3350 4146 3477 4186 cum

1900 4217 2138 4272 avieulis
2159 4232 2284 4286 qum
2306 4232 2507 4287 upupze
2534 4217 2831 4282 dicuntur;
2863 4217 2972 4272 illis
3002 4234 3071 4274 ne
3101 4219 3353 4292 dispares
3378 4221 3481 4278 de-

1901 4307 2318 4379 prchendamnr
2359 4316 2418 4362 et
2463 4308 2824 4363 dissentanei.
2857 4307 2915 4363 Si
2962 4310 3186 4379 quando
3213 4314 3360 4367 enim
3385 4327 3483 4382 pa-

231 4435 353 4475 κατε
385 4404 713 4486 κάμνοντες,
745 4409 843 4463 καὶ
867 4407 1182 4500 τρέφοντες,
1221 4402 1336 4500 καὶ.
1347 4401 1511 4500 ἡμεῖς
1536 4400 1599 4453 τὸ
1613 4400 1793 4500 ϐμοιρν

1904 4408 2092 4453 rentes
2125 4412 2258 4453 suos
2282 4396 2525 4452 viderint
2575 4401 2958 4464 consenuisse,
3020 4410 3075 4455 et
3101 4415 3203 4470 per
3263 4403 3481 4458 senium

232 4510 351 4579 ὑμῖν
373 4503 526 4561 ποιοῦ
536 4520 657 4574 μεν.
686 4500 797 4553 Καὶ
826 4496 944 4558 πῶς
968 4490 1178 4561 λογικοὶ
1203 4492 1363 4561 ἡμεῖς
1385 4488 1558 4579 ὄντες,
1575 4489 1635 4579 0:5
1668 4487 1793 4540 πολὺ

1906 4492 2227 4548 hebetiores
2276 4507 2401 4548 esse
2427 4492 2591 4547 visu:
2628 4491 2726 4547 ﬁlii
2768 4493 2945 4548 alarcs
2994 4494 3141 4564 pilos
3188 4505 3483 4565 parcntqu

232 4575 382 4654 πλέον
413 4596 790 4665 ὰγαπήσωμεν
816 4591 942 4651 τοὺς
965 4585 1172 4640 ἑαυτῶν
1194 4584 1372 4652 γονεῖς
1394 4598 1408 4646 ;
1442 4578 1533 4649 Μὴ
1567 4575 1661 4632 οὖν
1680 4594 1804 4631 στε-

235 4688 471 4754 νάξουσιν
501 4682 623 4737 καθ’
649 4679 837 4751 ἡμῶν·
891 4672 1204 4736 ἀλυσιτελὲς
1280 4672 1391 4743 γὰρ
1445 4670 1604 4723 τοῦτο
1650 4670 1802 4738 ἡμῖν,

237 4780 423 4854 μᾶλλον
444 4778 502 4831 δὲ
534 4776 631 4830 καὶ
668 4769 963 4831 ἐπιϐλαϐές
988 4785 1003 4800 ο
1041 4768 1138 4819 xui
1166 4765 1393 4823 εἰκότως
1432 4758 1804 4832 εὑρισκόμεθα

237 4869 538 4942 πατρολῴαι
589 4868 683 4920 καὶ
714 4862 1046 4934 μητῳλῷαι.
1084 4861 1175 4912 Ἐν
1200 4858 1280 4930 τῷ
1304 4858 1452 4926 νόμῳ
1469 4855 1804 4942 γέγραπται,

243 4988 261 5020 ι
299 4939 436 5034 Τῖμα
455 4939 555 5013 τὸν
576 4958 787 5027 πατέρα
821 4972 938 5018 σου,
958 4953 1064 5006 καὶ
1091 4952 1190 5020 τὴν
1221 4950 1433 5019 μητέρα
1463 4964 1578 5011 σου,
1612 4945 1698 4999 ἵνα
1747 4939 1808 4998 εὖ

241 5073 319 5111 σοι
340 5057 583 5125 γένηται,
638 5050 734 5102 καὶ⁴
763 5047 863 5120 ἔσῃ
921 5043 1315 5116 μακροχρόνιος
1348 5041 1441 5093 ἐπὶ
1491 5039 1590 5108 τῆς
1626 5036 1745 5105 γῆς.
1785 5053 1805 5088 ι

241 5149 360 5211 Καὶ,
396 5165 414 5197 ι
454 5145 519 5197 ὈΔ
541 5138 857 5207 κακολογῶν
909 5136 1120 5204 πατέρα
1145 5133 1178 5205 ἢ
1206 5133 1442 5204 μητέρα,
1472 5130 1690 5201 θανάτῳ
1719 5146 1810 5183 τε-

242 5238 494 5295 λευτάτω.
520 5255 538 5287 ι
588 5232 862 5293 Ὤσαύτως
894 5230 987 5282 καὶ
1029 5230 1057 5281 ὁ
1093 5225 1342 5287 Ἡσαΐας.
1383 5242 1403 5275 ι
1445 5224 1505 5278 '0
1528 5224 1705 5290 λέγων
1734 5221 1811 5293 τῷ

243 5332 422 5402 πατρὶ,
455 5329 521 5383 Τί
548 5326 852 5396 γεννήσῃςς
880 5322 973 5375 καὶ
997 5322 1063 5391 τῇ
1098 5317 1287 5388 μητρὶ,
1311 5316 1376 5368 Τί
1396 5314 1626 5388 ὠδινῃςς
1650 5312 1811 5383 γινώ-

246 5440 351 5477 σκω
395 5418 505 5489 ἐγὼ
553 5420 635 5472 ὅτι
685 5413 923 5485 σκληρὸς
948 5406 1033 5474 sl,
1084 5409 1182 5463 καὶ
1226 5407 1418 5478 νεῦρον
1469 5406 1747 5475 σιδηροῦν,
1783 5407 1812 5460 ὁ

245 5512 502 5585 τράχηλος
532 5527 647 5565 σου.
688 5530 707 5561 ι
743 5506 937 5569 Ἄλλος
961 5504 1041 5570 δὲ,
1099 5520 1118 5553 ι
1163 5501 1223 5554 '0
1251 5497 1431 5569 τιμῶν
1458 5499 1697 5570 πατέρα,
1724 5498 1813 5552 εὑ-

247 5603 613 5678 φρανθήσεται
660 5602 752 5658 ἐπὶ
771 5599 1003 5663 τέκνοις,
1056 5594 1153 5648 καὶ
1196 5592 1255 5647 ἐν
1287 5589 1473 5663 ἡμέρᾳ
1502 5589 1813 5662 προσευχῆς

312 5784 354 5817 ⁶¹
382 5783 495 5839 lmo
529 5786 695 5841 Eccli.
732 5802 820 5853 xv,
856 5788 942 5855 l7,
974 5787 1070 5854 18;
1103 5804 1157 5855 ι,
1195 5787 1283 5841 σε.
1362 5787 1405 5820 ⁸³
1438 5786 1457 5841 l
1488 5786 1628 5841 Tim.
1662 5803 1720 5855 ll,
1752 5788 1785 5843 l

1893 5787 1929 5819 ⁵⁵
1960 5787 2092 5844 Luc.
2124 5802 2218 5853 vn,
2255 5786 2320 5842 57
2351 5799 2505 5857 seqq.

1904 4584 2251 4648 convellunt,
2303 4583 2826 4639 deindeallambunt
2872 4586 3061 4641 oculos
3088 4586 3331 4651 illorum,
3363 4604 3488 4644 mox

1904 4673 2056 4742 ipsos
2082 4682 2341 4741 parentes
2378 4673 2608 4728 suismet
2632 4673 2735 4728 alis
2767 4674 3048 4744 subjectos
3083 4677 3488 4733 excalcfaciunt

1905 4779 1971 4819 ac
2009 4764 2281 4827 refovent,
2319 4774 2488 4834 atque
2524 4764 2599 4819 ita
2665 4764 2889 4819 demum
2942 4781 3040 4820 eos
3099 4767 3256 4836 quasi
3304 4769 3489 4838 pullos

1905 4870 2107 4909 recens
2123 4855 2306 4909 editos
2339 4862 2603 4909 revocant
2630 4856 2696 4909 ad
2722 4855 2915 4910 liorem
2941 4858 3142 4922 aatatis,
3193 4859 3277 4914 sic
3317 4867 3377 4912 ut
3399 4860 3492 4931 ju-

1906 4963 2079 5003 venes
2107 4948 2286 5004 videri
2317 4948 2574 5018 possint:
2638 4949 2796 5018 quasi
2821 4949 2865 5003 si
2899 4949 3017 5025 suis
3051 4950 3239 5006 dicant
3288 4967 3491 5021 paren-

1912 5040 2597 5106 tibus:Qucmadmodum
2634 5057 2734 5095 vos
2753 5041 3060 5111 pullescere
3110 5057 3211 5097 nos
3259 5042 3489 5108 fecistis,

1910 5140 1969 5185 et
1997 5131 2217 5186 labores
2233 5131 2511 5186 tolerastis
2542 5147 2643 5201 pro
2675 5131 3005 5186 educatione
3042 5140 3253 5196 nostra,
3284 5142 3340 5188 et
3388 5148 3492 5188 nos

1911 5224 2095 5279 simile
2125 5223 2388 5293 quiddam
2423 5223 2583 5278 vobis
2615 5238 2998 5293 repensamus.
3048 5225 3253 5290 Quidni
3319 5225 3494 5296 igitur

1914 5329 2019 5369 nos
2047 5322 2306 5384 parentes
2326 5306 2571 5369 arctiore’
2596 5315 2820 5369 vinculo
2865 5315 3157 5371 charitatis
3185 5330 3497 5389 proseque-

1915 5422 2042 5462 mur
2069 5406 2301 5460 rationis
2332 5417 2636 5475 compotes,
2663 5414 2725 5461 ut
2764 5422 2835 5461 ne
2886 5408 3178 5463 adversum
3210 5426 3311 5464 nos
3339 5411 3496 5481 inge-

1917 5497 2370 5554 miscantﬂ’lane
2419 5513 2507 5553 res
2557 5499 2894 5568 ejuscemodi
2942 5502 3267 5572 neutiquam
3306 5502 3494 5559 futura

1918 5590 2080 5646 nobis
2108 5598 2194 5646 est
2216 5590 2311 5647 ulli
2348 5591 2745 5656 emolumento,
2770 5596 2947 5662 magis
2983 5602 3167 5650 autem
3192 5594 3493 5650 detrimen-

2582 5786 2627 5819 "
2661 5782 2797 5841 ibid.
2828 5783 2919 5838 ιτ.
