4042 6474
656 334 792 398 1767

1920 321 2291 385 ANTIOCHI
2328 320 2677 386 MONACHI
2964 342 2972 350 '
3732 333 3819 405 1763

652 455 773 502 tosa
805 441 1127 502 admodum,
1154 445 1218 493 ut
1243 435 1334 507 qui
1355 432 1764 504 comperiemur
1777 440 1834 486 et
1852 431 2029 501 patris
2056 430 2226 485 fuisse

2290 465 2302 491 ι
2329 433 2498 487 αὑτοῦ
2523 432 3029 506 είσακουσθήσεται.
3069 451 3090 485 ι
3124 432 3235 489 Καὶ
3263 432 3457 498 πάλιν,
3492 453 3511 486 ι
3534 433 3662 508 Εὖχὴ
3684 446 3821 517 πατρὸς

647 545 705 591 et
728 535 923 590 matris
950 545 1204 589 mores.
1237 530 1298 585 lu
1321 529 1442 599 lege
1489 527 1761 595 scriptum
1784 531 1908 579 est:
1951 530 1981 572 ι’
2003 520 2228 575 Honora

647 636 863 697 patrem
893 633 1047 678 tuum
1065 630 1124 677 et
1147 629 1378 675 matrem
1400 626 1552 672 tuam
1577 624 1639 670 ut
1663 616 1802 669 bene
1836 613 1934 667 tibi
1962 611 2037 665 sit
2068 619 2125 663 et
2153 611 2232 664 sis

648 716 927 781 longaevus
943 724 1111 778 super
1134 716 1335 761 terram
1349 705 1544 769 “.iEt,
1559 723 1579 757 ι
1601 703 1704 769 Qui
1729 703 2074 759 maledixerit
2092 703 2234 773 patri

615 820 625 825 ·
648 816 744 860 aut
755 797 1477 868 matri,mortemoriatur".
1493 797 1631 851 iNec
1649 796 2067 851 abluditlsaias:
2090 817 2109 847 ι
2131 796 2236 863 Qui

646 897 784 954 dicit
800 897 942 966 patri
963 914 975 948 :
991 893 1130 961 Quid
1142 890 1472 963 generas?et
1488 888 1814 955 malri:Quid
1829 900 1986 959 partu
1995 890 2095 946 ris?
2110 892 2238 947 Scio

647 1005 773 1060 ego,
799 988 927 1059 quia
949 987 1124 1040 durus
1141 998 1222 1046 es,
1243 993 1299 1037 et
1321 996 1523 1036 nervus
1547 980 1762 1036 ferreus
1784 984 1974 1038 cervix
1999 995 2091 1038 tua
2111 985 2178 1037 ⁸⁸.
2211 1001 2232 1035 ι

648 1082 807 1137 Alius
830 1082 962 1135 item
995 1097 1009 1133 :
1044 1101 1062 1129 ι
1100 1078 1202 1144 Qui
1229 1077 1725 1146 honoratpatrem,
1753 1076 2156 1147 jucundabitur
2180 1077 2236 1133 in

650 1173 784 1228 ﬁliis
797 1171 1060 1234 suis,etin
1076 1171 1163 1223 die
1176 1168 1446 1223 orationis
1458 1183 1569 1221 sua:
1581 1168 1912 1221 exaudietur
1923 1167 1968 1199 ⁸⁸
2004 1165 2234 1221 »Ιιοι-ιιω

656 1283 676 1315 ι
692 1263 882 1318 Oratio
899 1259 1072 1331 patris
1086 1256 1379 1313 conﬁrmat
1399 1256 1592 1308 domos
1611 1251 1848 1305 ﬁliorum
1876 1269 1891 1312 ;
1918 1249 2231 1304 maledictio

646 1361 832 1403 autem
878 1350 1070 1402 matris
1106 1344 1353 1400 eradirat
1389 1341 1743 1397 fundamenta
1770 1341 1870 1393 ⁷⁸.»
1901 1339 2229 1407 Apostolus:

652 1464 672 1494 ι
684 1442 761 1498 Fil
772 1442 805 1495 ii
816 1441 1057 1501 .obedite
1071 1436 1394 1509 parentibus
1408 1436 1611 1490 vestris
1627 1437 1680 1488 in
1701 1435 1952 1488 Domino:
1970 1433 2072 1486 hoc
2083 1431 2230 1486 enim

640 1534 850 1604 justum
880 1542 982 1584 «ει.
1025 1532 1242 1584 Honora
1276 1538 1486 1598 patrem
1519 1538 1672 1581 tuum
1713 1535 1770 1579 et
1799 1533 2052 1587 matrem,
2084 1522 2232 1592 quod

642 1624 981 1693 estprimum
1000 1620 1320 1676 mandatum
1341 1620 1393 1672 in
1412 1617 1943 1688 promissionihus".
1957 1615 2229 1669 DRUI‘SUS:

2332 526 2580 598 στηρίξει
2634 520 2783 580 οἷκον
2815 526 3048 580 τέκνωνο
3101 526 3322 596 κατάρα
3378 524 3436 579 δὲ
3469 528 3653 598 μητρὶς
3683 532 3823 603 ἰκριζςῖ

2331 617 2557 689 θεμέλια
2579 620 2752 673 οἴκου.
2782 638 2801 670 ι
2836 620 2947 687 Κᾳὶ
2971 621 3000 671 ὁ
3049 618 3403 682 ’Δτώστολος,
3452 632 3472 669 t
3505 620 3583 672 Τὰ
3604 622 3828 691 rem,“

2331 710 2557 764 ακούετε
2589 713 2702 774 τοῖς
2735 710 2982 779 γονεῦσιν
3013 712 3191 781 ὑμῶν,
3220 714 3282 765 ὲν
3329 713 3539 782 Κυρίῳ.
3572 713 3718 769 Τοῦτο
3743 723 3828 790 γὰρ,

2332 802 2516 871 φησιν,
2551 802 2667 856 ἔστι
2694 801 2921 863 δίκαιον,
2958 802 3105 871 Τίμα
3149 802 3243 855 τὸν
3274 805 3497 873 πατέρα
3536 820 3623 857 σου
3658 808 3733 859 καὶ
3771 813 3832 881 τὴν

2334 896 2547 965 μητέρα
2578 911 2695 950 σου.
2720 894 2879 958 Ἥτις
2920 895 3067 949 ἐστὶν
3100 895 3293 961 ἐντολὴ
3322 895 3516 964 πρώτη
3569 897 3623 948 ὲν
3660 900 3833 967 taum-

2331 983 2494 1049 λίαις.
2531 1004 2550 1037 ι
2587 986 2694 1038 Καὶ
2726 984 2902 1051 αὖθις,
2953 1006 2971 1038 ι
3002 985 3082 1040 Τὰ
3106 987 3275 1040 τέκνα
3306 987 3712 1056 μανθανέτωσαν
3736 995 3833 1061 πρῶ-

2331 1092 2423 1130 τον
2454 1077 2550 1129 τὸν
2580 1077 2711 1130 ίδιον
2739 1074 2889 1131 οἷκον
2919 1078 3182 1140 εὐσεϐεῖν,
3211 1080 3308 1132 καὶ
3361 1079 3595 1148 ἀμοιϐὰς
3622 1082 3830 1141 suam

2329 1169 2444 1230 τοῖς
2477 1170 2781 1239 προγόνοις.
2819 1169 2989 1223 Τοῦτο
3020 1173 3129 1238 γάρ
3172 1172 3328 1223 ἐστιν
3358 1171 3549 1234 καλὸν,
3577 1173 3662 1225 καὶ
3706 1176 3830 1229 abusi

2330 1257 2520 1310 δεκτον
2572 1257 2805 1311 ἐνώπιον
2845 1258 2941 1313 τοῦ
2983 1257 3142 1313 Θεοῦ.
3179 1276 3199 1310 ο
3262 1259 3379 1312 Καὶ
3412 1260 3444 1311 ὁ
3489 1260 3831 1334 Παροιμιαπής,

2339 1369 2358 1401 ι
2398 1350 2514 1413 Υἱὸς
2540 1349 2874 1421 πανοῦργος,
2906 1352 3149 1419 ὑπήκοος
3194 1351 3392 1421 πατρί.
3428 1350 3558 1414 Υἱὸς
3581 1351 3634 1403 δὲ
3659 1353 3834 1421 ἀνήκοος,

2290 1498 2303 1521 ἡ,
2333 1441 2392 1518 εν
2414 1440 2658 1512 ἀπωλείᾳ
2683 1441 2857 1495 ἐσται.
2897 1460 2918 1493 ι
2948 1443 3057 1496 Καὶ
3079 1441 3267 1502 πάλιν,
3297 1460 3316 1491 ι
3342 1436 3754 1509 Κακολογοῦντος
3772 1465 3835 1498 τι·

2331 1529 2468 1599 τέρα
2499 1531 2531 1599 ἢ
2558 1532 2792 1600 μητέρα,
2817 1530 3178 1601 σϐεσθήσεται
3208 1532 3506 1602 λαμπτήρ.
3539 1551 3558 1584 ι
3590 1535 3685 1585 Καὶ
3715 1536 3834 1598 πάλιν,

2341 1638 2360 1671 ι
2404 1622 2499 1683 Ὃς
2529 1621 2886 1687 ἀποϐιάζεται
2915 1624 3128 1693 πατέρα
3183 1623 3223 1695 ἢ
3280 1626 3522 1695 μητέρα,
3549 1626 3638 1678 καὶ
3659 1624 3834 1697 deum;

650 1735 671 1767 ι
701 1715 825 1769 Filii
856 1716 1076 1768 discant
1120 1714 1360 1782 primum
1400 1711 1684 1780 propriam
1707 1708 1932 1762 domum
1976 1707 2228 1776 religiose

2290 1768 2304 1783 _
2336 1709 2693 1779 ἁμαρτάνειν,
2727 1704 2885 1774 οὗτος
2939 1713 3198 1776 κοινωνός
3222 1714 3383 1765 ἐστιν
3399 1715 3593 1783 ἀνδρὸς
3611 1715 3833 1778 ἀσεϐὠω

648 1824 867 1877 regere,
901 1816 959 1860 et
986 1814 1235 1859 mutuam
1268 1804 1442 1857 vicem
1467 1801 1702 1856 reddere
1733 1798 2061 1868 parentibus
2084 1814 2097 1850 :
2118 1797 2225 1852 hoc

2290 1797 2305 1821 '
2336 1802 2407 1853 'l‘b
2430 1803 2563 1855 αὐτὸ
2595 1802 2652 1855 δὲ
2678 1804 2773 1855 καὶ
2814 1806 2843 1856 ὁ
2892 1804 3097 1876 Κύριος
3158 1805 3303 1878 πρὸς
3363 1806 3498 1869 τοὺς
3542 1807 3833 1875 Φαρισσαίως,

643 1901 793 1953 cnim
851 1899 1058 1952 bonum
1113 1905 1168 1950 et
1209 1904 1496 1963 acceptum
1529 1908 1715 1946 coram
1777 1892 1888 1945 Deo
1911 1892 2010 1943 ⁷⁸.»
2039 1890 2227 1953 Paro:-

645 1991 873 2044 miastes
919 1990 1049 2042 item
1087 2006 1101 2041 :
1138 2009 1155 2038 ι
1188 1986 1363 2040 Filius
1392 1994 1606 2039 astutus
1629 1983 1839 2040 obedit.
1867 1981 2006 2052 patri
2035 1998 2049 2033 :
2077 1981 2224 2034 [ilius

647 2082 980 2136 inobediens
1002 2082 1056 2134 in
1083 2079 1398 2150 perditione
1428 2078 1535 2131 erit
1557 2076 1658 2129 ⁷³.»
1686 2075 1922 2129 lterum:
1950 2093 1969 2124 ι
1995 2072 2223 2127 Maledi-

643 2174 825 2229 centis
863 2172 1005 2242 patri
1058 2182 1154 2225 aut
1206 2170 1369 2225 matri
1418 2167 1803 2238 exstinguelur
1845 2166 2072 2220 lucerna
2098 2164 2166 2217 ".
2199 2181 2218 2215 ι

643 2267 848 2321 lterum
874 2283 887 2319 :
912 2284 930 2315 ι
965 2262 1066 2329 Qui
1107 2264 1217 2316 vim
1254 2262 1385 2318 facit
1420 2261 1562 2331 patri
1599 2268 1697 2313 aut
1736 2258 1922 2320 matri,
1951 2266 2009 2313 et
2049 2255 2226 2312 credit

642 2371 704 2411 se
736 2371 843 2408 non
874 2369 1127 2424 peccare.
1149 2353 1332 2408 socius
1359 2362 1443 2408 est
1470 2352 1571 2406 viri
1597 2351 1751 2421 impii
1775 2351 1872 2405 ⁷⁵.»
1902 2350 2143 2419 ldipsum
2169 2356 2227 2404 et

641 2443 910 2498 Dominus
934 2443 1001 2497 ad
1039 2442 1369 2503 Pltarisaaos,
1410 2461 1429 2492 ι
1468 2442 1649 2507 Quare
1670 2447 1728 2495 et
1763 2454 1864 2495 vos
1888 2437 2227 2510 transgredi-

641 2536 779 2590 mini
804 2535 977 2605 legem
1012 2535 1108 2589 Dei
1145 2541 1370 2603 propter
1409 2532 1763 2587 traditionem
1787 2540 2032 2585 vestram
2052 2530 2076 2583 ?
2095 2544 2223 2584 nam

640 2628 789 2683 Deus
816 2627 989 2682 dixit:
1021 2626 1241 2680 Honora
1276 2635 1489 2695 patrem
1514 2634 1668 2679 tuum
1696 2634 1753 2679 et
1770 2634 2023 2690 matrem,
2050 2630 2107 2678 et
2127 2622 2224 2692 qui

641 2718 995 2773 maledixerit
1017 2718 1159 2787 patri
1182 2717 1267 2771 vel
1286 2716 1470 2781 matri,
1487 2723 1665 2771 morte
1688 2716 1954 2769 moriatur
1974 2731 1990 2781 ;
2010 2730 2107 2769 vos
2127 2729 2226 2769 au-

643 2819 753 2864 tem
780 2809 966 2864 dicitis
1001 2825 1013 2858 :
1042 2807 1389 2876 Quicumque
1414 2806 1619 2861 dixerit
1647 2806 1789 2875 patri
1813 2806 1898 2860 vel
1925 2807 2086 2860 matri
2110 2821 2225 2861 sua:

640 2899 858 2955 Corban
890 2899 1091 2968 :(quod
1127 2908 1212 2953 est
1231 2910 1475 2961 multum,
1514 2898 1905 2967 quodcumque
1928 2907 2013 2952 est
2041 2912 2108 2952 ex
2134 2912 2224 2953 me

643 2990 744 3046 tibi
774 2989 1060 3059 proderit;
1086 2997 1142 3042 et
1162 3004 1270 3041 non
1301 2987 1919 3056 honoriﬁcabitpatrem
1947 3002 2106 3042 suum
2128 2995 2226 3042 aut

2339 1913 2358 1945 ι
2393 1894 2493 1948 Διὰ
2546 1896 2597 1949 τί
2649 1898 2744 1950 καὶ⁸
2789 1896 2951 1967 ὑμεῖς
2990 1894 3369 1969 παραϐαίνετε
3417 1898 3520 1968 τὴν
3567 1898 3751 1966 ἐντολὴν
3778 1900 3835 1951 tu}

2331 1983 2467 2037 Θεοῦ
2519 1985 2606 2039 διὰ
2654 1986 2756 2057 τὴν
2806 1988 3105 2058 παράδοσιν
3132 1988 3323 2059 ὑμῶν;
3380 1991 3412 2042 ὁ
3441 1989 3555 2058 γὰρ
3588 1988 3702 2052 Θεὸς
3722 1982 3833 2053 εἶπεν,

2332 2073 2479 2143 Τίμα
2511 2075 2602 2128 τὸν
2631 2076 2843 2146 πατέρα
2901 2094 2993 2130 σου
3043 2081 3136 2132 καὶ
3180 2079 3282 2151 τὴν
3316 2081 3541 2150 μητέρα
3568 2095 3682 2145 σου,
3726 2080 3835 2143 ιιιζὲ

2331 2163 2646 2232 κακολογῶν
2700 2168 2913 2237 πατέρα
2934 2168 2985 2238 ,ἢ
3052 2169 3286 2239 μητέρα,
3321 2168 3547 2238 Θανάτῳ
3597 2167 3831 2222 uicatim,

2344 2251 2530 2322 Ὑμεῖς
2554 2254 2612 2309 δὲ
2633 2255 2841 2322 λέγετε,
2886 2258 2982 2320 Ὃς
3009 2257 3076 2311 ἂν
3104 2257 3351 2328 εἴποιτῷ
3383 2258 3556 2330 πατρὶ
3583 2258 3614 2326 ἢ
3637 2262 3698 2328 τῇ
3733 2264 3833 2329 μητιῖ

2331 2345 2519 2408 αὑτοῦ,
2541 2345 2783 2417 Κορϐᾶν,
2821 2349 2849 2401 ὅ
2869 2349 2986 2401 ἐστι
3013 2349 3209 2419 δῶρον,
3236 2348 3266 2403 ὃ
3293 2350 3403 2402 ἐὰν
3429 2348 3492 2413 ἐξ
3520 2347 3645 2419 ιιμοτῗι
3691 2348 3831 2418 (haec.

2332 2435 2454 2507 θῇςο
2487 2437 2548 2489 οὐ
2573 2439 2648 2508 μὴ
2666 2442 2889 2508 τιμήσει
2907 2439 2999 2492 τὸν
3025 2441 3237 2511 πατέρα
3256 2438 3436 2494 αὑτοῦ
3466 2442 3500 2510 ἦ
3532 2439 3625 2508 κήν
3645 2441 3830 2509 μητέριι

2344 2527 2504 2612 Ἀλλὰ
2528 2530 2704 2583 ταῦτα
2739 2531 2840 2600 μὲν
2889 2531 3048 2585 ίκανὰ
3096 2533 3461 2603 παραστῆσαι
3487 2572 3503 2598 ,
3537 2533 3618 2586 ὅτι
3642 2532 3835 2600 ὀφειλέται

2331 2620 2499 2690 ἐσμὲν
2532 2623 2715 2681 πᾶσαν
2741 2621 2979 2693 ἀμοιϐὴν
3009 2624 3301 2677 ἀποδοῦναι
3328 2627 3450 2689 τοῖς
3472 2624 3703 2693 γονεῦσιν
3717 2624 3834 2693 ἡμῶν.

2330 2714 2421 2765 Δεῖ
2447 2711 2502 2765 δὲ
2555 2714 2776 2766 κάκεῖνο
2807 2714 2881 2785 μὴ
2914 2716 3146 2782 ἀγνοεῖν,
3202 2714 3374 2768 ὅτιού
3433 2716 3595 2784 μόνον
3620 2718 3727 2779 τοὺς
3746 2717 3835 2769 κατὰ

2333 2806 2511 2877 σάρκα
2536 2808 2710 2874 γονεῖς
2726 2806 2885 2877 ἡμῶν
2909 2806 3083 2861 ταῦτα
3106 2808 3522 2879 ἀπαιτούμεθα,
3540 2808 3665 2861 ἀλλὰ
3683 2811 3835 2869 καὶτοῖς

2330 2898 2718 2965 πνευματικοῖς
2744 2897 2776 2966 ἡ
2784 2895 2900 2963 μῶν
2917 2898 3156 2967 πατράσι
3172 2900 3460 2969 χρεωστοῦ
3469 2916 3568 2969 μεν
3589 2899 3768 2952 πλείονα
3783 2916 3835 2951 τι.

2333 2987 2442 3057 μὴν
2515 2988 2610 3043 καὶ
2661 2987 2827 3051 σέϐας
2848 2990 3170 3060 ἀπονέμειν,
3202 2991 3289 3044 ἵνα
3334 2991 3407 3043 δι’
3444 2991 3620 3043 αὐτῶν
3651 2991 3834 3061 κληρονο-

640 3093 874 3135 matrem
892 3080 959 3133 7'.
989 3098 1007 3130 ι
1035 3079 1138 3134 Sed
1164 3080 1279 3133 haec
1299 3078 1553 3133 sulIicere
1574 3088 1783 3149 putem,
1808 3078 1875 3132 ad
1903 3078 2224 3148 explicatio-

2290 3118 2294 3171 ι
2333 3080 2596 3157 μήσωμεν
2634 3081 2734 3140 τὴν
2770 3078 3019 3148 εὐλογίαν
3065 3081 3159 3135 τοῦ
3192 3082 3356 3134 Θεοῦ.
3394 3083 3512 3134 Οὐκ
3548 3081 3737 3134 ἔλαττον
3767 3084 3836 3148 γὰρ

641 3189 766 3228 nem
824 3173 1027 3241 sumpti
1064 3172 1398 3241 argumenti,
1453 3186 1651 3240 nempe
1701 3169 1849 3239 quod
1899 3170 2224 3240 parentibus

2290 3169 2292 3171 ⁷
2328 3170 2423 3223 καὶ
2468 3172 2624 3225 αὐτοὶ
2670 3172 2935 3231 κοπιῶσιν
2995 3173 3088 3225 καὶ
3154 3172 3503 3244 μεριμνῶσιν
3554 3174 3679 3243 ὑπὲρ
3714 3174 3833 3240 ἡμῶν,

640 3271 817 3321 vicem
850 3265 1151 3320 debeamus
1184 3263 1486 3317 resolvere.
1520 3264 1686 3332 Atqui
1726 3278 1795 3316 ne
1826 3261 1965 3316 illud
1994 3262 2222 3334 quidem

2294 3283 2301 3291 -
2331 3262 2531 3332 μᾶλλον
2567 3263 2625 3316 δὲ
2649 3264 2743 3315 καὶ
2777 3263 2912 3317 πολὺ
2940 3263 3104 3317 πλέον
3130 3280 3145 3295 ⁸
3195 3266 3359 3336 εἰπερ
3391 3267 3443 3317 οἱ
3482 3264 3580 3334 μὲν
3614 3262 3836 3333 σαρκικῶίι

642 3362 898 3430 ignorare
918 3358 1234 3421 conveniat,
1258 3372 1287 3410 a
1317 3356 1478 3411 nobis
1501 3372 1611 3410 nou
1639 3356 1690 3410 id
1719 3356 1893 3427 repeti
1926 3357 2129 3431 solum,
2161 3364 2226 3411 ut

2326 3356 2375 3406 οί
2398 3355 2453 3408 δὲ
2477 3354 2868 3424 πνευματικῶς
2902 3355 3053 3424 ἡμᾶς
3096 3356 3387 3431 γεννῶσιν.
3423 3356 3606 3431 Tutin
3642 3355 3692 3407 δὲ
3720 3354 3836 3406 πάντα

638 3450 966 3521 parentibus
987 3449 1291 3524 secundum
1345 3463 1565 3502 carnem
1605 3448 1776 3524 vicem
1809 3430 2220 3514 redhibeamus,

2324 3450 2387 3502 ού
2418 3447 2577 3518 μόνον
2612 3444 2775 3516 λόγῳ,
2794 3445 2930 3501 ἀλλὰ
2958 3450 3052 3501 καὶ
3088 3432 3237 3517 ἔργῳ
3271 3450 3299 3501 ὁ
3320 3430 3531 3518 Κύριος
3557 3449 3689 3516 ἡμᾶς
3708 3432 3837 3499 sm...

640 3558 835 3597 verum
879 3523 1376 3610 tantoampliorem
1426 3523 1693 3593 honorem
1754 3540 2076 3609 cultumque
2118 3553 2224 3594 nos

2329 3538 2525 3592 δεύεαι
2580 3534 2689 3593 Ἦν
2713 3539 2842 3607 γὰρ,
2879 3539 3065 3609 φησιν,
3120 3540 3564 3610 ὑποτασσόμενος
3599 3538 3669 3611 τῷ
3722 3538 3838 3606 πατρὶ

638 3634 844 3687 debere
883 3632 952 3687 iis
983 3634 1078 3701 qui
1104 3630 1410 3685 secundum
1435 3630 1695 3700 spiritum
1744 3638 1932 3698 patres
1963 3638 2094 3684 sunt
2128 3645 2228 3684 no-

2335 3632 2430 3687 καὶ
2462 3631 2528 3701 τῆ
2562 3633 2732 3701 μητρὶ
2758 3628 2947 3684 αὑτοῦ.
2990 3649 3011 3683 ι
3043 3631 3153 3684 Καὶ
3178 3633 3236 3682 ὲν
3262 3630 3346 3702 τῷ
3376 3630 3597 3700 σταυρῷ
3641 3631 3754 3698 πρὸς
3781 3628 3835 3678 τι,

638 3724 764 3788 stri,
791 3733 851 3778 ut
886 3740 983 3794 per
1004 3738 1104 3777 nos
1131 3721 1450 3776 haereditate
1482 3737 1847 3791 assequamur
1885 3722 2228 3780 benedictio-

2336 3722 2589 3793 μαθητήν
2613 3735 2634 3783 ⁸-
2681 3740 2699 3773 ⁴
2753 3721 2885 3776 Ἰδοὺ
2962 3722 3215 3793 ήμήτηρ
3262 3739 3359 3775 σου
3387 3737 3403 3752 υ
3439 3742 3459 3775 ›
3513 3722 3600 3776 καὶ
3642 3720 3833 3790 πρὸς

636 3830 764 3870 nem
789 3816 906 3870 Dei.
927 3813 1137 3883 1203
1155 3812 1343 3890 .‘leque
1375 3813 1523 3866 enim
1544 3812 1727 3867 minus
1750 3812 1923 3868 nostri
1946 3830 2109 3868 causa
2134 3814 2228 3871 isti

2332 3815 2488 3886 Μητέ
2500 3831 2590 3886 ρα.
2618 3832 2638 3865 ι
2675 3813 2804 3868 Ἰδοὺ
2839 3815 2868 3868 ὁ
2896 3814 3012 3876 υἱός
3035 3831 3152 3868 σου.
3184 3832 3204 3868 ι

636 3910 990 3974 alﬂictantur,
1019 3917 1112 3962 aut
1147 3909 1363 3965 minore
1413 3922 1545 3965 cura
1590 3917 1945 3976 premuntur,
1978 3912 2112 3979 quin
2163 3912 2370 3980 majore
2402 3912 2611 3966 multo:
2637 3908 2909 3980 siquidem
2941 3909 3018 3963 illi
3049 3924 3237 3972 carne,
3259 3908 3318 3964 bi
3354 3920 3541 3965 autem
3569 3908 3739 3979 Spiritu
3768 3918 3833 3958 nos

635 4009 986 4074 regenerant.
1020 3999 1145 4055 Haec
1170 4014 1339 4069 porro
1373 4000 1560 4053 omnia
1591 4014 1987 4056 non-sermone
2015 4003 2219 4070 solum,
2256 4004 2352 4059 sed
2415 4011 2475 4059 et
2509 4017 2675 4074 opere
2737 4000 3067 4057 nosedocet
3110 4001 3407 4068 Dominus;
3449 4003 3526 4057 ait
3549 4001 3681 4056 enim
3731 3997 3832 4051 Scri-

634 4103 820 4167 ptura,
850 4097 982 4167 quia
1008 4115 1027 4146 ι
1059 4098 1329 4153 Subditus
1361 4108 1485 4153 erat
1519 4099 1664 4170 patri
1705 4108 1762 4157 et
1795 4100 1960 4155 matri
1995 4102 2194 4157 suae".
2219 4120 2240 4154 ι
2280 4101 2389 4167 Sed
2429 4111 2487 4157 et
2522 4103 2580 4157 in
2618 4115 2786 4156 cruce
2814 4099 2885 4155 ad
2908 4098 3243 4168 discipulum
3278 4115 3293 4151 :
3345 4118 3366 4151 ι
3408 4099 3550 4154 Ecce
3572 4103 3828 4151 inatertuw

635 4202 693 4250 et
720 4193 788 4249 ad
826 4194 1057 4251 Matrem
1090 4213 1106 4251 :
1144 4216 1163 4248 ι
1184 4197 1324 4252 Ecce
1355 4196 1500 4253 ﬁlius
1532 4207 1662 4254 tuus
1686 4198 1754 4251 ⁷⁸.
1785 4217 1805 4250 ι
1833 4198 1941 4269 Ipsi
1963 4199 2137 4269 gloria
2172 4199 2229 4254 in
2258 4199 2477 4254 saecula.
2509 4197 2706 4254 Amen.

1195 4287 1481 4343 HOMILIA
1517 4288 1658 4344 CIX.

2730 4340 2733 4347 γ
2931 4287 3153 4342 ΛΟΓΟΣ
3181 4285 3306 4342 ΡΘ’.

1000 4376 1375 4433 Reverentiam
1413 4379 1592 4433 deberi
1627 4381 1858 4436 senibus.

2526 4379 2670 4448 Περὶ
2693 4379 2801 4436 τοῦ
2832 4379 3218 4435 εὐλαϐεῖσθαι
3246 4378 3691 4448 πρεσϐυτέρους.

705 4469 776 4524 Ει
816 4468 1042 4539 quidem
1088 4483 1251 4524 senes
1295 4470 1540 4525 revereri
1588 4471 1771 4527 modis
1814 4473 2080 4531 omnibus.
2115 4475 2228 4532 Deo

2290 4473 2308 4529 ι
2402 4471 2518 4526 Kal.
2553 4472 2617 4525 τὸ
2646 4471 2999 4525 εὐλαϐεῖσθαι
3034 4470 3372 4543 πρεσϐύτας,
3421 4470 3560 4523 πάνυ
3609 4467 3823 4535 εὐάρεστον

633 4570 721 4618 est
750 4572 1067 4632 acceptum,
1094 4569 1152 4616 et
1182 4562 1509 4618 hominibus
1538 4563 2006 4621 commendabile.
2037 4564 2146 4621 Sed
2175 4574 2228 4621 et

2331 4563 2410 4636 τῷ
2437 4562 2581 4634 Θεῷ,
2604 4562 2700 4617 καὶ
2732 4560 3049 4634 ἀνθρώποις
3068 4561 3380 4625 ἐπαινετὸν,
3408 4559 3504 4614 καὶ
3523 4560 3582 4612 τὸ
3611 4558 3696 4626 τὴν
3724 4554 3820 4618 69n-

632 4654 905 4709 honorem
943 4652 1162 4709 deferre
1197 4669 1333 4709 sane
1369 4654 1623 4710 debitum
1659 4655 1861 4711 declivi
1891 4658 2004 4726 jam
2038 4674 2103 4714 ac
2134 4658 2228 4714 de—

2330 4655 2565 4724 λομένην
2596 4654 2768 4722 τιμὴν
2803 4653 3108 4722 ἀπονέμειν
3154 4654 3265 4716 τοῖς
3300 4654 3573 4722 γέρουσιν,
3595 4640 3817 4716 ὁμοίωςτῷ

631 4760 771 4801 vexa
798 4754 963 4800 aetate
987 4745 1147 4809 viris,
1174 4746 1542 4801 nihilominus
1567 4747 1683 4802 Deo
1708 4740 2228 4819 gratiosum,'nobi

2329 4745 2450 4815 Θεῷ
2483 4744 2581 4815 μὲν
2628 4743 3022 4809 εὐαπόδεκτον,
3048 4744 3179 4813 ἡμῖν
3229 4742 3287 4796 δὲ
3334 4742 3455 4796 λίαν
3501 4740 3737 4811 χρήσιμον
3763 4731 3818 4784 καὶ

632 4853 771 4894 vero
794 4839 963 4892 nimis
985 4853 1149 4907 quam
1180 4838 1599 4893 accommodum
1620 4849 1678 4894 et
1698 4840 1852 4894 utile.
1882 4840 1992 4896 Nos
2020 4843 2227 4897 etenim

2328 4838 2627 4907 ὠφέλιμον.
2654 4837 2717 4889 El
2744 4837 2842 4905 μὲν
2865 4836 2976 4905 γὰρ
3008 4835 3106 4889 καὶ
3125 4836 3289 4905 ἡμεῖς
3308 4835 3438 4898 τοὺς
3456 4832 3640 4894 αὐτοὺς
3662 4827 3816 4899 χρόνους

635 4931 683 4986 si
708 4930 997 4999 continget
1027 4930 1095 4983 ad
1124 4945 1189 4984 ea
1220 4944 1396 4998 usque
1426 4937 1679 4999 tempora
1708 4945 2005 5000 prorogare
2030 4932 2222 5000 vitam,

633 5022 890 5077 eamdem
932 5036 1190 5091 prorsum
1221 5018 1581 5092 'recipiemus
1622 5022 1959 5077 mercedem.
1998 5022 2055 5078 Si
2092 5040 2226 5080 vero

635 5114 768 5168 hinc
800 5113 1119 5168 abeundum
1158 5114 1232 5168 sit
1267 5114 1597 5183 intempesta
1631 5122 1822 5180 aetate,
1860 5115 2226 5170 nihilominus

637 5220 831 5259 sumus
866 5206 1112 5260 habituri
1152 5206 1446 5260 Dominum
1484 5216 1733 5261 nostrqu
1771 5208 2049 5263 mercedis
2083 5211 2231 5278 repi-

638 5304 1012 5366 gneratorem.
1044 5298 1102 5351 In
1138 5299 1350 5353 utrovis
1385 5298 1501 5368 ipse
1534 5314 1768 5364 merces,
1803 5300 1898 5369 qui
1931 5310 1989 5354 et
2020 5315 2231 5355 merce-

644 5386 728 5443 dis
755 5387 933 5457 dignae
956 5395 1041 5443 est
1067 5388 1421 5453 distributor,
1451 5391 1568 5446 sive
1595 5391 1726 5447 hinc
1751 5408 1919 5447 senex
1946 5392 2229 5464 migrabis,

639 5477 757 5533 sive
788 5479 968 5535 aetatis
1002 5479 1157 5536 ﬂore.
1192 5481 1285 5536 Ait
1319 5482 1468 5538 enim
1507 5483 1599 5538 ille
1634 5502 1647 5538 :
1693 5503 1712 5535 ι
1753 5485 2230 5552 Quemadmodum

639 5680 680 5710 ,η
711 5610 1100 5710 ,ἑηὲῘΡᾱῖΧΪις
1138 5615 1225 5710 102.
1283 5618 1515 5710 :IiBid.
1557 5637 1668 5710 mi.
1704 5621 1830 5710 [ζῇ
1865 5621 1911 5653 ⁸⁸
1954 5623 2058 5679 lsa.
2097 5636 2226 5710 ξεῖ,
2435 5637 2620 5683 xum,

723 5681 927 5751 Ephes.
954 5700 1029 5747 νι,
1067 5687 1119 5747 1,
1150 5689 1205 5741 2.
1283 5690 1326 5719 '"
1355 5681 1598 5752 l'l‘im.v,
1629 5681 1675 5742 4⁷.
1718 5692 1760 5723 ⁷³
1791 5692 1953 5747 Prov.
1981 5710 2070 5755 xv,
2112 5681 2221 5746 2οξ

723 5766 812 5807 [τις.
836 5769 937 5818 vn,
962 5756 1110 5811 9-l5.
1191 5758 1233 5787 ⁷⁷
1263 5758 1396 5813 Luc.
1433 5777 1493 5818 ιι.
1524 5761 1613 5814 51.
1691 5762 1735 5791 ⁷⁶⁴
1773 5763 1933 5817 .lmm.
1966 5780 2076 5818 rex.
2114 5763 2205 5818 ‘26.

2290 5690 2322 5811 ζ’
2345 5692 2505 5745 Prov.
2540 5681 2630 5759 xx,
2655 5696 2726 5745 20

640 5748 812 5807 Marc.
836 5769 937 5820 vn,
962 5756 1110 5811 9-l5.
1191 5758 1233 5787 ⁷⁷
1263 5758 1396 5813 Luc.
1433 5777 1493 5822 ll,
1524 5748 1613 5814 δι’.

2334 4925 2645 4998 βιώσωμεν,
2680 4927 2900 4991 πάντως
2931 4927 3030 4996 τὴν
3070 4925 3239 4997 αὐτὴν
3286 4924 3609 4996 ἀνταμοιϐὴν
3668 4920 3810 4985 ἕξομεν-

2334 5020 2397 5073 El
2428 5019 2485 5073 δὲ
2513 5019 2681 5090 ἀώρῳ
2716 5019 2905 5090 ἡλικίᾳ
2950 5018 3308 5088 ἀναλύσωμεν
3364 5013 3620 5078 ὲντευθεν,
3683 5011 3811 5079 ἔχομεν

2336 5113 2428 5167 τὸν
2463 5112 2668 5178 Κύριον
2696 5113 2871 5183 ἡμῶν
2893 5112 3322 5182 μισθαποδότην.
3357 5111 3466 5163 Καὶ
3482 5111 3537 5162 ὲν
3564 5102 3808 5175 ἀμφοτέρας

2334 5205 2432 5277 μὲν
2455 5208 2483 5259 ὁ
2507 5205 2671 5269 αὐτὸς
2698 5205 2892 5276 μισθὸς
2908 5205 3319 5277 μισθοπάροχός
3332 5205 3501 5266 ἐστιν,
3518 5200 3618 5253 εῖτε
3635 5196 3808 5261 ἑνγήρειν

2329 5297 2444 5350 εἴτε
2474 5300 2533 5351 ὲν
2560 5299 2795 5367 νεότητι.
2825 5298 2998 5367 Φησὶν
3025 5297 3159 5369 γὰρ,
3205 5315 3226 5348 ι
3263 5296 3364 5351 Ὃν
3392 5297 3578 5367 τρόπον
3601 5285 3809 5353 ἐποίησας,

2332 5391 2487 5445 ἔσται
2545 5408 2646 5445 σοι,
2688 5410 2706 5443 ι
2749 5392 2970 5463 Πρῶτος
3033 5392 3274 5461 Μωῦσῆς
3325 5388 3639 5442 ἐντέλλεται.
3676 5378 3806 5442 λέγωνι

2338 5502 2360 5536 ι
2414 5484 2549 5537 Ἀπὸ
2578 5483 2879 5556 προσώπου
2910 5484 3102 5538 πολιοῦ
3136 5477 3610 5554 ὲξαναστήσει,καὶ
3630 5470 3806 5540 τιμήσεις

2834 5622 2878 5653 ⁶⁹
2898 5618 3080 5674 Eccli.
3124 5636 3204 5685 ιιι,
3264 5619 3319 5674 6.
3425 5617 3467 5648 ⁷⁸
3504 5596 3799 5685 ΕοριίοιιιγᾸέῖ

2823 5693 2869 5726 ἐ
2901 5667 3080 5745 ἱῖὲὀῦξ
3098 5667 3209 5756 xii:
3231 5667 3320 5743 alii
3384 5689 3427 5719 τε
3447 5667 3612 5743 Hall“).
3633 5667 3799 5739 mea;
