4042 6490
288 417 420 483 1769

921 411 1248 474 HOMILIA
1288 411 1612 472 CXL—DE
1654 405 2282 469 LONGANIMITATE
2322 405 2414 464 ET
2454 402 2877 465 IRACUNDIA

3410 403 3544 466 1770

280 530 575 605 πρόσωπον
606 525 998 598 πρεσὸυτὲρου,
1045 543 1063 574 ι
1110 524 1171 574 Ὀ
1205 522 1263 575 δὲ
1285 519 1408 575 ’1ώὸ
1436 539 1449 553 ⁸
1480 540 1498 573 ι
1555 520 1857 590 Ἐνιπολλῴ

1966 518 2161 582 fecisti,
2193 517 2286 572 ﬁet
2319 517 2420 572 tibi
2437 516 2504 569 ⁷⁸.
2540 534 2557 565 ι
2592 515 2813 570 Primus
2842 514 3020 569 Moses
3054 514 3277 569 mandat
3305 516 3496 571 dicens
3526 534 3540 568 :

280 621 476 692 χρόνῳ,
512 616 710 686 σοφία’
752 618 811 669 ὲν
864 614 921 667 δὲ
963 611 1145 683 πολλῷ
1175 611 1296 683 βίῳ,
1335 611 1638 682 ἐπιστήμη.
1683 629 1701 660 ι
1747 611 1859 664 Καὶ

278 711 468 774 ἄλλος·
505 729 523 761 ι
585 708 860 776 Στέφανος
906 706 1181 777 γερόντων
1239 704 1590 776 πολυπειρία,
1650 704 1745 758 καὶ
1797 705 1859 757 τὸ

278 803 541 873 καύχημα
594 800 794 864 αὐτῶν,
825 796 991 866 φόϐος
1024 795 1251 866 Κυρίου.
1289 815 1308 848 ι
1346 794 1460 849 Καὶ
1492 795 1522 847 ό
1596 794 1856 848 ’Δπόστο-

277 895 367 958 λος
396 892 649 963 Τιμοθέῳ
681 908 696 922 ·
739 910 756 942 ι
811 887 1176 959 Πρεσῦυτέρῳ
1232 886 1306 959 μὴ
1354 885 1687 959 ἐπιπλήξῃς,
1724 884 1860 939 ἀλλά

277 984 587 1054 παρακάλει
622 983 699 1045 ὡς
744 982 982 1050 πατέρα.
1023 999 1041 1032 ι
1092 979 1253 1033 Ἀλλά
1297 979 1515 1042 πάντως
1555 979 1703 1050 ἐρεῖς
1746 995 1857 1049 μοι,

282 1095 301 1129 ι
329 1075 450 1147 Χρὴ
499 1075 626 1137 τοὺς
683 1072 1000 1143 πρεσϐύτας
1047 1071 1354 1142 νηφαλέους
1382 1066 1545 1134 εἶναι,
1601 1072 1856 1141 σεμνοὺς,

277 1167 617 1235 ὑγιαίνοντας
646 1169 710 1237 τῇ
754 1166 958 1228 πίστει,
985 1167 1052 1235 τῇ
1072 1164 1286 1234 ἀγάπῃ,
1326 1182 1344 1213 ι
1377 1162 1521 1216 κατὰ
1566 1164 1660 1215 τόν
1700 1162 1860 1216 Ἀπό-

275 1258 485 1314 στολον.
520 1277 538 1309 ι
568 1259 753 1330 Γῆρας
774 1258 884 1325 γὰρ
905 1256 1093 1325 τίμιόν
1130 1256 1303 1316 ἐστιν,
1322 1254 1383 1307 οὐ
1403 1254 1465 1307 τὸ
1481 1252 1854 1325 πολυχρόνιον.

275 1349 408 1404 Οὐδὲ
442 1349 674 1421 ἀριθμδς
711 1349 847 1403 ὲτῶν
886 1350 1166 1419 μετρεῖται
1188 1364 1203 1379 ο
1231 1346 1418 1400 πολιαὶ
1467 1345 1527 1400 δέ
1559 1345 1699 1399 εἰσιν
1727 1346 1860 1416 φρόο

274 1456 431 1510 νησις
461 1438 795 1510 ἀνθρώποις,
830 1439 925 1492 καὶ
946 1437 1137 1508 ἡλικία
1168 1437 1395 1509 γήρους,
1427 1433 1541 1506 βίος
1587 1434 1858 1506 ἀκηλίδω-

272 1548 385 1595 τος,
425 1550 444 1583 ι
472 1531 611 1585 κατά
631 1531 729 1600 τὴν
758 1530 1006 1601 Γραφήν.
1037 1529 1210 1583 Τοῦτο
1238 1529 1339 1599 οὐχ
1367 1527 1527 1599 ἡμῶν
1549 1528 1700 1580 ἐστιν
1739 1528 1859 1597 κρί-

275 1640 383 1688 ναι,
423 1623 559 1676 ἀλλά
575 1622 672 1676 τοῦ
708 1622 1103 1693 δοκιμάζοντος
1130 1622 1229 1684 τὰς
1252 1620 1483 1692 καρδίας
1504 1621 1538 1689 ἡ
1549 1618 1666 1689 μῶν
1694 1617 1854 1672 Θεοῦ.

285 1714 474 1784 Ἥμῶν
517 1715 573 1768 δέ
600 1717 721 1768 ἐστι
750 1717 917 1769 πᾶσιν
960 1714 1252 1768 ἀποδοῦναι
1294 1713 1396 1777 τὰς
1423 1712 1664 1781 ὀφειλὰς,
1712 1732 1729 1762 ι
1767 1711 1858 1781 Τῷ

270 1808 363 1860 τὸν
404 1805 590 1877 φόϐον,
609 1805 688 1876 τῷ
712 1805 891 1876 φόϐῳ·
931 1805 1012 1877 τῷ
1033 1804 1132 1875 τὴν
1153 1794 1342 1874 τιμὴν,
1379 1803 1448 1874 τῇ
1475 1803 1643 1872 τιμῇ·
1675 1801 1738 1854 οὐ
1769 1800 1859 1871 μό-

271 1914 364 1950 νον
391 1899 505 1960 τοῖς
542 1896 771 1965 ἀγαθοῖς
791 1897 886 1949 καὶ
922 1896 1250 1962 ἐπιεικέσιν,
1288 1894 1426 1948 ἀλλά
1455 1895 1550 1949 καὶ
1579 1897 1694 1958 τοῖς
1726 1912 1855 1948 σκο-

252 1986 427 2051 .λιοῖς.
478 2007 496 2041 ι
533 1989 644 2041 Καὶ
692 1990 761 2059 τῇ
785 1987 1114 2059 φιλαδελφίᾳ
1149 1988 1230 2050 είς
1254 1985 1519 2057 ἀλλήλους
1575 1986 1857 2057 φιλόστορ-

220 2110 227 2115 -
274 2098 385 2150 γοι,
409 2099 428 2133 ι
465 2083 544 2152 Τῇ
566 2083 703 2151 τιμῇ
727 2079 994 2151 ἀλλήλους
1021 2078 1452 2150 προηγούμενοι.
1492 2097 1511 2131 ι
1537 2078 1857 2150 Γέγραπται

272 2175 385 2245 γάρ
410 2190 425 2205 ·
465 2192 486 2225 ί
529 2174 651 2239 Υἱὲ,
698 2175 795 2228 ἐὰν
828 2173 992 2242 σοφὸς
1029 2173 1128 2244 ἔσῃ
1149 2173 1385 2245 σεαυτῷ,
1419 2172 1585 2242 σοφὸς
1634 2170 1733 2243 ἔσῃ
1767 2173 1859 2225 καὶ

269 2271 384 2332 τοῖς
417 2267 649 2337 πλησίον
685 2283 780 2319 σου
801 2283 814 2296 ·
848 2267 943 2320 ἐὰν
973 2267 1028 2337 δὲ
1059 2267 1230 2330 mmo;
1269 2265 1501 2337 ἀποϐῇς,
1562 2265 1726 2335 μόνος
1762 2266 1859 2318 ἀν-

269 2362 492 2431 τλήσεις
532 2360 601 2414 τὰ
637 2360 801 2413 κακά.
865 2378 883 2410 ι
930 2357 1211 2421 Ὡσαύτως
1250 2359 1346 2412 καὶ
1402 2361 1429 2411 ὁ
1461 2357 1701 2429 Πέτροςο
1738 2376 1755 2409 ι
1794 2356 1857 2412 Oi

270 2450 526 2524 νεώτεροι
554 2452 868 2522 ὑποτάγητε
897 2450 1297 2523 πρεσϐυτέροις
1316 2467 1329 2478 ·
1367 2450 1571 2514 πάντες
1593 2451 1652 2504 δὲ
1678 2451 1737 2503 ὲν
1762 2449 1860 2507 ἀλ-

270 2545 457 2617 λήλοις
509 2543 608 2614 τὴν
649 2543 1154 2614 ταπεινοφροσύνην
1211 2542 1636 2611 ὲγκολπίσασθε,
1700 2541 1783 2595 ὅτι
1832 2543 1861 2594 ό

271 2636 406 2701 Θεὸς
430 2636 808 2707 ὑπερηφάνοις
837 2636 1258 2701 ἀντιτάσσεται,
1292 2636 1575 2698 ταπεινοῖς
1606 2635 1664 2687 δὲ
1677 2634 1861 2689 δίδωσι

271 2729 455 2802 χάριν.
482 2728 872 2800 Ταπεινὼθητε
895 2725 989 2783 οὖν
1015 2728 1122 2782 ὑπὸ
1145 2728 1243 2800 τὴν
1267 2728 1539 2798 κραταιὰν
1569 2728 1729 2798 χεῖρα
1762 2725 1859 2780 τοῦ

271 2820 433 2887 Θεοῦ,
473 2821 560 2875 ἵνα
590 2821 735 2892 ὑμᾶς
772 2819 965 2893 ὑψώσῃ
993 2821 1052 2873 ὲν
1084 2819 1282 2891 καιρῷ.
1321 2839 1340 2870 ι
1369 2820 1580 2890 Πρέπει
1613 2818 1709 2873 οὖν
1746 2821 1859 2882 τοῖς

274 2913 623 2984 Χριπιανοῖς
678 2913 868 2978 πᾶσιν,
924 2910 1220 2965 ἀποδοῦναι
1250 2910 1352 2974 τὰς
1387 2910 1634 2980 ὀφειλάς.
1688 2909 1862 2964 Τοῦτο

272 3005 387 3075 γὰρ
435 3004 495 3069 ἐξ
553 3004 721 3058 αὑτοῦ
774 3003 868 3058 τοῦ
900 3004 1109 3077 Κυρίου
1142 3002 1239 3057 καὶ
1284 3003 1422 3056 Θεοῦ
1476 3005 1572 3057 καὶ
1603 3001 1862 3074 Σωτῆρος

275 3094 440 3167 ἡμῶν
466 3094 642 3167 Ἰησοῦ
698 3094 942 3162 Χριστοῦ
1004 3093 1398 3165 παιδευόμεθα.
1456 3095 1554 3146 Διά
1603 3092 1712 3164 γὰρ
1763 3091 1862 3163 τὴν

1969 629 1987 662 ι
2020 613 2064 666 Α
2093 612 2233 668 facie
2263 612 2386 666 cani
2417 611 2617 680 capitis
2646 615 2971 680 consurges,
3002 616 3059 663 et
3088 608 3393 664 bonorabis
3423 610 3544 664 vul—

1961 712 2078 757 tum
2114 702 2434 759 senioris“.
2478 722 2494 752 ι
2534 701 2641 758 Job
2677 716 2810 757 vero
2850 719 2862 754 :
2904 719 2923 751 ι
2964 700 3024 754 ln
3044 700 3236 756 multo
3273 710 3543 771 tempore,

1960 794 2265 865 sapientia.
2294 804 2350 849 et
2381 795 2435 848 in
2467 795 2578 849 vita
2609 791 2942 864 prolixiore,
2976 791 3208 846 scientia
3231 792 3297 844 δι.
3334 812 3353 843 ι
3390 793 3547 847 Alius

1962 887 2137 943 item:
2176 907 2193 939 ι
2229 886 2444 943 Corona
2478 903 2703 952 senum,
2734 887 2906 941 multa
2939 885 3173 955 peritia,
3205 895 3261 938 et
3290 886 3547 956 gloriatio
3626 944 3630 961 ἶ

1959 994 2154 1033 eorum
2186 979 2353 1033 timor
2381 979 2601 1034 Domini
2625 980 2691 1032 3'.
2728 998 2747 1031 ι
2782 979 3081 1049 Apostolus
3106 978 3335 1046 insuper
3362 978 3547 1031 Timo~

1964 1069 2091 1124 theo
2126 1087 2138 1122 :
2180 1089 2197 1120 ι
2236 1068 2524 1124 Seniorem
2562 1086 2631 1123 ne
2667 1069 3063 1138 iucrepaveris,
3096 1069 3193 1125 sed
3228 1069 3456 1124 obsecra
3487 1081 3549 1124 ut

1960 1169 2175 1228 patrem
2200 1158 2267 1213 ⁸³.
2303 1178 2319 1210 ι
2350 1159 2589 1214 Omnino
2612 1159 2748 1213 illud
2773 1159 2957 1214 [orsan
2981 1161 3256 1230 objeceris
3282 1179 3294 1213 :
3328 1182 3347 1212 ι
3374 1159 3550 1230 Opor-

1962 1260 2041 1306 tet
2083 1266 2245 1306 senes
2289 1252 2508 1307 sobrios
2547 1267 2694 1317 esse,
2732 1259 2937 1317 castos,
2972 1268 3138 1307 sanos
3176 1251 3284 1307 ﬁde
3319 1262 3376 1307 et
3410 1253 3550 1308 dile-

1959 1342 2144 1399 ctione
2169 1343 2249 1406 3‘,
2305 1363 2325 1395 ι
2373 1344 2529 1415 juxta
2583 1344 2834 1414 ejusdem
2883 1344 3135 1414 Apostoli
3185 1346 3545 1423 sententiam.

1967 1454 1985 1487 ι
2014 1435 2288 1492 Senectus
2313 1438 2462 1491 enim
2493 1437 2837 1493 honorabilis
2860 1446 2947 1493 est
2975 1453 3086 1493 non
3118 1438 3383 1493 diuturna
3402 1481 3416 1505 ,
3448 1455 3549 1494 ne-

1959 1543 2068 1598 que
2102 1543 2376 1583 annorum
2416 1543 2652 1583 numero
2686 1537 3039 1600 computata,
3073 1530 3197 1585 cani
3232 1531 3382 1586 enim
3419 1541 3552 1586 sunt

1959 1634 2159 1675 sensus
2202 1620 2473 1686 hominis,
2513 1629 2570 1675 et
2607 1629 2740 1677 retas
2782 1622 3089 1677 senectutis
3125 1622 3239 1677 vita
3282 1623 3552 1678 immacu-

1958 1711 2089 1778 lata,
2126 1731 2144 1764 ι
2175 1714 2333 1785 juxta
2365 1713 2790 1784 Scriptorum“.
2824 1715 3043 1770 Nostra:
3067 1732 3180 1770 non
3206 1724 3291 1771 est
3317 1717 3550 1772 faculta-

1959 1803 2053 1870 tis,
2081 1806 2447 1874 pronuntiare
2472 1806 2541 1861 de
2570 1807 2869 1877 ejusmodi,
2897 1807 3072 1879 magis
3095 1819 3281 1863 autem
3309 1809 3427 1873 Dei,
3453 1810 3549 1880 qui

1956 1895 2155 1965 probat
2184 1897 2350 1951 corda
2380 1908 2573 1952 nostra
2604 1914 2617 1950 :
2648 1906 2850 1953 nostrae
2878 1906 3065 1953 autem
3092 1898 3398 1954 {unctionis
3431 1901 3553 1954 uni-

1959 1988 2189 2045 cuilibet
2222 1991 2456 2046 reddere
2487 2007 2586 2047 sua
2616 1992 2805 2048 debita
2835 2012 2850 2047 :
2885 2011 2904 2045 ι
2935 1993 3037 2049 Cui
3073 1994 3350 2059 timorem,
3382 1996 3550 2050 tirno—

1960 2089 2077 2137 rem
2108 2099 2122 2136 :
2150 2082 2241 2137 cui
2273 2083 2564 2148 honorem,
2600 2084 2869 2139 honorem
2904 2103 2917 2138 :
2950 2101 3063 2141 non
3094 2087 3272 2141 solum
3306 2086 3469 2142 bonis
3493 2098 3553 2143 et

1959 2172 2247 2240 modestis,
2281 2174 2375 2229 sed
2407 2182 2465 2230 et
2491 2175 2732 2247 dyseolis
2754 2175 2822 2231 ⁸⁸.
2860 2198 2878 2228 ι
2917 2176 3024 2232 Sed
3053 2188 3109 2232 et
3136 2178 3386 2234 fraterna
3419 2181 3547 2235 cha-

1962 2265 2126 2320 ritate
2159 2266 2397 2323 invicem
2422 2268 2679 2323 benevoli
2715 2287 2726 2322 :
2765 2287 2783 2320 ι
2820 2268 3040 2325 Ilonore
3072 2271 3309 2326 invicem
3342 2288 3554 2342 preve-

1959 2358 2180 2414 nientes
2199 2359 2265 2413 '7.
2300 2379 2318 2409 )-
2350 2358 2629 2430 Scriptum
2654 2362 2861 2432 quippe
2887 2371 2973 2416 est
3000 2381 3012 2416 :
3048 2382 3068 2414 ι
3097 2364 3222 2429 Fili,
3250 2365 3297 2420 si
3326 2366 3554 2435 sapiens

1962 2450 2161 2517 fueris,
2198 2450 2299 2505 tibi
2337 2451 2442 2522 ipsi
2478 2451 2592 2508 eris
2624 2462 2679 2508 et
2713 2455 2967 2523 proximo
3000 2471 3012 2507 :
3044 2455 3088 2509 si
3125 2465 3311 2511 autem
3345 2458 3550 2523 malus,

1963 2539 2239 2605 interibis,
2260 2548 2318 2595 et
2345 2543 2496 2596 solus
2525 2542 2824 2598 exhauries
2853 2544 2994 2598 mala
3013 2544 3080 2598 ⁵⁸⁸.
3110 2564 3128 2595 ι
3156 2546 3270 2601 Nec
3297 2546 3554 2602 diversus

1962 2632 2079 2687 abit
2101 2633 2298 2688 Petrus
2328 2651 2341 2687 :
2377 2652 2395 2685 ι
2420 2634 2703 2702 Iuniores,
2732 2635 2969 2706 subjecti
2992 2645 3168 2692 estete
3194 2638 3513 2693 senioribus
3539 2657 3553 2689 :

1965 2724 2160 2778 omnes
2191 2733 2375 2783 autem
2409 2725 2650 2782 invicem
2677 2727 3051 2783 humilitatem
3085 2727 3394 2793 insinuate,
3426 2730 3556 2800 quia

1966 2814 2114 2871 Deus
2155 2816 2418 2885 superbis
2458 2818 2693 2884 resistit,
2731 2818 3040 2875 humilibus
3076 2824 3260 2877 autem
3300 2822 3395 2876 dat
3437 2838 3558 2893 gra-

1965 2909 2119 2965 tiam.
2163 2909 2378 2983 1204
2413 2911 2794 2966 Humiliamini
2828 2926 2963 2983 ergo
2998 2913 3103 2967 sub
3137 2914 3349 2984 potenti
3390 2930 3559 2969 manu

1963 3001 2084 3066 Dei,
2114 3012 2175 3057 ut
2204 3004 2411 3058 exaltet
2441 3019 2540 3058 vos
2572 3003 2629 3058 in
2668 3012 2918 3074 tempore
2944 3007 3010 3059 ⁸⁸⁸.
3054 3023 3072 3055 ι
3110 3006 3358 3061 Addecet
3392 3006 3560 3078 igitur

1964 3108 2067 3147 nos
2107 3093 2203 3163 qui
2243 3092 2544 3149 Christiani
2593 3110 2818 3161 sumus,
2863 3096 3100 3167 singulis
3143 3098 3456 3169 quibusque
3499 3109 3563 3155 ut

272 3186 486 3254 ἄφατον
514 3184 683 3239 αὑτοῦ
719 3186 858 3257 πρὶς
886 3184 1044 3256 ἡμῶν
1117 3183 1559 3253 συγκατάόασιν,
1603 3184 1703 3238 οὐκ
1753 3186 1861 3238 ἀπ-

1969 3184 2269 3243 reddamus
2299 3185 2511 3242 debita.
2538 3187 2675 3243 Nam
2705 3197 2764 3244 et
2792 3189 2898 3245 hoc
2928 3189 2999 3245 ab
3033 3191 3155 3261 ipso
3182 3190 3418 3247 Domino
3448 3192 3561 3248 Deo

273 3277 513 3349 ηξίωσεν
542 3277 952 3348 παραγενέσθαι
977 3277 1111 3349 πρὸς
1149 3276 1540 3347 Ἰωάννην,τοῦ
1562 3276 1862 3347 βαπτισθῆ-

273 3388 371 3425 ναι
393 3370 487 3423 ὑπ’
515 3369 703 3424 αὑτοῦ.
725 3369 783 3424 '0
814 3369 871 3423 δὲ
893 3368 1187 3423 διεκώλυεν
1218 3369 1406 3433 αὑτὸν,
1434 3368 1636 3438 λέγων·
1676 3388 1694 3419 ι
1721 3367 1866 3436 Ἐγὼ

273 3462 473 3534 χρείαν
502 3462 613 3533 ἔχω
646 3462 752 3515 ὑπὸ
782 3461 877 3516 σοῦ
906 3461 1297 3532 βαπτισθῆναι,
1341 3463 1435 3517 καὶ
1468 3462 1533 3514 σὺ
1560 3459 1696 3533 ἔρχῃ
1730 3460 1868 3530 πρός

278 3572 390 3626 με;
430 3573 448 3607 ι
479 3557 507 3609 ὁ
624 3543 906 3623 Δεσπότης
935 3552 1015 3626 τῷ
1043 3552 1239 3624 δούλῳ*
1281 3571 1300 3603 ι
1337 3552 1511 3621 Ἀφες
1545 3551 1700 3619 ἄρτι·
1724 3551 1868 3604 οὕτω

272 3648 392 3718 γὰρ
422 3647 633 3720 πρέπον
673 3648 806 3719 ἡμῖν
845 3647 995 3699 ἐστιν
1037 3644 1330 3718 πληρῶσαι
1364 3646 1546 3699 πᾶσαν
1592 3642 1868 3698 δικαιοσύ-

274 3756 402 3810 νην.
441 3757 461 3791 ι
496 3738 657 3810 Αὐτῷ
678 3740 712 3811 ἡ
731 3738 860 3803 δόξα
888 3739 970 3802 είς
1001 3738 1129 3800 τοὺς
1159 3736 1385 3801 αἰῶνας.
1429 3735 1623 3807 Ἀμήν.

894 4044 1115 4099 ΛΟΓΟΣ
1140 4043 1244 4097 PI’.

526 4162 667 4232 Περὶ
694 4161 1116 4232 μακροθυμίας
1144 4158 1242 4214 καὶ
1274 4157 1625 4227 όξυχολίας.

359 4275 537 4329 Πᾶσαι
563 4275 662 4345 μὲν
686 4275 745 4327 αί
785 4274 983 4346 ἀρεταὶ
1029 4268 1334 4336 ἐπαινεταὶ,
1363 4270 1460 4324 καὶ
1490 4268 1865 4323 εὐαπόδεκτοι.

287 4365 428 4420 Ὅδὲ
446 4365 811 4437 μακρόθυμος
831 4364 928 4418 καὶ
956 4364 1235 4435 ἀόργητος
1269 4363 1370 4434 μὲν
1402 4355 1558 4425 οὗτος
1589 4361 1756 4430 σοφὸς
1772 4360 1869 4414 καὶ

272 4458 526 4524 συνετὸς,
572 4457 890 4529 ἀπέρπερὸς
945 4473 1007 4510 τε
1062 4455 1154 4509 καὶ
1193 4455 1468 4526 ἐπιεικής.
1512 4454 1571 4507 '0
1628 4451 1870 4518 τοιοῦτος

1970 3287 2029 3333 et
2063 3278 2353 3350 Salvatore
2390 3289 2584 3335 nostro
2616 3281 2747 3337 Jesu
2782 3280 3006 3337 Christo
3041 3283 3372 3338 instruimur
3411 3302 3424 3338 :
3462 3300 3562 3354 per

1969 3369 2307 3427 ineﬂ‘abilem
2347 3374 2494 3429 enim
2538 3389 2695 3430 suam
2728 3374 2797 3429 ad
2831 3390 2936 3431 nos
2968 3375 3382 3445 dignationem,
3420 3376 3580 3432 nihil.

1969 3461 2258 3533 indignum
2294 3464 2454 3520 duxit
2484 3466 2752 3522 Joannem
2785 3475 2847 3522 ut
2879 3466 3079 3532 adiret,
3113 3468 3183 3523 ab
3218 3468 3339 3538 ipso
3375 3469 3561 3539 bapti-

1970 3554 2200 3611 zandus.
2228 3557 2326 3634 Ille
2358 3573 2527 3628 porro
2559 3557 2895 3628 prohibebat
2926 3575 3083 3625 eum,
3117 3559 3309 3616 dicens
3343 3578 3357 3614 :
3393 3579 3411 3612 ‹
3447 3561 3562 3634 Ego

1969 3662 2111 3718 opus
2139 3648 2320 3704 habeo
2347 3665 2378 3704 a
2407 3658 2460 3705 te
2486 3649 2779 3721 baptizari,
2807 3665 2864 3706 et
2891 3661 2949 3706 tu
2979 3652 3135 3707 venis
3163 3652 3230 3707 ad
3261 3653 3380 3707 me?
3406 3672 3425 3705 ι
3451 3654 3561 3708 Do-

1971 3738 2158 3794 minus
2190 3748 2374 3794 autem
2410 3754 2571 3794 servo
2605 3757 2619 3792 :
2661 3759 2678 3791 ι
2715 3740 2846 3795 Sine
2879 3757 3031 3796 nunc
3060 3756 3074 3795 :
3104 3742 3185 3797 sic
3215 3742 3362 3797 enim
3401 3742 3562 3799 decet

1970 3846 2073 3886 nos
2096 3830 2326 3902 implere
2356 3847 2576 3886 omnem
2601 3832 2871 3903 justitiam
2891 3836 2955 3889 '°.
2992 3853 3010 3886 ι
3044 3835 3150 3905 Ipsi
3180 3836 3354 3907 gloria
3381 3835 3435 3890 in
3462 3852 3563 3893 sa:-

1970 3921 2115 3977 cula.
2145 3920 2340 3977 Amen.

2546 4036 2829 4095 HOMlLlA
2868 4040 2981 4096 CX.

1977 4154 2052 4208 De
2088 4154 2500 4225 longanimitate
2538 4156 2646 4209 sive
2683 4155 2902 4211 leuitate
2941 4157 3128 4220 animi,
3160 4166 3209 4210 et
3247 4157 3557 4215 iracundia.

2043 4264 2292 4321 Virtutes
2319 4266 2545 4336 quidem
2575 4281 2771 4323 omnes
2796 4268 2961 4324 laude
2993 4277 3050 4324 et
3078 4271 3559 4329 commendatione

1971 4372 2097 4412 cum
2125 4357 2321 4427 primis
2347 4357 2527 4429 dignae
2550 4368 2681 4415 sunt
2710 4376 2724 4415 :
2753 4362 2848 4432 qui
2876 4371 3063 4417 autem
3092 4362 3348 4433 placabili
3372 4365 3560 4422 animo

1971 4455 2079 4514 est,
2103 4463 2209 4503 nec
2237 4447 2304 4502 ad
2334 4448 2476 4506 iram
2505 4450 2636 4505 ullis
2662 4452 2957 4522 prolicitur
2981 4452 3345 4523 quantislibet
3370 4456 3560 4526 pulsa-

272 4551 551 4607 πάντοθεν
600 4550 968 4620 κεκόσμηται,
1004 4546 1102 4601 καὶ
1142 4547 1207 4599 ὲκ
1243 4545 1348 4616 τῆς
1410 4544 1549 4608 ίδίας
1585 4543 1861 4614 μακροθυ-

1974 4545 2064 4594 tus
2104 4538 2346 4613 injuriis,
2389 4541 2515 4597 talis
2562 4542 2752 4613 utique
2794 4546 3015 4615 sapiens
3055 4545 3412 4618 prudensque
3451 4557 3558 4615 est,

274 4642 414 4717 μίας
436 4641 694 4714 οἰκοδομὴ
725 4644 838 4705 τοῖς
865 4639 1101 4710 πλησίον
1138 4638 1375 4707 γίνεται,
1418 4635 1520 4691 καὶ
1546 4634 1865 4706 εὑρίσκεται

270 4734 376 4792 τοῦ
398 4733 770 4807 -μακροθύμου
808 4733 944 4787 Θεοῦ
983 4731 1195 4796 τέκνον,
1227 4728 1322 4783 τοῦ
1351 4728 1619 4800 φέροντος
1667 4727 1754 4781 ἀεὶ
1797 4725 1866 4780 τά

262 4823 643 4895 ἐλαττώματα
695 4823 876 4894 ἡμῶν.
920 4841 939 4873 ι
976 4820 1197 4874 Γίνεσθε
1236 4818 1382 4888 γὰρ,
1426 4817 1614 4887 φησὶν,
1649 4815 1864 4881 τέλειοι,

264 4919 355 4981 ὡς
385 4919 415 4971 ὁ
450 4915 642 4988 Πατὴρ
663 4915 820 4985 ὑμῶν
848 4915 878 4968 ό
903 4914 1177 4984 οὐράνιος.
1211 4932 1229 4965 ι
1286 4912 1499 4982 Ὠσπερ
1542 4909 1653 4981 γὰρ
1715 4908 1867 4979 πηγὴ

273 5006 657 5080 ἡσυχάζουσα,
696 5007 865 5060 πᾶσιν
896 5006 1012 5067 τοῖς
1042 5002 1331 5075 περιοῦσιν
1376 5000 1661 5080 προσηνὲς.
1704 4998 1869 5052 ποτὸν

270 5074 537 5170 ’κέαρ-ἒχειν
564 5095 740 5161 οὕτως
766 5097 797 5149 ὅ
829 5074 1183 5167 μακρόθυμος
1202 5094 1345 5166 ἀνὴρ
1376 5095 1492 5157 τοῖς
1523 5074 1692 5146 πᾶσίν
1716 5092 1866 5159 ὠφέ-

269 5193 441 5261 λιμος
467 5190 727 5262 ὑπάρχει.
753 5187 862 5242 Τοῦ
896 5186 1145 5258 μακροθύ
1157 5204 1260 5257 μου
1284 5187 1345 5240 τὸ
1401 5186 1718 5257 πρόσωπον,
1770 5182 1869 5238 καὶ

263 5281 342 5335 τὸ
365 5275 500 5353 ἦθος
530 5281 620 5334 ἀεὶ
642 5277 1107 5349 κατεσταλμένον,
1155 5278 1248 5332 καὶ
1281 5279 1330 5331 οί
1363 5276 1636 5347 ὀφθαλμοὶ
1672 5275 1866 5341 αὐτοῦ,

268 5371 558 5443 προσηνὲς
583 5370 898 5440 βλέπουσιν.
932 5368 1306 5440 Μακρόθυμος
1336 5368 1447 5440 γὰρ
1479 5369 1641 5439 ἀνὴρ,
1676 5367 1864 5438 φησὶν,

266 5463 455 5526 πολὺς
476 5465 533 5516 ἐν
552 5464 813 5533 φρονήσει
836 5479 849 5493 ·
879 5464 906 5515 ό
933 5462 988 5515 δὲ
1023 5461 1369 5532 ὀλιγόψυχος,
1403 5458 1624 5531 ἰσχυρὸς
1652 5458 1864 5530 ἄφρων.

280 5556 357 5611 Ὀ
401 5556 775 5627 μακρὸθυμος,
825 5554 1081 5624 γαληνὸς,
1119 5554 1417 5624 ἁτάραχος,
1477 5550 1749 5621 βασταγὺς
1779 5550 1867 5605 ἀεὶ

386 5713 433 5744 ⁷⁸
474 5714 613 5769 Tob.
639 5730 713 5777 tv,
752 5717 846 5775 H5;
884 5713 1074 5768 Matth.
1106 5729 1199 5776 vn,
1230 5712 1328 5774 19.;
1366 5710 1501 5765 Luc.
1536 5726 1608 5770 \‘l.
1641 5709 1731 5763 “5|.

254 5790 317 5821 ετ
374 5784 560 5837 l'l‘im.
587 5801 641 5849 v,
669 5785 720 5838 1.
824 5783 873 5814 ⁸³
912 5783 1021 5837 Tit.
1054 5800 1109 5844 ιι,
1138 5784 1190 5837 2.
1268 5784 1312 5814 ⁸⁵
1353 5782 1479 5850 Sap.
1513 5797 1583 5842 tv,
1620 5779 1671 5832 8.

251 5864 312 5893 δι’
372 5858 386 5909 ξ
431 5857 574 5908 ὶνιιτ.
600 5871 654 5919 v,
682 5856 735 5921 5,
762 5855 817 5910 6.
894 5856 939 5886 9°
981 5854 1175 5909 Matth.
1207 5870 1282 5908 ιιι.
1315 5853 1401 5914 Η,
1438 5853 1522 5904 1‘55.

613 5951 879 6012 ΡΑτῐιοῐ..
930 5953 1042 6013 Gn.
1086 5949 1415 6011 LXXXIX.

1837 5708 1882 5739 ⁸ο
1942 5707 2118 5762 Levit.
2156 5724 2265 5772 xm,
2295 5707 2385 5764 32.

1750 5779 1794 5806 ⁸⁸
1838 5779 1853 5832 1
1886 5780 2034 5832 Ριιιικ
2066 5795 2121 5842 ιι,
2162 5779 2244 5831 l8.

1602 5853 1643 5881 9‘
1687 5850 1875 5903 Matth.
1916 5866 1963 5914 ι’,
1997 5853 2082 5902 ιε.

1969 4627 2157 4683 minus
2184 4643 2429 4699 praeceps
2455 4629 2550 4684 sed
2583 4631 2926 4687 moderatus.
2954 4634 3104 4690 Talis
3129 4635 3281 4690 omni
3311 4651 3378 4691 ex
3404 4646 3561 4707 parte

1963 4718 2274 4789 perpolitus
2298 4729 2386 4776 est
2414 4727 2470 4774 et
2501 4727 2761 4786 ornatus,
2789 4736 2855 4776 ac
2884 4723 3111 4792 propria
3139 4723 3560 4794 longanimitate

1964 4827 2304 4884 magnopere
2338 4813 2574 4869 aediﬁcat
2609 4815 2910 4884 proximos,
2946 4817 3178 4888 ejusque
3210 4819 3559 4888 eomperitur

1964 4914 2087 4958 esse
2119 4901 2303 4969 ﬁlius,
2340 4903 2436 4973 qui
2471 4904 2627 4958 nullo
2660 4919 2771 4959 non
2809 4912 3059 4975 tempore
3094 4915 3313 4961 nostros
3348 4907 3560 4977 perfert

1972 4993 2367 5064 longanimiter
2393 4993 2645 5051 defectus
2677 5013 2690 5048 :
2721 4995 2817 5065 qui
2849 5005 2907 5051 et
2938 4995 3016 5051 ait
3049 5016 3061 5049 :
3098 5015 3118 5049 ι
3152 4997 3342 5053 Estote
3374 4998 3559 5069 perfe-

1972 5085 2070 5151 cti,
2098 5085 2245 5142 sicut
2272 5087 2437 5142 Pater
2462 5098 2647 5143 vester
2672 5088 2914 5144 coalestis
2932 5090 2999 5143 ⁹¹.
3034 5108 3053 5141 ι
3082 5088 3558 5157 Quemadmodum

1970 5178 2120 5233 enim
2156 5178 2282 5233 fons
2316 5179 2613 5235 silentibus
2646 5180 2919 5236 scatebris
2949 5182 3362 5252 praeterﬂuens,
3398 5193 3563 5254 quot-

1969 5280 2107 5341 quot
2132 5287 2194 5328 se
2220 5273 2460 5339 adeunt,
2494 5280 2788 5330 ultroneus
2813 5275 3039 5349 ιιι-πίονι
3064 5291 3286 5331 suavem
3320 5287 3510 5347 potum
3541 5295 3557 5333 :

1966 5368 2048 5420 ita
2079 5372 2136 5419 et
2156 5365 2245 5419 vir
2268 5365 2606 5437 longanimis
2633 5381 2698 5422 ac
2726 5367 2997 5438 placidus.
3027 5368 3146 5438 ipse
3174 5369 3363 5423 vultus
3392 5378 3559 5440 atque

1971 5457 2189 5513 indoles
2217 5457 2321 5512 viri
2352 5457 2434 5512 sic
2461 5470 2661 5514 cuncta
2692 5459 3084 5530 longanimiter
3110 5460 3402 5516 tolerantis
3439 5477 3557 5515 mo-

1970 5550 2317 5606 derationem
2342 5550 2513 5606 animi
2538 5552 2873 5623 promittunt
2896 5568 2961 5609 ac
2985 5562 3404 5625 reprmsentant.
3431 5554 3560 5625 Ipsi-

3065 5711 3109 5743 ”
3149 5710 3321 5764 Eccli.
3351 5726 3475 5769 xv.
3506 5715 3557 5765 fi.

2898 5783 2942 5810 “”
2990 5783 3150 5835 Prov.
3179 5797 3337 5845 χχιιι,
3374 5782 3554 5839 “$.55,

2495 5708 2532 5739 ⁸¹
2578 5708 2682 5763 Job
2712 5726 2876 5773 xxx",
2910 5710 2991 5771 7.,

2323 5779 2367 5809 ⁸⁷
2410 5778 2572 5833 Rom.
2605 5797 2695 5843 xu,
2733 5781 2817 5833 it).

3160 5950 3235 6010 56
