4042 6460
645 357 772 427 1771

1911 362 2280 424 ANTiOCIlI
2319 359 2666 425 MONACHI
3695 377 3784 444 ιπι

638 487 747 543 que
771 468 917 526 oculi
945 467 1158 542 placide
1183 483 1249 523 ac
1273 467 1476 524 leniter
1501 475 1838 540 respectant.
1866 467 2200 540 Longanimit

2325 469 2663 538 εὑρίσκεται,
2723 472 2792 525 τὰ
2821 472 3017 527 ἑαυτοῦ
3065 473 3298 530 πάντοτε
3333 479 3609 550 προσέχων,
3633 487 3722 556 οὐχὶ
3740 493 3786 542 τὰ

637 561 786 627 enim
810 562 898 617 vir
920 563 1132 616 multus
1156 567 1241 616 est
1268 560 1324 615 in
1353 559 1668 631 prudentia,
1695 559 2062 630 pusillanimis
2085 574 2200 613 verr

2319 559 2414 612 τοῦ
2445 559 2675 631 πλησίον
2706 560 3074 633 ἐλαττώματα
3094 581 3106 594 ·
3149 566 3242 617 καὶ
3279 571 3510 638 μεριμνᾷ
3541 571 3636 635 πῶς
3658 574 3787 644 (ipim

636 654 796 711 fortis
823 655 1053 711 stultus.
1084 653 1441 723 Longauimis
1477 652 1757 724 proximos
1784 649 2200 721 dept'cltcnditm

2317 650 2396 722 τῷ
2438 651 2578 721 θεῷ.
2647 653 2774 708 Ἐὰν
2821 655 2930 725 γάρ
2978 671 3065 719 τις
3130 657 3478 728 μακρόθυμος
3517 660 3717 732 γένηται,
3751 671 3789 721 :5

635 745 869 802 sufferre
902 760 1142 814 semper,
1174 745 1313 799 citra
1341 757 1562 798 omnem
1595 742 1976 811 intemperiem
2009 755 2072 794 ac
2105 749 2219 793 tur-

2320 743 2546 812 Πνεῦμα
2575 745 2636 797 τὸ
2665 745 2820 812 ἅγιον
2840 749 3085 800 κατοικεῖ
3109 749 3167 800 ἐν
3193 749 3341 820 αὐτῷ
3359 750 3598 822 καθαρὸν,
3629 757 3689 824 μὴ
3709 759 3790 810 ἑτι-

637 837 837 894 bclam.
883 836 1022 892 Suos
1069 850 1308 904 semper,
1354 849 1465 888 non
1513 833 1646 888 item
1695 830 1932 902 proximi
1981 829 2200 884 attendi:

2317 835 2682 906 σκοτούμενον
2741 838 2846 892 ὑπὸ
2879 840 3067 910 ἐτέρου
3105 841 3344 911 πονηροῦ
3377 843 3682 914 πνεύματοςο
3717 851 3794 902 ἀλλ’

633 929 885 986 defectus
915 947 930 980 :
967 927 1174 998 cogitat
1205 941 1393 980 secum
1427 925 1620 990 anxie,
1652 925 1748 994 qui
1784 923 1958 994 possit
1989 938 2050 977 se
2083 937 2214 992 pro-

633 1021 770 1076 bare
805 1021 936 1076 Deo.
974 1018 1236 1088 Quisquis
1276 1016 1497 1072 tandem
1541 1015 1621 1071 sic
1657 1014 1929 1070 cliicietur
1964 1013 2214 1083 longani-

632 1114 768 1180 mis,
813 1113 962 1167 hunc
999 1109 1240 1180 Spiritus
1283 1117 1510 1164 sanctus
1549 1123 1682 1164 sane
1720 1121 1896 1177 purus
1934 1105 2210 1172 sordium,

632 1205 846 1276 placide
881 1203 1174 1266 inhabitat,
1202 1217 1306 1256 nec
1333 1201 1579 1272 patietur
1601 1215 1670 1255 eo
1699 1199 1893 1255 inferri
1919 1214 1948 1252 a
1974 1197 2212 1268 maligno

629 1300 831 1371 spiritu
873 1296 1090 1368 quidvis
1122 1295 1506 1366 caliginosum,
1542 1294 1639 1350 sed
1679 1293 1918 1364 spatiose
1957 1291 2212 1346 habitans

629 1407 754 1448 cum
790 1406 892 1446 suo
924 1405 1052 1444 vase
1085 1387 1234 1460 quod
1270 1387 1585 1442 inhabitare
1619 1385 1901 1457 dignatur,
1931 1383 2210 1439 exhilare-

625 1483 744 1538 scit.
776 1481 920 1548 Quin
948 1489 1006 1535 et
1034 1479 1158 1535 talis
1181 1478 1420 1534 Domino
1445 1479 1725 1532 ministrat
1752 1475 1924 1531 multa
1955 1475 2212 1546 perfusus

627 1575 930 1629 hilaritate.
957 1573 1014 1629 Si
1043 1589 1152 1643 qua
1183 1571 1415 1642 proinde
1445 1569 1731 1625 iracundia
1763 1567 2054 1640 ingruerit,
2081 1583 2209 1622 mox

625 1666 869 1738 Spiritus
899 1665 989 1720 ille
1017 1673 1243 1721 sanctus
1275 1665 1332 1719 in
1363 1672 1656 1735 angustum
1685 1677 1746 1717 se
1771 1659 2073 1726 contrahit,
2097 1676 2207 1715 non

623 1762 732 1832 jam
770 1761 954 1815 locum
996 1758 1211 1814 habens
1251 1773 1365 1812 suae
1403 1755 1712 1812 sinceritati
1748 1763 2145 1824 congruentem
2190 1771 2203 1806 :

625 1852 776 1906 illinc
799 1853 1101 1908 etiamnum
1129 1849 1326 1920 quaerit
1354 1848 1685 1912 desciscere,
1707 1845 1855 1916 quod
1881 1845 2064 1900 locum
2093 1859 2201 1899 non

623 1945 824 1999 habeat
853 1943 1038 2014 (prout
1071 1941 1300 2012 expetit)
1333 1939 1401 1995 ad
1429 1938 1783 1994 serviendum
1813 1937 2049 1992 Domino
2081 1936 2202 1991 ido-

625 2053 811 2108 neum.
847 2037 906 2092 In
953 2035 1370 2108 longanimitate
1411 2033 1621 2088 habitat
1662 2031 1950 2095 Dominus,
1988 2030 2046 2084 in
2089 2029 2204 2084 ira-

623 2104 826 2184 cundia
851 2145 984 2184 vero
1011 2127 1286 2190 diabolus.
1318 2125 1558 2196 Spiritus
1588 2123 1756 2196 igitur
1781 2134 2016 2193 uterque
2044 2136 2203 2176 cum-

621 2223 749 2278 dem
790 2222 835 2276 si
881 2220 1153 2276 inhabitet
1197 2220 1402 2282 locum,
1447 2219 1633 2272 minus
1673 2215 1955 2278 conducit,
1996 2215 2108 2269 imo
2147 2213 2204 2268 in

622 2314 826 2369 malum
861 2313 1010 2370 cedit
1048 2311 1258 2368 homini
1296 2327 1461 2382 quem
1503 2318 1741 2380 uterque
1781 2307 2056 2364 inhabitat
2093 2307 2206 2376 spi-

621 2406 786 2460 ritus.
827 2403 884 2460 Si
927 2403 1052 2474 quis
1091 2403 1238 2457 enim
1283 2409 1510 2471 accepto
1553 2401 1609 2456 in
1653 2415 1848 2455 manus
1889 2397 2200 2463 absinthio,

622 2494 834 2566 1205
864 2511 930 2549 ex
957 2509 1024 2549 eo
1055 2492 1308 2548 nonnihil
1340 2490 1595 2572 infundat
1625 2489 1773 2546 dolio
1823 2489 2028 2554 mellis,
2056 2505 2202 2543 nun-

619 2583 750 2652 quid
781 2599 892 2638 non
925 2583 1097 2654 totius
1125 2580 1305 2636 mellis
1333 2577 1529 2634 dulcor
1559 2579 1886 2650 deperditur
1915 2587 1971 2632 et
1999 2591 2197 2632 evane—

618 2673 762 2729 scit?
793 2675 860 2730 Et
891 2674 1116 2745 quidem
1150 2688 1251 2742 per
1279 2671 1695 2743 portiunculam
1731 2669 1998 2724 absinthii
2038 2677 2202 2724 tanta:

619 2766 912 2822 suavitatis
938 2765 997 2820 fit
1028 2765 1310 2835 depulsio;
1343 2763 1528 2834 perdit
1556 2763 1706 2817 enim
1736 2762 1977 2816 nativam
2011 2760 2202 2814 dulce-

619 2857 828 2923 dinem,
855 2865 912 2912 et
936 2857 1250 2922 amarcscit,
1276 2871 1381 2910 nec
1409 2855 1712 2924 quidquam
1742 2862 1929 2909 servat
1955 2853 2202 2923 pristina:

619 2950 811 3021 gratia:
843 2949 989 3020 apud
1024 2948 1312 3003 dominum
1349 2963 1540 3012 suum,
1579 2945 1728 3017 quod
1761 2945 2111 3016 degenerarit
2147 2945 2200 3000 in

617 3041 1062 3096 amaritudinem.
1111 3041 1278 3096 Planc
1318 3039 1476 3097 vides
1515 3039 1678 3110 longe
1717 3053 1840 3094 esse
1882 3037 2048 3092 etiam
2089 3053 2202 3106 prtB

622 3131 817 3185 melleo
843 3130 1072 3184 dulcorc
1101 3128 1474 3184 dulcissimam
1507 3145 1520 3180 :
1549 3127 1684 3197 quin
1715 3133 1770 3181 ct
1795 3141 1860 3180 ea
1892 3125 2066 3180 utitur
2089 3125 2198 3180 Do-

622 3224 805 3278 minus
831 3210 994 3293 quam
1023 3221 1496 3286 commodissime;
1523 3235 1649 3275 eum
1677 3229 1871 3276 contra
1899 3219 2199 3275 iracundia:

618 3317 773 3370 furor
811 3323 868 3370 et
909 3314 1292 3370 amarulentus
1333 3323 1418 3370 est
1459 3321 1514 3368 et
1557 3326 1812 3383 prorsum
1860 3311 2092 3366 inutilis.
2141 3310 2198 3365 Si

619 3407 838 3479 quando
866 3407 955 3461 illa
985 3407 1245 3462 concitati
1277 3406 1445 3461 animi
1478 3404 1926 3460 incandescentia
1953 3403 2118 3458 simul
2145 3411 2201 3458 et

600 3498 884 3570 _patientia
914 3496 1348 3568 permiscentur,
1375 3495 1464 3549 cui
1495 3491 1724 3548 dubium
1753 3493 1853 3558 sit,
1878 3491 2197 3564 patientiam

574 3573 581 3581 ’
619 3585 762 3641 foeda
783 3585 1109 3656 contagione
1136 3583 1306 3654 pollui
1327 3591 1382 3638 et
1403 3581 1796 3651 conspurcari?
1819 3580 1916 3636 sed
1941 3597 2044 3636 nec
2063 3596 2199 3636 con-

617 3689 842 3744 gressus
880 3673 1152 3746 ejusmodi
1193 3673 1474 3745 patientiae
1515 3673 1639 3726 usui
1681 3675 1804 3728 esse
1842 3673 1956 3727 Deo
1996 3681 2196 3743 potest.

614 3765 905 3822 Iracundia
929 3768 1078 3821 enim
1101 3767 1337 3836 maligna
1360 3781 1484 3822 cum
1511 3765 1604 3830 sit,
1627 3780 1726 3820 sua
1750 3764 1925 3836 ipsius
1949 3764 2200 3834 improba

615 3860 936 3930 operatione
965 3859 1238 3915 subvertit
1267 3874 1456 3914 servos
1489 3859 1608 3913 Dei.
1638 3859 1815 3914 Simul
1844 3857 1992 3912 enim
2027 3866 2090 3912 ut
2117 3857 2198 3913 vi-

614 3950 761 4005 derit
796 3951 1048 4006 homines
1082 3950 1362 4020 requietos
1397 3965 1504 4006 nec
1538 3949 1650 4004 ulla
1681 3948 1958 4004 seditione
1990 3947 2200 4004 tumul-

617 4053 856 4108 tuantes,
883 4044 1120 4115 seipsam
1148 4043 1359 4115 colligit
1385 4032 1677 4099 ac'inserit
1699 4041 1854 4098 cordi
1881 4041 2048 4098 unius
2073 4041 2198 4097 illo-

615 4151 762 4202 rum,
781 4138 878 4206 qui
902 4136 1053 4191 nulla
1075 4151 1143 4191 ex
1167 4150 1228 4190 re
1250 4135 1552 4190 amarescit
1576 4142 1747 4198 totus,
1763 4141 1822 4189 et
1840 4141 2201 4203 exasperatur

613 4229 687 4284 ob
717 4244 810 4284 res
845 4229 1244 4299 temporarias,
1277 4235 1375 4282 aut
1407 4236 1560 4282 certe
1592 4227 1665 4281 ob
1695 4226 1910 4292 edulia,
1941 4234 2037 4281 aut
2069 4225 2198 4296 quia

612 4319 955 4391 colloquium
994 4319 1194 4376 incidit
1227 4319 1498 4390 prolixius
1531 4328 1588 4373 et
1622 4316 1768 4372 idem
1799 4332 2034 4385 vanum;
2067 4325 2198 4387 puta

611 4412 682 4468 de
715 4410 846 4466 dato
876 4418 938 4465 et
967 4417 1236 4479 accepto;
1269 4407 1407 4462 devc
1445 4406 1732 4462 similibus
1762 4405 2000 4476 negotiis
2031 4423 2042 4458 :
2079 4405 2198 4460 haec

2225 3172 2274 3234 C

2314 928 2373 978 ὲν
2430 929 2731 1001 εὐρυχώρῳ
2793 931 3084 984 κατοικοῦν
3150 933 3494 1002 εὐφραίνεται
3566 938 3680 1005 pari
3731 939 3791 992 τοί

2315 1019 2543 1084 σκεύους
2570 1015 2631 1076 οὗ
2662 1025 2930 1088 κατοικεῖ,
2963 1024 3060 1076 καὶ
3098 1023 3408 1094 λειτουργεῖ
3459 1027 3534 1098 τῷ
3572 1029 3724 1101 Κυρίῳ
3759 1033 3797 1084 ἐν

2314 1113 2594 1185 ἱλαρότητι
2621 1115 2810 1187 πολλῇ.
2857 1117 2984 1171 Ἐὰν
3013 1117 3072 1170 δέ
3105 1135 3190 1182 τις
3219 1117 3470 1188 ὀξυχολία
3511 1121 3701 1194 ἐπέλθῃ,
3741 1125 3798 1174 εὖ-

2314 1204 2456 1269 θέως
2483 1207 2545 1260 τὸ
2573 1207 2800 1276 Πνεῦμα
2827 1208 2886 1261 τὸ
2907 1209 3061 1274 ἆγιον
3088 1213 3498 1282 στενοχωρεϊται
3528 1210 3596 1282 μὴ
3629 1214 3725 1283 ἕχον
3743 1218 3801 1268 τό-

2311 1317 2412 1352 πον
2449 1301 2708 1372 καθαρδν,
2742 1303 2836 1355 καὶ
2864 1300 3020 1372 ζητεῖ
3048 1305 3377 1374 ἀποστῆναι,
3415 1305 3500 1357 διὰ
3530 1307 3584 1358 τὸ
3609 1307 3674 1376 μὴ
3704 1307 3800 1376 ἔχειν

2307 1389 2492 1451 τόπον,
2525 1388 2913 1462 λειτουργῆσαι
2943 1391 3020 1462 τῷ
3047 1393 3239 1463 Κυρίῳ
3270 1391 3453 1458 καθὼς
3483 1393 3714 1464 βούλεται.
3746 1399 3800 1450 Ἐν

2307 1477 2416 1548 γὰρ
2467 1481 2532 1547 τῇ
2578 1479 2934 1552 μακροθυμίᾳ
3009 1482 3051 1534 ὁ·
3080 1481 3288 1553 Κύριος
3312 1487 3581 1537 κατοικεῖ”
3609 1487 3660 1537 ἐν
3695 1487 3796 1556 libri;

2307 1569 2581 1640 ὀξυχολία.
2610 1573 2639 1624 ὁ
2680 1571 2948 1636 διάϐολος.
3012 1575 3336 1646 ’Δμφότερα
3361 1573 3454 1631 οὖν
3480 1576 3545 1630 τὰ
3587 1578 3800 1649 πνεύματι

2307 1658 2398 1710 ἐπὶ
2423 1657 2484 1712 τὸ
2517 1661 2650 1714 αὐτὸ
2674 1662 3060 1730 κατοικοῦντα,
3123 1665 3444 1738 ἀσύμφορόν
3471 1669 3608 1721 ἐστιν
3635 1670 3713 1722 καὶ
3728 1687 3796 1722 ιω-

2307 1767 2370 1820 νη
2382 1751 2472 1821 ρδν
2500 1753 2580 1824 τῷ
2607 1753 2902 1827 ἀνθρώπῳ,
2936 1753 2998 1812 οὗ
3029 1759 3384 1813 κατοικοῦσιν
3413 1760 3690 1830 ἁμςότερα.
3717 1763 3800 1816 Ἐὰν

2307 1845 2416 1915 γὰρ
2446 1843 2630 1898 λαϐὼν
2659 1846 2928 1916 ἀψίνοιον,
2971 1850 3192 1919 μικρὸν,
3230 1852 3313 1913 είς
3353 1851 3605 1922 κεράμιον
3652 1851 3801 1922 μέλιτος

2305 1935 2556 2010 ἐπιχέῃς,
2589 1937 2714 2009 οὐχὶ
2743 1938 2865 1992 ὅλον
2907 1941 2970 1993 τὸ
3009 1941 3132 2012 μέλι
3165 1943 3525 2012 ἀφανίζεται,
3574 1945 3657 1998 καὶ⁵
3676 1946 3802 2000 recei-

2304 2043 2395 2079 τον
2427 2029 2572 2097 μέλι,
2597 2030 2700 2082 ὑπὸ
2729 2030 3018 2102 ἐλαχίστου
3051 2033 3304 2104 ἀψινθίου
3337 2036 3653 2102 ἁπόλλυταις
3686 2037 3800 2090 ἀπόλι

2305 2118 2426 2172 λυσι
2469 2121 2579 2192 γὰρ
2609 2122 2709 2194 τὴν
2743 2124 3082 2196 γλυκήτητα,
3143 2127 3239 2180 καὶ
3284 2128 3488 2198 πικρὸν
3513 2129 3716 2196 γίνεται·
3743 2132 3802 2183 tul

2304 2211 2404 2264 οὐκ
2431 2210 2546 2281 ἔχει
2569 2212 2728 2284 χάριν
2767 2215 2918 2285 παρὰ
2964 2215 3060 2269 τοῦ
3098 2217 3367 2271 δεσπότου
3393 2219 3576 2285 αὑτοῦ,
3621 2222 3691 2273 ὅτι
3727 2223 3802 2274 irt-

2305 2304 2538 2376 κρὰνθη.
2567 2305 2800 2370 Βλέπεις
2827 2309 2910 2361 ὅτι
2936 2311 2968 2378 ἡ
2998 2309 3361 2380 μακροθυμία
3399 2311 3688 2382 γλυκυτάτη
3708 2314 3802 2365 ἐστὶν

2307 2397 2448 2468 ὑπὲρ
2477 2400 2538 2452 τὸ
2571 2399 2716 2468 μέλι,
2747 2401 2842 2454 καὶ
2863 2402 3186 2472 εὐχάριστος
3220 2403 3304 2475 τῷ
3336 2405 3561 2475 Κυρίῳ;
3614 2405 3804 2474 ἠδὲὸξδο

2306 2487 2485 2556 χολία,
2517 2489 2612 2542 καὶ
2634 2491 2810 2560 πικρὰ
2836 2492 2931 2544 καὶ
2960 2492 3232 2562 ἄχρηστός
3257 2493 3432 2547 ἔστιν.
3475 2494 3594 2547 Ἐὰν
3623 2493 3700 2546 οὖν
3718 2495 3804 2563 μιγῇ

2303 2581 2336 2649 ὴ
2369 2579 2642 2650 ὀξυχολία,
2673 2583 2766 2635 καὶ
2799 2583 3231 2654 ήμακροθυμιπ,
3292 2585 3570 2655 μιαίνεται
3604 2587 3634 2654 ἡ
3663 2600 3807 2654 μακρο-

2307 2670 2500 2740 θυμία,
2533 2672 2628 2724 καὶ
2656 2673 2758 2725 οὐκ
2787 2673 2936 2726 ἐστιν
2965 2671 3268 2744 εὔχρηστος
3298 2674 3382 2743 τῷ
3408 2673 3528 2745 Θεῴ
3554 2677 3585 2743 ἡ
3633 2673 3806 2738 ἔντευξις

2303 2762 2494 2833 αὐτῆς.
2537 2763 2600 2816 Ἥ
2625 2764 2732 2834 γὰρ
2752 2763 3023 2834 όξυχολία,
3071 2763 3286 2834 πονηρὰ
3308 2763 3471 2831 οὖσα,
3513 2765 3805 2835 καταπρέρει

2301 2853 2428 2917 τοὺς
2464 2853 2682 2918 δούλους
2733 2855 2826 2908 τοῦ
2880 2855 3015 2911 Θεοῦ
3045 2860 3112 2926 τῇ
3160 2857 3370 2928 ἑαυτῆς
3414 2855 3668 2928 ἐνεργείᾳ.
3693 2855 3807 2908 Ὅταν

2305 2945 2411 3014 γὰρ
2440 2945 2525 3017 ἴδῃ
2545 2947 2672 3010 τοὺς
2701 2945 3022 3016 ἀνθρώπους
3061 2947 3476 3010 εὐσταθοῦντας
3497 2987 3512 3012 ,
3543 2946 3807 3018 παραΰῇλει

2304 3037 2500 3109 ἑαυτὴν
2553 3039 2634 3102 είς
2663 3039 2762 3108 τὴν
2787 3037 3017 3108 καρδίαν
3054 3039 3149 3092 τοῦ
3183 3038 3504 3110 ἀνθρώπου,
3533 3040 3621 3093 καὶ
3667 3041 3718 3092 ἐκ
3747 3036 3808 3088 τοῦ

2307 3129 2536 3200 μηδενὸς
2563 3130 2935 3202 πικραίνεται,
2977 3130 3163 3184 ἕνεκεν
3195 3130 3479 3201 βιωτικῶν
3519 3129 3808 3204 πραγμάτων.

2303 3223 2334 3292 ἢ
2371 3221 2498 3292 περὶ
2547 3221 2884 3292 ἐδεσμάτων,
2941 3223 3081 3293 ἢότι
3115 3223 3454 3295 μικρολογία
3487 3240 3569 3286 τις
3621 3223 3813 3275 ἐνέπεσεν

2305 3314 2526 3384 ματαία,
2581 3313 2614 3386 ἢ
2677 3315 2808 3386 περὶ
2847 3315 3068 3377 δόσεως.
3111 3313 3300 3368 Ταῦτα
3363 3315 3477 3386 γὰρ
3505 3315 3668 3369 πάντα
3702 3313 3814 3384 μωρά

2300 3409 2447 3461 ἐστιν
2471 3406 2565 3460 κοιλ⁵
2592 3407 2722 3460 κενὰ
2746 3409 2856 3470 τοῖς
2873 3407 3079 3470 δούλοις
3103 3407 3199 3461 τοῦ
3235 3409 3378 3462 Θεοῦ
3404 3425 3418 3438 ·
3449 3411 3481 3480 ὴ
3510 3409 3567 3462 δὲ
3604 3405 3814 3478 μακροθυ-

2304 3499 2423 3568 μία,
2453 3496 2664 3570 μεγάλη
2713 3500 2862 3551 ἐστὶν
2896 3501 2990 3552 καὶ
3013 3500 3232 3571 ἰσχυρὰ,
3267 3499 3473 3572 ἔχουσα
3516 3499 3720 3570 δύναμιν
3741 3515 3816 3548 στι-

2300 3591 2493 3662 ϐαρὰν,
2527 3591 2620 3646 καὶ
2637 3591 2874 3656 εὐθύνει,
2893 3594 2988 3646 καὶ
3010 3593 3404 3665 ἁγαλλιωμένη
3428 3593 3707 3664 ἁμέριμνος
3723 3588 3816 3642 οὔτε

2297 3684 2509 3750 δοξάζει
2546 3685 2638 3739 τὸν
2671 3685 2899 3758 Κύριον,
2933 3687 3102 3756 μηδὲν
3131 3690 3189 3741 ἐν
3240 3687 3384 3758 αὐτῇ
3415 3687 3608 3758 ἔχουσα
3652 3683 3812 3751 πικρὸν.

2298 3775 2432 3829 διότι
2465 3778 2645 3846 πραΰς
2675 3778 2824 3830 ἐστιν
2851 3779 2946 3832 καὶ
2967 3779 3215 3850 ἡσύχιος.
3235 3778 3390 3849 Λῦτη
3417 3777 3510 3833 οὖν
3538 3781 3571 3850 ἡ
3598 3777 3814 3848 μακροθυο

2303 3869 2400 3940 μία
2423 3873 2672 3924 κατοικεί
2700 3873 2838 3940 μετὰ
2869 3871 2978 3924 τῶν
3007 3872 3110 3944 τὴν
3162 3875 3350 3928 πίστιν
3370 3875 3600 3946 ἐχόντων
3647 3872 3815 3938 didiciq-

2302 3975 2416 4030 ρον.
2460 3959 2522 4011 Ἥ
2566 3959 2624 4012 δὲ
2663 3959 2940 4030 ὀξυχολία,
2985 3961 3177 4032 ἄφρων
3235 3963 3406 4018 ἐστίν.
3465 3962 3617 4024 Εἶτα,
3651 3965 3707 4016 ἐκ
3750 3963 3816 4027 τῆς

2297 4049 2614 4120 ἀφροσύνης
2647 4049 2858 4118 γίνεται
2887 4051 3105 4123 πικρία,
3129 4053 3194 4106 ὲκ
3222 4051 3281 4106 δὲ
3309 4053 3415 4124 τῆς
3438 4054 3650 4124 πικρίας
3676 4051 3814 4120 θυμὸς.

2299 4140 2436 4194 ἐκδὲ
2471 4144 2568 4210 τῆς
2594 4141 2766 4213 ὀργῆς
2795 4143 2976 4213 μῆνις.
3008 4143 3083 4196 Τὸ
3101 4139 3195 4198 οὖν
3221 4143 3380 4213 ἅγιον
3408 4146 3628 4216 Πνεῦμα
3647 4145 3815 4210 ὼςτρυ·

2297 4232 2462 4302 (pc.pr
2489 4231 2570 4300 δν,
2601 4233 2696 4287 καὶ
2727 4233 2802 4306 μὴ
2825 4233 2950 4304 ἔχον
2992 4235 3286 4306 συνήθειαν
3325 4239 3472 4307 μετὰ
3501 4236 3594 4290 τοῦ
3632 4229 3813 4304 σκληροῦ

2298 4325 2392 4378 καὶ
2419 4325 2660 4396 πονηροῦ
2685 4325 3018 4397 πνεύματος,
3041 4331 3328 4400 ἀποχωρεῖ
3360 4329 3474 4384 ἀπὸ
3505 4329 3598 4382 τοῦ
3631 4325 3812 4381 τοιοῦτον

2296 4415 2610 4487 ἀνθρώπου.
2644 4419 2736 4472 καὶ
2763 4418 2920 4490 ζητεί
2937 4421 3269 4491 κατοικῆσαι
3291 4421 3438 4493 μετὰ
3466 4421 3561 4476 τοῦ
3603 4415 3811 4492 μακροθύ-

609 4499 764 4555 enim
793 4497 981 4554 omnia
1005 4495 1158 4552 aliud
1184 4496 1322 4550 nihil
1351 4496 1528 4551 servis
1554 4495 1652 4550 Dei
1679 4503 1829 4561 sunt,
1855 4510 2023 4565 quam
2051 4494 2189 4550 stul-

2303 4525 2424 4578 μου,
2442 4509 2756 4576 καὶγίνεται
2767 4514 2794 4564 ὀ
2818 4513 2914 4566 ἄνθ
2921 4531 3107 4585 ρωπος
3121 4518 3330 4582 ἐκεῖνος
3357 4519 3520 4582 κενὸς
3533 4517 3624 4571 τοῦ
3638 4515 3813 4582 πνεύμα-

613 4591 733 4645 titia
759 4599 816 4646 et
837 4587 1076 4646 vanitas.
1104 4589 1147 4643 E
1177 4589 1420 4651 diverso,
1452 4586 1844 4659 longanimitas
1872 4587 2066 4642 iisdem
2095 4587 2193 4641 Dei

609 4685 790 4741 servis
813 4699 1009 4756 magna
1031 4699 1264 4755 prorsus
1288 4698 1354 4738 ac
1379 4683 1628 4748 robusta,
1653 4691 1709 4738 et
1731 4698 1855 4752 quae
1879 4680 2193 4737 admirabili

611 4777 897 4848 praepollet
919 4777 1168 4848 potentia
1197 4795 1208 4830 :
1238 4776 1387 4846 quod
1413 4790 1647 4846 pravum
1671 4784 1779 4842 est,
1807 4773 1876 4828 ad
1905 4772 2195 4829 rectitudi-

605 4884 734 4924 nem
771 4876 1016 4935 revocat,
1055 4877 1112 4924 et
1147 4867 1453 4931 exsultans,
1490 4882 1688 4922 secura
1728 4881 1852 4920 cum
1896 4865 1968 4918 sit
2005 4878 2192 4918 rerum

608 4961 880 5026 omnium,
917 4960 1214 5018 Dominum
1261 4957 1552 5030 glorificat,
1593 4958 1734 5013 nihil
1778 4958 1831 5012 in
1875 4974 1934 5013 se
1983 4958 2196 5014 habens

608 5051 1022 5117 amaritudinis,
1050 5051 1192 5108 lenis
1218 5060 1275 5106 et
1305 5051 1620 5122 tranquilla.
1649 5049 1775 5106 Huic
1803 5051 1974 5105 animi
2003 5049 2192 5105 mode-

612 5148 753 5200 ratio
787 5144 1132 5200 domicilium
1161 5144 1330 5202 habet
1354 5159 1648 5198 commune
1676 5143 1950 5207 cum-illis
1976 5144 2072 5214 qui
2102 5143 2189 5198 in-

609 5237 881 5292 columem
925 5237 1169 5292 retinent
1207 5247 1264 5292 et
1301 5237 1602 5306 perfectam
1645 5236 1808 5292 fidem
1849 5255 1862 5292 :
1901 5235 2190 5294 iracundia

609 5345 744 5383 vero
785 5329 1080 5400 stultorum
1127 5339 1231 5386 est.
1275 5331 1355 5385 Ex
1399 5331 1636 5385 stultitia
1677 5332 1939 5402 deinceps
1981 5331 2192 5386 resistit

609 5420 942 5488 amaritudo,
967 5437 1033 5478 ex
1059 5423 1434 5478 amaritudine
1464 5424 1620 5478 furor
1649 5441 1662 5477 :
1688 5439 1756 5478 ex
1782 5423 1865 5479 ira
1894 5434 2079 5480 autem
2109 5425 2193 5479 in-

605 5513 994 5570 candescentia
1031 5531 1416 5587 perseverans.
1457 5517 1690 5574 Sanctus
1727 5519 1894 5590 igitur
1929 5519 2188 5590 Spiritus,

612 5616 671 5660 ut
696 5606 790 5678 qui
821 5607 930 5662 loci
959 5609 1224 5680 temperie
1253 5610 1392 5666 mire
1423 5627 1481 5666 se
1511 5611 1754 5666 oblectat
1783 5627 1848 5668 ac
1873 5611 2188 5676 deiiciatur,

607 5702 770 5757 cuive
800 5702 948 5756 nulla
979 5703 1281 5759 intercedit
1319 5705 1666 5760 consuetudo
1695 5721 1822 5761 cum
1856 5707 2190 5778 implacabili

611 5793 910 5850 acrimonia
959 5795 1180 5866 reprobi
1233 5797 1484 5866 spiritus,
1533 5799 1600 5856 ab
1647 5799 1917 5870 ejusmodi
1968 5801 2192 5858 homine

2299 4616 2392 4663 τος
2407 4601 2500 4654 τοῦ
2533 4601 2766 4666 δικαίου,
2786 4603 2881 4656 καὶ
2899 4604 3037 4668 ὅλως
3063 4606 3476 4677 ἀποτυφλοῦται
3505 4609 3609 4664 ἀπὸ
3633 4609 3717 4676 τῆς
3735 4605 3809 4660 δια·

2300 4695 2451 4756 νοίας
2478 4693 2577 4765 τῆς
2611 4693 2848 4766 ἀγαθῆς.
2869 4697 3044 4766 Φησὶν
3070 4698 3130 4752 δὲ
3157 4700 3253 4754 καὶ
3277 4703 3306 4754 ὁ
3327 4701 3511 4770 λόγος,
3549 4721 3568 4754 ι
3593 4700 3808 4769 Κρείπων

2301 4785 2442 4856 ἀνὴρ
2478 4787 2830 4858 μακρόθυμος
2869 4789 3115 4861 ἰσχυροῦ.
3159 4809 3179 4842 ι
3213 4791 3345 4852 Καὶ,
3378 4793 3622 4863 (Ὥσπερ
3645 4785 3806 4856 δοκιμά.

2301 4879 2457 4943 ξεται
2487 4880 2731 4952 ἄργυρος
2757 4883 2854 4934 καὶ
2876 4883 3076 4953 χρυσὸς
3113 4886 3174 4936 ἐν
3203 4884 3426 4956 καμίνῳ
3451 4927 3466 4950 ,
3499 4883 3662 4945 οὕτως
3703 4878 3804 4932 ἐκλε-

2301 4973 2435 5034 κτας
2463 4972 2686 5043 καρδίας
2707 4973 2996 5042 δοκιμάζει
3012 4976 3041 5028 δ
3058 4975 3285 5046 Κύριος,
3308 4995 3327 5028 ι
3356 4977 3607 5046 κατὰτὴν
3625 4971 3801 5045 Γραοήν-

2302 5064 2408 5116 Καὶ
2442 5063 2602 5117 πάλιν
2634 5083 2644 5096 ·
2684 5084 2703 5115 ι
2738 5065 3070 5137 Πραΰθυμος
3099 5068 3240 5140 ἀνὴρ
3290 5067 3520 5140 καρδίας
3545 5067 3727 5136 ίατρές,
3748 5059 3803 5112 ιιΒῖ

2301 5154 2654 5225 μακρόθυμος
2689 5156 2827 5226 ἀνὴρ
2881 5157 3275 5211 κατασϐεννύει
3323 5159 3524 5230 κρίσιν.
3563 5176 3580 5208 ι
3616 5155 3710 5210 Καὶ
3736 5149 3804 5202 τά·

2299 5245 2381 5298 λιν
2401 5264 2416 5278 ·
2451 5266 2470 5298 ι
2521 5248 2618 5312 Ὃς
2647 5249 2889 5317 φείδεται
2917 5250 3072 5320 ῥῆμα
3105 5250 3438 5322 προελέσθαι
3461 5251 3700 5320 σκληρὸν,
3725 5247 3804 5297 ὲπι·
3892 5311 3893 5322 γ

2301 5339 2546 5408 στήμων.
2570 5335 2894 5405 »Καίαῦθις,
2919 5360 2938 5392 ι
2964 5342 3191 5406 Τέκνον,
3215 5343 3266 5395 εί
3295 5345 3572 5415 προσέρχῃ
3599 5334 3806 5393 δουλεύειν

2297 5431 2374 5500 τῷ
2410 5432 2618 5504 Κυρίῳ,
2643 5433 2934 5504 ἑτοίμασον
2957 5433 3056 5503 τὴν
3083 5437 3264 5506 ψυχήν
3287 5453 3380 5489 σου
3413 5437 3497 5499 εἰς
3541 5427 3804 5502 πειρωμέν-

2303 5523 2536 5577 Εῦθυνον
2565 5525 2665 5595 τὴν
2719 5525 2950 5595 καρδίαν
2978 5543 3072 5580 σου
3127 5530 3223 5581 καὶ
3283 5528 3634 5600 καρτέρησον.
3677 5513 3808 5575 Πᾶείδ

2299 5618 2395 5672 ἐὰν
2425 5617 2637 5690 ἐπαχθῇ
2673 5637 2777 5684 σοι,
2809 5619 2956 5686 δέξαι
2991 5622 3266 5692 ἀσμένως.
3304 5621 3414 5676 Καὶ
3444 5623 3502 5674 ὲν
3533 5620 3805 5684 summ

2297 5711 2688 5775 ταπεινώσεως
2719 5730 2818 5766 σου
2852 5713 3284 5786 μακροθύμησον
3308 5732 3321 5746 ο
3363 5715 3641 5768 πίστευσον
3678 5700 3801 5759 αὐτῶν

2300 5805 2394 5858 καὶ
2434 5803 2787 5874 ἐπιλήψεταί
2819 5822 2935 5860 σου.
2967 5825 2986 5857 ι
3025 5807 3135 5860 Καὶ
3166 5809 3329 5876 ἡμεῖς
3366 5801 3476 5870 οὖν,
3504 5788 3714 5870 ἀδελφοὶ,
3741 5787 3798 5845 δτὶ
