4042 6486
301 484 432 554 i773

1167 480 1498 545 nonum
1535 485 1684 544 cxr.
1724 510 1795 519 —
1831 481 1929 544 DE
1967 484 2098 542 IllS
2136 481 2270 554 QUI
2311 451 2703 546 Ριιλεςυκγξ

3420 487 3554 552 17ῗ4

299 598 678 674 μακροθυμίαν
701 597 964 670 ψάλωμεν
999 599 1095 654 σὺν
1125 599 1201 670 τῷ
1236 598 1400 654 Λαιαῒὸ
1443 597 1504 651 τό
1524 613 1538 628 °
1569 576 1600 649 ἰ
1630 598 1866 667 Δοκίμα·

1972 597 2190 668 longius
2231 613 2289 652 se
2331 596 2643 661 submovet,
2686 595 2933 668 deligens
2967 597 3072 653 sibi
3111 599 3450 659 domicilium
3494 605 3549 658 in

297 694 386 750 σόν
418 709 507 765 με,
532 691 727 762 Κύριε,
757 691 854 746 καὶ
911 691 1080 759 γνῶθι
1108 691 1208 764 τὴν
1252 691 1482 761 καρδίαν
1519 708 1640 762 μου,
1678 689 1868 743 ἑτασὸν

297 805 385 858 μες
414 786 510 840 καὶ
538 784 712 854 γνῶθι
745 784 844 848 τὰς
863 783 1086 855 τρίϐους
1117 801 1240 854 μου,
1271 784 1366 837 καὶ
1391 772 1498 844 ἴδε,
1524 785 1573 836 εξ
1602 783 1719 845 ὁδὸς
1740 783 1866 836 ἀνο-

297 879 422 948 μίας
455 879 515 932 ἐν
543 877 702 948 ἐμοί·
749 877 846 930 καὶ
871 875 1140 946 ὁδήγησόν
1173 893 1240 946 με
1274 877 1332 927 ἐν
1391 873 1495 946 ὁδῷ
1533 875 1752 943 αἰωνξᾳ,
1785 875 1866 928 ὅτι

291 969 402 1038 ἐγὼ
417 973 477 1023 ὲν
504 969 710 1042 ἀκακία
741 987 840 1040 μου
867 969 1195 1038 ἐπορεύθην.
1225 968 1514 1038 Λύτρωσαί
1543 985 1630 1038 με,
1673 968 1864 1039 Κύριε,

292 1064 382 1118 καὶ
407 1063 630 1134 ἐλέησόν
673 1079 762 1132 με.
798 1081 816 1114 ι
855 1061 964 1116 Καὶ
995 1062 1054 1114 τό
1077 1079 1092 1094 ·
1133 1081 1152 1113 ι
1197 1060 1362 1132 Ἐμοῢ
1391 1057 1448 1115 δὲ
1476 1060 1568 1115 διὰ
1597 1063 1694 1130 τὴν
1728 1064 1866 1116 ἀκα-

290 1153 412 1209 κίαν
437 1153 756 1218 άντελάϐου,
792 1155 888 1206 καὶ
925 1151 1263 1216 ὲϐεϐαίωσάς
1295 1171 1361 1224 με
1383 1153 1614 1205 ἐνώπιόν
1663 1170 1756 1206 σου
1784 1155 1866 1215 εἰς

289 1248 379 1302 τὸν
407 1247 600 1302 αἰῶνα.
625 1267 644 1298 ι
683 1247 846 1315 Λέγει
879 1247 935 1300 δὲ
963 1248 1100 1300 καὶὸ
1128 1245 1406 1314 Σολομὼν·
1437 1265 1456 1296 ι
1489 1243 1864 1315 Μακρόθυμος

289 1337 448 1410 ἀνὴρ,
507 1337 792 1408 φρόνιμος.
838 1356 856 1389 ι
897 1337 1042 1390 Καί’
1089 1355 1107 1387 ι
1155 1335 1392 1406 Ἀνοὴτῳ
1449 1333 1863 1406 ἐπερωτήσαντι

289 1431 501 1500 σοφίαν,
535 1429 696 1498 σοφία
735 1429 1122 1498 λογισθήσεται
1149 1426 1321 1498 αὐτῷ.
1356 1428 1592 1480 Σύννουν
1649 1427 1706 1480 δὲ
1771 1427 1864 1480 καὶ

287 1521 433 1576 ἐνεὸν
485 1521 678 1576 ἑαυτὸν
716 1522 974 1592 ποιήσας,
1008 1521 1147 1586 δόξει
1179 1522 1445 1590 φρόνιμος
1473 1515 1634 1574 εἶναι.
1695 1539 1713 1572 ι
1754 1521 1862 1574 Kal.

286 1615 468 1670 πάλιν·
517 1635 534 1667 ι
585 1615 868 1686 Ἐλεήμων
894 1615 1034 1686 ἀνὴρ
1089 1614 1460 1686 μακροθυμεῖ.
1505 1633 1522 1664 ι
1556 1613 1665 1666 Καὶ
1702 1614 1730 1666 ὁ
1763 1613 1862 1666 Ἰά-

284 1708 479 1772 κωϐος·
497 1726 516 1759 ι
545 1706 1027 1780 Μακροθυμήσατε
1049 1702 1163 1774 οὖν,
1185 1707 1426 1776 ἀδελφοὶ,
1456 1705 1566 1769 ἕως
1581 1706 1682 1776 τῆς
1713 1722 1860 1770 παρ-

280 1797 467 1862 ουσίας
523 1796 616 1850 τοῦ
653 1797 885 1869 Κυρίου.
924 1797 1062 1851 Ἰδοὺ
1100 1797 1399 1868 ὁγεωργὸς
1423 1796 1708 1866 ἐκδέχεται
1764 1796 1858 1848 τδν

279 1889 458 1958 τίμιον
491 1889 705 1960 καρπὸν
731 1890 824 1942 ἐπὶ
849 1889 950 1961 τῆς
989 1887 1117 1957 γῆς,
1150 1887 1522 1960 μακροθυμῶν
1553 1887 1640 1942 ἐπ’
1682 1887 1852 1956 αὐτῷ,

1953 689 2194 750 homine
2235 688 2448 758 patiens
2489 689 2586 758 qui
2627 689 2700 744 sit
2737 696 2794 744 et
2835 689 3183 760 longanimis.
3217 694 3289 750 At
3327 696 3549 752 interim

1967 781 2135 836 homo
2163 781 2254 837 ille
2282 782 2464 836 inanis
2493 781 2552 836 lit
2581 781 2815 852 spiritus
2839 783 3010 854 justi;
3039 795 3348 861 excaacatur
3369 797 3546 852 totus,

1966 873 2100 929 dum
2133 875 2356 930 exuitur
2391 877 2595 931 mentis
2630 875 2926 932 dulcedine
2960 892 3026 932 ac
3057 877 3422 950 benignitate.
3459 884 3551 938 Ait

1965 977 2152 1022 autem
2195 966 2484 1036 Scriptura
2523 984 2536 1020 :
2581 986 2598 1020 ι
2646 967 2839 1022 Melior
2857 969 2944 1024 vir
2985 970 3202 1040 patiens
3243 971 3483 1027 forti"'.
3525 997 3542 1024 ι

1965 1057 2035 1112 Ει
2067 1075 2079 1110 :
2117 1077 2136 1109 ‹
2177 1057 2336 1114 Sicut
2374 1060 2646 1130 probatur
2679 1075 2876 1115 aurum
2917 1071 2974 1116 et
3009 1073 3312 1133 argentum
3341 1065 3395 1119 in
3437 1067 3550 1120 for-

1964 1165 2122 1214 nace,
2149 1151 2228 1206 sic
2250 1151 2428 1206 electa
2451 1151 2620 1206 corda
2650 1152 2848 1222 probat
2869 1153 3034 1217 Deus,
3070 1174 3089 1207 ι
3114 1157 3267 1225 juxta
3295 1156 3546 1226 Scriptu-

1965 1258 2080 1296 ram
2103 1243 2170 1297 θ’.
2213 1243 2420 1298 lterum
2462 1261 2475 1298 :
2515 1263 2534 1296 ι
2576 1242 2673 1298 Vir
2709 1253 3034 1300 mansuetus
3075 1247 3263 1302 cordis
3303 1251 3548 1304 medicus

1963 1343 2049 1388 est
2067 1334 2132 1387 ⁸⁸.
2167 1353 2186 1385 ι
2217 1335 2472 1389 Rursus:
2507 1355 2525 1387 ι
2559 1334 2684 1402 Fili,
2709 1336 2752 1390 si
2782 1338 3090 1393 accesseris
3119 1337 3186 1392 ad
3219 1340 3544 1395 servitutem

1963 1425 2098 1491 Dei,
2125 1442 2370 1496 praepara
2397 1427 2637 1482 animam
2673 1437 2819 1483 tuam
2849 1429 2914 1483 ad
2951 1431 3339 1497 tentationem,
3371 1433 3546 1504 dirigo.

1963 1532 2060 1572 cor
2092 1526 2245 1571 tuum
2275 1527 2332 1571 et
2360 1518 2574 1572 sustine
2605 1536 2618 1572 :
2649 1533 2813 1574 omne
2842 1520 2992 1590 quod
3023 1522 3344 1592 applicitum
3379 1524 3548 1580 fuerit

1963 1609 2086 1676 tibi,
2114 1611 2337 1680 suscipe
2373 1611 2636 1677 libenter,
2669 1621 2724 1666 ct
2757 1612 2810 1667 in
2848 1613 3252 1670 mutationibus
3285 1615 3544 1670 humilia-

1962 1701 2133 1755 tionis
2159 1709 2267 1756 tua:
2291 1703 2613 1771 patientiam
2639 1702 2781 1758 habe
2809 1719 2822 1758 :
2847 1705 3012 1760 crede
3035 1705 3085 1758 ei
3112 1714 3168 1760 et
3195 1711 3545 1776 recuperaliit

1961 1797 2098 1848 te".
2144 1811 2162 1844 ι
2205 1793 2315 1848 Nos
2354 1792 2541 1862 itaque
2583 1791 2829 1864 (fratres)
2869 1794 3305 1865 longanimitatis
3343 1813 3407 1852 ac
3445 1814 3544 1869 pa-

1961 1887 2172 1942 tientia:
2207 1887 2405 1942 merito
2437 1886 2694 1952 subnixi,
2735 1901 2845 1942 una
2879 1899 3004 1942 cum
3041 1888 3245 1944 Davide
3279 1891 3542 1946 concina-

277 1979 382 2046 ἕως
407 1979 474 2034 ἂν
495 1979 636 2051 λάϐῃ
654 1979 868 2048 καρπὸν
917 1977 1168 2050 πρώῖμον
1197 1978 1294 2032 καλ⁵
1316 1977 1533 2048 ὄψιμον.
1563 1977 1856 2047 Μακροθυ-

1963 1991 2084 2032 mus
2114 1994 2126 2030 :
2153 1997 2171 2028 ι
2199 1977 2377 2032 Proba
2403 1993 2515 2043 me,
2547 1978 2799 2042 Domine,
2830 1984 2887 2032 ct
2918 1979 3057 2034 scito
3083 1994 3180 2035 cor
3205 1996 3414 2048 meum;
3437 1969 3539 2036 ’ἰη-

280 2075 492 2146 μήσατε
521 2070 616 2128 οὖν
641 2074 735 2128 καὶ
767 2075 928 2142 ὑμεῖς
949 2088 962 2103 ·
995 2073 1301 2142 ὑπόδειγμα
1330 2071 1525 2126 λάϐετε
1553 2070 1652 2140 τῆς
1686 2086 1854 2123 κακο-

275 2162 530 2230 παθείας,
577 2165 670 2218 καὶ
707 2164 808 2234 τῆς
847 2161 1262 2234 μακροθυμίας,
1305 2162 1450 2224 τοὺς·
1477 2159 1784 2231 προφήτας.
1829 2177 1849 2210 ι

273 2255 386 2309 Καὶ
405 2257 465 2309 ὲν
488 2255 568 2328 τῷ
595 2255 913 2326 Εὑαγγελίῳ
931 2257 1264 2324 γέγραπται·
1302 2273 1321 2306 ι
1365 2253 1586 2317 ’ἰδόντες
1605 2252 1663 2306 δέ
1687 2268 1852 2322 φησιν

271 2348 325 2402 οἱ
349 2346 614 2420 μαθηταὶ,
645 2347 900 2408 Ἰάκωϐος
935 2347 1031 2402 καὶ
1065 2347 1341 2418 Ἰωάννης,
1371 2345 1454 2398 ὅτι
1483 2347 1585 2398 οὐκ
1605 2343 1852 2412 ἐδέξαντο

272 2439 470 2504 αὐτοὺς
490 2441 539 2493 oi
558 2441 917 2512 Σαμαρεῖται,
947 2435 1120 2493 εἴπονο
1147 2459 1166 2492 ι
1191 2439 1384 2510 Κύριε,
1405 2436 1581 2502 θέλεις
1601 2435 1846 2507 εἴπωμεν

272 2517 382 2600 τὲῦρ
415 2529 723 2599 καταϐῆναι
755 2531 850 2584 ἀπ’
882 2529 1139 2600 οὐρανοῦ,
1171 2528 1265 2582 καὶ
1294 2527 1562 2582 ἀναλώσει
1623 2527 1844 2589 αὐτοὺς,

269 2623 344 2684 ὡς
383 2622 476 2674 καὶ
519 2620 711 2686 Ἠλίας
755 2622 1046 2692 ὲποίησενς
1108 2621 1378 2692 Στραφεὶς
1427 2620 1484 2674 δὲ
1533 2622 1560 2674 ὁ
1616 2615 1845 2689 Ἰησοῦς.

272 2715 608 2787 ἐπετίμησεν
637 2714 842 2779 αὐτοῖς,
879 2717 972 2769 καὶ
1013 2711 1185 2768 εἶπενο
1228 2735 1246 2766 ι
1285 2715 1401 2768 Οὐκ
1447 2712 1625 2766 οἴδατε
1696 2713 1849 2764 ποίου

269 2807 584 2878 πνεύματός
631 2809 775 2864 ὲστε.
813 2808 870 2862 ’0
911 2808 1038 2870 Υἱὸς
1075 2807 1170 2861 τοῦ
1212 2805 1504 2876 ἀνθρώπου
1540 2806 1640 2858 οὐκ
1687 2800 1850 2873 ἦλθεν

268 2897 447 2970 ψυχὰς
479 2899 790 2954 ἀνθρώπων
821 2899 1108 2960 ἀπολέσαι,
1145 2899 1284 2953 ἀλλὰ
1317 2898 1509 2972 σῶσαι.
1555 2917 1572 2948 ι
1625 2896 1781 2966 Αὕτῷ
1817 2898 1847 2966 ἡ

266 2989 394 3059 δόξα
425 2995 504 3056 είς
523 2995 649 3056 τοὶς
682 2993 908 3056 αἰῶνας.
947 2994 998 3046 Ἀ
1013 2994 1138 3063 μὴν.

1955 2077 2171 2139 terroga
2198 2083 2304 2131 me.
2331 2078 2388 2124 et
2411 2084 2682 2140 cognosce
2705 2069 2932 2125 semitas
2954 2086 3125 2136 meas,
3148 2080 3206 2128 et
3231 2071 3354 2128 vide
3379 2074 3426 2128 si
3447 2076 3538 2131 via

1953 2159 2264 2239 iniquitatis
2286 2159 2342 2214 in
2369 2177 2454 2216 me
2478 2169 2584 2222 est,
2603 2169 2663 2216 et
2697 2161 2879 2217 deduc
2917 2177 3005 2217 me
3042 2162 3096 2216 in
3121 2163 3206 2218 via
3232 2171 3437 2221 aeterna
3455 2168 3534 2220 πε

1956 2251 2170 2322 1206
2199 2251 2327 2322 quia
2357 2267 2459 2322 ego
2492 2252 2546 2306 in
2579 2252 2896 2308 innocentia
2927 2268 3048 2308 mea
3079 2253 3362 2324 ingressus
3389 2272 3534 2319 sum,

1951 2343 2161 2398 redime
2185 2359 2272 2398 me
2300 2355 2356 2399 et
2385 2344 2649 2400 miserere
2680 2345 2786 2400 mei
2809 2347 2878 2400 θ’.
2912 2367 2930 2398 ι
2962 2347 3029 2402 Et
3057 2344 3189 2402 illud
3219 2364 3233 2400 :
3269 2367 3287 2398 ι
3321 2348 3403 2404 Mc
3435 2365 3537 2402 au-

1955 2443 2064 2492 tem
2097 2443 2322 2506 propter
2351 2437 2723 2493 innocentiam
2755 2439 3078 2510 suscepisti,
3113 2449 3170 2496 et
3198 2439 3534 2497 confirmasti

1957 2543 2044 2582 me
2081 2527 2138 2582 in
2179 2541 2482 2598 conspectu
2527 2537 2621 2584 tuo
2664 2529 2718 2584 in
2758 2540 3027 2586 mternum
3047 2532 3114 2587 ’⁷.
3159 2552 3178 2585 ι
3217 2533 3360 2588 Dicit
3403 2535 3536 2590 item

1948 2619 2208 2676 Salomon
2249 2639 2263 2676 :
2309 2641 2327 2672 ι
2364 2622 2460 2676 Vir
2495 2623 2847 2694 longanimis,
2885 2625 3108 2696 sapiens
3143 2636 3229 2681 est
3249 2627 3315 2680 ³³³.
3359 2647 3378 2679 ι
3416 2629 3484 2683 Ει
3517 2647 3533 2684 :

1953 2731 1971 2763 ι
2012 2712 2198 2768 Stulto
2228 2713 2592 2784 interroganti
2625 2715 2982 2785 sapientiam,
3017 2719 3284 2788 sapientia
3319 2717 3396 2773 illi
3429 2719 3536 2773 im-

1947 2805 2234 2876 putabitur
2275 2825 2287 2859 :
2327 2805 2539 2860 mutum
2581 2815 2764 2862 autem
2810 2808 2855 2863 i3
2895 2809 2989 2880 qui
3031 2811 3273 2880 seipsuni
3317 2811 3534 2875 fecerit,

1948 2895 2227 2950 videbitur
2255 2912 2377 2951 esse
2411 2897 2656 2966 prudens
2677 2900 2744 2953 '9.
2783 2918 2800 2948 ι
2837 2897 3043 2955 lterum
3080 2919 3092 2954 :
3135 2921 3152 2952 ι
3189 2901 3284 2958 Vir
3311 2903 3536 2958 miseri-

1949 3004 2094 3054 cors,
2119 2989 2448 3058 longanimis
2475 2986 2615 3044 est“.
2648 3009 2666 3040 ι
2696 2989 2936 3046 Iacobus
2964 3011 2976 3045 :
3009 3012 3028 3043 ι
3062 2993 3342 3050 Patientes
3368 2995 3538 3066 igitur

265 3090 443 3140 estote
479 3083 720 3155 (fratres)
756 3097 930 3154 usque
961 3082 1030 3138 ad
1067 3080 1366 3136 adventum
1402 3077 1618 3134 Domini
1657 3095 1671 3130 :
1711 3091 1840 3132 ecce
1879 3077 2116 3148 agricola
2147 3088 2431 3149 exspectat
2470 3080 2773 3150 pretiosum
2813 3080 3054 3138 fructum
3107 3091 3269 3140 terrae
3322 3087 3539 3156 patien-

268 3187 352 3230 ter
378 3176 562 3234 ferens
593 3177 768 3233 donec
805 3175 1040 3247 accipiat
1077 3157 1318 3246 pluviam
1359 3181 1768 3242 temporaneam
1823 3179 1879 3224 et
1917 3171 2224 3226 serotinum
2261 3189 2274 3224 :
2317 3173 2589 3242 patientes
2633 3173 2801 3244 igitur
2845 3185 3024 3230 estote
3066 3185 3124 3232 et
3161 3163 3290 3242 vos,
3345 3168 3538 3234 exem-

265 3271 418 3341 plum
447 3269 681 3339 accipite
707 3267 916 3324 laboris
939 3275 996 3322 et
1021 3265 1318 3336 patientiae,
1344 3261 1702 3342 prapbetasf.
1735 3280 1754 3312 ι
1796 3262 1856 3317 In
1896 3262 2192 3332 Evangelio
2215 3278 2437 3332 quoque
2461 3264 2730 3332 scriptum
2758 3275 2845 3320 est
2871 3281 2884 3318 :
2913 3284 2931 3316 ι
2965 3267 3224 3322 Videntcs
3247 3278 3430 3324 autem
3455 3269 3540 3324 di-

263 3361 460 3433 scipuli
485 3361 725 3416 Iacobus
751 3371 808 3416 et
835 3359 1106 3422 Joannes,
1136 3355 1268 3428 quia
1298 3355 1608 3410 noluissent
1637 3370 1735 3412 eos
1763 3355 2011 3424 recipere
2059 3354 2386 3426 Samaritani
2407 3396 2422 3420 ,
2462 3355 2724 3411 dixerunt
2755 3374 2770 3410 :
2806 3375 2824 3408 ι
2859 3357 3122 3423 Domine,
3163 3359 3251 3414 vis
3287 3361 3538 3420 dicamus

263 3461 327 3506 ut
351 3450 497 3524 ignis
521 3450 819 3506 descendat
844 3449 913 3504 de
942 3449 1103 3513 caelo,
1131 3454 1188 3500 et
1211 3454 1503 3501 consumat
1545 3459 1642 3501 cos
1671 3444 2138 3516 quemadmodum
2204 3435 2352 3502 Elias
2392 3446 2524 3501 fecit
2566 3447 2624 3500 '?
2658 3447 2970 3503 Conversus
3016 3457 3200 3504 autem
3229 3451 3394 3508 Jesus
3455 3459 3542 3512 in-

262 3543 511 3614 crepavit
551 3557 678 3608 eos,
715 3551 771 3598 et
814 3541 952 3596 dixit
990 3559 1004 3594 :
1048 3559 1068 3592 ι
1114 3538 1380 3598 Nescitis,
1417 3539 1576 3609 cuius
1615 3539 1848 3608 spiritus
1885 3537 2122 3594 estis:F
2128 3537 2256 3594 ilius
2315 3538 2557 3594 hominis
2587 3555 2700 3595 non
2724 3540 2876 3596 venit
2902 3541 3134 3610 perdere
3163 3541 3378 3602 animas
3432 3548 3539 3605 ho-

263 3637 501 3700 minam,
530 3635 624 3691 srd
655 3637 837 3692 salvas
865 3651 960 3690 eas
991 3634 1174 3690 facere
1192 3633 1234 3686 ⁸.
1272 3652 1290 3682 ι
1322 3631 1430 3700 Ipsi
1461 3632 1631 3701 gloria
1665 3632 1720 3686 in
1751 3631 1950 3688 saecula
1985 3631 2337 3686 saeculorum.
2373 3617 2600 3688 Amen.’

854 3749 1073 3804 ΛΟΓΟΣ
1113 3751 1258 3802 Ριιγ.

788 3843 923 3910 Περὶ
961 3842 1333 3911 ήγοιψένων.

331 3963 502 4034 Φησὶν
531 3963 563 4032 ή
589 3960 711 4014 θεία
741 3958 954 4031 Γραφὴ,
981 3959 1056 4021 ὡς
1087 3977 1106 4010 ι
1131 3957 1416 4028 Ἤρξατοὸ
1443 3955 1648 4025 Ἰησοῦς
1668 3956 1844 4008 ποιεῖν

260 4073 324 4110 τε
352 4057 446 4110 καὶ
475 4055 768 4110 διδάσκειν.
806 4073 824 4104 ι
866 4051 1091 4122 Πρῶτον
1123 4051 1350 4120 ἐποίησε
1389 4048 1485 4102 καὶ
1533 4048 1708 4110 οὕτως
1741 4046 1846 4100 ὲδί‹

259 4147 442 4214 δαξεν.
484 4148 716 4216 Ὀμοίως
755 4145 849 4198 καὶ
882 4144 1044 4206 αὐτὸς
1101 4143 1408 4197 ἐντέλλεται
1441 4141 1651 4208 λέγων’
1689 4158 1707 4190 ι
1749 4139 1845 4201 ⁸·ος

259 4243 484 4312 ποιήσει
529 4241 622 4294 καὶ
649 4239 874 4306 διδάξει.
911 4230 1068 4300 οὗτος
1105 4237 1279 4307 μέγας
1329 4234 1662 4306 κληθήσεται
1685 4233 1742 4284 ὲν
1775 4233 1841 4300 τῇ

261 4333 514 4406 βασιλείᾳ
541 4333 650 4386 τῶν
675 4331 944 4400 οὐρανῶν.
984 4349 1002 4381 ι
1046 4329 1106 4382 '0
1133 4327 1596 4398 ὲμπιστευόμενοε
1619 4326 1720 4380 ὑπὸ
1747 4323 1844 4377 τοῦ

257 4425 400 4503 Θεοῦ
423 4425 625 4497 ψυχάς,
665 4423 862 4478 πολλοῦ
884 4421 1096 4490 ἀγῶνος
1130 4422 1298 4475 δεῖται
1353 4421 1494 4490 ὑπὲρ
1541 4420 1651 4472 τῶν
1681 4419 1844 4489 ἀρχο-

261 4519 469 4590 μένων,
496 4517 570 4582 ὼς
597 4516 752 4579 εἰδὼς
774 4517 858 4569 ὅτι
881 4515 973 4568 τὸν
991 4514 1133 4586 ὑπὲρ
1159 4512 1342 4566 αὐτῶν
1378 4511 1568 4581 ὑφέξει
1597 4510 1843 4562 κίνδυνον

257 4612 359 4665 καὶ
381 4609 700 4678 ἀπολογίαν,
728 4609 830 4662 οὐκ
861 4607 1081 4660 ἔλαττον
1125 4604 1232 4659 τῶν
1261 4603 1394 4675 περὶ
1419 4601 1616 4656 ἑαυτοῦ
1636 4621 1650 4634 ο
1678 4601 1707 4655 ὃ
1735 4601 1844 4672 γὰρ

192 4720 196 4744 ῖ
258 4702 568 4772 παρέθεντο
586 4701 745 4766 πολὺ,
775 4699 1168 4771 περισσότερον
1198 4696 1600 4764 ἀπαιτήσουσιν
1650 4693 1839 4746 αὑτοῦ.

273 4795 514 4865 Ὀφείλει
543 4792 636 4848 οὖν
665 4795 695 4846 ὁ
724 4791 929 4864 ποιμὴν
945 4793 1067 4855 ὅλος
1093 4790 1220 4854 νοῦς
1255 4789 1352 4843 καὶ
1375 4787 1656 4858 ὀφθαλμὸς
1679 4782 1841 4850 εἶναι,

255 4888 356 4942 ἵνα
408 4888 484 4958 μὴ
539 4885 598 4939 ἓν
652 4886 763 4939 τῶν
790 4882 1266 4954 ἐμπιστευθέντων
1313 4879 1464 4950 αὐτῷ
1510 4876 1844 4950 θρεμμάτων

251 4980 636 5050 ἀπρόσδεκτον
657 4977 888 5048 γένηται
909 4975 998 5028 διὰ
1019 4975 1120 5044 τῆς
1147 4973 1434 5044 ἀμελείας,
1463 4973 1496 5044 ἢ
1539 4973 1834 5042 λειχηνιῶν

2511 3747 2796 3803 ΗΟΜΙΗΑ
2837 3747 2970 3802 CXL

2456 3838 2530 3890 lle
2559 3841 2638 3890 his
2659 3839 2755 3908 qui
2789 3848 3048 3908 prlcsunt.

2023 3968 2114 4021 Ait
2148 3969 2460 4036 Scriptura,
2486 3968 2616 4037 quia
2662 3987 2680 4019 ι
2716 3969 2886 4039 οωνίι
2912 3969 3074 4025 Jesus
3121 3970 3302 4026 facere
3337 3981 3394 4028 et
3431 3973 3536 4028 do-

1951 4061 2137 4114 cere“.
2181 4079 2198 4110 ι
2246 4059 2491 4114 Primum
2534 4059 2684 4121 fecit,
2732 4070 2788 4116 et
2833 4058 2920 4117 sic'
2970 4061 3186 4129 docuit,
3227 4079 3333 4119 nec
3375 4079 3539 4122 secus

1951 4151 2130 4207 sancit
2156 4159 2431 4221 praecepto
2472 4151 2810 4213 faciendum.
2843 4155 3036 4209 dicens
3079 4173 3092 4208 :
3143 4174 3160 4206 ι
3185 4155 3309 4222 Qui
3341 4156 3537 4214 fecerit

1950 4252 2007 4296 et
2045 4242 2318 4306 docuerit,
2352 4243 2441 4298 liic
2488 4254 2722 4315 magnus
2753 4247 3045 4302 vocabitur
3081 4247 3136 4302 in
3168 4264 3337 4320 regno
3367 4251 3529 4307 coelo-

1952 4349 2072 4388 rum
2103 4335 2145 4388 ⁸.
2188 4353 2206 4386 ι
2261 4335 2312 4390 ls
2354 4336 2522 4406 igitur
2551 4339 2710 4406 cujus
2755 4337 2882 4394 ﬁdei
2933 4339 3106 4394 tutela
3147 4341 3458 4397 animarum
3505 4361 3536 4398 a

1950 4426 2064 4480 Deo
2094 4427 2414 4482 concredita
2449 4437 2554 4492 est,
2580 4443 2690 4483 non
2723 4429 2990 4486 mediocri
3022 4431 3208 4486 studio
3233 4432 3537 4503 advigilare

1950 4519 2117 4574 debet
2171 4533 2272 4588 pro
2317 4519 2495 4574 salute
2543 4521 2899 4576 subditorum
2939 4539 2952 4576 :
2989 4523 3195 4593 quippe
3243 4525 3340 4594 qui
3382 4536 3538 4580 certo

1950 4612 2091 4666 sciat
2131 4625 2190 4666 se
2242 4625 2346 4681 pro
2391 4611 2502 4666 illis
2537 4611 2822 4668 aditurum
2881 4629 3004 4670 esse
3046 4615 3244 4672 animae
3299 4619 3538 4688 propriae

1953 4703 2282 4772 periculum,
2318 4711 2375 4757 at
2407 4703 2632 4772 quidem
2665 4719 2766 4773 pro
2799 4719 2859 4758 se
2889 4721 2958 4760 ne
2990 4705 3274 4760 minimam
3307 4707 3501 4762 habitu
3523 4739 3536 4752 ν

1950 4809 2074 4846 rum
2125 4808 2249 4848 esse
2299 4791 2737 4848 excusationem.
2777 4793 2861 4846 Ab
2913 4808 2982 4848 eo
3027 4794 3176 4849 enim
3221 4795 3309 4849 cui
3359 4797 3534 4851 multa

1951 4885 2201 4954 apposita
2235 4895 2386 4950 sunt,
2431 4883 2808 4939 abundantius
2840 4894 3114 4954 repetent.
3163 4887 3334 4942 Debet
3365 4886 3536 4958 igitur

1952 4975 2140 5044 pastor
2175 4985 2330 5030 totus
2369 4990 2490 5029 esse
2522 4989 2680 5030 mens
2711 4983 2768 5030 et
2803 4976 3021 5036 oculus,
3051 4987 3112 5032 ut
3151 4993 3222 5034 ne
3268 4993 3378 5034 una
3411 4981 3537 5052 qui-

252 5076 375 5129 ἀπδ
405 5069 754 5142 λογισμῶν,ἢ
786 5067 1014 5139 ψωριῶν
1047 5069 1116 5138 τῇ
1150 5065 1552 5133 συγκαταθέσει
1579 5062 1780 5125 αὐτῶν,
1809 5061 1842 5130 ἦ

1955 5067 2077 5121 dem
2119 5067 2564 5123 cei'icreditarum
2595 5068 2700 5123 sibi
2735 5069 3007 5139 pecudum
3049 5071 3279 5141 rejiwla
3345 5071 3438 5126 θοι
3475 5082 3538 5130 et

253 5165 443 5238 χωλὸν
455 5161 523 5216 δι’
543 5163 643 5218 ἁσέ
653 5179 786 5234 μνου
811 5158 1164 5230 βαδίσματος,
1176 5156 1210 5226 ἢ
1227 5155 1366 5212 ὠτότ
1375 5172 1546 5227 μητον
1565 5154 1652 5208 διὰ
1669 5170 1744 5206 πα
1753 5169 1849 5222 ρα-

255 5259 424 5328 κοῆς,
454 5259 489 5331 ἢ
521 5256 723 5326 τυφλὸν
751 5253 840 5308 διὰ
895 5252 1072 5316 κακῆς
1125 5249 1393 5320 ὁράσεως,
1433 5248 1468 5318 ἢ
1509 5246 1846 5318 θηριάλωτον

253 5353 365 5409 καὶ
397 5351 718 5421 θνησιμαῖον
746 5347 835 5401 διὰ
864 5344 1043 5414 κακῆς
1073 5339 1344 5412 πράξεως.
1385 5341 1489 5404 Ὡς·
1507 5334 1602 5394 οὗν
1630 5337 1846 5410 εἴρηται

252 5446 554 5515 γινώσκων
584 5445 666 5497 ὃτι
709 5441 871 5510 λόγον
905 5438 1044 5509 ὑπὲρ
1067 5433 1248 5490 αὐτῶν
1290 5433 1498 5504 ὑφέξει,
1535 5431 1670 5486 πολὺ
1696 5429 1844 5500 ὀφεί-

249 5541 349 5594 λει
379 5539 743 5608 ὲναγρυπνεῖν
793 5537 860 5605 τῇ
885 5532 1095 5605 ποίμνῃ
1129 5527 1325 5590 αὐτοῦ,
1387 5527 1483 5580 καὶ
1513 5525 1603 5590 ὡς,
1622 5525 1844 5595 ἄριστος

257 5632 453 5703 ἰατρὸς
492 5633 592 5702 τὴν
645 5629 1033 5699 προσήκουσαν
1082 5624 1300 5692 ἑκάστῳ
1369 5620 1530 5673 πάθει
1591 5617 1844 5690 βοήθειαν

1953 5161 2178 5232 indigna
2210 5177 2332 5232 quae
2363 5161 2666 5230 recipiatur
2693 5177 2723 5216 a
2754 5162 2989 5218 Domino
3030 5179 3130 5234 per
3155 5166 3533 5234 oscitantiam,

1951 5263 2049 5308 aut
2092 5253 2318 5308 decolor
2345 5253 2417 5308 sit
2460 5252 2785 5324 impetigine
2813 5253 3212 5325 cogitationum
3235 5257 3279 5319 ’,
3306 5266 3402 5312 aut
3433 5274 3534 5329 per

1951 5361 2108 5400 suam
2149 5343 2390 5415 pastoris
2415 5342 2814 5414 indulgentiam
2859 5343 3071 5400 laboret
3105 5361 3171 5402 ac
3193 5347 3407 5417 pruriat
3435 5365 3537 5420 pe-

1952 5454 2052 5493 cus
2080 5436 2225 5493 {teda
2267 5436 2476 5500 scabie,
2518 5451 2588 5491 ne
2623 5437 2901 5493 claudicet
2938 5454 3038 5508 per
3074 5439 3442 5511 irreligiosum
3471 5457 3538 5497 ac

1953 5529 2135 5582 minus
2172 5543 2396 5596 gravem
2434 5526 2734 5590 incessum,
2776 5537 2872 5582 aut
2911 5528 3126 5584 defecta
3157 5531 3230 5585 sit
3270 5542 3404 5587 aure
3437 5547 3537 5600 per

1953 5618 2389 5674 inobedientiam
2481 5632 2552 5673 ne
2606 5634 2748 5674 caeca
2811 5635 2934 5675 esse
3003 5621 3380 5692 comperiatur
3439 5639 3538 5690 ιιι·

334 5819 406 5852 ⁹¹⁶
447 5819 606 5871 Prov.
637 5831 747 5870 xw.
775 5812 866 5868 ’δῦ-
941 5811 986 5842 ”
1028 5801 1158 5877 Sapo
1183 5824 1262 5872 "la
1290 5807 1344 5863 6·
1423 5806 1469 5838 ’³
1510 5805 1670 5877 Pw?-
1701 5820 1753 5866 κ’
1787 5804 1840 5858 8-

1955 5805 2174 5877 *AEcc‘li.
2209 5820 2276 5877 ιι,
2302 5804 2420 5877 ίςϐ.
2496 5803 2541 5836 ’⁸
2574 5803 2718 5877 Psal.
2755 5823 2768 5849 ι
2790 5820 3005 5877 επςιινιιι,
3038 5803 3132 5877 25..
3157 5805 3248 5877 24.
3325 5805 3533 5877 'f'i‘rel.

339 5905 395 5943 ν.
423 5888 505 5940 ll.
545 5887 591 5919 *τ
633 5885 778 5940 Psal.
809 5899 894 5943 ιιι,
924 5882 1012 5936 l3.
1089 5874 1136 5914 "3
1175 5879 1303 5943 Sap.
1337 5894 1376 5943 ι,
1409 5877 1462 5933 6.
1537 5877 1582 5907 ’⁸
1621 5875 1786 5931 Prov.
1818 5891 1871 5929 xw

1979 5875 2069 5934 27.
2099 5874 2186 5929 28.
2267 5876 2282 5906 ¹
2329 5875 2590 5936 Ρνοι’.χι,
2641 5876 2714 5928 17.

249 5905 395 5948 δεῖν,
423 5894 505 5940 ‘ll.
545 5894 590 5919 ‘"
636 5894 778 5940 t’sal.
809 5899 894 5947 xu,
924 5894 1012 5936 to.
1089 5894 1136 5914 '°
1175 5894 1303 5948 δερ.
1337 5894 1376 5943 ι,
1409 5894 1462 5933 ο.
1540 5894 1582 5907 τ’
1625 5894 1786 5931 rrov.
1818 5894 1947 5938 xv",
1980 5894 2069 5934 ιιι.
2099 5894 2186 5929 κδ.
2269 5894 2282 5906 ·
2329 5894 2488 5929 rrov.
2511 5894 2590 5936 χι,

249 5979 339 6018 Ix.
377 5958 466 6013 54.
539 5956 560 5987 ⁸
599 5955 736 6010 ibid.
765 5954 862 6018 55,
890 5953 980 6007 56.
1061 5952 1080 5982 '
1112 5949 1234 6007 Act.
1274 5965 1310 6016 I,
1341 5949 1390 6006 Ι.
1481 5945 1722 6002 oMatth.
1760 5961 1812 6010 v,
1862 5946 1946 6000 t9.
2024 5947 2041 5975 "
2067 5945 2244 6002 Levit.
2272 5961 2379 6012 ιιι,
2419 5945 2442 5999 l
2481 5960 2631 6018 seqq.

247 5979 339 6026 lx,
377 5958 466 6013 54.
539 5956 560 5987 ⁸
599 5955 736 6010 ibid.
765 5954 862 6021 55,
890 5953 980 6007 56.
1061 5952 1080 5982 '
1112 5949 1234 6007 Act.
1274 5965 1310 6016 I,
1341 5949 1390 6006 Ι.

2798 5878 2818 5908 ¹
2867 5875 2985 5931 .lac.
3011 5891 3065 5942 v,
3103 5875 3159 5942 ’1,
3202 5873 3255 5930 8.
3335 5875 3355 5908 ³
3395 5873 3528 5930 Luc.
