4042 6488
614 431 748 498 1775

1879 433 2248 494 ANTIOCHI
2286 434 2634 495 MONACl-II
3674 445 3768 512 1775

610 545 871 601 vitiosum
925 553 1233 614 aspectum,
1269 533 1365 598 aut
1401 553 1557 614 capta
1588 559 1618 598 a
1653 543 1848 598 bestiis
1883 541 2002 596 sive
2038 556 2190 596 mor-

2298 540 2662 613 προσενὲγκαι
2703 541 2785 596 ἐνί
2824 543 3040 614 ἑκάστῳ
3070 541 3273 599 αὐτῶν.
3320 545 3376 599 Ὁ
3404 546 3502 618 γὰρ
3530 550 3770 626 ὲπιετήμων

605 638 777 693 ticina
799 653 898 708 per
945 637 1256 707 improbam
1299 638 1676 708 operationem
1696 637 1738 688 ⁸.
1764 634 1900 688 Cum
1946 633 2115 704 igitur
2140 633 2186 688 is

607 729 782 800 probe
816 727 1034 784 noverit
1063 729 1195 800 (ceu
1246 727 1382 782 mihi
1447 727 1654 782 dictum
1695 725 1808 798 est)
1846 740 1906 779 se
1953 739 2053 794 pro
2078 723 2187 779 illis

2296 633 2597 705 ἡγούμενος
2629 635 2728 690 οὑκ
2777 635 2928 690 ἐάσει
2959 636 3240 708 τρωθέντα
3267 639 3522 711 μαθητὴν,
3568 645 3774 714 τρωθέντα

2291 726 2350 780 δὲ
2383 729 2596 782 ίάσεται
2619 727 2852 799 ταχέως.

609 821 878 879 rationem
925 837 1048 876 esse
1106 821 1517 890 repositurum,
1565 835 1663 889 par
1701 827 1818 883 est,
1879 827 1942 872 ut
2003 815 2256 887 pervigili
2293 833 2428 874 cura
2487 835 2589 875 suo
2645 821 2954 892 prospiciat
3002 822 3154 894 gregi

3199 839 3214 877 :
3256 837 3554 895 moremque
3599 827 3780 885 imitatus

609 911 808 967 medici
860 913 1017 982 longe
1069 909 1602 986 ‘cxpcrientissimi,’
1651 908 1850 977 cuique
1901 905 2126 988 allectui
2210 907 2410 962 vitioso
2457 921 2830 980 opportunum
2869 919 2928 966 et
2964 923 3286 983 competens
3335 915 3516 970 aﬂ‘erat
3563 919 3781 984 auxilium,

611 1007 762 1063 nullo
795 1005 1016 1061 illorum
1049 1005 1339 1076 neglectim
1378 1003 1726 1058 transmisso.
1747 1002 1970 1057 Peritus
2001 999 2148 1055 enim
2175 1001 2222 1055 si
2260 1010 2346 1057 est
2384 1019 2609 1074 prteses,
2647 1005 2973 1076 neutiquam
3001 1008 3148 1063 sinet
3193 1008 3512 1079 discipulum
3535 1012 3676 1069 ullius
3699 1016 3785 1070 vul-

608 1099 762 1154 neris
793 1098 1159 1168 impressione
1189 1097 1445 1152 sauciari.
1485 1097 1540 1152 Si
1575 1112 1740 1166 quem
1773 1095 2054 1166 noritjam
2079 1095 2327 1150 saucium
2371 1097 2512 1152 nihil
2537 1107 2834 1154 cunctatus
2869 1103 3176 1156 sanandum
3207 1103 3482 1172 suscipiet.

682 1191 892 1262 1207
909 1190 989 1246 Tu
1010 1191 1178 1262 igitur
1193 1191 1446 1262 quisquis
1458 1190 1738 1261 praesides,
1751 1188 2058 1259 discipulos
2075 1179 2200 1243 tuos

607 1283 960 1340 sermonibus
1004 1283 1251 1348 obarma,
1295 1282 1500 1353 quibus
1537 1298 1595 1338 se
1645 1281 1852 1363 cautim
1897 1281 2199 1336 observent

609 1391 674 1431 ac
696 1360 975 1450 tueantur.
1000 1374 1224 1430 Illorum
1254 1373 1522 1444 prtemuni
1547 1360 1761 1444 pectus,
1782 1379 1932 1428 certa
1958 1369 2196 1441 permis-

607 1472 765 1526 sione
815 1469 1134 1524 futurorum
1182 1467 1486 1532 bonorum;
1537 1473 1695 1519 scuto
1742 1477 1871 1516 vere
1904 1460 2035 1516 lidei
2081 1459 2196 1514 cir-

607 1560 856 1631 cumsepi
895 1574 1030 1625 eos;
1079 1554 1149 1612 ad
1183 1557 1348 1612 linem
1390 1571 1562 1627 usque
1592 1553 1907 1626 p'rovebito,
1933 1551 2192 1623 praeduce

607 1668 703 1722 spe
727 1667 850 1722 qum
898 1655 954 1705 in
994 1649 1280 1706 Christum
1315 1664 1417 1703 ceu
1445 1663 1674 1719 scopum
1703 1657 1850 1701 recta
1899 1644 2186 1700 coliineet.

610 1743 784 1798 l’edes
824 1743 1022 1798 obtura
1069 1757 1133 1796 ac
1179 1733 1518 1810 circumtege
1545 1738 1810 1808 angelicis
1861 1735 2192 1806 disciplinis.

2368 1192 2441 1245 Σὺ
2495 1189 2610 1259 οὖν,
2643 1192 2942 1262 ἡγούμενε,
2993 1194 3218 1249 ὃπλισον
3267 1197 3686 1265 προφυλακτικοῖς
3726 1217 3789 1254 σοι

2302 1282 2552 1353 μαθητὰς
2575 1321 2590 1347 ,
2628 1283 2723 1336 καὶ
2760 1283 3072 1355 θωράκισον
3104 1285 3408 1357 ἐπαγγελίᾳ
3431 1287 3530 1339 τῶν
3563 1288 3791 1358 μελλόντων

2295 1373 2518 1442 ἀγαθῶν
2539 1389 2554 1402 ⁸
2580 1371 2948 1446 ’περίφραξον
2981 1375 3164 1448 θυρεῷ
3216 1377 3446 1442 πίστεως
3492 1378 3710 1448 ἀληθοῦς,
3731 1383 3792 1436 καὶ

2295 1467 2617 1538 περάτωσον
2647 1470 2712 1538 τῇ
2743 1467 2922 1521 ἐλπίδι
2944 1470 3011 1539 τῇ
3043 1471 3124 1532 είς
3148 1469 3404 1543 Χριστὸν,
3433 1471 3689 1540 κνήμωσον
3708 1476 3793 1536 τοὺς

2298 1560 2464 1626 πόδας
2497 1559 2877 1628 εὑαγγελικοῖς
2910 1561 3223 1632 μαθήμασι,
3255 1561 3351 1615 καὶ
3379 1559 3544 1625 (Cum
3567 1561 3652 1634 τὴν
3675 1566 3794 1634 ὀσφίν,

2298 1649 2478 1720 λύγοις
2511 1649 2868 1722 σωφροσύνης
2889 1667 2904 1681 ο
2933 1649 3022 1714 δὸς
3056 1652 3336 1723 μάχαιραν
3361 1653 3436 1715 είς
3457 1653 3550 1724 τὴν
3570 1657 3717 1724 χεῖρα,
3735 1657 3794 1708 τὸν

2300 1742 2442 1796 κατὰ
2489 1741 2600 1796 τῶν
2661 1740 2850 1796 παθῶν
2887 1740 3060 1812 θυμὸν
3107 1742 3404 1810 ὀξύτατον·
3456 1745 3544 1798 καὶ
3585 1745 3796 1812 ἀντίταξοι

608 1835 887 1904 Prmcingc
931 1833 1180 1888 lumbum
1228 1831 1448 1886 illorum
1483 1829 1792 1902 spiritualis
1830 1828 2034 1900 laetitia:
2081 1841 2195 1880 ser-

2302 1835 2544 1904 φάλαγγι
2580 1835 2770 1888 παθῶν
2800 1835 2898 1890 καὶ
2925 1837 3152 1905 ἡδονῶν.
3195 1838 3310 1890 Καὶ
3343 1836 3418 1908 μὴ
3449 1839 3654 1909 κινήσῃς
3679 1839 3798 1907 θυμὸν

608 1927 886 1981 monibus.
964 1926 1042 1979 Da
1115 1924 1227 1979 illis
1273 1923 1329 1978 in
1383 1938 1609 1976 manum
1669 1920 1947 1992 gladium,
1997 1934 2195 1989 nempe

605 2016 964 2072 acrimoniam
1015 2015 1411 2086 praecidentem
1453 2013 1685 2068 vitiosos
1724 2011 1898 2067 animi
1939 2011 2194 2066 allectus.

607 2109 665 2164 Si
703 2125 843 2180 quos
887 2109 1132 2170 senseris
1170 2109 1315 2179 cingi
1364 2124 1430 2164 ac
1467 2106 1645 2179 premi
1677 2105 1929 2176 improbo
1978 2105 2196 2174 agmine

605 2202 1092 2272 perturbationum
1139 2211 1238 2256 aut
1273 2200 1655 2279 voluptatum,
1701 2196 1966 2252 coordina
2024 2201 2081 2250 et
2137 2203 2196 2248 tu

605 2293 874 2350 adversus
921 2302 1222 2364 utrumque
1251 2291 1766 2348 'instructissimam
1809 2287 2006 2343 aciem.
2049 2285 2196 2341 Cave

607 2384 846 2440 moveris
879 2385 1126 2440 animum
1154 2383 1426 2438 adversus
1458 2381 1793 2452 discipulum
1820 2388 2140 2456 peccantem
2179 2395 2194 2430 :

607 2491 790 2546 neque
817 2477 966 2532 enim
997 2475 1175 2532 sancti
1196 2475 1304 2532 viri
1335 2482 1422 2531 est
1449 2490 1515 2530 ea
1548 2473 1780 2537 functio,
1815 2470 1915 2526 tibi
1941 2469 2046 2542 ipsi
2077 2469 2198 2524 vul-

605 2581 713 2621 nus
740 2565 990 2638 inlligere
1022 2575 1080 2621 et
1125 2564 1470 2629 consociare,
1501 2563 1632 2618 dum
1673 2561 1798 2618 aliis
1835 2559 2028 2616 studes
2076 2572 2196 2612 me-

605 2655 728 2714 deri
779 2675 794 2712 :
835 2657 935 2714 sed
975 2665 1034 2712 et
1083 2657 1180 2728 qui
1225 2663 1459 2712 caeteros
1499 2658 1710 2720 latent,
1748 2655 2053 2710 clementer
2099 2667 2198 2708 eos

605 2747 860 2804 emenda.
893 2748 1142 2804 Medicus
1169 2749 1377 2804 ctenim
1411 2747 1670 2803 medetur
1700 2744 1928 2816 quidem
1961 2740 2194 2810 morbis,

609 2853 720 2894 non
751 2840 886 2893 item
931 2838 1198 2912 adversus
1253 2855 1379 2894 eum
1423 2837 1518 2909 qui
1567 2837 1775 2892 invitus
1805 2836 2076 2908 aegrescit,
2107 2834 2196 2890 in-

607 2930 832 3002 dignam
858 2931 1027 2985 ullam
1075 2911 1261 2985 movet
1295 2931 1596 3002 querelam.
1645 2929 1716 2984 Ut
1745 2928 1914 2998 igitur
1948 2926 2198 2982 medicus

609 3038 736 3078 cum
771 3023 960 3098 carnis
1004 3023 1398 3094 putrilaginem
1449 3031 1620 3088 secat,
1679 3021 1786 3076 boc
1823 3020 2014 3090 utique
2062 3018 2197 3074 facit

2299 1928 2394 1981 ἐπὶ
2427 1929 2814 2000 ἁμαρτήσαντι
2867 1928 3115 2001 μαθητῇ.
3175 1931 3248 1984 Οὐ
3281 1931 3392 2002 γὰρ
3427 1932 3562 1984 Ξσιον
3595 1931 3722 1986 αὑτὸν
3743 1949 3797 1985 τι·

2296 2020 2567 2092 τρὼσκειν
2605 2020 2712 2090 πρὸ
2745 2021 2844 2092 τῆς
2875 2019 3179 2087 θεραπείας
3211 2023 3405 2094 ἐτέρου
3425 2040 3438 2052 ·
3470 2023 3578 2076 ἀλλ’
3617 2023 3800 2088 evagati-

2298 2129 2408 2173 κως
2437 2110 2651 2180 διόρθου
2692 2111 2754 2164 τὸ
2788 2112 2972 2166 λαθὸν.
3006 2113 3118 2166 Καὶ
3146 2113 3256 2186 γάρ
3285 2115 3315 2168 ὀ
3351 2115 3530 2182 ἰατρὸς
3584 2113 3800 2184 θεραπεύει

2300 2200 2400 2272 μὲν
2429 2201 2491 2256 τὸ
2525 2201 2721 2265 πάθος.
2769 2205 2872 2257 οὐκ
2902 2205 3208 2273 ἀγανακτεῖ
3231 2204 3290 2258 δὲ
3323 2205 3460 2276 πρὸς
3489 2205 3574 2258 τὸν
3603 2206 3800 2269 ἀκουσίως

2297 2290 2642 2362 νοσήσαντα·
2690 2289 2883 2362 ὥσπερ
2924 2294 2952 2344 ὁ
2985 2292 3171 2364 ἰατρὸς
3221 2293 3440 2364 τέμνων
3487 2298 3642 2364 χωρὶς
3685 2293 3800 2362 ὀργῆς

2296 2380 2454 2433 τοῦτο
2490 2383 2658 2439 ποιεῖν
2704 2381 2850 2436 οὑτω
2893 2383 2988 2438 καὶ
3027 2383 3352 2448 διδάσκαλος
3390 2384 3616 2455 ἐλέγχων
3661 2387 3722 2454 μὴ
3747 2404 3802 2453 μι-

2298 2469 2478 2539 γνύων
2529 2471 2640 2525 τῶν
2682 2472 2924 2543 ἐλέγχων
2971 2473 3168 2545 θυμὸν,
3234 2475 3370 2544 μηδὲ
3411 2473 3570 2534 πάλιν
3611 2474 3686 2528 διὰ
3723 2474 3799 2534 rei;

2298 2560 2704 2630 ἀντιλέγοντας,
2760 2565 3035 2633 σιωπῆσαι
3088 2563 3160 2617 τὰ
3211 2566 3404 2618 δέοντα
3452 2565 3538 2620 ἴνα
3571 2565 3638 2637 μὴ
3683 2567 3710 2636 ἡ
3747 2564 3804 2618 τοῦ

2297 2653 2416 2716 ἐνὶς
2467 2653 2643 2725 βλάϐη
2676 2656 2758 2718 είς
2791 2657 2919 2720 τοὺς
2969 2656 3200 2721 πολλοὺς
3249 2657 3562 2733 ἁναδράμῃ.
3595 2657 3710 2710 υὺτε
3738 2657 3806 2726 χρὴ

2301 2745 2702 2817 μακροθυμεῖν,
2728 2747 2848 2800 οὑδὲ
2881 2747 3064 2820 ζητεῖν
3096 2747 3157 2801 τὸ
3187 2749 3389 2804 ἑαυτοῦ
3423 2751 3696 2820 συμφέρον,
3718 2747 3810 2802 ἀλλὰ

2297 2837 2356 2891 το
2387 2837 2494 2890 τῶν
2531 2836 2762 2904 πολλῶν,
2797 2838 2884 2892 ἵνα
2919 2837 3169 2894 σωθῶσιν
3192 2871 3208 2896 υ
3257 2839 3388 2894 οὑδὲ
3423 2841 3577 2894 πάλιν
3619 2839 3810 2908 ἀποδέχε-

2299 2927 2425 2982 σθαι
2459 2929 2552 2982 τὸν
2587 2929 2644 2983 ἐν
2683 2930 2932 3003 ὑποταγῇ
2971 2948 3066 2986 σου
3099 2931 3252 2999 ὄντα,
3279 2931 3550 3002 λέγονταο
3588 2933 3810 3004 napique

2301 3037 2394 3092 μοι
2431 3020 2682 3084 ἐξουσίαν
2719 3021 2845 3076 τινὰ
2889 3024 3084 3094 χρόνον
3135 3025 3278 3096 πρὸς
3319 3026 3524 3096 ἀρετὴν
3551 3025 3655 3080 τόδε
3681 3023 3708 3095 ῆ
3731 3022 3812 3076 τόδε

609 3117 749 3173 citra
785 3117 923 3172 iram
950 3133 963 3170 :
993 3116 1068 3172 ita
1090 3126 1148 3173 et
1173 3115 1630 3181 doctor,interim
1658 3112 1788 3168 dum
1813 3112 2193 3184 reprehendit,

2298 3113 2358 3168 τὸ
2403 3114 2636 3186 πρᾶγμα
2687 3115 3006 3186 δοκιμάσαι,
3058 3119 3152 3170 καί
3208 3118 3355 3172 οὑτω
3404 3117 3732 3190 κατορθῶσαι.
3775 3115 3813 3166 ’θ

611 3223 719 3262 ιιοιι
763 3205 1064 3262 iracundiae
1107 3207 1352 3261 furorem
1405 3203 1682 3258 immiscet
1733 3218 1846 3258 suae
1891 3201 2196 3272 reprehen-

609 3299 782 3366 sioni,
825 3313 928 3352 nec
958 3314 1148 3354 rursus
1189 3295 1690 3352 contradicentium
1734 3295 1982 3350 susurris
2013 3294 2197 3350 deter-

611 3390 772 3456 ritus,
811 3405 934 3460 quae
969 3389 1248 3444 addecent
1294 3387 1580 3459 frugemve
1618 3385 1863 3442 alterunt
1903 3385 2194 3458 subjectis,

608 3483 832 3538 silentio
877 3483 1102 3553 premit,
1153 3492 1214 3537 ut
1267 3497 1338 3536 ne
1389 3480 1556 3535 unius
1603 3494 1748 3534 noxa
1789 3479 1846 3534 in
1893 3479 2195 3535 multorum

609 3575 936 3645 perniciem.
955 3589 1057 3629 sua
1087 3582 1319 3643 contage
1344 3579 1600 3628 recurrat
1626 3579 1683 3628 et
1711 3570 1976 3626 dimanet.
2000 3570 2103 3626 Hic
2125 3585 2196 3626 ne

611 3678 664 3722 te
689 3675 920 3738 praestes
935 3665 1324 3738 longanimiter
1341 3664 1642 3736 patientem
1665 3682 1680 3718 :
1705 3678 1816 3718 non
1833 3663 1964 3718 item
1982 3679 2196 3734 quaeras

608 3757 755 3829 quod
791 3758 892 3814 tibi
922 3757 1058 3814 utile
1101 3767 1208 3824 est,
1248 3757 1346 3814 sed
1377 3757 1527 3829 quod
1555 3757 1766 3822 multis,
1797 3764 1860 3813 ut
1891 3755 2197 3812 incolumes

609 3857 922 3904 serventur.
962 3847 1178 3903 Rursus
1241 3846 1368 3902 vide
1432 3861 1504 3902 ne
1563 3844 1789 3900 subdito
1847 3845 2197 3901 consenseris

606 3938 816 3994 dicenti
848 3938 952 3994 tibi
997 3955 1012 3992 :
1055 3937 1164 3993 Fac
1209 3952 1424 3993 mecum
1471 3943 1806 4008 potestatem
1848 3935 2196 4006 temporariae

607 4030 916 4103 cujuspiam
947 4031 1200 4098 morulas,
1235 4029 1368 4085 dum
1409 4029 1632 4085 interim
1682 4027 1948 4100 recipiam
1992 4044 2103 4093 me,
2135 4037 2198 4084 ut

607 4131 664 4176 et
692 4122 798 4176 hoc
832 4121 916 4177 vel
953 4121 1090 4176 illud
1131 4120 1384 4191 probem,
1417 4122 1610 4193 sicque
1643 4121 1790 4201 quod
1821 4121 2090 4178 decorum
2112 4127 2198 4176 est

608 4229 665 4275 et
691 4235 760 4276 ex
790 4218 970 4276 ollicio
1007 4221 1265 4278 concitus
1289 4221 1570 4280 absolvam
1605 4238 1620 4276 :
1659 4222 1755 4292 qui
1783 4219 1934 4278 enim
1963 4221 2039 4277 ad
2067 4236 2194 4277 eum

606 4311 857 4383 loquitur
886 4313 1112 4368 modum
1130 4353 1146 4379 ,
1174 4313 1442 4368 nimirum
1477 4312 1807 4370 undecunde
1836 4323 2076 4370 venatur
2097 4329 2196 4368 oc-

609 4405 889 4460 casionem
939 4403 1296 4476 perﬁcienda:
1357 4405 1601 4476 propriae
1662 4407 1964 4464 voluntatis
2011 4423 2026 4460 :
2070 4421 2193 4462 eam

2302 3204 2408 3276 γὰρ
2437 3205 2502 3278 δὴ
2527 3203 2702 3270 οὑτως
2725 3205 2925 3276 λέγων,
2947 3207 3194 3278 δηλονότι
3221 3209 3356 3264 ἴδιον
3372 3209 3621 3263 ἀποτελεῖ
3640 3207 3813 3275 θέλημα,

2301 3297 2398 3350 καὶ
2424 3295 2521 3363 τὰς
2555 3297 2835 3369 συνθήκας
2867 3297 2967 3370 τῆς
3001 3299 3284 3370 ὑποταγῆς
3315 3301 3521 3354 ἀθετεῖ.
3555 3300 3664 3372 Χρὴ
3691 3300 3735 3353 δὲ
3755 3299 3816 3350 καὶ

2298 3387 2460 3442 τοῦτο
2491 3389 2815 3458 καραδοκεῖν
2852 3391 3120 3462 ὑπομονῇ.
3167 3390 3226 3446 '0
3262 3392 3377 3463 γὰρ
3413 3393 3698 3464 διατρέφων
3730 3406 3818 3459 προ-

2301 3481 2490 3552 θύμως
2521 3482 2649 3544 τοὺς
2698 3481 3176 3554 ὑποτεταγμένους
3213 3484 3276 3536 ὲν
3309 3483 3389 3555 τῷ
3431 3483 3572 3556 λόγῳ
3595 3481 3680 3536 τοῦ
3703 3477 3815 3537 Θεοῦ,

2301 3571 2673 3643 ὲτοιμαζέσθω
2698 3574 2760 3626 τὸ
2799 3574 2990 3645 νοητὸν
3016 3568 3182 3626 αὑτοῦ
3213 3577 3296 3638 εἰς
3337 3575 3606 3646 μάστιγας
3631 3576 3816 3643 νοηταὰςι

2301 3666 2396 3718 καὶ
2433 3665 2612 3720 πάντα
2649 3666 2957 3736 πειρασμὸν
2993 3666 3318 3736 ὑφιστάσθω
3352 3668 3632 3737 γενναίως.
3659 3665 3818 3719 Γίνεται

2299 3757 2407 3828 γὰρ
2446 3757 2529 3811 ὅτι
2576 3759 2670 3811 καὶ
2704 3757 3025 3822 διδάσκαλος
3061 3758 3143 3822 είς
3173 3759 3405 3830 ἀτιμίαν
3438 3759 3686 3815 ἐκδίδοται
3721 3756 3816 3824 ὑπὲρ

2299 3851 2407 3903 τῶν
2460 3849 2853 3922 πνευματικῶς
2914 3850 3314 3923 ὠφεληθέντων
3361 3855 3493 3917 τοὺς
3543 3848 3820 3923 πειρασμοκ

2300 3941 2688 4012 ὑφιστάμενος.
2737 3958 2756 3993 ι
2805 3941 3000 4012 Ἡμεῖς
3027 3941 3161 4014 γὰρ,
3201 3943 3397 4013 φησὶν,
3430 3944 3614 4014 ἄτιμοι
3647 3941 3725 3994 καὶ
3755 3953 3820 3990 κο-

2299 4031 2649 4103 λαφιζόμενοι
2696 4033 2774 4105 τῷ
2815 4033 3068 4096 σκόλοπι,
3124 4035 3285 4105 ὑμεῖς
3323 4034 3384 4088 δὲ
3426 4035 3631 4106 ἰσχυροὶ
3661 4029 3820 4086 καὶέν-

2297 4122 2440 4188 δοξοι
2477 4125 2902 4194 καθεστηκότες.
2950 4141 2970 4176 ι
3015 4123 3138 4196 Χρὴ
3177 4120 3273 4178 οὖν
3317 4124 3412 4179 τὸν
3463 4123 3571 4178 τοῦκ
3600 4121 3718 4176 Θεοῦ
3756 4119 3821 4174 ἄν·

2299 4216 2520 4288 θρωπον
2544 4219 2603 4270 ὲν
2633 4216 2800 4270 παντὶ
2827 4217 2974 4288 ἔργῳ
3005 4217 3197 4288 ἀγαθῷ
3224 4217 3322 4271 καὶ
3351 4217 3501 4288 λόγῳ
3535 4213 3820 4288 ὲξηρτύσθαι,

2299 4309 2394 4362 καὶ
2411 4309 2722 4380 κομεῖσθαι,
2749 4311 2845 4364 καὶ
2873 4311 3228 4383 εὐσχημόνως
3248 4313 3345 4366 καὶ
3369 4313 3514 4367 κατὰ
3534 4312 3673 4375 τάξιν
3693 4308 3820 4363 πάντα

2298 4401 2581 4470 πράττειν,
2616 4401 2754 4473 πρὸς
2792 4402 3145 4458 ὑποτύπωσιν
3177 4406 3288 4459 τῶν
3320 4404 3478 4476 αὑτῷ
3525 4403 3817 4473 πειθομένων.

545 4545 562 4556 ._
609 4511 742 4550 vero
773 4497 863 4550 cui
889 4511 950 4552 se
978 4512 1046 4550 ex
1084 4506 1252 4566 pacto
1273 4497 1592 4564 obstrinxit,
1621 4497 1926 4552 frustratur
1954 4506 2014 4554 et
2039 4498 2195 4554 elidit

2318 4489 2376 4543 Ὁ
2406 4488 2516 4560 γὰρ
2561 4490 2885 4562 ἡγούμενος,
2919 4493 3028 4546 ἀπὸ
3067 4492 3165 4548 τοῦ
3209 4494 3268 4550 ὲν
3315 4495 3398 4567 τῷ
3437 4496 3586 4568 ἔργῳ
3616 4491 3816 4564 προηγεῖ-

609 4587 1007 4643 obedientiam.
1032 4586 1266 4659 Oportet
1288 4589 1509 4646 interim
1544 4599 1608 4646 ut
1632 4605 1760 4646 cum
1788 4591 2058 4662 patientia
2091 4591 2199 4646 hoc

607 4681 889 4741 observet.
913 4681 1015 4748 Qui
1037 4682 1188 4737 enim
1209 4683 1474 4738 alimonia
1500 4683 1656 4740 verbi
1675 4684 1852 4740 divini
1871 4692 2198 4756 exprompta

607 4784 775 4846 atque
804 4774 1070 4831 alacriter
1098 4776 1278 4846 pascit
1307 4777 1612 4848 subjectos,
1639 4785 1918 4846 praeparet
1950 4785 2196 4831 mentem

607 4880 762 4920 suam
792 4865 860 4922 ad
887 4865 1216 4936 excipienda
1249 4865 1437 4938 ﬂagra,
1468 4866 1564 4921 sed
1589 4865 1925 4936 spiritualia,
1947 4881 2198 4921 omnem-

607 4961 722 5029 que'
747 4960 1113 5014 tentationum
1145 4959 1444 5034 procellam
1469 4973 1738 5030 generoso
1763 4958 1903 5014 ferat
1929 4967 2153 5029 pectore
2182 4976 2194 5010 :

525 5051 532 5056 ’
578 5050 722 5106 .fere
760 5051 911 5106 enim
963 5049 1025 5105 ﬁt
1062 5059 1124 5104 ut
1161 5059 1220 5105 et
1257 5051 1457 5105 doctor
1490 5049 1558 5106 ad
1606 5049 1968 5120 ignominiam
2003 5057 2060 5104 et
2101 5048 2200 5103 de-

607 5140 779 5196 decus
814 5143 1086 5207 elocetur,
1130 5142 1466 5197 tentationes
1514 5141 1648 5196 dum
1695 5141 1934 5195 sustinet
1978 5155 2080 5209 pro
2113 5140 2201 5194 his

606 5242 730 5298 quae
749 5231 818 5285 ad
846 5233 1190 5302 spiritualem
1219 5247 1449 5288 suorum
1479 5231 1772 5288 utilitatem
1805 5231 1862 5286 in
1901 5245 2196 5286 commune

606 5321 865 5374 contulit.
920 5342 937 5372 ι
973 5321 1088 5376 Nos
1112 5310 1282 5376 enim
1317 5321 1607 5392 ignobiles,
1638 5320 1718 5374 ait
1747 5320 1971 5383 Paulus,
2006 5328 2064 5374 et
2097 5335 2196 5374 co-

607 5413 955 5484 lapbizamur
1003 5413 1236 5484 perinde
1290 5428 1354 5468 ac
1409 5413 1536 5484 palo
1582 5397 1851 5482 quopiam
1903 5409 2052 5474 caesi,
2099 5424 2197 5465 vos

608 5513 790 5560 autem
830 5506 1003 5561 fortes
1045 5515 1104 5561 et
1142 5504 1453 5576 gloriosi'.»
1510 5505 1751 5559 Necesse
1800 5501 1969 5574 igitur
2012 5502 2104 5566 sit,
2139 5510 2199 5556 ut

608 5597 776 5653 homo
799 5598 895 5652 Dei
953 5598 1009 5652 in
1039 5598 1188 5652 omni
1221 5612 1402 5667 opere.
1429 5604 1487 5652 et
1524 5611 1784 5651 sermone
1814 5595 1964 5650 bono
1990 5595 2198 5651 instru-

608 5698 731 5744 ctus
759 5689 833 5744 sit
867 5704 930 5744 ac
971 5689 1302 5759 perpolitus,
1335 5688 1590 5756 nihilque
1635 5701 1744 5740 non
1788 5685 2041 5755 perﬁciat
2094 5685 2196 5740 bo-

675 5846 698 5878 ³
724 5845 926 5921 Ezeeli.
975 5860 1163 5911 xxxiii,
1195 5849 1220 5899 1
1250 5861 1407 5918 seqq.
1437 5848 1455 5878 ο
1491 5843 1661 5900 lCor.
1692 5860 1772 5912 iv,
1812 5848 1893 5903 l0.

2299 4581 2448 4641 σθαι.
2502 4582 2753 4636 καλεῖται
2791 4583 3118 4656 ἡγούμενος.
3171 4589 3390 4659 ὀνομα
3421 4589 3533 4660 γὰρ
3577 4587 3712 4658 ψιλὸν
3751 4582 3818 4635 οὖι

2299 4673 2513 4744 εἰσάγει
2559 4677 2640 4740 είς
2690 4675 2970 4746 βασιλείαν
3017 4679 3128 4733 τῶν
3175 4680 3450 4752 οὐρανῶν,
3503 4680 3618 4735 οὐδὲ
3658 4676 3816 4741 6λῷος

2299 4766 2582 4838 ἄπρακτος
2615 4769 2818 4836 ὠφελεῖ
2848 4769 2940 4830 τὸν
2971 4771 3243 4827 ἀκούοντα
3266 4790 3282 4804 ⁸
3317 4773 3459 4828 ἀλλὰ
3490 4773 3678 4846 πρᾶξις
3710 4765 3814 4824 lvii-

2299 4875 2470 4929 ναμος
2515 4859 2772 4930 ἀληθινὸν
2816 4863 3054 4933 ποιμένα
3109 4863 3525 4920 ἀποδείκνυσιν.
3581 4885 3599 4916 ι
3657 4863 3704 4916 '0
3742 4860 3810 4925 γάρ

2301 4954 2534 5022 ποιήσας
2567 4953 2699 5022 μίαν
2731 4955 2840 5008 τῶν
2873 4955 3107 5010 ἐντολῶν
3132 4957 3231 5012 καὶ
3253 4957 3498 5026 διδάξας,
3527 4953 3667 5020 οὗτος
3694 4953 3810 5024 Piri;

2302 5043 2638 5114 κληθήσεται
2691 5047 2748 5098 ὲν
2783 5049 2848 5116 τῇ
2897 5045 3149 5118 βασιλείᾳ
3178 5048 3287 5103 τῶν
3327 5049 3595 5120 οὐρανῶν.
3640 5065 3658 5097 ι
3706 5043 3748 5096 Ὀ
3773 5038 3808 5090 δὲ

2297 5134 2386 5186 διὰ
2441 5136 2541 5205 τῆς
2594 5136 2870 5206 ἀπραξίας
2925 5139 3244 5211 παραλύων,
3275 5141 3376 5212 τὴν
3424 5139 3660 5210 ἐντολὴν,
3705 5129 3809 5186 «κεῖ

2298 5227 2564 5282 διδάσκων
2615 5231 2854 5301 ἀκάρπῳ
2897 5229 3064 5302 λόγῳ,
3109 5231 3396 5302 ἐλάχιστος
3444 5230 3806 5300 κληθήσεται.»

2300 5317 2552 5372 Μάλιστα
2599 5319 2657 5372 δὲ
2705 5323 2801 5374 καὶ
2853 5323 3069 5391 μισθίου
3119 5323 3358 5394 φυγάδος
3397 5322 3646 5392 ὑφέξεται
3685 5315 3808 5381 δίκην.

2298 5407 2394 5462 τοῦ
2425 5408 2592 5462 λύκου
2624 5409 3120 5480 διασπαράττοντος
3161 5413 3220 5468 τὸ
3246 5415 3502 5483 ποίμνιον
3549 5406 3719 5470 αὑτοῦ,
3751 5399 3811 5455 ml

2297 5499 2798 5572 διασκορπίξοντος.
2854 5502 2975 5574 Χρὴ
3021 5499 3137 5557 οὗν-
3165 5505 3245 5569 είς
3289 5504 3470 5559 πάντα
3521 5501 3650 5555 εἶναι
3697 5493 3810 5550 avri?

2299 5593 2670 5664 εὑδιάκριτον,
2730 5595 2828 5649 καὶ
2859 5598 3177 5651 ἐπιτάσσειν
3219 5597 3320 5667 μὲν
3350 5593 3626 5659 ἐπιεικῶς,
3657 5592 3721 5662 μὴ
3751 5587 3810 5638 ἀν·

2300 5685 2617 5754 αγκαστῶς,
2646 5685 2762 5740 ἀλλ’
2787 5687 3052 5754 ἑκουσίως
3071 5705 3086 5720 ’
3111 5690 3559 5762 παρακουόμενον
3584 5685 3636 5738 δὲ
3665 5687 3800 5754 μαιρο
