4042 6450
315 371 445 438 ῙἿΤΙ

1184 378 1513 440 HOMILIA
1549 379 1701 442 CXI.
1729 402 1796 414 —
1820 377 1919 438 DE
1959 375 2091 437 HIS
2130 374 2266 447 QUI
2307 373 2698 459 ΡΒᾹΞΒΗΝΤἶ

3441 367 3577 432 Πῗὸ

307 489 500 558 θυμεῖν
547 485 640 540 καὶ
689 487 1012 558 ἀνέχεσθαι,
1064 488 1152 542 ἵνα
1201 489 1279 560 μὴ
1329 489 1542 562 ἀκούσῃ
1594 487 1745 559 παρὰ
1793 485 1888 540 τοῦ

2009 494 2149 542 reste
2189 493 2246 540 et
2283 485 2590 548 secundum
2637 483 2915 547 ordinem,
2965 479 3031 536 ad
3067 496 3261 538 eorum
3302 479 3568 538 informa-

307 578 471 633 Δαυῖδ
491 592 506 606 ’
545 596 564 630 ι
615 577 682 632 '0
703 576 964 632 πλόισσων
993 578 1162 632 κόπον
1207 581 1301 634 ἐπὶ
1330 580 1684 649 πρόσταγμα.
1725 597 1745 630 ›
1779 577 1894 632 Καὶ

309 669 462 739 παρὰ
490 669 583 722 τοῦ
618 670 984 741 Σολομῶντος,
1019 688 1039 722 ι
1078 670 1160 724 Τὰ
1191 671 1477 742 σπλάγχνα
1527 670 1635 724 τῶν
1680 667 1894 722 ἀσεϐῶν

310 760 655 829 ἀνελεήμονα
685 778 698 790 ·
761 782 778 812 ›
823 762 959 816 ἀλλὰ
1017 763 1218 834 μᾶλλον
1254 763 1502 849 ’ἀκούσῃ
1561 781 1580 815 ι
1639 761 1960 842 Γνωστὰςη

313 853 588 927 έπιγνώσῃ
616 856 718 920 τὰς
739 855 916 927 ψυχὰς
943 855 1034 909 τοῦ
1061 855 1314 926 ποιμνίου
1343 873 1460 912 σου.
1494 875 1513 908 ι
1537 853 1668 918 Καὶ,
1695 873 1714 906 ι
1751 855 1896 908 Ἐπι-

315 947 536 1014 στήσεις
569 947 790 1018 καρδίαν
822 967 914 1002 σου
945 951 1064 1012 ταῖς
1095 950 1338 1018 ἀγέλαις.
1381 970 1399 1002 ι
1431 950 1563 1013 Καὶ,
1625 967 1644 1000 ι
1683 935 1895 1019 Ποιμα-

314 1039 397 1088 νεῖ
432 1035 648 1100 δικαίας
677 1036 856 1108 ψυχὰς
896 1037 1108 1108 κτηνῶν
1140 1037 1329 1093 αὐτοῦ.
1370 1057 1388 1090 ι
1419 1040 1512 1092 Δεῖ
1533 1036 1591 1091 δὲ
1624 1036 1790 1090 πάλιν
1822 1036 1898 1108 μὴ

317 1129 682 1200 παρισιωπᾷν
736 1129 804 1183 τὰ
856 1129 1218 1200 ἐλαττώματα
1272 1129 1476 1183 αὐτῶν.
1543 1148 1562 1182 ι
1619 1128 1720 1182 Υἱὲ
1764 1127 1896 1199 γὰρ,

317 1221 504 1290 φησὶν,
525 1220 840 1292 ἀνθρώπου,
863 1223 1062 1276 σκοπὸν
1081 1223 1288 1277 δέδωκά
1307 1240 1367 1278 σε
1399 1221 1476 1293 τῷ
1492 1205 1628 1293 οῐκῳ
1653 1222 1895 1294 Ἰσραήλ.

332 1312 457 1366 Ἐὰν
493 1307 586 1367 οῦν
613 1311 696 1388 ἴδῃ
739 1315 767 1367 6
793 1313 994 1378 σκοπὸς
1017 1313 1116 1386 τὴν
1149 1315 1424 1386 ῥομφαίαν
1453 1313 1778 1386 ἐρχομένην,
1802 1315 1900 1369 καὶ

321 1404 580 1476 σαλπίσῃ,
613 1404 707 1460 καὶ
737 1406 766 1458 6
790 1402 1030 1470 ἀκούσας
1059 1407 1134 1478 μὴ
1164 1405 1494 1478 φυλάξηται,
1528 1405 1591 1460 τὸ
1623 1401 1766 1478 αἷμα
1797 1407 1900 1460 αὖ·

317 1481 414 1548 τοῦ
445 1495 541 1548 ἐπὶ
565 1495 665 1566 τῆς
702 1496 954 1566 κεφαλῆς
995 1497 1182 1551 αὐτοῦ.
1219 1497 1326 1550 Καὶ
1365 1497 1394 1549 ὀ
1438 1497 1641 1560 σκοπὸς
1684 1499 1781 1552 ἐὰν
1811 1497 1898 1570 tan

319 1587 418 1657 τὴν
439 1587 734 1658 ῥομφαίαν,
759 1589 854 1642 καὶ
886 1589 958 1659 μὴ
985 1587 1223 1659 σημάνῃ,
1275 1588 1368 1643 καὶ
1395 1588 1535 1662 λάϐῃ
1554 1587 1677 1642 τινὰ
1707 1590 1740 1661 ἠ
1767 1591 1900 1660 ῥομ-

322 1679 478 1745 φαία,
497 1678 559 1733 τὸ
587 1675 722 1749 αἷμα
751 1679 916 1734 αὐτοῦ
948 1681 1012 1733 ἐκ
1042 1679 1142 1747 τῆς
1171 1680 1358 1752 χειρὸς
1383 1679 1478 1735 τοῦ
1500 1679 1704 1734 σκοποῦ
1733 1679 1899 1750 ἐκζη-

318 1771 490 1839 τήσω.
530 1789 548 1822 ι
594 1769 877 1835 Μαθόντες
917 1767 1010 1825 οῦν
1045 1771 1344 1843 ἡγούμενον
1380 1772 1472 1826 τὸν
1518 1772 1900 1844 ἐπηρτημένον

322 1863 450 1932 ὑμῖν
483 1863 622 1936 ὑπὲρ
655 1864 764 1919 τῶν
797 1864 1064 1936 φοιτητῶν
1097 1865 1342 1920 κίνδυνον
1373 1865 1639 1936 ἀγρύπνῳ
1665 1865 1898 1928 διανοίας

321 1955 530 2026 ὄμματι
563 1957 988 2022 ἐπισκοποῦντες
1019 1959 1118 2030 τὴν
1143 1958 1381 2031 ποίμνην
1409 1959 1508 2032 τὴν
1533 1959 1758 2029 λογικὴν
1803 1958 1898 2012 τοῦ

321 2045 553 2116 Κυρίου,
599 2047 816 2118 γίνεσθε
849 2050 993 2104 κατὰ
1031 2051 1123 2104 τὸν
1174 2049 1366 2105 Ἰακὼϐ
1405 2051 1794 2122 συγκαιόμενοι
1820 2049 1900 2122 τῷ

322 2138 565 2207 καύματι
595 2140 696 2204 τὰς
724 2143 756 2210 ἡ
765 2141 832 2210 μέ
841 2157 938 2212 ρας
965 2141 1060 2194 καὶ
1085 2140 1161 2212 τῷ
1185 2141 1410 2214 παγετῷ
1434 2143 1536 2213 τῆς
1557 2143 1772 2206 νυκτὸς,
1803 2143 1900 2196 καὶ

318 2217 861 2311 ἁφεστάςθωόῦπνος
875 2231 984 2286 ἀπὸ
1003 2233 1112 2287 τῶν
1133 2233 1432 2305 ὀφθαλμῶν
1454 2235 1608 2304 ὑμῶν
1635 2235 1776 2304 ὑπὲρ
1804 2233 1898 2288 τοῦ

323 2322 398 2390 μὴ
429 2321 764 2391 θηριὰλωτον
800 2323 1053 2392 γενέσθαι
1084 2325 1142 2379 ἓν
1171 2327 1279 2380 τῶν
1315 2327 1624 2399 προϐάτιον.
1661 2328 1898 2382 Βλέπετε

323 2409 398 2480 μὴ
444 2411 749 2482 ἀκούσητε·
779 2432 796 2465 ι
855 2414 986 2469 Ἰδοὺ
1037 2415 1148 2485 ἐγὼ
1192 2416 1285 2472 ἐπὶ
1325 2418 1451 2482 τοὺς
1486 2417 1770 2489 ποιμένας,
1806 2419 1900 2472 καὶ

319 2503 606 2572 ἐκζητήσω
649 2509 716 2559 τᾶ
752 2506 999 2576 πρόϐατά
1031 2525 1133 2578 μου
1166 2511 1230 2564 ἐκ
1258 2511 1358 2581 τῆς
1385 2511 1565 2582 χειρὸς
1589 2512 1790 2565 αὐτῶν.
1823 2512 1897 2564 υύ

318 2595 429 2664 γὰρ
459 2595 790 2666 ἐξεζήτησαν
829 2601 877 2652 oi
919 2599 1173 2670 ποιμένες
1209 2601 1278 2654 τὰ
1321 2601 1574 2674 πρόϐατά
1611 2619 1749 2674 μου⁶
1805 2604 1901 2658 καὶ

322 2687 629 2756 ἐϐόσκησαν
661 2689 910 2754 ἑαυτοὺς,
945 2691 1013 2745 τὰ
1037 2691 1094 2746 δὲ
1128 2693 1376 2764 πρόϐατά
1403 2713 1504 2764 μου
1538 2695 1639 2750 οὐκ
1669 2695 1900 2768 ἐϐόσκη-

325 2795 476 2834 σαν.»
511 2779 620 2833 Kal.
650 2779 1044 2854 διὰἹερεμίουο
1071 2802 1090 2836 ι
1114 2787 1175 2838 Οἱ
1199 2785 1456 2854 ποιμένες
1487 2787 1536 2839 οί
1569 2787 1901 2852 ἀπολλύντες

323 2869 418 2922 καὶ
441 2868 918 2939 διασκορπίζοντες
943 2873 1011 2926 τὰ
1035 2874 1283 2943 πρόϐατα
1307 2875 1407 2946 τῆς
1430 2875 1604 2946 νομῆς
1639 2893 1764 2952 μου,
1803 2877 1904 2930 Διὰ

323 2959 486 3014 τοῦτο
520 2961 629 3015 ἰδοὺ
659 2963 770 3030 ἐγὼ
794 2963 996 3017 έκδικῶ
1022 2966 1109 3034 ἐφ’
1137 2966 1280 3034 ὑμᾶς
1307 2967 1400 3020 ἐπὶ
1426 2968 1495 3022 τὰ
1525 2969 1738 3039 πονηρὲ
1783 2971 1904 3022 ἐπι-

325 3050 640 3122 τηδεύματα
671 3055 844 3124 ὑμῶν.
887 3074 907 3108 ι
956 3057 1170 3128 Ἀνδρος
1209 3055 1302 3112 οῦν
1341 3057 1570 3122 τελείου,
1601 3061 1698 3115 καὶ
1741 3062 1903 3116 εὐλα-

1997 579 2204 634 tionem
2247 593 2390 648 quos
2441 576 2610 631 habet
2640 575 3136 652 dicto’audientes.
3176 574 3442 647 Quisquis
3472 575 3578 647 igi-

1997 677 2088 724 tur
2137 669 2438 740 praesidet,
2487 683 2556 724 eo
2606 669 2841 723 sortitur
2896 667 3148 738 praesidis
3194 668 3579 724 nomenclatu—

1999 776 2114 816 ram
2149 801 2165 826 ,
2243 761 2391 831 quod
2457 768 2688 816 caeteros
2757 759 3173 830 autegrediatur
3244 759 3580 830 strenuitate

1997 851 2201 922 operis.
2251 851 2442 921 Neque
2482 851 2632 905 enim
2679 848 2736 904 id
2781 848 3028 904 nominis
3083 849 3330 918 (nudum
3373 853 3422 906 si
3463 853 3578 918 est)

1999 940 2213 996 inducit
2264 941 2318 994 in
2366 956 2598 1012 regnum
2648 939 2916 996 caelorum
2941 979 2957 1005 ,
2989 940 3086 996 sed
3123 955 3228 996 nec
3269 955 3453 997 sermo
3490 942 3576 997 in-

1997 1019 2190 1089 eliicax
2237 1033 2406 1088 ullam
2471 1033 2635 1089 aﬂ'ert
2699 1031 2950 1089 audienti
3011 1031 3576 1096 utilitatem:verum

1999 1125 2250 1196 operatio
2287 1133 2490 1196 potens
2523 1123 2569 1180 si
2599 1130 2686 1180 est
2710 1162 2726 1188 ,
2771 1131 3053 1196 pastorem
3083 1124 3264 1194 ipsum
3294 1139 3396 1181 ceu
3427 1134 3580 1182 certo

1999 1218 2309 1290 specimine
2360 1217 2606 1274 declarat
2656 1231 2778 1273 esse
2844 1215 3153 1272 veridicum
3241 1216 3525 1272 doctorem
3565 1236 3578 1272 :

2005 1332 2024 1365 ι
2057 1313 2162 1382 Qui
2207 1311 2358 1369 enim
2381 1312 2582 1368 fecerit
2607 1327 2782 1368 unum
2813 1313 2882 1368 de
2911 1312 3186 1372 mandatis
3208 1320 3266 1368 et
3302 1313 3578 1379 docuerit,

2000 1402 2093 1459 hic
2115 1417 2348 1474 magnus
2373 1402 2664 1458 vocabitur
2695 1402 2753 1457 in
2779 1417 2952 1474 regno
2979 1403 3248 1461 cmlorum
3269 1421 3286 1472 ;
3311 1422 3330 1454 ι
3366 1405 3582 1476 1208

2000 1493 2094 1565 qui
2145 1502 2331 1550 autem
2359 1509 2460 1564 per
2493 1491 2830 1550 inefﬁcacem
2863 1495 3246 1565 operationem
3286 1513 3306 1546 ι
3349 1497 3581 1553 solverit

2003 1597 2172 1640 unum
2228 1585 2296 1640 de
2343 1585 2641 1652 mandatis,
2671 1595 2725 1641 et
2755 1585 3015 1642 docuerit
3057 1602 3312 1644 sermone
3355 1587 3578 1659 quidem

2002 1675 2086 1732 inf
2087 1676 2229 1748 rugi,
2248 1676 2512 1732 minimus
2539 1677 2832 1733 vocabitur
2853 1678 2918 1732 ¹⁰.
2943 1697 2975 1740 ,ι
2997 1677 3144 1744 Quin
3163 1677 3349 1748 potius
3364 1693 3578 1735 merce-

2000 1771 2145 1826 narii
2187 1771 2339 1826 illius
2378 1778 2608 1842 cogetur
2654 1751 2846 1827 subire
2895 1771 3253 1838 sententiam,
3299 1773 3398 1844 qui
3449 1773 3583 1844 lupo

2000 1863 2259 1920 admorsu
2307 1863 2559 1920 dentium
2613 1879 2836 1939 gregem
2895 1865 3001 1920 sibi
3054 1864 3329 1922 creditum
3377 1866 3586 1924 dilace-

2000 1967 2160 2014 rante
2187 1973 2252 2014 ac
2275 1958 2652 2030 dispergente,
2687 1957 2743 2011 in
2772 1956 2956 2028 fugam
2991 1971 3050 2012 se
3075 1959 3374 2029 proripuit.
3408 1959 3584 2030 Opor-

2003 2043 2082 2104 tet
2109 2049 2278 2121 igitur
2323 2048 2392 2104 ad
2427 2035 2614 2104 om'nia
2643 2063 2752 2104 usu
2799 2047 3173 2114 discretionis,
3209 2048 3389 2104 solers
3418 2059 3479 2104 ut
3511 2049 3585 2105 sit

1999 2151 2056 2198 et
2105 2139 2417 2208 industrius
2449 2157 2465 2195 :
2501 2139 2602 2215 sed
2634 2147 2692 2196 et
2729 2155 2854 2210 qua:
2889 2139 3122 2210 jusserit
3167 2155 3269 2210 pro
3311 2149 3584 2210 potestate

1999 2233 2274 2301 iacienda,
2297 2251 2361 2290 er
2391 2251 2550 2307 aequo
2579 2243 2638 2292 et
2675 2235 2823 2292 bono
2853 2235 3165 2302 coordinet,
3209 2251 3318 2292 nec
3341 2236 3585 2292 necessi-

2001 2337 2114 2384 tate
2142 2327 2360 2400 adigat,
2387 2329 2483 2384 sed
2533 2338 2873 2400 spontaneos
2903 2327 3009 2384 sibi
3031 2327 3385 2385 auctionetur
3415 2327 3584 2384 disci-

2000 2423 2160 2494 pulos
2213 2443 2228 2479 :
2281 2439 2411 2481 eum
2466 2424 2702 2496 proinde
2763 2425 2859 2497 qui
2913 2425 3100 2480 minus
3164 2433 3321 2494 paret
3381 2423 3533 2480 dicto
3565 2465 3583 2490 ,

2000 2511 2392 2584 longanimiter
2450 2513 2628 2580 ferat,
2660 2521 2722 2568 ut
2782 2529 2852 2568 ne
2903 2513 3130 2570 interim
3179 2515 3234 2570 in
3285 2529 3346 2572 se
3403 2515 3590 2571 detor-

1993 2606 2156 2688 queri
2206 2605 2343 2662 illud
2392 2605 2620 2662 Davidis
2667 2614 3055 2676 promereatur
3101 2607 3349 2664 audire:
3410 2627 3430 2661 ι
3481 2607 3588 2675 Qui

2003 2698 2162 2769 fingis
2187 2698 2437 2754 laborem
2474 2699 2532 2754 in
2585 2707 2869 2770 praecepto
2891 2698 2954 2752 ¹¹.
2993 2717 3013 2751 ι
3049 2699 3192 2754 Illud
3223 2698 3355 2754 item
3392 2714 3464 2755 ex
3491 2699 3590 2756 Sa-

2001 2790 2222 2846 lomone
2255 2807 2274 2846 :
2307 2811 2326 2844 ι
2375 2791 2604 2848 Viscera
2656 2791 2958 2860 impiorum
3017 2791 3270 2846 crudelia
3291 2791 3357 2846 ¹³.
3395 2811 3414 2844 ι
3445 2790 3588 2862 Quin

2005 2883 2191 2953 potius
2253 2883 2540 2939 adnitatur
2580 2891 2642 2940 ut
2673 2883 2866 2939 audiat
2969 2902 3041 2952 ac
3091 2883 3471 2956 lntelligentes
3499 2899 3593 2955 ag-

2003 2990 2205 3032 nosces
2251 2976 2470 3030 animas
2507 2977 2692 3047 gregis
2736 2977 2840 3041 tui,
2885 2986 2944 3031 et
2984 2991 3233 3048 appones
3293 2991 3390 3032 cor
3434 2985 3589 3031 tuum

2006 3067 2118 3123 tuis
2159 3067 2426 3124 armentis
2453 3067 2518 3122 ³³.
2553 3086 2573 3119 ι
2609 3067 2720 3123 Et:
2757 3088 2775 3119 ι
2803 3069 3002 3124 Pascet
3038 3069 3225 3139 justus
3249 3067 3462 3124 animas
3499 3067 3590 3145 ju-

326 3141 476 3207 6οῦς,
507 3145 599 3197 καὶ
627 3145 933 3210 ἀγωνιστοῦ
963 3151 1111 3202 ἐστιν
1137 3150 1168 3220 ἠ
1197 3149 1463 3205 διακονία.
1499 3150 1665 3204 Ὥστε
1705 3150 1904 3207 εἰδέναι

2009 3167 2322 3214 mentorum
2347 3173 2580 3214 suorum
2609 3158 2675 3214 “.
2711 3178 2730 3211 ›
2768 3159 3004 3215 Necesse
3029 3175 3242 3224 rursus,
3283 3166 3344 3214 ut
3371 3173 3442 3214 ne
3461 3141 3595 3214 sub-

326 3237 448 3287 τινᾶι
481 3236 861 3308 ἐπιστημόνως
905 3241 1159 3312 ἡγεῖσθαι
1200 3235 1586 3315 ἁδελφότητος,
1633 3247 1776 3300 κατὰ
1810 3245 1906 3316 τὴν

326 3326 593 3394 λέγουσαν
633 3328 879 3402 Γραφήν·
918 3349 936 3382 r
994 3333 1326 3404 ’ῐῐγούμενόν
1365 3353 1426 3389 σε
1463 3337 1796 3406 κατέστησα,
1833 3337 1906 3410 μὴ

327 3417 594 3490 ὲπαίρου·
641 3421 928 3491 φρόντισον
958 3422 1160 3490 αὐτῶν,
1201 3426 1297 3478 καί
1343 3425 1485 3480 οὕτω
1533 3427 1778 3488 κάθισον,
1813 3431 1908 3482 καὶ

328 3511 512 3565 πᾶσαν
541 3515 641 3582 τὴν
684 3514 876 3584 χρείαν
912 3532 1006 3568 σου
1049 3518 1282 3586 ποιήσας
1309 3518 1570 3574 ἀνάπεσε.
1613 3539 1632 3571 ι
1679 3521 1816 3590 Φησὶ
1851 3521 1909 3575 δὲ

329 3603 424 3655 καὶ
451 3605 479 3657 6
503 3603 707 3658 Γεδεὼν
735 3607 846 3670 τοῖς
866 3609 1195 3678 τριακοσίοις
1211 3610 1701 3680 συμπολεμισταῖς,
1729 3632 1746 3664 ι
1787 3616 1908 3667 Ἀπ’

329 3695 462 3766 ἐμοῦ
487 3693 710 3765 ὄψεσθε,
741 3698 834 3752 καὶ
865 3697 1008 3753 οὕτω
1033 3702 1317 3773 ποιήσατε.
1357 3723 1376 3756 ι
1419 3704 1654 3774 Ὁμοίως
1698 3707 1726 3758 6
1765 3707 1911 3760 Ἀϐι-

333 3788 500 3859 μελὲχ
527 3787 710 3843 λαϐὼν
749 3793 970 3862 φορτίον
1002 3791 1196 3858 ξύλων,
1227 3797 1322 3849 καὶ
1353 3797 1565 3862 ἐπιθεὶς
1601 3800 1711 3862 τοῖς
1739 3798 1908 3870 ὤμοις

331 3881 523 3944 absab,
573 3877 696 3935 εἷπε
743 3883 820 3953 τῷ
871 3885 990 3954 μετ’
1017 3887 1182 3940 αὐτοῦ
1213 3888 1326 3958 λαῷ
1351 3905 1366 3920 ·
1417 3909 1435 3942 ι
1460 3891 1548 3954 Ὠς
1585 3891 1812 3961 βλέπε-δέ
1845 3911 1911 3964 με

335 3968 612 4034 ποιοῦντα,
645 3973 908 4042 ποιήσατε
959 3975 1050 4028 καὶ
1083 3976 1261 4046 ὑμεῖς.
1306 3998 1324 4032 ι
1362 3979 1471 4034 Καὶ
1505 3981 1760 4051 περὶτοῦ
1799 3981 1912 4035 Ἰνυ-

335 4059 444 4129 σὴφ
471 4063 500 4114 6
531 4061 856 4132 Ψαλμῳδὺς,
911 4084 930 4116 ι
985 4067 1338 4140 Κατέστησεν
1367 4069 1552 4132 αὐτὸν,
1585 4075 1773 4141 φησὶν,
1817 4074 1911 4126 κύς

337 4167 449 4221 ριον
493 4152 588 4206 τοῦ
617 4153 770 4206 οἴκου
797 4154 987 4221 αὐτοῦ,
1021 4157 1114 4210 καὶ
1143 4157 1378 4230 ἄρχοντα
1418 4159 1600 4231 πάσης
1637 4163 1734 4232 τῆς
1779 4167 1913 4230 κτή-

337 4260 474 4308 σεως
505 4243 694 4310 αὐτοῦ,
719 4245 814 4300 τοῦ
846 4249 1138 4304 παιδεῦσαι
1170 4251 1298 4314 τοὺς
1328 4253 1594 4324 ἄρχοντας
1633 4255 1798 4308 αὐτοῦ
1839 4255 1915 4320 ὡς

334 4338 545 4405 ἑαυτὸν,
597 4341 694 4394 καὶ
748 4341 876 4406 τοὺς
921 4337 1328 4416 πρεσϐυτέρους
1372 4345 1537 4400 αὑτοῦ
1596 4347 1837 4416 σοφίσαι.
1890 4368 1906 4398 ο

2010 3249 2254 3304 ditorum
2307 3258 2490 3304 errata
2535 3250 2926 3320 praetermittas
2973 3249 3247 3316 silentio;
3315 3249 3394 3305 ait
3439 3249 3590 3304 enim

2011 3341 2298 3411 Scriptura
2353 3361 2366 3396 :
2429 3359 2446 3392 ι
2480 3340 2608 3408 Fili,
2663 3341 3070 3412 speculatorem
3125 3339 3253 3396 dedi
3303 3349 3355 3395 te
3399 3339 3591 3398 ἀςπιιυὶ

2013 3435 2208 3500 Israel;
2227 3434 2273 3490 si
2307 3434 2476 3505 igitur
2503 3433 2712 3492 viderit
2741 3434 3058 3504 speculator
3085 3433 3328 3504 gladium
3363 3432 3594 3489 venien—

2011 3536 2120 3582 tem
2153 3541 2208 3582 et
2247 3527 2382 3582 tuba
2419 3527 2726 3592 cecinerit,
2751 3534 2809 3582 et
2835 3525 2928 3597 qui
2957 3525 3216 3590 audierit,
3259 3539 3368 3580 non
3397 3525 3594 3580 obser-

2012 3619 2228 3674 vaverit
2265 3636 2346 3685 se,
2376 3620 2603 3692 sanguis
2630 3619 2808 3690 ipsius
2853 3633 3020 3689 super
3060 3625 3228 3688 caput
3268 3617 3392 3688 ejus
3441 3617 3592 3672 erit:

2012 3717 2069 3764 et
2103 3709 2417 3779 speculator
2458 3709 2506 3764 si
2535 3707 2741 3764 viderit
2773 3707 3016 3778 gladium
3037 3747 3052 3771 ,
3085 3715 3144 3761 et
3177 3721 3288 3760 non
3309 3705 3598 3788 ‘signifiea—

2014 3801 2195 3866 verit,
2256 3811 2313 3856 ct
2361 3817 2531 3856 unum
2585 3800 2826 3870 aliquem
2875 3797 3307 3870 apprehenderit
3348 3797 3593 3869 gladius,

2013 3895 2337 3964 sanguinem
2415 3893 2566 3948 illius
2636 3892 2704 3947 de
2766 3907 2930 3944 inanu
2989 3890 3356 3960 speculatoris
3411 3889 3604 3959 requi-

2013 4001 2128 4040 tam
2153 3985 2218 4038 ¹¹⁵.
2263 4005 2281 4036 ι
2320 3985 2515 4041 Edocti
2547 3984 2731 4055 itaque
2777 3982 3038 4054 praesides
3073 3990 3342 4052 quantum
3379 3983 3597 4052 impen-

2015 4079 2145 4133 deat
2185 4077 2420 4149 periculi
2452 4092 2519 4133 ex
2567 4076 2881 4148 discipulis,
2912 4074 3170 4147 pervigili
3201 4074 3366 4129 oculo
3393 4073 3600 4130 mentis

2015 4171 2368 4225 observatote
2423 4185 2489 4224 ac
2525 4167 2814 4240 providete
2857 4167 3008 4240 gregi
3057 4166 3353 4223 Dominico
3404 4165 3599 4235 utique

2017 4259 2248 4314 rationis
2299 4257 2580 4329 compoti;
2633 4256 2704 4313 ad
2763 4257 3076 4328 exemplum
3143 4255 3292 4312 beati
3335 4254 3530 4335 Iacob,
3567 4271 3598 4310 a

2015 4349 2219 4406 vestris
2267 4349 2446 4404 oculis
2492 4347 2718 4404 recedat
2764 4363 3022 4414 somnus,
3078 4347 3170 4404 die
3226 4345 3451 4419 quidem
3507 4361 3602 4401 ex-

335 4431 444 4484 Ka‘t
490 4431 529 4484 ό.
560 4431 772 4498 Παῦλος
801 4448 816 4463 ·
858 4453 879 4487 ‹
913 4434 1314 4502 Νουθετοῦντες
1335 4438 1518 4492 πάντα
1539 4439 1826 4511 ἄνθρωπον
1858 4442 1907 4494 ἐν

2018 4441 2388 4498 aestuantibus
2415 4455 2681 4504 causone,
2711 4449 2876 4496 nocte
2907 4439 3040 4496 item
3070 4439 3194 4511 gelu
3221 4437 3460 4493 alliictis.
3495 4437 3602 4492 Pro

302 4523 486 4626 ἰπόισῃ
524 4525 684 4598 σοφίᾳ
710 4526 798 4626 ἵνα
827 4529 1270 4600 παραστήσωμεν
1300 4529 1476 4584 πάντα
1505 4530 1791 4602 ἄνθρωπον
1821 4531 1907 4586 τέ-

2021 4531 2102 4588 eis
2130 4548 2254 4603 quae
2279 4547 2308 4586 a
2341 4531 2532 4588 bestiis
2561 4539 2735 4602 captae
2751 4532 2867 4604 jam
2897 4537 3030 4586 sunt
3061 4527 3393 4602 pecudibus,
3423 4527 3604 4584 videte

283 4617 311 4678 ,ΙΞ
335 4617 477 4672 λειον
509 4621 566 4673 ὲν
585 4617 808 4690 Χριστῷ
833 4619 1030 4688 Ἰησοῦ,
1057 4621 1139 4684 είς
1163 4621 1190 4674 ὃ
1209 4623 1304 4676 καὶ
1333 4623 1512 4676 κοπιῶ
1540 4625 1635 4677 καὶ
1657 4624 1907 4693 ἀγωνιζόι

2017 4623 2318 4694 nequando
2349 4624 2545 4679 audire
2573 4623 2861 4696 conlingat
2899 4637 2999 4678 vos
3031 4642 3044 4678 :
3075 4641 3095 4674 ‹
3131 4623 3274 4678 Ecce
3298 4635 3403 4692 ego
3436 4635 3606 4691 super

339 4727 520 4779 μενος.
553 4729 572 4762 ›
615 4711 724 4764 Καὶ
752 4712 1002 4784 Τιμοθέῳ
1031 4730 1044 4746 ο
1084 4732 1102 4765 ι
1133 4715 1374 4787 Πρόσεχε
1402 4719 1466 4788 τῇ
1499 4717 1824 4786 ἀναγνώσει,
1853 4722 1919 4790 τῇ

339 4802 708 4874 παρακλήσει,
739 4806 805 4876 τῇ
839 4805 1191 4878 διδασκαλίᾳ·
1242 4808 1470 4879 ἐπίμενε
1519 4809 1725 4874 αὐτοῖς.
1759 4829 1778 4862 ι
1813 4811 1923 4864 Καὶ

323 4893 616 4962 ’Ἐφεσίοις
642 4911 657 4925 ·
695 4915 714 4946 ε
739 4895 1146 4966 Μνημονεύετε,
1181 4899 1366 4970 φησὶν,
1411 4899 1494 4952 ὅτι
1541 4899 1784 4972 τριετίαν
1822 4901 1924 4954 οὐκ

336 4987 667 5058 ἐπαυσάμην
695 4985 864 5040 νύκτα
891 4987 986 5041 καὶ
1013 4989 1226 5060 ἡμέραν
1273 4989 1409 5060 μετὰ
1436 4991 1690 5063 δακρύων
1733 4991 1918 5046 νουθε-

335 5080 446 5134 τῶν
469 5081 566 5135 Eva
589 5083 822 5136 ἕκαστον
868 5080 1042 5152 ὑμῶν.
1084 5083 1194 5136 Καὶ
1220 5080 1396 5148 αὖθίς
1436 5103 1454 5135 ι
1476 5085 1789 5157 Ἀργυρίου,
1825 5087 1920 5141 καὶ

337 5173 588 5244 χρυσίου,
643 5173 676 5244 ἢ
727 5173 1026 5244 ἱματισμοῦ
1081 5174 1301 5238 οὐθενὸς
1348 5175 1694 5246 ἐπεθύμησα.
1757 5179 1920 5231 Αὐτοὶ

337 5259 640 5330 γινώσκετε
676 5263 759 5317 ὅτι
797 5265 918 5327 ταῖς
953 5261 1168 5336 χρείαις
1215 5281 1317 5334 μου
1349 5265 1444 5319 καὶ
1482 5268 1595 5330 τοῖς
1633 5266 1752 5321 οὖσι
1801 5270 1922 5338 μετ’

338 5355 474 5427 ἐμοῦ
518 5356 890 5427 ὑπηρέτησαν
923 5362 979 5412 at
1037 5359 1222 5429 χεῖρες
1271 5351 1454 5414 αὗται.
1515 5378 1534 5412 ι
1587 5360 1770 5414 Πάντα
1819 5361 1924 5416 ὑπ-

339 5451 520 5516 έδειξα
547 5451 698 5522 ὑμῖν,
713 5450 797 5504 ὅτι
816 5448 960 5506 οὕτω
978 5449 1060 5505 δεῖ
1080 5449 1392 5516 κοπιῶντας
1419 5445 1923 5522 ἀντιλαμϐάνεσθαι

339 5543 451 5598 τῶν
479 5542 874 5600 ἀσθενούντων.
907 5541 1066 5598 Οὕτω
1093 5543 1274 5598 τοίνυν
1295 5543 1390 5597 καὶ
1418 5543 1724 5616 ήιγούμενος
1751 5546 1925 5613 τύπος

2021 4725 2272 4789 pastores
2292 4759 2306 4785 ,
2337 4727 2394 4773 et
2415 4715 2700 4787 exquiram
2725 4731 2858 4771 oves
2879 4731 3032 4772 meas
3059 4714 3129 4772 de
3153 4729 3320 4770 manu
3347 4729 3542 4770 eorum
3583 4731 3599 4770 :

2020 4824 2132 4864 non
2147 4808 2297 4864 enim
2315 4807 2692 4879 requisierunt
2709 4815 2960 4878 pastores
2973 4820 3106 4862 oves
3125 4821 3296 4870 meas,
3317 4805 3414 4860 sed
3436 4820 3605 4876 pave-

2021 4909 2152 4956 runt
2177 4901 2408 4970 seipsos,
2434 4913 2568 4954 oves
2595 4907 2782 4953 autem
2804 4911 2958 4952 meas
2979 4911 3091 4951 non
3115 4895 3468 4966 paverunt".
3491 4913 3510 4948 ι
3535 4894 3606 4950 Ει

2024 4981 2123 5064 per
2149 4993 2442 5050 Jcremiam
2473 5009 2486 5044 :
2519 5011 2536 5042 ι
2559 4987 2602 5045 Ο
2636 4997 2888 5060 pastores
2918 4987 3012 5060 qui
3041 4987 3274 5058 perditis
3301 4995 3360 5042 et
3391 4986 3607 5058 disper-

2023 5087 2152 5159 gitis
2179 5101 2312 5142 ovcs
2349 5099 2564 5156 pascuae
2605 5097 2740 5138 meae
2773 5099 2786 5134 :
2820 5088 3047 5152 propter
3072 5079 3180 5135 hoc
3215 5093 3346 5134 ecce
3379 5094 3483 5151 ego
3525 5079 3609 5134 ul-

2029 5176 2235 5231 tionem
2303 5179 2553 5242 expetam
2609 5169 2677 5224 de
2736 5169 2898 5224 vobis
2966 5183 3136 5238 super
3189 5167 3340 5222 omni
3395 5166 3610 5224 malitia

2025 5269 2335 5324 studiorum
2358 5263 2733 5322 vestrorum".
2749 5282 2768 5317 ι
2786 5263 2930 5320 Sane
2950 5261 3174 5335 perfecti
3187 5262 3288 5317 viri
3308 5262 3378 5318 sit
3392 5261 3606 5332 sibique

2029 5359 2464 5434 prospicientis,
2521 5365 2580 5414 et
2635 5357 2688 5412 in
2746 5355 3017 5428 spirituali
3067 5355 3318 5428 palaestra
3365 5354 3606 5426 legitime

2028 5453 2392 5516 elecertantis,
2446 5467 2556 5520 non
2594 5448 2973 5522 perfunctoria
3003 5448 3432 5512 administratio,
3467 5445 3604 5502 scite

2027 5557 2090 5608 ut
2131 5548 2350 5602 noverit
2381 5545 2647 5600 fratribus
2677 5557 2914 5614 prmessc
2939 5586 2953 5604 .
2991 5542 3145 5614 juxta
3181 5541 3528 5613 Scripturam
3561 5534 3606 5570 "

425 5689 468 5721 ¹⁰
497 5687 685 5744 Μ·ιι11.
720 5705 773 5756 v,
809 5689 896 5746 19.
979 5690 1019 5722 ¹¹
1051 5688 1191 5746 Psal.
1217 5707 1370 5752 scut,
1405 5690 1495 5746 20.
1575 5692 1619 5726 ¹¹
1653 5691 1814 5745 Prov.
1843 5705 1907 5744 ιιι

2008 5691 2058 5742 ο.
2114 5692 2183 5758 ,⁸³
2217 5693 2374 5746 Prnv.
2405 5707 2568 5750 mur,
2604 5689 2691 5744 93.
2774 5689 2816 5721 ”
2848 5692 3005 5746 Prov.
3033 5705 3128 5749 ιιι,
3167 5687 3250 5742 10.
3331 5685 3376 5717 ¹¹¹
3407 5683 3605 5740 Ezrcit.

348 5777 430 5823 ιιι,
471 5761 554 5823 17,
591 5761 672 5814 18.
701 5776 715 5826 ;
747 5776 934 5827 xxii",
961 5763 1013 5830 7,
1050 5759 1102 5814 8.
1185 5764 1225 5794 “
1257 5761 1450 5817 Ez-rb.
1487 5779 1667 5824 xxxiv,
1702 5765 1752 5829 :2.
1791 5762 1843 5816 8.

2008 5759 2208 5816 chcm.
2244 5779 2394 5823 uni,
2436 5763 2478 5821 i.
2516 5761 2569 5814 ε.
2651 5762 2692 5792 ³⁸
2723 5758 2888 5816 Errli.
2923 5776 3091 5822 xxx",
3126 5763 3174 5813 l.
