4042 6440
586 291 716 356 ΠἿΟ

1841 300 1990 361 ANT
2001 303 2206 362 {OClll
2250 304 2592 366 MONA'LZIII

3666 307 3769 378 1750

573 405 850 462 dicentem
889 426 900 462 :
937 427 955 458 ι
996 409 1289 464 Rectorem
1318 418 1626 480 posuerunt
1658 420 1742 477 te;
1790 411 1903 467 noli
1947 413 2156 480 extolli,

2263 415 2498 482 γινέσθω
2519 407 2624 469 ’τοῦ
2658 414 2914 487 ποιμνίου
2943 414 3000 470 ὲν
3035 416 3187 490 πᾶσῃ
3218 415 3526 490 δικαιοσύνῃ
3554 421 3635 476 καὶ
3667 425 3771 480 ἀνα.

575 501 672 557 sed
690 517 882 558 curam
933 502 1074 558 habe
1127 503 1472 571 illorumyet
1506 503 1586 560 sic
1640 505 1792 568 sede,
1836 513 1892 560 et
1935 522 2158 562 omnem

576 607 735 650 usum
763 595 844 650 tui
863 594 1030 650 facito
1057 605 1227 668 atque
1249 597 1542 653 accumbe.
1585 613 1603 648 ι
1709 597 1814 653 Sed
1835 609 1892 654 et
1932 597 2158 656 Gedeon

577 688 841 744 trecentis
865 703 1052 744 secum
1081 690 1484 746 militantibus:
1522 691 1610 746 t'A
1633 706 1720 746 me
1751 692 1955 758 videte,
1991 701 2050 748 et
2077 692 2160 749 sic

577 779 763 835 facite.
799 801 817 832 ι
865 780 978 836 Nec
1027 798 1189 837 secus
1262 782 1547 840 Abimelec
1605 793 1834 854 accepto
1880 785 2158 856 lignorum

576 857 748 938 fasce,
779 873 946 944 inque
993 875 1256 930 humeros
1287 876 1528 940 sublato,
1559 876 1814 946 sequenti
1859 891 1919 931 se
1955 877 2158 946 populo

576 964 718 1020 dixit
749 984 766 1020 :
801 952 822 1018 ἑ
855 965 1012 1032 Quod
1041 967 1242 1023 videtis
1279 984 1364 1024 tne
1401 968 1611 1036 facere,
1641 971 1802 1026 facite
1825 980 1882 1027 et
1905 987 2002 1027 vos
2030 972 2092 1026 ".
2133 990 2152 1022 ο

577 1057 646 1113 Εῑ
689 1057 758 1114 de
779 1060 979 1130 Joseph
999 1061 1228 1116 melicus
1257 1061 1600 1118 Psalmorum
1620 1073 1814 1118 cautor
1843 1081 1856 1116 :
1887 1083 1906 1116 ι
1940 1062 2161 1120 Consti-

575 1151 684 1206 tuit
727 1167 854 1206 eum
877 1151 1162 1207 dominum
1193 1152 1390 1208 domus
1417 1169 1528 1208 sua:
1560 1163 1616 1209 et
1649 1154 1950 1225 principem
1975 1155 2158 1208 omnis

576 1243 942 1312 possessionis
977 1259 1111 1308 suae,
1152 1255 1210 1300 ut
1251 1245 1499 1300 erttdiret
1549 1247 1828 1317 principes
1861 1247 1982 1318 ejus
2012 1248 2159 1302 sicut

574 1335 1024 1404 semetipsum,et
1043 1337 1294 1393 seniores
1317 1339 1438 1409 ejus
1463 1338 1792 1408 sapientiam
1814 1339 2152 1394 docerem.»

578 1427 794 1501 1209
822 1427 1024 1482 Paulus
1049 1429 1182 1484 item
1214 1447 1228 1483 :
1269 1449 1288 1482 ι
1317 1429 1695 1486 Admonentes
1726 1445 1945 1485 omnem
1980 1431 2160 1486 homi-

576 1529 703 1567 nem
753 1514 808 1567 in
858 1515 1012 1568 omni
1067 1514 1362 1584 sapientia,
1414 1524 1476 1570 ttt
1523 1516 1886 1572 exhibeamus
1935 1531 2157 1571 omnem

575 1607 857 1661 hominem
893 1608 1204 1676 perfectum
1251 1609 1306 1664 in
1341 1608 1564 1665 Christo
1588 1610 1743 1674 Jesu,
1775 1609 1829 1664 in
1863 1625 1975 1680 quo
1995 1619 2051 1666 et
2081 1612 2160 1666 la-

573 1696 715 1752 boro
743 1697 1039 1754 decertans
1064 1700 1130 1754 ".
1171 1719 1189 1750 ι
1225 1700 1520 1756 Timotheo
1549 1715 1769 1771 quoque
1798 1718 1811 1754 :
1855 1720 1874 1752 t
1918 1697 2156 1758 Attende

2263 511 2469 581 στροφῇ
2525 510 2695 578 ἁγίᾳ·
2754 499 2922 571 ὁσίως
2971 509 3071 562 καὶ
3123 509 3352 574 δικαίως
3392 511 3770 587 πολιτευόμενος,

2259 597 2444 668 τηρῶν
2499 599 2601 652 ὅσα
2658 596 2811 650 ἐστὶν
2866 598 3029 668 ἁγνὰ,
3070 599 3174 653 ὅσα
3224 601 3418 671 σεμνὰ,
3439 609 3582 668 εἴτις
3621 607 3773 680 ἀρετὴ,

2261 688 2356 740 καὶ
2371 687 2519 752 εἴτις
2551 687 2871 753 ἔπαινος,εῐ
2881 705 2968 752 τις
2999 687 3246 760 εὔφημος
3266 706 3279 720 ·
3312 691 3568 761 ὠφελείας
3599 695 3776 770 διόρθω-

2263 797 2348 844 σις
2385 781 2630 850 γινέσθω
2665 782 2799 854 παρ’
2837 780 3028 846 αὐτοῦ,
3075 782 3315 837 ἐκδικεῖν
3343 785 3506 838 αὑτοῦ
3546 787 3630 842 τὸν
3652 789 3778 846 τόπον

2262 872 2320 924 ὲν
2375 872 2526 944 πάσῃ
2585 873 2876 944 ἐπιμελείᾳ
2937 878 3310 946 πνευματικῇ,
3372 879 3658 948 φροντίζειν
3705 885 3781 954 τῆς

2262 961 2510 1028 ένώσεως
2564 964 2674 1018 τῶν
2733 963 2939 1035 μελῶν,
2979 960 3047 1038 ἦς
3083 966 3240 1021 οὐδὲν
3288 968 3526 1038 ἄμεινον.
3579 970 3782 1043 [Πάντων

2261 1053 2550 1125 ἀνέχεσθαι
2601 1057 2660 1110 ὲν
2709 1057 2902 1133 ἀγᾴπῃ
2926 1073 2938 1086 ·
3029 1058 3246 1123 Πάντας
3281 1059 3585 1130 βαστάζειν,
3617 1063 3682 1128 ὡς
3711 1069 3783 1120 καὶ

2260 1145 2424 1200 αὐτὸν
2456 1147 2486 1202 ὁ
2524 1148 2750 1219 Κύριος.
2803 1149 3202 1222 Προσευχέσθω
3245 1151 3386 1224 ὑπὲρ
3429 1154 3634 1209 πάντων
3668 1155 3786 1210 ἀδια-

2260 1240 2518 1304 λείπτως.
2568 1241 2750 1295 Αίτείν
2804 1241 3021 1297 σύνεσιν
3053 1241 3457 1315 πνευματικὴν,
3485 1245 3563 1306 είς
3602 1244 3656 1297 τὸ
3697 1246 3785 1298 δια-

2261 1332 2469 1402 κρίνειν
2499 1331 2664 1386 αὐτὸν
2699 1336 2768 1390 τὰ
2801 1335 3176 1409 συμφέροντα·
3214 1337 3530 1406 γρηγορείν,
3565 1323 3785 1408 μερῖμνᾷν

2263 1425 2390 1496 περὶ
2423 1423 2641 1480 πάντων
2661 1442 2676 1456 ⁶
2713 1427 2782 1494 τὰ
2830 1427 3195 1497 ἐλαττώματα
3226 1427 3468 1489 πάντων,
3498 1426 3590 1478 καὶ
3611 1425 3696 1490 τὰς
3719 1428 3784 1481 νό-

2263 1533 2388 1580 σους
2433 1514 2728 1587 βαστάζειν
2779 1523 2858 1582 ὡς
2910 1517 3118 1582 τέλειος
3191 1518 3453 1588 ἀθλητής.
3507 1515 3666 1570 Ὅπου
3706 1518 3785 1588 γὰρ

2264 1606 2464 1660 πλείων
2518 1608 2708 1672 κόπος.
2765 1608 2902 1663 πολὺ
2948 1608 3047 1662 καὶ
3092 1607 3153 1662 τὺ
3196 1609 3410 1680 κέρδος.
3457 1608 3591 1672 Τοὺς
3635 1610 3787 1674 καλοὺς

2265 1697 2516 1768 μαθητὰς
2567 1699 2662 1753 ἐὰν
2717 1699 2870 1772 φιλῇ.
2923 1700 3087 1772 χάρις
3139 1701 3292 1772 αύτῷ
3341 1701 3443 1754 ούκ
3495 1699 3650 1765 εστιν,
3687 1702 3786 1756 ἀλλὰ

571 1789 821 1852 lectioni,
847 1791 1244 1856 exhortationi,
1275 1792 1542 1848 doctrinae
1575 1809 1586 1846 :
1631 1795 1774 1849 insta
1807 1793 1863 1848 in
1903 1793 1990 1848 his
2019 1794 2087 1849 θ’.
2132 1812 2150 1846 ι

2263 1789 2462 1859 μᾶλλον
2493 1791 2622 1853 τοὺς
2649 1791 3074 1860 ἁπειθεστέρους
3103 1792 3162 1844 ἐν
3190 1786 3465 1863 πραότητι
3496 1791 3786 1846 ύποτάσσειν.

573 1879 830 1948 Ephesiis
859 1880 1002 1934 idem
1023 1881 1116 1937 .ait
1145 1899 1158 1935 :
1201 1901 1220 1933 ‹
1267 1881 1538 1937 Memores
1560 1883 1716 1945 estis,
1752 1883 1882 1954 quia
1916 1900 2013 1954 per
2043 1893 2157 1940 tres

572 1986 750 2025 annos
775 1981 938 2028 nocte
980 1988 1045 2028 ac
1080 1973 1172 2030 die
1206 1991 1317 2029 non
1347 1975 1555 2030 cessavi
1598 1990 1725 2031 cum
1763 1975 2023 2048 lacrymis
2055 1979 2154 2032 ad-

573 2077 802 2118 monere
855 2079 1309 2137 unumquemque
1366 2077 1613 2123 vestrum
1665 2069 1734 2121 ".
1799 2087 1816 2118 ι
1883 2069 2156 2126 Rursus:

577 2173 597 2204 ι
641 2153 942 2224 Argentum
986 2165 1082 2212 aut
1107 2172 1304 2211 aurum
1344 2168 1440 2213 aut
1472 2167 1681 2214 vestem
1717 2159 1926 2214 nullius
1952 2175 2157 2214 concu-

571 2245 714 2315 pivi;
755 2247 858 2316 ipsi
898 2248 1046 2302 enim
1079 2249 1258 2312 scitis,
1304 2250 1433 2320 quia
1469 2252 1896 2307 necessitatibus
1930 2253 2066 2308 meis
2102 2262 2158 2308 et

570 2337 666 2408 qui
726 2355 941 2395 mecum
999 2351 1152 2402 sunt.
1215 2342 1670 2400 ministraverunt
1730 2360 1927 2400 manus
1980 2345 2153 2402 istae:

570 2429 758 2484 omnia
793 2433 1010 2487 ostendi
1037 2434 1212 2497 vobis;
1254 2435 1522 2505 quoniam
1545 2436 1625 2491 sic
1648 2436 1963 2492 laborantes
1988 2453 2155 2508 opor-

574 2529 650 2576 tet
690 2523 974 2592 suscipere
1017 2525 1270 2580 ittlirmos
1299 2526 1378 2579 "ﬁ
1431 2545 1450 2578 ι
1483 2527 1564 2581 Ad
1592 2527 1740 2583 hunc
1767 2543 1899 2583 sane
1931 2529 2155 2584 modum

570 2617 872 2670 contendat
903 2631 1108 2686 praeses
1141 2619 1344 2690 quivis,
1391 2627 1452 2674 ut
1479 2619 1650 2674 forma
1682 2619 1756 2674 sit
1783 2619 1950 2690 atque
1971 2637 2158 2678 exem-

571 2706 693 2776 plar
742 2723 843 2762 suo
882 2709 1032 2780 gregi
1086 2709 1141 2764 in
1191 2711 1339 2765 omni
1378 2711 1596 2782 justitia
1638 2721 1695 2765 et
1731 2711 2155 2766 conversatione

568 2809 988 2865 sancta,sancte
1019 2803 1240 2872 etjuste
1272 2803 1978 2870 conversatus,observans
2007 2813 2158 2874 qua}-

569 2907 791 2962 cunque
833 2903 965 2948 sunt
1005 2895 1232 2957 munda,
1283 2910 1628 2964 quaecunque
1669 2895 1906 2964 pudica;
1955 2893 2000 2948 si
2045 2909 2153 2964 qua

565 2984 747 3039 virtus
793 2996 900 3051 est,
932 2985 976 3040 si
1011 3001 1118 3056 qua
1168 2985 1311 3052 laus,
1360 2987 1406 3042 si
1442 2985 1568 3057 quis
1598 2985 1757 3041 bonae
1804 2985 1964 3040 fama;
1991 2986 2038 3018 "
2074 3003 2087 3040 :
2123 3000 2152 3039 a

570 3074 798 3144 praelato
831 3075 1008 3145 frugis
1068 3076 1227 3130 bona:
1259 3086 1430 3146 atque
1458 3075 1715 3131 utilitatis
1750 3077 1925 3148 gratia
1965 3090 2154 3131 corre-

2265 1881 2341 1933 Οὐ
2379 1881 2487 1935 πᾶν
2529 1881 2752 1952 τραῦμα
2782 1885 2848 1954 τῇ
2895 1882 3034 1953 αὐτῇ
3069 1881 3413 1952 ὲμπλάστρῳ
3452 1879 3786 1952 θεραπεύεται·

2263 1974 2388 2034 τοὺς
2451 1973 2832 2044 παροξυσμοὺς
2881 1975 2940 2026 ὲν
2988 1973 3213 2044 βροχαῖς
3266 1973 3348 2027 δεῖ
3396 1973 3604 2028 παύειν.
3651 1973 3789 2028 Ἐστω

2265 2065 2531 2135 φρόνιμος
2581 2067 2640 2119 ἐν
2692 2067 2859 2120 πᾶσιν
2903 2066 2980 2128 ὡς
3030 2067 3078 2119 οἱ
3113 2066 3306 2135 ὄφεις,
3353 2064 3450 2119 καὶ
3482 2063 3789 2136 ἀκέραιοςιὶκ

2265 2161 2322 2212 αἱ
2373 2159 2730 2229 περιστεραί’
2781 2159 2868 2212 ἵνα.
2929 2159 3001 2213 τὰ
3053 2159 3154 2228 μὲν
3201 2159 3512 2228 φαινόμενα
3549 2159 3708 2213 αὐτῶν
3734 2159 3790 2221 εἰς

2266 2252 2558 2324 πρόσωπον
2587 2252 2881 2324 κολακεύῃ,
2911 2253 2980 2306 τὰ
3009 2253 3066 2307 δὲ
3103 2254 3316 2325 ἀόρατα
3361 2256 3487 2324 αἰτῇ
3533 2253 3790 2324 φανερωθῆ-

2265 2367 2351 2402 ναι
2379 2347 2548 2420 αὺτῷο
2597 2349 2689 2411 ἵνα,
2720 2347 2953 2418 μηδενὸς
2984 2348 3269 2420 λείπηται,
3303 2347 3426 2402 ἀλλ’
3466 2349 3524 2401 ὲν
3553 2345 3701 2401 παντὶ
3723 2363 3791 2416 χαι

2269 2442 2493 2513 ρίσματι
2525 2440 2849 2512 περισσεύῃ.
2902 2441 2961 2495 Ὀ
3010 2439 3198 2512 καιρὸς
3228 2440 3346 2510 γὰρ
3396 2440 3612 2492 ἀπαιτεῖ
3651 2438 3790 2497 αὑτὸν,

2263 2533 2339 2596 ὡς
2391 2531 2734 2602 κυϐερνήτην
2768 2531 2906 2601 πρὸς
2944 2529 3073 2594 τοὺς
3117 2531 3357 2600 ἀνέμους
3395 2531 3488 2584 καὶ
3518 2529 3612 2591 τὰς
3646 2545 3792 2597 τρικυ-

2267 2624 2398 2694 μίας
2442 2623 2540 2678 καὶ
2587 2623 2754 2688 ζάλας
2783 2623 2892 2676 τῶν
2923 2623 3248 2694 πνευμάτων
3291 2622 3394 2692 τῆς
3425 2619 3668 2696 πορνείας
3697 2618 3790 2686 στῆ·

2264 2734 2352 2770 ναι
2379 2718 2660 2784 γενναίως,
2673 2716 2770 2770 καὶ
2795 2715 3012 2786 ὁδηγεῖν
3035 2715 3163 2778 τοὺς
3187 2710 3620 2784 χειμαζομένους
3636 2710 3714 2764 ἐπὶ
3727 2710 3790 2762 τὸν

2263 2806 2458 2876 λιμένα
2497 2807 2592 2860 τοῦ
2649 2805 2956 2876 θελήματος
3008 2804 3104 2858 τοῦ
3155 2804 3318 2858 Θεοῦ.
3371 2803 3535 2872 Λέγει
3565 2802 3618 2856 δὲ
3664 2801 3792 2853 καὶό

2265 2899 2468 2971 Κύριος
2493 2917 2507 2931 ο
2543 2919 2562 2953 t
2595 2900 2664 2954 Et
2685 2917 2766 2964 τις
2799 2898 2942 2952 θέλει
2979 2900 3039 2952 ἑν
3085 2899 3214 2968 ὑμῖν
3263 2895 3472 2968 μείζων
3517 2890 3666 2956 εῖναι,
3688 2891 3792 2946 ἔστω

2265 2993 2482 3047 πάντων
2511 2990 2698 3055 δοῦλος
2725 2991 2822 3045 καὶ
2855 2991 3076 3044 πάντων
3104 2989 3382 3052 διάκονος.
3447 2986 3556 3040 Καὶ
3583 2985 3610 3038 ὁ
3636 2980 3791 3054 μείζων

2261 3086 2321 3139 ὲν
2354 3084 2506 3155 ὑμῖν,
2543 3081 2782 3152 γενέσθω
2824 3082 2901 3146 ὡς
2942 3083 2970 3134 ὁ
3006 3079 3274 3150 νεώτερος
3296 3096 3310 3110 ·
3349 3079 3446 3132 καὶ
3483 3079 3510 3130 ὁ
3539 3075 3787 3148 ἡγούμενος

569 3165 680 3220 Clio
709 3167 996 3237 procedat,
1029 3167 1212 3222 locum
1246 3184 1408 3222 sttum
1442 3176 1503 3222 ut
1547 3146 1770 3224 tueatur
1798 3169 1868 3222 in’
1888 3171 2036 3224 omni
2065 3169 2152 3223 di-

2263 3177 2334 3240 tb;
2364 3177 2392 3228 ὁ
2419 3173 2700 3228 διακονῶν.
2739 3192 2756 3226 ι
2779 3171 2962 3232 Tam;
3003 3166 3098 3224 οὖν
3123 3167 3386 3238 γινέσθω,
3416 3167 3488 3230 ὡς
3516 3169 3724 3238 εἴρητατ.
3751 3163 3792 3212 ἐν

569 3259 792 3330 ligentia
818 3258 1117 3329 spirituali,
1144 3259 1365 3314 Iaudem
1390 3267 1450 3314 ut
1469 3269 1730 3329 procuret
1755 3261 2152 3324 membrorum,

2263 3267 2435 3322 ἆπασι
2468 3268 2581 3328 τοῖς
2625 3264 2714 3316 ὑπ’
2749 3264 2912 3316 αὑτὸν
2946 3259 3457 3331 ταπεινοφροσύνης
3496 3264 3515 3284 ⁶
3557 3253 3623 3317 ὡς
3667 3253 3744 3305 καὶ
3773 3265 3794 3299 ο

568 3365 674 3420 qua
733 3351 932 3406 melius
961 3351 1096 3405 nihil
1133 3360 1236 3406 est.
1273 3350 1498 3416 Omnes,
1537 3362 1599 3406 ut
1639 3362 1860 3421 oportet
1909 3352 2073 3412 (sicut
2101 3362 2156 3406 et

2263 3357 2464 3430 Κύριος
2511 3355 2688 3423 λέγων
2716 3369 2731 3384 ·
2769 3373 2788 3405 ι
2837 3355 2898 3407 ’0
2944 3351 3072 3414 Υἱὸς
3113 3349 3208 3404 ’τοῦ
3236 3343 3529 3418 ἀνθρώπου
3571 3344 3661 3396 ούκ
3694 3337 3792 3408 ἦλθε

571 3445 748 3514 ipsum
777 3445 1091 3511 Dominus),
1117 3459 1333 3508 omnes,
1354 3445 1600 3514 inquam.
1626 3443 1766 3500 ferat
1785 3445 1838 3499 in
1857 3445 2154 3510 charitate,

2263 3448 2671 3520 διακονηθῆναι,
2691 3446 2826 3502 ἀλλὰ
2853 3445 3201 3514 διακονῆσαι,
3221 3441 3322 3496 καὶ
3346 3439 3530 3495 δοῦναι
3552 3437 3642 3507 τὴν
3659 3432 3795 3504 ψυχὴν

567 3551 670 3603 pro
718 3536 980 3591 omnibus
1028 3537 1236 3606 jugiter
1281 3546 1420 3600 oret,
1457 3537 1700 3606 postulet
1733 3537 2155 3608 intelligentiam

2265 3539 2432 3595 αὑτοῦ
2477 3539 2672 3611 λύτρον
2712 3541 2833 3593 ⁸ἰντ).
2868 3537 3100 3592 πολλῶν.
3142 3555 3162 3588 ι
3201 3535 3315 3589 Καὶ
3349 3532 3512 3588 πάλιν
3533 3548 3546 3560 ’
3589 3549 3606 3578 ε
3650 3525 3797 3595 Ὑμεῖς

567 3631 914 3698 spiritualetn
957 3631 1058 3684 sibi
1104 3630 1370 3694 conferri,
1398 3640 1460 3685 ut
1481 3645 1607 3699 qua:
1645 3646 1983 3700 magnopere
2026 3646 2156 3685 con-

2263 3635 2320 3688 δὲ
2365 3633 2440 3706 μὴ
2487 3633 2724 3703 κληθῆτε
2761 3629 3096 3702 καθηγηταί.
3143 3621 3240 3690 Εἷς
3273 3625 3388 3716 γάρ
3433 3625 3575 3716 ἔστιν
3623 3619 3659 3716 *ὁ
3694 3613 3794 3716 καθ·

567 3723 799 3786 ducunt,
821 3723 1048 3776 noverit
1085 3722 1428 3786 discernere,
1463 3721 1774 3792 pervigilet,
1821 3721 1890 3776 de
1925 3721 2156 3793 singulis

2269 3726 2482 3798 ηγητὴς
2511 3723 2669 3797 ἡμῶν
2696 3725 2724 3776 ὁ
2750 3721 3006 3794 Χριστός.
3031 3739 3051 3771 ι
3075 3717 3232 3788 Αὐτῷ
3253 3719 3288 3789 ἠ
3313 3715 3442 3781 δόξα
3467 3715 3542 3776 είς
3563 3711 3676 3771 τοὺς
3699 3709 3792 3758 αἰῶ-

567 3816 729 3869 αειτίθ
759 3815 1052 3876 sollicitus.
1083 3815 1333 3869 omnium
1381 3814 1634 3870 defectus
1663 3829 1730 3868 ac
1777 3815 2004 3874 morbos
2054 3832 2158 3886 pro
2267 3835 2383 3882 νας.
2430 3819 2622 3888 Ἀμήν.

569 3909 797 3964 modulo
816 3907 1048 3962 rationis
1066 3908 1245 3962 discat
1266 3907 1409 3964 ferre
1427 3908 1583 3978 qttasi
1608 3907 1890 3977 perfectus
1911 3908 2168 3964 athletes.
2188 3909 2292 3966 Ubi
2309 3909 2457 3965 enim
2477 3907 2820 3980 fatigationis
2842 3906 3016 3960 moles
3035 3905 3230 3974 major,
3250 3901 3330 3957 ibi
3353 3899 3525 3970 major
3544 3896 3792 3990 etiame-ma

567 4012 830 4072 qutestus.
858 4001 1013 4069 Quod
1043 4002 1090 4056 si
1117 4001 1526 4056 multitudinem
1556 4001 1955 4070 discipulorum
1983 4002 2117 4057 velit
2153 4019 2447 4075 aggregare
2476 4003 2757 4073 copiosam
2787 4021 2800 4056 :
2836 4015 2945 4056 non
2982 3999 3171 4053 statim
3209 3997 3289 4052 illi
3326 3993 3502 4066 gratia
3525 3999 3631 4055 est;
3661 3983 3738 4043 sed
3759 3983 3792 4035 si

569 4094 753 4148 minus
775 4093 924 4148 dicto
957 4093 1249 4148 audientes
1277 4101 1444 4162 atque
1471 4093 1936 4148 intractabiliores
1964 4094 2032 4148 ad
2061 4093 2304 4150 ofﬁciunt
2347 4104 2404 4151 et
2443 4095 2844 4160 obedientiam,
2872 4091 3097 4148 amabili
3125 4090 3356 4146 lenitate
3380 4103 3511 4158 erga
3542 4085 3652 4139 illos
3675 4095 3790 4140 usas.

570 4188 882 4244 revocarit:
910 4204 1022 4242 non
1057 4188 1205 4242 enim
1239 4187 1441 4241 vulnus
1469 4201 1633 4241 omne
1664 4202 1778 4240 uno
1802 4196 1857 4241 et
1885 4186 2080 4242 eodem
2117 4197 2348 4244 curatur
2382 4189 2706 4260 emplastro.
2745 4183 2988 4242 curandi
3027 4183 3260 4240 veniunt
3297 4176 3602 4252 paroxysmi
3641 4171 3790 4245 prolu-

565 4285 732 4338 vione
759 4295 816 4339 et
845 4283 1040 4338 crebra
1068 4281 1342 4336 inlusione
1377 4279 1752 4335 humidorum.
1783 4280 1841 4334 In
1873 4280 2133 4336 omnibus
2165 4282 2384 4337 imitare
2417 4281 2767 4352 prudentiam
2800 4280 3110 4351 serpentis,
3149 4275 3527 4333 columbinam
3561 4268 3788 4327 emulator

571 4373 978 4443 simplicitatem
1014 4389 1026 4425 :
1062 4381 1122 4425 ut
1157 4385 1282 4440 qua:
1326 4369 1430 4424 sibi
1481 4369 1705 4438 quidem
1737 4380 1927 4440 patent
1959 4373 2014 4428 in
2042 4371 2262 4436 faciem,
2301 4372 2563 4428 observet
2599 4390 2613 4425 :
2646 4388 2770 4442 qua:
2797 4383 2985 4428 autem
3023 4371 3213 4425 minus
3263 4367 3319 4422 in
3365 4365 3650 4435 conspicuo
3677 4363 3788 4458 sttui.

571 4468 816 4534 postulet
853 4465 957 4518 sibi
999 4462 1364 4524 manifestari,
1401 4463 1474 4517 ita
1519 4474 1576 4516 ul.
1612 4464 1762 4518 nulla
1795 4481 1854 4519 re
1887 4465 2247 4530 destituatur,
2273 4467 2371 4522 sed
2413 4467 2566 4522 omni
2599 4465 2850 4521 abundet
2909 4465 3108 4536 gratia.
3139 4463 3530 4534 Opportunum
3579 4467 3693 4509 sane
3721 4455 3787 4504 sit.

571 4569 661 4624 ut,
688 4575 788 4614 ceu
821 4559 1117 4612 nauclerus
1148 4556 1462 4626 quispiam,
1497 4572 1766 4627 generose
1797 4557 2088 4614 conﬁrmet
2125 4575 2183 4615 se
2221 4560 2495 4616 adversus
2546 4569 2839 4614 ventorum
2896 4557 3175 4617 turbines,
3234 4555 3492 4625 ingentes
3536 4548 3709 4602 ﬂuctus
3747 4546 3786 4591 et

569 4650 861 4720 naufragas
889 4649 1158 4718 procellas
1187 4648 1556 4718 undecunque
1594 4648 1890 4717 aspirantis
1918 4651 2179 4706 malitiae:
2203 4652 2306 4708 vim
2334 4651 2562 4722 praedes
2593 4661 2654 4704 ut
2682 4651 2754 4705 sit
2785 4651 2854 4704 ad
2886 4657 3106 4720 portum
3143 4663 3321 4717 usque
3361 4643 3561 4702 divina:
3587 4637 3787 4693 volunta-

569 4743 660 4804 tis,
696 4743 762 4796 iis
796 4743 890 4812 qui
937 4740 1222 4795 ιιικίῑςωηαε
1260 4740 1606 4810 tempestatis
1640 4741 1918 4810 agitantur
1959 4741 2241 4798 ﬂuctibus.
2286 4743 2433 4798 Dicit
2461 4753 2646 4798 autem
2676 4752 2734 4798 et
2765 4741 3036 4796 Dominus
3067 4757 3082 4792 :
3113 4759 3131 4790 ι
3166 4737 3222 4793 Si
3254 4737 3382 4808 quis
3408 4735 3524 4790 vult
3559 4733 3686 4785 inter
3718 4733 3784 4777 τη

570 4838 746 4906 major
774 4853 916 4897 esse,
945 4837 1017 4890 sit
1047 4835 1250 4894 minor,
1277 4843 1331 4889 et
1363 4834 1459 4906 qui
1486 4829 1702 4903 protest,
1725 4833 2086 4890 ministret’.‘.
2111 4854 2128 4886 ι
2162 4835 2352 4906 Itaque
2387 4851 2491 4891 ceu
2526 4837 2738 4892 dictum
2773 4833 2908 4888 mihi
2937 4841 3042 4895 est,
3081 4829 3150 4887 iis
3172 4830 3265 4900 qui
3305 4839 3413 4886 tua:
3439 4837 3564 4884 sunt
3590 4821 3781 4883 ditionis,

568 4930 834 4983 modesta:
887 4925 1218 4981 humilitatis
1267 4934 1388 4979 esto
1425 4925 1659 4980 formula
1728 4924 1782 4978 in
1833 4925 2112 4980 omnibus.
2177 4925 2254 4980 ita
2303 4925 2450 4980 cuitu
2507 4935 2564 4981 et
2612 4926 2878 4980 Dominus
2919 4941 2932 4977 :
2975 4943 2992 4974 t
3027 4922 3198 4977 Filius
3251 4921 3492 4977 hominis
3535 4935 3635 4974 non
3675 4912 3779 4968 vel!"

571 5022 900 5085 ministrari,
931 5021 1026 5075 sed
1063 5019 1404 5080 ministrare,
1445 5028 1501 5073 et
1539 5019 1670 5072 dare
1715 5018 1951 5072 animam
1986 5034 2141 5072 suam
2192 5018 2630 5088 redemptionem
2676 5033 2776 5088 pro
2814 5015 3080 5071 multis".
3110 5036 3127 5068 ι
3171 5015 3377 5070 lterum
3413 5033 3426 5067 :
3466 5034 3484 5062 ε
3522 5013 3619 5066 Vos
3645 5019 3776 5064 autem

569 5133 654 5169 tne
683 5113 910 5177 vocatis,
947 5113 1234 5184 magister.
1275 5111 1430 5167 Unus
1455 5111 1604 5165 enim
1635 5122 1720 5165 est
1749 5111 2010 5182 magister
2035 5111 2302 5175 vester”,
2379 5111 2472 5180 qui
2500 5119 2584 5166 est
2606 5105 3210 5178 Cltristusalpsigloria
3250 5107 3303 5160 in
3329 5107 3540 5161 stecula.
3570 5103 3730 5158 Amen.

985 5227 1201 5298 1210
1237 5225 1521 5282 IlOZtttLlA
1570 5224 1729 5282 CXII.
2852 5223 3068 5276 noro}:
3117 5220 3265 5274 rte’.

1103 5341 1179 5395 De
1210 5342 1622 5396 remmtiatt'onc.

2799 5334 2932 5402 Περὶ
2986 5328 3314 5398 ἀποταγῆς.

2344 5452 2400 5503 '0
2443 5450 2906 5520 ἁποταςσόμενος,
2967 5445 3176 5516 ὀφείλει
3227 5445 3373 5499 κατὰ
3416 5444 3636 5496 διάνοιαν
3678 5433 3773 5506 μεθ·

641 5452 746 5518 Qui
787 5453 956 5508 semel
999 5453 1204 5506 mundo
1249 5467 1569 5523 supremum
1613 5453 1750 5508 dicit
1788 5454 1928 5518 vale,
1965 5453 2035 5510 ab
2069 5453 2158 5508 his

2262 5544 2514 5598 ίστασοαι
2545 5546 2653 5598 τῶν
2676 5543 2994 5616 ὁρωμένων,
3023 5541 3119 5594 καὶ
3138 5541 3208 5594 τὰ
3237 5538 3442 5610 ἀόρατα
3470 5533 3690 5604 καθορᾷν.
3714 5525 3770 5578 Ti

574 5544 737 5600 debet
772 5559 1004 5598 avocare
1051 5554 1314 5608 mentem,
1343 5560 1689 5616 quacunque
1733 5547 1912 5600 oculis
1937 5554 2150 5616 patent,

641 5661 681 5689 "
718 5656 898 5710 .lotlie.
937 5672 1008 5711 vn
1069 5657 1124 5709 l7
1149 5699 1163 5718 ,
1207 5675 1284 5719 ts.
1340 5657 1428 5714 48.
1508 5658 1554 5690 ⁸⁸
1588 5657 1728 5712 Psat.
1763 5673 1870 5712 CIV.
1927 5659 2018 5723 2|,
2075 5657 2165 5714 22.
2246 5661 2286 5692 ¹¹
2319 5658 2528 5713 Coloss.
2567 5674 2604 5723 1,
2641 5659 2732 5714 28.
2809 5661 2856 5692 ¹⁹
2889 5687 2906 5712 ι
2932 5659 3075 5714 Tim.
3107 5675 3183 5716 tv.
3217 5659 3301 5713 l6.
3377 5657 3426 5690 "
3455 5657 3562 5709 Act.
3594 5669 3665 5704 τι.
3695 5649 3755 5723 3].

565 5730 710 5782 "Mt
768 5743 855 5790 \x,
888 5727 1075 5780 33'33.
1129 5729 1172 5758 "
1205 5729 1443 5798 Philipp.
1484 5745 1557 5795 ιν,
1591 5732 1640 5783 8.
1722 5730 1766 5762 ’⁸
1796 5719 2156 5797 Μτιίιίιξκιῇ

2285 5733 2326 5764 ⁸⁷
2362 5730 2526 5785 Marc.
2572 5719 2625 5795 κ,
2658 5731 2748 5787 45.
2823 5731 2866 5762 ’⁸
2900 5729 3056 5786 Joau.
3093 5745 3210 5792 xm,
3247 5730 3308 5783 15
3333 5747 3348 5798 ;
3375 5728 3548 5784 Matth.
3579 5739 3679 5777 ml
3717 5719 3749 5770 8-
