4042 6426
333 375 429 442 ’ἕδῙ

1189 383 1520 445 HOMILIA
1557 383 1718 444 CXII
1772 406 1840 417 -
1874 382 1972 442 DE
2012 381 2670 443 liENUNTlATlONE.

2733 284 2754 318 \

3428 379 3562 444 1782

295 493 403 560 γάρ
447 489 719 561 ὁρώμενα,
757 491 1092 564 πρόσκαιρα,
1128 493 1196 547 τά
1239 495 1296 548 δὲ
1337 495 1412 566 μὴ
1446 493 1703 566 ὁρώμενα
1751 491 1878 547 αἰώ-

1981 503 2039 548 et
2068 509 2190 548 eam
2222 493 2288 548 ad
2314 493 2684 548 invisibilium
2715 491 3238 554 contemplationem
3265 491 3560 557 attollere;

291 600 396 638 νια.
436 585 532 637 Διὰ
562 585 720 638 τοῦτο
753 587 863 657 γάρ
924 587 1251 656 ὀνομάζεται
1284 591 1317 659 ή
1347 587 1622 659 ἀποταγὴ,
1653 589 1735 640 ὅτι
1768 587 1876 640 τῶν

291 675 490 744 γηΐνων
520 673 981 746 άποτασσόμενοι,
1026 677 1134 729 τῶν
1179 679 1525 746 ἐπουρανίων
1575 678 1876 732 συντασσό-

295 769 452 838 μεθα,
501 770 596 822 καὶ
634 769 732 840 τὴν
763 769 998 824 ἐνταῦθα
1043 770 1280 842 πατρίδα
1340 771 1871 841 καταλιμπάνοντες,

292 860 388 930 τὴν
429 861 541 914 ἄνω
568 859 942 933 ἐπιζητοῦμεν
985 862 1366 934 Ἰερουσαλὴμ,
1397 863 1526 928 τοὺς
1565 863 1876 932 κοσμὸφρο-

295 970 388 1016 νας
412 953 944 1025 άπαυτομολοῦντες,
971 957 1084 1018 τοῖς
1117 959 1510 1027 πνευματικοῖς
1537 953 1876 1026 συναμιλλώο

299 1045 454 1128 μεθαι.
502 1045 626 1098 Ἐὰν
655 1043 748 1100 οὖν
803 1045 1052 1117 θέλωμεν
1091 1047 1394 1118 κτήσασθαι
1439 1045 1662 1118 ἀρετάς,
1710 1047 1878 1117 ἀσκή-

297 1121 477 1208 σωμέν
533 1139 903 1208 ἐγκράτειαν,
961 1140 1276 1210 ὑπομονὴν,
1348 1139 1873 1210 ταπεινοφροσύνην·

295 1229 386 1282 ἐπὶ
415 1231 579 1283 πᾶσιν
621 1230 677 1283 δὲ
707 1229 946 1294 τούτοις,
1005 1230 1108 1300 τὴν
1150 1231 1351 1300 συνεχῆ
1399 1232 1706 1301 προσευχήν
1737 1249 1752 1263 ·
1779 1230 1876 1284 καὶ

297 1323 427 1392 ῥᾷον
478 1320 751 1392 ἀνύσομεν
793 1321 856 1374 τὸ
907 1321 1365 1392 σπουδαζόμενον.
1421 1322 1633 1393 Ὠσπερ
1683 1322 1792 1392 γάρ
1849 1325 1878 1375 6

297 1413 464 1467 θέλων
507 1413 861 1484 οἰκοδομῆσαι
895 1409 1066 1481 οἷκον,
1103 1416 1284 1468 πᾶσαν
1322 1415 1422 1484 τὴν
1455 1413 1588 1483 ὓλην
1635 1431 1881 1485 προετοι-

301 1501 482 1572 μάζει,
513 1503 650 1573 πρὸς
689 1505 1068 1575 καταρτισμὸν
1098 1503 1200 1574 τῆς
1226 1504 1426 1568 οἰκίας,
1457 1503 1630 1570 οὕτως
1670 1507 1762 1559 καὶ
1787 1507 1878 1560 τὸν

299 1594 489 1649 ἑαυτοῦ
535 1591 716 1660 οἷκον,
770 1597 1077 1660 τουτέστιν,
1125 1597 1222 1668 τὴν
1271 1596 1438 1668 μονὴν
1477 1597 1577 1666 τῆς
1624 1598 1876 1668 Τριάδος.

303 1704 321 1737 ι
371 1686 512 1754 Ἐγὼ
541 1689 671 1758 γὰρ,
715 1688 900 1758 φησὶν.
936 1688 1032 1741 καὶ
1065 1690 1094 1740 6
1131 1689 1322 1758 Πατήρ
1353 1706 1478 1758 μου,
1518 1688 1876 1760 ἐλευσόμεθα,

298 1777 389 1829 καὶ
457 1777 626 1848 μονὴν
682 1777 813 1847 παρ’
881 1778 1030 1848 αὐτῷ
1099 1779 1461 1847 ποιησόμεθα.
1529 1797 1547 1829 ι
1617 1780 1725 1835 Καὶ
1781 1779 1876 1844 τὸ,

295 1960 494 2032 ἀρετὴν
545 1955 688 2014 εἶναι
736 1961 875 2030 βίου,
927 1961 1196 2016 ἀκόλουθα
1253 1964 1510 2034 ὑπάρχει.
1559 1965 1878 2036 ἐγκράτεια,

297 2050 390 2104 καὶ
419 2051 688 2120 ὑπομονὴ,
716 2051 870 2122 καὶὴ
901 2053 1398 2124 ταπεινοφροσύνη,
1430 2054 1527 2108 καὶ
1569 2055 1603 2124 ή
1643 2073 1880 2126 προσευ-

295 2137 362 2212 χὴ
428 2143 541 2212 Τὴν
561 2144 671 2215 γὰρ
700 2145 1010 2214 ἄθραυστον
1042 2147 1136 2200 καὶ
1163 2145 1392 2202 ἄλεκτον
1436 2147 1787 2220 δικαιοσύνην
1831 2151 1878 2203 οε

296 2237 447 2290 πόνοι
496 2238 592 2292 καὶ
636 2240 686 2290 οἱ
733 2239 946 2308 ἀγῶνες
991 2240 1241 2310 φύουσιν.
1295 2241 1404 2294 Καὶ
1430 2243 1658 2296 ούδὲνοί
1690 2243 1880 2314 μόχθοι

295 2329 430 2398 πρὸς
475 2329 537 2382 τὸ
583 2329 810 2398 μέγεθος
857 2332 955 2402 τῆς
1004 2331 1261 2395 εὐκλείας
1298 2333 1396 2402 τῆς
1429 2333 1732 2404 ὑπομονῆς,
1780 2336 1881 2404 τῆς

293 2421 399 2474 ὑπὸ
434 2423 532 2486 τῆς
571 2423 771 2494 ἀρετῆς
816 2427 1180 2496 τικτομένης·
1240 2426 1428 2488 καθὼς
1475 2429 1568 2482 καὶ
1615 2430 1644 2482 6
1677 2426 1879 2498 Κύριος

289 2512 600 2584 διαγορεύει
627 2531 640 2544 ·
689 2532 707 2564 ι
760 2516 880 2570 Ὀτι
917 2517 1098 2588 θλίψιν
1126 2519 1280 2584 ἕξετε
1319 2521 1376 2572 ἐν
1421 2519 1499 2590 τῷ
1539 2521 1731 2592 κόσμῳ
1755 2521 1880 2574 τού-

291 2621 389 2672 τῳ.
432 2625 449 2656 ι
485 2605 652 2674 Δῆλον
677 2607 786 2678 γάρ
814 2609 1026 2662 ὅτιτῶν
1053 2610 1153 2680 μὲν
1185 2610 1412 2678 ἀγώνων
1439 2613 1533 2664 καὶ
1563 2613 1670 2665 τῶν
1701 2613 1879 2666 ἄθλων

294 2697 507 2750 στάδιόν
558 2701 705 2752 ἐστιν
756 2703 784 2753 6
832 2701 1027 2774 παρὼν
1079 2703 1227 2772 βίος’
1283 2706 1389 2756 τῶν
1443 2705 1496 2756 δὲ
1545 2706 1798 2759 ἐπάθλων
1853 2709 1882 2760 6

297 2788 529 2857 μέλλων.
575 2791 979 2864 Ἀγαπὴσωμεν
1024 2791 1115 2848 οὖν
1166 2796 1256 2848 τὸν
1293 2795 1496 2867 Κύριον
1543 2797 1876 2870 εἰλικρινῶς,

295 2880 384 2936 ἵνα
410 2883 665 2954 παράσχῃ
697 2887 828 2954 ἡμῖν
859 2884 895 2939 ἂ
917 2887 1285 2958 ἐπηγγείλατο
1323 2892 1436 2954 τοῖς
1467 2891 1756 2958 ἀγαπῶσιν
1786 2892 1882 2946 αύ-

291 2973 385 3025 τόν
409 2991 420 3004 ο
459 2995 478 3026 ι
517 2976 584 3028 Ἃ
621 2975 898 3046 ὀφθαλμὸς
939 2979 1039 3030 ούκ
1081 2979 1210 3046 ἴδεν,
1262 2982 1354 3034 καὶ
1384 2979 1476 3045 οὖς
1504 2984 1604 3036 οὐκ
1647 2985 1876 3056 ἤκουσε,

295 3066 390 3118 καὶ
417 3066 509 3120 ἐπὶ
551 3068 780 3136 καρδίαν
822 3067 1110 3140 ἀνθρώπου
1139 3073 1239 3124 οὐκ
1268 3073 1457 3145 ἀνέϐη.
1501 3093 1518 3127 ι
1569 3075 1878 3144 ’Δγωνισώ-

1979 603 2102 657 quae
2132 586 2280 641 enim
2312 575 2595 650 videntur,
2633 585 2965 655 temporaria
3010 591 3139 639 sunt
3169 601 3182 637 :
3213 599 3338 654 quae
3377 593 3560 639 autem

1979 695 2088 734 non
2140 678 2424 744 videntur,
2469 687 2696 732 mterna.
2757 676 2834 732 Eo
2880 675 3158 748 siquidem
3224 677 3561 730 renuntiatio

1977 771 2206 835 dicitur,
2241 771 2390 840 quod
2429 769 2667 826 terrenis
2713 769 2807 840 qui
2843 769 3188 832 renuntiant,
3217 769 3271 822 in
3305 767 3559 823 ordinem

1979 874 2312 935 cooptantur
2354 854 2663 920 cuileslium
2696 881 2708 916 :
2745 862 2876 917 dum
2923 862 3070 917 enim
3121 861 3358 931 patriam
3409 861 3558 918 hanc

1978 971 2090 1010 non
2140 955 2300 1010 inviti
2353 954 2688 1019 deserimus,
2724 952 3018 1007 sublimem
3051 951 3201 1006 illam
3248 953 3559 1021 expetimus

1977 1049 2304 1113 Jerusalem,
2341 1048 2470 1102 dum
2516 1046 2708 1102 mundi
2747 1045 2906 1102 istius
2945 1045 3223 1115 sapientes
3268 1059 3338 1098 ne
3381 1043 3558 1100 salute

1978 1143 2205 1212 quidem
2235 1143 2554 1214 dignamur,
2583 1140 2760 1211 magis
2788 1155 2920 1194 vero
2941 1152 3262 1192 aversamur
3294 1151 3360 1192 ac
3389 1151 3556 1205 repu-

1978 1237 2230 1300 diamus,
2299 1250 2424 1290 cum
2483 1232 2870 1302 spiritualihus
2928 1231 3064 1285 viris
3129 1239 3282 1286 tanto
3333 1227 3562 1300 propius

1979 1327 2390 1398 congredimur.
2420 1326 2666 1381 Virtutes
2694 1323 2863 1395 igitur
2895 1321 3128 1400 adipisci
3155 1335 3487 1392 magnopere
3517 1319 3560 1373 si

1979 1424 2258 1492 cupimus,
2305 1421 2360 1476 in
2394 1420 2591 1491 primis
2631 1419 2750 1489 jugi
2785 1417 3050 1478 exercitio
3083 1415 3398 1472 excolenda:
3433 1421 3564 1470 sunt

1982 1515 2085 1580 hac,
2119 1516 2483 1590 continentia,
2517 1511 2804 1584 patientia,
2837 1510 3086 1566 modesta
3115 1509 3421 1565 humilitas.
3467 1507 3564 1563 llis

1981 1607 2240 1662 onmibus
2287 1607 2581 1662 continens
2619 1603 2952 1674 sull'ragctur
2985 1617 3051 1656 ac
3103 1616 3305 1672 perpes
3359 1598 3561 1663 oratio,

1979 1711 2038 1756 et
2081 1699 2227 1769 quod
2263 1700 2512 1754 studiose
2557 1697 2774 1752 ellicere
2829 1695 3108 1759 molimur,
3144 1693 3359 1748 minore
3392 1692 3562 1763 perli-

1927 1845 1950 1864 ._
1983 1795 2196 1850 ciemus
2243 1794 2488 1864 negotio.
2531 1792 2602 1848 Ut
2637 1791 2788 1846 enim
2834 1791 3058 1846 domum
3099 1787 3438 1843 exzedilicare
3469 1787 3561 1856 qui

302 1884 320 1918 ι
379 1867 602 1938 Πνεῦμα
633 1870 775 1922 οίκεῖ
807 1871 866 1922 ἐν
905 1869 1057 1938 ὑμῖν.
1117 1889 1135 1920 ι
1185 1871 1329 1941 Πρὸς
1355 1869 1536 1934 ’τέλος
1613 1871 1710 1924 τοῦ
1757 1871 1880 1924 κατ’
1912 1858 1957 1914 Β

1983 1887 2123 1953 vult,
2156 1887 2446 1944 materiam
2479 1896 2708 1966 apparat
2730 1887 2886 1957 prius
2903 1886 3124 1942 fabrica:
3156 1886 3419 1948 omnibus
3447 1882 3565 1939 suis

1984 1980 2234 2052 partibus
2295 1979 2647 2052 absolvenda:
2699 1979 2986 2046 idoneam,
3029 1979 3104 2034 ita
3150 1987 3207 2033 et
3255 1978 3350 2048 qui
3407 1991 3564 2032 suam

1983 2069 2158 2140 ipsius
2187 2067 2436 2135 domum,
2465 2068 2808 2124 domicilium
2834 2085 3032 2138 nempe
3055 2075 3422 2124 saerosanctm
3441 2067 3566 2122 Tri—

1983 2163 2173 2218 nitatis
2203 2163 2430 2218 molitur
2457 2171 2763 2218 exstruere.
2801 2180 2819 2214 ι
2851 2163 2964 2232 Ego
2988 2163 3162 2225 enim,
3189 2161 3291 2226 ait,
3317 2170 3373 2214 et
3405 2161 3566 2215 Pater

1984 2271 2140 2310 meus
2191 2255 2480 2310 veniemus
2529 2262 2586 2308 et
2630 2255 2973 2310 mansionem
3022 2253 3169 2324 apud
3216 2269 3342 2309 eum
3392 2251 3563 2310 facie-

1982 2365 2106 2403 mus
2137 2349 2201 2402 ”.
2248 2368 2266 2400 ι
2305 2349 2374 2403 Ει
2409 2347 2544 2403 illud
2575 2365 2588 2402 :
2641 2363 2660 2398 ι
2697 2347 2938 2422 Spiritus
2966 2357 3190 2402 sanctus
3224 2345 3320 2422 qui
3351 2345 3565 2420 habitat

1983 2437 2038 2491 in
2070 2437 2230 2492 vobis
2265 2439 2330 2492 ³ο.
2376 2456 2394 2488 ι
2438 2437 2519 2492 Ad
2567 2419 2900 2492 ﬁnem‘vitae
2951 2436 3113 2494 istius
3143 2435 3208 2505 (si
3239 2419 3562 2490 secundum

1981 2531 2244 2586 virtutem
2278 2530 2623 2602 transigitur)
2653 2530 2738 2585 hae
2763 2509 2949 2584 adsint
2982 2529 3283 2584 individua:
3310 2527 3562 2592 comites,

1981 2622 2346 2686 continentia,
2386 2621 2678 2698 patientia,
2711 2620 2960 2678 modesta
3005 2621 3315 2686 humilitas,
3343 2629 3401 2675 et
3438 2634 3565 2675 ora-

1985 2711 2080 2764 tio.
2119 2711 2459 2766 lneﬂ‘abilcm
2495 2711 2644 2766 enim
2669 2711 2937 2782 justitiam
2967 2727 3072 2767 nec
3107 2711 3399 2782 aliquando
3423 2711 3567 2766 otio-

1982 2819 2097 2858 sam
2131 2813 2226 2858 aut
2260 2802 2605 2860 desinentem
2639 2800 2860 2856 labores
2894 2810 3268 2880 progenerant
3303 2817 3366 2856 ac
3403 2801 3570 2872 spiri-

1984 2897 2160 2950 tuales
2191 2894 2520 2977 conflictus.
2555 2894 2632 2949 Ne
2676 2894 2812 2972 tanti
2841 2892 3068 2963 quidem
3113 2891 3427 2948 aestimandi
3469 2908 3567 2947 ve-

1983 2991 2146 3044 niunt
2179 2989 2397 3044 labores
2439 2989 2627 3042 collati
2661 2987 2731 3042 ad
2761 2986 3201 3058 magnitudinem
3235 2983 3569 3042 felicissima:

1985 3081 2132 3136 illius
2177 3080 2384 3152 glorim,
2431 3095 2597 3149 quam
2646 3078 2793 3150 parit
2835 3077 3060 3132 virtutis
3097 3077 3368 3141 studium,
3410 3078 3568 3148 juxta

296 3158 436 3228 μεθα
479 3159 702 3230 νικῆσαι
747 3161 845 3233 τὴν
885 3164 1082 3236 σάρκα.
1137 3166 1229 3219 καὶ
1276 3166 1336 3220 τὸ
1367 3168 1572 3239 ταύτης
1602 3170 1875 3240 φρύνημα,

1986 3175 2200 3232 Domini
2243 3173 2553 3229 doctrinam
2592 3171 2868 3228 dicentis:
2909 3190 2926 3224 ι
2967 3170 3106 3238 Quia
3145 3171 3580 3226 tribulationem-

295 3251 354 3304 ὲν
381 3252 650 3323 πνεύματι
683 3253 818 3306 Θεοῦ
839 3273 853 3288 ο
894 3259 1206 3327 νικήσωμεν
1246 3259 1335 3314 τὸν
1361 3261 1602 3315 Σατανᾶν
1634 3262 1726 3315 τὸν
1746 3263 1876 3334 δρά-

294 3359 461 3396 κοντα
513 3345 572 3396 έν
601 3344 678 3416 τῷ
722 3347 1108 3416 ἐνδυναμοῦντι
1157 3351 1300 3419 ἡμᾶς
1325 3351 1570 3423 Χριστῷ.
1621 3354 1879 3424 Ἀρωμεν

293 3432 386 3486 τὸν
417 3437 672 3506 σταυρδιν,
726 3440 820 3491 καὶ
869 3439 1327 3511 άκολουθήωομεν
1362 3443 1439 3512 τῷ
1469 3445 1730 3517 νικοποιῷ
1779 3447 1881 3518 Ἰη-

295 3523 415 3580 σοῦ.
476 3526 900 3596 Ἀγωνισώμεθα
929 3525 1024 3582 οὖν
1049 3529 1278 3600 δραμεῖν
1318 3531 1520 3596 εύθέως
1557 3536 1654 3588 καὶ
1685 3553 1880 3590 πεποι-

295 3615 490 3682 θότως,
521 3617 610 3670 ἵνα
649 3620 1050 3689 καταλάϐοιμεν
1094 3622 1154 3676 τὸ
1186 3623 1436 3692 βραϐεῖον
1467 3625 1566 3694 τῆς
1593 3625 1705 3680 άνω
1751 3628 1882 3698 κλή-

295 3726 436 3772 σεως
469 3711 527 3763 ἐν
553 3711 794 3783 Χριστῷ.
839 3715 953 3776 Πᾶς
983 3717 1092 3784 γὰρ
1135 3717 1162 3769 6
1195 3717 1403 3787 τρέχων
1452 3717 1880 3792 πεπληροφορη·

296 3800 481 3868 μένος,
515 3805 605 3854 καὶ
629 3804 729 3856 οὐκ
759 3803 989 3872 ἀδήλως,
1021 3806 1434 3874 καταλαμϐάνει
1477 3807 1566 3861 τὸν
1615 3811 1882 3879 στέφανον

292 3891 392 3959 τῆς
435 3893 750 3963 ἀποταγῆς,
804 3895 898 3948 καὶ
954 3895 1057 3960 τῆς
1109 3896 1332 3962 ἁγνείας
1393 3897 1484 3950 τὸν
1535 3898 1883 3972 πολύμοχθον

293 3983 391 4036 καὶ
413 3983 546 4037 πολύ
557 3985 746 4054 μισθον
775 3985 1024 4040 πλοῦτον.
1054 3987 1260 4056 Γράφει
1309 3983 1402 4042 οὗν
1423 3989 1451 4042 6
1477 3990 1682 4061 Πέτρος
1703 4008 1717 4023 ·
1739 4013 1758 4044 ι
1796 3992 1884 4058 Ὠς

293 4075 662 4145 ἀρτιγέννητα
703 4075 902 4148 βρέφη,
938 4078 1132 4146 λέγων,
1189 4081 1249 4132 τὸ
1292 4078 1514 4149 λογικὸν
1553 4084 1647 4136 καί
1696 4083 1882 4158 ἄδολον

293 4167 438 4236 γάλα
489 4169 902 4242 ἐπιποθήσατε,
983 4171 1070 4226 ἵνα
1128 4173 1185 4226 ὲν
1255 4172 1404 4244 αύτῷ
1453 4175 1796 4246 αύξηνθῆτε·
1857 4197 1875 4230 ι

293 4261 608 4326 τουτέστιν,
631 4262 730 4332 τὴν
763 4263 1042 4334 ἀκήρατον
1099 4265 1284 4318 πίστιν
1305 4305 1320 4332 ,
1387 4266 1506 4338 ἣτις
1536 4268 1759 4333 αὐξάνει
1791 4271 1884 4323 καὶ

295 4353 526 4420 φωτίζει
571 4355 665 4409 τον
697 4355 985 4427 ἄνθρωπον
1031 4359 1088 4410 ὲν
1121 4359 1232 4420 τοῖς
1262 4359 1448 4424 καλοῖς
1476 4361 1676 4432 ἔργοις.
1721 4364 1829 4416 Καὶ
1857 4367 1884 4418 6

299 4445 534 4508 Παῦλος·
557 4465 577 4498 ι
607 4446 936 4502 Ἐνδύσασθε
965 4449 1064 4520 τὴν
1091 4450 1400 4505 πανοπλίαν
1431 4451 1526 4506 τοῦ
1561 4453 1719 4520 Θεοῦ,
1747 4457 1883 4528 πρὸς

1983 3267 2200 3322 habetis
2227 3267 2282 3321 in
2312 3265 2518 3320 mundo
2555 3264 2662 3320 hoc
2689 3265 2756 3319 ³³.
2791 3283 2810 3316 ι
2846 3263 3026 3318 Vitam
3058 3263 3207 3319 enim
3235 3273 3580 3334 praesentem.

1981 3360 2156 3430 liquet
2205 3373 2326 3414 esse
2361 3342 2729 3414 certaminum
2761 3367 2927 3426 atque
2960 3356 3240 3412 luctarum
3273 3355 3515 3411 stadium
3549 3373 3565 3410 :

1983 3453 2332 3522 praamiorum
2360 3459 2547 3506 autem
2592 3466 2716 3520 qua:
2753 3461 2908 3504 certo
2949 3457 3176 3503 manent
3205 3448 3449 3505 victores
3479 3449 3570 3505 fu-

1985 3555 2109 3600 tura
2145 3546 2239 3602 illa
2274 3555 2360 3601 est
2406 3544 2541 3600 vita.
2574 3543 2870 3598 Dominum
2913 3542 3078 3614 igitur
3107 3543 3330 3599 sincero
3373 3541 3570 3614 diliga-

1985 3655 2110 3693 mus
2137 3638 2362 3703 aﬂ‘eetu,
2399 3644 2462 3692 ut
2489 3635 2654 3692 nobis
2682 3651 2747 3691 ea
2769 3637 3075 3692 clementer
3108 3635 3414 3706 impartiat.
3446 3643 3576 3705 qua:

1985 3715 2506 3802 diligentibus'eum
2549 3727 2813 3786 daturum
2857 3743 2915 3783 se
2948 3743 3072 3783 esse
3116 3715 3567 3797 pollicitus‘est:

1991 3842 2008 3874 ι
2049 3822 2179 3889 Quae
2205 3821 2432 3892 quidem
2461 3838 2571 3876 non
2595 3820 2792 3876 oculus
2819 3819 2980 3883 vidit,
3005 3836 3117 3874 non
3149 3819 3365 3874 audivit
3392 3820 3568 3883 auris,

1983 3929 2088 3970 nec
2134 3913 2188 3968 in
2231 3929 2328 3968 cor
2378 3913 2622 3968 hominis
2652 3913 3028 3968 ascenderunt
3059 3912 3124 3968 ".
3165 3931 3182 3965 ι
3233 3913 3431 3982 Magno
3471 3928 3570 3969 co-

1983 4014 2118 4060 natu
2166 4005 2484 4062 adnitamur
2529 4003 2964 4074 studeamusque
2998 4012 3224 4058 Carnem
3273 4003 3418 4058 hanc
3450 4004 3592 4058 vin--

1984 4111 2132 4163 cere,
2179 4105 2235 4152 et
2264 4098 2386 4166 ejus
2429 4095 2804 4168 prudentiam,
2847 4095 3144 4167 adjuvante
3191 4111 3294 4150 nos
3326 4096 3420 4150 Dei
3457 4096 3572 4166 spi-

1985 4187 2132 4254 ritu;
2185 4187 2410 4244 Christo
2461 4189 2625 4244 nobis
2671 4187 2822 4244 vires
2871 4197 3244 4260 suggerente,
3309 4187 3570 4245 Satanam

1984 4280 2282 4336 draconem
2311 4279 2716 4352 implacabilem
2758 4295 3118 4352 superemus;
3151 4281 3409 4336 tollamus
3443 4296 3576 4336 cru-

1985 4387 2127 4438 cem,
2169 4387 2581 4444 sequamurque
2609 4374 2798 4429 Jesum
2856 4375 2951 4443 qui
3001 4381 3226 4443 praestat
3255 4373 3568 4430 victoriam.

1984 4461 2163 4518 Cursu
2205 4462 2408 4520 festino
2449 4480 2554 4520 nec
2589 4464 2806 4519 minore
2843 4464 3043 4520 tiducia
3093 4465 3468 4531 deeertemus,
3512 4473 3573 4522 ut

293 4539 358 4593 τὸ
414 4539 676 4594 δύνασθαι
739 4542 883 4612 ὑμᾶς
913 4543 1106 4613 στῆναι
1146 4543 1284 4614 πρὸς
1325 4547 1424 4608 τὰς
1458 4546 1744 4616 μεθοδείας
1784 4549 1878 4604 τοῦ

1985 4555 2240 4610 bravium
2263 4555 2600 4627 attingamus
2629 4571 2884 4626 superna:
2897 4557 3210 4612 vocationis
3236 4557 3292 4612 in
3322 4556 3573 4613 Christo.

295 4628 591 4686 ﬁtaﬁéloti"
622 4633 704 4686 ὅτι
733 4632 833 4686 οὐκ
877 4632 1024 4686 ἔστιν
1059 4635 1193 4704 ἡμῖν
1240 4636 1273 4704 ἡ
1325 4636 1472 4707 πάλη
1523 4638 1658 4708 πρὸς
1709 4634 1876 4710 αἷμα,

297 4724 394 4777 καὶ
425 4725 604 4795 σάρκα
639 4739 654 4754 ⁶
690 4724 826 4778 ἀλλὰ
861 4723 998 4794 πρὸς
1049 4727 1148 4788 τὰς
1196 4727 1392 4797 ἀρχάς,
1431 4729 1567 4801 πρὸς
1603 4731 1701 4797 τὰς
1738 4731 1881 4797 ἐξου-

298 4815 444 4880 σίας,
482 4816 618 4888 πρὸς
663 4816 790 4880 τοὺς
835 4819 1288 4896 κοσμοκράτορας
1329 4819 1425 4874 τοῦ
1459 4821 1710 4886 σκύτους,
1744 4825 1880 4894 πρὸς

297 4906 370 4960 τὰ
410 4907 763 4976 πνευματικὰ
787 4909 886 4977 τῆς
921 4911 1206 4980 πονηρίας.
1249 4929 1268 4963 ι
1307 4911 1415 4964 Καὶ
1445 4909 1602 4976 αὖθις
1627 4931 1640 4944 ·
1676 4935 1693 4966 ι
1756 4917 1878 4968 Ἐπὶ

296 5001 467 5054 πᾶσιν
520 4982 886 5062 άναλαΰόντες
925 4999 1014 5054 τὸν
1061 4999 1252 5072 θυρεὸν
1301 5005 1403 5074 τῆς
1435 5004 1712 5070 πίστεως,
1749 5010 1804 5061 ἐν

292 5092 590 5162 δυνήσεσθε
625 5094 803 5146 πάντα
840 5093 909 5144 τά
937 5091 1066 5164 βέλη
1095 5095 1190 5146 τοῦ
1224 5096 1482 5166 ῐιονηροῦ
1512 5100 1580 5151 τά
1623 5117 1882 5171 πεπυρω-

300 5183 439 5253 μένα
505 5185 718 5238 σϐέσαι.
751 5184 851 5238 Διὰ
900 5185 1080 5256 πάσης
1117 5189 1430 5259 προσευχῆς
1485 5191 1578 5244 καὶ
1619 5192 1880 5264 δεήσεως,

294 5277 734 5348 προσευχόμενοι
788 5279 846 5329 ὲν
881 5277 1044 5330 παντὶ
1093 5279 1288 5350 καιρῷ,
1324 5282 1418 5335 καὶ
1446 5285 1528 5348 εἰς
1557 5287 1688 5340 αὐτὸ
1722 5289 1880 5343 τοῦτο

291 5369 704 5441 ἀγρυπνοῦντες
734 5371 791 5424 ἐν
821 5369 971 5441 πάσῃ
998 5375 1473 5445 προσκαρτερήσει
1520 5379 1614 5430 καὶ
1636 5378 1834 5450 δεήσει.
1853 5401 1870 5433 ι

292 5458 488 5524 οὕτως
551 5461 660 5532 γὰρ
717 5460 1136 5532 ἀγωνιζόμενοι,
1173 5461 1470 5534 δυνήσεσθε
1536 5471 1594 5523 ἐν
1647 5472 1877 5547 ἀληθείᾳ

293 5555 508 5616 ἑαυτοῖς
579 5554 1050 5624 ὲμμορφώσασθαι
1109 5557 1210 5625 τὴν
1263 5557 1447 5612 είκόνα
1491 5560 1586 5614 τοῦ
1636 5547 1874 5636 Χριστοῦ

295 5645 360 5699 ιν
443 5647 648 5714 πᾶσιν,
701 5648 760 5701 ὲν
813 5646 945 5719 βίῳ,
998 5650 1056 5701 ἐν
1137 5650 1486 5724 ἀναστροφῇ,
1548 5656 1604 5708 ὲν
1671 5658 1874 5731 προθέ-

369 5760 413 5791 ’³
451 5759 608 5815 Joan.
637 5778 751 5818 xw.
779 5760 867 5815 ‘23.
983 5762 1024 5793 ⁵⁰
1067 5761 1240 5819 lCor.
1279 5781 1358 5830 ιιι,
1427 5768 1510 5823 16.

296 5842 366 5894 ιι,
402 5830 447 5884 l.

1622 5774 1661 5804 "
1704 5774 1862 5830 Joan.
1917 5793 2032 5846 xvi,
2058 5777 2146 5832 55.

1981 4645 2173 4704 Omnis
2212 4647 2361 4702 enim
2391 4647 2487 4718 qui
2525 4649 2724 4713 currit,
2765 4664 2861 4718 spe
2900 4650 3041 4705 nihil
3071 4651 3257 4707 dubia.
3275 4652 3569 4713 subnixus.

1982 4754 2094 4794 non
2125 4739 2256 4795 item
2303 4739 2359 4794 in
2404 4738 2696 4802 incertum,
2749 4739 2970 4810 accipit,
3004 4741 3282 4796 bravium-
3309 4741 3570 4811 perlecta:

1982 4828 2430 4883 renuntiationis.
2471 4827 2554 4882 Ad
2590 4827 2696 4884 hoc
2721 4843 2856 4899 opes
2904 4831 3224 4900 assequitur
3267 4830 3568 4887 sanctimo-

1982 4923 2090 4978 nia:
2121 4938 2384 4994 operosas
2425 4937 2578 4989 sane,
2609 4920 2714 4977 sed-
2743 4937 2846 4977 nec
2872 4921 3140 4978 mediocri
3179 4924 3438 4980 mercede
3467 4939 3570 4979 cu-

1981 5016 2237 5071 mulatas.
2269 5016 2338 5070 Et
2365 5014 2588 5086 quidem
2612 5014 2815 5069 Petrus
2852 5013 3094 5070 scribit:
3135 5033 3154 5066 ι
3189 5013 3359 5082 Quasi
3402 5015 3570 5072 modo

1979 5107 2151 5179 geniti
2184 5106 2444 5172 infantes,
2492 5102 2763 5161 rationale
2803 5111 2861 5160 et
2906 5104 3026 5160 sine
3071 5104 3199 5160 dolo
3229 5105 3315 5161 lac
3360 5121 3570 5162 concu-

1981 5199 2202 5270 piscite,
2243 5207 2304 5253 ut
2337 5199 2393 5254 in
2436 5197 2558 5268 ipso
2590 5196 2852 5253 ereseatis
2877 5197 2945 5264 ³³,
2985 5219 3002 5246 ι
3045 5199 3255 5268 121]
3305 5199 3412 5256 hoc
3460 5209 3567 5264 est,

1987 5274 2384 5362 impermistam
2413 5299 2469 5345 et
2500 5291 2876 5360 incorruptam
2924 5290 3110 5354 fidem,
3150 5299 3210 5346 ut
3257 5292 3311 5346 in
3340 5309 3404 5348 ea
3448 5309 3570 5349 cre-

1987 5385 2174 5443 scatis.
2217 5383 2428 5440 Crescit
2469 5384 2620 5438 enim
2666 5383 2726 5437 in
2773 5382 2999 5438 homine
3057 5383 3191 5439 ﬁdes
3240 5385 3568 5454 quotidiana

1985 5477 2324 5542 accessione,
2374 5476 2506 5530 dum
2562 5483 2804 5531 mentem
2855 5475 3100 5530 hominis
3156 5491 3259 5531 suo
3331 5477 3571 5533 illustrat

1983 5573 2289 5644 splendore.
2320 5571 2375 5626 in
2407 5569 2570 5626 bonis
2593 5568 2860 5640 operibus
2891 5569 3291 5625 conversantis.
3321 5569 3568 5624 Paulus:

1991 5683 2009 5716 ι
2045 5661 2263 5720 Ξιιόιιὶιθ
2297 5678 2390 5717 vos
2420 5669 2752 5718 armaturam
2786 5659 2882 5716 Dei
2918 5668 2978 5715 ut
3018 5661 3244 5731 possitis
3285 5670 3431 5716 stare
3471 5660 3567 5716 ad-

2262 5777 2304 5807 "
2348 5775 2450 5830 lsa.
2507 5790 2646 5841 ιιιιν,
2683 5773 2797 5840 4;1
2855 5773 2984 5829 Cor.
3026 5789 3082 5839 ιι,
3112 5775 3168 5828 9.
3275 5775 3318 5805 ³³
3359 5773 3390 5829 I.
3417 5775 3564 5832 Pete.
