4042 6444
381 392 520 456 1⁸285

1318 397 1644 458 HOMILIA
1683 395 1896 458 CXIII.
1937 421 2008 430 --
2047 395 2144 456 DE
2183 390 2717 458 SUBJECTIONE.

3502 369 3637 451 I786

377 524 480 560 πεν
509 507 659 586 αὐτῴ
687 523 700 538 ο
742 527 760 560 σ
796 509 985 572 Οὐδεὶς
1015 510 1293 565 ἐπιϐαλὼν
1322 513 1425 582 τὴν
1463 515 1623 583 χεῖρα
1659 511 1827 566 αὑτοῦ
1861 509 1948 564 ἐπ’

2071 511 2180 566 vitae
2211 511 2485 564 rationem
2515 515 2572 562 et
2601 505 2940 560 institutum.
2961 501 3069 556 Fac
3089 506 3450 570 repraesentes
3471 497 3638 554 Joan-

376 598 632 668 ἄροτρον,
665 597 758 651 καὶ
800 601 1062 670 στραφεὶς
1091 603 1169 666 εἰς
1203 600 1272 654 τὰ
1315 603 1506 659 ὀπίσω.
1543 600 1765 664 εὔθετός
1807 601 1958 652 ἐστιν

377 689 460 750 εἰς
476 686 574 758 τὴν
596 687 879 758 βασιλείαν
906 691 1015 744 τῶν
1037 691 1303 761 οὐρανῶν.
1333 694 1472 745 »Καὶ
1498 693 1715 761 ἐπάγειο
1743 711 1762 744 ε
1797 692 1957 754 Εῐτις

377 777 598 848 ἔρχεται
631 779 767 849 πρός
799 774 889 850 με,
916 783 1012 835 καὶ
1033 783 1094 835 οὐ
1118 787 1269 853 μισεῖ
1294 785 1385 836 τὺν
1411 785 1625 856 πατέρα
1650 781 1838 848 αὐτοῦ,
1862 783 1957 836 καὶ

378 868 478 938 τὴν
501 870 734 940 μητέρα,
755 871 850 923 καὶ
871 872 970 941 τὴν
996 877 1254 940 γυναῖκα,
1275 876 1370 928 καὶ
1405 876 1473 929 τὰ
1496 875 1685 940 τέκνα,
1707 875 1803 929 καὶ
1830 875 1957 934 τοὺς

379 959 667 1028 ἀδελφοὺς,
701 963 794 1014 καὶ
851 964 950 1027 τὰς
1000 963 1254 1034 ἀδελφάς,
1283 964 1365 1018 ἔτι
1415 965 1470 1020 δὲ
1504 969 1600 1019 καὶ
1625 967 1724 1036 τὴν
1755 963 1954 1020 ἑαυτοῦ

377 1051 576 1124 ψυχὴν,
604 1054 665 1106 οὐ
713 1055 938 1108 δύναταί
982 1074 1084 1126 μου
1115 1053 1254 1111 εἶναι
1297 1059 1569 1130 μαθητής.
1617 1079 1636 1110 ι
1671 1059 1800 1124 Καὶ,
1837 1077 1856 1110 ι
1889 1057 1960 1112 Εῐ

375 1159 464 1208 τις
503 1145 631 1218 θέλῃ
687 1147 864 1200 ὀπίσω
919 1166 1020 1218 μου
1067 1149 1262 1218 ἐλθεῖν,
1295 1151 1708 1222 ἀπαρνησάσθω
1741 1150 1954 1216 ἑαυτὸν,

378 1239 474 1292 καὶ
495 1238 682 1310 ἀράτω
697 1239 788 1292 τὸν
806 1256 1036 1312 σταυρυν
1059 1241 1245 1306 αὐτοῦ,
1273 1243 1371 1296 καὶ
1399 1242 1760 1296 ἀκολουθείτω
1783 1259 1892 1313 μοι.
1931 1261 1952 1296 ι

377 1329 540 1400 Αὐτῷ
576 1331 606 1400 ἡ
645 1329 773 1396 δόξα
801 1332 882 1395 είς
917 1332 1046 1397 τοὺς
1072 1333 1296 1396 αἰῶνας.
1338 1334 1530 1404 Ἀμήν.

2056 617 2184 656 nem
2211 601 2366 656 illum
2396 597 2600 654 Christi
2627 606 3056 666 praecursorem,
3085 605 3216 645 vere
3241 589 3495 661 angelum
3525 590 3636 644 Do-
3681 589 3692 633 ε

2055 691 2213 757 mini,
2252 691 2495 761 puritate
2521 687 2648 742 vitae
2677 684 3006 756 prmsignem
3041 699 3055 735 :
3088 689 3184 734 aut
3209 689 3360 735 certe
3401 679 3638 736 alterum

2057 783 2210 837 illum
2243 781 2512 836 Joannem
2563 776 2832 836 imitator,
2882 771 3114 826 Domino
3143 775 3250 822 tam
3292 767 3638 822 familiariter

2055 889 2120 928 ac
2150 870 2449 928 domestice
2480 879 2692 932 notum,
2723 880 2888 936 quem
2925 863 3125 917 merito
3156 859 3496 914 castimoniae
3522 860 3636 912 vir-

2061 963 2260 1034 ginalis
2287 959 2576 1016 deamabat
2599 957 2781 1014 Jesus.
2807 953 3040 1010 Paulum
3076 951 3206 1006 item
3243 959 3478 1014 sectare,
3503 949 3638 1002 Bar-

2063 1055 2260 1110 nabam
2324 1062 2381 1109 et
2424 1051 2776 1108 Timotheum
2804 1089 2818 1112 ,
2863 1047 2958 1117 qui
3016 1045 3143 1100 vita:
3189 1058 3416 1098 cursum
3476 1051 3640 1110 atque

2063 1162 2294 1218 agonem
2323 1145 2379 1200 in
2409 1144 2664 1200 castitate
2683 1131 3065 1210 expleverunt,
3102 1135 3250 1190 nulla
3281 1133 3490 1204 aspersi
3517 1118 3642 1187 labe

2065 1240 2321 1295 obscenae
2357 1233 2697 1307 pollutionis.
2747 1231 2892 1298 Quin
2919 1229 3053 1284 Elia:
3085 1226 3386 1282 etiamnum
3428 1234 3485 1280 et
3523 1223 3640 1280 Eli-

2066 1329 2180 1396 saei,
2206 1338 2372 1400 atque
2397 1327 2628 1383 aliorum
2650 1339 2754 1378 nec
2787 1335 3091 1392 paucorum
3113 1318 3280 1372 vitam
3311 1314 3451 1370 nihil
3477 1312 3641 1370 dissi-

379 1423 566 1479 milem
595 1425 904 1494 comperies
931 1419 1124 1491 fuisse,
1147 1429 1412 1483 nimirum
1465 1429 1852 1484 intemeratam
1878 1442 1984 1482 nec
2021 1427 2118 1482 ulli
2146 1427 2394 1498 perviam
2465 1419 2908 1494 reprehensioni.
2949 1417 3062 1472 Hos
3100 1415 3269 1486 igitur
3309 1413 3356 1468 si
3401 1409 3644 1481 cupieris

377 1516 676 1573 ellicacitcr
702 1517 972 1582 aemulari,
1037 1520 1327 1576 imitamini
1382 1522 1676 1576 seniores:
1713 1539 1732 1572 ι
1777 1519 2022 1587 Quorum
2063 1521 2343 1574 intuentes
2415 1517 2622 1574 exitum

2701 1509 3173 1574 conversationis,
3223 1505 3514 1562 imitamini
3575 1503 3642 1558 fi-

376 1611 502 1666 dem
533 1609 599 1662 “.
641 1628 660 1660 ι
701 1608 770 1664 Et
835 1608 1012 1664 illud:
1048 1629 1068 1662 ‹
1108 1611 1420 1667 Imitatores
1459 1611 1565 1666 mei
1639 1619 1838 1675 estote,
1881 1611 2028 1666 sicut
2063 1619 2120 1666 et
2154 1626 2254 1680 ego
2285 1607 2496 1664 Christi
2522 1607 2588 1658 “.
2623 1625 2641 1657 ι
2681 1601 2886 1660 Christi
2925 1599 3073 1656 enim
3113 1597 3442 1662 imitatores,
3469 1591 3645 1665 ipsius

374 1704 546 1759 vitam
569 1709 794 1757 strenue
819 1709 875 1754 et
897 1700 1194 1758 efhcaciter
1223 1697 1641 1768 imitanturzat,
1671 1705 1766 1774 qui
1795 1705 1952 1769 tales,
1993 1704 2141 1759 beati
2203 1711 2353 1758 sunt.
2393 1701 2541 1756 Dixit
2599 1697 2832 1770 proinde
2878 1695 3099 1750 cuidam
3143 1691 3446 1746 Dominus:
3483 1705 3502 1738 ι
3549 1685 3647 1741 Se-

373 1811 547 1869 quere
575 1811 662 1850 me
685 1795 764 1860 ‘3;
791 1813 811 1846 ι
847 1794 939 1850 hic
963 1795 1250 1866 respondit
1277 1797 1511 1851 Domino
1541 1814 1556 1851 :
1594 1815 1612 1848 ε
1652 1797 1915 1851 Permitte
1953 1795 2114 1860 mihi,
2139 1795 2392 1858 Domine,
2422 1805 2482 1847 ut
2511 1792 2702 1846 abeam
2744 1789 2898 1860 prius
2925 1787 2992 1841 ad
3025 1781 3401 1854 sepeliendum
3433 1788 3644 1849 patrem

374 1887 638 1944 meum“.
676 1906 694 1938 ι
743 1886 845 1942 Cui
889 1895 946 1942 et
975 1887 1112 1940 dixit
1163 1888 1470 1943 Dominus:
1519 1907 1536 1940 ι
1573 1888 1704 1944 Sine
1743 1898 1992 1943 rnortuos
2033 1889 2270 1958 sepelire
2316 1896 2568 1942 mortuos
2602 1901 2732 1940 suos
2754 1886 2819 1939 ‘5.
2853 1903 2872 1936 ι
2909 1883 3017 1938 Sed
3044 1890 3100 1937 et
3154 1879 3314 1934 alteri
3343 1873 3585 1944 cuipiam
3626 1887 3644 1930 ε

381 2003 400 2036 ι
435 1982 679 2052 Sequere
709 1996 796 2036 me
825 1981 890 2036 “.
933 2002 950 2032 ι
990 1981 1086 2036 Ille
1119 1983 1405 2052 respondit
1443 2000 1458 2040 :
1501 2003 1518 2033 α
1568 1983 1832 2038 Permitte
1866 1982 2003 2038 mihi
2044 1984 2286 2053 primum
2326 1984 2646 2037 renuntiare
2677 1979 2745 2034 iis
2777 1978 2870 2048 qui
2904 1977 2962 2031 in
2989 1976 3156 2030 domo
3189 1986 3310 2026 mea
3341 1965 3530 2023 sunt"
3561 1981 3578 2018 :
3622 1981 3641 2014 ι

374 2074 534 2138 Huic,
574 2073 699 2128 talia
740 2073 1006 2127 Dominus
1035 2090 1050 2128 :
1091 2092 1108 2124 ι
1135 2075 1308 2129 Nemo
1347 2075 1572 2131 mittens
1601 2091 1825 2131 manum
1852 2077 1922 2132 ad
1949 2085 2216 2141 aratrum,
2263 2085 2320 2131 et
2343 2081 2676 2130 convertens
2703 2088 2762 2128 se
2791 2072 2858 2126 ad
2888 2086 2952 2126 ea
2977 2085 3100 2140 quae
3129 2073 3259 2122 sunt
3289 2073 3460 2120 retro,
3486 2065 3656 2128 aptus

372 2176 460 2223 est
484 2183 648 2238 regno
677 2167 944 2221 caelorum
965 2167 1030 2220 "3.
1059 2187 1076 2218 ι
1115 2168 1334 2223 lnducit
1363 2187 1378 2224 :
1418 2187 1436 2219 ι
1463 2169 1517 2222 Si
1553 2169 1680 2238 quis
1704 2167 1857 2224 venit
1893 2167 1963 2223 ad
1995 2185 2102 2234 me,
2129 2179 2184 2225 et
2207 2185 2316 2224 non
2356 2168 2473 2223 odit
2501 2177 2712 2238 patrem
2739 2180 2925 2230 suum,
2951 2173 3010 2218 et
3037 2169 3294 2221 matrem,
3314 2165 3372 2209 et
3396 2163 3646 2210 uxorem.

373 2269 435 2314 et
472 2259 632 2322 (ilics,
661 2266 718 2313 ct
765 2257 962 2312 fratres
988 2299 1005 2325 ,
1041 2268 1097 2314 et
1129 2276 1353 2316 sorores
1375 2301 1390 2326 ,
1443 2261 1626 2317 adhuc
1671 2273 1857 2318 autem
1893 2271 1951 2317 et
1985 2263 2220 2318 animam
2260 2277 2414 2317 suam
2441 2303 2456 2329 ,
2479 2275 2590 2316 non
2635 2266 2817 2330 potest
2852 2271 3012 2312 meus
3045 2268 3172 2309 esse
3193 2246 3499 2318 discipulus
3527 2241 3596 2294 ⁸³.
3624 2259 3644 2287 ι

377 2354 448 2409 Et
479 2369 495 2408 :
531 2371 549 2403 ε
589 2351 644 2407 Si
691 2349 817 2420 quis
846 2351 967 2404 vult
998 2361 1125 2420 post
1165 2369 1251 2408 me
1293 2353 1504 2417 venire,
1537 2353 1768 2424 abneget
1815 2354 2195 2425 semetipsum,
2236 2363 2294 2410 et
2332 2354 2486 2410 tollat
2513 2367 2732 2407 crucem
2797 2362 2976 2412 suam,
3001 2354 3059 2401 et
3086 2351 3348 2412 sequatur
3413 2350 3502 2390 me

377 2445 486 2516 Ipsi
516 2445 686 2518 gloria
724 2449 779 2504 in
813 2448 1032 2504 saecula.
1070 2445 1267 2500 Amen.

957 2561 1176 2616 ΛΟΓΟΣ
1236 2559 1382 2614 PII".

903 2672 1044 2741 Περὶ
1099 2671 1432 2740 ὑποταγῆς.

464 2785 522 2841 ’0
584 2785 755 2840 θέλων
802 2787 859 2840 ὲν
905 2787 1154 2856 ὑποταγῇ
1221 2785 1517 2853 γενέσθαι,
1569 2784 1969 2839 ἀποτασσέσθω

375 2878 451 2931 τὰ
484 2876 588 2930 ἴδια
621 2876 926 2948 θελήματα,
955 2877 1049 2930 καὶ
1075 2875 1388 2930 ἐνδυσάσθω
1420 2875 1490 2929 τὰ
1518 2873 1842 2946 σωτηριώδη
1871 2872 1966 2927 τοῦ

374 2971 632 3040 Σωτῆρος
663 2971 842 3041 ἡμῶν,
880 2971 976 3022 καὶ
1005 2970 1196 3041 ἀράτω
1228 2969 1322 3022 τὸν
1353 2969 1589 3039 σταυρὸν
1623 2968 1792 3022 αὐτοῦ
1823 2967 1970 3022 κατὰ

371 3062 472 3115 ’τὸν
528 3061 687 3130 λόγον
747 3059 937 3125 αὐτοῦ,
969 3062 1064 3114 καὶ
1125 3060 1402 3132 βαδισὰτω
1447 3061 1624 3114 ὀπίσω
1677 3059 1865 3115 αὑτοῦ.
1910 3059 1970 3112 Ὀ

374 3154 551 3208 (θέλων
589 3151 684 3208 οὖν
736 3155 792 3206 ὲν
823 3155 1074 3226 ὑποταγῇ
1133 3149 1296 3217 εἶναι,
1325 3153 1632 3226 καταλείψῃ
1685 3153 1753 3207 τά
1799 3152 1968 3223 νεκρὰ

372 3265 448 3302 ato
463 3247 546 3300 τοῦ
574 3246 856 3317 -θέληματα
887 3249 1002 3310 τοῖς
1026 3249 1268 3316 νεκροῖς,
1289 3248 1385 3300 καὶ
1414 3248 1666 3321 κατάσχῃ
1696 3248 1764 3300 τὰ
1790 3245 1972 3310 ζῶντα

378 3337 654 3408 μετὰτῶν
685 3337 926 3401 ζώντων.
979 3339 1038 3392 '0
1068 3337 1392 3408 βουλόμενος
1423 3339 1482 3390 ἐν
1529 3339 1778 3408 ὑποταγῇ
1814 3337 1969 3391 πολι-

371 3427 1016 3499 τεύεσθαι,νεκρωςάτω
1065 3428 1259 3481 ἑαυτὸν
1301 3428 1411 3481 ἀπὸ
1469 3428 1569 3498 τῆς
1629 3429 1968 3501 προσκαίρου

374 3519 530 3588 ζωῆς
553 3537 566 3550 ο
599 3521 693 3574 καὶ
768 3515 1022 3592 κρατήσῃ
1055 3521 1116 3573 τὸ
1175 3519 1503 3590 ἀψήφιστον,
1549 3521 1635 3575 ἵνα
1665 3522 1762 3592 τῆς
1791 3521 1967 3585 ὅντως

373 3611 604 3665 αἰωνίου
633 3611 778 3682 ζωῆς
813 3611 962 3672 ἐντὸς
991 3613 1244 3680 γένηται.
1277 3611 1337 3662 'tl
1367 3612 1696 3682 αἱρούμενος
1724 3611 1820 3683 τὴν
1849 3613 1970 3666 ὁδὸν

369 3701 492 3754 τῶν
524 3701 754 3754 ἐντολῶν
778 3701 872 3754 τοῦ
904 3701 1110 3772 Κυρίου
1141 3703 1391 3771 δραμεῖν,
1417 3703 1514 3754 καὶ
1541 3703 1620 3765 εἰς
1651 3703 1970 3774 πλατυσμόν

372 3793 741 3862 καταντῆσαι,
781 3795 877 3846 καὶ
910 3793 1334 3863 λαμπρυνθῆναι
1355 3835 1370 3854 ,
1402 3795 1644 3860 γενέσθω
1679 3794 1755 3856 ὡς
1793 3797 1851 3848 ἐν
1889 3795 1968 3866 τῷ

2605 2542 2890 2603 IIOMILIA
2931 2541 3118 2598 CXIII.

2631 2657 2708 2711 De
2741 2655 3084 2724 subjectione.

2139 2769 2401 2840 Quisquis
2444 2759 3017 2838 propositum_arripit
3051 2757 3322 2828 religiosae
3355 2755 3652 2827 subjectio-

2071 2863 2178 2926 nis,
2211 2861 2454 2933 primum
2484 2857 2734 2912 omnium
2786 2852 3010 2924 propria
3061 2863 3118 2903 se
3163 2855 3327 2902 exuat
3357 2860 3421 2900 ac
3451 2844 3652 2914 spoliet

2069 2957 2376 3014 voluntate,
2403 2960 2460 3006 et
2487 2945 2826 3004 salutaribus
2855 2939 3204 2998 documentis
3233 2933 3530 2992 Salvatoris
3557 2950 3654 2988 no-

2071 3047 2172 3104 stri
2209 3046 2492 3107 induatur,
2531 3054 2868 3108 crncemque
2922 3035 3078 3090 tollat
3123 3045 3300 3093 suam,
3332 3029 3484 3100 juxta
3525 3042 3655 3080 ver-

2071 3141 2204 3193 lrum
2240 3135 2612 3199 Dominicum,
2644 3140 2880 3202 postque
2908 3142 3036 3181 cum
3088 3123 3310 3179 incedat
3348 3135 3414 3175 ac
3459 3133 3658 3188 sequa—

2073 3239 2180 3284 tur.
2223 3226 2323 3294 Qui
2368 3226 2424 3280 in
2463 3222 2808 3294 subjectione
2843 3219 3012 3274 vitam
3057 3213 3298 3270 instituit
3336 3226 3514 3275 suam,
3543 3211 3654 3280 jam

2071 3328 2354 3375 emortuas
2388 3332 2518 3372 suas
2565 3315 2876 3370 voluntates
2932 3307 3286 3376 derelinquat
3338 3317 3464 3358 cum
3514 3317 3654 3372 prac-

2069 3411 2330 3474 mortuis,
2357 3417 2413 3465 'et
2451 3413 2761 3463 antevertat
2797 3403 2912 3457 sive
2951 3405 3184 3468 occupet
3211 3395 3488 3448 viventem
3527 3406 3653 3446 cum

2070 3503 2408 3558 virentibus.
2462 3499 2566 3566 Qui
2616 3493 3092 3552 conversationem
3152 3503 3306 3542 suam
3358 3475 3544 3539 studet
3597 3482 3654 3536 in

2071 3606 2215 3651 statu
2264 3591 2627 3663 subjectionis
2671 3601 3006 3657 componere
3029 3626 3042 3649 ,
3079 3583 3148 3637 ab
3186 3581 3345 3635 istius
3381 3588 3656 3645 tempora-

2072 3689 2167 3742 riae
2211 3689 2338 3742 vitm
2388 3685 2478 3738 vix
2522 3679 2938 3738 extricabilibus
2974 3676 3124 3732 euris
3161 3689 3220 3728 se
3261 3669 3552 3726 mortifict-t
3601 3677 3658 3722 et

2071 3781 2226 3835 velut
2273 3786 2529 3832 mortuus
2579 3773 2838 3844 expediat
2874 3793 2886 3824 :
2923 3770 2979 3824 in
3022 3783 3215 3824 eorum
3249 3780 3308 3820 se
3347 3763 3546 3818 referat
3580 3761 3658 3814 al-

371 3882 623 3954 κναφείῳ
655 3883 890 3954 ἱμάτιον.
928 3885 1142 3955 ’Ὠσπερ
1185 3885 1294 3956 γὰρ
1323 3885 1506 3938 ἐκεῖνο
1540 3885 1646 3938 ὑπὸ
1695 3886 1788 3938 τοῦ
1835 3903 1965 3940 κνα-

2071 3871 2204 3924 bum
2237 3869 2330 3936 qui
2371 3868 2524 3922 nullo
2557 3865 2709 3936 digni
2751 3873 2881 3918 sunt
2931 3859 3157 3915 ferendo
3201 3856 3270 3912 de
3304 3853 3426 3909 aliis
3459 3852 3659 3906 suffra-

373 3977 527 4044 (ιςέως
559 3975 915 4047 τυπτόμενον,
949 3976 1312 4046 πατούμενον,
1352 3975 1610 4046 ξεόμενον
1637 4017 1652 4040 ,
1685 3977 1968 4030 λευκαίνε-

371 4087 494 4133 ται,
529 4071 624 4121 καὶ
653 4067 908 4139 χιονῶδες
950 4067 1298 4120 ἀποτελεῖται
1334 4084 1348 4097 ·
1380 4067 1527 4120 οὓτω
1559 4068 1652 4121 καὶ
1682 4067 1711 4120 ὁ
1737 4069 1796 4120 ὲν
1832 4070 1965 4123 ὑπο-

372 4163 523 4230 ταγῇ
554 4158 630 4212 ὢν
669 4159 820 4229 παρὰ
869 4158 1080 4212 πολλῶν
1109 4157 1490 4229 ὑϐριζόμενος,
1541 4157 1964 4225 ὀνειδιζόμενος,

375 4251 808 4322 εὒτελιζὸμενος,
864 4249 1212 4320 καθαίρεται,
1251 4251 1348 4302 καὶ
1399 4249 1614 4319 γίνεται
1661 4249 1738 4312 ὡς
1767 4250 1830 4302 τὸ
1861 4267 1967 4301 πυ-

376 4341 649 4414 ρούμενον
673 4340 936 4412 ἀργύριον
978 4337 1391 4393 ὲναποστίλῦον.
1431 4339 1492 4392 '0
1525 4337 1857 4409 ὀρεγόμενος
1883 4339 1965 4401 εις

374 4431 595 4484 τελείαν
642 4429 924 4500 ὑποταγὴν
975 4429 1272 4500 προκόψαι,
1315 4427 1493 4482 πάντα
1559 4427 1840 4498 καταλίπῃ
1894 4425 1965 4479 τὰ

371 4523 618 4594 ἀνόνητα
645 4561 660 4584 ,
707 4521 802 4575 καὶ
850 4521 1178 4590 ἐπιλάϐηται
1233 4519 1302 4574 τὰ
1347 4521 1428 4582 εἰς
1469 4519 1658 4590 ὄνησιν
1702 4519 1961 4588 φέροντα,

371 4615 477 4667 καὶ
527 4613 754 4683 γένηται
817 4610 1073 4682 ἀληθινὸς
1128 4609 1372 4680 Χριστοῦ
1415 4609 1688 4680 μαθητὴς,
1709 4609 1798 4670 ἵνα
1829 4608 1968 4678 εἴπῃ

376 4704 524 4777 μετά
556 4703 650 4757 τοῦ
683 4703 890 4772 Πέτρου
913 4717 927 4731 ο
963 4719 983 4751 ι
1029 4701 1160 4754 Ἰδοὺ
1215 4701 1374 4770 ἡμεῖς
1405 4701 1701 4769 ἀφήκαμεν
1765 4697 1964 4760 πάντα,

373 4796 478 4851 καὶ
533 4791 986 4864 ἠκολουθήσαμέν
1016 4809 1122 4845 σοι.
1146 4791 1210 4844 Τί
1237 4791 1346 4862 ἄρα
1393 4789 1546 4844 ἔσται
1583 4792 1754 4860 ήμῖνς
1790 4807 1810 4840 ›
1849 4790 1969 4842 Κα-

372 4871 731 4959 “lateam
759 4881 852 4938 οὖν
903 4883 1125 4954 ἀδελφοὶ
1162 4884 1231 4936 τὰ
1261 4883 1542 4953 θελήματα
1570 4882 1728 4952 ἡμῶν
1768 4881 1840 4932 τὰ
1868 4897 1967 4950 χαι

381 4981 592 5052 μερπῆ,
627 4980 722 5033 καὶ
743 4979 842 5044 τὴν
865 4976 1085 5046 ἐντολὴν
1112 4976 1207 5029 τοῦ
1242 4977 1494 5046 Σωτῆρος
1521 4973 1680 5045 ἡμῶν
1707 4972 1963 5042 φυλάξω-

380 5087 486 5140 μεν
519 5071 618 5140 τὴν
656 5069 921 5140 ὑψιπετῆ,
951 5069 1073 5139 ἧτιε
1115 5067 1308 5136 ἀνάγει
1364 5067 1516 5136 ἡμᾶς
1576 5065 1659 5128 είς
1700 5063 1802 5134 τὴν
1849 5063 1964 5116 ἀνω

397 5161 782 5232 Ἰερουσαλήμ.
843 5160 1009 5227 Λέγει
1058 5158 1218 5227 γάρὸ
1269 5156 1474 5228 Κύριος
1505 5173 1518 5186 ·
1561 5174 1580 5208 ‹
1630 5155 1690 5208 Ὁ
1741 5155 1965 5208 ἀκούων

2077 3963 2190 4033 gio,
2223 3963 2411 4030 sicque
2449 3959 2522 4014 illi
2559 3958 2625 4012 ad
2667 3957 2835 4010 vitam
2877 3963 3137 4008 aeternam
3176 3947 3405 4003 interior
3436 3945 3662 4000 dabitur

2077 4066 2358 4106 accessus.
2401 4048 2506 4116 Qui
2550 4048 2724 4103 libera
2763 4044 3037 4100 electione
3072 4039 3312 4095 destinat
3347 4045 3493 4090 recta
3537 4049 3663 4104 per-

2076 4155 2302 4196 currere
2341 4135 2909 4193 viam‘mandatorum
2945 4129 3185 4192 Domini,
3220 4136 3275 4183 et
3313 4127 3379 4181 ad
3408 4123 3656 4179 latitudi-

2075 4246 2202 4285 nem
2229 4245 2404 4300 usque
2436 4229 2624 4284 cordis
2640 4242 2936 4282 occurrere
2962 4233 3130 4294 atque
3149 4217 3432 4280 illustrari,
3449 4217 3494 4271 is
3511 4217 3580 4270 sit
3599 4223 3660 4268 ut

2074 4323 2246 4378 vestis
2276 4323 2330 4376 in
2357 4321 2654 4376 fullonaria
2675 4319 2915 4374 ollicina.
2941 4315 3153 4387 1213
3185 4309 3664 4380 Quemadmodum

2073 4416 2222 4470 enim
2253 4415 2424 4468 vestis
2456 4413 2719 4483 quaelibet
2752 4403 2794 4467 εί
2812 4410 3022 4465 fullone
3055 4405 3427 4479 pertunditur,
3477 4409 3665 4471 prole-

2075 4505 2220 4560 ritur
2253 4505 2526 4572 calcibus,
2569 4505 2828 4560 eraditur
2860 4511 2917 4558 et
2946 4499 3312 4562 confricetur,
3337 4493 3540 4550 deinde
3570 4492 3666 4546 in-.

2074 4597 2307 4654 albescit
2354 4605 2413 4652 et
2463 4595 2726 4650 candicat
2776 4594 2925 4649 nivis
2957 4594 3182 4648 instar:
3228 4591 3305 4644 ita
3346 4596 3403 4643 et
3459 4585 3555 4656 qui
3605 4584 3665 4640 in

2074 4688 2421 4760 subjectione
2451 4701 2579 4740 cum
2615 4685 2705 4747 sit,
2743 4684 2788 4738 si
2823 4698 3094 4754 perquam
3143 4677 3664 4746 multis‘appetatur

2074 4779 2295 4850 injuriis
2331 4795 2348 4832 :
2381 4783 2656 4847 purgatur
2708 4773 2866 4828 enim.
2933 4783 2990 4828 et
3059 4772 3118 4826 lit
3173 4771 3326 4826 velut
3372 4774 3665 4836 argentum

2074 4870 2224 4942 quod
2254 4869 2378 4940 igne
2411 4867 2755 4936 exploratur,
2791 4865 2978 4918 nativo
3010 4879 3113 4918 suo
3148 4861 3446 4932 praenitens
3477 4856 3664 4926 splen-

2075 4965 2231 5018 dore.
2274 4959 2379 5027 Qui
2412 4957 2568 5028 cupit
2599 4955 2667 5011 ad
2723 4956 3031 5025 perfectam
3087 4951 3492 5024 subjectioncm
3537 4961 3666 5018 pro-

2075 5055 2308 5117 moveri,
2334 5053 2382 5108 is
2413 5051 2604 5120 utique
2627 5049 2851 5103 deserat
2883 5055 3084 5102 cuneta
3127 5061 3252 5115 qu.e
3283 5043 3350 5097 ad
3382 5044 3506 5114 ejus
3534 5053 3671 5096 con-s

2076 5156 2424 5206 secutionetn
2470 5153 2628 5200 certo
2673 5142 2828 5195 novit
2876 5139 3016 5194 nihil
3067 5139 3406 5198 conducere,
3441 5149 3552 5205 quo
3598 5146 3666 5186 ca

378 5223 562 5320 ὑμέων,
598 5223 734 5324 spei;
781 5223 970 5306 ἀκούει
1004 5265 1019 5278 ·
1046 5223 1156 5303 ὁδε
1201 5249 1338 5319 ἐμοῦ
1360 5223 1614 5305 ἀκούων.
1655 5245 1844 5301 ἀκούει
1870 5245 1965 5298 τοῦ

2074 5237 2495 5312 apprehendere
2547 5241 2832 5290 mereatur
2861 5247 2986 5302 quae
3029 5231 3098 5284 ad
3147 5230 3298 5284 illam
3346 5226 3665 5288 conferunt,
3708 5223 3723 5241 ‘

381 5342 704 5414 πέμψωιτός
736 5359 826 5414 με’
870 5363 888 5394 ι
927 5341 1046 5415 [καὶ
1074 5345 1103 5396 ὀ
1146 5340 1356 5395 ἀθετῶν
1395 5341 1542 5409 ὑμᾶς
1565 5381 1580 5405 ,
1608 5339 1709 5409 ἐμὲ
1740 5337 1971 5410 ἀθετεῖ.]

382 5437 509 5507 Χρὴ
551 5436 646 5491 οὖν
695 5439 824 5500 τοὺς
867 5432 1366 5508 μαθητενομένους,
1393 5433 1470 5496 ὡς
1499 5433 1746 5504 πατέρας
1797 5431 1972 5500 φιλεῖν

385 5527 513 5587 τοὺς
537 5524 698 5590 ὄντας
722 5525 1101 5590 διδασκάλους,
1125 5523 1221 5578 καὶ
1238 5521 1315 5586 ὡς
1340 5522 1611 5592 ἄρχοντας
1637 5521 1968 5574 δεδοικέναι’

383 5616 484 5672 καὶ
525 5616 601 5689 μὴ
631 5617 722 5673 διὰ
769 5618 870 5689 τὴν
913 5617 1140 5687 ἀγάπην
1169 5614 1551 5685 καταφρονεῖν,
1584 5611 1618 5683 ἢ
1680 5608 1972 5664 ἐκλύεσθαι

457 5754 502 5784 ⁸¹
547 5752 711 5808 Hebr.
735 5770 850 5812 xnl.
870 5754 920 5806 7.
997 5754 1041 5786 "
1072 5753 1238 5809 lCor.
1284 5768 1357 5815 xl,
1388 5752 1438 5806 I.

1516 5750 1562 5782 ⁸³
1603 5749 1793 5805 Matth.
1821 5765 1938 5806 vin.
1960 5747 2047 5802 22.

2076 5340 2136 5387 et
2166 5330 2261 5385 Ilat
2293 5327 2576 5384 veridicus
2611 5324 2821 5380 Christi
2863 5323 3196 5392 discipulus,
3232 5330 3294 5375 ut
3341 5335 3466 5376 cum
3501 5319 3665 5373 Petro

2077 5423 2227 5478 ausit
2251 5421 2436 5476 dicere
2464 5437 2479 5474 :
2518 5438 2537 5469 ι
2579 5419 2725 5474 Ecce
2773 5431 2878 5470 nos
2924 5414 3241 5470 dimisimus
3267 5413 3452 5466 omnia
3483 5416 3542 5464 et
3569 5423 3660 5462 se-

2077 5514 2190 5570 cuti
2217 5527 2412 5567 sumus
2447 5519 2540 5566 te:
2575 5509 2712 5580 quid
2743 5523 2878 5578 ergo
2919 5507 3029 5562 erit
3066 5505 3230 5562 nobis
3257 5505 3341 5560 ³ίῖ
3377 5524 3396 5556 ι
3429 5505 3475 5558 Α
3501 5501 3664 5558 nobis

2077 5607 2268 5679 igitur,
2335 5605 2569 5669 fratres,
2636 5602 2958 5657 voluntates
3009 5605 3230 5653 nostras
3289 5594 3662 5654 excutiamus,

2129 5747 2170 5777 ιι
2207 5746 2453 5800 ἱῦίι1.21.
2493 5744 2535 5777 ιι
2579 5743 2820 5800 ibid.2~2.
2871 5737 3070 5796 “Luc.
3101 5735 3288 5802 “,59.
3333 5733 3378 5766 ιτ
3407 5730 3545 5787 ibid.
3576 5727 3668 5792 tu.

383 5824 431 5859 “
471 5823 610 5880 ibid.
637 5825 726 5880 62.
805 5823 846 5857 "
886 5823 1023 5880 Luc.
1066 5840 1177 5892 xw,
1207 5823 1296 5879 26.
1349 5814 1419 5856 7"
1461 5820 1656 5876 Matth.
1703 5837 1812 5887 xvr,
1846 5819 1936 5876 24.

2103 5818 2293 5874 Matth.
2341 5832 2452 5881 xxx,
2479 5814 2571 5870 27.
