4042 6448
1761 215 1782 242 Ι

563 298 694 368 i787

555 517 655 562 οισι
698 525 713 563 :
754 511 1079 569 mandatum
1129 532 1354 590 quoque
1404 523 1708 582 Salvatoris
1757 532 1933 586 nostri
1989 511 2128 590 illud

555 595 839 652 altivoium
879 601 1108 674 (quippe
1135 607 1284 676 quod
1329 609 1386 664 in
1426 627 1722 683 supernam
1756 635 1930 688 usque
1967 621 2130 678 Jeru-

550 687 720 742 salem
755 705 858 747 nos
889 707 1040 751 recta
1071 700 1374 774 provehit),
1404 703 1786 766 observemus.
1828 687 1974 769 Dicit
2015 715 2129 772 Do-

553 775 780 834 minus:
817 801 835 833 ‹
869 781 974 850 Qui
1007 787 1164 844 audit
1197 807 1318 856 vos,
1350 809 1439 850 me
1471 797 1650 862 audit,
1687 801 1784 870 qui
1820 813 2004 860 autem
2037 821 2126 864 me

551 866 726 934 audit,
762 871 919 927 audit
943 890 1068 930 eum
1097 881 1191 949 qui
1218 897 1303 936 me
1331 884 1483 941 misit
1511 887 1580 942 ".
1608 907 1626 938 ι
1661 866 1896 950 Necesse
1937 897 2126 969 itaque

551 953 625 1008 sit
644 971 744 1014 eos
759 961 856 1030 qui
875 979 936 1018 se
955 965 1091 1022 disci
1099 967 1262 1038 plinae
1278 974 1724 1048 substraverunt,
1745 992 2005 1056 tanquam
2029 953 2127 1060 pa-

553 1051 668 1102 tres
703 1059 764 1104 ut
791 1051 1048 1110 deament
1071 1074 1222 1125 suos,
1253 1061 1298 1116 si
1323 1065 1489 1120 modo
1518 1067 1636 1122 veri
1662 1080 1814 1137 sunt,
1843 1051 2123 1143 doctor-es,

549 1145 606 1190 et
638 1141 793 1208 quasi
839 1145 1143 1217 principes,
1197 1151 1379 1209 timori
1413 1157 1641 1215 eosdem
1677 1173 1738 1217 ut
1784 1163 2027 1222 habeant
2060 1141 2126 1225 ac

550 1239 888 1288 vereantur:
921 1249 1032 1292 non
1073 1239 1240 1296 etiam
1269 1259 1370 1313 per
1399 1250 1606 1305 amoris
1639 1253 1816 1308 mutui
1838 1255 2126 1314 familiari-

552 1324 716 1374 tatem
751 1321 872 1378 illos
903 1341 1295 1398 aspernentur,
1319 1348 1415 1392 aut
1449 1349 1600 1396 certe
1628 1359 1659 1398 a
1690 1344 1870 1416 rigore
1900 1358 2124 1420 arrepto

547 1405 735 1464 sinant
763 1427 822 1466 se
875 1419 1075 1473 resolvi
1111 1429 1168 1474 et
1209 1427 1484 1494 emolliri;
1538 1431 1806 1502 scriptum
1853 1436 2004 1493 enim
2038 1448 2124 1494 est

551 1497 606 1550 in
651 1499 971 1570 Sapientia:
1013 1527 1030 1558 ι
1066 1510 1171 1577 Qui
1207 1513 1445 1573 honorat
1472 1497 1706 1590 patrem,
1738 1529 1983 1595 peccatis
2015 1530 2120 1585 im-

539 1877 708 1934 super
745 1877 796 1922 te
827 1870 1143 1932 benedictio
1171 1879 1242 1934 ab
1272 1881 1366 1937 illo
1392 1885 1456 1940 ⁸⁵.
1495 1905 1513 1938 ι
1555 1887 1808 1946 Rursus:
1849 1912 1869 1946 ι
1905 1895 1962 1950 In
1997 1905 2112 1954 toto

537 1956 706 2010 corde
750 1971 846 2016 tuo
899 1964 1146 2034 gloriﬁca
1195 1982 1403 2041 patrem
1458 1985 1614 2033 tuum
1660 1980 1727 2035 ⁸⁸.
1787 2001 1805 2034 ι
1862 1987 2105 2044 Paulus:

541 2061 560 2094 ι
615 2045 848 2106 Obedite
901 2059 1216 2126 praepositis
1265 2067 1468 2122 vestris
1526 2078 1582 2123 et
1634 2073 1916 2144 subiacete
1949 2092 1963 2131 :
2001 2078 2106 2149 ipsi

533 2135 680 2190 enim
717 2139 948 2210 vigilant
987 2162 1088 2216 pro
1131 2152 1426 2210 animabus
1453 2160 1672 2223 vestris.
1708 2170 1970 2234 tanquam
2015 2183 2106 2221 ra-

534 2227 740 2283 tionem
772 2234 1045 2292 reddituri
1074 2257 1092 2299 ;
1127 2250 1188 2296 ut
1221 2259 1346 2300 cum
1394 2250 1597 2319 gaudio
1642 2253 1747 2309 hoc
1791 2227 2014 2324 faciant,
2047 2269 2106 2314 et

529 2334 641 2372 non
674 2333 958 2391 gementes
989 2345 1004 2383 :
1039 2330 1145 2387 hoc
1181 2336 1328 2390 enim
1371 2354 1486 2394 non
1519 2343 1744 2412 expc-dit
1783 2347 1943 2402 vobis
1972 2348 2036 2404 ⁸⁷.
2079 2369 2099 2402 ›

531 2410 734 2466 lterum
765 2431 779 2472 :
822 2435 838 2466 ι
867 2417 1058 2477 Omnis
1088 2426 1269 2482 anima
1293 2410 1662 2498 potestatibus
1685 2437 2102 2498 sublimioribus

525 2499 747 2557 subdita
777 2505 848 2560 sit
873 2523 889 2563 :
920 2525 1026 2564 non
1059 2521 1143 2568 est
1169 2516 1319 2572 enim
1351 2527 1599 2587 potestas
1627 2525 1733 2579 nisi
1765 2541 1798 2580 a
1826 2527 1960 2591 Deo,
1988 2539 2098 2585 etc.

527 2590 714 2662 Itaque
763 2599 857 2666 qui
903 2603 1116 2660 resistit
1147 2611 1446 2677 potestati,
1490 2613 1588 2669 Dei
1629 2615 1968 2674 ordinationi
2005 2637 2098 2677 re-

523 2681 713 2738 sistit:
750 2687 844 2756 qui
879 2701 1064 2748 autem
1098 2699 1528 2775 resistunt,.ipsi
1556 2705 1660 2761 sibi
1687 2708 2097 2769 damnationem

521 2775 890 2842 acquirunt".
920 2803 938 2834 ι
972 2787 1228 2845 Rursus:
1268 2811 1287 2843 ι
1317 2793 1386 2849 Ut
1413 2797 1558 2852 servi
1587 2799 1794 2856 Christi
1826 2803 2094 2863 facientes

673 1817 685 1828 .
727 1797 744 1828 ι
784 1779 986 1837 lterum
1021 1803 1034 1838 :
1073 1806 1091 1838 ι
1129 1787 1351 1846 Honora
1381 1805 1595 1864 patrem
1631 1807 1804 1867 tuum,
1833 1811 1894 1857 ut
1929 1805 2117 1863 veniat
2150 1791 2189 1846 Β

1835 331 2097 395 ANTIOC

2236 336 2580 402 MONACl-ll
3639 367 3688 431 Ῑ¹ἶ

552 430 678 484 quas
713 417 855 476 nihil
888 419 1040 478 aliud
1077 440 1241 495 quam
1279 443 1482 500 repunt
1510 433 1686 502 humi,
1730 439 1870 494 viles
1895 450 1952 496 et
1976 443 2097 514 abje

2199 495 2202 506 ,
2235 445 2369 515 πρὸς
2399 447 2490 500 τὸν
2520 449 2703 516 φόϐον.
2735 452 3050 524 Γέγραπται
3077 455 3134 510 δὲ
3166 459 3260 512 καὶ
3286 463 3343 514 ἐν
3369 466 3430 534 τῇ

3457 467 3624 543 Σοφίᾳ,
3650 499 3664 527 ι
3714 494 3742 534 t;

2232 540 2404 608 τιμῶν
2447 543 2657 613 πατέρα
2701 543 3050 609 ἐξιλάσκεται
3113 551 3410 621 ἁμαρτίας.
3443 577 3461 609 ι
3505 540 3616 621 Καί.
3657 571 3745 628 ιύ

2231 629 2396 696 φοϐού
2406 649 2566 702 μενος
2595 633 2822 704 Κύριον,
2855 639 3082 708 τιμήσει
3125 642 3216 694 τὸν
3245 644 3458 718 πατέρα
3487 651 3651 719 αὑτοῦ,
3679 666 3748 718 καὶ

2227 716 2304 780 ὡς
2333 719 2568 791 δεσπότῃ
2611 721 2889 776 δουλεύσει
2944 727 3118 796 αὐτῷ.
3161 747 3179 780 ι
3221 732 3328 784 Καὶ
3368 716 3560 791 πάλινο
3589 761 3603 792 ι

2227 807 2319 862 τὸν
2349 811 2565 880 πατέρα
2599 830 2715 876 σου,
2735 813 2821 866 ἵνα
2849 816 3052 888 ἐπέλθῃ
3085 837 3169 872 σοι
3193 821 3414 892 εὐλογία
3434 831 3558 901 παρ’
3570 807 3746 892 nimii.)

2229 899 2336 952 Καὶ
2360 901 2542 962 πάλιν,
2573 923 2591 955 ι
2644 905 2732 958 Ἐν
2761 907 2855 978 ὅλῃ
2886 909 3088 982 καρδίᾳ.
3120 929 3216 966 σου
3230 913 3449 980 δόξασον
3469 922 3554 975 τὸν
3583 930 3752 999 πατέρα

2227 1007 2340 1046 σου.
2383 1011 2402 1044 ι
2434 994 2587 1048 Καὶὸ
2619 996 2867 1062 Παῦλος,
2910 1019 2928 1049 ι
2971 1002 3258 1070 Πείθεσθε,
3279 1007 3471 1078 λέγων,
3500 1016 3601 1079 τοῖς
3625 994 3756 1086 meo.

2229 1083 2412 1152 μένοις
2448 1086 2623 1156 ὑμῶν.
2663 1091 2759 1144 καὶ
2785 1091 3064 1150 ὑπείκετε.
3104 1098 3274 1152 Λῦτυὶ
3303 1101 3414 1173 γάρ
3437 1105 3754 1177 ἀγρυπνοῦσιν

2226 1172 2366 1242 ὑπὲρ
2405 1174 2512 1227 τῶν
2540 1175 2731 1247 ψυχῶν
2761 1181 2939 1250 ἡμῶν,
2974 1182 3054 1251 ᾡς
3097 1185 3255 1254 λόγον
3288 1191 3660 1262 ἀποδώσοντες,
3691 1201 3757 1255 ἵνα

2227 1267 2364 1334 μετὰ
2389 1269 2558 1338 χαρᾶς
2584 1270 2744 1324 τοῦτο
2771 1273 2994 1338 ποιῶσι,
3022 1277 3116 1330 καὶ
3153 1281 3231 1348 μὴ
3267 1285 3620 1352 στενάζοντες.
3637 1290 3756 1346 ’Δλυ-

2224 1360 2430 1422 σιτελὲς
2459 1363 2567 1432 γὰρ
2591 1363 2720 1432 ὑμῖν
2746 1364 2924 1420 τοῦτο.
2970 1388 2988 1420 ι
3029 1371 3138 1424 Καὶ
3171 1368 3351 1438 αὖθις,
3399 1397 3418 1428 ι
3458 1380 3607 1436 Πᾶσα
3642 1383 3755 1460 tlte-ii;

2219 1447 2492 1514 ἐξουσίαις
2523 1453 2920 1524 ὑπερεχούσαις
2953 1460 3372 1521 ὑποτασσέσθω.
3409 1470 3484 1522 Οὐ
3517 1471 3615 1542 γὰρ
3641 1475 3786 1541 ἔστιν,

2222 1538 2459 1608 ἐξουσία,
2491 1544 2542 1596 εί
2603 1546 2678 1617 μὴ
2714 1549 2822 1600 ἀπὸ
2847 1551 3004 1606 Θεοῦ.
3034 1555 3099 1607 Ai
3132 1553 3190 1607 δὲ
3211 1553 3375 1612 οὖσαι
3403 1538 3650 1625 ἐξουσίαι.
3675 1538 3784 1626 inii

2221 1629 2312 1682 τοῦ
2339 1631 2475 1684 Θεοῦ
2524 1639 2856 1706 τεταγμέναι
2884 1641 3041 1696 εἰσίν.
3081 1644 3249 1700 Ὥστε
3275 1650 3305 1701 ὁ
3344 1649 3780 1724 ἀντιτασσόμενο;’

2224 1720 2290 1788 τῇ
2317 1719 2555 1793 ἐξουσίᾳ,
2587 1727 2652 1795 τῇ
2685 1724 2780 1778 τοῦ
2818 1727 2953 1781 θεοῦ
3000 1730 3236 1804 διαταγῇ
3275 1737 3618 1810 ἀνθέστηκεν.
3641 1745 3754 1800 Οἱδὲ

2217 1809 2629 1883 ἀνθεστηκὸτες,
2663 1817 2878 1881 ἑαυτοῖς
2905 1823 3079 1890 κρῖμα
3093 1823 3384 1896 λήψονται.
3421 1849 3439 1880 ι
3475 1832 3578 1886 Καὶ
3610 1832 3748 1900 αὖθις,

2221 1918 2239 1950 ι
2283 1900 2372 1964 Ὠς
2403 1903 2581 1958 δοῦλοι
2613 1907 2850 1975 Χριστοῦ
2881 1912 3166 1978 ποιοῦντες
3193 1917 3255 1970 τὸ
3279 1916 3496 1990 θέλημα
3523 1923 3610 1976 τοῦ
3647 1925 3752 1982 Θεοῦ

2213 1993 2276 2044 ἐκ
2320 1993 2520 2064 ψυχῆς,
2571 1999 2690 2065 μετ’
2723 2000 2937 2066 εὐνοίας
2983 2003 3339 2072 δουλεύοντες
3377 2011 3450 2074 ὡς
3477 2015 3552 2084 τῷ
3583 2017 3752 2088 Κυρίῳ,

2211 2087 2305 2138 καὶ
2335 2088 2436 2140 οὐκ
2463 2088 2794 2160 ἀνθρώποις,
2823 2095 3028 2160 εἰδότες
3062 2099 3145 2152 ὃτι
3173 2101 3282 2154 ἀπὸ
3317 2105 3528 2176 Κυρίου
3557 2107 3754 2177 λήψεσθε

2209 2177 2305 2248 τὴν
2330 2179 2682 2236 ἀνταπόδοσιν
2713 2185 2888 2252 ὑμῶν.
2922 2206 2941 2239 ι
2982 2191 3090 2244 Καὶ
3121 2193 3262 2262 πρὸς
3291 2195 3483 2262 Τῖτον,
3523 2217 3542 2250 ι
3566 2199 3754 2270 Ύπομίσ

2209 2287 2418 2340 μνησκε
2459 2272 2656 2337 αὐτοὺς
2703 2277 2900 2346 ἀρχαῖς
2925 2281 3020 2333 καὶ
3059 2281 3336 2348 ἐξουσίαις
3365 2287 3754 2360 ὑποτάσσεσθαι,

2205 2361 2526 2433 πειθαρχεῖν
2578 2367 2655 2428 είς
2695 2369 2803 2420 πᾶν
2831 2369 2994 2438 ἔργον
3039 2375 3279 2443 ἀγαθὸν,
3321 2380 3573 2448 ἑτοίμους
3617 2379 3752 2447 εἶναι,

2203 2452 2297 2504 καὶ
2330 2454 2406 2522 μὴ
2437 2455 2836 2524 ἀντιλέγοντας.
2883 2483 2903 2515 ι
2938 2464 3046 2518 Καὶ
3075 2467 3104 2519 ὁ
3150 2469 3385 2540 Πέτρος,
3423 2490 3443 2522 ι
3487 2473 3754 2546 ’Υποτάγηο

2201 2559 2260 2597 τε
2294 2545 2442 2615 πάσῃ
2468 2545 2788 2622 ἀνθρωπίνῃ
2815 2553 2995 2607 κτίσει
3023 2557 3114 2611 διὰ
3139 2558 3232 2612 τὸν
3260 2560 3493 2632 Κύριον,
3515 2566 3592 2618 ὅτι
3611 2565 3752 2628 οὕτως

2201 2635 2314 2686 ἐστὶ
2333 2636 2393 2688 τὸ
2407 2635 2618 2708 θέλημα
2632 2640 2724 2694 τοῦ
2745 2643 2902 2710 Θεοῦ,
2921 2647 3402 2716 ἀγαθοποιοῦντας
3425 2655 3618 2724 φιμοῦν
3633 2654 3750 2730 [τὴν]

2199 2723 2306 2777 τῶν
2339 2726 2592 2797 ἀφρόνων
2619 2731 2926 2802 ἀνθρώπιον
2953 2738 3252 2804 ἀγνωσίαν.
3297 2761 3319 2794 ι
3369 2744 3434 2798 '0
3459 2746 3515 2798 δὲ

2204 2831 2222 2862 ι
2251 2815 2620 2888 Καταόέϐηκα
2641 2823 2705 2873 ὲκ
2725 2823 2820 2876 τοῦ
2847 2825 3212 2901 ούρανοῦ,ούχ
3234 2832 3325 2886 ῐνα
3337 2835 3481 2888 ποιῶ
3496 2836 3554 2888 τὺ
3571 2835 3748 2906 θέλημα

520 2864 860 2924 voluntatem
913 2875 1010 2930 Dei
1070 2893 1138 2933 ex
1187 2883 1394 2952 animo,
1437 2901 1562 2944 cum
1616 2890 1760 2948 bona
1809 2897 2094 2954 voluntate

520 2958 824 2998 Rﬂl‘l‘ionlac
871 2965 1008 2998 υἷι-...ι
1037 2970 1266 2998 nnmz.--
1327 2985 1372 2998 -.
1408 2995 1469 2998 μ-
1551 2981 1565 2998 ι
1687 2985 1700 2997 .
1747 2986 1780 2998 ..
1979 2991 1991 2998 .

2309 2864 2318 2865 ,
2351 2864 2526 2871 ---πη
2552 2864 2620 2872 ..α
2641 2864 2705 2873 -..
2735 2864 2818 2876 η..
2848 2864 2906 2878 ν..
2948 2864 3173 2892 me..."
3235 2864 3702 2906 ιναιιυιωτυυεηπ
3722 2864 3745 2890 ιι

2199 2903 2256 2956 τὸ
2287 2907 2440 2974 ἐμὸν,
2465 2864 2598 2964 ἀλλὰ
2620 2913 2680 2966 τὸ
2707 2864 3042 2986 θέλημαντοῦ
3075 2864 3402 2992 πέμέῙιαντός
3421 2943 3490 2996 με
3513 2864 3745 2998 Πατρόέι

519 2958 846 3026 servientes,
869 2965 1012 3022 sicut
1037 2970 1290 3040 Domino,
1321 2985 1374 3032 et
1407 2995 1517 3035 non
1551 2981 1890 3052 hominibus,
1915 2991 2094 3047 scien-

2193 2997 2354 3068 Αύτῴ
2383 3002 2414 3070 ἡ
2443 3001 2568 3068 δόξα
2602 3007 2682 3068 εἰς
2716 3009 2844 3072 τοὺς
2891 3012 3114 3076 αἰῶνας.
3159 3015 3358 3086 Ἀμήν.

519 3057 601 3106 “'5
625 3056 752 3121 τιυῑει
784 3062 1200 3123 relribulionem
1235 3087 1266 3125 ει
1299 3072 1534 3130 Domino
1564 3079 1852 3150 accipietis
1873 3085 1938 3138 ⁵³.
1967 3104 1986 3136 ι
2045 3086 2128 3142 Ad
2169 3090 2350 3148 Titum
2385 3056 2414 3148 ι’
2440 3116 2460 3148 ι
2495 3099 2742 3156 Admone
2782 3103 2909 3160 illos
2937 3056 3296 3177 principibus
3335 3120 3396 3166 et
3421 3112 3750 3181 potestatibus

519 3144 767 3181 cniniilnc
797 3166 918 3181 nm.
971 3165 1022 3181 η.
1064 3158 1203 3181 κη-.-
1285 3163 1325 3181 _.
1359 3180 1366 3181 ,
1398 3165 1434 3181 ..
1640 3170 1656 3181 .
2099 3180 2104 3181 ,

1689 3144 1703 3150 _
2244 3144 2350 3148 ιν--
2386 3144 2398 3148 -
2445 3144 2456 3148 -
2495 3144 2742 3156 --ν-..νην
2782 3144 2909 3160 ινιιισδ
2937 3144 3284 3177 ιιι-ειυιγιυυῦ
3335 3144 3396 3166 ει
3421 3144 3750 3181 νυυσοωιιυυυ

517 3144 768 3202 subditos
797 3166 940 3216 esse,
967 3165 1024 3211 et
1061 3158 1210 3216 dicto
1273 3163 1525 3234 obedire,
1591 3170 1658 3226 ad
1701 3187 1863 3230 omne
1891 3191 2032 3247 opus
2095 3180 2304 3238 bonum
2340 3198 2560 3255 paratos
2608 3207 2753 3258 esse,
2824 3205 2882 3250 et
2924 3213 3038 3252 nou
3087 3201 3482 3258 contradicere
3520 3205 3582 3258 “.
3621 3223 3639 3256 ι
3669 3204 3750 3258 Pe-

517 3241 638 3290 ⁸τ¹¹³
677 3256 689 3290 ³
728 3259 744 3290 ¹
784 3240 1028 3314 δυῦἱεειί
1073 3259 1250 3308 estote
1295 3257 1445 3311 omni
1479 3259 1734 3320 humanae
1764 3274 2031 3325 creatura:
2067 3281 2296 3343 propter
2332 3279 2648 3347 Dominum,
2678 3285 2808 3353 quia
2838 3286 2920 3342 sic
2949 3297 3034 3343 est
3059 3291 3317 3346 voluntas
3359 3293 3456 3348 Dei
3503 3303 3565 3348 ut
3606 3295 3749 3349 bene-

517 3327 776 3353 l'n..!....n-_
823 3335 857 3353 .I
983 3348 993 3353 -
1220 3345 1240 3353 -
1305 3347 1316 3353 -
1382 3349 1393 3353 -
1469 3350 1478 3353 -

2069 3327 2083 3341 ,
2174 3327 2198 3343 τ
2242 3327 2285 3330 _-
2332 3327 2648 3347 ._..-----...-..,
2679 3327 2808 3353 Ίυ...
2838 3327 2920 3342 σιν
2949 3327 3034 3343 ιο.
3068 3327 3317 3346 νυιυιιηαο
3359 3327 3456 3348 νει
3506 3327 3565 3348 ιιι
3606 3327 3749 3349 ncnc-

515 3327 779 3386 facientes
807 3335 1187 3398 obmutescere
1214 3345 1428 3404 faciatis
1467 3350 1900 3422 imprudentium
1933 3359 2218 3420 hominum
2255 3368 2622 3438 ignorantiam
2648 3377 2712 3431 “.
2747 3395 2768 3429 ι
2806 3379 3072 3437 Dominus
3103 3391 3288 3438 autem
3315 3401 3333 3438 :
3366 3404 3384 3436 ι
3415 3386 3671 3441 Descendi
3693 3386 3750 3442 de

515 3420 648 3442 -..1-
692 3439 720 3442 __
770 3441 775 3442 ,
869 3435 880 3442 .
928 3429 950 3442 η
1015 3431 1026 3442 ι
1219 3437 1234 3442 -

2273 3420 2622 3438 (ιν----η--.-η-
2699 3420 2712 3431 .
2748 3420 2765 3429 ν
2806 3420 3072 3437 gul-"uua
3103 3420 3288 3438 nuo-nu
3318 3426 3332 3438 .
3366 3420 3384 3436 I
3415 3420 3671 3441 ucawuul
3693 3420 3749 3442 υἷϊ

511 3420 670 3481 ccelo.
692 3439 800 3480 non
829 3435 887 3482 ut
924 3429 1119 3486 faciam
1148 3437 1486 3496 voluntatem
1513 3460 1715 3513 meam,
1749 3449 1844 3504 sed
1867 3451 2204 3542 volyntatcm
2235 3459 2355 3530 ejus
2392 3461 2486 3530 qui
2509 3464 2660 3520 misit
2681 3483 2766 3522 me
2794 3469 2974 3526 Patris
2987 3473 3052 3523 ⁶¹.
3087 3492 3108 3524 ι
3144 3473 3252 3544 Ipsi
3275 3475 3455 3546 gloria
3478 3477 3534 3532 in
3555 3479 3749 3534 saecula.

518 3510 548 3546 Δ
561 3526 682 3546 mnn

509 3510 551 3563 Α
561 3526 704 3568 men.

909 3636 1124 3710 1214
1173 3639 1461 3699 llOMlLlA
1503 3645 1691 3703 CXIV.

919 3750 997 3804 De
1024 3754 1387 3812 observatione
1418 3762 1678 3818 mandati.

579 3857 818 3913 Mandati
855 3860 1178 3920 observatio
1219 3865 1503 3925 hominem
1550 3883 1701 3929 recta
1735 3878 1996 3946 provehit
2021 3879 2078 3934 in

507 3949 657 4004 illam
689 3949 1024 4010 felicissima:
1053 3956 1180 4012 vitae
1211 3960 1492 4030 regionem
1527 3981 1540 4015 :
1578 3975 1792 4035 contra,
1826 3969 2077 4040 ejusdem

426 4045 430 4050 ‘
505 4043 884 4110 prurvaricatio
973 4046 1137 4104 letale
1172 4051 1376 4107 vulnus
1420 4053 1588 4126 affigit
1631 4059 1830 4116 animae
1863 4079 1877 4116 :
1909 4062 2077 4134 idque

503 4133 690 4190 dicere
723 4135 886 4192 liccat
929 4140 1198 4210 exactius,
1230 4143 1417 4200 divina
1461 4162 1565 4204 nos
1605 4150 1898 4208 erudiente
1923 4153 2075 4210 Scri-

499 4236 684 4294 ptura.
718 4227 832 4282 Nisi
869 4229 1015 4285 enim
1044 4233 1208 4298 initio
1239 4237 1420 4290 statim
1461 4239 1802 4298 conditionis
1845 4255 2070 4314 nostrae,

2755 3669 2976 3723 ΛΟΓΟΣ
3039 3673 3186 3732 Ρ1Δ⁹.

2463 3779 2603 3846 Περὶ
2655 3780 2762 3836 τοῦ
2799 3782 3152 3852 φυλάσσειν
3201 3786 3490 3857 ἐντολάς.

2251 3885 2324 3940 Τὸ
2344 3887 2638 3957 φυλάσσειν
2660 3891 2902 3973 ἐντολὴν,
2929 3897 3009 3958 είς
3043 3893 3193 3966 ζωῆς
3222 3899 3408 3970 χῶρον
3439 3903 3646 3971 είσάγει
3667 3905 3744 3956 τὸν

2181 3972 2468 4044 ἄνθρωπον
2494 3991 2509 4006 °
2539 3977 2599 4030 τὸ
2659 3979 2716 4032 δὲ
2784 3972 3168 4053 παραϐαίνειν,
3214 3982 3610 4062 θανατηφόρον.
3649 3995 3737 4046 Καὶ

2179 4064 2335 4118 τοῦτο
2362 4067 2606 4138 ἀκριϐῶς
2632 4073 2780 4142 παρά
2812 4077 2912 4146 τῆς
2946 4075 3100 4139 θείας
3131 4079 3356 4150 Γραφῆς
3391 4085 3733 4154 μανθάνομεν.

2179 4157 2240 4208 Ei
2265 4157 2372 4227 γὰρ
2401 4159 2474 4230 μὴ
2499 4159 2558 4226 ἐξ
2579 4161 2764 4232 ’ἀρχῆς
2791 4165 3123 4239 παρέσημεν
3161 4172 3262 4240 τὴν
3292 4173 3352 4224 ὲν
3396 4174 3476 4246 τῷ
3507 4176 3742 4246 παραδεί-

2178 4265 2256 4317 σῳ
2284 4251 2526 4323 ἐντολὴν,
2555 4255 2656 4308 οὐκ
2677 4256 2742 4309 ἀν
2770 4258 3110 4329 ἠκούσαμεν,
3144 4265 3229 4316 ὅτι
3271 4285 3292 4316 ι
3350 4266 3428 4336 Γῆ
3459 4263 3530 4330 εἷ,
3561 4271 3649 4322 καὶ
3672 4271 3740 4331 είς

498 4315 553 4370 in
583 4319 838 4386 paradiso
863 4323 1182 4378 mandatum
1215 4327 1512 4384 fuissemus
1537 4335 2071 4404 transgressi,haud—

2228 4315 2237 4317 -
2461 4315 2472 4323 .
2514 4315 2520 4316 κ
2795 4315 2806 4328 .
2991 4315 3002 4329 ο
3099 4315 3110 4326 ν
3282 4315 3285 4316 ν
3350 4315 3370 4318 -
3401 4315 3428 4336 Ί
3460 4315 3530 4330 “”
3563 4315 3649 4322 ""'
3673 4315 3736 4331 “‘

2199 4341 2278 4408 ’ἦν
2307 4343 2582 4418 ἀπελεύσῃ
2620 4363 2636 4378 ·
2683 4366 2698 4400 ι
2736 4349 2836 4403 οὐκ
2869 4351 2937 4404 ἃν
2978 4354 3259 4417 τοσούτοις
3294 4357 3484 4412 ἐτεσιν
3510 4361 3537 4413 ὁ
3559 4362 3738 4431 κόσμος

495 4425 772 4480 quaquam
809 4415 1134 4485 contigisset
1173 4419 1369 4474 audire
1408 4437 1512 4477 nos
1547 4423 1704 4490 illud,
1741 4445 1758 4478 ι
1802 4427 1972 4485 Terra
2009 4449 2070 4487 es

493 4509 551 4555 et
581 4502 632 4555 in
661 4512 864 4558 terram
907 4506 1085 4562 abibis
1112 4509 1158 4542 ⁸³
1183 4527 1195 4564 :
1224 4530 1241 4562 ι
1270 4513 1592 4584 neutiquam
1621 4519 1887 4574 mundum
1915 4521 2064 4580 hunc

493 4603 685 4648 noster
711 4595 804 4651 ille
829 4598 1182 4656 adversarius
1213 4611 1294 4658 tot
1327 4613 1478 4661 retro
1513 4609 1676 4664 annis
1707 4625 1850 4667 szeva
1883 4621 2068 4686 tyran-

491 4682 620 4751 nide
675 4688 1095 4756 grassabundus
1150 4697 1537 4764 oppressisset.
1593 4697 1764 4756 Nemo
1821 4682 1916 4773 qui
1967 4705 2062 4761 Dei

488 4773 812 4832 mandatum
839 4785 1260 4854 contempserit,
1302 4786 1358 4840 in
1395 4789 1732 4846 rectitudine
1763 4793 1933 4848 vitam
1971 4797 2062 4851 in-

2173 4431 2280 4485 ύπὸ
2300 4432 2392 4486 τοῦ
2405 4436 2669 4508 τυράννου
2687 4441 2993 4512 ἐκρατεῖτο.
3013 4445 3204 4510 Οὐδεὶς
3223 4453 3646 4522 καταφρονήσας
3667 4454 3738 4505 ὲν·

2169 4522 2328 4593 τολῆς
2361 4523 2518 4592 Θεοῦ,
2547 4528 2726 4600 ὀρθῶς
2748 4532 2994 4590 ἐϐίωσεν.
3033 4537 3210 4592 Σαοὺλ
3245 4545 3607 4611 παρακούσας
3653 4543 3734 4612 τῆς

2170 4613 2263 4668 τοῦ
2289 4616 2425 4670 Θεοῦ
2451 4621 2691 4691 ἐντολῆς,
2714 4626 2810 4678 καὶ
2836 4629 2894 4680 ἐν
2911 4627 3113 4694 λύπαις
3138 4631 3430 4701 βιοτεύσας
3445 4639 3538 4688 τὸν
3562 4636 3732 4690 ἑαυτοῦ

2168 4704 2379 4773 χρόνον,
2414 4707 2564 4774 τέλος
2605 4714 2700 4766 καὶ
2746 4718 2848 4786 τῆς
2895 4716 3176 4786 βασιλείας
3218 4722 3506 4787 ἐξέπεσεν.
3539 4725 3604 4780 Oi
3641 4726 3732 4779 υίοὶ

2177 4793 2316 4863 Ἦλὶ,
2358 4798 2510 4867 Ὀφνὶ
2537 4805 2630 4857 καὶ
2654 4805 2860 4872 Φινεὲς,
2895 4809 2970 4882 μὴ
3020 4811 3392 4880 ὑπακούοντες
3425 4821 3528 4889 τῆς
3568 4818 3731 4888 φωνῆς

485 4867 668 4924 stituit
711 4887 890 4928 suam.
925 4873 1054 4931 Saul
1079 4877 1177 4932 Dei
1220 4879 1483 4935 mandato
1527 4883 1668 4938 male
1706 4885 1971 4958 moriger,
2001 4889 2060 4945 in

2819 4867 2856 4872 -ν
2895 4867 2907 4882 ι
2959 4867 2970 4882 ι
3369 4867 3388 4880 v
3439 4867 3525 4889 '1-
3574 4867 3726 4888 t“"l'

2199 4885 2256 4940 οὗ
2298 4892 2503 4962 πατρὸς
2555 4896 2754 4959 αὐτῶν,
2797 4899 2896 4970 τὴν
2940 4903 3041 4972 μὲν
3072 4904 3308 4960 κιϐωτὸν
3358 4910 3457 4962 τοῦ
3493 4911 3624 4966 Θεοῦ
3661 4913 3726 4975 εἰς

484 4975 726 5018 maerore
768 4965 936 5022 vitam
993 4984 1119 5024 cum
1171 4971 1414 5042 egisset,
1472 4982 1719 5046 tempore
1771 4976 1877 5046 ipsi
1927 4995 2064 5050 prae-

2199 4981 2348 5049 εἴρας
2385 4982 2700 5054 ἀλλοφύλων
2750 4965 3114 5061 παρέδωκανο
3170 4997 3328 5051 αὐτοὶ
3363 4999 3422 5052 δὲ
3477 4965 3726 5054 οἴκτιστον

483 5050 695 5121 scripto
744 5053 969 5112 demum
1039 5076 1210 5132 regno
1259 5079 1482 5134 quoque
1541 5067 1750 5123 excidit
1799 5069 1867 5126 “.
1931 5073 2057 5130 Filii

485 5139 626 5207 licli,
657 5143 834 5214 Ophni
887 5158 944 5204 et
967 5149 1204 5208 Phinees
1235 5153 1303 5220 “,
1345 5170 1470 5210 cum
1521 5157 1632 5212 illis
1691 5159 2056 5234 immorigerm

481 5247 648 5286 aures
673 5237 1063 5297 occalluissent
1093 5244 1160 5299 ad
1192 5241 1384 5302 vocem
1426 5258 1672 5318 paternae
1702 5253 2051 5322 monitionis,

481 5337 585 5377 nec
607 5327 912 5394 patuissent
945 5332 1118 5402 dicto,
1148 5352 1330 5392 arcam
1360 5339 1584 5410 quidem
1613 5342 1732 5405 Dei.
1762 5344 1820 5400 in
1856 5362 2054 5404 manus

479 5410 916 5485 alienigenarum
961 5419 1330 5493 tradiderunt,
1389 5429 1491 5498 ipsi
1542 5441 1726 5488 autem
1767 5451 1875 5490 una
1923 5454 2048 5494 cum

547 5582 597 5656 ‘j
636 5581 768 5636 Luc.
799 5601 851 5646 κ,
894 5585 968 5641 i6.
1069 5591 1114 5623 ³³
1151 5593 1317 5646 Eccli.
1366 5611 1446 5656 ιιι,
1496 5596 1546 5649 6.

481 5720 529 5751 “
557 5721 572 5775 Ι
604 5723 778 5778 Paral.
817 5742 866 5794 ι,
915 5727 996 5783 15.
1076 5733 1120 5764 ⁸⁵
1163 5732 1185 5788 ι
1231 5720 1345 5803 Reg
1419 5720 1732 5808 n',"liscqq.

1650 5597 1696 5628 ιι
1735 5598 1808 5628 τιή

547 5599 596 5613 ὐ
636 5599 768 5636 ιλιιίι.
799 5601 851 5646 ς,
894 5599 968 5641 Hi.
1069 5599 1114 5623 "
1152 5599 1317 5646 Eccli.
1366 5611 1446 5656 ιιι,
1496 5599 1546 5649 li.
1650 5599 1696 5628 ”
1735 5599 1868 5654 ibii.
1931 5617 2013 5672 ιιι,
2045 5603 2094 5659 8.
2188 5607 2232 5638 ⁸⁵
2275 5607 2409 5662 iliid.
2459 5611 2514 5674 9,

479 5646 529 5750 π
557 5651 876 5750 [ligor-inn,
912 5658 1046 5750 3&9.
1076 5664 1185 5750 “5"
1209 5663 1405 5750 Epiros.
1440 5666 1666 5750 γαρ-8.
1745 5671 1789 5702 ⁶⁰
1831 5671 1936 5726 Tit.
1970 5692 2044 5741 ιιι,
2086 5677 2129 5730 l.
2169 5676 2209 5707 ⁶¹
2253 5677 2271 5732 l
2302 5679 2448 5735 Petr.
2479 5698 2539 5750 ιι,

2165 5069 2395 5124 θάνατον
2409 5072 2792 5146 ἀπηνέγκαντο
2821 5083 2919 5136 σὺν
2949 5084 3026 5155 τῷ
3045 5085 3183 5157 λαῷ.
3219 5089 3322 5144 Διά
3341 5091 3504 5145 τοῦτο
3533 5092 3627 5164 βοᾷ
3651 5092 3724 5145 διὰ

2161 5163 2257 5216 τοῦ
2299 5165 2562 5240 Ἰεζεκιήλ
2583 5185 2598 5200 ·
2641 5192 2658 5224 ι
2717 5173 3086 5248 Ἀπορῤίψατε
3123 5182 3220 5250 ἀφ’
3246 5183 3403 5252 ὑμῶν
3435 5163 3612 5248 πάσας
3639 5186 3719 5246 τὰς

2161 5256 2417 5323 ἀσεϐείας
2463 5261 2638 5332 ὑμῶν,
2669 5267 2762 5320 καὶ
2811 5271 3078 5342 ποιήσατε
3117 5277 3337 5341 ἐντολάς
3375 5297 3501 5348 μου,
3531 5280 3622 5333 καὶ
3645 5278 3718 5330 ἴνα

2157 5350 2212 5402 τί
2240 5350 2635 5426 ἀποθνήσκετε,
2665 5354 2814 5425 οἶκος
2847 5362 3088 5436 Ἰσραὴλ,
3123 5367 3271 5438 λέγει
3303 5371 3538 5444 Κύριοςς
3578 5371 3718 5424 Ἀπο-

2155 5442 2425 5513 στρέψατε
2472 5447 2580 5501 ἀπὸ
2627 5449 2728 5521 τῆς
2773 5453 2893 5508 ὁδοῦ
2926 5456 3079 5529 ὑμῶν
3104 5459 3209 5530 τῆς
3237 5442 3481 5535 πονηρᾶς
3510 5482 3524 5494 ·
3561 5481 3580 5515 ι
3610 5459 3715 5534 [καὶ

2188 5607 2409 5686 ῗ⁵,ῖ¹ζίάο
2459 5611 2514 5674 9.
2574 5612 2657 5686 τί).
2701 5615 2782 5686 Ἕ⁶
2821 5616 2958 5673 ibid.
2995 5621 3081 5677 15.
3189 5623 3237 5656 ³⁷
3274 5624 3442 5680 Hebr.
3476 5641 3588 5686 xm,
3633 5624 3704 5678 l7.

2576 5683 2655 5752 l3,
2692 5685 2777 5742 l5.
2821 5688 2864 5720 ⁸³
2885 5689 3044 5752 Joan.
3076 5707 3151 5759 vr,
3185 5693 3274 5750 58.
3311 5697 3354 5728 ⁸³
3378 5683 3598 5762 Gemini,
3630 5693 3706 5750 i9.
