4042 6448
352 319 495 392 «389

1203 335 1534 399 ΙΙΟΜΙΜΑ
1572 336 1771 403 CXIV.
1802 367 1872 394 -τ-
1900 339 1998 404 ΒΕ
2036 345 2355 410 OBSERV.
2397 350 2766 412 MANDATI.

3481 293 3620 414 im

350 435 443 492 ἴνα
468 437 523 490 τί
541 435 912 510 ἀποθνήσκετε
931 433 1494 516 οἷκοςἹσραήλ;1Καὶ
1512 447 1541 498 ὁ
1567 443 1750 516 νόμος,
1779 464 1798 499 ι
1822 449 1931 501 Οὐκ

2041 453 2247 522 populo
2289 454 2547 510 meritam
2594 455 2908 510 mercedem
2955 455 3269 510 retulerunt
3306 456 3618 512 miserrima

348 529 710 600 ἐκπειράσεις
758 530 964 602 Κύριον
987 534 1081 589 τὸν
1108 534 1240 588 Θεόν
1271 551 1386 590 σου.
1445 537 1740 591 Φυλάσσων
1765 538 1934 608 φυλά-

347 619 464 684 ξεις
493 619 594 684 τὰς
617 620 836 688 ἐντολὰς
869 623 1076 695 Κυρίου
1101 624 1198 678 τοῦ
1229 625 1366 679 Θεοῦ
1401 643 1516 683 σου.
1558 646 1580 680 ›
1615 630 1725 682 Καὶ
1751 629 1932 693 αὖθις·

353 729 374 762 ι
393 711 621 784 ’Ἄνδρες
638 713 784 782 ἅγιοι
806 713 998 769 ἔσεσθέ
1031 733 1144 787 μοι,
1171 717 1266 771 ἐὰν
1287 723 1404 783 τοῖς
1419 721 1808 790 προστάγμασι
1831 740 1932 792 μου

349 801 682 874 πορεύησθε.
706 806 804 860 καί⁵
853 807 952 870 τὰς
989 807 1213 872 ἐντολάς
1262 826 1366 880 μου
1401 809 1740 879 φυλάξησθε·
1760 813 1930 883 ἐμπε-

350 896 640 964 ριπατήσω
677 897 735 950 ὲν
770 898 920 968 ὑμῖν,
958 899 1054 953 καὶ
1079 900 1273 971 ἔσομαι
1305 903 1434 972 ὑμῖν
1461 903 1616 967 Θεὸς,
1649 905 1742 956 καὶ
1772 905 1932 976 ὑμεῖς

345 984 537 1038 ἐσεσθὲ
577 1004 669 1056 μοι
697 987 846 1053 λαὸς,
874 989 1022 1058 λέγει
1057 991 1280 1064 Κύριος.
1319 1013 1337 1045 ι
1374 995 1484 1048 Καὶ
1520 997 1686 1066 ήμεῖς
1706 993 1802 1052 οὖν
1836 999 1932 1050 ἐὰν

345 1075 596 1141 ποιῶμεν
647 1077 815 1130 αὑτοῦ
863 1079 919 1132 τὸ
967 1078 1216 1151 θέλημα,
1252 1083 1345 1135 καὶ
1392 1081 1758 1154 πορευώμεθα
1789 1086 1932 1138 κατὰ

343 1165 446 1228 τᾶς
491 1167 712 1230 ἐντολὰς
744 1169 932 1235 αὐτοῦ,
970 1173 1064 1226 καὶ
1113 1173 1418 1244 ἀγαπῶμεν
1449 1173 1670 1240 ἆαὺτὸς
1713 1177 1928 1248 ἀγαπᾷ,

345 1257 473 1320 ναὸς
533 1257 699 1311 αὑτοῦ
755 1261 1041 1331 γινόμεθα.
1079 1263 1137 1315 '0
1164 1265 1273 1333 γὰρ
1303 1265 1442 1334 ἔχων
1491 1265 1592 1336 τὴν
1633 1268 1715 1330 εἰς
1764 1269 1930 1321 αὑτὸν

343 1345 586 1416 ἀγάπην,
620 1351 715 1402 καὶ
745 1353 826 1413 εἰς
861 1353 954 1404 τὸν
997 1355 1246 1423 πλησίον,
1281 1355 1500 1426 μακρὰν
1543 1356 1697 1410 ἔσται
1747 1359 1930 1428 πάσης

749 1399 821 1413 _-,
1003 1399 1246 1423 .-...,-.-.,
1323 1399 1494 1408 τη--.
1543 1399 1697 1410 πη..
1753 1399 1925 1419 ...ως

303 1399 660 1523 λάμαρτίας,
723 1447 820 1500 καὶ
873 1399 1412 1522 ἀνταγαπηθήσζταί
1451 1453 1558 1506 ὑπὸ
1615 1453 1706 1506 τοῦ
1767 1399 1925 1508 Θεοθ.

355 1529 507 1584 Ἐπεὶ
527 1533 620 1585 ὲέιν
637 1531 1095 1604 καταφρονῶμεν,
1131 1534 1271 1591 οῐδεν
1297 1539 1568 1605 κολάζειν,
1584 1559 1659 1594 πα
1668 1543 1929 1613 ρακουόν-

341 1638 450 1675 των
491 1623 649 1693 ήμῶν
710 1623 821 1678 τῶν
879 1627 1050 1696 ἁγίων
1083 1627 1249 1682 αὐτοῦ
1273 1631 1525 1686 ἐντολῶν.
1562 1635 1653 1703 Μὴ
1698 1629 1790 1688 οὖν
1833 1634 1927 1686 λυ-

341 1716 550 1770 πείσθω
579 1717 702 1772 καθ’
724 1718 885 1789 ήμῶν
913 1719 941 1772 6
973 1718 1176 1787 ἀγαθὸς
1218 1723 1252 1794 ἡ
1263 1723 1378 1793 μῶν
1402 1723 1556 1789 Θεὸς,
1589 1725 1617 1777 6
1647 1723 1924 1794 εὔσπλαγ-

2002 989 2198 1060 Ἰεηει
2231 1002 2311 1054 ⁸τῖ
2358 1025 2376 1056 ι
2420 1004 2534 1059 Lex
2574 1020 2798 1076 quoque
2841 1021 2854 1056 :

2038 553 2216 601 morte
2252 546 2554 617 perfuncti.
2589 547 2829 618 Hujusce
2858 547 3008 602 enim
3039 547 3252 602 vitandi
3282 549 3412 602 mali
3439 549 3615 619 gratia

2035 638 2236 695 clamat
2265 640 2533 696 Dominus
2562 655 2662 710 per
2686 639 3039 695 Ezechielem
3079 657 3092 694 :
3137 659 3157 692 ι
3186 639 3426 711 Abjicite
3455 656 3485 695 a
3517 656 3616 694 vo-

2033 727 2123 782 bis
2165 745 2361 784 omnes
2409 729 2740 798 iniquitales
2779 737 3014 792 vestras,
3059 736 3115 782 et
3157 729 3325 782 facile
3357 728 3618 782 mandata

2034 836 2178 886 mea,
2210 821 2349 876 dicit
2382 821 2669 884 Dominus,
2709 829 2766 876 et
2796 820 3191 876 convertimini
3240 835 3273 875 a
3300 821 3392 876 via
3428 829 3616 876 vestra

2033 929 2156 983 qua:
2186 914 2330 969 mala
2347 925 2435 969 est
2464 916 2528 968 ⁸⁸.
2565 933 2583 966 ι
2627 914 2696 968 Et
2729 931 2742 967 :
2773 932 2792 964 ι
2823 913 2894 970 Ut
2921 912 3057 984 quid
3085 912 3388 978 morimini,
3415 912 3618 967 domus

2899 1021 2916 1054 ι
2957 1001 3294 1059 Custodiens
3333 1001 3616 1056 eustodies

2033 1097 2291 1152 mandata
2325 1097 2543 1152 Domini
2589 1097 2687 1152 Dei
2727 1096 2808 1150 tui
2847 1096 2912 1150 ⁸⁸.
2944 1114 2963 1146 ι
2998 1095 3254 1150 Rursus:
3291 1113 3310 1145 ι
3345 1093 3460 1148 Viri
3485 1108 3615 1148 san-

2031 1189 2104 1243 cti
2135 1189 2292 1243 eritis
2313 1189 2447 1243 mihi
2465 1224 2481 1249 ,
2525 1188 2572 1242 si
2596 1188 2652 1242 in
2678 1187 2974 1257 praeceptis
2994 1185 3138 1240 meis
3165 1181 3610 1249 ambulaveritis,

2029 1290 2087 1337 et
2116 1283 2370 1338 mandata
2397 1297 2520 1337 mea
2563 1279 2952 1337 custodieritis
2979 1279 3043 1332 ⁸³.
3077 1297 3096 1330 ›
3117 1305 3189 1318 --
3209 1297 3228 1328 ι
3248 1275 3614 1330 lnambulabo

2029 1375 2175 1430 inter
2197 1390 2319 1437 vos,
2349 1386 2406 1430 et
2430 1390 2528 1430 ero
2559 1375 2720 1429 vobis
2747 1374 2914 1438 Deus,
2948 1380 3005 1428 et
3039 1386 3140 1426 vos
3161 1369 3321 1424 eritis
3343 1369 3478 1422 mihi
3513 1383 3612 1438 po.

2028 1468 2213 1536 pulus,
2246 1466 2382 1522 dicit
2411 1465 2676 1521 Dominus
2701 1466 2768 1519 "°.
2809 1483 2829 1516 ι
2871 1465 2984 1518 Nos
3022 1462 3189 1534 igitur
3227 1461 3273 1515 si
3303 1459 3611 1530 expleveri-

2027 1575 2154 1614 mus
2179 1559 2298 1629 ejus
2324 1559 2690 1621 voluntatem,
2725 1556 2772 1613 si
2813 1555 2882 1612 ad
2922 1564 3174 1610 tenorem
3220 1552 3608 1607 mandatorum

2029 1651 2208 1720 ipsius
2233 1651 2674 1721 progrediemur,
2697 1650 2741 1704 si
2767 1664 2890 1719 qua:
2919 1647 3000 1703 illi
3043 1647 3302 1700 nevimus
3324 1659 3450 1700 esse
3480 1661 3608 1713 gra-

2030 1743 2168 1798 tiosa
2195 1751 2253 1797 et
2290 1741 2567 1806 amabilia,
2597 1741 2701 1811 ipsi
2729 1741 2896 1796 etiam
2920 1738 3306 1801 dilexerimus,
3340 1737 3608 1806 templum

339 1821 486 1880 χνος,
523 1813 552 1864 6
577 1810 850 1882 ἐλεήμων,
876 1813 905 1864 6
944 1811 1119 1880 ἅγιος,
1152 1815 1181 1868 6
1214 1792 1477 1886 atd0ap6g,
1506 1819 1534 1869 6
1566 1817 1830 1887 ἀμίαντος
1851 1792 1924 1886 ,ᾑό

2031 1792 2168 1798 --η-
2199 1792 2250 1797 --
2291 1792 2567 1806 “mm”,
3012 1792 3024 1794 -
3083 1792 3092 1794 -
3295 1792 3306 1801 .
3459 1792 3474 1806 .

2030 1837 2106 1890 illi
2134 1833 2459 1891 eﬂiciemur.
2489 1833 2593 1900 Qui
2630 1834 2780 1888 enim
2818 1847 2949 1903 erga
2997 1832 3172 1886 Deum
3203 1838 3258 1884 et
3295 1829 3608 1899 proximum

341 1905 527 1970 ᾰΰὶος,
559 1907 587 1958 6
615 1906 797 1972 μόνος,
827 1907 856 1958 6
881 1900 986 1970 εἷς,
1005 1907 1046 1961 .6
1085 1908 1454 1977 ἁμετάόολος,
1491 1911 1520 1962 6
1545 1909 1864 1982 εἰλικρινὴς,
1897 1915 1925 1965 ὁ

340 1997 548 2060 ἄδολος,
583 1995 612 2047 6
637 1997 926 2067 ἀόργητος,
966 1995 995 2048 6
1033 1998 1215 2068 πάσης
1241 2001 1549 2070 λεγομένης
1576 2003 1671 2054 καὶ
1693 2003 1924 2072 νοουμέ-

338 2106 438 2157 νης
496 2091 630 2157 ἡμῖν
679 2089 1056 2160 προσηγορίας
1105 2089 1378 2159 ἀνώτερος
1434 2093 1528 2144 καὶ
1592 2091 1924 2165 ὑψηλότερος

333 2181 490 2245 Θεὸς,
535 2181 743 2252 Ἰησοῦς
778 2182 1012 2252 Χριστός
1038 2199 1051 2212 ·
1086 2182 1466 2254 εὐφραινέσθω
1499 2184 1596 2238 σὺν
1625 2187 1758 2254 ἡμῖν
1780 2225 1794 2246 .
1825 2203 1923 2238 και

334 2274 446 2336 ὶῶς
515 2273 670 2344 ἡμῶν
764 2275 1204 2344 πολιτευομένων
1237 2292 1252 2306 ·
1319 2275 1560 2348 χαιρέτω
1588 2316 1603 2339 ,
1663 2277 1924 2348 καθαρῶς

331 2363 601 2434 βιούντων
663 2364 817 2434 ἡμῶν
849 2381 865 2396 ο
904 2363 1277 2418 ἀναπαυὲσθω
1299 2405 1312 2430 ,
1346 2365 1560 2436 σεμνῶς
1592 2366 1751 2437 ήμῶν
1789 2369 1922 2421 ἀνα-

330 2457 742 2526 στρεφομένων⁹
777 2457 1113 2528 εὐωχείσθω,
1141 2457 1441 2526 φιλούντων
1504 2459 1668 2512 αὐτὸν
1723 2461 1880 2530 ήμῶν
1903 2501 1918 2526 ,

329 2553 430 2603 καί
453 2551 630 2614 καλῶς
649 2552 954 2620 ὲγκρατευο
961 2553 1158 2622 μένων,
1181 2554 1276 2606 καὶ
1293 2554 1719 2623 σωφρονούντων
1737 2555 1916 2630 ήμῶν.

341 2642 475 2694 Ἐάν
518 2635 612 2696 οὖν
663 2640 960 2712 ἀρξώμεθα
999 2641 1219 2712 θερμῶς
1259 2643 1362 2706 τὰς
1395 2643 1620 2706 ἐντολὰς
1653 2645 1747 2696 τοῦ
1779 2643 1919 2698 Θεοῦ

323 2734 780 2803 διαπράττεσθαι,
813 2734 1034 2788 ἅπαντα
1061 2733 1250 2787 λοιπὸν
1279 2733 1350 2787 τὰ
1375 2735 1714 2806 αἰσθητήρια
1737 2736 1917 2806 ἡμῶν,

323 2833 394 2882 ἐν
436 2829 690 2900 αἰσθήσει
737 2829 1054 2895 φωτίζουσα
1091 2832 1124 2900 ή
1162 2829 1357 2900 χάρις,
1414 2831 1482 2883 τὰ
1529 2830 1630 2900 μὲν
1676 2830 1920 2900 ἡμέτερα

323 2920 720 2991 ἐνθυμήματα,
745 2919 821 2981 ὡς
849 2919 962 2990 πῦρ
983 2921 1344 2990 καταφλέγει,
1381 2920 1652 2990 ἡδύνουσα
1677 2921 1734 2973 δὲ
1760 2922 1920 2992 ήμῶν

317 3013 432 3083 τὴν
454 3012 680 3083 καρδίαν
703 3014 760 3066 ὲν
785 3013 979 3084 είρήνῃ
1009 3013 1118 3066 τινὶ
1147 3011 1334 3081 φιλίας
1352 3012 1658 3076 ἀνενδότου,
1681 3031 1920 3084 πνευμα-

2025 1929 2219 1999 flagrat
2246 1910 2538 1989 charitate;
2574 1927 2734 1996 longe
2777 1939 2837 1980 se
2877 1924 2947 1979 ab
2979 1923 3130 1978 omni
3177 1919 3450 1992 proripiet
3476 1933 3607 1989 pee-

2023 2029 2169 2086 cato,
2205 2021 2365 2092 isque
2409 2037 2442 2075 a
2480 2020 2595 2074 Deo
2625 2018 2910 2088 diligetur.
2939 2015 3098 2083 Quod
3137 2015 3184 2069 si
3214 2011 3608 2082 deprehende-

2024 2129 2148 2168 mur
2194 2111 2618 2182 contempsisse,
2655 2109 2847 2178 utique
2895 2107 3054 2162 novit
3105 2105 3332 2160 meritas
3383 2103 3608 2172 exigere

2023 2219 2216 2276 poenas
2245 2203 2313 2259 de
2339 2203 2428 2258 his
2461 2201 2671 2258 sanctis
2711 2201 2826 2255 suis
2863 2199 2958 2270 qui
2991 2197 3178 2252 minus
3215 2195 3608 2264 obtemperant

2023 2295 2319 2350 mandatis.
2343 2293 2596 2348 Nolimus
2623 2290 2850 2361 (quaeso)
2881 2289 3176 2344 adversum
3205 2304 3304 2342 nos
3329 2301 3455 2340 cum
3479 2301 3609 2341 exa-

2023 2401 2269 2456 sperare,
2300 2396 2408 2438 tam
2464 2383 2740 2452 benignus
2771 2397 2896 2434 eum
2943 2379 3018 2433 sit
3059 2379 3207 2433 Deus
3257 2385 3471 2439 noster,
3508 2375 3607 2445 qui

2020 2477 2173 2532 aliud
2231 2477 2371 2530 nihil
2417 2489 2584 2545 quam
2632 2473 2843 2528 viscera
2893 2469 3293 2525 misericordia
3344 2467 3604 2538 gestitat,

2021 2568 2342 2624 misericors
2381 2567 2666 2637 siquidem
2701 2573 2806 2629 est,
2844 2573 3092 2628 sanctus,
3127 2576 3322 2632 purus,
3350 2559 3608 2630 impollu-

2025 2669 2134 2722 tus,
2184 2657 2254 2712 ab
2301 2656 2454 2712 omni
2504 2655 2860 2710 concretione
2918 2651 3162 2707 materiae
3204 2648 3604 2713 alienissimus,

2021 2751 2195 2815 solus,
2246 2763 2434 2814 unus,
2483 2747 2804 2808 exorabilis,
2851 2745 3146 2808 sincerus,
3191 2741 3262 2796 ab
3295 2739 3448 2795 omni
3476 2737 3607 2794 dolo

2022 2839 2489 2911 sejunctissimus,
2516 2835 2904 2898 inirascibilis,
2931 2831 3085 2888 omni
3107 2831 3351 2899 denique
3372 2843 3606 2882 nomen-

2022 2934 2270 2995 claturae,
2299 2947 2421 3000 qua:
2459 2945 2487 2983 a
2524 2927 2686 2982 nobis
2732 2927 2821 2980 vel
2865 2922 3096 2995 cogitari
3139 2921 3228 2976 vel
3264 2921 3375 2975 dici
3422 2925 3610 2989 potest

2021 3025 2198 3079 multo
2241 3021 2498 3092 superior
2546 3035 2610 3074 ac
2663 3016 2956 3072 sublimior
3014 3015 3162 3070 Deus
3213 3023 3403 3066 noster
3445 3011 3605 3065 Jesus

317 3104 461 3156 τικά
497 3121 619 3157 τινα
665 3103 762 3158 καὶ
798 3105 901 3156 οὐκ
929 3103 1010 3155 ἔτι
1043 3104 1186 3157 κατᾶ
1215 3105 1397 3175 σάρκα
1422 3103 1737 3172 λογίζεσθαι
1765 3107 1913 3176 ἡμᾶς

2021 3115 2302 3171 Christus.
2335 3109 2581 3164 Lartetur
2625 3107 2810 3177 potius
2854 3102 3144 3158 nobiscum
3193 3109 3250 3154 et
3285 3099 3604 3160 hilarescat,

319 3195 766 3265 παρασκευάζει.
791 3195 1112 3266 Γέγραπται
1136 3197 1192 3250 δὲ
1219 3199 1312 3250 καὶ
1331 3198 1389 3248 ὲν
1409 3199 1532 3260 ταῖς
1555 3199 1909 3268 Παροιμίαις’

321 3308 348 3339 σ
385 3289 497 3350 Υἱὲ,
524 3287 598 3358 μὴ
622 3288 974 3358 παραρῤυῇς,
993 3287 1238 3356 τήρησον
1259 3285 1316 3338 δὲ
1335 3287 1476 3356 ἐμὴν
1505 3285 1702 3358 βουλὴν
1726 3289 1820 3341 καὶ
1838 3287 1916 3340 ἐν·

313 3397 500 3444 νοιαν,
533 3379 622 3432 ἵνα
653 3378 793 3448 ζήσῃ
823 3381 856 3448 ή
888 3379 1036 3448 ψυχή
1067 3395 1185 3430 σου.
1226 3378 1337 3433 Καὶ
1368 3378 1607 3448 πορεύου
1637 3377 1914 3442 πεποιθὼς

311 3475 386 3526 ὲν
417 3472 609 3544 εἰρήνῃ
641 3472 822 3534 πάσας
853 3471 952 3533 τὰς
979 3469 1130 3532 ὁδούς
1158 3487 1252 3522 σου
1275 3486 1288 3500 ·
1343 3470 1372 3522 6
1398 3471 1507 3540 γὰρ
1535 3469 1738 3542 Κύριος
1758 3469 1913 3524 ἔσται

316 3581 416 3618 σοι
466 3565 560 3618 ἐπὶ
607 3564 800 3616 πασῶν
847 3562 980 3615 ὁδῶν
1032 3579 1148 3614 seu.
1177 3581 1194 3612 ι
1257 3561 1367 3615 Καὶ
1403 3561 1598 3614 πάλιν·
1655 3563 1912 3616 (Φυλάσ-

313 3675 424 3709 σου
457 3655 696 3720 ἐντολὰς,
736 3655 812 3726 μὴ
843 3653 1108 3725 suasca,
1147 3653 1284 3724 μηδὲ
1317 3653 1551 3728 παρίδῃς
1583 3655 1744 3726 ῥῆσιν
1773 3653 1910 3725 ἐμοῦ

313 3749 620 3818 στόματος,
647 3747 780 3818 μηδὲ
799 3747 1052 3818 ἐκκλίνῃς
1075 3745 1183 3800 ἁπδ
1203 3746 1468 3817 ῥημάτων
1492 3745 1764 3816 στόματός
1785 3765 1910 3817 μου,

315 3840 872 3913 μηδὲ¹ὲγκαταλίπῃς
900 3839 1070 3908 αὐτὴν
1093 3878 1107 3900 ,
1153 3839 1248 3892 καὶ
1277 3835 1566 3902 ἀνθέξεταί
1597 3855 1714 3892 σου.
1743 3857 1762 3889 ι
1804 3839 1913 3892 Καὶ⁸

313 3931 530 3987 πάλιν
589 3950 608 3984 ι
649 3931 782 3994 Υἱὲ,
835 3929 972 4000 πρὸς
1022 3928 1122 3992 τὰς
1168 3928 1308 3999 ἐμὰς
1354 3931 1544 3999 ῥήσεις
1592 3929 1910 4000 παράϐαλλε

315 4029 422 4082 σὺν
448 4021 570 4094 οὖς,
605 4027 701 4080 καὶ
731 4025 974 4095 φύλασσε
1003 4025 1174 4088 αὑτάς
1203 4025 1258 4078 ὲν
1287 4025 1490 4095 καρδίᾳ
1521 4027 1586 4096 σῇ
1605 4041 1620 4056 ο
1657 4025 1770 4097 ζωὴ
1800 4026 1910 4095 γάρ

311 4120 474 4172 ἐστιν
497 4120 608 4180 τοῖς
630 4118 976 4188 εὑρίσκουσιν
1001 4117 1192 4180 αὑτὰς,
1219 4117 1312 4169 καὶ
1341 4117 1492 4188 πάσῃ
1515 4119 1680 4188 σαρκὶ
1707 4118 1904 4182 ἴασις.»

314 4207 438 4263 Καὶ
488 4209 544 4260 ἐν
589 4206 666 4278 τῷ
696 4208 1102 4278 Ἑκκλησιαστῇ
1125 4223 1139 4236 ο
1200 4224 1218 4258 ι
1256 4207 1312 4260 '0
1341 4207 1635 4277 φυλάσσων
1665 4208 1908 4281 ἐντολὴν,

313 4299 389 4354 οὐ
429 4299 700 4365 γνώσεται
749 4299 902 4370 ῥῆμα
943 4298 1214 4368 πονηρόν*
1271 4298 1300 4350 6
1341 4297 1635 4366 φυλάσσων
1661 4300 1906 4372 ἐντολὴν,

313 4392 486 4461 τηρεί
511 4391 609 4461 τήν
640 4389 804 4444 αὑτοῦ
831 4388 1010 4460 ψυχήν
1033 4405 1046 4417 ·
1095 4390 1124 4440 ὁ
1146 4387 1444 4456 φυλάσσων
1471 4388 1718 4460 ἐντολὴν,
1751 4383 1908 4456 οὗτος

315 4487 616 4555 ὑγιαίνει.»
653 4486 764 4538 Καὶ
793 4486 1010 4554 ἐπάγει·
1045 4504 1063 4535 ι
1095 4483 1382 4554 Μακάριος
1409 4484 1551 4556 ἀνὴρ
1577 4485 1636 4550 ὃς
1661 4486 1908 4540 εἰσακού.

315 4579 482 4632 σεταί
513 4597 639 4650 μου,
671 4580 768 4632 καὶ
795 4577 1084 4648 ἄνθρωπος
1115 4576 1174 4641 ὃς
1202 4576 1301 4640 τὰς
1327 4578 1470 4645 ἐμάς
1495 4577 1718 4642 ἐντολὰς
1739 4577 1907 4648 φυλάο

314 4672 474 4736 Est.»
531 4671 640 4726 Kal.
688 4672 716 4723 6
761 4669 974 4734 Παῦλος
1025 4667 1310 4738 Τιμοθέῳ·
1363 4687 1381 4720 ι
1416 4669 1793 4739 Παραγγέλλω
1827 4689 1909 4732 σοι

251 4759 284 4818 .'
310 4760 559 4816 ἐνώπιον
603 4760 815 4829 Κυρίου
836 4799 852 4822 ,
906 4760 1147 4830 τηρῆσαί
1181 4777 1241 4813 σε
1277 4760 1373 4830 τὴν
1403 4759 1628 4830 ἐντολὴν
1654 4761 1908 4822 ἄσπιλον,

311 4853 715 4924 ἀνεπίληπτον.
745 4871 762 4904 ι
806 4853 917 4906 Καὶ
945 4851 1258 4922 Κορινθίοις
1280 4869 1294 4882 ·
1351 4871 1370 4904 ι
1407 4852 1648 4906 Ἐπαινῶ
1673 4853 1729 4904 δὲ
1763 4853 1908 4922 ὑμᾶς

309 4945 410 4999 ὅτι
457 4941 692 4995 πάντοτέ
745 4959 846 5011 μου
895 4941 1178 5013 μέμνησθε
1203 4981 1218 5004 ,
1265 4943 1362 4996 καὶ
1395 4940 1580 5006 καθὼς
1614 4943 1910 5014 παρέδωκα

313 5035 476 5104 ὑμῖν,
509 5034 608 5096 τὰς
640 5031 975 5102 παραδόσεις
1005 5031 1324 5102 κατέχετε.»
1359 5031 1530 5086 Τοῦτο
1554 5031 1614 5084 δὲ
1646 5032 1905 5086 παιδευό-

317 5126 469 5197 μεθα
518 5124 605 5178 διὰ
647 5124 826 5195 πάσης
872 5123 970 5194 τῆς
1011 5123 1164 5188 θείας
1191 5125 1454 5195 Γραφῆς,
1511 5125 1593 5178 ὅτι
1635 5125 1697 5178 οὐ
1743 5127 1906 5195 μόνον

311 5215 598 5285 ὀφειλέται
630 5215 828 5286 ἐσμὲν,
864 5217 964 5279 τὰς
1001 5215 1219 5280 ἐντολάς
1248 5217 1344 5271 τοῦ
1372 5217 1509 5270 Θεοῦ
1542 5221 1730 5289 τηρεῖν
1759 5220 1904 5273 ἁπα-

301 5293 600 5384 ’ραϐάτωᾳ
637 5309 774 5363 ἀλλὰ
805 5311 900 5362 καὶ
933 5309 1032 5372 τὰς
1062 5309 1168 5364 τῶν
1200 5311 1454 5380 πατέρων
1485 5310 1663 5380 ήμῶν,
1697 5312 1791 5363 καὶ
1821 5311 1902 5365 δι·-

310 5402 608 5459 δασθιάλων
655 5403 752 5457 καὶ
793 5403 1146 5473 ἡγουμένων.
1201 5402 1340 5472 μετὰ
1390 5401 1572 5473 πάσης
1615 5401 1903 5466 εὐλαϐείας

314 5493 602 5564 ἀτρώτους
655 5493 1060 5564 διαφυλάττειν.
1113 5493 1284 5564 Φησὶν
1332 5493 1390 5548 δὲ
1445 5494 1540 5546 καὶ
1589 5495 1617 5546 6
1659 5493 1897 5565 Κύριος’

320 5601 347 5638 ε
371 5583 562 5654 Ὑμεῖς
592 5583 734 5654 φίλοι
765 5589 872 5656 μού
890 5585 1160 5652 ἐστε,ὲὰν,
1196 5583 1233 5638 ἃ.
1258 5583 1370 5654 ἐγὼ
1396 5583 1715 5655 ἐντέλλομαι
1742 5585 1892 5654 ὑμῖν,

1038 5697 1084 5728 ⁸⁷
1113 5699 1310 5753 Ezech.
1349 5715 1497 5761 xvm,
1533 5699 1620 5752 Si.

1055 5769 1100 5800 "
1134 5769 1294 5826 Prov.
1329 5787 1404 5835 tv,
1437 5769 1506 5823 ‘20
1535 5767 1624 5824 ‘22.

397 5698 445 5730 “
475 5696 675 5752 Ezech.
723 5714 832 5760 xlv,
861 5698 912 5751 (ἰ.

326 5770 371 5806 τι
411 5767 571 5825 I‘rov.
603 5780 680 5826 Ill.
711 5766 801 5832 ει,
827 5767 914 5821 2-3.

1729 5697 1772 5727 τ’
1815 5697 1988 5753 Levit.
2035 5715 2162 5754 χχιι.
2219 5696 2308 5750 5|.

1695 5770 1740 5801 τ³
1774 5769 1956 5824 Ecclc.
1989 5785 2102 5832 vui,

2017 3207 2152 3262 dum
2181 3205 2286 3275 ipsi
2313 3203 2515 3258 decore
2549 3199 2716 3254 vitam
2754 3196 3132 3258 instituimus,
3167 3191 3368 3264 gaudio
3395 3188 3603 3243 diffun-

2016 3299 2204 3364 datur,
2254 3295 2417 3350 nobis
2463 3291 2758 3348 sinceriter
2798 3286 3154 3346 viventibus:
3193 3283 3261 3338 ab
3296 3279 3448 3336 omni
3485 3287 3604 3334 tur-

2018 3391 2140 3445 bela
2173 3385 2597 3454 interquiescat,
2631 3381 2804 3451 probe
2833 3379 2996 3434 nobis
3032 3393 3098 3432 ac
3125 3375 3328 3447 pudice
3349 3372 3604 3444 degenti-

2015 3481 2142 3546 bus,
2169 3477 2367 3548 dapsili
2387 3475 2552 3546 epulo
2581 3472 2790 3528 anobis
2812 3471 3140 3538 excipiatur,
3167 3467 3262 3536 qui
3294 3465 3477 3535 ipsum
3503 3463 3602 3518 de-

2015 3585 2284 3635 amamus,
2309 3569 2440 3623 dum
2462 3565 2624 3620 nobis
2650 3563 2879 3634 pulchre
2907 3573 3278 3631 temperamus
3305 3557 3374 3611 ab
3399 3555 3600 3608 immo-

2015 3665 2226 3724 deratis
2272 3660 2480 3718 eduliis
2528 3674 2592 3713 ac
2618 3654 2794 3712 sobrii
2834 3669 3046 3710 sumus.
3078 3649 3291 3722 1215
3325 3648 3381 3703 Si
3430 3647 3602 3717 igitur

2015 3756 2270 3816 aestuanti
2299 3769 2423 3812 cum
2462 3751 2686 3806 fervore
2735 3749 2804 3802 ad
2853 3747 2950 3802 Dei
2987 3744 3372 3800 mandatorum
3411 3739 3600 3809 imple

2016 3852 2219 3906 tionem
2282 3845 2638 3915 accingemur
2671 3880 2685 3904 ,
2743 3854 2949 3910 organa
2998 3850 3262 3892 sensuum
3347 3831 3598 3886 omnium

2013 3942 2274 4010 deinceps
2290 3937 2464 4009 gratia
2483 3935 2579 3991 Dei
2594 3931 2916 3988 illuminans
2936 3931 2990 3984 in
3006 3929 3124 3998 ipso
3146 3935 3271 3980 actu
3295 3921 3595 3986 sentiendi,

2013 4044 2230 4092 nostras
2252 4030 2472 4102 quidem
2490 4027 2664 4083 veluti
2682 4025 2973 4082 comburet
3000 4018 3382 4091 cogitationes,
3408 4022 3595 4069 nostra

2012 4139 2198 4184 autem
2223 4125 2421 4187 virtus,
2456 4136 2555 4176 cor
2577 4120 2756 4188 ipsum
2783 4116 2860 4170 ita
2888 4113 3090 4168 aﬂiciet
3119 4118 3180 4164 ut
3209 4122 3397 4164 secum
3431 4105 3596 4160 ratio-

2013 4220 2230 4276 cinetur
2265 4223 2319 4271 et
2339 4210 2614 4283 expendat
2643 4206 2965 4278 spirituales
2987 4201 3154 4258 animi
3178 4197 3594 4268 conceptiones,

2012 4326 2122 4365 non
2178 4308 2290 4378 jam
2343 4282 2647 4360 secundum
2706 4309 2954 4359 carnem,
2992 4293 3049 4346 in
3100 4287 3324 4361 paciﬁca
3357 4282 3593 4354 quadam

2017 4375 2260 4456 amicitia
2285 4403 2342 4450 et
2368 4394 2438 4448 ab
2461 4389 2612 4446 omni
2647 4388 2773 4443 fuco
2796 4387 3002 4439 aliena.
3035 4380 3316 4450 Scriptum
3337 4375 3484 4430 enim
3509 4381 3594 4428 est

1945 4460 1990 4516 Β
2019 4499 2073 4552 in
2105 4490 2460 4548 Proverbiis:
2492 4507 2508 4538 ι
2533 4485 2659 4550 Fili,
2686 4498 2755 4538 ne
2777 4477 3172 4552 prazteremuas
3199 4491 3214 4528 ι
3248 4468 3463 4528 custodi
3489 4483 3592 4522 an-

2008 4596 2120 4642 tem
2163 4581 2456 4640 consilium
2489 4592 2674 4632 meum
2705 4586 2762 4630 et
2785 4573 2956 4628 animi
2991 4571 3099 4625 mei
3135 4565 3491 4627 sententiam,
3529 4570 3592 4616 ut

2005 4680 2157 4734 vivat
2181 4675 2362 4730 anima
2411 4682 2506 4726 tua
2539 4678 2596 4724 et
2628 4666 2880 4722 ambules
2919 4661 3206 4719 confidens
3244 4659 3298 4712 in
3334 4671 3468 4726 pace
3493 4669 3592 4723 per

2005 4783 2200 4825 omnes
2222 4767 2342 4820 vias
2367 4772 2494 4818 tuas
2519 4777 2534 4814 :
2568 4758 2837 4813 Dominus
2865 4754 3014 4808 enim
3041 4751 3222 4805 aderit
3251 4748 3349 4802 tibi
3383 4747 3437 4800 in
3465 4759 3588 4800 om-

2004 4863 2170 4916 nibus
2201 4858 2309 4914 viis
2338 4853 2533 4910 tuis“.
2565 4851 2824 4904 r'lterum
2856 4864 2870 4901 :
2910 4865 2928 4897 ι
2956 4841 3186 4900 Custodi
3215 4839 3494 4897 mandata,
3517 4851 3591 4890 ne

2005 4944 2375 5009 obliviscaris,
2413 4939 2531 4996 noli
2565 4936 2856 5006 despicere
2887 4948 2950 4988 os
2983 4943 3192 4992 meum,
3226 4938 3284 4982 ct
3319 4941 3390 4980 ne
3415 4921 3590 4978 decli-

2010 5053 2109 5093 nes
2141 5052 2172 5091 a
2207 5029 2397 5091 verbis
2443 5033 2558 5088 oris
2586 5027 2717 5091 mei,
2738 5040 2921 5094 neque
2965 5021 3326 5088 derelinquas
3352 5013 3589 5070 manda-

2008 5140 2125 5182 tum
2159 5127 2286 5188 hoc,
2311 5132 2368 5179 et
2397 5119 2686 5193 adjuvabit
2708 5127 2781 5172 te.
2815 5116 2938 5178 Fili,
2973 5112 3162 5168 verbis
3195 5108 3333 5164 meis
3365 5121 3588 5162 accom-

2009 5219 2170 5274 moda
2209 5230 2420 5276 aurem,
2469 5221 2526 5267 et
2562 5208 2778 5266 custodi
2812 5209 2868 5262 in
2915 5205 3082 5263 corde
3129 5213 3249 5259 tuo.
3286 5201 3410 5257 Vita
3436 5199 3588 5256 enim

2002 5321 2090 5366 est
2127 5306 2641 5364 iuvenientibus'ea
2666 5344 2682 5368 ,
2715 5310 2774 5356 et
2821 5299 2973 5356 omni
3019 5295 3172 5353 cordi
3211 5293 3424 5350 sanitas
3453 5292 3522 5346 ".
3559 5310 3583 5343 ι

2007 5401 2077 5457 Et
2107 5401 2160 5455 in
2186 5398 2516 5454 Ecclesiaste
2552 5413 2564 5449 :
2607 5415 2626 5446 ‹
2673 5394 2775 5462 Qui
2826 5391 3066 5448 custodit
3097 5387 3442 5451 mandatum,
3474 5399 3587 5438 non

2006 5498 2299 5565 cognoscet
2322 5488 2550 5544 verbum
2579 5489 2780 5542 malum
2815 5505 2826 5538 :
2857 5485 2949 5555 qui
2977 5481 3219 5538 (ustodit
3244 5477 3584 5540 mandatum,

2006 5585 2098 5640 hic
2137 5597 2302 5638 sanus
2330 5591 2414 5635 est
2449 5582 2517 5634 ⁷³.
2554 5600 2571 5632 ι
2611 5579 2829 5634 Indueit
2868 5596 2879 5629 :
2926 5597 2942 5625 ε
2983 5576 3184 5630 Beatus
3211 5571 3297 5628 vir
3323 5568 3585 5628 exaudiet

2419 5697 2462 5728 ⁶⁹
2493 5695 2726 5750 Zachar.
2761 5709 2837 5760 tu,
2873 5696 2920 5749 ἶ.
3029 5691 3074 5721 ⁷ο
3097 5687 3277 5744 Levit.
3312 5702 3459 5753 xxvi,
3499 5688 3580 5744 1⁸2.
