4042 6444
462 260 469 266 ’
567 263 694 362 ml

1837 303 2204 366 ANTIOCHI
2247 307 2594 370 MONACIII

3655 326 3752 392 1m

559 423 675 474 me,
697 416 754 464 et
781 407 949 465 homo
989 409 1086 480 qui
1119 409 1235 466 vias
1279 427 1432 468 meas
1460 411 1740 468 custodiet
1781 413 1848 467 ⁷⁸.
1884 433 1902 464 ι
1939 414 2131 470 Paulus

2249 417 2570 487 ποιήσητε.»
2606 421 2713 474 Καὶ
2737 416 2896 486 αὖθις
2913 439 2925 452 ο
2962 441 2982 474 ι
3007 424 3136 478 Ἐὰν
3163 424 3259 490 τὰς
3285 427 3496 494 ἐντολάς
3514 449 3605 503 μου
3623 442 3754 511 τηρὴ-

561 497 856 555 Timotheo
885 519 902 556 ι
927 501 1226 572 ιΡτίεςίρίο
1253 501 1351 558 tibi
1374 520 1560 559 coram
1584 505 1842 568 Domino,
1866 515 1928 560 ut
1953 521 2142 562 serves

561 588 880 643 mandatum
914 591 1034 645 sine
1077 593 1288 648 macula
1312 593 1804 665 irreprehensibile
1833 597 1898 650 ⁷⁸.
1935 615 1953 648 ι
1990 596 2141 651 ldem

2250 523 2381 576 σητε
2403 549 2418 570 ,
2477 513 2692 579 μενεῖτε
2734 514 2793 566 ὲν
2823 517 2890 585 τῇ
2919 515 3112 588 ἀγάπῃ
3141 535 3244 588 μου
3269 536 3281 548 ·
3336 521 3512 588 καθὼς
3532 526 3666 595 κάγὼ
3684 531 3758 597 τὰς

2248 601 2475 666 ἐντολὰς
2505 606 2601 658 τοῦ
2632 605 2849 676 Πατρζς
2877 625 2980 678 μου
3008 613 3327 682 τετήρηκα,
3373 616 3465 670 καὶ
3497 617 3625 688 μένω
3647 624 3694 674 ὲν
3708 629 3760 698 τῇ

558 679 866 738 Corinthiis
896 698 911 738 :
949 701 967 735 ι
1005 683 1196 744 Laudo
1221 694 1408 742 autem
1437 688 1588 758 quod
1620 703 1840 759 semper
1871 687 2008 745 estis
2027 703 2131 744 me-

2251 693 2446 764 ἀγάπῃ
2473 695 2693 750 αὐτοῦ.»
2729 697 2891 770 Αὐτῷ
2917 701 2950 772 ἠ
2977 700 3108 766 δόξα
3238 705 3365 768 τοὺς
3387 679 3758 785 αἰῶναςΩΑμήνῗ

559 788 784 840 mores,
819 785 876 830 et
925 778 1073 834 sicut
1118 779 1318 834 tradidi
1375 781 1557 845 vobis,
1618 782 1949 836 traditiones
2021 782 2226 838 tenetis
2253 784 2322 840 ⁷⁸.
2362 805 2379 837 ι
2413 787 2557 854 Quin
2617 799 2675 845 et
2730 790 2840 848 hoc
2872 809 2976 850 nos
3005 795 3244 851 edocent
3273 797 3472 856 divina:
3523 778 3765 874 Scriptura

560 879 775 933 omnes,
817 883 931 924 non
987 871 1243 926 mandata
1290 872 1386 926 Dei
1434 873 1615 928 solum
1661 871 1826 928 nobis
1873 880 2141 944 perpetuo
2177 873 2467 931 observari
2503 877 2732 945 debere,
2799 883 2900 938 sed
2951 892 3010 940 et
3049 885 3276 941 Patrum
3321 871 3645 956 nostrorum,
3688 895 3766 951 do-

560 968 783 1017 ctorum
818 978 884 1019 ac
913 966 1332 1034 prepositorum
1365 976 1641 1038 praecepta
1673 983 1798 1023 eum
1819 967 1970 1022 omni
1997 965 2256 1024 cautione
2279 969 2678 1029 inviolabiliter
2742 983 3004 1034 tenemur
3067 981 3372 1038 custodire.
3431 983 3521 1040 Ait
3576 986 3770 1062 denique

558 1052 831 1112 Dominus
868 1073 882 1111 :
921 1077 941 1110 ‹
979 1059 1092 1115 Vos
1119 1059 1282 1116 amici
1315 1061 1426 1116 mei
1467 1061 1624 1126 estis,
1659 1063 1705 1118 si
1740 1061 1988 1118 feceritis
2010 1077 2134 1134 qua;
2169 1077 2272 1135 ego
2340 1067 2606 1138 praecipio
2641 1069 2804 1128 vobis
2849 1073 2923 1127 ".
2973 1092 2995 1124 ι
3044 1073 3266 1131 Rursus
3305 1093 3321 1131 :
3392 1096 3412 1130 ι
3459 1077 3515 1133 Si
3545 1052 3770 1156 praecepta

559 1165 681 1205 mea
733 1154 1111 1220 servaveritis,
1163 1157 1464 1212 manebitis
1515 1157 1570 1212 in
1618 1158 1921 1213 dilectione
1979 1172 2137 1214 mea:
2176 1158 2324 1214 sicut
2353 1170 2411 1215 et
2438 1177 2542 1233 ego
2567 1174 2848 1237 praecepta
2905 1166 3088 1222 Patris
3147 1168 3258 1226 mei
3284 1171 3518 1237 servavi,
3541 1181 3592 1228 et
3617 1154 3772 1234 maneo

561 1241 619 1297 in
649 1243 769 1314 ejus
797 1241 1099 1298 dilectione
1133 1244 1200 1298 τε.
1244 1264 1262 1296 ι
1299 1243 1408 1316 lpsi
1448 1247 1624 1317 gloria
1655 1247 1712 1303 in
1750 1248 1948 1305 saacula
1975 1247 2332 1303 saeculorum.
2357 1249 2555 1308 Amen.

1119 1352 1406 1410 HOMILIA
1429 1355 1588 1412 CXV.

1077 1464 1156 1519 De
1194 1467 1622 1523 mansuetudine.

625 1578 993 1638 Mansuetudo
1029 1582 1360 1652 obsequenti
1405 1584 1672 1640 famulatu
1707 1585 1940 1656 gratiam
1987 1601 2141 1641 eme-

2845 1369 3068 1424 ΔΟΓΟΣ
3092 1371 3244 1427 Ρ1Ε⁹.

2769 1481 2910 1548 Περὶ
2943 1483 3309 1551 πραότητος.

2325 1585 2392 1638 Ἥ
2423 1587 2668 1658 πραότης
2701 1589 2999 1662 θεραπεύει
3027 1593 3092 1649 τὸ
3119 1595 3300 1652 Θεῖον.
3334 1596 3450 1652 Καὶ
3472 1599 3576 1671 γὰρ
3598 1601 3625 1653 6
3645 1602 3774 1657 Μωῦ-

557 1679 716 1728 retur
753 1673 999 1730 divinam
1045 1676 1146 1748 (Ι).
1176 1676 1354 1732 Moses
1398 1678 1607 1733 etenim
1649 1678 1870 1736 Domini
1901 1678 2131 1735 famulus

2245 1675 2346 1746 σῆς
2369 1677 2459 1732 διὰ
2486 1679 2545 1732 τὸ
2570 1677 2710 1735 εἶναι
2726 1683 2892 1738 αὐτὸν
2918 1687 3230 1758 πραότατον
3253 1689 3409 1758 παρὰ
3430 1692 3643 1759 πάντας,
3659 1694 3774 1766 Bapti-

555 1765 868 1830 promeruit
907 1765 1038 1833 dici,
1073 1767 1222 1837 quod
1258 1775 1490 1824 caeteros
1516 1785 1712 1824 omnes
1755 1771 1956 1826 eximia
1984 1787 2131 1826 man-

2241 1743 2360 1822 πων
2379 1769 2518 1823 Θεοῦ
2549 1773 2780 1844 ἐκλήθη,
2812 1777 2910 1830 καὶ
2934 1743 3194 1844 θεοπτίας
3217 1743 3363 1852 ὑπὲρ
3389 1743 3770 1856 πάντας

555 1857 852 1913 suetudine
879 1859 1338 1930 antegrederetur
1369 1879 1382 1915 :
1411 1869 1578 1932 atque
1610 1862 1740 1918 hinc
1775 1863 1871 1918 Dei
1899 1863 2134 1930 visione,

555 1963 724 2018 supra
770 1959 1005 2006 cunctos
1049 1953 1353 2022 prophetas
1391 1953 1592 2024 dignus
1635 1953 1862 2010 habitus
1898 1965 2010 2022 est;
2060 1956 2139 2012 ait

553 2040 702 2092 enim
740 2056 803 2092 ε(
846 2041 918 2096 At
961 2059 1071 2098 non
1108 2045 1232 2100 talis
1260 2045 1405 2100 sicut
1433 2047 1677 2104 famulus
1717 2064 1874 2105 meus
1900 2050 2134 2122 Moyses,

553 2147 652 2188 ore
682 2134 750 2188 ad
773 2149 835 2189 os
868 2133 1066 2206 loquor
1093 2138 1144 2192 ei
1178 2139 1240 2192 “’9.
1282 2157 1301 2190 ι
1329 2139 1474 2206 Quin
1509 2149 1568 2196 et
1599 2141 1824 2211 quidam
1857 2143 2136 2198 temerarii

552 2223 914 2280 vehementer
941 2241 1006 2283 ac
1045 2226 1304 2298 improbi,
1343 2245 1469 2285 eum
1509 2230 1779 2290 adversus
1814 2249 1940 2288 eum
1969 2243 2137 2304 atque

550 2311 828 2370 Aaronem
859 2317 1262 2375 contentiosius
1287 2321 1641 2377 coorirentur
1667 2339 1768 2394 pro
1801 2341 2017 2381 summo
2045 2341 2138 2381 sa-

551 2406 805 2464 cerdotio
823 2418 878 2464 et
897 2411 1341 2481 gentisJudaicze
1365 2414 1704 2486 principatu,
1733 2417 1884 2471 omni
1901 2433 2136 2488 prorsus

551 2499 854 2556 ambitione
890 2511 988 2557 aut
1016 2502 1216 2559 eﬁ'eetu
1262 2503 1486 2575 imperii
1511 2506 1568 2560 in
1592 2515 1812 2576 gentem
1858 2505 2134 2563 retinendi

551 2605 611 2650 se
637 2589 937 2647 declaravit
963 2594 1333 2665 superiorem,
1359 2582 1614 2666 nihilque
1636 2606 1930 2654 cunctatus
1945 2598 2136 2670 populi

548 2679 960 2751 praefecturam,
1001 2685 1100 2741 Dei
1145 2685 1381 2742 cedebat
1409 2686 1648 2758 judicio.
1684 2687 1902 2762 1216
1920 2689 2136 2745 Rursus

550 2773 776 2841 quando
813 2776 1082 2833 adversus
1131 2793 1258 2833 eum
1308 2779 1628 2852 congregati
1661 2789 1822 2847 sunt,
1869 2780 2158 2852 quodque'

551 2863 762 2934 primas
791 2876 1138 2938 occupasset,
1183 2885 1310 2924 cum
1340 2870 1548 2940 probro
1581 2878 1638 2926 et
1669 2871 2004 2928 contumelia
2034 2873 2135 2928 ob-

545 2956 830 3028 jicientcs,
870 2959 1396 3022 interminabantur,
1432 2971 1486 3016 et
1525 2963 1638 3032 jam
1687 2962 1744 3017 in
1789 2978 1917 3018 eum
1958 2980 2132 3036 prope

551 3047 904 3114 insilieraut;
937 3056 1222 3105 tantacum
1248 3061 1546 3120 urgeretur
1585 3054 1936 3120 necessitate,
1968 3072 2127 3111 exer-
2155 3079 2200 3140 ο

527 3135 604 3192 ἰε
638 3155 770 3194 voce
805 3141 1064 3195 clamavit
1091 3143 1569 3198 mansuetissimus
1591 3143 1658 3198 ad
1694 3144 1994 3216 benignum
2017 3147 2128 3202 Do-

549 3232 782 3296 minum,
826 3234 930 3289 sibi
961 3242 1022 3289 ut
1075 3242 1224 3289 esset
1273 3234 1338 3289 ad
1387 3235 1624 3291 salutem
1663 3237 1806 3292 :sed
1859 3248 1916 3294 et
1952 3237 2128 3296 Deum

546 3326 852 3396 propitium
901 3327 1014 3382 illis
1060 3327 1346 3394 reddebat,
1382 3328 1574 3385 dicens
1613 3347 1626 3383 :
1672 3351 1691 3382 ‹
1727 3330 2011 3402 Siquidem
2041 3333 2128 3388 di-

547 3418 724 3473 mittis
770 3419 880 3474 illis
909 3428 1228 3489 peecatum,
1263 3420 1518 3481 dimitte:
1557 3422 1640 3477 sin
1679 3431 1887 3489 autem,
1939 3435 1997 3480 et
2038 3442 2128 3482 me

543 3515 728 3570 deleto
757 3514 826 3570 de
847 3515 992 3569 libro
1013 3529 1178 3584 quem
1206 3515 1478 3586 scripsisti
1501 3517 1567 3570 ⁸ο.
1601 3535 1619 3568 ι
1651 3517 2128 3574 Mansuetissimus

543 3621 764 3676 quoque
788 3605 958 3660 David
995 3607 1275 3676 appetitus
1301 3623 1367 3662 ex
1397 3607 1614 3664 insidiis
1637 3627 1668 3664 a
1692 3607 1804 3663 lilio
1825 3609 2124 3672 Absalone,

541 3698 637 3768 qui
679 3706 735 3751 et
760 3697 1041 3768 propalam
1083 3697 1139 3752 in
1175 3698 1350 3768 patris
1390 3699 1656 3755 mulieres
1691 3701 1966 3756 nefarium
2023 3701 2126 3756 ad-

542 3789 690 3844 misit
725 3789 928 3852 scelus,
956 3789 1089 3844 dum
1112 3789 1293 3845 modis
1330 3790 1592 3848 omnibus
1633 3800 1848 3862 patrem
1879 3793 1946 3848 ad
1979 3810 2126 3849 mor-

543 3891 652 3936 tem
680 3891 941 3945 veuatur,
979 3895 1128 3944 vere,
1181 3881 1430 3952 inquam,
1468 3894 1794 3941 mansuetus
1837 3885 2010 3942 David
2035 3889 2126 3956 ju-

541 3982 684 4036 stus,
712 3988 818 4028 nec
862 3971 1030 4027 ullius
1069 3987 1282 4027 memor
1309 3983 1552 4044 acceptae
1583 3974 1822 4046 injuriae,
1859 3992 1960 4047 pro
1993 3993 2124 4048 par-

540 4063 716 4118 rieida
761 4065 1046 4119 luctuosas
1098 4063 1420 4119 eﬂundebat
1453 4065 1742 4137 lacrymas.
1789 4066 1904 4122 Nec
1938 4083 2121 4135 secus,

539 4171 666 4209 cum
702 4155 884 4211 Semei
919 4155 1302 4210 maledicentia
1332 4163 1390 4210 et
1411 4157 1799 4213 exsecratione
1829 4159 2009 4228 ipsum
2041 4161 2126 4215 in-

539 4257 780 4306 cesseret
813 4257 870 4302 et
898 4256 1184 4318 appeteret
1207 4248 1408 4304 crebro
1440 4250 1592 4320 jaetu
1641 4249 1890 4320 lapidum
1917 4292 1932 4318 ,
1981 4253 2122 4309 adeo

535 4341 678 4396 nihil
715 4341 982 4395 adversus
1008 4341 1161 4394 illum
1195 4341 1451 4412 concepit
1485 4341 1618 4407 irae,
1649 4349 1713 4397 ut
1738 4345 1904 4400 etiam
1945 4345 2122 4401 servis

534 4433 654 4487 suis
693 4431 748 4486 in
793 4431 943 4486 illius
980 4431 1218 4502 improbi
1258 4447 1450 4487 necem
1483 4431 1722 4488 stridore
1756 4435 1998 4505 quodam
2027 4453 2119 4508 ge-
2148 4419 2197 4480 D

531 4523 857 4585 stieutibus,
905 4522 1106 4578 dixerit
1144 4541 1158 4578 :
1200 4543 1220 4574 ‹
1261 4522 1442 4579 Sinite
1478 4539 1606 4580 eum
1653 4526 1992 4584 maledicere
2020 4529 2125 4584 Da-

533 4615 625 4670 vid
659 4615 724 4668 “.
781 4635 799 4667 ι
846 4615 1056 4670 Deeore
1102 4615 1271 4696 igitur
1311 4625 1368 4672 et
1413 4617 1705 4673 commode
1754 4619 1801 4674 is
1846 4619 2067 4678 dicebat
2103 4640 2116 4678 :

535 4729 560 4761 4
591 4710 886 4774 Memento,
918 4709 1148 4765 Domine
1172 4709 1365 4775 David,
1389 4718 1443 4764 et
1465 4711 1646 4767 omnis
1676 4715 2121 4773 mansuetudinis

525 4803 654 4872 ejus
678 4804 745 4856 θ’.
783 4821 801 4854 ι
834 4802 1070 4856 Abunde
1103 4802 1331 4872 quidem
1373 4803 1756 4874 exemplorum
1785 4805 1921 4859 mihi
1957 4807 2120 4862 indu-

527 4903 683 4946 ctum
733 4892 805 4947 sit
835 4893 889 4947 in
924 4908 1117 4946 eorum
1157 4892 1413 4963 gratiam,
1449 4893 1544 4962 qui
1588 4893 1840 4950 virorum
1879 4894 2112 4951 istorum

529 4984 692 5055 plane
737 4985 1152 5040 admirabilium
1201 4985 1477 5040 constanti
1513 4984 1812 5055 prudentia
1853 4991 2114 5058 permoti,

529 5077 736 5133 imitari
765 5079 1001 5150 cupiunt
1031 5079 1512 5135 mansuetudinem
1537 5089 1705 5150 atque
1735 5079 2115 5146 clementiam,

531 5179 594 5225 ut
627 5173 883 5229 cumillis
919 5174 1050 5230 olim
1079 5173 1310 5230 audiant
1343 5191 1356 5227 :
1391 5195 1408 5222 ι
1441 5173 1594 5229 Beati
1635 5173 1818 5239 mites,
1851 5175 2112 5246 quoniam

529 5261 634 5332 ipsi
674 5263 1000 5320 haereditate
1047 5265 1418 5336 possidebunt
1449 5273 1654 5320 terram
1685 5265 1990 5322 mansuetis
2022 5282 2114 5321 re-

530 5354 764 5426 positam
795 5355 862 5412 ⁷³.
897 5375 916 5409 ι
950 5357 1119 5425 Sane,
1147 5373 1272 5430 quae
1299 5357 1612 5414 secundum
1635 5358 1810 5414 Deum
1841 5367 1926 5413 est
1956 5373 2114 5413 man-

598 5491 649 5560 ῖδ
677 5490 839 5546 Prov.
881 5507 995 5560 vm,
1025 5491 1117 5548 δι.
1193 5495 1238 5526 ⁷⁵
1267 5495 1286 5550 l
1315 5493 1724 5560 Tini.\'|,i5,l4.

1802 5496 1896 5550 "°l
1935 5495 2062 5552 Cor.
2114 5513 2190 5562 XI,
2246 5495 2302 5550 2.

528 5559 575 5596 ’θ’
600 5559 776 5616 Exod.
801 5559 1078 5623 uxu.52.
1154 5565 1195 5598 ⁸¹
1229 5565 1268 5620 11
1301 5567 1434 5639 Reg.
1489 5585 1598 5630 xu,
1636 5567 1720 5621 10.
1796 5565 1843 5598 ⁸¹
1870 5567 2011 5622 Psal.
2045 5559 2224 5632 cxxxt,
2263 5567 2314 5620 l.

2239 1877 2338 1926 τας
2373 1862 2625 1931 ἠξίωται.
2681 1885 2701 1919 ι
2735 1867 2848 1939 Οὐχ
2883 1868 3059 1936 οὕτως
3097 1873 3230 1944 γὰρ,
3265 1874 3455 1944 φησὶν,
3495 1875 3566 1938 ὡς
3600 1876 3626 1928 6
3651 1877 3775 1950 θερά-

2241 1968 2360 2007 πων
2391 1955 2634 2025 Μωῡσῆς
2659 1997 2674 2017 ,
2727 1959 2906 2030 στόμα
2953 1962 3100 2016 κατὰ
3146 1964 3330 2030 στόμα
3363 1965 3582 2036 λαλήσω
3601 1967 3773 2038 αὐτῷ.»

2252 2046 2414 2101 Ἀλλὰ
2461 2050 2558 2102 καὶ
2607 2050 2699 2104 ὅτε
2747 2051 2888 2124 πρὸς
2931 2055 3100 2108 αὐτὸν
3147 2057 3244 2110 καὶ
3269 2057 3368 2111 τὸν
3405 2058 3610 2129 Ἀαρὼν
3638 2061 3776 2130 ίταμοί

2238 2155 2386 2202 τινες
2439 2139 2582 2212 ὑπὲρ
2655 2143 3076 2218 ἀρχιερωσύνης
3144 2148 3240 2201 καὶ
3295 2149 3590 2220 ἐθναρχίας
3651 2154 3778 2207 ἐπαν-

2238 2229 2476 2299 ἐστησαν
2489 2233 2946 2302 φιλονεικοῦντες,
2977 2237 3243 2310 ὑπερεῖχε
3279 2242 3406 2310 μεθ’
3433 2241 3640 2312 ἁπάσης
3663 2242 3777 2314 φιλο-

2237 2323 2450 2393 τιμίας,
2477 2325 2573 2378 καὶ
2595 2325 2914 2406 φιλαρχίας,
2940 2329 3036 2384 καὶ
3061 2332 3391 2404 παρεχώρει
3414 2333 3492 2404 τῷ
3511 2334 3622 2406 Θεῷ
3644 2337 3778 2407 κρείτ·

2236 2427 2316 2464 τω
2365 2413 2466 2484 τὴν
2506 2413 2602 2468 τοῦ
2637 2415 2768 2470 λαοῦ
2802 2421 3168 2488 προστασίαν.
3213 2423 3444 2494 Ἐπειδὴ
3473 2423 3526 2478 δὲ
3555 2427 3642 2479 καὶ
3660 2421 3780 2490 αὖθις

2247 2501 2695 2576 ἔπισυνήχθησαν
2721 2507 2892 2580 αὐτῷ,
2921 2512 3016 2564 καὶ
3040 2510 3172 2583 περὶ
3197 2513 3308 2566 τῶν
3337 2516 3620 2587 προτέρων
3637 2518 3783 2572 ὀνειδί-

2237 2587 2458 2652 ζοντες,
2506 2591 2768 2662 ἠπείλουν
2789 2637 2805 2662 ,
2858 2599 2955 2652 καὶ
3003 2599 3105 2672 ἤδη
3150 2602 3344 2672 σχεδὸν
3379 2603 3608 2660 ἔπαισαν
3637 2606 3780 2670 αὑτὸν,

2235 2680 2523 2737 ὲπεὸοάτω
2555 2685 2655 2756 μὲν
2685 2687 2714 2739 6
2747 2691 2957 2760 πρᾶος,
3007 2691 3118 2746 τῶν
3150 2694 3384 2762 ἀγαθῶν
3419 2697 3502 2761 εἷς
3531 2697 3780 2770 σωτηρίαν,

2234 2771 2400 2837 αὐτὸς
2425 2773 2484 2828 δὲ
2509 2775 2600 2830 τὸν
2625 2778 2760 2832 Θεὸν
2819 2780 2962 2852 ὑπὲρ
3033 2783 3216 2839 αὐτῶν
3259 2785 3604 2852 ίλεοποιεῖτο,
3626 2789 3780 2859 λέγων·

2241 2885 2260 2918 ι
2290 2861 2353 2918 Et
2384 2867 2483 2938 μὲν
2513 2869 2660 2940 ἀφῇς
2691 2871 2880 2937 αὐτοῖς
2907 2873 3008 2945 τὴν
3035 2876 3344 2949 ἁμαρτίαν,
3378 2879 3546 2950 ἄφεςο
3575 2881 3686 2936 είδὲ
3706 2883 3781 2954 μὴ,

2235 2955 2382 3023 κάμὲ
2431 2957 2720 3030 ὲξάλειψον
2770 2961 2836 3015 ἐκ
2878 2963 2981 3034 τῆς
3024 2965 3212 3036 βίϐλου
3261 2965 3337 3042 ἧς
3376 2971 3666 3044 ἔγραψας.»
3700 2973 3782 3028 Καὶ

2232 3045 2262 3098 6
2308 3049 2617 3119 πραότατος
2668 3051 2872 3121 Δαυῖδ,
2927 3057 3352 3124 ἐπιϐουλευθεὶς
3398 3065 3553 3136 παρὰ
3579 3064 3664 3120 τοῦ
3692 3065 3782 3120 υἱοῦ

2231 3139 2399 3194 αὑτοῦ
2449 3143 2832 3214 ἐργασαμένου
2896 3150 3204 3221 ἀναφανδὸν
3258 3153 3324 3208 τὸ
3379 3157 3540 3226 μῖσος
3601 3159 3673 3221 είς
3710 3159 3784 3222 τὰς

2229 3230 2398 3284 αὑτοῦ
2449 3237 2740 3304 γυναῖκας,
2782 3240 2880 3294 καὶ
2927 3241 3225 3314 ζητοῦντος
3269 3246 3444 3301 αὐτὸν
3485 3250 3784 3316 ἀποκτεῖναι,

2228 3323 2257 3376 6
2289 3323 2507 3396 ἀληθῶς
2538 3331 2714 3399 πρᾶος
2761 3334 2857 3387 καὶ
2887 3334 3122 3402 δίκαιος,
3159 3339 3257 3394 καὶ
3285 3338 3636 3407 ἀνεξίκακος,
3671 3343 3785 3414 ὑπὲρ

2229 3415 2396 3468 αὐτοῦ
2425 3417 2668 3491 ἐθρήνει.
2703 3423 2938 3494 Ὁμοίως
2968 3427 3186 3482 καὶτοῦ
3217 3430 3398 3500 Σεμεῒ
3429 3434 3786 3506 καταρωμένου

2227 3507 2431 3575 αὖτὸν,
2484 3515 2580 3566 καὶ
2626 3513 2976 3584 λιθάζοντος,
3025 3521 3128 3575 οὐκ
3169 3522 3428 3598 ὠργίσθη
3481 3529 3601 3582 κατ’
3625 3529 3782 3596 αὐτοῦ,

2227 3602 2344 3656 ἀλλ’
2379 3601 2534 3660 εἷπεν
2579 3611 2692 3674 τοῖς
2737 3614 2926 3669 παισὶν
2967 3617 3136 3670 αὐτοῦ
3185 3617 3607 3692 διαπριομένοις
3650 3624 3786 3678 αὺτδν

2228 3696 2438 3752 ἀνελεῖν
2458 3716 2497 3767 ο,
2535 3719 2554 3752 ιι
2586 3702 2789 3772 ’Ἄφετε
2843 3707 3008 3762 αὑτὸν
3055 3713 3416 3783 καταρᾶσθαι
3449 3714 3542 3767 τὺν
3573 3715 3778 3770 Δαυΐδ.»

2227 3787 2468 3856 Εἰκότως
2493 3787 2588 3848 οὖν
2612 3795 2828 3863 ἔλεγενο
2873 3815 2892 3849 ‹
2919 3800 3232 3873 Μνήσθητι.
3267 3803 3477 3876 Κύριε,
3509 3807 3602 3860 τοῦ
3631 3807 3782 3868 Δαυῖδ.

2227 3882 2320 3935 καὶ
2373 3885 2556 3956 πάσης
2601 3887 2702 3960 τῆς
2742 3891 3059 3964 πραότητος
3095 3894 3288 3950 αὑτοῦ.
3319 3915 3340 3949 ι
3385 3899 3572 3953 Ἱκανὰ
3601 3900 3692 3970 μὲν
3710 3896 3783 3953 οὖν

2228 3975 2608 4048 ὑποδείγματα
2675 3981 2786 4036 τῶν
2845 3983 3155 4042 θεσπεσίων
3210 3987 3426 4043 τούτων
3479 3991 3680 4062 ἀνδρῶν
3731 3990 3784 4044 τὰ

2225 4069 2553 4139 φρονήματα
2633 4076 2746 4136 τοῖς
2781 4073 3132 4147 βουλομένοις
3165 4081 3523 4152 μιμήσασθαι
3554 4085 3612 4137 τὸ
3639 4086 3782 4154 πρᾶον

2223 4158 2406 4213 αὐτῶν
2441 4162 2534 4216 καὶ
2563 4163 2886 4232 ἀνεξίκακον
2905 4209 2920 4229 ,
2973 4169 3124 4234 ὅπως
3155 4173 3254 4225 σὺν
3281 4174 3479 4240 αὐτοῖς
3508 4176 3779 4230 ἀκούσωσιν

2224 4251 2374 4323 παρὰ
2405 4254 2500 4308 τοῦ
2529 4257 2738 4329 Κυρίου
2764 4277 2778 4290 ·
2841 4279 2860 4309 ι
2891 4262 3174 4335 Μακάριοι
3207 4267 3256 4318 ei
3287 4272 3518 4339 πραεῖς,
3548 4270 3628 4322 ὅτι
3653 4269 3780 4322 αὐτοὶ

2223 4343 2730 4418 κληρονομήσουσιν
2783 4351 2886 4424 τὴν
2935 4354 3046 4408 τῶν
3092 4357 3320 4427 πραέων
3369 4361 3500 4430 γῆν.
3539 4381 3558 4414 ι
3610 4360 3778 4430 Ἦγὶρ

2224 4437 2371 4492 κατὰ
2413 4437 2546 4496 Θεὸν
2589 4443 2858 4514 πραότης,
2899 4445 3065 4517 ἔργον
3097 4449 3218 4501 ἐστὶ
3255 4449 3585 4524 θεάρεστον,
3622 4453 3778 4506 ἐνυπὸ-

2223 4547 2426 4585 τακτον
2449 4547 2466 4560 ’
2527 4551 2546 4584 ι
2589 4534 2716 4588 Ἐπὶ
2743 4535 2862 4589 τίνα
2888 4539 3020 4608 γὰρ,
3050 4541 3236 4612 φησὶν,
3269 4543 3587 4615 ὲπιόλέψω,
3629 4543 3775 4612 ἀλλ’ἢ

2224 4623 2320 4676 ἐπὶ
2364 4623 2459 4678 τὸν
2501 4627 2760 4681 ταπεινὸν
2801 4629 2894 4682 καὶ
2931 4633 3108 4702 πρᾶον
3142 4635 3240 4688 καὶ
3269 4635 3522 4706 ἡσύχιον,
3563 4637 3652 4689 καὶ
3677 4635 3775 4705 τρέ-

2227 4716 2398 4786 μοντά
2430 4733 2534 4788 μου
2557 4719 2684 4782 τοὺς
2707 4718 2937 4789 λόγους;
2963 4741 2981 4774 ι
3013 4723 3236 4796 Τερπνὴ
3267 4725 3370 4796 μὲν
3395 4727 3620 4798 θεωρία,
3639 4727 3775 4796 γαλη-

2221 4807 2394 4861 νιῶσα
2445 4807 2696 4864 θάλασσα
2717 4850 2734 4876 ,
2790 4811 2918 4866 ἀλλ’
2961 4815 3061 4868 οὐκ
3096 4816 3246 4871 ἔστιν
3280 4820 3624 4892 τερπνοτέρα
3652 4821 3772 4889 εἰρη-

2221 4901 2381 4969 νικῆς
2409 4903 2819 4966 καταστάσεως·
2859 4902 3211 4978 γαληνιώσης
3241 4909 3340 4978 μὲν
3367 4911 3482 4982 γὰρ
3510 4911 3768 4976 θαλάσσης.

2223 4991 2597 5058 ἐγκυόιστῶσι
2626 4988 2895 5062 δελφῖνοι·
2951 4997 3204 5068 εἰρηνικῇ
3238 5000 3295 5054 δὲ
3326 5002 3677 5065 καταστάσει,
3708 5003 3768 5053 ἐν·

2217 5081 2436 5150 ηχεῖται
2468 5081 2692 5152 ῥήματα
2723 5083 2997 5155 εὐπρεπῆ.
3051 5087 3221 5155 Φησὶν
3246 5088 3306 5141 δὲ
3334 5090 3431 5143 καὶ
3457 5093 3486 5144 6
3514 5088 3765 5151 Ἰάκωϐος⁸

2221 5189 2241 5220 σ
2265 5173 2616 5243 Ἀποθέμενοι
2648 5174 2833 5230 πᾶσαν
2856 5176 3058 5232 κακίαν
3091 5179 3185 5233 καὶ
3211 5182 3517 5253 ῥυπαρίαν,
3544 5186 3600 5237 ἐν
3619 5182 3766 5253 πρᾳΰ-

2215 5281 2340 5336 τητι
2373 5265 2508 5338 [τῆς
2537 5267 2806 5344 καρδίας]
2837 5269 3064 5338 δέξασθε
3096 5273 3188 5326 τὸν
3220 5273 3464 5344 ἔμφυτον
3493 5276 3663 5344 λόγον,
3693 5271 3766 5326 τὸν

2211 5356 2512 5428 δυνάμενον
2546 5359 2720 5412 σῶσαι
2753 5359 2856 5426 τὰς
2886 5361 3066 5434 ψυχὰς
3097 5363 3273 5435 ὑμῶν.
3297 5385 3316 5416 ι
3335 5366 3395 5420 '0
3427 5365 3487 5419 δὲ
3522 5360 3764 5442 Ὑμνῳδδς

2379 5493 2644 5620 ’ἔρὲιιὶιὼ
2659 5510 2750 5620 3:,
2781 5496 2866 5622 l‘d.
2943 5499 2991 5532 ⁷³
3027 5499 3160 5554 ibid.
3193 5501 3284 5556 l0.
3358 5503 3403 5536 τ’
3429 5497 3759 5564 Num.xu,8-.

2527 5581 2556 5618 a
2652 5605 2665 5619 .
2734 5607 2749 5622 .
2821 5606 2834 5621 .

2527 5581 2665 5619 aun.
2699 5581 2749 5632 ν,
2781 5581 2834 5622 4.

2070 5679 2304 5734 NOTAE.

2070 5680 2115 5734 Ν
2167 5679 2304 5734 TJE.

604 5765 681 5840 (ί)
710 5767 834 5828 llaec
860 5768 1054 5826 eadem
1089 5769 1256 5827 habet
1283 5770 1338 5828 S.
1369 5771 1594 5845 Diouys.
1628 5772 1830 5846 Arcep.
1863 5774 2028 5848 epist.
2054 5679 2216 5842 8,(ἒιᾶ
2243 5771 2626 5843 Demophilum
2661 5775 3014 5850 monachum,
3043 5779 3118 5836 De
3145 5779 3504 5853 benignitate.
