4042 6464
351 408 488 475 11⁵93

1363 401 1686 462 110mm
1729 401 1902 462 exn
1952 426 2018 435 —-
2051 401 2146 462 DE
2171 365 2616 462 ‘PATIENTIA.

3506 395 3616 466 ται

351 517 552 573 Δαυῖδ·
597 538 618 567 ι
639 511 1071 583 Ἀναλαμϐἀνων
1109 513 1306 582 πραεῖς
1335 512 1364 564 6
1393 511 1628 582 Κύριος·
1663 510 1929 565 ταπεινῶν

2039 511 2296 577 suetudo,
2327 511 2442 566 Deo
2479 510 2584 581 ipsi
2627 508 2869 580 gratiosa
2910 518 2996 566 est
3027 519 3082 566 et
3111 526 3378 583 perquam
3408 515 3619 570 amabi-

349 612 408 666 δὲ
435 607 797 682 ἁμαρτωλοὺς
829 606 932 668 ἕως
961 604 1084 674 γῆς.
1111 623 1130 654 ι
1167 604 1272 656 Καί
1299 619 1313 633 ο
1354 624 1372 656 ι
1415 603 1704 676 Ὀδηγήσει
1737 605 1930 674 πραεῖς

348 705 411 758 ὲν
437 701 642 773 κρίσει,
677 697 880 764 διδάξει
909 697 1063 758 ὁδοὺς
1093 695 1318 748 αὐτοῦ.»
1359 695 1470 748 Καὶ
1501 695 1692 756 ἄλλος’
1739 713 1756 744 ι
1787 694 1931 748 Λαὸν

348 795 536 867 πραῢν
561 791 726 846 σώσει
747 791 975 860 Κύριος,
999 789 1310 858 ὀφθαλμοὺς
1333 787 1391 839 δὲ
1411 785 1688 840 ταπεινῶν
1707 783 1892 838 σώτει.
1906 805 1924 836 ι

359 888 421 941 '0
449 887 507 940 δὲ
539 884 743 954 ἀγαθὸς
771 882 930 954 ἡμῶν
956 880 1160 952 Κύριος
1181 897 1195 911 ·
1240 881 1480 950 ι”Αρατε
1511 879 1601 932 τὸν
1631 877 1794 945 ζυγόν
1825 894 1930 948 μου

347 977 434 1046 ἐφ’
463 977 644 1048 ὑμᾶς,
695 975 791 1029 καὶ
844 971 1048 1044 μάθετε
1099 973 1194 1024 ἀπ’
1225 969 1398 1040 ἐμοῦ,
1459 971 1542 1022 ὅτι
1592 969 1766 1040 πρᾶός
1815 969 1932 1039 είμι

349 1071 448 1124 καὶ⁵
484 1067 741 1131 ταπεινὸς
788 1071 854 1138 τῇ
893 1065 1092 1136 καρδία
1115 1105 1129 1127 ,
1183 1055 1277 1116 καί
1323 1061 1587 1132 εὑρήσετε
1623 1062 1930 1114 ἀνάπαυσιν

345 1165 468 1226 ταῖς
517 1161 720 1232 ψυχαῖς
762 1157 938 1228 ὑμῶν.
998 1157 1054 1208 Ὀ
1080 1154 1188 1226 γὰρ
1221 1151 1386 1222 ζυγός
1415 1170 1516 1224 μου
1543 1153 1800 1224 χρηστὸς,
1835 1153 1932 1206 καὶ

345 1254 412 1308 τὸ
460 1255 679 1324 φορτίον
729 1269 832 1321 μου
883 1248 1140 1320 ἐλαφρόνο
1164 1249 1334 1301 ἐστιν.
1367 1267 1384 1299 ι
1441 1245 1600 1318 Λύτῷ
1632 1247 1666 1317 ἡ
1693 1245 1818 1310 δόξα
1849 1247 1930 1309 εἰς

345 1345 478 1407 τοὺς
509 1345 730 1407 αίῶνας.
781 1344 974 1414 Ἀμήν.

2035 603 2124 658 lis.
2157 603 2247 658 Ait
2273 603 2422 658 enim
2452 621 2465 655 :
2501 623 2518 653 ι
2548 603 2630 657 Ad
2653 617 2817 673 quem
2869 603 3159 672 respiciam
3189 605 3297 660 nisi
3333 605 3401 660 ad
3429 605 3618 662 humi-

2033 691 2143 748 lem
2176 700 2233 748 et
2260 702 2609 748 mansuetum
2639 701 2694 749 et
2731 693 3008 763 quietum,
3039 710 3104 749 ac
3135 705 3462 751 trementem
3493 713 3618 752 scr-

2037 801 2234 841 mones
2263 801 2418 840 meos
2445 785 2533 840 8"?
2567 805 2586 838 ι
2622 785 2875 842 Jucunda
2915 802 3049 842 sane
3095 804 3259 858 quam
3289 797 3376 844 cst
3403 789 3618 860 paciﬁci

2037 887 2214 932 status
2253 877 2650 948 contemplatio
2703 877 2800 950 (l).
2849 877 3163 936 Constratis
3211 881 3416 936 ctenim
3450 883 3619 938 maris

2036 969 2318 1033 ﬂuctibus,
2372 969 2665 1040 delphines
2712 986 2888 1040 prono
2947 971 3002 1025 in
3035 989 3225 1041 aequor
3255 974 3434 1044 capite
3473 973 3620 1029 desi-

2037 1063 2240 1117 lienles
2265 1062 2561 1116 urinantur
2578 1071 2636 1116 et
2659 1061 2765 1116 adn
2777 1073 2891 1117 ant.
2917 1061 3066 1117 Ordo
3089 1057 3391 1134 tranquilla
3409 1064 3462 1118 in
3486 1080 3618 1134 pace

2035 1151 2081 1206 si
2105 1163 2212 1216 est,
2238 1167 2523 1206 sermones
2553 1152 2773 1207 abunde
2803 1143 3184 1218 etfunduntur,
3215 1153 3404 1209 decori
3430 1155 3622 1210 admo-

2036 1243 2168 1298 dum
2217 1253 2269 1298 et
2313 1245 2574 1300 modesti.
2613 1245 2702 1300 Ait
2750 1255 2936 1300 autem
2983 1255 3041 1302 et
3078 1247 3318 1302 Jacobus
3356 1265 3369 1300 :
3417 1267 3434 1300 ι
3464 1247 3621 1318 Ahji-

2035 1336 2250 1392 cientes
2303 1351 2524 1391 omnem
2575 1338 3022 1404 immunditiam,
3073 1340 3129 1392 in
3191 1341 3619 1397 mansuetudine

346 1437 616 1508 suscipite
648 1435 874 1491 insitum
905 1435 1140 1490 verbum
1207 1433 1359 1503 quod
1425 1441 1610 1504 potest
1672 1431 1886 1488 salvare
1947 1430 2162 1486 animas
2205 1437 2422 1484 vestras
2466 1427 2535 1484 ⁸⁸.
2595 1450 2614 1482 ι
2680 1430 3026 1502 Hymnorum
3079 1437 3265 1504 regius
3316 1448 3618 1492 concentor

344 1531 568 1587 David:
619 1549 636 1581 ι
681 1527 999 1598 Suscipiens
1049 1534 1371 1582 mansuetos
1408 1525 1696 1588 Dominus,
1747 1523 2050 1580 humilians
2113 1532 2300 1578 autem
2339 1531 2661 1593 peccatores
2726 1539 2901 1594 usque
2969 1523 3038 1578 ad
3087 1533 3294 1581 terram
3324 1527 3392 1582 ⁸⁸.
3431 1546 3450 1579 ›
3505 1529 3615 1584 Et:

354 1643 375 1676 ι
411 1620 647 1678 Docebit
683 1622 846 1674 mites
875 1621 994 1674 vias
1031 1634 1162 1673 suas
1187 1619 1257 1672 ⁸⁷.
1303 1637 1322 1669 ι
1359 1617 1514 1672 Alius
1553 1634 1564 1668 :
1601 1637 1620 1668 ‹
1656 1616 1928 1685 Populum
1967 1615 2234 1670 humilem
2297 1615 2511 1671 salvum
2537 1614 2703 1670 faciet
2758 1615 3045 1681 Dominus,
3079 1618 3271 1674 oculos
3303 1629 3486 1676 autem
3517 1637 3616 1676 su-

345 1714 650 1784 perborum
695 1710 1014 1786 humiliabit
1078 1711 1148 1764 ⁸³.
1197 1729 1217 1761 ι
1273 1708 1380 1764 Sed
1435 1717 1492 1763 et
1539 1709 1814 1779 benignus
1885 1707 2002 1776 ipse
2040 1707 2310 1761 Dominus
2363 1716 2552 1761 noster
2592 1721 2608 1760 :

2662 1725 2680 1756 ‹
2732 1705 2933 1762 Tollite
2982 1710 3174 1780 jugum
3223 1727 3407 1766 meum
3450 1727 3620 1782 super

351 1825 476 1872 vos,
520 1817 578 1862 et
621 1805 818 1862 discite
866 1821 897 1860 a
930 1821 1018 1860 me
1067 1805 1197 1875 quia
1245 1805 1398 1860 mitis
1445 1819 1566 1860 sum
1615 1811 1672 1858 et
1709 1802 1936 1857 humilis
1974 1801 2184 1866 corde,
2222 1813 2279 1857 et
2332 1802 2630 1857 invenietis
2672 1787 2924 1870 requiem
3006 1800 3298 1857 animabus
3374 1803 3614 1873 vestris;

345 1903 535 1974 iugum
563 1900 712 1955 enim
741 1913 926 1953 meum
951 1913 1119 1953 suave
1145 1907 1251 1964 est,
1286 1906 1344 1953 et
1377 1881 1672 1953 onus'leve
1694 1905 1781 1951 est
1798 1895 1864 1949 ⁸⁸.
1897 1915 1914 1945 ι
1957 1893 2066 1964 Ipsi
2097 1895 2268 1964 gloria
2299 1895 2354 1950 in
2388 1895 2607 1951 smcula.
2634 1894 2832 1950 Amen.

940 2011 1162 2066 Aoroz
1197 2009 1362 2078 Ptq'.

531 2127 671 2196 Περὶ
704 2127 810 2182 τοῦ
840 2127 1175 2182 ἀδικεῖσθαι
1203 2165 1218 2191 ,
1261 2125 1361 2182 καί
1385 2125 1472 2196 μὴ
1501 2125 1754 2181 ἀδικεῖν.

425 2301 564 2370 Περὶ
591 2301 686 2354 τοῦ
723 2299 798 2370 μὴ
827 2299 1033 2352 ἀδικεῖν
1067 2301 1094 2353 6
1126 2299 1357 2362 παλαιὸς
1387 2297 1550 2370 νόμος
1581 2297 1929 2368 προστάττει.

351 2398 486 2467 Περὶ
533 2397 590 2449 δὲ
627 2388 1078 2449 τούάδικεῖσθαι
1140 2395 1234 2449 καὶ
1313 2396 1688 2466 εὐχαριστεῖν,
1738 2396 1767 2449 6
1813 2395 1934 2460 νέος

353 2487 795 2558 παρακελεύεται
824 2526 840 2551 ,
907 2487 1111 2557 μᾶλλον
1139 2485 1196 2538 δὲ
1237 2487 1265 2538 6
1297 2485 1388 2538 τοῦ
1419 2485 1585 2555 νόμου
1615 2485 1930 2556 πληρωτὴς,

344 2579 432 2642 είς
477 2578 794 2646 τελειότητα
845 2577 942 2630 καὶ
989 2576 1268 2630 υἱοθεσίαν
1317 2577 1468 2644 ἄγων
1498 2577 1590 2631 τὸν
1619 2576 1928 2648 ἄνθρωπον.

353 2689 374 2721 ι
406 2669 628 2724 Γίνεσθε
651 2669 782 2740 γὰρ,
807 2670 997 2740 φησὶν,
1024 2667 1392 2739 οἰκτίρμονες,
1409 2668 1486 2732 ὡς
1512 2669 1540 2720 6
1564 2668 1753 2740 Πατὴρ
1778 2671 1932 2740 ὑμῶν

344 2763 380 2816 6
399 2761 651 2834 οὐράνιος
681 2760 983 2832 οἰκτίρμων
1015 2761 1186 2815 ἐστίν.
1215 2778 1234 2810 ι
1270 2760 1392 2831 Χρὴ
1416 2760 1598 2814 τοίνυν
1625 2761 1717 2814 τὸν
1745 2759 1932 2831 βουλό-

351 2873 516 2926 μενον
538 2853 802 2924 λαμπρὰν
825 2852 1198 2908 ἀναδύσασθαι
1222 2853 1404 2924 νίκην,
1429 2853 1506 2925 μὴ
1529 2853 1691 2924 μόνον
1715 2853 1931 2924 ὑϐριζό-

352 2965 516 3018 μενον
566 2946 661 3000 xui.
706 2945 1066 3016 ἀδικούμενον
1112 2946 1302 3016 φέρειν
1342 2945 1639 3014 γενναίως,
1675 2944 1811 3000 ἀλλὰ
1837 2945 1932 2998 καὶ

347 3039 576 3094 πλείονα
606 3039 872 3110 παρέχειν
899 3037 979 3110 τῷ
1007 3037 1308 3099 ἀδικοῦντι,
1339 3031 1415 3092 ὧν
1447 3037 1697 3108 βούλεται
1721 3039 1930 3090 λαὸεῖνο

346 3133 450 3186 καὶ
496 3131 624 3196 τοὺς
672 3132 835 3203 ὅρους
880 3131 982 3200 τῆς
1020 3130 1266 3200 πονηρᾶς
1295 3127 1594 3197 ἐπιθυμίας
1619 3128 1833 3182 ἐκείνου
1863 3129 1930 3198 τῇ

344 3223 600 3294 δαψιλείᾳ
630 3223 730 3290 τῆς
761 3220 973 3282 οἰκείας
1005 3220 1314 3292 ὑπερϐῆναι
1344 3219 1712 3289 φιλοτιμίας.»
1743 3219 1810 3272 '0
1837 3218 1930 3270 θὲ-

2446 2011 2658 2080 1217
2696 2008 2984 2066 IlOMlLlA
3021 1989 3204 2087 cxv't.

2033 2127 2304 2199 Injuriam
2337 2128 2472 2198 ferto
2516 2129 2805 2209 patienter,
2828 2143 2902 2210 ἀθ
2934 2127 3156 2194 nemini.
3183 2127 3402 2182 interim
3431 2129 3504 2184 sis
3527 2129 3616 2183 in-

2719 2213 2924 2268 ⁸νιινιιιδ.
3252 2223 3256 2230 ·

2103 2307 2186 2363 Ne
2231 2307 2368 2378 quid
2417 2307 2636 2380 injuriae
2681 2307 2927 2377 cuipiam
2982 2307 3213 2374 inferas,
3249 2308 3338 2362 lex
3372 2307 3620 2378 praescri-

2033 2399 2116 2456 bit
2146 2409 2312 2456 vetus
2339 2419 2350 2454 :
2381 2408 2439 2455 et
2472 2415 2613 2454 nova
2647 2399 2923 2464 hortatur,
2956 2400 3106 2454 illata
3148 2407 3212 2454 ut
3247 2399 3396 2456 feras
3427 2417 3620 2469 aequa-

2035 2489 2285 2556 nimiter,
2328 2505 2431 2544 nec
2476 2489 2676 2554 solum,
2715 2490 2809 2544 sed
2851 2499 2908 2544 et
2941 2505 3061 2544 eam
3108 2498 3167 2545 ut
3209 2489 3452 2558 excipias
3491 2505 3618 2545 cum

2035 2585 2350 2656 gratiarum
2403 2583 2646 2639 actione.
2698 2583 2812 2638 lmo
2845 2584 3076 2649 ,verius,
3125 2583 3172 2639 is
3221 2583 3317 2653 qui
3361 2585 3496 2654 legis
3532 2591 3620 2638 est

2032 2684 2471 2740 eonsummator,
2511 2674 2580 2728 ad
2612 2674 3016 2744 perfectionem
3048 2683 3216 2744 atque
3260 2675 3618 2744 adoptionem

2034 2767 2088 2822 in
2124 2768 2290 2834 ﬁlios,
2317 2769 2576 2838 provehit
2623 2769 2928 2836 hominem,
2977 2769 3211 2824 dicens:
3251 2788 3270 2820 ι
3299 2768 3488 2822 Estote
3517 2766 3623 2820 mi-

2033 2859 2366 2925 sericordes,
2414 2859 2563 2914 sicut
2599 2860 2763 2914 Pater
2805 2869 2991 2915 vester
3019 2859 3262 2916 ccelcstis
3301 2858 3624 2913 misericors

2033 2959 2116 3004 est
2138 2950 2204 3004 ⁹⁰.
2234 2971 2253 3001 ι
2291 2949 2541 3006 Necesse
2590 2949 2762 3022 igitur
2785 2951 2896 3015 ‘sit,
2937 2958 3000 3005 ut
3029 2951 3124 3020 qui
3159 2949 3490 3005 ardentibus
3521 2965 3625 3004 vo-

2034 3043 2108 3096 tis
2149 3042 2330 3112 cupis,
2381 3041 2613 3098 obtenta
2663 3043 2914 3099 victoriae
2969 3043 3181 3108 laurea,
3220 3045 3521 3113 palmarem
3552 3058 3622 3098 ex

2033 3133 2196 3188 hoste
2223 3132 2438 3189 referre
2475 3149 2767 3203 coronam,
2793 3150 2906 3190 non
2939 3135 3120 3190 solum
3161 3144 3224 3190 ut
3252 3135 3626 3192 contumelias

2033 3222 2383 3294 injuriasque
2436 3239 2708 3294 generose
2759 3224 3032 3294 perferas,
3085 3225 3184 3280 sed
3237 3231 3296 3280 et
3347 3234 3412 3280 ut
3461 3235 3625 3295 optes

345 3315 458 3369 λων
487 3311 580 3368 οὖν
610 3315 866 3384 γενέσθαι
899 3313 1147 3384 μαθητὴς
1174 3312 1270 3364 τοῦ
1296 3310 1540 3381 Χριστοῦ
1567 3351 1580 3373 ,
1637 3310 1706 3363 τὰ
1750 3309 1929 3378 μαθή-

2035 3319 2202 3372 etiam
2238 3316 2518 3373 atrociora
2563 3317 2842 3386 accipere,
2883 3331 3050 3386 quam
3088 3317 3138 3372 is
3174 3317 3422 3387 irrogare
3450 3317 3643 3397 velit,

351 3426 501 3481 ματα
560 3407 656 3460 τοῦ
713 3406 1038 3460 διδασκάλου
1107 3403 1446 3475 ἐμπράκτως
1502 3401 1926 3468 ὲναποδείξεται.

357 3513 378 3544 ι
416 3496 516 3558 Ὃς
563 3493 1000 3562 λοιδορούμενος,
1039 3493 1223 3561 φησιν.
1260 3492 1362 3544 οὐκ
1393 3490 1787 3560 ἀντελοιδίρει,
1828 3489 1932 3542 πά-

351 3605 498 3658 σχων
535 3587 637 3640 οὐκ
665 3585 936 3656 ἠπείλεω
989 3585 1144 3636 Ἐπεὶ
1176 3581 1410 3636 ἀκοῦσαι
1437 3583 1572 3652 ἔχει·
1614 3600 1634 3633 ι
1663 3581 1728 3634 Τί
1759 3599 1824 3650 με
1848 3581 1933 3633 λέ-

345 3686 502 3748 ⁴ἵετε,
525 3678 724 3750 Κύριε,
757 3676 948 3746 Κύριε,
987 3676 1083 3730 καὶ
1110 3675 1169 3727 οὐ
1201 3676 1404 3726 ποιεῖτε
1431 3674 1467 3728 ἆ
1497 3673 1675 3741 λέγω;
1707 3691 1724 3722 υ
1768 3672 1825 3724 '0
1848 3671 1933 3725 ὅν-

346 3787 458 3834 τως
491 3769 766 3840 μαθητὴς,
806 3769 951 3821 θέλει
981 3767 1310 3832 ἀδικεῖσθαι,
1348 3769 1442 3819 καὶ
1477 3767 1550 3836 μὴ
1575 3767 1804 3831 ἀδικεῖν,
1837 3765 1932 3818 καὶ

346 3861 438 3915 διὰ
463 3861 850 3924 ταπεινώσεως
877 3861 1098 3931 νικῆσαι
1127 3861 1255 3921 τοὺς
1277 3859 1598 3920 ἀδικοῦντας
1619 3859 1802 3922 αὑτὸν,
1839 3859 1932 3911 καὶ

350 3955 491 4025 πρὸς
538 3953 638 4018 τὰς
680 3953 852 4024 ὀργὰς
883 3953 1062 4006 αὐτῶν
1093 3951 1276 4022 πραῢς
1302 3947 1464 4007 εἶναι.
1504 3951 1650 4021 Πρὸς
1673 3950 1734 4004 τὸ
1761 3966 1932 4021 μεγα-

347 4045 632 4118 λορῥῆμον
679 4044 896 4112 αὐτῶν,
951 4043 1371 4113 ταπεινόφρων,
1430 4042 1568 4114 πρὸς
1611 4043 1673 4094 τὸ
1715 4041 1930 4112 ἄγριον,

344 4139 558 4209 ἥμερος
584 4153 600 4168 ο
657 4137 752 4190 καὶ
783 4137 859 4206 μὴ
890 4133 1214 4206 ὁμοιοῦσθαι
1244 4134 1435 4198 αὐτοῖς
1463 4135 1520 4186 ὲν
1550 4131 1761 4204 μηδενὶ,
1793 4131 1930 4186 ἀλλὰ

325 4234 414 4302 έτῇ
461 4232 755 4301 ἐπιεικείᾳ,
802 4229 878 4294 ὡς
930 4211 1176 4300 μιμητὴς
1217 4225 1313 4282 τοῐι⁹
1345 4225 1576 4299 Κυρίου,
1613 4225 1930 4290 σπουδάζων

351 4322 552 4394 μᾶλλον
581 4321 936 4392 ἀδικηθῆναι,
971 4321 1116 4392 ἥπερ
1144 4318 1405 4390 ἀδικῆσαί
1431 4334 1576 4372 τινα.
1631 4315 1809 4370 Καλὸν
1835 4312 1930 4370 οὖν

325 4417 502 4468 ἐστιν
553 4413 656 4485 τὴν
701 4412 824 4484 βίαν
858 4412 1046 4484 φέρειν
1077 4410 1189 4464 τῶν
1219 4409 1488 4463 θελόντων
1520 4409 1672 4478 ἡμᾶς
1698 4407 1926 4472 ἀδικεῖν,

347 4504 446 4558 καὶ
473 4503 734 4574 εὔχεσθαι
769 4501 912 4572 ὑπὲρ
937 4500 1152 4566 αὐτῶν,
1205 4499 1294 4553 ἴνα
1339 4497 1428 4550 διὰ
1456 4495 1746 4567 μετανοίας
1771 4494 1931 4566 ἡμῶν

347 4599 445 4650 καὶ
495 4595 584 4650 διὰ.
618 4597 718 4666 τῆς
752 4592 1189 4659 ἀνταποδόσεως,
1226 4583 1300 4644 ὧν
1330 4587 1926 4660 ἀφ’.ὴμῶν.ῆρπασαν,

2032 3423 2098 3463 ac
2127 3407 2479 3462 liberalitatis
2514 3406 2880 3462 exuberantia
2923 3405 3250 3476 supergredi
3279 3405 3493 3462 limites
3511 3407 3620 3460 im-

2030 3497 2335 3568 probandae
2362 3496 2840 3565 concupiscentiae
2870 3495 3114 3566 raptoris
3144 3494 3625 3562 illius.QuiChri-

2031 3587 2102 3642 sti
2141 3588 2262 3642 vnit
2307 3601 2431 3642 esse
2477 3585 2805 3655 discipulus,
2843 3585 2929 3640 sui
2964 3584 3298 3639 documenta
3345 3585 3617 3648 doctoris,

2030 3690 2200 3749 opere
2239 3677 2448 3734 eilieaei
2488 3678 2788 3747 exprimet,
2820 3677 2917 3746 qui
2954 3676 3135 3732 «Cum
3187 3677 3626 3734 malediceretur

2033 3771 2200 3843 (teste
2249 3769 2464 3842 Petro),
2499 3786 2609 3825 non
2653 3770 3109 3834 remaledieebat,
3137 3785 3263 3825 cum
3304 3778 3613 3840 pateretur,

2031 3873 2145 3916 non
2186 3858 2720 3914 comminabatur".
2752 3877 2770 3911 ι
2803 3859 3021 3928 Alioqui
3057 3859 3184 3930 jure
3231 3859 3278 3914 is
3327 3873 3618 3930 promere-

2031 3949 2189 4004 bitur
2228 3949 2424 4004 audire
2453 3966 2466 4002 :
2497 3969 2516 4000 ι
2538 3949 2684 4015 Quid
2729 3965 2816 4005 me
2863 3951 3074 4015 dicitis,
3129 3951 3388 4018 Domine,
3412 3961 3472 4006 et
3499 3966 3616 4006 non

2033 4037 2215 4094 facitis
2267 4055 2390 4109 quae
2445 4039 2572 4095 dico
2599 4042 2700 4094 9‘:
2754 4061 2774 4093 ι
2837 4041 2941 4108 Qui
3001 4056 3114 4094 non
3162 4041 3346 4096 fucate
3394 4041 3617 4096 Domini

2029 4138 2120 4184 est
2170 4130 2501 4200 discipuls,
2567 4133 2818 4188 exerceri
2869 4133 2988 4188 vult
3032 4133 3328 4188 tolerantia
3383 4133 3621 4204 injuria-

2030 4239 2178 4288 rum,
2207 4239 2321 4283 non,
2360 4224 2493 4280 item
2533 4224 2590 4279 in
2631 4226 2774 4281 alios
2801 4241 2923 4281 esse
2967 4225 3207 4296 injurius
3231 4244 3246 4279 :
3271 4241 3482 4296 perque
3513 4225 3622 4281 hu-

2030 4317 2328 4372 militatem
2357 4318 2588 4374 vincere
2618 4319 2674 4388 in
2715 4333 2776 4375 se
2816 4319 3058 4391 injurios
3085 4337 3100 4372 :
3132 4319 3400 4374 adversus
3436 4317 3619 4389 impo-

2031 4415 2243 4464 tentem
2283 4409 2511 4466 illorum
2552 4410 2694 4466 iram
2762 4411 3195 4468 mansuetudine
3244 4419 3456 4467 utetur.
3503 4409 3618 4466 Ad-

2031 4513 2226 4556 versus
2268 4501 2468 4582 talium
2528 4503 2940 4574 magniloquam
2991 4502 3418 4559 ostentationem
3489 4517 3616 4558 mo-

2031 4592 2226 4646 destus
2259 4593 2392 4660 erit,
2427 4594 2569 4649 nihil
2613 4595 2722 4650 sibi
2754 4595 3039 4667 magniﬁce
3085 4611 3372 4667 arrogans.
3404 4595 3613 4652 Contra

345 4687 691 4746 ἀπολυθῶσιν
719 4685 816 4740 τοῦ
847 4685 1196 4754 ἐγκλήματος
1221 4682 1323 4752 τῆς
1349 4680 1668 4747 πλεονεξίας
1696 4695 1710 4711 ·
1767 4679 1927 4733 τοῦτο

2034 4681 2322 4738 efferatam
2353 4693 2410 4740 et
2436 4693 2712 4756 agrestem
2755 4687 3042 4752 ferociam,
3070 4688 3322 4758 placidus
3346 4703 3412 4744 ac
3449 4689 3614 4754 lenis,

346 4782 459 4848 γὰρ
489 4777 549 4830 τὺ
575 4777 789 4848 θέλημα
815 4774 950 4828 Θεοῦ
977 4776 1149 4836 ἐστιν,
1175 4771 1382 4826 ἴνα¹τδν
1406 4769 1741 4838 πλεονέκτην
1763 4765 1926 4820 αὑτὸν

347 4867 730 4937 κερδήσωμεν,
767 4866 888 4936 οὐχὶ
913 4865 975 4916 τὸ
1007 4859 1425 4932 πλεονεκτηθέν.
1460 4855 1572 4914 Καὶ
1595 4857 1707 4929 γὰρ
1729 4855 1930 4926 ἐκφεύ-

346 4977 436 5026 γει
469 4959 748 5030 ἀμαρτίας
782 4959 811 5010 ὁ
844 4955 996 5028 παρά
1021 4952 1329 5024 ἀνθρώπων
1358 4949 1750 5021 ἀδικούμενος,
1791 4947 1930 5002 ἀλλά

2031 4772 2172 4830 adeo
2213 4784 2276 4829 ut
2319 4775 2471 4830 nulla
2519 4777 2576 4830 in
2618 4791 2678 4831 re
2721 4775 2844 4832 istis
2879 4777 3145 4834 assimilis
3193 4779 3374 4848 possit
3405 4779 3611 4834 videri.

2030 4864 2181 4920 Talis
2206 4881 2311 4936 pro
2339 4866 2491 4922 virili
2523 4868 2832 4923 contendet
2862 4869 3138 4939 irrogatas
3161 4871 3417 4942 injurias,
3449 4885 3616 4941 aquo

2029 4954 2218 5010 animo
2247 4963 2310 5010 ut
2339 4954 2482 5012 ferat
2507 4957 2696 5027 potius
2716 4973 2884 5028 quam
2909 4967 2971 5012 ut
2993 4957 3048 5012 in
3080 4959 3398 5029 quempiam
3422 4961 3494 5016 sit
3523 4961 3612 5015 in-

349 5051 446 5103 καὶ
491 5050 704 5120 ὁμοίαν,
731 5049 832 5118 τῆς
867 5047 1100 5114 θλίψεως
1133 5045 1358 5117 εὑρήσει
1387 5041 1698 5112 ἀντίληψιν.
1736 5040 1795 5095 Ὀ
1827 5057 1927 5109 με·

2034 5045 2230 5116 iurius.
2276 5046 2492 5117 Itaque,
2518 5049 2674 5120 juxta
2701 5048 3038 5105 sententiam
3062 5051 3430 5121 superiorem,
3465 5067 3615 5123 pra-

348 5142 568 5214 τασχὼν
599 5141 854 5210 γνώσεως
887 5139 1048 5208 ἁγίας
1079 5138 1175 5189 καὶ
1199 5135 1536 5206 γλυκύτητος
1565 5134 1700 5188 Θεοῦ
1723 5135 1923 5202 γευσά-

353 5251 534 5304 μενος,
574 5232 696 5287 οὔτε
729 5230 970 5294 δικάζειν
1001 5229 1208 5297 ὀφείλει
1235 5229 1390 5286 ποτε,
1423 5225 1546 5280 οὔτε
1574 5227 1732 5296 δίκην
1757 5228 1926 5278 κινεῖν

348 5327 487 5390 ὅλως
519 5305 652 5396 πρός
683 5341 825 5386 τινα,
861 5325 963 5375 κᾶν
1000 5321 1136 5382 αὐτὰ
1171 5319 1442 5388 ἀφερῆταί
1469 5335 1552 5380 τις
1583 5316 1728 5386 ἂπερ
1755 5316 1926 5386 ἠμφί-

327 5431 530 5470 αισται.
573 5414 730 5467 Ἐπεὶ
784 5415 910 5465 ποία
943 5409 1174 5480 διαφορά
1199 5408 1307 5460 τῶν
1333 5407 1616 5476 τροφίμων
1645 5406 1738 5458 τοῦ
1765 5405 1925 5468 Θεοῦ,

419 5547 467 5580 ³⁸
497 5546 598 5600 lsa.
627 5561 768 5606 Law.
795 5544 849 5599 2.
925 5543 970 5574 ⁸⁵
994 5543 1108 5596 Jac.
1135 5558 1172 5605 ι,
1204 5541 1286 5593 ει.

350 5615 398 5648 ⁵ο
429 5615 564 5672 Luc.
595 5631 670 5677 vt.
699 5617 788 5670 56.
865 5615 909 5646 9‘
939 5614 958 5668 Ι
985 5614 1133 5667 Pclr.
1168 5627 1228 5674 ιι,
1269 5610 1357 5664 ‘25.
1437 5611 1481 5640 ³⁸
1510 5609 1642 5662 Luc.
1667 5623 1739 5670 vx,
1772 5607 1860 5661 46.

2030 5137 2262 5200 stiterit,
2296 5137 2493 5192 talium
2537 5140 2840 5196 violentam
2887 5136 3312 5212 impressionem
3352 5143 3612 5214 excipere

2031 5227 2322 5297 patientia,
2367 5243 2578 5297 proque
2627 5230 2832 5286 talibus
2865 5231 3154 5288 eﬂ‘undere
3178 5248 3394 5302 preces,
3421 5241 3483 5288 ut
3509 5249 3613 5302 per

2033 5318 2419 5387 pwnitentiam
2462 5320 2530 5374 ad
2577 5321 2875 5376 Dominum
2916 5339 2974 5380 se
3009 5324 3300 5395 recipiant,
3335 5342 3448 5382 non
3480 5328 3613 5383 item

2033 5417 2096 5462 ut
2127 5419 2360 5479 pereant
2400 5411 2753 5469 relaliatione
2791 5417 3290 5488 acecptaainjuriaa,
3315 5417 3447 5474 dum
3481 5435 3613 5476 cum

1370 5541 1414 5570 ⁸⁸
1437 5538 1590 5618 _I_’s_al.
1623 5537 1882 5618 exul,
1925 5539 1929 5566 ⁵

2034 5539 2148 5594 ⁵ειιΙ.
2183 5557 2326 5607 xxxv,
2357 5544 2410 5598 9.
2453 5545 2500 5578 ⁸⁸
2517 5545 2662 5602 Psal.
2692 5564 2822 5614 xvn,
2853 5545 2944 5604 28.
2984 5547 3032 5582 θ’
3061 5549 3252 5606 Matth.
3289 5567 3362 5618 ιιι,
3395 5551 3484 5617 29,
3515 5549 3606 5608 50.

1873 5719 2106 5776 NOTAE.

421 5823 499 5890 (ι)
526 5823 658 5879 Vide
697 5823 862 5879 Arist.
911 5835 962 5874 1x
1009 5821 1080 5874 De
1109 5822 1228 5876 hist.
1271 5817 1614 5881 animaliunt;
1647 5813 1922 5872 Ailianum
1964 5815 2118 5885 item,
2144 5827 2197 5874 et
2226 5819 2488 5891 Plinium,
2518 5821 2618 5881 lib.
2651 5840 2726 5895 ut,
2765 5840 2816 5882 c.
2850 5827 2903 5882 8.
