4042 6460
525 352 660 421 m5
1793 353 2158 430 ANTIOCHI
2201 353 2539 414 MONACIH
3629 361 3740 433 me

520 467 604 524 eis
645 463 1066 537 expostulamus
1123 463 1196 520 ob
1263 479 1328 520 ea
1373 479 1497 536 quae
1547 477 1644 535 per
1684 463 2103 518 immoderatam

2144 465 2178 520 Α
2207 461 2302 514 καὶ
2344 462 2455 515 τῶν
2485 462 2581 516 τοῦ
2611 463 2810 527 αἰῶνος
2833 464 3031 519 τούτου
3061 465 3412 540 ἀνθρώπων;
3453 472 3510 526 '0
3541 475 3630 544 μὲν
3653 483 3740 554 γὰρ

520 556 886 627 cupiditatem
927 563 1285 611 extorserunt
1306 571 1337 609 a
1367 555 1550 610 nobis.
1586 555 1754 610 Plane
1785 569 1850 610 ea
1891 563 1977 610 est
2007 554 2114 608 Dei.

2207 550 2372 620 νόμος
2397 550 2731 617 ἐντέλλεταιο
2769 571 2787 602 ι
2819 553 2932 606 Οὐκ
2955 546 3244 626 ἀδικήσεις
3266 557 3354 610 τὸν
3377 559 3596 630 πλησίον

521 651 780 704 voluntas
823 657 887 704 ut
923 649 1210 712 lucremur
1242 647 1423 717 ipsum
1457 647 1535 701 rei
1577 657 1783 701 nostra:
1809 655 2106 716 occupato-

2206 641 2335 693 Καί·
2373 661 2390 692 ι
2417 641 2494 694 Οὐ
2520 641 2914 713 κοιμηθήσεται
2943 644 2972 696 6
2998 643 3191 714 μισθὸς
3215 645 3308 700 τοῦ
3333 648 3600 718 μισθωτοῦ
3622 657 3745 725 παρά

523 757 663 802 rem,
695 756 804 794 non
851 754 964 793 rem
1011 737 1209 793 fraude
1254 745 1598 808 occupatam.
1643 737 1860 792 Etenim
1893 737 1989 806 qui
2025 737 2106 791 sic

2209 731 2310 788 σοί.
2368 733 2444 787 Οὐ
2495 733 2684 796 κακῶς
2731 735 2880 804 ἐρεῖς
2923 735 3127 806 κωφῷ,
3162 737 3260 790 καὶ
3291 739 3547 794 ἀπέναντι
3577 745 3746 813 τυφλοῦ

522 833 810 887 hominum
849 831 1192 902 malignitate
1237 830 1494 895 afﬁcitur,
1536 831 1676 883 vitat
1724 839 1971 899 peccata,
2007 829 2102 884 sed

2205 825 2268 877 οὐ
2305 823 2494 895 θήσεις
2530 824 2886 878 σκάνδαλον.»
2939 826 3052 879 Καὶ
3084 828 3114 880 6
3139 829 3594 902 Παροιμιαστήςο
3635 855 3651 885 ι
3675 837 3749 906 Μὴ

521 935 579 980 ει
629 927 683 980 in
731 926 1091 980 tribulatione
1121 923 1262 978 nihil
1310 923 1590 993 disparem
1625 923 1966 977 nanciscitur
1993 923 2102 977 Do-

2205 915 2506 981 ἀποόιάζου
2533 918 2774 986 πένητα,
2811 917 3028 988 πτωχὸς
3054 919 3166 990 γάρ
3196 920 3342 972 ἐστιν
3361 937 3376 952 ο
3423 922 3558 992 μηδὲ
3584 925 3753 995 ἀτιμά-

527 1019 678 1072 mino
722 1026 1082 1072 succurrente
1110 1014 1515 1069 defensionem.
1549 1012 1651 1079 Qui
1681 1015 1961 1084 particeps
1983 1012 2103 1068 elli-

2207 1023 2308 1080 σῃς
2336 1007 2538 1078 ἀσθενῆ
2569 1010 2627 1062 ὲν
2659 1009 2858 1074 πύλαις
2889 1025 2904 1040 ⁸
2952 1012 2982 1064 6
3019 1011 3130 1082 γὰρ
3159 1011 3366 1080 Κύριος
3399 1018 3576 1085 κρινεῖ
3600 1017 3753 1072 αὐτῶν

524 1107 672 1162 citur
711 1114 916 1160 sanctae
945 1103 1304 1174 cognitionis,
1357 1103 1593 1172 plusque
1642 1103 1894 1158 melleam
1935 1103 2106 1174 degu-

2205 1101 2305 1170 τὴν
2338 1101 2540 1174 κρίσιν.
2569 1099 2704 1156 »Καὶ
2731 1101 2905 1156 ταῦτα
2939 1102 3042 1174 μὲν
3073 1105 3103 1158 6
3133 1103 3367 1168 παλαιὸς
3388 1145 3405 1171 ,
3459 1105 3554 1160 ἅτε
3591 1108 3652 1180 δὴ
3693 1111 3753 1175 ὡς

525 1198 691 1252 stavit
717 1196 1090 1258 dulcedinem,
1117 1210 1228 1248 non
1269 1193 1438 1249 debet
1475 1194 1522 1248 is
1547 1195 1846 1264 aliquando
1870 1195 1937 1250 de
1967 1211 2106 1265 quo-

2205 1193 2369 1265 ἀτελῆ
2420 1193 2636 1264 νηπίοις
2680 1193 2973 1262 διελέγετο.
3017 1195 3082 1274 ;ο
3112 1194 3170 1248 δὲ
3203 1195 3297 1249 τοῦ
3326 1197 3567 1269 Χριστοῦ
3594 1201 3753 1272 νόμος,

525 1307 688 1360 quam
738 1279 1070 1344 sententiam
1115 1287 1284 1352 ferre,
1323 1297 1420 1342 aut
1470 1287 1746 1342 actionem
1813 1287 2104 1343 intendere

2204 1285 2410 1350 τέλειος
2439 1284 2514 1338 ὢν
2537 1326 2553 1348 ,
2604 1288 2719 1350 τοῖς
2761 1285 2992 1350 τελείοις
3019 1287 3122 1358 τῆς
3145 1287 3356 1352 τελείας
3407 1291 3613 1362 τροφῆς
3645 1305 3751 1363 μετ-

527 1385 622 1439 ulli
669 1384 976 1441 hominum.
1014 1383 1232 1436 tametsi
1272 1392 1401 1452 toga
1455 1392 1550 1436 aut
1594 1381 1764 1452 pallio
1809 1381 2100 1452 spolietur.

2213 1376 2434 1446 έχουσιν
2463 1375 2838 1430 διατάσσεται.
2868 1377 3038 1446 Φησὶν
3061 1377 3216 1449 γάρὸ
3237 1379 3447 1449 Κύριος
3465 1397 3480 1410 ο
3502 1401 3518 1432 ι
3547 1381 3753 1454 Εὖχεσθε

523 1478 696 1543 Quam
727 1476 879 1556 enim
918 1475 1160 1530 immane
1197 1483 1284 1529 est
1316 1473 1640 1538 discrimen,
1670 1489 1780 1544 quo
1810 1473 1956 1528 inter
1982 1489 2103 1530 sese

2204 1467 2344 1537 ὑπὲρ
2396 1467 2506 1521 τῶν
2551 1468 2861 1523 διωκόντων
2905 1470 3053 1539 ὑμᾶς
3119 1470 3214 1522 καὶ
3261 1469 3690 1542 ἐπηρεαζόντων.
3737 1497 3750 1529 ι

523 1567 799 1624 dissident
835 1577 892 1623 et
929 1567 1026 1632 Dei
1061 1574 1118 1622 et
1162 1565 1347 1621 saeculi
1389 1564 1554 1620 istius
1595 1564 1850 1620 alumni?
1879 1565 2104 1622 Mandat

2205 1559 2420 1630 Ταύτην
2454 1559 2552 1631 τὴν
2577 1560 2798 1632 ἐντολὴν
2834 1561 3037 1624 εὐθέως
3061 1562 3434 1634 ἐκπληροῦσιν
3463 1565 3514 1618 oi
3541 1565 3754 1638 ἀληθινοὶ

521 1662 610 1717 lex
645 1678 660 1715 :
695 1660 852 1716 «Non
899 1639 1067 1716 facies
1102 1658 1362 1730 injuriam
1383 1657 1636 1728 proximo
1663 1658 1910 1720 μιαν-’³.
1935 1678 1954 1711 ι
1991 1659 2098 1714 Et:

2183 1650 2450 1721 ’μαθηταὶ
2477 1651 2573 1704 τοῦ
2601 1651 2866 1723 Χριστοῦ,
2901 1652 3178 1722 Στέφανος
3213 1655 3310 1707 καὶ
3349 1655 3639 1720 ἰάκωϐοςο
3679 1661 3756 1712 καὶ

529 1751 692 1805 «Non
739 1749 978 1805 dormiet
1031 1763 1242 1804 merces
1287 1746 1616 1803 mercenarii
1653 1747 1797 1816 apud
1836 1748 1940 1803 te‘.
1977 1747 2099 1802 Non

2157 1802 2172 1853 ι
2203 1747 2231 1798 6
2256 1745 2357 1825 μὲν
2380 1745 2760 1818 λιθαζόμενος,
2784 1749 2811 1800 6
2837 1747 2892 1800 δὲ
2919 1749 3388 1820 κρημνιζόμενος,
3415 1749 3753 1821 προσηύχοντο

523 1841 828 1898 maledices
864 1840 1056 1907 surdo,
1090 1849 1148 1896 et
1174 1853 1361 1895 coram
1395 1853 1544 1895 caeco
1574 1853 1686 1894 non
1723 1853 1896 1908 pones
1920 1837 2099 1892 oll‘cn-

2157 1837 2172 1853 '
2205 1837 2344 1908 ὑπὲρ
2390 1838 2503 1890 τῶν
2544 1838 2918 1908 ἀναιρούντων
2957 1840 3182 1904 αὐτούς.
3234 1841 3412 1910 Φησὶν
3441 1841 3498 1918 δε
3530 1843 3619 1894 καὶ
3649 1845 3753 1911 περὶ

522 1935 771 1990 diculum
790 1935 831 1987 ’.
863 1953 880 1984 ι
921 1933 1306 1988 Parcemiastes
1336 1947 1350 1984 :
1385 1951 1404 1982 ι
1424 1931 1542 1986 Νοη
1572 1930 1742 1986 facias
1778 1930 2098 1986 violentiam

2215 1928 2589 1993 Ἰακώϐου,τοῦ
2609 1929 2844 2000 ἀδελφοῦ
2861 1933 3136 1996 Ἰωάννου,
3151 1933 3234 1986 ὅτι
3251 1931 3379 1986 ἰδὼν
3404 1933 3566 1986 αὐτὸν
3587 1935 3751 2004 ἀπαγό-

522 2025 775 2096 pauperi,
808 2039 1018 2094 pauper
1045 2022 1192 2078 enim
1233 2030 1339 2087 est,
1375 2038 1558 2092 neque
1598 2021 1900 2076 inhonores
1947 2021 2104 2076 infir-

2205 2035 2367 2090 μενον
2413 2020 2515 2092 τὴν
2557 2024 2650 2076 ἐπὶ
2689 2021 2944 2089 θάνατον,
2997 2024 3026 2076 6
3067 2026 3467 2094 κατηγορήσας
3493 2025 3648 2077 αὐτὸν
3675 2043 3753 2094 με-

521 2129 672 2169 mum
718 2115 773 2168 in
827 2111 1352 2180 portis:'Dominus
1421 2113 1570 2168 enim
1623 2112 1896 2184 judicabit
1949 2111 2100 2182 judi-

2200 2114 2554 2185 ταμεληθεὶς,
2589 2113 2932 2185 προσέπεσεν
2964 2115 3137 2184 αὐτῷ,
3171 2114 3386 2182 λέγων’
3423 2114 3755 2186 Συγχὼρησᾶν

521 2204 740 2260 cium."
767 2225 786 2256 ι
833 2205 1048 2275 1218
1063 2205 1131 2260 Et
1157 2204 1274 2260 haue
1315 2205 1540 2274 quidem
1573 2213 1734 2259 vetus
1780 2203 1872 2258 illa
1901 2203 2010 2270 lex,
2039 2210 2102 2257 ut

2205 2221 2318 2274 μοι.
2359 2203 2418 2256 '0
2447 2202 2505 2256 δὲ
2561 2201 2804 2273 ἐπισχὼν
2833 2203 3052 2274 μικρδν,
3084 2199 3272 2256 εἶπενο
3309 2204 3518 2276 Εἰρήνη
3553 2221 3646 2258 σοι·
3679 2208 3755 2258 καὶ

520 2313 646 2368 quae
677 2297 1002 2367 imper-leua
1039 2303 1180 2361 erat,
1215 2312 1341 2352 cum
1391 2296 1640 2352 nondum
1674 2295 1880 2352 adultis
1909 2305 1966 2352 et
1994 2311 2101 2366 pu-

2201 2294 2572 2364 κατεφίλησεν
2624 2293 2811 2348 αὐτόν.
2871 2295 2934 2347 '0
2983 2294 3041 2348 δὲ
3093 2295 3297 2360 εὐθέως
3362 2299 3517 2366 φωνῇ
3573 2297 3755 2369 μεγάλῃ

519 2389 774 2444 sionibus
803 2388 872 2443 ad
900 2403 1026 2443 eum
1063 2389 1286 2443 modum
1327 2389 1550 2444 texebat
1581 2403 1909 2454 sermones;
1939 2386 2101 2443 Chri-

2201 2385 2530 2454 Χριστιανὸν
2554 2386 2745 2438 ἑαυτὸν
2767 2386 3160 2456 ἀνηγόρευσεν.
3187 2387 3296 2440 Καὶ
3318 2389 3756 2458 συγκατακριθεὶς

519 2482 592 2537 sti
643 2493 826 2536 autem
877 2482 962 2536 lex
1013 2481 1256 2553 perfecta
1304 2495 1432 2536 cum
1487 2481 1580 2545 sit,
1617 2479 1878 2550 perfectis
1902 2480 2014 2551 jam
2045 2489 2101 2534 et

2200 2473 2280 2546 τῷ
2321 2473 2518 2526 ἑαυτοῦ
2567 2472 3030 2545 κατηγορηθέντι,
3086 2473 3185 2529 σὺν
3210 2474 3367 2546 αὐτῷ
3398 2477 3496 2528 τοῦ
3523 2475 3752 2548 βραδείου

518 2571 616 2640 qui
653 2573 948 2642 participes
995 2572 1124 2627 facti
1179 2581 1309 2626 sunt
1357 2571 1520 2626 solidi
1548 2570 1681 2634 cibi,
1713 2586 1813 2625 sua
1843 2571 2100 2641 praescri-

2199 2566 2301 2635 τῆς
2349 2565 2460 2620 ἀνω
2505 2565 2759 2636 κλήσεως
2800 2565 3012 2636 ἔτυχεν.
3067 2566 3240 2636 Φησὶν
3269 2565 3328 2618 δὲ
3365 2567 3462 2620 καὶ
3490 2569 3518 2620 6
3544 2567 3751 2638 Πέτρος·

521 2664 606 2718 bit
636 2665 912 2720 mandata.
958 2664 1050 2719 Ait
1086 2665 1235 2720 enim
1281 2663 1590 2718 Dominus:
1629 2661 1833 2718 «Orate
1879 2678 1980 2732 pro
2009 2679 2100 2717 ca-

2207 2676 2227 2708 ι
2269 2659 2427 2711 Ποῖον
2464 2655 2637 2721 κλέος
2669 2659 2720 2712 οἱ
2763 2659 3176 2730 ἁμαρτάνοντες
3224 2661 3319 2714 καὶ
3361 2660 3752 2731 κολαφιζόμενοι

520 2755 926 2810 lumniantibus
950 2771 1048 2810 vos
1083 2763 1140 2813 et
1175 2754 1640 2824 persequentibus
1661 2754 1700 2808 ³,
1729 2771 1747 2804 ι
1781 2754 1894 2809 lloc
1915 2754 2102 2823 exple-

2203 2749 2562 2820 ὑπομενεῖτες
2617 2749 2734 2803 ἀλλ’
2769 2752 2819 2803 εί
2852 2750 3315 2820 ἀγαθοποιοῦντες
3353 2753 3454 2805 καὶ
3482 2752 3751 2823 πάσχοντες

521 2853 727 2900 verunt
761 2855 1096 2916 praeceptum
1141 2845 1303 2898 initio
1333 2844 1462 2900 fidei
1499 2846 1846 2900 coruscantis
1869 2845 1949 2900 illi
1977 2861 2101 2916 ger-

2202 2841 2524 2911 ὐπομενεϊτε
2545 2883 2558 2906 ,
2615 2841 2704 2894 ἵνα
2749 2841 2806 2896 ὲν
2833 2835 2878 2910 ᾧ
2915 2842 3316 2899 καταλαλοῦσιν
3328 2843 3358 2897 ὑ
3367 2845 3489 2915 μῶν
3517 2843 3592 2908 ὡς
3613 2863 3750 2900 κακοι

521 2949 684 2990 mane
733 2934 941 2990 Christi
999 2934 1279 3005 discipuli,
1333 2932 1651 3005 Stephanus
1701 2945 1758 2992 et
1797 2937 2036 2992 Jacobus
2082 2977 2094 2990 .

2201 2933 2372 2986 ποιῶν
2391 2932 2865 3003 καταισχυνθῶσιν
2884 2933 2936 2986 οἱ
2951 2934 3358 3005 ἐπηρεάζοντες
3375 2935 3478 3008 τὴν
3495 2937 3751 3008 ὲνΧριστῷ

520 3027 616 3082 Ille
649 3026 874 3096 quidem
910 3027 1248 3082 creberrimo
1284 3029 1532 3099 lapidum
1573 3031 1723 3101 jactu
1770 3027 2095 3094 adobrutus,

2202 3023 2374 3094 ἁγνὴν
2405 3023 2756 3094 ἀναστροφὴν
2783 3022 2996 3092 ὑμῶν.»
3034 3023 3147 3077 Kal
3177 3024 3410 3092 ἐπάγειο
3449 3043 3470 3076 ι
3497 3023 3639 3079 Οἶδεν
3662 3027 3751 3078 Κύ-

521 3118 612 3173 hic
648 3133 800 3182 vero,
827 3119 1134 3190 praecipitio
1162 3121 1401 3176 traditus
1427 3121 1570 3187 neci,
1597 3131 1830 3192 uterque
1853 3137 1955 3191 pro
1981 3122 2098 3176 suis

2153 3134 2167 3190 ι
2205 3133 2320 3188 ριος
2367 3115 2621 3180 εὐσεϐεῖς
2662 3118 2729 3170 ὲκ
2770 3117 3094 3188 πειρασμῶν
3127 3118 3434 3189 ῥύσασθαι,
3476 3120 3679 3184 ἀδίκους
3704 3120 3749 3172 δὲ

522 3209 978 3266 interfectoribus
1054 3227 1250 3282 preces
1308 3211 1512 3268 fudit‘.
1559 3215 1632 3270 De
1683 3214 1892 3270 Jacobo
1947 3215 2094 3269 enim

2197 3211 2278 3272 εἰς
2327 3208 2543 3280 ἡμέραν
2593 3210 2829 3278 κρίσεως
2887 3207 3292 3279 κολαζομένους
3338 3213 3555 3281 τηρεῖν.
3591 3229 3610 3262 ι
3662 3208 3753 3264 Kal

517 3299 754 3355 Joannis
801 3299 974 3356 fratre
1029 3303 1309 3356 memoriae
1363 3303 1645 3372 proditum
1705 3313 1810 3365 est.
1863 3306 2008 3374 quod
2051 3305 2098 3360 is

2197 3304 2225 3355 6
2255 3301 2424 3354 Δαυῖδ
2444 3316 2460 3330 ·
2500 3319 2519 3352 ι
2551 3299 2818 3352 Ποιοῦντα
2844 3303 3020 3372 κρῖμα
3047 3303 3158 3364 τοῖς
3182 3301 3585 3370 ἀδικουμένοις,
3609 3301 3752 3355 διδόν-

518 3393 679 3463 cujus
713 3391 983 3446 dilatione
1035 3392 1218 3448 fuerat
1259 3394 1648 3460 denuntiatus,
1697 3411 1822 3450 cum
1867 3382 2098 3451 vidisset

2195 3409 2265 3446 τα
2301 3389 2500 3462 τροφὴν
2529 3393 2642 3454 τοῖς
2675 3391 2952 3446 πεινῶσιν.
2979 3410 2997 3443 ι
3037 3391 3136 3446 Διά
3163 3393 3323 3446 τοῦτο
3353 3393 3512 3460 κάγὼ
3531 3411 3544 3424 ·
3596 3412 3614 3444 ι
3635 3392 3752 3446 ’Δει-

516 3482 787 3538 Jacobum
826 3483 944 3554 rapi
985 3485 1050 3539 ad
1089 3494 1350 3550 mortem,
1385 3485 1592 3542 ductus
1624 3488 1974 3557 poenitentia,
2003 3504 2098 3558 pe-

2198 3482 2320 3537 κίαν
2369 3483 2610 3552 ἐμίσησα
2661 3485 2758 3534 καὶ
2802 3483 3175 3554 ἐϐδελυξάμην
3198 3525 3213 3544 ,
3267 3485 3362 3536 τὸν
3395 3485 3453 3538 δὲ
3487 3485 3643 3555 νόμον
3672 3501 3750 3536 σου

516 3575 685 3630 dibus
712 3576 953 3646 procidit
977 3576 1150 3642 beati,
1181 3577 1374 3632 dicens
1401 3596 1414 3632 :
1443 3579 1672 3650 indulge
1703 3579 1860 3634 mihi.
1897 3579 2096 3634 Beatus

2193 3579 2478 3650 ἠγάπησα.
2517 3597 2534 3630 ι
2593 3579 2702 3631 Καὶ
2751 3579 2962 3648 ἐπειδὴ,
3001 3579 3271 3644 Δέσποτα,
3310 3579 3379 3651 σὴ
3410 3580 3595 3648 ἐντολή
3625 3582 3749 3632 ἐστιν

517 3677 652 3718 vero
681 3663 1027 3733 aliquantum
1064 3667 1296 3720 morula:
1325 3667 1602 3734 restilans,
1629 3668 1917 3738 respondit
1947 3689 1958 3720 :
1987 3669 2093 3724 Pax

2196 3667 2520 3733 ἀδικεῖσθαι,
2553 3667 2650 3721 καὶ
2685 3668 2762 3738 μὴ
2789 3668 3024 3722 ἀδικεῖν·
3058 3669 3488 3726 ἀντ-ἀπεδίδοσάν
3512 3669 3748 3740 μοικακά

517 3754 657 3820 tibi;
699 3754 808 3809 hoc
840 3753 1012 3818 dicto,
1042 3756 1118 3810 in'
1152 3755 1305 3811 illius
1338 3758 1626 3828 amplexus
1656 3759 1770 3813 ruit
1800 3769 1857 3844 et
1885 3759 2093 3815 oscula.

2193 3763 2318 3816 ἀντὶ
2359 3761 2604 3830 ἀγαθῶν.
2664 3759 2809 3829 Ἐγὼ
2837 3759 2897 3814 δὲ
2927 3762 3364 3832 προσηυχόμην,
3413 3763 3442 3816 6
3473 3761 3601 3824 Θεός
3639 3777 3745 3830 μου,

515 3846 590 3902 At
619 3847 712 3902 ille
755 3861 896 3903 voce
935 3857 1120 3904 exerta
1165 3847 1544 3906 Christianum
1578 3867 1637 3907 se
1667 3865 1789 3908 esse
1811 3851 2097 3923 professus

2199 3852 2362 3926 ῥῦσαί
2386 3864 2459 3926 ’με
2491 3855 2555 3906 ὲκ
2579 3853 2763 3923 χειρὸς
2785 3851 3237 3924 παρανομοῦντος
3265 3853 3370 3906 καὶ·
3391 3853 3702 3916 ἀδικοῦντος.
3725 3870 3741 3902 ι

515 3944 626 4002 est,
680 3937 846 4006 eique
909 3948 1312 3995 annumeratus
1349 3950 1456 4004 est,
1488 3956 1654 4011 quem
1695 3941 1998 4007 incusarat,
2039 3954 2097 3999 et

2207 3947 2266 4000 '0
2290 3945 2349 4001 δὲ
2377 3945 2589 4008 Παῦλος
2607 3961 2622 3978 ·
2667 3962 2685 3996 ι
2715 3944 2813 3998 Διά
2845 3944 2901 3998 τί
2933 3945 3060 4014 οὐχὶ
3078 3943 3294 4014 μᾶλλον
3319 3943 3623 4010 ἀδικεῖσθε;
3647 3939 3744 3996 ἀλλ’

515 4025 766 4082 bravium
822 4042 948 4083 cum
1001 4028 1096 4084 illo
1137 4040 1427 4086 assecutus
1465 4047 1719 4103 supernae
1764 4033 2111 4090 vocationis'.

2196 4038 2357 4108 ὑμεῖς
2377 4036 2636 4102 ἀδικεῖτε,
2660 4035 2756 4089 καὶ
2776 4036 3159 4108 ἀποστερεῖτε·
3183 4035 3476 4092 καὶταῦτα
3489 4034 3740 4106 ἀδελφούς.

513 4114 818 4171 [titantem
853 4127 910 4172 et
937 4117 1139 4175 Petrus
1167 4137 1182 4173 :
1216 4138 1232 4170 ι
1263 4119 1396 4188 Quae
1424 4123 1571 4177 enim
1599 4123 1771 4194 gloria
1815 4124 1860 4180 si
1901 4140 2096 4194 pecca-

2195 4130 2268 4182 Ἢ
2317 4128 2436 4183 οὐκ
2467 4129 2649 4184 οἴδατε
2703 4131 2786 4185 ὃτι
2837 4129 3016 4186 ἄδικοι
3068 4130 3350 4202 βασιλείαν
3383 4133 3519 4187 Θεοῦ
3553 4129 3737 4201 06x11;-

515 4207 606 4272 iis,
635 4216 688 4261 et
737 4208 1073 4280 colaphizati
1123 4210 1408 4267 suﬂ‘ertis?
1454 4212 1562 4268 Sed
1608 4215 1654 4270 si
1687 4214 2094 4272 benefacientes

2197 4223 2596 4293 ρονομήσουσιν
2612 4239 2658 4288 ;›
2689 4223 2801 4276 Kal
2825 4223 2882 4277 ὲν
2902 4222 3105 4288 ἄλλοις·
3137 4244 3156 4276 ι
3181 4221 3738 4294 Ἀδελφοὶ,ἀναμιμνή-

512 4302 788 4370 patienter
827 4302 1140 4370 sustinetis,
1191 4303 1311 4360 haec
1352 4313 1438 4360 est
1482 4306 1657 4376 gratia
1702 4307 1860 4377 apud“
1880 4308 2090 4374 Deum;

2193 4315 2356 4368 κεσθε
2413 4314 2513 4378 τὰς
2558 4315 2828 4386 πρότερον
2865 4317 3088 4388 ἡμέρας
3137 4319 3196 4370 ὲν
3239 4311 3332 4381 αἶς
3369 4315 3735 4386 φωτισθέντες.

511 4402 576 4447 ut
619 4392 674 4447 in
723 4409 790 4449 eo
833 4395 982 4464 quod
1045 4395 1365 4452 detractant
1393 4397 1462 4454 de
1507 4399 1668 4454 vobis
1715 4410 1974 4471 tanquam
2023 4401 2091 4456 de

2139 4474 2152 4478 _
2192 4406 2397 4478 atolth
2435 4406 2663 4478 ἄθλησιν
2708 4407 3041 4476 ὑπεμείνατε
3070 4407 3444 4478 παθημάτων·
3483 4405 3634 4461 τοῦτο
3657 4403 3735 4475 μὶν

511 4481 982 4547 malefactoribus.
1006 4487 1421 4557 suppudescant
1444 4489 1540 4559 qui
1559 4491 1970 4565 calumniantur
1988 4508 2088 4548 ve-

2139 4474 2164 4529 )
2191 4472 2520 4568 ὀνειδισμοῖς
2547 4472 2608 4552 τε
2643 4499 2740 4553 καὶ
2767 4472 3014 4570 θλίψεσιν
3046 4472 3463 4572 θεατριζόμενοι
3481 4525 3509 4566 ,-
3529 4472 3735 4552 τοῦτοδὲ

509 4581 684 4629 stram
727 4577 785 4630 in
827 4572 1056 4632 Christo
1093 4587 1340 4634 sanctam
1381 4582 1922 4639 conversationem‘.
1947 4605 1966 4636 ι
1999 4586 2088 4642 ln-

2193 4589 2443 4644 κοινωνοὶ
2491 4589 2602 4644 τῶν
2646 4588 2822 4656 οὕτως
2851 4590 3345 4662 ἀναστρεφομένων
3368 4591 3727 4662 γενηθέντες.ι

509 4667 668 4722 ducit
699 4684 712 4720 :
749 4669 949 4723 «Novit
996 4671 1456 4728 enim‘Dominu's
1505 4673 1626 4744 pios
1671 4673 1741 4730 de
1782 4677 2086 4733 tentatioue

2190 4681 2360 4750 Λέγει
2382 4681 2442 4734 δὲ
2471 4683 2500 4736 6
2522 4678 2766 4751 Κύριος⁸
2823 4701 2842 4733 ι
2876 4681 3004 4736 Ἐάν
3031 4683 3116 4745 τις
3151 4699 3212 4741 σε
3235 4682 3557 4754 ἀγγαρεύσει
3588 4679 3733 4751 μίλιον

508 4758 752 4828 eripere,
778 4760 997 4830 iniquos
1034 4771 1218 4818 autem
1267 4763 1324 4817 iu
1365 4763 1512 4818 diem
1539 4763 1732 4835 judicii
1755 4766 2084 4824 cruciandos

2190 4773 2272 4837 ἓν,
2307 4773 2487 4841 ὕπαγε
2522 4773 2641 4843 μετ’
2663 4773 2830 4826 αὐτοῦ
2859 4772 2973 4838 δύο,
3003 4774 3102 4827 καὶ
3129 4772 3208 4844 τῷ
3233 4773 3444 4826 θέλοντί
3469 4790 3548 4827 σοι
3567 4767 3731 4841 κριθῆ·

507 4864 730 4904 servare
751 4850 793 4904 ".
814 4868 832 4902 ι
862 4849 1034 4905 David
1061 4868 1075 4904 :
1099 4869 1116 4901 ι
1137 4850 1244 4918 Qui
1267 4850 1398 4906 facit
1411 4851 1679 4922 judicium
1699 4853 1957 4924 iniuriam
1983 4871 2080 4926 pa-

2190 4881 2310 4930 ναι,
2348 4864 2444 4918 καὶ⁵
2474 4864 2565 4917 τὸν
2590 4865 2800 4934 χιτῶνά
2829 4883 2924 4919 σου
2953 4864 3180 4928 λαϐεῖν,
3237 4864 3377 4934 ἄφες
3405 4864 3553 4935 αὐτῷ
3579 4862 3662 4920 καὶ
3683 4859 3731 4913 τδ

509 4941 798 5006 tientibus,
822 4943 923 5012 qui
966 4942 1062 4998 dat
1093 4958 1276 4998 escam
1316 4945 1700 5001 esurientibus
1717 4947 1798 4999 ³.»
1853 4947 2086 5018 Propter

2193 4957 2410 5027 ἱμάτιόν
2458 4973 2586 5010 σουο
2643 4957 2740 5010 καὶ
2788 4957 2868 5030 τῷ
2907 4957 3169 5012 τύπτοντί
3213 4975 3272 5010 σε
3327 4958 3424 5012 ἐπὶ
3461 4955 3557 5027 τὴν
3579 4951 3729 5018 δεξιὰν

509 5031 616 5088 hoc
647 5043 704 5088 et
739 5049 840 5104 ego
868 5051 882 5085 :
919 5033 1303 5104 «Iniquitatem
1324 5036 1453 5091 odio
1477 5037 1666 5100 habui,
1695 5038 1871 5110 legem
1900 5044 2086 5096 autem

2193 5050 2450 5117 σιαγόνα,
2491 5051 2700 5120 πάρεχε
2729 5049 2826 5103 καὶ
2852 5049 2952 5121 τὴν
2979 5049 3167 5122 ἀλλην.
3207 5049 3486 5120 Μακάριοι
3508 5047 3608 5117 γάρ
3626 5047 3725 5098 ἐστε

509 5123 742 5179 dilexi’.
773 5143 790 5175 ι
833 5125 952 5180 Jam
1004 5127 1230 5196 quando
1289 5127 1606 5183 mandatum
1661 5135 1819 5184 tuum
1871 5139 1978 5195 est,
2025 5139 2088 5185 ut

2191 5140 2320 5194 ὅταν
2351 5141 2658 5212 μισήσωσιν
2687 5141 2834 5211 ὑμᾶς
2868 5143 2919 5194 oi
2952 5141 3233 5212 ἄνθρωποι
3259 5180 3273 5202 ,
3304 5143 3406 5194 καὶ
3432 5138 3725 5210 ἀφορίσωσιν

509 5215 714 5270 illatam
752 5215 1010 5286 iniuriam
1049 5217 1270 5274 fortiter
1295 5219 1499 5282 ferens.
1537 5221 1745 5276 nemini
1784 5221 1890 5278 sim
1936 5223 2086 5293 inju-

2191 5229 2378 5284 ἓνεκεν
2407 5231 2502 5284 τοῦ
2531 5231 2664 5284 Υἰοῦ
2693 5229 2787 5284 τοῦ
2815 5230 3108 5302 ἀνθρώπου
3129 5247 3144 5262 ·
3195 5231 3441 5303 χαίρετε,
3477 5230 3562 5285 ml
3585 5224 3724 5294 ἀγαλ-

508 5315 663 5378 rius,
717 5311 807 5367 isti
879 5313 1248 5369 reddiderunt
1303 5316 1445 5369 mala
1495 5331 1598 5384 pro
1629 5313 1874 5370 bonis".
1929 5315 2086 5386 «Ego

2189 5320 2401 5384 λιᾶσθε,
2440 5322 2524 5376 ὅτι
2555 5324 2584 5376 6
2615 5323 2808 5393 μισθὸς
2836 5322 2993 5393 ὑμῶν
3023 5322 3190 5386 πολὺς
3219 5324 3276 5376 ἐν
3303 5325 3419 5385 τοῖς
3445 5320 3716 5392 οὐρανοῖς.»

507 5417 690 5462 autem
722 5405 966 5469 orabam,
998 5406 1144 5462 Deus
1167 5423 1345 5472 meus,
1367 5407 1521 5478 eripe
1555 5423 1644 5463 me
1666 5407 1736 5464 de
1757 5423 1925 5465 manu
1957 5422 2088 5464 con-

1713 5423 1736 5464 ε
1757 5423 1925 5465 manu
1957 5422 2088 5464 con-
2190 5411 2350 5483 Αὐτῷ
2381 5413 2414 5483 ἡ
2442 5411 2566 5479 δόξα
2599 5415 2678 5477 είς
2703 5415 2830 5477 τοὺς
2857 5413 3080 5477 αἰῶνας.
3119 5415 3309 5485 ’Δμήν.

511 5511 592 5556 tra
624 5501 800 5572 legem
835 5502 1050 5573 agentis
1079 5513 1136 5558 et
1167 5500 1344 5571 iniqui
1369 5504 1432 5557 ¹.¹.
1464 5523 1482 5554 ›
1527 5503 1732 5558 Paulus
1774 5503 1905 5558 item
1935 5519 1952 5556 :
1979 5523 1996 5554 ι
2018 5504 2090 5560 Ut
2124 5506 2256 5576 quid
2293 5522 2402 5562 non
2441 5506 2616 5578 magis
2673 5507 2935 5579 injuriam
2997 5509 3288 5579 patimini?
3317 5509 3426 5565 Sed
3459 5523 3548 5564 vos
3573 5501 3718 5561 facitis

605 5643 726 5718 sint:
758 5642 1052 5718 Exo(l._y_r_x_.
1091 5643 1184 5718 16ἐ
1290 5643 1530 5718 _‘_Levit.
1557 5662 1668 5718 χι),
1893 5648 2074 5718 ξίιιίό.
2122 5651 2201 5705 Η.

2122 5651 2208 5705 Η.
2284 5651 2326 5680 ’⁸
2364 5651 2524 5705 Ρτον.
2560 5667 2688 5713 xm,
2729 5653 2819 5718 22,
2851 5653 2940 5708 25.
3045 5653 3281 5708 'Mattb.
3313 5670 3368 5718 ν,
3412 5654 3497 5709 Η.
3586 5651 3713 5718 ‘Ml.

512 5725 608 5770 νη,
653 5707 729 5790 είὲξ
825 5785 841 5790 _
875 5717 918 5790 _'
947 5713 1084 5790 Vjide
1145 5713 1468 5790 Euse_b_i_um,
1509 5715 1801 5790 ic._9,‘lib.
1834 5717 2108 5790 ttEccl.Ht'

2117 5729 2182 5775 st.
2299 5722 2319 5752 ⁸
2345 5721 2362 5774 1
2388 5721 2538 5778 Petr.
2575 5738 2632 5788 ll,
2662 5707 2764 5790 90;
2795 5707 2873 5790 ιίι,
2911 5707 3000 5781 l6.
3075 5707 3162 5780 {ll
3186 5707 3475 5790 Vlietl-(triti
3557 5722 3573 5752 ⁸
3599 5715 3711 5774 νει.

509 5794 663 5847 ων,
698 5784 749 5837 7.
819 5785 844 5816 ³
867 5784 1012 5843 Psal.
1046 5800 1226 5850 cum,
1278 5783 1396 5842 ll3.
1505 5785 1546 5820 ¹⁶
1577 5785 1719 5844 Psal.
1751 5788 2026 5855 XXXIVJQ.
2103 5795 2105 5822 ⁵

1133 5801 1226 5850 rm,
1278 5783 1396 5842 ll3.
1505 5785 1546 5820 ¹⁶
1577 5785 1719 5844 Psal.
1751 5788 2026 5855 XXXIVJQ.
2103 5792 2142 5822 “
2173 5790 2313 5847 Psal.
2347 5792 2547 5859 1.33.4.
2619 5783 2629 5788 ⁷
2724 5791 2729 5801 ’
