4042 6432
323 353 457 418 1797
1040 355 1369 416 HOMILIA
1406 306 1636 418 CXVI-1.
1673 357 1859 416 --DE
1898 356 2358 419 GRATIARUM
2399 357 2744 420 ACTIONE.
3447 353 3582 421 1798

318 464 573 536 iniuriam
627 473 686 519 et
728 463 1026 529 fraudatis;
1060 473 1117 519 et
1159 465 1264 519 hoc
1317 465 1603 520 fratribus.
1654 467 1735 519 An
1785 482 1894 520 non
1935 465 2090 520 scitis
2113 466 2241 535 quia
2269 466 2442 535 iniqui
2485 482 2710 536 regnum
2753 465 2846 520 Dei
2887 481 2995 520 non
3038 466 3576 536 conscquentur"?»

317 561 442 617 Alio
474 560 604 615 item
631 560 795 616 loco:
833 579 852 612 ι
883 560 1356 616 Rememoramini
1399 563 1667 632 pristinos
1700 562 1820 617 dies
1885 563 1939 616 in
1977 563 2184 632 quibus
2221 563 2514 617 iiluminati
2573 579 2828 634 magnum
2908 572 3188 619 certamen
3243 563 3588 621 sustinuistis

317 655 672 722 passionum;
715 653 771 709 in
817 653 994 708 altero
1021 654 1248 724 quidem
1283 655 1598 725 opprobriis
1655 667 1712 712 et
1743 657 2194 713 tribulationibus
2221 657 2598 726 spectaculum
2654 656 2806 722 facti,
2881 655 2934 710 in
3003 658 3182 713 aitcro
3215 669 3402 714 autem
3449 657 3586 716 socii

321 748 502 802 taliter
549 745 999 802 conversantium
1054 746 1362 801 eﬂ‘ecti“.i
1425 748 1566 802 Dicit
1612 759 1796 804 autem
1834 759 1890 805 et
1964 750 2280 806 Dominus:
2322 749 2416 805 «Si
2451 750 2576 820 quis
2614 750 2986 820 angariavcrit
3017 758 3068 805 te
3105 752 3342 808 milliare
3388 769 3584 816 unum,

317 837 458 892 vade
485 853 609 892 cum
639 852 706 890 eo
729 844 786 890 et
819 836 970 902 duo;
1003 845 1060 891 et
1083 837 1133 892 ei
1164 837 1259 908 qui
1292 838 1412 892 vult
1450 847 1632 892 tecum
1666 839 1722 892 in
1759 839 1972 910 judicio
2015 839 2380 904 contendere,
2409 849 2464 893 et
2490 839 2730 894 tunicam
2769 848 2917 893 tuam
2949 839 3168 903 tollere,
3200 841 3418 898 dimitte
3449 843 3499 899 ei
3531 854 3589 898 et

319 931 546 1001 pallium
582 938 780 994 tuum;
819 929 862 981 si
901 928 1029 998 quis
1077 937 1128 982 te
1168 930 1510 999 percusserit
1546 930 1602 984 in
1629 929 1908 984 dexteram
1948 931 2250 996 maxillam,
2279 930 2462 1001 praebe
2497 930 2544 984 ei
2605 938 2660 986 et
2681 930 2882 996 aliam;
2913 930 3060 986 beati
3089 931 3238 986 enim
3271 933 3430 990 eritis
3461 951 3584 991 cum

319 1023 546 1078 oderint
596 1036 696 1074 vos
750 1019 1026 1083 homines,
1057 1030 1114 1075 et
1152 1022 1532 1091 separavcrint
1564 1029 1793 1092 propter
1821 1003 2332 1086 Filium'hominis;
2411 1018 2682 1089 gaudete,
2716 1018 2846 1088 quia
2891 1033 3104 1076 merces
3165 1033 3346 1078 vestra
3417 1025 3587 1079 multa

319 1123 408 1170 est
435 1115 490 1168 in
516 1112 880 1180 ccelis".»lpsi
913 1111 1088 1182 gloria
1122 1112 1174 1164 in
1200 1111 1422 1166 sacoma.
1450 1111 1646 1166 Amen.

920 1226 1140 1283 AUI‘QE
1167 1227 1312 1280 PIZ'.

821 1337 960 1406 Περὶ
989 1337 1401 1404 εὐχαριστίας.

396 1454 592 1528 Τοῦηὲν
625 1455 790 1506 παντὶ
816 1451 1166 1522 εὐχαριστεῖν
1215 1449 1496 1520 ὀφειλέται
1532 1448 1720 1516 ἐσμὲν.
1763 1449 1907 1500 κατὰ

322 1549 418 1603 τὸν
451 1545 794 1606 ’Λπόστο).ον.
824 1543 936 1596 εἴτε
953 1541 1440 1614 παρακαλούμεθα,
1461 1538 1904 1609 εἶτεθ).ι66μεῡα.

335 1639 397 1695 '0
426 1639 534 1709 γὰρ
564 1637 872 1705 προνοητὴς
902 1634 1010 1687 τῶν
1027 1633 1217 1704 ψυχῶν
1247 1633 1403 1703 ἡμῶν
1435 1630 1770 1702 Κύριος,τὰ;
1791 1629 1907 1682 0).!-

321 1733 451 1803 ψεις
487 1731 628 1800 ὑπὲρ
666 1730 762 1781 τοῦ
800 1728 1180 1797 συμφέροντος
1209 1725 1429 1792 ἐπάγει,
1460 1723 1536 1786 ὡς
1565 1724 1789 1793 ἄριστος
1823 1725 1904 1776 ία-

321 1824 488 1894 τρὸς·
518 1824 614 1877 καὶ
639 1822 764 1884 τούς
789 1821 1007 1890 δριμεῖς
1035 1817 1361 1888 καυστῆρας
1409 1817 1548 1888 πρὸς
1581 1816 1643 1869 τὸ
1690 1815 1907 1884 νόσημα

323 1917 653 1988 προσφέρει,
691 1913 779 1966 ἴνα
817 1911 1006 1982 ἄρτιος
1045 1909 1272 1980 γένηται
1302 1911 1330 1962 ὁ
1363 1907 1678 1979 ἄνθρωπος·
1713 1907 1807 1960 καὶ
1833 1907 1907 1968 ὡς

321 2005 680 2078 φιλόστοργος
714 2004 920 2074 πατὴρ,
977 2003 1106 2056 ὅταν
1132 2003 1232 2073 μὲν
1265 2003 1368 2072 δρᾷ
1419 2001 1514 2054 τὸν
1547 1999 1744 2054 ἑαυτοῦ
1791 2001 1908 2052 υἱὸν

321 2098 685 2161 ἀτακτοῦντα,
729 2095 976 2151 παιδεύει
1001 2111 1013 2124 ·
1050 2095 1178 2148 ὅταν
1201 2094 1258 2147 δὲ
1306 2094 1392 2164 ῖδῃ
1425 2091 1814 2162 ὀλιγωροῦντα,
1870 2093 1904 2162 ἢ

321 2173 720 2263 δυσφοροῦντα,
750 2187 1059 2260 παρακαλεῖ
1083 2203 1098 2217 ο
1141 2185 1313 2249 οὕτως
1362 2187 1510 2238 ποιεῖ
1537 2186 1670 2255 ἡμῖν
1703 2183 1907 2250 ἀγαοὸς

321 2284 484 2355 ἡμῶν
517 2282 794 2352 Δεσπότης
817 2281 912 2334 καὶ
945 2279 1158 2350 Πατὴρ,
1222 2278 1404 2331 πάντα
1439 2277 1577 2344 πρὸς
1605 2276 1669 2329 τὸ
1696 2277 1904 2346 cupps:-

325 2391 423 2447 ρον
455 2375 584 2445 ἡμῖν
613 2372 867 2444 ἐπιφέρει
889 2385 902 2400 ⁸
934 2370 1048 2424 εἴτε
1088 2369 1462 2440 παράκλησιν,
1493 2368 1604 2420 εἴτε
1633 2367 1902 2428 παιδείαν,

321 2465 403 2530 ὡς
431 2464 767 2535 φιλότεκνος.
800 2463 1017 2532 Ἡμεῖς·
1049 2457 1142 2514 οὖν
1185 2463 1243 2513 ὲν
1273 2463 1393 2523 ταῖς
1429 2459 1674 2528 Ολίψεσιν
1723 2459 1904 2511 πλεῖον

321 2556 618 2628 ὀφείλομεν
645 2555 1013 2626 εὐχαριστεῖν,
1039 2553 1115 2615 ὡς
1147 2553 1386 2623 γνήσιοι,
1417 2553 1509 2606 καὶ
1529 2551 1626 2620 οὐχ
1663 2549 1738 2612 ὡς
1755 2549 1900 2601 νὸῡοι
1939 2559 1975 2608 lt

324 2651 456 2704 υίοί.
498 2650 564 2704 Εἰ
589 2648 824 2721 Χριστὸς
852 2645 1129 2715 Δεσπότης
1164 2645 1286 2697 κατ’
1336 2643 1545 2709 οὐσίαν,
1581 2644 1677 2696 καὶ
1699 2643 1904 2694 Δεσπό-

322 2758 428 2813 της
459 2741 581 2794 κατ’
609 2737 942 2808 οἰκονομίαν.
981 2737 1127 2805 (Ὅτι
1165 2736 1259 2788 καὶ
1285 2735 1365 2805 μὴ
1423 2735 1584 2798 ὄντας
1628 2733 1904 2804 ἐποίησεν,

324 2833 425 2885 καὶ
451 2830 710 2894 θανόντας
737 2831 802 2899 τῇ
823 2828 1094 2899 ἁμαρτίᾳ,
1125 2826 1214 2878 διὰ
1238 2825 1334 2879 τοῦ
1363 2827 1495 2880 ίδίου
1525 2825 1758 2894 αἵματος
1819 2826 1906 2888 ἐξ·

325 2919 648 2992 ηγὸρασεν.)
683 2921 874 2988 Ἡμεῖς
906 2919 966 2972 δὲ
996 2919 1048 2971 οι
1079 2919 1293 2988 ἀχρεῖοι
1319 2916 1518 2982 δοῦλοι,
1547 2917 1708 2968 ποίαν
1740 2917 1906 2984 εὐχα-

327 3013 548 3083 ριστίαν
597 3011 877 3081 δυνάμεθα
929 3009 1080 3080 αὐτῷ
1131 3008 1445 3072 ἀποδοῦναι,
1491 3008 1614 3060 ἐπεὶ
1659 3009 1756 3061 ἐὰν
1787 3011 1908 3070 ταῖς

326 3103 654 3176 εὐημερίαις
671 3103 830 3174 μόνον
850 3102 1291 3172 εὐχαριστῶμεν,
1337 3100 1512 3170 ὅμοιοι
1535 3101 1907 3170 εὑρισκόμεθα

323 3200 442 3261 τοῖς
469 3195 788 3268 ἀχαρίστοις
820 3193 1098 3256 Ἰουδαίοις
1118 3210 1134 3226 ο
1173 3191 1395 3256 οἵτινες,
1431 3193 1562 3246 ὅταν
1602 3194 1701 3261 μὲν
1732 3191 1906 3262 ἐτρω-

323 3304 428 3358 γον
458 3289 517 3340 ὲν
565 3288 632 3356 τῇ
665 3284 862 3355 ἐρήμῳ
913 3279 1466 3350 θαυματουργοῦντος
1518 3279 1611 3333 τοῦ
1675 3279 1903 3348 Κυρίου,

324 3377 520 3447 ελεγον
550 3390 566 3406 ·
609 3394 630 3428 ‹
667 3371 836 3436 Οὗτός
883 3375 1032 3426 ἐστιν
1059 3369 1278 3439 ἀληθῶς
1331 3373 1361 3425 ὁ
1397 3372 1703 3440 προφήτης,
1757 3387 1776 3420 ι
1812 3369 1907 3421 καὶ

323 3469 521 3542 ἠθελον
557 3466 718 3520 αὐτὸν
747 3465 1016 3536 ἁρπάσαι,
1077 3463 1172 3516 καὶ
1205 3461 1432 3529 ποιῆσαι
1454 3461 1698 3531 βασιλέα.
1734 3461 1906 3514 Ὅταν

323 3560 387 3615 δὲ
417 3560 603 3628 ἔλεγεν
623 3559 830 3623 αὐτοῖς,
865 3575 884 3607 ι
925 3555 1280 3625 Ἐργὰζεσοε,
1310 3554 1384 3624 μὴ
1417 3553 1516 3621 τὴν
1578 3551 1781 3622 βρῶσιν
1807 3553 1906 3621 τὴν

324 3650 736 3719 ἀπολλυμένην,
766 3648 902 3702 ἁ).λὰ
923 3647 1022 3718 τὴν
1044 3648 1311 3716 μένουσαν
1343 3647 1426 3709 εἰς
1443 3643 1587 3714 ζωὴν
1604 3643 1844 3708 αἰώνιον,
1878 3663 1898 3696 ι

325 3743 538 3811 ἔλεγον,
594 3761 610 3794 ι
651 3740 716 3792 Τί
753 3742 981 3808 σημεῖον
1029 3736 1297 3800 δεικνύεις
1334 3739 1506 3807 ήμίν;
1555 3736 1618 3790 Οί
1671 3737 1907 3806 πατέρες

322 3835 490 3906 ἡμῶν
516 3833 579 3886 τὸ
620 3835 798 3901 μάννα
829 3835 1032 3900 ἔφαγον
1057 3831 1115 3883 ἐν
1144 3833 1208 3900 τῇ
1235 3830 1449 3900 ἐρήμῳ.
1500 3848 1518 3881 ι
1548 3829 1786 3890 Εἰκότως
1813 3823 1906 3882 οὖν

327 3925 565 3996 ἁρμόζει
585 3927 720 3994 ἡμῖν
745 3928 806 3974 τό
835 3938 848 3952 ο
881 3943 900 3970 ι
943 3921 1457 3992 Ἐξομολογήσονταί
1492 3922 1741 3984 σοι,ὅταν
1768 3923 1907 3989 ἀγα-

329 4017 501 4086 om;
547 4016 770 4080 αὐτούς.
807 4035 826 4066 ι
867 4016 1024 4068 Καὶὸ
1055 4014 1320 4076 τοιοῦτος,
1359 4033 1377 4064 ι
1421 4015 1566 4076 "Em;
1595 4011 1788 4075 αἰῶνος
1806 4011 1907 4065 οὐκ

327 4109 521 4180 δψεται
549 4109 690 4179 ιρῶς.
734 4126 758 4160 ι
781 4109 873 4176 Μὴ
903 4107 996 4160 οὖν
1025 4107 1386 4176 ὁμοιωοῶμεν
1422 4109 1536 4166 τοῖς
1561 4104 1904 4176 ἀχαρίστοις,

326 4201 447 4256 ἀλλ’
475 4200 548 4263 ὼς
585 4199 828 4270 μαθηταὶ
855 4199 954 4268 τῆς
987 4199 1209 4269 χάριτος
1250 4197 1556 4266 ὑπόδειγμα
1601 4196 1770 4266 αὐτῆς
1818 4194 1908 4249 διὰ

324 4294 428 4364 τῆς
485 4291 842 4363 εὐχαριστίας
877 4287 1190 4360 γενώμεθα,
1227 4289 1315 4342 ἵνα
1361 4290 1454 4342 καὶ
1487 4288 1640 4341 αὐτοὶ
1667 4286 1906 4357 δυνηθῶ-

328 4399 436 4443 σιν,
467 4366 704 4453 ὁρῶντες
725 4379 788 4432 τδ
819 4378 934 4448 φῶς
960 4377 1060 4449 τῆς
1091 4377 1444 4448 εὐχαριστίας
1468 4375 1644 4446 ἡμῶν,
1667 4377 1906 4446 ἀποστῆ-

334 4489 416 4524 Ιραι
447 4470 541 4524 τοῦ
578 4469 905 4540 κατέχοντος
944 4469 1143 4532 αὐτοὺς
1181 4468 1403 4530 σκότους
1439 4467 1534 4536 τῆς
1557 4467 1903 4536 ἀχαριστίας.

323 4561 402 4616 Τὸ
432 4559 540 4630 γάρ
563 4576 575 4589 ·
614 4577 634 4610 ι
656 4559 744 4612 Ἐν
778 4560 942 4611 παντὶ
975 4558 1374 4628 εὐχαριστεῖτε,
1407 4575 1427 4607 ι
1469 4559 1790 4627 περιεκτικὴ
1820 4559 1908 4608 ὲν-

317 4652 456 4720 τολή
491 4653 639 4703 ἐστιν
660 4665 674 4678 ·
705 4648 820 4702 εῐτε
859 4647 1091 4718 εὐθυμεῖ
1117 4647 1221 4712 τις,
1253 4649 1362 4700 εἴτε
1397 4646 1617 4716 ἀθυμεῖ,
1645 4646 1755 4699 εἴτε
1797 4645 1908 4700 ολι-

324 4743 506 4808 6εται,
538 4740 653 4793 εῐτε
681 4739 890 4810 χαίρει,
923 4737 1212 4808 ὀφειλέτης
1236 4736 1385 4790 ἐστὶν
1407 4737 1500 4790 τού
1521 4737 1868 4807 εὐχαριστεῖν
1888 4755 1902 4767 ο

321 4829 436 4896 οἷος
460 4829 529 4904 ἦν
557 4836 584 4887 ὁ
613 4833 790 4903 μέγας
829 4830 970 4885 Ἰὡ6.
1005 4829 1302 4892 ’Δπολέσας
1337 4828 1446 4898 γὰρ
1469 4829 1648 4883 πάντα
1674 4831 1741 4882 τὰ
1773 4831 1905 4882 ἑαυ-

322 4925 446 4990 τοῦ,
483 4925 563 4978 ἔτι
601 4925 656 4978 δὲ
679 4928 778 4978 καὶ
801 4923 900 4995 τὴν
921 4919 1302 4994 δεκ[άστεγον]
1331 4922 1524 4974 καλιὰν
1542 4921 1652 4974 τῶν
1675 4921 1904 4987 τέκνων,

326 5016 754 5088 συγχωσθέντων
775 5014 956 5070 αὐτῶν
987 5014 1094 5067 ὑπὸ
1125 5012 1558 5084 συμπτώματος,
1581 5015 1637 5066 ὲν
1659 5013 1737 5085 τῷ
1769 5031 1906 5083 συμ,

324 5110 526 5180 ποσίῳ,
561 5107 964 5180 εὐχαριστήσας
1009 5105 1195 5172 ἔλεγεν
1219 5121 1234 5135 ·
1273 5123 1291 5156 ι
1335 5103 1394 5158 '0
1447 5105 1650 5176 Κύριος
1679 5105 1902 5168 ἔδωκεν,

2415 1219 2632 1290 1219
2669 1220 2953 1277 llOBllLlA
2995 1223 3200 1281 CXVII.

2466 1334 2537 1386 ile
2563 1335 2864 1405 gratiarum
2900 1337 3124 1391 actione.

2079 1442 2206 1496 Sive
2247 1443 2349 1512 ipsi
2385 1445 2761 1510 consolamur,
2787 1447 2904 1500 sive
2936 1447 3160 1502 atllictat
3183 1464 3285 1506 nos
3316 1453 3587 1524 quaepiam

2008 1533 2318 1597 tribulatio,
2376 1545 2432 1589 et
2481 1552 2816 1606 quocunque
2886 1540 2940 1594 iu
3001 1549 3146 1594 statu
3209 1544 3586 1614 consistimus,

2002 1626 2157 1697 juxta
2186 1629 2541 1696 apostolicam
2575 1631 2930 1695 sententiam,
2965 1635 3266 1702 gratiarum
3310 1638 3585 1694 actionem

2007 1717 2276 1772 debemus
2315 1720 2621 1773 exsolvere.
2655 1719 2922 1774 Dominus
2955 1723 3101 1776 enim
3147 1724 3451 1780 animarum
3485 1743 3588 1782 uo-

2007 1820 2247 1865 strarum
2305 1821 2531 1866 curator
2568 1813 3107 1880 providentissimus.
3153 1817 3383 1885 perinde
3423 1828 3589 1890 atque

2010 1919 2154 1957 unus
2188 1903 2392 1972 aliquis
2443 1901 2669 1957 medicfe
2716 1903 2794 1956 rei
2836 1905 3372 1974 experientissimus,
3396 1919 3590 1964 nostro

2007 1995 2254 2050 onmium
2313 1996 2434 2049 usui
2499 1996 2793 2050 consulens
2857 1997 3488 2070 tribulationcsinlligit,
3530 2009 3589 2055 et

2008 2089 2369 2143 acrimoniam
2436 2089 2906 2158 asperitatemque
2954 2092 3168 2159 urentis
3219 2094 3450 2148 cauterii
3490 2095 3590 2148 ad-

2009 2196 2204 2235 versus
2237 2181 2637 2236 coalescentem
2672 2180 2928 2236 morbum
2959 2181 3236 2245 admovet,
3284 2182 3497 2252 integer
3525 2192 3588 2238 ut

2009 2271 2081 2325 sit
2107 2271 2271 2325 homo
2298 2279 2354 2324 et
2384 2271 2694 2324 incolumis.
2724 2271 2790 2324 Et
2825 2280 3078 2340 tanquam
3105 2273 3266 2327 Pater
3297 2272 3352 2326 in
3377 2273 3586 2328 liberos

2008 2363 2404 2432 pientissimus,
2454 2363 2497 2416 si
2543 2363 2770 2432 quando
2815 2364 3174 2432 perpenderit
3221 2379 3380 2418 suum
3412 2365 3588 2434 ipsius

2010 2455 2188 2509 ﬁlium
2213 2453 2496 2525 quidpiam
2531 2456 2823 2526 designare
2846 2455 3117 2518 indecori,
3143 2457 3370 2527 castigat
3396 2457 3582 2510 illum:

2007 2547 2151 2616 quod
2190 2548 2235 2602 si
2261 2547 2604 2616 perspexerit
2628 2548 2922 2619 neglectim
2949 2543 3247 2603 admittere
3271 2549 3584 2618 correptio-

2009 2656 2154 2704 nem,
2189 2650 2283 2694 aut
2313 2641 2605 2710 implacido
2631 2642 2796 2706 ferre,
2827 2641 3156 2698 obsecratet
3189 2641 3472 2708 hortatur;
3511 2641 3588 2698 ita

2009 2733 2294 2787 uobiscum
2322 2735 2434 2804 agit
2469 2733 2742 2804 benignus
2778 2744 2968 2788 noster
2996 2735 3263 2788 Dominus
3289 2751 3353 2789 ac
3381 2735 3542 2789 Pater
3569 2751 3584 2799 ;

2007 2839 2130 2894 qua:
2163 2825 2317 2879 novit
2349 2835 2551 2880 nostra:
2601 2826 2890 2895 profutura
2915 2827 3103 2891 saluti,
3136 2827 3348 2881 invehit
3375 2827 3586 2888 omnia.

2011 2915 2130 2970 sive
2177 2915 2560 2970 consolatione
2615 2931 2757 2984 opus
2794 2923 2879 2969 est
2931 2925 3028 2968 aut
3078 2925 3227 2969 certe
3287 2915 3589 2984 asperitato

2009 3007 2398 3077 correptionis,
2454 3005 2638 3076 utqui
2703 3015 2811 3060 tam
2871 3015 3121 3061 amanter
3173 3006 3358 3062 erudit
3423 3007 3600 3063 tilias.

2009 3099 2495 3154 Tribulatiouibus
2529 3097 2698 3168 igitur
2742 3098 2916 3152 attriti
2963 3107 3220 3168 tanquam
3255 3099 3484 3168 genuini
3523 3113 3590 3154 ac

2007 3191 2399 3262 legitimi,-non
2450 3191 2580 3245 item
2625 3200 2686 3244 ut
2727 3189 2922 3259 spurii,
2957 3197 3109 3244 tanto
3137 3191 3461 3259 ampliorem
3487 3191 3588 3246 de-

2009 3284 2206 3338 bemus
2241 3282 2544 3352 rependere
2574 3283 2876 3352 gratiarum
2915 3281 3216 3336 aetionem.
3245 3281 3301 3336 Si
3331 3283 3588 3338 Christus

2007 3384 2204 3444 suapte
2238 3374 2550 3430 substantia
2595 3373 2860 3427 Dominus
2905 3381 2988 3427 est
3039 3382 3250 3436 noster,
3284 3373 3330 3428 si
3359 3373 3502 3428 idem
3530 3383 3589 3430 et

2007 3463 2274 3518 Dominus
2311 3471 2396 3518 est
2437 3461 2852 3532 dispensatione
2895 3471 3192 3531 assumptus
3226 3463 3412 3517 carnis
3445 3465 3589 3532 (ipse

2006 3557 2178 3619 enim,
2211 3569 2334 3616 nos,
2363 3569 2488 3608 cum
2521 3568 2633 3606 non
2678 3542 2950 3616 essemus,
2981 3553 3253 3614 condidit,
3287 3555 3584 3608 conditos:

2007 3645 2101 3700 sed
2146 3646 2360 3715 peccati
2413 3643 2701 3715 tyrannide
2751 3653 3021 3708 mortuos,
3089 3645 3312 3714 proprio
3339 3646 3588 3709 ,rcdemit

2008 3738 2321 3808 sanguine),
2370 3751 2474 3791 nos
2505 3735 2734 3790 inutiles
2774 3737 2942 3800 servi,
2976 3751 3140 3806 quam
3183 3737 3263 3790 illi
3311 3737 3588 3796 resolvere

2009 3830 2228 3901 dignam
2286 3844 2584 3899 possumus
2637 3828 2936 3900 gratiarum
2982 3829 3291 3885 actionem?
3339 3831 3493 3898 Quod
3537 3832 3586 3887 si

2011 3932 2126 3988 tum
2158 3921 2362 3992 gratias
2390 3919 2773 3990 rependimus,
2817 3919 3090 3990 tantisper
3120 3919 3253 3975 dum
3288 3922 3590 3979 commode

2007 4015 2297 4080 habemus,
2329 4013 2476 4068 felici
2531 4027 2718 4066 rerum
2771 4012 3056 4067 laetissime
3105 4012 3422 4067 cadentium
3453 4029 3586 4070 suc-

2005 4121 2187 4171 cessu,
2243 4106 2420 4160 nihilo
2449 4103 2929 4174 deprehendimur
2962 4103 3192 4174 ingratis
3223 4104 3337 4160 illis
3378 4105 3588 4162 Judaeis

2004 4197 2304 4252 dissimiles
2331 4213 2344 4250 :
2371 4195 2490 4266 qui,
2521 4210 2648 4250 cum
2674 4195 2906 4250 Domino
2929 4195 3281 4264 suspicienda
3315 4197 3586 4254 miracula

2005 4289 2227 4354 edente,
2264 4289 2319 4343 in
2353 4303 2542 4343 eremo
2575 4281 2940 4343 vescerentur
2973 4287 3234 4358 panibus,
3266 4288 3534 4344 dicebant
3567 4307 3584 4346 :

2014 4402 2032 4434 ι
2068 4381 2169 4436 llic
2197 4391 2284 4436 est
2313 4396 2441 4434 vere
2474 4379 2759 4450 propheta
2788 4381 2852 4445 ",
2885 4399 2906 4432 ι
2941 4395 3178 4450 eumque
3229 4395 3402 4452 prope
3431 4397 3584 4438 arre-

2008 4482 2164 4544 ptum
2208 4486 2393 4542 regem
2445 4480 2607 4526 erant
2654 4471 2876 4527 facturi.
2914 4471 2985 4527 At
3018 4472 3115 4526 ubi
3147 4473 3268 4528 istis
3299 4481 3406 4528 tam
3441 4475 3588 4530 male

2005 4564 2178 4636 gratis
2205 4563 2468 4618 dicebat:
2509 4583 2527 4614 ι
2555 4562 2878 4634 Operamini
2913 4580 3022 4618 non
3055 4564 3242 4620 cibum
3287 4565 3381 4634 qui
3417 4566 3583 4636 perit,

2005 4654 2102 4710 sed
2131 4653 2229 4725 qui
2260 4662 2446 4712 manet
2476 4655 2531 4709 in
2559 4654 2730 4708 vitam
2752 4665 3018 4710 aeternam
3041 4656 3106 4722 “,
3139 4673 3159 4707 ι
3206 4656 3540 4728 subjunxere
3565 4678 3582 4713 :

2013 4769 2032 4800 ι
2050 4748 2208 4816 Quod
2237 4747 2454 4818 signum
2482 4747 2733 4800 ostendis
2755 4745 2951 4800 nobis?
2975 4745 3168 4801 Patres
3193 4748 3368 4801 nostri
3397 4763 3586 4803 come-

2007 4841 2212 4896 derunt
2254 4852 2458 4893 manna
2492 4837 2548 4891 in
2597 4837 2898 4891 deserto".
2920 4855 2940 4888 ι
2968 4835 3063 4890 Sic
3093 4837 3242 4890 enim
3285 4837 3488 4894 merito
3525 4839 3584 4894 in

2005 4945 2109 4986 nos
2156 4927 2406 4999 apposite
2468 4926 2897 4996 detorquebitur
2956 4926 3134 4982 illud:
3168 4947 3188 4978 ι
3212 4926 3585 4983 Conﬁtebitur

2007 5019 2108 5073 tibi
2139 5033 2266 5073 cum
2316 5015 2662 5072 beneieceris
2693 5015 2827 5070 ei".
2863 5036 2881 5068 ι
2925 5016 3028 5082 Qui
3074 5017 3236 5088 plane
3275 5017 3402 5073 talis
3431 5031 3586 5074 com-

2006 5107 2256 5179 perietur
2288 5122 2302 5160 :
2335 5125 2354 5156 ‹
2383 5105 2570 5176 Usque
2635 5107 2692 5160 in
2753 5107 3016 5162 sazculum
3070 5123 3181 5162 non
3237 5106 3454 5162 ridebit
3499 5109 3584 5162 lu-

322 5203 356 5256 ὁ
385 5201 590 5273 Κύριος
606 5199 898 5275 oga-silum.
938 5199 1026 5262 Ὠς
1057 5197 1136 5268 τῷ
1170 5199 1360 5269 Κυρίῳ
1388 5197 1587 5265 ἔδοξεν,
1615 5197 1788 5262 οὕτως
1805 5201 1897 5252 καὶ

2009 5216 2134 5256 men
2162 5201 2226 5253 ".
2252 5217 2272 5250 ι
2311 5198 2392 5254 Ne
2422 5199 2652 5271 (quaesti)
2684 5207 2792 5253 tam
2821 5215 3018 5256 averse
3055 5211 3238 5271 gratos
3273 5215 3584 5271 repraeseno

323 5296 572 5365 ἑγένετο’
591 5294 676 5366 εἴη
704 5295 764 5348 τὸ
789 5295 960 5372 ονομα
982 5293 1184 5364 Κυρίου
1215 5291 1603 5362 εὐλογημένον.
1639 5311 1659 5344 ι
1696 5293 1804 5345 Καὶ
1835 5291 1897 5342 οὐ

327 5388 491 5458 μόνον
517 5387 696 5451 τοῦτο,
724 5386 860 5439 ἀλλὰ
903 5390 992 5438 καί
1048 5387 1106 5436 ἐν
1140 5386 1204 5454 τῇ
1237 5385 1442 5455 κοπρίᾳ
1470 5384 1800 5452 καθήμενος,
1843 5385 1901 5436 ἐν

323 5478 536 5549 σαπρίᾳ
562 5478 880 5546 σκωλήκων,
933 5478 1028 5528 καὶ
1060 5476 1300 5536 ἀκούσας
1346 5477 1496 5542 παρὰ
1539 5475 1634 5543 τῆς
1671 5475 1900 5542 συμϐίου

321 5571 494 5626 αὐτοῦ
539 5571 601 5626 τό
621 5588 632 5602 ⁸
673 5591 692 5623 ι
725 5569 859 5624 Εἰπὲ
891 5570 1044 5640 ῥῆμα
1075 5569 1206 5635 πρὸς
1239 5566 1463 5638 Κύριον.
1491 5569 1583 5620 καὶ
1611 5567 1892 5634 celatim,»

389 5683 485 5740 “'l
517 5687 644 5742 Cor.
703 5701 772 5745 τι.
814 5685 932 5742 7-9.
1016 5686 1056 5718 η
1101 5685 1268 5742 llebr.
1334 5701 1384 5748 ς,
1419 5685 1608 5742 52.35.

317 5759 362 5791 ⁸⁷
391 5753 526 5812 ibid.
557 5759 644 5812 5i.
726 5757 770 5788 "'
798 5757 942 5810 Psal.
985 5773 1169 5814 xt.vttt.
1205 5756 1290 5810 19.
1373 5758 1413 5788 ‘9
1446 5757 1576 5812 ibid.
1621 5758 1706 5810 ll.

1692 5687 1735 5720 “
1766 5687 1955 5744 Matth.
1992 5706 2041 5756 ν,
2093 5685 2284 5748 5941,
2333 5683 2420 5751 Η,
2480 5683 2566 5739 12.
2648 5684 2874 5742 "Joan.
2930 5702 3002 5750 rt,
3039 5687 3126 5742 Η.

2011 5301 2190 5346 temus
2228 5306 2444 5346 morum
2482 5290 2873 5358 similitudine,
2905 5293 3080 5363 magis
3105 5301 3290 5348 autem
3323 5294 3580 5364 discipuli

2005 5383 2199 5453 gratiae
2242 5381 2340 5452 qui
2381 5397 2594 5446 sumus,
2637 5381 2811 5438 simus
2859 5365 2958 5454 per
2988 5384 3364 5439 continentem
3403 5388 3584 5442 actio-

2008 5490 2134 5529 nem
2161 5474 2465 5545 gratiarum
2502 5473 2616 5529 illis
2642 5477 2916 5545 exemplo.
2953 5484 3014 5530 ut
3045 5477 3100 5530 in
3148 5477 3308 5531 nobis
3337 5487 3584 5534 contem-

2011 5566 2144 5638 plati
2183 5566 2374 5621 lumen
2413 5567 2804 5638 splendescere
2839 5569 2942 5638 piae
2977 5569 3350 5640 gratitudinis,
3376 5583 3582 5640 queant

3214 5688 3258 5721 ¹⁶
3283 5685 3416 5741 ibid.
3478 5684 3574 5741 27.
