4042 6440
540 309 681 376 1799

1811 302 2178 364 ANTIOCHI
2217 301 2563 362 MONACHI
3629 310 3734 379 1330

537 435 568 475 a
593 417 922 475 densissima
961 415 1199 488 caligine
1239 415 1662 488 ingratitudinis
1695 431 1806 486 qua
1837 415 2122 470 obvallan-

2226 412 2590 482 ἐπιστομίσας
2605 411 2703 466 αὐτ
2715 411 2778 484 ὴν
2805 411 2976 482 λέγει·
3020 433 3038 464 ι
3067 412 3187 468 Ἵνα
3207 415 3260 468 τί
3276 412 3348 479 ὡς
3378 415 3469 486 μία
3487 417 3582 470 τῶν
3607 423 3738 492 ἀφιλά-

543 517 656 573 ῑιιι·,
693 525 996 580 emcrgcre.
1040 507 1179 564 Illud
1249 509 1400 562 enim
1459 507 1614 562 Pauli
1653 523 1667 560 :
1700 505 1804 560 «In
1859 505 2122 560 omnibus

538 601 679 672 grati
717 610 898 657 estote
919 603 964 633 ²⁰
987 617 1002 666 ;
1029 621 1048 653 ι
1082 601 1138 655 in
1183 615 1391 671 genere
1424 599 1538 654 vim
1579 599 1793 653 obtinet
1832 597 2118 668 praecepti,

539 695 658 750 sive
690 695 816 764 quis
848 692 1018 747 animi
1043 691 1397 762 jucunditate
1427 689 1752 762 perfruitur,
1789 689 1908 744 sive
1944 688 2122 743 tribu-

539 786 768 850 latione,
803 785 918 840 sive
961 784 1154 839 nubilo
1198 783 1402 854 tegitur
1439 781 1702 846 tristitia,
1735 789 1792 834 et
1823 779 2120 835 alllictatur

539 879 760 941 anxius,
784 887 1047 932 autcerte
1084 875 1421 931 dill‘unditur
1455 873 1680 944 gaudio,
1715 873 1883 927 debet
1913 873 2122 928 nihilo-

541 970 729 1024 minus
751 985 914 1040 agere
942 970 1246 1039 gratiarum
1285 968 1562 1022 actionem
1590 983 1603 1019 ε
1637 967 1818 1037 qualis
1850 967 1988 1021 nihil
2021 966 2122 1020 0b-

541 1077 704 1116 scure
737 1062 848 1115 fuit
873 1060 1112 1115 eximius
1141 1059 1232 1115 ille
1270 1059 1397 1114 Job.
1421 1059 1474 1114 Is
1497 1061 1646 1114 enim
1679 1059 1917 1129 perditis
1949 1059 2122 1114 semel

541 1155 824 1218 erunibus,
873 1153 1088 1222 1220
1136 1151 1302 1206 domo
1348 1151 1578 1220 insuper
1612 1151 1803 1206 decem
1838 1153 2124 1221 contigna-

543 1245 790 1302 tionibus
825 1244 1106 1314 fastigiosa
1149 1243 1436 1312 adtequata
1478 1245 1620 1308 solo,
1648 1243 1743 1298 sed
1781 1254 1838 1298 ct
1867 1243 1994 1296 ﬁliis
2019 1244 2124 1309 (in—

542 1340 704 1394 terim
736 1339 866 1393 dum
897 1337 1100 1408 geniali
1145 1338 1312 1407 epulo
1347 1338 1587 1392 invitant
1629 1353 1688 1392 se
1721 1347 1777 1391 et
1806 1334 2120 1406 indulgent)

541 1433 701 1486 ruina
729 1433 1047 1502 oppressis:
1081 1445 1245 1501 quam
1286 1431 1544 1485 Domino,
1573 1446 1674 1500 pro
1727 1429 1816 1483 his
1865 1429 2125 1498 rependit

540 1523 842 1592 gratiarum
893 1523 1205 1577 actionem?
1238 1523 1534 1586 Nimirum,
1572 1532 1802 1592 accepto
1842 1521 1949 1575 hoc
1981 1537 2124 1575 nun-

540 1617 639 1681 tio,
686 1616 948 1671 dicebat:
997 1617 1304 1671 «Dominus
1350 1615 1525 1680 dedit,
1554 1614 1821 1669 Dominus
1869 1613 2120 1678 abstulit,

2223 523 2332 561 νων
2365 505 2643 575 γυναικῶν
2686 505 2986 578 ὲλάλησας;
3026 509 3076 561 εί
3099 507 3170 561 τὰ
3201 509 3379 577 ἀγαθᾶ
3394 511 3661 582 ἐδεξάμεθα
3691 519 3741 574 ὲκ

2226 597 2413 670 χειρὸς
2439 597 2671 668 Κυρίου,
2726 599 2794 652 τὰ
2831 599 2981 653 κακὰ
3023 599 3124 670 οὐχ
3157 600 3483 672 ὐποίσομεν;
3537 623 3554 656 ι
3592 606 3745 674 Οῦτως

2225 688 2553 762 γνωρίζεται
2605 690 2633 742 ὁ
2685 688 2939 757 ἀληθινὸς
2966 690 3306 762 εὐχάριστος,
3331 695 3359 746 ὁ
3390 694 3447 746 ὲν
3492 698 3598 759 ταῖς
3628 701 3746 767 μεγίο

2229 795 2384 842 σταις
2418 781 2730 850 συμφοραῖς
2752 779 3290 852 ἀνθομολογούμενος
3310 784 3386 854 τῷ
3415 785 3608 858 Κυρίῳ.
3634 788 3750 843 Γνώ-

2230 873 2406 940 ρισμα
2466 871 2523 923 δὲ
2557 869 2652 923 τοῦ
2687 870 3010 942 ἀχαρίστου,
3069 873 3130 927 τὸ
3167 875 3534 947 μεμψίμοιρον
3555 881 3607 931 ὲν
3656 883 3752 946 rei;

2226 961 2497 1032 θλίψεσιν,
2537 963 2600 1016 τὸ
2634 957 3025 1032 γογγυστικὸν,
3077 967 3138 1020 τὸ
3169 964 3450 1036 ἄχθεσθαι,
3483 969 3542 1022 τὸ
3593 972 3755 1026 ﬁrmio-

2224 1053 2466 1123 γεῖσθαι,
2497 1055 2592 1108 καὶ
2619 1053 2687 1108 τὰ
2725 1055 2936 1121 τούτοις
2967 1057 3152 1129 ὃμοια.
3183 1060 3244 1113 Ὀ
3272 1059 3328 1113 δὲ
3348 1063 3656 1134 καρτερικδς
3685 1069 3757 1120 καὶ

2225 1146 2434 1210 πλατὺς
2462 1149 2520 1200 ἐν
2543 1147 2790 1216 θλίψεσιν
2815 1149 3005 1217 Δαυῖδ,
3042 1149 3167 1204 ἰδὼν
3190 1151 3272 1204 ὅτι
3299 1153 3556 1224 τέθνηκεν
3579 1155 3633 1209 τὸ
3658 1175 3759 1211 παι.

2225 1237 2432 1309 δὰριον,
2481 1241 2682 1311 ἀνέστη
2730 1242 2795 1296 ἐκ
2829 1243 2929 1313 τῆς
2983 1243 3110 1314 γῆς,
3150 1246 3244 1297 καὶ
3287 1246 3674 1316 προσεκύνησεν
3700 1251 3759 1322 τῷ

2227 1331 2450 1402 Κυρίῳ·
2478 1332 2579 1384 καὶ
2607 1333 2796 1388 ἄλλοτε
2847 1334 3030 1404 ἔλεγεν
3047 1352 3067 1377 ι’
3104 1356 3123 1388 ι
3162 1337 3265 1402 Τίς
3312 1339 3432 1408 ειμι
3467 1339 3590 1408 ἐγὼ,
3621 1341 3757 1414 Κύριέ

2228 1440 2351 1492 μου,
2386 1423 2584 1495 Κύριε,
2604 1426 2686 1479 ὃτι
2716 1427 3010 1499 ἠγάπησάς
3038 1446 3106 1498 με
3139 1429 3246 1493 ἕως
3271 1429 3510 1497 τούτω-ις
3532 1451 3550 1483 ι
3585 1432 3760 1489 Καὶαῦ·

2227 1514 2310 1578 θις
2339 1515 2605 1588 ὐμνῳδῶν
2633 1517 2843 1587 ἔλεγεν·
2885 1539 2902 1570 ‹
2941 1521 3131 1574 Πάντα
3151 1521 3224 1574 τὰ
3248 1522 3384 1575 όστᾶ
3432 1539 3532 1592 μου
3559 1525 3756 1594 ἐροῦσιν,

2226 1609 2422 1680 Κύριε,
2459 1609 2654 1681 Κύριε,
2681 1612 2766 1675 τίς
2797 1612 2983 1682 ὅμοιός
3018 1629 3134 1678 σοι;
3168 1613 3433 1684 ῥυόμενος
3480 1615 3672 1684 πτωχὸν
3711 1620 3760 1671 ἐκ

539 1711 687 1764 sicut
720 1711 950 1764 Domino
986 1711 1217 1778 placuit,
1241 1709 1316 1763 ita
1339 1719 1392 1762 et
1437 1707 1642 1762 factum
1664 1717 1784 1762 est:
1816 1705 1888 1762 sit
1921 1721 2121 1760 nomen

2226 1700 2410 1772 χειρὸς
2485 1703 2873 1775 στερεωτέρων
2933 1703 3139 1757 αὐτῶν.
3201 1723 3222 1754 ι
3259 1704 3374 1756 Καὶ
3423 1705 3612 1758 πάλινο
3645 1725 3662 1757 ι
3709 1711 3760 1762 ’Δ

540 1799 760 1853 Domini
794 1776 1226 1854 benedictum".
1252 1816 1270 1850 ι
1307 1799 1423 1865 Nec
1445 1806 1675 1852 eatenus
1709 1797 1882 1852 solum
1913 1795 2123 1865 perspi-

2229 1790 2495 1859 ἐποίησάς
2531 1808 2622 1862 μοι
2656 1790 2940 1862 μεγαλεῖα,
2976 1794 3004 1845 ὁ
3034 1792 3203 1855 Θεόςο
3245 1793 3328 1854 τίς
3359 1794 3542 1864 ὅμοιός
3575 1799 3760 1862 σοι;ἒτι

538 1907 708 1945 cuum
736 1893 1016 1964 specimen
1057 1891 1233 1945 edidit
1281 1907 1393 1945 sua:
1431 1891 1486 1944 in
1527 1891 1702 1946 Deum
1744 1888 2120 1960 gratitudinis,

539 1983 639 2038 sed
684 1993 742 2037 et
779 1983 835 2036 in
877 1982 1232 2051 sterquilinio
1277 1981 1497 2048 sedens,
1537 1983 1594 2036 in
1644 1983 1911 2037 vermium
1933 1997 2120 2037 erum-

539 2073 792 2144 pentium
823 2074 1043 2128 saniosa
1081 2073 1396 2128 consistens
1425 2074 1740 2144 putredine,
1771 2075 1934 2129 simul
1960 2083 2123 2144 atque

537 2166 825 2220 convivam
859 2181 1088 2220 uxorem
1115 2165 1328 2219 audivit
1359 2165 1714 2236 objicientem
1744 2167 1883 2222 illud
1923 2185 1934 2220 :
1969 2186 1987 2218 ι
2025 2167 2124 2223 Dic

538 2258 770 2312 verbum
795 2257 1060 2312 adversus
1094 2258 1390 2312 Dominum
1421 2269 1478 2314 et
1507 2275 1723 2315 morere
1747 2261 1831 2324 ²²;
1864 2279 1882 2312 ι
1921 2277 1984 2316 os
2019 2260 2124 2314 im-

537 2347 772 2418 pudenti
808 2347 1112 2414 obturavit,
1149 2348 1345 2404 dicens
1378 2366 1392 2402 :
1437 2369 1456 2400 ‹
1483 2349 1650 2416 Quasi
1687 2367 1796 2405 una
1837 2351 1904 2406 de
1939 2352 2124 2407 stultis

538 2439 872 2494 mulieribus
896 2441 1079 2494 locuta
1106 2456 1167 2495 es
1195 2458 1208 2494 :
1232 2441 1277 2496 si
1313 2441 1460 2495 bona
1490 2442 1838 2512 suscepimus
1865 2443 1933 2498 de
1960 2460 2124 2498 manu

539 2530 782 2595 Domini,
816 2530 961 2584 mala
984 2530 1178 2600 quidni
1219 2531 1594 2586 sustineamus
1610 2532 1730 2586 ’3?)
1771 2531 1885 2587 Hoc
1921 2531 2125 2603 insigni

537 2633 870 2695 argumento
919 2623 1321 2678 internoscitur
1355 2625 1450 2693 qui
1507 2624 1646 2679 nihil
1694 2625 1878 2680 fucate
1937 2633 2127 2695 gratus

539 2724 647 2780 est,
695 2715 828 2771 dum
886 2716 1034 2770 inter
1068 2715 1280 2770 medias
1339 2716 1720 2786 deprehensus
1762 2717 2122 2784 calamitates,

542 2815 662 2864 toto
699 2815 928 2877 pectore
965 2809 1172 2878 gratias
1205 2807 1319 2879 agit
1353 2807 1608 2862 Domino.
1653 2807 1879 2876 Contra,
1917 2825 2126 2878 cogno-

539 2897 738 2952 scibile
779 2897 1051 2952 indicium
1107 2897 1212 2952 viri
1264 2897 1406 2952 male
1435 2898 1578 2968 grati
1613 2917 1625 2952 :
1661 2899 1708 2954 is
1739 2899 1871 2954 dum
1905 2899 2128 2970 angitur

541 2988 803 3058 quapiam
831 2988 1212 3053 tribulatione,
1245 2989 1290 3043 si
1318 2999 1410 3042 est
1435 2989 1724 3058 querulus,
1761 2990 1808 3046 si
1843 3006 2127 3047 murmure

550 3077 927 3146 interstrepil,
961 3079 1006 3132 si
1041 3076 1412 3133 diseruciatur
1440 3079 1511 3133 ob
1543 3079 1648 3136 hoc
1669 3081 1891 3146 misere,
1928 3081 1974 3136 si
2001 3081 2124 3136 tue-

547 3180 639 3226 tur
668 3185 893 3225 causam
943 3185 1098 3224 suam
1152 3179 1209 3226 et
1235 3179 1492 3226 -excusat
1530 3171 1906 3228 innocentiam
1945 3181 2045 3228 :et
2077 3173 2124 3228 si

540 3277 652 3331 qua
687 3261 775 3316 bis
808 3261 1032 3316 similia.
1068 3261 1234 3316 David
1272 3261 1404 3314 item
1443 3277 1576 3317 sane
1623 3279 1788 3332 quam
1821 3263 2128 3318 adversita-

541 3355 617 3409 tis
668 3354 932 3418 tolerans,
987 3354 1230 3424 dumque
1295 3354 1655 3409 alllietaretur
1711 3357 1767 3411 in
1831 3356 2127 3412 latitudine

539 3443 731 3498 cordis
780 3458 1135 3513 permanens,
1191 3451 1250 3496 ut
1301 3445 1538 3513 primum
1573 3455 1808 3499 mortem
1857 3445 2128 3501 intellexit

537 3537 787 3606 pueruli,
821 3551 850 3590 e
879 3544 1026 3591 terra
1060 3535 1241 3589 erexit
1287 3542 1438 3590 seet
1477 3537 1708 3605 supplex
1740 3537 1992 3592 adoravit
2023 3537 2128 3593 Do-

541 3627 776 3684 minum.
813 3627 866 3682 ls
895 3642 1292 3696 nonnunquam
1328 3627 1549 3687 dicebat
1579 3646 1593 3681 :
1628 3647 1645 3680 ι
1669 3629 1804 3694 Quis
1841 3645 1963 3684 sum
1999 3644 2122 3707 ego,

539 3721 774 3776 Domine
798 3720 892 3782 mi,
944 3719 1020 3772 mi
1073 3720 1326 3785 Domine,
1357 3720 1451 3791 qui
1475 3721 1532 3775 in
1567 3729 1778 3776 tantum
1815 3737 1901 3776 me
1934 3721 2126 3776 dilexi-

538 3810 757 3869 sti”?i
802 3808 1019 3865 Rursus
1067 3810 1303 3882 hymnos
1347 3819 1511 3864 cantu
1539 3809 1754 3866 mellieo
1793 3826 2120 3880 personans.

539 3903 809 3960 dicebat:
853 3922 870 3952 ‹
893 3902 1090 3958 Omnia
1125 3917 1252 3956 ossa
1299 3918 1421 3957 mea
1461 3901 1649 3957 dicent
1673 3921 1688 3958 :
1711 3902 1964 3968 Domine,
1999 3902 2126 3972 quis

539 3998 746 4056 similis
787 3997 906 4056 tibi,
945 3995 1211 4066 eripiens
1261 3995 1486 4066 inopem
1521 3995 1591 4051 de
1621 4011 1790 4050 manu
1829 3993 2123 4050 fortiorum

537 4096 801 4165 ejus’5?»
839 4095 1093 4150 lterum:
1135 4093 1307 4160 «ρειαί
1361 4092 1544 4148 fecisti
1604 4093 1762 4154 mihi.
1795 4093 1962 4150 Deus.
2005 4107 2124 4147 ma-

541 4187 744 4259 gnalia,
781 4187 908 4256 quis
942 4185 1146 4241 similis
1187 4185 1290 4240 tibi
1314 4185 1406 4238 "‘P
1449 4184 1588 4253 Quia
1619 4183 1847 4240 tenuisti
1897 4199 2122 4238 manum

539 4280 826 4334 dexteram
866 4292 1073 4342 meam,
1108 4285 1160 4332 et
1199 4276 1256 4331 in
1283 4275 1570 4331 voluntate
1609 4275 1887 4331 deduxisti
1925 4290 2035 4340 me,
2067 4285 2124 4330 et

540 4385 668 4426 cum
703 4369 880 4439 gloria
901 4367 1195 4438 suscepisti
1227 4384 1316 4424 me
1332 4369 1398 4421 ’⁷.
1429 4387 1448 4421 ι
1483 4365 1718 4438 Propter
1733 4368 1840 4423 hoc
1868 4385 1882 4422 :
1921 4387 1939 4419 ι
1962 4367 2124 4422 Exal-

2224 1882 2539 1953 ὲκράτησας
2587 1884 2690 1955 τῆς
2720 1885 2904 1956 χειρὸς
2956 1885 3057 1956 τῆς
3102 1885 3284 1952 δεξιᾶς
3340 1903 3466 1956 μου,
3520 1888 3608 1940 καὶ
3625 1891 3673 1941 ἐν
3709 1893 3760 1962 τῇ

2225 1973 2390 2045 βουλῇ
2425 1975 2819 2047 σουὼδήγησάς
2845 1994 2938 2046 με,
2964 1983 3064 2030 καὶ
3101 1977 3243 2048 μετὰ
3273 1975 3442 2048 δόξης
3471 1979 3762 2050 προσελάεοιι

2227 2081 2314 2135 με.
2356 2085 2373 2116 ι
2408 2067 2508 2120 Διὰ
2537 2065 2716 2120 τοῦτο·
2751 2087 2770 2119 ι
2791 2068 3026 2137 ’Υψώσω
3044 2086 3124 2136 σε,
3143 2070 3324 2134 όΘεός
3355 2087 3480 2140 μου,
3511 2074 3537 2125 ὁ
3557 2071 3764 2142 βασιλεύς

2227 2174 2354 2226 μου,
2397 2159 2492 2210 καὶ
2521 2157 2804 2228 εὐλογήσω
2832 2159 2894 2212 τὸ
2921 2159 3096 2232 δνομά
3121 2178 3218 2214 σου
3243 2163 3326 2226 είς
3353 2162 3450 2216 τὸν
3491 2165 3667 2230 αἰῶνα,
3691 2167 3764 2220 καὶ

2223 2248 2694 2321 ἐξομολογησομαί
2723 2269 2828 2318 σοι,
2854 2253 2937 2305 ὅτι
2985 2253 3303 2324 ὲπήκουσάς
3335 2271 3464 2324 μου,
3499 2259 3588 2308 καὶ
3615 2259 3764 2326 ἐγένου

2228 2343 2412 2411 μοιείς
2437 2343 2731 2412 σωτηρίαν.
2749 2343 2845 2396 Ἐκ
2863 2343 2973 2414 γὰρ
2993 2346 3174 2416 πάσης
3195 2345 3436 2415 θλίψεως
3475 2348 3675 2421 ἐρῤὐσω
3690 2367 3762 2418 με·

2225 2430 2504 2500 ἐμνήσθην
2561 2451 2680 2499 σου,
2741 2433 3011 2498 Δέσποτα,
3063 2439 3160 2490 καὶ
3209 2438 3557 2510 ηὐφράνθην.
3594 2461 3611 2492 ι
3660 2443 3767 2506 Καὶ,

2233 2523 2570 2594 «Εὐλογητὸς
2599 2521 2669 2592 εἷ,
2699 2527 2726 2588 ὁ
2748 2527 2902 2594 Θεὸς,
2921 2528 2980 2592 ὃς
2997 2529 3098 2582 οὐκ
3111 2531 3323 2602 ἀπέστη
3333 2533 3557 2603 σαςτὴν
3577 2552 3769 2603 προσεν-

2225 2617 2328 2685 χήν
2365 2632 2488 2686 μου,
2523 2618 2618 2670 καὶ
2639 2617 2699 2670 τὸ
2723 2618 2873 2682 ἔλεός
2906 2637 3003 2672 σου
3038 2621 3133 2674 ἀπ’
3157 2621 3320 2692 ἐμοῦ.
3367 2643 3387 2675 ι
3421 2625 3586 2696 Φησὶν
3613 2625 3662 2678 δὲ
3694 2625 3768 2680 καὶ

2224 2707 2254 2760 ὁ
2295 2706 2558 2772 Ἡσαΐας·
2605 2728 2625 2760 ι
2682 2710 2978 2782 Εὐλογήσω
3008 2729 3090 2777 σε,
3149 2713 3350 2788 Κύριε,
3373 2715 3512 2770 διότι
3537 2718 3770 2790 ὠργίσθης

2229 2815 2342 2867 μοι,
2371 2797 2468 2852 καὶ
2501 2799 2743 2872 sum;
2776 2817 2866 2872 με.
2905 2821 2924 2854 ι
2967 2803 3076 2857 Καὶ
3099 2806 3127 2858 ὁ
3152 2806 3459 2877 Ζαχαρίαςο
3496 2809 3770 2876 «Είτιᾶγα-

2229 2889 2340 2955 θον,
2372 2892 2540 2946 αὐτοῦ
2563 2910 2578 2924 ·
2605 2893 2699 2948 καὶ
2717 2893 2768 2945 εί
2787 2909 2844 2946 τι
2873 2895 3061 2962 καλὸν,
3079 2896 3209 2967 παρ’
3229 2897 3424 2952 αὐτοῦ.
3457 2918 3476 2950 ι
3505 2901 3561 2952 '0
3587 2899 3770 2954 δὲΠαύ-

2228 2982 2340 3047 λος,
2369 3003 2388 3036 ι
2419 2986 2536 3038 Πᾶν
2561 2986 2589 3038 ὅ
2613 3003 2664 3038 τι
2685 2985 2750 3040 ἂν
2773 2987 2990 3058 ποιῆτε,
3023 2989 3209 3059 φησὶν,
3234 2991 3292 3044 ὲν
3319 2989 3495 3062 λόγῳ,
3525 2991 3768 3063 ἥένέργῳ,

2232 3075 2410 3136 πάντα
2460 3076 2518 3126 ἐν
2563 3075 2791 3146 ὀνόματι
2821 3077 2999 3140 Ἰησοῦ
3043 3080 3300 3148 Χριστοῦ,
3361 3081 3770 3153 εὐχαριστοῦντες

2203 3225 2210 3232 _
2229 3165 2306 3236 τῷ
2321 3166 2440 3238 Θεῷ
2459 3167 2550 3220 καὶ
2570 3169 2764 3239 Πατρὶ,
2795 3171 2870 3223 διὲ
2888 3171 3077 3224 αὐτοῦ.
3092 3191 3109 3222 ι
3145 3173 3254 3226 Καὶ
3285 3173 3456 3227 πάλιν
3477 3194 3488 3206 ·
3511 3193 3528 3225 ι
3552 3176 3671 3228 Τίνα
3686 3174 3771 3244 γὰρ

2228 3259 2578 3328 εὐχαριστίαν
2617 3261 2898 3330 δυνάμεθα
2939 3263 3230 3319 ἀποδοῦναι
3281 3266 3430 3338 ὑπὲρ
3469 3268 3617 3338 ἡμῶν
3643 3287 3658 3336 ;
3687 3268 3772 3323 Καὶ

2228 3351 2388 3421 ἡμεῖς
2422 3348 2514 3406 οὖν
2556 3353 2922 3419 ἀδιαλείπτως
2955 3356 3454 3430 εὐχαριστήσωμεν
3472 3360 3548 3430 τῷ
3569 3361 3674 3430 Θεῷ
3697 3359 3774 3415 καὶ

2228 3442 2425 3511 Burgi,
2479 3445 2562 3498 ὅτι
2619 3445 2720 3498 οὐκ
2779 3447 3035 3515 ἐφείσατο
3065 3450 3161 3502 τοῦ
3207 3452 3533 3520 μονογενοῦς
3560 3452 3678 3507 Υίοῦ
3703 3453 3776 3507 αὐ·

2224 3535 2343 3602 τοῦ,
2381 3535 2498 3589 ἀλλ’
2558 3536 2701 3608 ὑπὲρ
2735 3539 2892 3610 ήμῶν
2949 3541 3172 3594 πάντων
3222 3544 3546 3614 παρέδωκεν
3575 3545 3769 3598 αὐτόν.»

2225 3627 2730 3701 Εὐχαριστὴσωμεν
2773 3630 2852 3702 τῷ
2892 3632 3032 3703 Υἱῷ,
3061 3634 3144 3688 ὅτι
3179 3635 3270 3689 διὰ
3295 3636 3394 3690 τοῦ
3429 3637 3558 3692 ἰδίου
3579 3639 3773 3708 αἵματος

2225 3719 2563 3792 ἐξηγόρασεν
2595 3723 2740 3792 ἡμᾶς
2773 3723 2837 3776 ἐκ
2872 3726 2972 3794 τῆς
3000 3725 3249 3797 κατάρας
3277 3727 3376 3780 τοῦ
3423 3715 3604 3799 νόμον,
3647 3728 3773 3798 γενό-

2227 3827 2388 3881 μενος
2421 3811 2560 3882 ὑπὲρ
2592 3811 2753 3883 ἡμῶν
2815 3817 3056 3884 κατάρα.
3083 3815 3194 3868 Καὶ
3241 3815 3368 3870 τίνα
3416 3814 3623 3889 αἷνονῆ
3673 3819 3772 3872 τίνα

2224 3903 2578 3975 εὐχαριστίαν
2609 3903 2890 3976 δυνάμεθα
2917 3905 3214 3961 ἀποδοῦναι
3246 3909 3400 3982 αὐτῷ
3431 3911 3556 3982 περὶ
3591 3911 3770 3966 πάντων

2223 3997 2334 4052 τῶν
2361 3996 2586 4066 ἀγαθῶν
2610 3991 2686 4052 ὧν
2703 3997 2978 4062 πλουσίως
3013 4001 3290 4071 παρέσχεν
3314 4004 3453 4074 ἡμῖν
3481 4008 3588 4068 τοῖς
3611 4021 3770 4058 ταπει-

2223 4093 2369 4156 νοίς;
2400 4090 2902 4162 Εὐχαριστήσωμεν
2917 4089 2998 4162 τῷ
3023 4091 3166 4164 ἁγίῳ
3201 4093 3507 4165 Πνεύματι,
3536 4097 3608 4167 τῷ
3636 4096 3770 4166 λαλή-

2226 4199 2381 4235 σαντι
2409 4181 2468 4234 ὲν
2489 4181 2640 4253 νόμῳ
2667 4183 2762 4235 καὶ
2792 4184 3102 4252 προφήταις
3159 4184 3256 4237 καὶ
3287 4188 3358 4256 τῇ
3409 4187 3581 4260 Καινῇ
3599 4188 3767 4258 Διαθή-

2223 4288 2317 4342 κῃ,
2351 4271 2432 4366 sip
2458 4247 2748 4366 φωτίζοντι
2773 4247 2874 4334 τάξ
2900 4247 3144 4366 θιανοίας
3172 4247 3468 4346 ἡμῶνπτῶν
3491 4247 3766 4349 iamiam-ps-
3788 4247 3796 4366 ξ

2223 4380 2354 4426 νων,
2371 4363 2453 4428 είς
2469 4363 2803 4433 κατανόησιν
2841 4364 2937 4418 καὶ
2951 4366 3214 4436 ἐργασίαν
3237 4367 3346 4422 τῶν
3367 4369 3531 4423 αὐτοῦ
3554 4367 3762 4424 ἐντολῶν

541 4459 672 4514 tabo
725 4469 798 4524 te,
833 4461 979 4514 Deus
1031 4473 1188 4513 meus
1211 4473 1330 4523 rex,
1362 4466 1418 4512 et
1441 4457 1986 4514 eonﬁtebornomini
2023 4463 2122 4512 tuo

2226 4457 2318 4512 καὶ
2357 4455 2627 4524 ἀνοίγοντι
2669 4457 2734 4510 τὸ
2764 4459 2940 4528 στόμα
2969 4459 3002 4528 ἡ
3013 4457 3130 4528 μῶν
3151 4461 3231 4524 εις
3264 4459 3652 4531 ἐξομολόγησιν
3692 4460 3762 4512 καὶ

541 4550 601 4605 in
631 4550 980 4615 smeulu‘m";
1012 4549 1142 4618 quia
1167 4548 1441 4608 exaudisti
1475 4562 1564 4602 me
1594 4556 1652 4604 et
1683 4549 1864 4604 factus
1896 4564 1958 4605 es
1987 4548 2123 4603 mihi

539 4640 600 4700 in
629 4640 861 4695 salutem
883 4641 948 4692 ".
976 4641 1056 4694 Ex
1085 4640 1234 4694 omni
1279 4639 1429 4695 enim
1483 4639 1842 4696 tribulatione
1875 4639 2126 4710 eripuisti

541 4749 634 4791 me
657 4732 723 4785 “.
787 4733 997 4788 Memor
1057 4731 1137 4786 fui
1195 4733 1311 4796 tui,
1370 4732 1640 4798 Domine,
1706 4740 1764 4787 et
1806 4731 2128 4802 ,delectatus

2225 4548 2580 4618 εὐχαριστίαν
2631 4549 2730 4621 τῆς
2773 4549 2940 4603 αὐτοῦ
2977 4536 3336 4621 ἀγαθότητος.
3364 4555 3536 4623 Φησὶν
3565 4554 3618 4608 δὲ
3644 4552 3762 4606 καὶὸ

2223 4640 2648 4710 εὐαγγελιστὴςο
2689 4660 2706 4692 ι
2748 4641 2838 4694 Ἐν
2862 4641 3058 4712 ἐκείνῳ
3103 4642 3184 4714 τῷ
3207 4643 3408 4716 καιρῷ,
3432 4643 3762 4716 ἀποκριθεὶςό

2239 4728 2446 4798 Ἰησοῦς
2469 4727 2644 4795 εἶπεν,
2662 4731 3122 4802 Ἐξομολογοῦμαί
3145 4750 3250 4800 σοι,
3273 4736 3479 4808 Πάτερ,
3514 4739 3670 4807 Κύριε
3688 4733 3760 4787 τοῦ

538 4837 668 4878 sum
695 4823 762 4876 ³¹.
789 4841 807 4873 ι
839 4823 908 4877 Ει
943 4840 954 4874 ;
994 4841 1011 4872 ι
1038 4821 1376 4878 Benedictus
1409 4829 1495 4876 est
1524 4819 1670 4876 Deus
1713 4819 1811 4890 qui
1838 4836 1950 4875 non
1975 4835 2123 4875 amo-

2227 4821 2462 4891 οὐρανοῡ
2529 4821 2626 4874 καὶ
2657 4822 2761 4892 τῆς
2789 4824 2910 4891 γῆς,
2942 4823 3022 4876 ὅτι
3043 4826 3385 4896 ’ἀπέκρυψας
3405 4827 3574 4882 ταῦτα
3593 4827 3762 4880 ἀποσο-

541 4911 626 4966 vit
669 4912 980 4972 orationem
1034 4926 1214 4965 meam
1267 4919 1325 4966 et
1373 4911 1822 4966 misericordiam
1883 4925 2040 4965 suam
2093 4925 2126 4965 a

543 5017 636 5058 me
659 5003 723 5057 ³⁸.
753 5021 770 5053 ι
830 5003 936 5056 Sed
983 5010 1040 5056 et
1088 5001 1298 5057 Isaias:
1341 5000 1718 5057 «Benedicam
1764 5008 1839 5067 te,
1873 5000 2125 5065 Domine,

543 5094 812 5165 quoniam
859 5094 1034 5148 iratus
1059 5109 1143 5148 -es
1197 5092 1356 5157 mihi,
1387 5101 1446 5148 et
1475 5092 1738 5148 misertus
1774 5107 1834 5146 es
1884 5092 1993 5146 mei
2010 5091 2076 5146 ³³.
2101 5111 2120 5144 ι

2230 4913 2348 4982 φῶν
2401 4914 2496 4966 καὶ
2528 4913 2788 4979 συνετῶν,
2813 4915 2910 4968 καὶ
2941 4916 3306 4987 ἀπεκάλυψας
3335 4920 3476 4974 αὐτὰ
3505 4920 3754 4990 νηπίοιςί

2232 5005 2344 5068 ναὶ,
2377 5004 2406 5056 ὁ
2428 5006 2650 5076 Πατὴρ,
2681 5007 2764 5060 ὅτι
2790 5005 2964 5070 οὕτως
2993 5009 3214 5076 ἐγένετο
3243 5011 3462 5065 εὐδοκία
3496 5007 3758 5084 ἔμπροσθέν

2235 5112 2354 5150 σου.
2377 5097 2538 5168 Λύτῷ
2573 5099 2606 5168 ἡ
2631 5093 2760 5165 δόξα
2780 5103 2861 5164 είς
2893 5102 3019 5162 τοὶος
3047 5102 3274 5166 αἰῶνας.
3313 5105 3366 5158 Ἀ
3379 5107 3507 5176 μήν.

543 5184 882 5240 Zacharias:
917 5183 1012 5240 «Si
1045 5182 1179 5254 quid
1250 5182 1480 5250 bonum,
1511 5183 1676 5254 eius;
1743 5191 1802 5238 et
1839 5181 1885 5236 si
1933 5181 2072 5252 ‘quid
2134 5183 2428 5252 pulchrum
2456 5227 2472 5251 ,
2522 5186 2592 5240 ab
2641 5187 2786 5242 eo”.
2811 5209 2830 5242 ι
2879 5191 3082 5245 Paulus
3145 5209 3368 5266 quoque
3423 5197 3500 5252 ait
3531 5217 3542 5252 :
3580 5219 3596 5249 ι
3619 5197 3755 5253 Omne

546 5277 918 5347 quodcunque
961 5275 1144 5340 facitis
1178 5275 1235 5330 in
1302 5275 1476 5331 verbo
1510 5284 1606 5330 aut
1649 5275 1708 5328 in
1751 5289 1942 5346 opere,
1981 5274 2168 5330 omnia
2206 5275 2266 5332 in
2310 5278 2536 5334 nomine
2588 5279 2717 5334 Jesu
2767 5280 2974 5339 Christi
3025 5284 3219 5348 facite,

3337 5292 3537 5360 gratias
3577 5299 3757 5361 agentes

547 5371 663 5427 Deo
699 5378 758 5425 et
785 5368 933 5424 Patri
978 5383 1078 5440 per
1124 5369 1348 5440 ipsum'
1379 5409 1392 5423 .
1433 5389 1450 5420 ι
1487 5369 1694 5424 lterum
1739 5384 1753 5422 :
1791 5387 1810 5418 ι
1838 5368 2011 5435 Quam
2064 5368 2214 5424 enim
2255 5371 2555 5436 gratiarum
2597 5373 2870 5430 actionem
2935 5391 3231 5446 possumus
3281 5383 3511 5440 reddere
3567 5397 3655 5454 pro
3684 5394 3758 5435 vo-

613 5595 660 5624 ”
689 5591 900 5646 Ccloss.
931 5606 1011 5654 ιιι,
1065 5593 1152 5645 l5.
1249 5592 1419 5647 “Job
1473 5608 1508 5651 ι.
1546 5592 1637 5645 ίὶι.

583 5735 637 5788 ὅ.
715 5733 918 5793 ³³Ρςειέ.
955 5747 1074 5799 va,
1114 5731 1204 5787 ΞΟ.
1282 5733 1326 5764 ³³
1355 5733 1456 5788 lsa.
1485 5737 1640 5796 xu,!.

1715 5592 1760 5622 "
1799 5589 1903 5644 Job
1961 5607 2021 5652 ιι,
2051 5591 2104 5646 9.
2185 5583 2398 5650 "’ibid.
2439 5596 2527 5650 l0.

549 5665 592 5694 ’θ’
627 5663 764 5716 l’sni.
813 5678 935 5728 1.x.\',
978 5663 1063 5717 19.
1145 5662 1188 5694 ⁸⁷
1223 5663 1364 5717 Psal.
1399 5678 1561 5722 LXXII,
1592 5661 1682 5715 24.
1759 5661 1802 5692 ⁸⁸
1828 5661 1968 5720 Psal.
1999 5677 2116 5716 cm

583 5735 637 5788 «ii.
715 5733 918 5790 “Psal.
955 5747 1074 5790 va.
1114 5731 1204 5787 ΞΟ.
1282 5733 1326 5764 ³³
1355 5733 1456 5788 lsa.
1485 5737 1640 5790 xu.!.
1719 5729 2009 5787 “Zachar.
2037 5747 2110 5790 Ix.

2307 5667 2352 5697 ’ν
2379 5667 2700 5722 Psal.cxvu.
2723 5669 2808 5720 Η.

2226 5775 2238 5788 .
2317 5735 2360 5768 ³⁸
2387 5732 2504 5790 Col.
2536 5738 2727 5790 "Li-1.

1858 5746 2009 5785 cnar.
2037 5747 2110 5796 Ix,
2152 5746 2238 5789 Π.
2317 5746 2360 5768 ³·
2387 5746 2504 5790 but.
2536 5753 2616 5800 Ill,
2646 5746 2727 5790 Π.

2640 5596 2682 5628 ’⁸
2715 5595 2759 5650 ll
2793 5597 2924 5667 Reg.
2948 5611 3044 5664 XII,
3074 5600 3162 5656 25.
3265 5604 3310 5633 ’⁸
3333 5603 3468 5658 Psal.
3507 5619 3662 5666 xxxrv,
3685 5599 3751 5658 l0.

2883 5669 2927 5700 ³⁰
2951 5669 3092 5724 Psal.
3125 5687 3236 5734 Lm,
3261 5675 3314 5727 9.
3395 5675 3434 5706 ³³
3460 5675 3748 5735 l‘sal.txm,

3915 5697 3917 5766 4
