4042 6458
260 329 395 389 ιδθι
1001 323 1327 385 ΗΟΜΠᾸΑ
1370 321 1638 384 CXVIII.
1657 347 1726 356 --
1756 320 1853 381 DE

1967 320 2469 382 ELECTATIONE
2509 321 2590 382 IN
2634 321 2800 383 DEO.
3390 323 3528 388 180?.

254 430 409 487 bis“
460 432 625 487 ‘lNos
664 431 848 501 itaque
900 431 1011 487 Deo
1068 440 1126 486 et
1191 430 1342 486 Patri
1410 438 1692 501 perpetem
1735 436 1789 482 et
1833 427 2165 483 indivulsam
2210 429 2512 497 gratiarum
2547 428 2819 483 actionem
2874 429 3263 498 rependamus,
3329 433 3423 496 qui
3468 449 3541 489 ne

256 524 550 597 unigenito
583 523 805 595 quidem
843 522 981 578 Filio
1007 538 1109 579 suo
1136 523 1406 594 pepercit,
1433 521 1529 576 sed
1573 536 1671 591 pro
1696 518 1858 574 nobis
1895 519 2156 574 omnibus
2196 516 2586 573 tradiditillum
2611 516 2677 551 ³⁸⁸
2705 560 2717 576 .
2761 520 2980 577 Gratias
3042 522 3268 594 insuper
3315 540 3540 601 agamus

257 617 489 673 Christo
516 616 650 683 Deo,
686 615 816 685 quia
841 630 945 670 nos
976 614 1111 670 tanti
1153 613 1447 670 testimavit
1482 628 1623 682 quos
1649 611 1874 681 proprio
1912 610 2178 680 sanguine
2223 609 2510 665 redimeret
2542 610 2610 664 de
2680 610 2975 666 maledicto
3014 613 3173 684 legis,
3209 615 3390 672 factus
3422 616 3540 687 ipse

261 709 444 765 nostri
469 724 637 764 causa
660 707 1017 762 maledictum
1076 706 1140 758 ³⁷.
1175 705 1420 774 Ecquam
1480 701 1722 764 laudem,
1784 714 2017 774 quamve
2074 699 2378 770 gratiarum
2441 701 2716 754 actionem
2767 701 2872 772 ipsi
2923 704 3203 772 possimus
3251 709 3540 765 exsolvere

257 817 369 872 pro
398 801 662 856 omnibus
686 798 851 855 bonis
879 812 1003 868 quae
1028 796 1191 852 nobis
1222 795 1532 851 humilibus
1572 794 1863 864 opulenter
1900 792 2174 848 contulit?
2240 791 2458 847 Gratias
2518 792 2757 863 denique
2804 808 3032 864 agamus
3060 807 3251 852 sancto
3284 797 3540 869 Spiritui,

256 890 363 959 qui
408 890 465 944 in
514 888 656 959 lege,
692 886 751 941 in
801 886 1114 957 prophetis,
1155 887 1366 955 1221
1418 884 1478 939 in
1524 884 1680 939 Novo
1729 882 1861 938 item
1899 884 2120 941 locutus
2187 892 2271 937 est
2338 882 2715 948 Testamento,
2749 885 2846 955 qui
2893 894 3112 942 mentes
3137 901 3359 946 nostra;
3386 891 3544 960 prius

257 981 493 1053 quidem
521 980 692 1037 densa
720 979 957 1051 caligine
988 977 1354 1050 ignorationis
1376 986 1549 1033 tectas
1572 976 1852 1032 illustrare
1891 975 2150 1046 dignatus
2184 985 2269 1029 est
2306 974 2373 1029 ad
2441 976 2813 1047 cognitionem
2881 980 3372 1052 operationemque
3412 998 3543 1039 suo-

268 1089 393 1130 rum
429 1073 603 1143 ipsius
651 1073 1058 1137 mandatorum,
1101 1072 1199 1143 qui
1250 1086 1314 1126 os
1375 1080 1628 1126 nostrum
1688 1070 1983 1140 adaperuit
2028 1069 2097 1123 ad
2140 1067 2545 1125 confessionem
2578 1078 2636 1123 et
2696 1070 3000 1139 gratiarum
3057 1072 3332 1129 actionem
3384 1074 3548 1130 boni-

262 1165 402 1221 tatis
435 1164 632 1236 ipsius.
662 1163 754 1219 Ait
783 1163 1013 1234 insuper
1056 1161 1393 1232 evangelista
1423 1177 1436 1213 :
1476 1178 1492 1211 I
1528 1161 1591 1214 ln
1626 1158 1720 1214 illo
1752 1168 2001 1230 tempore
2047 1159 2394 1230 respondens
2453 1159 2613 1215 Jesus
2665 1159 2841 1215 dixit:
2870 1160 3152 1217 Conﬁteor
3220 1164 3343 1229 tibi,
3384 1165 3545 1221 Pater

266 1257 509 1313 Domine
547 1255 675 1312 ctnli
719 1263 776 1310 et
821 1262 1003 1319 terrae,
1027 1255 1157 1325 quia
1194 1253 1534 1309 abscondisti
1584 1252 1755 1308 bacca
1785 1251 2131 1322 sapientibus
2171 1260 2231 1307 et
2277 1252 2671 1322 prudentibus,
2710 1262 2767 1309 et
2830 1255 3088 1311 revelasti
3147 1271 3214 1312 ea
3280 1259 3546 1328 parvulis.

264 1350 373 1417 Ita,
403 1351 589 1414 Pater,
618 1348 748 1420 quia
779 1347 859 1403 sic
886 1347 992 1402 fuit
1019 1347 1282 1418 placitum
1317 1354 1445 1400 ante
1480 1356 1533 1401 te
1554 1345 1650 1399 ³⁸.»
1692 1344 1796 1413 lpsi
1824 1344 1997 1413 gloria
2026 1343 2082 1398 in
2107 1343 2325 1400 saecula.
2357 1343 2553 1400 Amen.
3026 1354 3031 1359 '

869 1462 1090 1517 ΛΟΓΟΣ
1118 1459 1270 1514 PIH'.

2010 1472 2014 1475 '
2465 1457 2764 1516 .HOMILIA
2801 1459 3034 1517 CXVlll.

581 1575 723 1645 Περι
752 1576 865 1644 τῆς
890 1577 961 1630 ἐν
992 1574 1114 1640 Θεῷ
1144 1572 1552 1642 εὐφροσύνης.

298 1695 303 1701 ’
357 1673 424 1747 Ἦ
441 1691 684 1762 ἀοίδιμος
703 1689 1038 1763 εὐφροσύνη,
1060 1688 1169 1742 τῶν
1186 1687 1289 1757 τὴν
1315 1687 1453 1759 πρὸς
1479 1687 1612 1740 Θεὸν
1641 1685 1858 1740 τελείαν

266 1785 499 1853 ἀγάπην
528 1783 887 1853 κεκτημένων
914 1782 1087 1835 ἐστίν.
1126 1780 1284 1833 Ὅσοι
1318 1777 1728 1850 ὲμφορηθέντες
1759 1774 1857 1830 τοῦ

267 1876 435 1946 ἁγίου
465 1875 782 1947 Πνεύματος
806 1874 865 1927 ὲν
894 1873 1045 1946 αὑτῷ
1068 1871 1546 1945 εύφραίνονται,οἱ
1574 1869 1702 1942 περὶ
1728 1868 1857 1932 τοὺς

265 1968 637 2034 ἀποστόλους,
671 1966 770 2022 καὶ
782 1967 1095 2038 προφήτας,
1121 1966 1216 2019 καὶ
1244 1965 1550 2037 μάρτυρας,
1570 1963 1664 2016 καὶ
1689 1962 1738 2014 oi
1763 1959 1857 2014 τέ-

268 2060 412 2114 λειοι
442 2059 703 2129 ἀσκηταὶ,
736 2057 936 2122 οἵτινες
962 2059 1091 2121 τοὺς
1122 2057 1422 2128 διωγμοὺς,
1466 2060 1564 2108 καὶ
1608 2054 1709 2119 τὰς
1743 2051 1852 2105 θλίς

266 2145 424 2224 ᾤεις,
457 2152 553 2206 καὶ
585 2151 686 2216 τὰς
727 2150 1023 2222 βασάνους,
1074 2149 1419 2222 εὐφροσύνην
1470 2147 1737 2218 ήγοῦντοο
1767 2148 1863 2200 καὶ

272 2249 462 2301 πάντα
495 2244 567 2300 τὰ
604 2245 699 2298 τοῦ
737 2243 971 2316 κόσμου,
999 2243 1078 2307 ὡς
1109 2242 1362 2297 σκύϐαλα
1410 2241 1748 2309 ὲλογίσαντο,
1774 2239 1863 2292 ἵνα

269 2335 516 2407 Χριστὸν
546 2333 909 2405 κερδήσωσιν.
936 2333 1010 2386 Τὸ
1045 2331 1176 2402 πῦρ,
1209 2332 1279 2385 τά
1316 2331 1504 2403 θηρία,
1533 2330 1609 2397 ,τὰ
1646 2328 1795 2400 ξίφη,
1829 2329 1861 2399 ἡ

268 2428 461 2499 λιμὸς,
489 2428 517 2481 6
545 2426 779 2498 κρυμὸς,
814 2425 911 2478 καὶ
939 2424 1008 2479 τά
1041 2424 1205 2479 λοιπά
1239 2424 1418 2478 πάντα
1451 2423 1733 2493 ηὔφρανεν
1765 2421 1864 2474 αὐ-

270 2521 432 2586 τοὺς,
462 2516 552 2571 διὰ
576 2515 677 2589 τὴν
714 2519 795 2581 εἰς
821 2514 953 2569 Θεὸν
986 2516 1210 2587 ἀγάπην
1232 2534 1244 2547 ·
1276 2514 1460 2578 καθὼς
1498 2516 1597 2567 καὶ
1630 2513 1863 2577 Ἡσαΐας

271 2610 611 2682 διαγορεύει.
641 2627 660 2661 ι
690 2608 967 2674 Ἔσονται,
998 2605 1614 2680 φησὶν,λελυτρωμένοι
1634 2603 1867 2659 καὶσυνι

272 2696 514 2775 ἠγμένοι
547 2703 637 2756 διὰ
693 2702 899 2773 Κύριον
921 2718 935 2733 ·
968 2699 1281 2773 εὐφροσύνη
1328 2700 1546 2763 αἰώνιος
1595 2696 1737 2770 ὑπὲρ
1766 2715 1863 2751 κε-

2239 1569 2318 1625 De
2361 1570 2546 1627 lwtitia
2578 1582 2629 1626 et
2657 1572 3006 1629 delectatione
3041 1578 3098 1631 in
3144 1579 3269 1635 Deo.

1972 1712 1975 1713 ν
2033 1687 2239 1741 Eorum
2272 1695 2358 1744 est
2382 1686 3010 1761 oblectatiolaetiliaque
3048 1692 3139 1749 illa
3162 1696 3422 1764 celebris,
3449 1701 3547 1770 qui

1961 1794 2092 1848 erga
2124 1778 2297 1833 Deum
2326 1778 2658 1834 charitatem
2681 1779 2989 1850 perfectam
3024 1784 3236 1856 indepti
3255 1789 3369 1858 jam
3394 1799 3548 1848 sunt.

1961 1871 2097 1925 Nam
2156 1878 2434 1955 quotquot
2507 1873 2805 1942 praesentia
2870 1876 3238 1944 perfruuntur
3310 1880 3550 1952 Spiritus

1963 1963 2166 2029 sancti,
2194 1964 2249 2019 in
2283 1965 2406 2034 ipso
2434 1965 2825 2037 jucundantur
2866 1975 2925 2024 et
2958 1971 3403 2041 cxhilarcsbunt,
3452 1979 3549 2047 qui

1964 2057 2233 2112 nimirum
2274 2051 2671 2127 Apostolorum
2698 2068 2831 2115 sunt
2864 2072 3259 2131 assectatorcs,
3298 2066 3552 2139 Prophe-

1965 2157 2147 2204 tarum
2179 2160 2237 2206 ct
2276 2150 2603 2224 Martyrum,
2649 2153 2744 2223 qui
2795 2154 2854 2209 in
2891 2156 3198 2213 monastica
3257 2158 3555 2230 disciplina

1963 2251 2232 2298 exercent
2268 2258 2350 2309 se,
2393 2245 2489 2314 qui
2537 2247 2983 2315 persecutiones,
3018 2248 3376 2315 aﬂlictiones,
3441 2259 3558 2307 tor-

1966 2344 2161 2390 menta
2197 2335 2418 2390 ducunt
2450 2336 2624 2390 animi
2644 2352 2767 2393 esse
2793 2337 3066 2410 integram
3117 2340 3554 2411 iucunditatem,

1966 2434 2022 2481 et
2043 2442 2166 2496 qua:
2217 2427 2409 2482 mundi
2466 2436 2598 2482 sunt
2644 2431 2832 2486 omnia
2885 2430 2955 2487 ad
3012 2446 3215 2488 suaves
3258 2432 3557 2493 illecebras

1965 2518 2345 2588 prolicientia,
2377 2519 2501 2575 loco
2530 2520 2853 2577 habuerunt
2876 2521 3071 2577 vilium
3107 2531 3446 2591 stercorum,
3493 2533 3556 2579 ut

1966 2610 2250 2666 Christum
2270 2612 2685 2669 lucrifacerent.
2702 2613 2871 2685 Ignis,
2898 2615 3114 2682 bestiae,
3138 2617 3332 2688 gladii,
3354 2616 3551 2681 fames,

1967 2703 2302 2773 prmcipitia,
2343 2713 2399 2759 et
2431 2720 2555 2774 quae
2588 2717 2896 2776 supersunt
2922 2715 3143 2773 caetera,
3183 2709 3324 2766 tales
3361 2710 3553 2767 oblec-

272 2795 460 2866 φαλῆς
482 2792 690 2849 αὐτῶνο
726 2795 823 2848 καὶ
869 2792 1188 2864 άγαλλίαμα
1222 2792 1314 2846 καὶ
1346 2793 1657 2863 εὐφροσύνη
1693 2807 1863 2843 κατα-

1970 2804 2107 2859 tant,
2131 2795 2263 2850 dum
2297 2796 2400 2850 toti
2426 2796 2483 2850 in
2510 2797 2686 2853 Deum
2733 2797 2972 2868 ﬂagrant
3024 2799 3321 2864 charitate,
3358 2809 3556 2857 conte-

273 2887 518 2958 λήψεται
544 2884 764 2950 αὐτούς.
791 2904 810 2938 ι
847 2887 957 2939 Kal
979 2884 1162 2938 πάλινο
1199 2900 1218 2935 ι
1245 2882 1569 2954 Εὐφροσύνη
1595 2881 1737 2952 ὑπὲρ
1764 2898 1857 2934 κε-

277 2980 463 3050 φαλῆς
484 2977 685 3033 αὐτῶν.
698 2976 1003 3047 Πᾶςὸὁρῶν
1022 2974 1241 3043 αὐτοὺς,
1259 2974 1622 3044 ἐπιγνώσεται
1643 2970 1864 3036 αὐτοὺς,

282 3092 305 3123 σ
332 3073 460 3126 Ὀτι
486 3063 633 3125 οῦτοι
653 3071 791 3124 εἰσιν
816 3069 1040 3140 σπέρμα
1070 3067 1434 3140 εύλογημὲνον
1450 3065 1556 3120 ὑπὸ
1577 3063 1739 3132 Θεοῦ,
1770 3062 1868 3118 καὶ

276 3142 749 3234 εὐφρανθήσονται
785 3161 878 3214 ἐπὶ
909 3160 1135 3227 Κύριον.
1202 3178 1224 3213 ι
1281 3161 1390 3213 Kal
1417 3154 1608 3219 αὖθις’
1661 3178 1679 3210 ‹
1728 3156 1865 3210 Ἰδοὺ

272 3254 335 3308 οἱ
387 3250 729 3315 δουλεύοντές
772 3266 883 3320 μοι,
915 3250 1200 3320 φάγονται,
1236 3248 1332 3302 καὶ
1365 3248 1601 3309 πίονται,
1648 3245 1746 3297 καὶ
1777 3244 1869 3296 εύ-

276 3344 698 3418 φρανθήσονται
745 3341 842 3396 καὶ
890 3339 1314 3407 άγαλλιάσονται
1377 3339 1433 3389 ἐν
1464 3334 1794 3407 εὐφροσύνῃ.
1843 3351 1862 3385 ι

281 3434 407 3490 Kal
438 3435 465 3486 6
495 3433 756 3504 Σοφονίας
777 3450 791 3463 ·
830 3450 850 3483 ι
908 3430 1130 3495 Ἐπάξει
1187 3430 1280 3482 ἐπὶ
1303 3430 1363 3481 σὲ
1398 3426 1742 3499 εὐφροσύνην
1773 3424 1869 3478 καὶ

278 3528 499 3581 αἱνεσιν
516 3529 572 3580 ἐν
596 3528 664 3597 τῇ
685 3525 963 3595 ἀγαπήσει
986 3520 1173 3576 αὑτοῦ.
1210 3539 1230 3572 ι
1273 3519 1380 3573 Kal
1404 3518 1623 3586 Ναοὺμ,
1657 3536 1675 3566 ι
1716 3515 1870 3586 Ἐόρ-

279 3619 447 3684 ταζε,
473 3599 669 3688 λέγων,
712 3617 887 3670 Ἰούδα
922 3614 1022 3680 τὰς
1048 3613 1242 3686 ἑορτάς
1274 3629 1393 3676 σου,
1439 3610 1636 3673 άπόδος
1676 3609 1869 3679 Κυρίῳ

279 3713 394 3776 τὰς
407 3710 575 3782 εὐχάς
604 3726 699 3764 σου
720 3726 733 3740 ·
764 3709 849 3762 ὅτι
875 3707 1046 3778 ἀνέϐη
1073 3707 1103 3759 6
1144 3703 1409 3776 ἐμφυσῶν
1435 3704 1520 3765 εἰς
1575 3699 1870 3771 πρόσωπόν

284 3820 411 3858 σου.
439 3822 458 3854 ι
499 3803 608 3856 Kal
632 3804 661 3856 6
683 3800 920 3873 Χριστὸς
951 3802 1068 3863 τοῖς
1086 3798 1435 3861 ἀποστόλοις,
1461 3794 1638 3864 λέγων
1658 3811 1670 3823 °
1706 3813 1725 3846 ι
1761 3791 1872 3846 Λά-

1971 2894 2155 2941 stante
2182 2886 2345 2952 Isaia,
2383 2907 2401 2939 ι
2450 2887 2632 2942 Erunt
2673 2888 2952 2959 redempti
2995 2897 3055 2944 et
3082 2893 3402 2962 congregati
3454 2909 3559 2963 per

1967 2976 2290 3043 Dominum,
2345 2978 2541 3033 laetitia
2611 2978 2954 3050 sempiterna
3007 2995 3180 3051 super
3237 2989 3406 3052 caput
3463 2999 3562 3039 eo-

1971 3085 2095 3124 rum
2110 3068 2176 3123 ".
2216 3087 2236 3122 ι
2272 3067 2467 3125 Omnis
2497 3069 2695 3126 videns
2716 3086 2836 3140 eos,
2868 3080 3170 3144 cognoscet
3192 3072 3340 3139 illos,
3373 3091 3394 3125 ι
3426 3075 3558 3145 quia

1971 3161 2061 3217 iSIi
2097 3169 2228 3217 sunt
2250 3177 2440 3217 semen
2471 3162 2833 3218 benedictum
2881 3177 2912 3218 a
2940 3163 3076 3227 Deo,
3128 3172 3187 3218 et
3216 3163 3552 3220 laetabuntur

1972 3268 2141 3323 super
2166 3252 2463 3308 Dominum
2486 3253 2554 3307 ⁸ο.
2595 3271 2614 3303 ι
2656 3254 2871 3308 Rursus
2898 3271 2912 3307 :
2944 3274 2962 3304 ι
2994 3253 3139 3309 Ecce
3162 3253 3258 3323 qui
3303 3253 3560 3311 serviunt

1971 3341 2132 3407 mihi,
2159 3341 2477 3404 comedent,
2512 3342 2737 3407 bibent,
2766 3351 2824 3397 et
2844 3342 3208 3411 laetabuntur,
3238 3352 3296 3400 et
3309 3346 3558 3401 exsulta—
3630 3354 3638 3384 ¹

1971 3433 2112 3488 bunt
2145 3432 2201 3487 in
2226 3432 2418 3488 laetitia
2436 3432 2505 3487 “.
2550 3451 2568 3484 ι
2602 3432 3006 3503 Sophoniasrt
3035 3435 3269 3491 lnducet
3304 3451 3475 3508 super
3500 3447 3558 3493 te

1971 3523 2219 3578 laetitiam
2250 3523 2306 3578 in
2355 3524 2653 3581 dilectione
2699 3540 2797 3581 sua
2816 3527 2882 3580 δ’.
2921 3546 2939 3579 ι
2972 3526 3207 3595 Nalium,
3240 3547 3259 3579 ‹
3293 3527 3556 3589 Celebra.

1970 3617 2180 3682 Judaea,
2203 3616 2537 3673 festivitates
2580 3627 2724 3684 tuas,
2772 3619 2944 3675 redde
2985 3620 3226 3676 Domino
3269 3633 3399 3677 vota
3441 3631 3558 3682 tua.

1973 3708 2107 3777 quia
2135 3706 2389 3763 ascendit
2414 3706 2704 3763 insumans
2733 3707 2789 3763 in
2816 3708 3014 3763 faciem
3044 3711 3281 3765 tuam".
3314 3729 3333 3763 ι
3368 3708 3558 3766 Ι)οωί-

1976 3798 2235 3853 nusilem
2262 3799 2341 3853 ait
2364 3798 2690 3868 discipulis:
2744 3818 2761 3851 ι
2793 3800 3042 3870 Accipite
3073 3800 3347 3870 Spiritum
3398 3815 3531 3855 sane
3560 3830 3563 3835 -

283 3897 423 3951 ὅστε
449 3892 677 3964 Πνεῦμα
702 3891 880 3961 ἅγιον.
909 3910 928 3944 ι
966 3892 1117 3945 Kal6
1139 3890 1327 3957 Δαυῒδ,
1357 3909 1375 3943 ι
1404 3887 1863 3960 Εὐφρανθήσομαι

1977 3896 2093 3942 tum
2116 3887 2185 3941 “.
2228 3907 2247 3940 ι
2290 3886 2489 3954 David,
2528 3905 2547 3939 ι
2579 3887 2834 3943 Laetabor
2857 3897 2915 3943 et
2947 3889 3241 3945 exsultabo
3281 3889 3341 3944 in
3367 3888 3497 3945 te“.
3534 3907 3556 3941 ι

283 3986 394 4043 καὶ
426 3984 827 4054 άγαλλιάσομαι
850 3983 908 4038 ὲν
934 3982 1037 4037 σοι.
1076 4001 1172 4034 ι-
1192 4000 1212 4033 ι
1248 3979 1398 4051 Αὕτη
1463 3978 1576 4049 γὰρ
1608 3980 1643 4050 ὴ
1668 3976 1863 4047 ήμέρα1

1975 4006 2047 4021 —-
2082 4000 2101 4033 ι
2133 3981 2263 4036 llaec
2283 3982 2432 4035 enim
2475 3981 2596 4036 dies
2618 3996 2787 4051 quam
2820 3980 2955 4036 fecit
2996 3982 3287 4046 Dominus,
3320 3982 3567 4037 exsulte-

283 4081 367 4150 ἢν
389 4077 645 4149 εποίησεν
664 4075 909 4148 ὁΚύριος
923 4091 939 4107 ·
959 4070 1419 4144 άγαλλιασώμεθα
1447 4073 1542 4125 καὶ
1564 4067 1863 4141 εὐφρανθῶ

1980 4088 2105 4128 mus
2162 4082 2221 4128 et
2262 4072 2513 4128 laetemur
2556 4074 2615 4127 in
2661 4072 2824 4128 ea“:
2866 4090 2885 4123 ι
2954 4088 3155 4144 nempe
3221 4072 3565 4129 resurrectio

290 4131 404 4245 μεν
434 4173 493 4226 ὲν
518 4131 711 4242 άύτῇ“ι
734 4131 938 4239 δηλαέὴ
964 4131 1128 4238 ήΙτοῦ
1164 4131 1403 4237 Χριστοῦ
1435 4131 1830 4232 ἀναστάσιμος.
1853 4178 1863 4212 ι

1979 4162 2215 4219 Christi.
2250 4162 2346 4217 Et:
2381 4180 2399 4214 ς
2432 4162 2676 4218 ιωιίίίοο
2700 4163 2969 4230 animam,
2992 4131 3247 4227 Domine.
3282 4166 3428 4220 servi
3458 4165 3563 4227 lui,

286 4264 433 4321 Καὶ·
459 4280 493 4315 t.
519 4260 800 4331 Εὔφρανον
831 4258 928 4330 τὴν
946 4257 1126 4328 ψυχὴν
1150 4256 1246 4310 τοῦ
1259 4255 1447 4309 δούλου
1469 4252 1714 4307 σου.Ὅτι
1745 4249 1863 4321 πρὸς

1977 4255 2112 4325 quia
2134 4255 2203 4309 ad
2223 4262 2276 4309 te
2304 4255 2486 4310 levavi
2524 4255 2767 4310 animam
2811 4270 2992 4311 meam
3013 4256 3079 4310 ".
3113 4275 3133 4308 ι
3162 4257 3233 4312 Et
3263 4277 3277 4311 :
3317 4275 3335 4308 ι
3366 4255 3566 4311 Anima

286 4356 382 4421 οὶ,
410 4353 609 4425 Κύριε,
643 4348 753 4424 ἦρα
777 4350 878 4422 τὴν
898 4349 1075 4421 ψυχήν
1093 4365 1220 4417 μου.
1242 4366 1261 4399 δ
1296 4348 1427 4412 Kal,
1452 4366 1471 4398 ι
1506 4345 1573 4400 Ἠ
1601 4345 1748 4416 ψυχή
1778 4359 1863 4415 μοι

1981 4362 2105 4402 mea
2158 4346 2460 4402 exsultabit
2524 4346 2581 4401 in
2636 4346 2914 4413 Domino,
2963 4347 3337 4404 delectabitur
3397 4362 3570 4418 super

288 4444 690 4516 άγαλλιάσεται
719 4442 813 4496 ἐπὶ
842 4439 1530 4513 τῷΚυριῳ,τερφθήσεται
1548 4437 1641 4491 ἐπὶ
1664 4435 1744 4507 τῷ
1779 4451 1863 4488 σωε

1980 4441 2213 4497 salutari
2271 4454 2376 4495 suo
2396 4438 2466 4494 ⁸⁸.
2528 4458 2548 4490 ι
2598 4470 2670 4481 --
2705 4459 2724 4493 ι
2758 4439 2979 4496 Etenim
3028 4441 3275 4495 laetatum
3329 4448 3418 4496 est
3471 4455 3567 4497 cor

286 4535 476 4609 τηρίῳ
490 4532 680 4589 αὐτοῦ.
722 4551 848 4586 ι--ι
885 4534 998 4587 Kal
1027 4532 1137 4604 γὰρ
1164 4530 1452 4603 ηὐφράνθη
1471 4528 1719 4601 ήκαρδεα
1754 4544 1856 4600 μου

1983 4548 2191 4597 meum,
2225 4539 2284 4586 et
2307 4531 2607 4587 exsultavit
2639 4532 2830 4604 lingua
2862 4548 3008 4600 mea,
3040 4533 3174 4605 quia
3210 4534 3455 4605 replebis
3479 4551 3575 4590 me

289 4628 398 4683 καὶ
423 4625 850 4696 ἡγαλλιὰσατσή
870 4623 1096 4693 γλῶσσά
1111 4640 1235 4696 μου,
1253 4624 1336 4677 ὅτι
1361 4621 1671 4693 πληρώσεις
1701 4637 1768 4692 με
1785 4621 1863 4673 εὐ-

1981 4622 2332 4694 jucunditate
2364 4638 2491 4679 cum
2521 4624 2681 4679 vultu
2712 4631 2810 4679 tuo
2824 4626 2906 4680 ’⁸.
2944 4644 2961 4677 ι
3012 4624 3370 4682 Jucunditate
3420 4628 3571 4683 enim

290 4712 597 4786 φροσύνης,
636 4712 776 4784 μετὰ
810 4713 908 4767 τοῦ
932 4711 1228 4786 προσώπου
1261 4728 1377 4766 σου.
1402 4729 1422 4763 ι
1448 4711 1561 4764 Kal
1591 4708 1863 4781 ἐμπλησθῇ

1987 4715 2083 4771 tali
2111 4714 2448 4786 adimpletur
2469 4709 2599 4785 quis
2656 4731 2757 4789 per
2793 4717 3123 4773 charitatem
3173 4734 3305 4790 erga
3360 4720 3571 4787 Deum;

290 4826 392 4873 ,τις
435 4806 689 4883 τοιαύτης
718 4807 1063 4877 εὐφροσύνης
1104 4806 1193 4860 διὰ
1221 4807 1324 4876 τῆς
1353 4806 1435 4870 εἰς
1465 4802 1599 4858 θεὸν
1638 4802 1859 4871 ἀγάπης

1987 4804 2185 4862 laetitia
2220 4806 2388 4861 enim
2415 4807 2697 4877 justorum
2732 4806 2855 4877 ipsa
2891 4817 2978 4862 est
3009 4824 3139 4880 erga
3168 4811 3344 4866 Deum
3382 4813 3576 4867 chari--

304 4907 378 4961 Ἦ
405 4906 516 4977 γὰρ
541 4906 852 4978 εὐφροσύνη
893 4903 1004 4957 τῶν
1031 4901 1276 4968 δικαίων,
1309 4903 1344 4971 ὴ
1392 4901 1473 4964 εἰς
1529 4897 1662 4952 Θεδν
1692 4897 1863 4965 άγάπτ

1992 4905 2094 4951 tas.
2117 4894 2271 4950 Talis
2292 4895 2534 4965 denique
2556 4896 2699 4951 alios
2717 4896 2885 4951 etiam
2905 4912 2971 4953 eo
2982 4898 3333 4965 adhortatur,
3357 4899 3574 4960 dicens.

290 4996 474 5054 ἔστιν.
498 4996 699 5050 Λοιπὸν
732 4997 829 5049 καὶ
866 4988 1058 5056 ἄλλους
1094 4993 1487 5065 προτρέπεται,
1529 5008 1547 5041 ι
1583 4988 1771 5051 Δεῦτε,
1795 4986 1863 5039 λέι

1996 4986 2211 5056 1222
2272 4985 2555 5066 «Venite,
2615 4987 2961 5042 exsultemus
3010 4988 3245 5045 Domino
3267 4992 3334 5045 ⁸⁸.
3401 5012 3421 5044 ι
3470 4992 3569 5048 Ει.

289 5100 457 5157 των,
520 5081 1011 5154 ’Δγαλλιασώμεθα
1081 5082 1162 5154 τῷ
1215 5081 1428 5152 Κυρίῳ.
1467 5098 1486 5131 ι
1518 5080 1651 5143 Καὶ,
1694 5097 1713 5130 ι
1749 5080 1863 5130 Δου-

1998 5095 2017 5129 ι
2055 5076 2270 5133 Servite
2321 5076 2557 5133 Domino
2589 5076 2647 5132 in
2692 5076 2972 5133 laetitia“.
3038 5098 3057 5131 ι
3088 5080 3191 5136 Et:
3232 5100 3251 5133 ι
3290 5082 3579 5140 Delectare

291 5177 535 5233 λεύσατε
560 5177 639 5248 τῷ
667 5175 856 5247 Κυρίῳ
883 5179 941 5229 ὲν
958 5176 1110 5244 φόσῳ
1129 5175 1224 5228 καὶ
1240 5177 1298 5228 ὲν
1323 5172 1652 5246 εὐφροσύνῃ.
1695 5191 1714 5224 ι
1749 5171 1860 5224 Kal

1993 5168 2050 5225 in
2078 5169 2407 5235 Domino";
2442 5187 2462 5220 ι
2510 5169 2618 5225 hoc
2673 5177 2783 5241 est,
2842 5171 3030 5227 fruere
3078 5173 3377 5231 dulcedine
3433 5177 3577 5248 ejus.

286 5291 331 5323 -ι
365 5267 806 5340 Κατατρύφησον
833 5266 929 5320 τοῦ
948 5263 1211 5335 Κυρίου,ι
1234 5264 1533 5327 τουτέστιν,
1552 5262 1863 5317 Ἀπόλαυσοε

1994 5262 2142 5318 Dicit
2194 5260 2344 5316 enim
2395 5260 2725 5333 Scriptura:
2766 5281 2785 5315 α
2814 5262 3081 5332 Comede,
3113 5264 3217 5334 ﬁli,
3250 5267 3457 5336 favum,
3519 5282 3582 5326 ut

289 5363 408 5434 τῆς
464 5360 802 5430 γλυκύτητος
863 5357 1062 5414 αὐτοῦ.
1118 5374 1139 5408 ι
1204 5356 1353 5424 Φάγε
1409 5354 1540 5426 γὰρ,
1589 5356 1695 5423 υἱὲ,
1740 5355 1861 5427 μέλι

1994 5354 2287 5409 edulcetur
2335 5362 2527 5425 guttur
2580 5363 2764 5422 tuum,
2803 5363 2862 5411 et
2914 5355 3072 5412 dabit
3120 5359 3218 5415 tibi
3277 5362 3579 5431 petitiones

383 5508 430 5543 ⁸⁸
471 5504 686 5561 l'l‘hes.
725 5519 805 5570 Ill,
832 5504 887 5558 9.
966 5500 1046 5535 ³⁸*
1099 5500 1257 5556 Rom.
1299 5516 1415 5564 vni,
1441 5499 1529 5555 52.
1609 5499 1653 5530 ³⁷
1686 5498 1858 5555 Galat.

1967 5542 1978 5564 ,
2011 5500 2095 5555 15.
2131 5569 2134 5570 ν
2172 5500 2216 5532 ³⁸
2239 5497 2429 5570 Matth.
2458 5514 2532 5563 xl,
2568 5497 2660 5563 25,
2691 5498 2783 5555 26.
2834 5500 2902 5570 ,³⁸
2945 5502 3052 5557 lsa.
3084 5518 3210 5568 xxv,
3236 5501 3333 5570 10,
3399 5504 3444 5536 ⁸⁸
3473 5505 3581 5562 lsa.

294 5580 436 5644 xxv,
477 5577 569 5634 25.
662 5576 706 5607 ’δί
734 5568 995 5644 ibid._i'5.
1097 5570 1141 5602 "
1181 5570 1467 5644 S_0ph.__ll_l.
1510 5570 1596 5644 l7.
1666 5571 1862 5644 “Naln

1989 5587 2027 5644 ι,
2068 5569 2182 5644 15η
2261 5568 2307 5600 ⁸⁸
2332 5568 2490 5644 Joan.
2521 5570 2730 5644 εδει.
2832 5568 2877 5602 ⁸⁵
2913 5572 3057 5644 Psal.
3085 5589 3160 5636 1x,
3191 5575 3245 5630 5.
3316 5568 3323 5570 ἡ
3354 5574 3398 5607 ⁸⁸
3431 5575 3581 5631 Psai.

292 5639 481 5714 exvit,
510 5647 602 5703 ει.
697 5645 743 5677 δ’
775 5642 921 5699 Psal.
958 5656 1158 5705 Lxxxv,
1198 5639 1276 5695 Αἰ
1343 5640 1389 5673 ’⁸⁸
1413 5641 1558 5696 Psal.
1595 5656 1775 5707 xxxiv,
1799 5643 1863 5695 77

292 5719 358 5759 ’⁸⁸
391 5719 538 5776 Psal.
566 5731 750 5780 xxxvr,
782 5714 866 5769 4.‘

1985 5641 2028 5675 ’δ’
2067 5641 2208 5697 Psal.
2233 5656 2321 5707 xv,
2365 5641 2419 5694 9.
2528 5640 2572 5671 '°
2599 5639 2739 5695 Psal.
2768 5654 2912 5708 xcrv,
2956 5642 3006 5698 1.
3112 5644 3152 5676 ⁸¹
3182 5645 3326 5700 Psal.
3355 5661 3497 5711 xcrx,
3524 5648 3576 5701 1.

642 5814 913 5872 Ριτιιοι..
947 5809 1065 5872 Gn.
1094 5805 1441 5870 LXXXIX.

3163 5807 3239 5866 57
