  <div class='ocr_page' id='page_1' title='image "/cluster/home/n/w/nwhite01/storage/ocr_20150623/89/coo.31924054869932/917.png"; bbox 0 0 4042 6450; ppageno 0'>
   <div class='ocr_carea' id='block_1_1' title="bbox 590 300 728 364">
    <p class='ocr_par' dir='ltr' id='par_1_1' title="bbox 590 300 728 364">
     <span class='ocr_line' id='line_1_1' title="bbox 590 300 728 364; baseline -0.014 -1"><span class='ocrx_word' id='word_1_1' title='bbox 590 300 728 364; x_wconf 73' lang='lat'><strong>1803</strong></span> 
     </span>
    </p>
   </div>
   <div class='ocr_carea' id='block_1_2' title="bbox 1855 299 2606 362">
    <p class='ocr_par' dir='ltr' id='par_1_2' title="bbox 1855 299 2606 362">
     <span class='ocr_line' id='line_1_2' title="bbox 1855 299 2606 362; baseline 0.005 -4"><span class='ocrx_word' id='word_1_2' title='bbox 1855 299 2220 360; x_wconf 69' lang='lat' dir='ltr'><strong>ANTiOCil-l</strong></span> <span class='ocrx_word' id='word_1_3' title='bbox 2261 299 2606 362; x_wconf 67' lang='lat' dir='ltr'><strong>MONACHI</strong></span> 
     </span>
    </p>
   </div>
   <div class='ocr_carea' id='block_1_3' title="bbox 3655 316 3753 390">
    <p class='ocr_par' dir='ltr' id='par_1_3' title="bbox 3655 316 3753 390">
     <span class='ocr_line' id='line_1_3' title="bbox 3655 316 3753 390; baseline 0.112 -11"><span class='ocrx_word' id='word_1_4' title='bbox 3655 316 3753 390; x_wconf 62' lang='grc'><strong>1801</strong></span> 
     </span>
    </p>
   </div>
   <div class='ocr_carea' id='block_1_4' title="bbox 583 406 2157 495">
    <p class='ocr_par' dir='ltr' id='par_1_4' title="bbox 583 406 2157 480">
     <span class='ocr_line' id='line_1_4' title="bbox 583 406 2157 480; baseline -0.001 -15"><span class='ocrx_word' id='word_1_5' title='bbox 583 410 771 465; x_wconf 86' lang='lat' dir='ltr'><strong>cordis</strong></span> <span class='ocrx_word' id='word_1_6' title='bbox 802 411 881 465; x_wconf 80' lang='lat' dir='ltr'><strong>tui</strong></span> <span class='ocrx_word' id='word_1_7' title='bbox 899 409 964 464; x_wconf 81' lang='grc'><strong>⁵³.</strong></span> <span class='ocrx_word' id='word_1_8' title='bbox 1001 427 1022 462; x_wconf 75' lang='grc' dir='ltr'><strong>ι</strong></span> <span class='ocrx_word' id='word_1_9' title='bbox 1041 406 1342 480; x_wconf 85' lang='lat' dir='ltr'><strong>Discipulis</strong></span> <span class='ocrx_word' id='word_1_10' title='bbox 1370 409 1520 465; x_wconf 88' lang='lat' dir='ltr'><strong>enim</strong></span> <span class='ocrx_word' id='word_1_11' title='bbox 1547 407 1686 464; x_wconf 72' lang='lat' dir='ltr'><strong>dixit</strong></span> <span class='ocrx_word' id='word_1_12' title='bbox 1707 409 2011 465; x_wconf 80' lang='lat' dir='ltr'><strong>Dominus:</strong></span> <span class='ocrx_word' id='word_1_13' title='bbox 2053 430 2076 462; x_wconf 80' lang='grc' dir='ltr'><strong>ι</strong></span> <span class='ocrx_word' id='word_1_14' title='bbox 2104 410 2157 466; x_wconf 90' lang='lat' dir='ltr'><strong>Si</strong></span> 
     </span>
    </p>
   </div>
   <div class='ocr_carea' id='block_1_5' title="bbox 2256 406 3752 495">
    <p class='ocr_par' dir='ltr' id='par_1_5' title="bbox 2267 411 3752 495">
     <span class='ocr_line' id='line_1_5' title="bbox 2267 411 3752 495; baseline 0.015 -36"><span class='ocrx_word' id='word_1_15' title='bbox 2267 412 2452 483; x_wconf 77' lang='grc' dir='ltr'>φησίν·</span> <span class='ocrx_word' id='word_1_16' title='bbox 2476 413 2682 482; x_wconf 71' lang='grc' dir='ltr'>ἀγαθὸν</span> <span class='ocrx_word' id='word_1_17' title='bbox 2700 411 2831 484; x_wconf 78' lang='grc' dir='ltr'>γὰρ,</span> <span class='ocrx_word' id='word_1_18' title='bbox 2865 414 2950 468; x_wconf 74' lang='grc' dir='ltr'>ἵνα</span> <span class='ocrx_word' id='word_1_19' title='bbox 2975 411 3254 488; x_wconf 75' lang='grc' dir='ltr'>γλυκανθῇ</span> <span class='ocrx_word' id='word_1_20' title='bbox 3313 433 3400 472; x_wconf 82' lang='grc' dir='ltr'><strong>σου</strong></span> <span class='ocrx_word' id='word_1_21' title='bbox 3425 422 3450 474; x_wconf 83' lang='grc' dir='ltr'>ὁ</span> <span class='ocrx_word' id='word_1_22' title='bbox 3471 423 3659 495; x_wconf 67' lang='grc' dir='ltr'>ὶάρνγξ,</span> <span class='ocrx_word' id='word_1_23' title='bbox 3683 439 3752 488; x_wconf 70' lang='grc' dir='ltr'><strong>καὶ</strong></span> 
     </span>
    </p>
   </div>
   <div class='ocr_carea' id='block_1_6' title="bbox 581 505 2159 576">
    <p class='ocr_par' dir='ltr' id='par_1_6' title="bbox 581 505 2159 576">
     <span class='ocr_line' id='line_1_6' title="bbox 581 505 2159 576; baseline -0.003 -14"><span class='ocrx_word' id='word_1_24' title='bbox 581 505 814 576; x_wconf 85' lang='lat' dir='ltr'><strong>diligitis</strong></span> <span class='ocrx_word' id='word_1_25' title='bbox 833 520 942 570; x_wconf 87' lang='lat' dir='ltr'><strong>me,</strong></span> <span class='ocrx_word' id='word_1_26' title='bbox 966 513 1024 559; x_wconf 90' lang='lat' dir='ltr'><strong>et</strong></span> <span class='ocrx_word' id='word_1_27' title='bbox 1045 505 1302 559; x_wconf 81' lang='lat' dir='ltr'><strong>mandata</strong></span> <span class='ocrx_word' id='word_1_28' title='bbox 1325 505 1845 570; x_wconf 80' lang='lat' dir='ltr'><strong>mea-servaveritis,</strong></span> <span class='ocrx_word' id='word_1_29' title='bbox 1869 505 2159 574; x_wconf 86' lang='lat' dir='ltr'><strong>quodcun-</strong></span> 
     </span>
    </p>
   </div>
   <div class='ocr_carea' id='block_1_7' title="bbox 581 598 2161 670">
    <p class='ocr_par' dir='ltr' id='par_1_7' title="bbox 581 598 2161 670">
     <span class='ocr_line' id='line_1_7' title="bbox 581 598 2161 670; baseline -0.001 -16"><span class='ocrx_word' id='word_1_30' title='bbox 581 613 690 670; x_wconf 87' lang='lat' dir='ltr'><strong>que</strong></span> <span class='ocrx_word' id='word_1_31' title='bbox 714 599 1026 662; x_wconf 76' lang='lat' dir='ltr'><strong>volueritis,</strong></span> <span class='ocrx_word' id='word_1_32' title='bbox 1055 598 1260 668; x_wconf 82' lang='lat' dir='ltr'><strong>petetis</strong></span> <span class='ocrx_word' id='word_1_33' title='bbox 1293 614 1322 652; x_wconf 91' lang='lat' dir='ltr'><strong>a</strong></span> <span class='ocrx_word' id='word_1_34' title='bbox 1347 598 1510 653; x_wconf 84' lang='lat' dir='ltr'><strong>Patre</strong></span> <span class='ocrx_word' id='word_1_35' title='bbox 1560 613 1706 664; x_wconf 90' lang='lat' dir='ltr'><strong>meo,</strong></span> <span class='ocrx_word' id='word_1_36' title='bbox 1731 607 1787 653; x_wconf 93' lang='lat' dir='ltr'><strong>et</strong></span> <span class='ocrx_word' id='word_1_37' title='bbox 1809 598 1964 652; x_wconf 83' lang='lat' dir='ltr'><strong>dabit</strong></span> <span class='ocrx_word' id='word_1_38' title='bbox 2000 599 2161 653; x_wconf 81' lang='lat' dir='ltr'><strong>vobis</strong></span> 
     </span>
    </p>
   </div>
   <div class='ocr_carea' id='block_1_8' title="bbox 582 691 2165 759">
    <p class='ocr_par' dir='ltr' id='par_1_8' title="bbox 582 691 2165 759">
     <span class='ocr_line' id='line_1_8' title="bbox 582 691 2165 759; baseline -0.003 -12"><span class='ocrx_word' id='word_1_39' title='bbox 582 693 636 747; x_wconf 91' lang='lat' dir='ltr'><strong>in</strong></span> <span class='ocrx_word' id='word_1_40' title='bbox 664 691 892 746; x_wconf 91' lang='lat' dir='ltr'><strong>nomine</strong></span> <span class='ocrx_word' id='word_1_41' title='bbox 925 693 1133 745; x_wconf 74' lang='lat' dir='ltr'><strong>meo“.</strong></span> <span class='ocrx_word' id='word_1_42' title='bbox 1178 710 1198 742; x_wconf 84' lang='grc'><strong><em>›</em></strong></span> <span class='ocrx_word' id='word_1_43' title='bbox 1233 691 1440 744; x_wconf 88' lang='lat' dir='ltr'><strong>lterum</strong></span> <span class='ocrx_word' id='word_1_44' title='bbox 1465 707 1483 744; x_wconf 90' lang='lat'><strong>:</strong></span> <span class='ocrx_word' id='word_1_45' title='bbox 1538 710 1558 742; x_wconf 85' lang='lat'><strong>1</strong></span> <span class='ocrx_word' id='word_1_46' title='bbox 1596 691 1840 746; x_wconf 60' lang='lat' dir='ltr'><strong>Laetetur</strong></span> <span class='ocrx_word' id='word_1_47' title='bbox 1881 705 1978 745; x_wconf 88' lang='lat' dir='ltr'><strong>cor</strong></span> <span class='ocrx_word' id='word_1_48' title='bbox 2008 705 2165 759; x_wconf 71' lang='lat' dir='ltr'><strong>quae-</strong></span> 
     </span>
    </p>
   </div>
   <div class='ocr_carea' id='block_1_9' title="bbox 582 780 2162 850">
    <p class='ocr_par' dir='ltr' id='par_1_9' title="bbox 582 780 2162 850">
     <span class='ocr_line' id='line_1_9' title="bbox 582 780 2162 850; baseline -0.002 -13"><span class='ocrx_word' id='word_1_49' title='bbox 582 784 828 838; x_wconf 88' lang='lat' dir='ltr'><strong>rentium</strong></span> <span class='ocrx_word' id='word_1_50' title='bbox 877 781 1172 836; x_wconf 84' lang='lat' dir='ltr'><strong>Dominum</strong></span> <span class='ocrx_word' id='word_1_51' title='bbox 1210 782 1277 834; x_wconf 84' lang='lat'><strong>&quot;.</strong></span> <span class='ocrx_word' id='word_1_52' title='bbox 1322 798 1340 831; x_wconf 75' lang='grc' dir='ltr'><strong>ι</strong></span> <span class='ocrx_word' id='word_1_53' title='bbox 1397 781 1493 835; x_wconf 85' lang='lat' dir='ltr'><strong>Et:</strong></span> <span class='ocrx_word' id='word_1_54' title='bbox 1534 799 1552 832; x_wconf 90' lang='lat'><strong>1</strong></span> <span class='ocrx_word' id='word_1_55' title='bbox 1594 780 1879 835; x_wconf 75' lang='lat' dir='ltr'><strong>Laetamini</strong></span> <span class='ocrx_word' id='word_1_56' title='bbox 1917 781 2054 850; x_wconf 83' lang='lat' dir='ltr'><strong>justi</strong></span> <span class='ocrx_word' id='word_1_57' title='bbox 2105 781 2162 834; x_wconf 88' lang='lat' dir='ltr'><strong>in</strong></span> 
     </span>
    </p>
   </div>
   <div class='ocr_carea' id='block_1_10' title="bbox 580 869 2155 940">
    <p class='ocr_par' dir='ltr' id='par_1_10' title="bbox 580 869 2155 940">
     <span class='ocr_line' id='line_1_10' title="bbox 580 869 2155 940; baseline -0.001 -14"><span class='ocrx_word' id='word_1_58' title='bbox 580 873 816 928; x_wconf 76' lang='lat' dir='ltr'><strong>Domino</strong></span> <span class='ocrx_word' id='word_1_59' title='bbox 832 873 900 926; x_wconf 79' lang='grc'><strong>⁸⁸.</strong></span> <span class='ocrx_word' id='word_1_60' title='bbox 932 892 950 924; x_wconf 76' lang='grc' dir='ltr'><strong>ι</strong></span> <span class='ocrx_word' id='word_1_61' title='bbox 978 871 1076 925; x_wconf 89' lang='lat' dir='ltr'><strong>Et:</strong></span> <span class='ocrx_word' id='word_1_62' title='bbox 1109 890 1127 922; x_wconf 85' lang='lat'><strong>1</strong></span> <span class='ocrx_word' id='word_1_63' title='bbox 1169 869 1680 940; x_wconf 65' lang='lat' dir='ltr'><strong>Lmtabiturjustus</strong></span> <span class='ocrx_word' id='word_1_64' title='bbox 1705 872 1758 925; x_wconf 94' lang='lat' dir='ltr'><strong>in</strong></span> <span class='ocrx_word' id='word_1_65' title='bbox 1785 872 2020 926; x_wconf 91' lang='lat' dir='ltr'><strong>Domino</strong></span> <span class='ocrx_word' id='word_1_66' title='bbox 2037 872 2104 926; x_wconf 85' lang='grc'><strong>⁸⁷.</strong></span> <span class='ocrx_word' id='word_1_67' title='bbox 2135 890 2155 924; x_wconf 75' lang='grc' dir='ltr'><strong>ι</strong></span> 
     </span>
    </p>
   </div>
   <div class='ocr_carea' id='block_1_11' title="bbox 579 962 2161 1032">
    <p class='ocr_par' dir='ltr' id='par_1_11' title="bbox 579 962 2161 1032">
     <span class='ocr_line' id='line_1_11' title="bbox 579 962 2161 1032; baseline 0 -12"><span class='ocrx_word' id='word_1_68' title='bbox 579 965 682 1020; x_wconf 87' lang='lat' dir='ltr'><strong>Et:</strong></span> <span class='ocrx_word' id='word_1_69' title='bbox 724 984 741 1016; x_wconf 83' lang='lat'><strong>1</strong></span> <span class='ocrx_word' id='word_1_70' title='bbox 777 965 1022 1020; x_wconf 69' lang='lat' dir='ltr'><strong>Lmtetur</strong></span> <span class='ocrx_word' id='word_1_71' title='bbox 1047 962 1328 1018; x_wconf 57' lang='lat' dir='ltr'><strong>.lsrael&#39;in</strong></span> <span class='ocrx_word' id='word_1_72' title='bbox 1353 978 1421 1018; x_wconf 89' lang='lat' dir='ltr'><strong>eo</strong></span> <span class='ocrx_word' id='word_1_73' title='bbox 1469 963 1720 1032; x_wconf 86' lang='lat' dir='ltr'><strong>quifecit</strong></span> <span class='ocrx_word' id='word_1_74' title='bbox 1757 979 1908 1030; x_wconf 89' lang='lat' dir='ltr'><strong>eum,</strong></span> <span class='ocrx_word' id='word_1_75' title='bbox 1966 975 2023 1020; x_wconf 92' lang='lat' dir='ltr'><strong>et</strong></span> <span class='ocrx_word' id='word_1_76' title='bbox 2061 965 2161 1020; x_wconf 77' lang='lat' dir='ltr'><strong>ﬁlii</strong></span> 
     </span>
    </p>
   </div>
   <div class='ocr_carea' id='block_1_12' title="bbox 581 1057 2162 1127">
    <p class='ocr_par' dir='ltr' id='par_1_12' title="bbox 581 1057 2162 1127">
     <span class='ocr_line' id='line_1_12' title="bbox 581 1057 2162 1127; baseline 0 -14"><span class='ocrx_word' id='word_1_77' title='bbox 581 1059 714 1114; x_wconf 85' lang='lat' dir='ltr'><strong>Sion</strong></span> <span class='ocrx_word' id='word_1_78' title='bbox 753 1059 1054 1113; x_wconf 72' lang='lat' dir='ltr'><strong>exsultent</strong></span> <span class='ocrx_word' id='word_1_79' title='bbox 1093 1058 1168 1111; x_wconf 65' lang='lat' dir='ltr'><strong>&#39;in</strong></span> <span class='ocrx_word' id='word_1_80' title='bbox 1230 1071 1360 1127; x_wconf 87' lang='lat' dir='ltr'><strong>rege</strong></span> <span class='ocrx_word' id='word_1_81' title='bbox 1423 1070 1526 1111; x_wconf 86' lang='lat' dir='ltr'><strong>suo</strong></span> <span class='ocrx_word' id='word_1_82' title='bbox 1549 1057 1628 1110; x_wconf 78' lang='grc'><strong>’⁸⁵.</strong></span> <span class='ocrx_word' id='word_1_83' title='bbox 1664 1075 1684 1108; x_wconf 74' lang='grc' dir='ltr'><strong>ι</strong></span> <span class='ocrx_word' id='word_1_84' title='bbox 1719 1087 1788 1098; x_wconf 89' lang='grc'><strong><em>--</em></strong></span> <span class='ocrx_word' id='word_1_85' title='bbox 1826 1077 1845 1109; x_wconf 85' lang='lat'><strong>1</strong></span> <span class='ocrx_word' id='word_1_86' title='bbox 1883 1058 2162 1113; x_wconf 82' lang='lat' dir='ltr'><strong>Habitatio</strong></span> 
     </span>
    </p>
   </div>
   <div class='ocr_carea' id='block_1_13' title="bbox 576 1147 2161 1218">
    <p class='ocr_par' dir='ltr' id='par_1_13' title="bbox 576 1147 2161 1218">
     <span class='ocr_line' id='line_1_13' title="bbox 576 1147 2161 1218; baseline 0 -12"><span class='ocrx_word' id='word_1_87' title='bbox 576 1150 731 1206; x_wconf 87' lang='lat' dir='ltr'><strong>enim</strong></span> <span class='ocrx_word' id='word_1_88' title='bbox 785 1149 842 1203; x_wconf 91' lang='lat' dir='ltr'><strong>in</strong></span> <span class='ocrx_word' id='word_1_89' title='bbox 890 1156 942 1204; x_wconf 85' lang='lat' dir='ltr'><strong>te</strong></span> <span class='ocrx_word' id='word_1_90' title='bbox 983 1147 1142 1218; x_wconf 88' lang='lat' dir='ltr'><strong>quasi</strong></span> <span class='ocrx_word' id='word_1_91' title='bbox 1193 1147 1505 1202; x_wconf 65' lang='lat' dir='ltr'><strong>laetantium</strong></span> <span class='ocrx_word' id='word_1_92' title='bbox 1555 1149 1890 1204; x_wconf 80' lang='lat' dir='ltr'><strong>omnium&quot;.</strong></span> <span class='ocrx_word' id='word_1_93' title='bbox 1937 1168 1956 1202; x_wconf 74' lang='grc' dir='ltr'><strong>ι</strong></span> <span class='ocrx_word' id='word_1_94' title='bbox 2001 1151 2161 1206; x_wconf 83' lang='lat' dir='ltr'><strong>Alius</strong></span> 
     </span>
    </p>
   </div>
   <div class='ocr_carea' id='block_1_14' title="bbox 579 1241 2160 1311">
    <p class='ocr_par' dir='ltr' id='par_1_14' title="bbox 579 1241 2160 1311">
     <span class='ocr_line' id='line_1_14' title="bbox 579 1241 2160 1311; baseline 0 -14"><span class='ocrx_word' id='word_1_95' title='bbox 579 1244 750 1297; x_wconf 89' lang='lat' dir='ltr'><strong>item:</strong></span> <span class='ocrx_word' id='word_1_96' title='bbox 789 1259 808 1292; x_wconf 86' lang='lat'><strong>1</strong></span> <span class='ocrx_word' id='word_1_97' title='bbox 848 1241 944 1295; x_wconf 84' lang='lat' dir='ltr'><strong>His</strong></span> <span class='ocrx_word' id='word_1_98' title='bbox 973 1241 1067 1311; x_wconf 90' lang='lat' dir='ltr'><strong>qni</strong></span> <span class='ocrx_word' id='word_1_99' title='bbox 1097 1241 1355 1295; x_wconf 83' lang='lat' dir='ltr'><strong>serviunt</strong></span> <span class='ocrx_word' id='word_1_100' title='bbox 1409 1241 1571 1306; x_wconf 82' lang='lat' dir='ltr'><strong>mihi,</strong></span> <span class='ocrx_word' id='word_1_101' title='bbox 1609 1241 1907 1296; x_wconf 79' lang='lat' dir='ltr'><strong>vocabitur</strong></span> <span class='ocrx_word' id='word_1_102' title='bbox 1956 1258 2160 1297; x_wconf 80' lang='lat' dir='ltr'><strong>nomen</strong></span> 
     </span>
    </p>
   </div>
   <div class='ocr_carea' id='block_1_15' title="bbox 576 1331 2154 1404">
    <p class='ocr_par' dir='ltr' id='par_1_15' title="bbox 576 1331 2154 1404">
     <span class='ocr_line' id='line_1_15' title="bbox 576 1331 2154 1404; baseline -0.003 -16"><span class='ocrx_word' id='word_1_103' title='bbox 576 1350 805 1399; x_wconf 88' lang='lat' dir='ltr'><strong>novum,</strong></span> <span class='ocrx_word' id='word_1_104' title='bbox 839 1333 987 1404; x_wconf 81' lang='lat' dir='ltr'><strong>quod</strong></span> <span class='ocrx_word' id='word_1_105' title='bbox 1018 1331 1378 1387; x_wconf 87' lang='lat' dir='ltr'><strong>benedictum</strong></span> <span class='ocrx_word' id='word_1_106' title='bbox 1425 1333 1534 1388; x_wconf 85' lang='lat' dir='ltr'><strong>erit</strong></span> <span class='ocrx_word' id='word_1_107' title='bbox 1577 1348 1744 1402; x_wconf 90' lang='lat' dir='ltr'><strong>super</strong></span> <span class='ocrx_word' id='word_1_108' title='bbox 1799 1341 2004 1386; x_wconf 83' lang='lat' dir='ltr'><strong>terram</strong></span> <span class='ocrx_word' id='word_1_109' title='bbox 2031 1334 2098 1387; x_wconf 79' lang='lat'><strong>°°.</strong></span> <span class='ocrx_word' id='word_1_110' title='bbox 2135 1351 2154 1384; x_wconf 68' lang='grc' dir='ltr'><strong>ι</strong></span> 
     </span>
    </p>
   </div>
   <div class='ocr_carea' id='block_1_16' title="bbox 577 1425 2162 1496">
    <p class='ocr_par' dir='ltr' id='par_1_16' title="bbox 577 1425 2162 1496">
     <span class='ocr_line' id='line_1_16' title="bbox 577 1425 2162 1496; baseline -0.001 -15"><span class='ocrx_word' id='word_1_111' title='bbox 577 1429 863 1496; x_wconf 83' lang='lat' dir='ltr'><strong>Quotquot</strong></span> <span class='ocrx_word' id='word_1_112' title='bbox 903 1426 1052 1480; x_wconf 90' lang='lat' dir='ltr'><strong>enim</strong></span> <span class='ocrx_word' id='word_1_113' title='bbox 1083 1425 1340 1480; x_wconf 84' lang='lat' dir='ltr'><strong>serviunt</strong></span> <span class='ocrx_word' id='word_1_114' title='bbox 1362 1425 1414 1482; x_wconf 89' lang='lat' dir='ltr'><strong>ei</strong></span> <span class='ocrx_word' id='word_1_115' title='bbox 1443 1427 1499 1480; x_wconf 93' lang='lat' dir='ltr'><strong>in</strong></span> <span class='ocrx_word' id='word_1_116' title='bbox 1529 1427 1750 1488; x_wconf 82' lang='lat' dir='ltr'><strong>timore,</strong></span> <span class='ocrx_word' id='word_1_117' title='bbox 1802 1435 1858 1480; x_wconf 89' lang='lat' dir='ltr'><strong>et</strong></span> <span class='ocrx_word' id='word_1_118' title='bbox 1884 1427 2162 1480; x_wconf 78' lang='lat' dir='ltr'><strong>exsultant</strong></span> 
     </span>
    </p>
   </div>
   <div class='ocr_carea' id='block_1_17' title="bbox 577 1515 2159 1575">
    <p class='ocr_par' dir='ltr' id='par_1_17' title="bbox 577 1515 2159 1575">
     <span class='ocr_line' id='line_1_17' title="bbox 577 1515 2159 1575; baseline -0.001 -5"><span class='ocrx_word' id='word_1_119' title='bbox 577 1519 633 1570; x_wconf 91' lang='lat' dir='ltr'><strong>in</strong></span> <span class='ocrx_word' id='word_1_120' title='bbox 663 1526 902 1571; x_wconf 84' lang='lat' dir='ltr'><strong>tremore</strong></span> <span class='ocrx_word' id='word_1_121' title='bbox 921 1517 988 1575; x_wconf 72' lang='grc' dir='ltr'><strong>θ’.</strong></span> <span class='ocrx_word' id='word_1_122' title='bbox 1019 1515 1078 1569; x_wconf 89' lang='lat' dir='ltr'><strong>hi</strong></span> <span class='ocrx_word' id='word_1_123' title='bbox 1110 1525 1242 1570; x_wconf 91' lang='lat' dir='ltr'><strong>sunt</strong></span> <span class='ocrx_word' id='word_1_124' title='bbox 1283 1517 1381 1570; x_wconf 86' lang='lat' dir='ltr'><strong>lilii</strong></span> <span class='ocrx_word' id='word_1_125' title='bbox 1421 1516 1520 1570; x_wconf 84' lang='lat' dir='ltr'><strong>Dei</strong></span> <span class='ocrx_word' id='word_1_126' title='bbox 1550 1516 1809 1570; x_wconf 79' lang='lat' dir='ltr'><strong>viventis.</strong></span> <span class='ocrx_word' id='word_1_127' title='bbox 1854 1517 2159 1570; x_wconf 70' lang='lat' dir='ltr'><strong>Parmmia-</strong></span> 
     </span>
    </p>
   </div>
   <div class='ocr_carea' id='block_1_18' title="bbox 577 1605 2158 1678">
    <p class='ocr_par' dir='ltr' id='par_1_18' title="bbox 577 1605 2158 1678">
     <span class='ocr_line' id='line_1_18' title="bbox 577 1605 2158 1678; baseline -0.002 -15"><span class='ocrx_word' id='word_1_128' title='bbox 577 1619 690 1663; x_wconf 87' lang='lat' dir='ltr'><strong>stes</strong></span> <span class='ocrx_word' id='word_1_129' title='bbox 735 1605 971 1678; x_wconf 88' lang='lat' dir='ltr'><strong>proinde</strong></span> <span class='ocrx_word' id='word_1_130' title='bbox 1000 1605 1110 1660; x_wconf 87' lang='lat' dir='ltr'><strong>ait:</strong></span> <span class='ocrx_word' id='word_1_131' title='bbox 1146 1625 1163 1657; x_wconf 89' lang='lat'><strong>1</strong></span> <span class='ocrx_word' id='word_1_132' title='bbox 1195 1605 1251 1660; x_wconf 92' lang='lat' dir='ltr'><strong>In</strong></span> <span class='ocrx_word' id='word_1_133' title='bbox 1278 1605 1491 1660; x_wconf 80' lang='lat' dir='ltr'><strong>laetitiis</strong></span> <span class='ocrx_word' id='word_1_134' title='bbox 1519 1621 1628 1659; x_wconf 90' lang='lat' dir='ltr'><strong>non</strong></span> <span class='ocrx_word' id='word_1_135' title='bbox 1674 1605 2020 1660; x_wconf 85' lang='lat' dir='ltr'><strong>admiscetur</strong></span> <span class='ocrx_word' id='word_1_136' title='bbox 2058 1606 2158 1660; x_wconf 85' lang='lat' dir='ltr'><strong>tri-</strong></span> 
     </span>
    </p>
   </div>
   <div class='ocr_carea' id='block_1_19' title="bbox 2265 505 3758 596">
    <p class='ocr_par' dir='ltr' id='par_1_19' title="bbox 2265 505 3758 596">
     <span class='ocr_line' id='line_1_19' title="bbox 2265 505 3758 596; baseline 0.013 -38"><span class='ocrx_word' id='word_1_137' title='bbox 2265 505 2376 576; x_wconf 82' lang='grc' dir='ltr'><strong>δῴη</strong></span> <span class='ocrx_word' id='word_1_138' title='bbox 2409 522 2492 558; x_wconf 88' lang='grc' dir='ltr'><strong>σοι</strong></span> <span class='ocrx_word' id='word_1_139' title='bbox 2521 507 2592 558; x_wconf 83' lang='grc' dir='ltr'>τὰ</span> <span class='ocrx_word' id='word_1_140' title='bbox 2623 507 2905 578; x_wconf 71' lang='grc' dir='ltr'>αἰτήματα</span> <span class='ocrx_word' id='word_1_141' title='bbox 2931 509 3035 577; x_wconf 83' lang='grc' dir='ltr'><strong>τῆς</strong></span> <span class='ocrx_word' id='word_1_142' title='bbox 3068 509 3297 580; x_wconf 75' lang='grc' dir='ltr'><strong>καρδίας</strong></span> <span class='ocrx_word' id='word_1_143' title='bbox 3319 527 3427 568; x_wconf 83' lang='grc' dir='ltr'>σου.</span> <span class='ocrx_word' id='word_1_144' title='bbox 3465 533 3483 566; x_wconf 72' lang='grc' dir='ltr'><strong>ι</strong></span> <span class='ocrx_word' id='word_1_145' title='bbox 3517 519 3652 587; x_wconf 77' lang='grc' dir='ltr'>Λέγει</span> <span class='ocrx_word' id='word_1_146' title='bbox 3676 528 3758 596; x_wconf 76' lang='grc' dir='ltr'>γὰρ</span> 
     </span>
    </p>
   </div>
   <div class='ocr_carea' id='block_1_20' title="bbox 2263 599 3757 678">
    <p class='ocr_par' dir='ltr' id='par_1_20' title="bbox 2263 599 3757 678">
     <span class='ocr_line' id='line_1_20' title="bbox 2263 599 3757 678; baseline 0.009 -29"><span class='ocrx_word' id='word_1_147' title='bbox 2263 600 2292 650; x_wconf 82' lang='grc' dir='ltr'>ὁ</span> <span class='ocrx_word' id='word_1_148' title='bbox 2340 599 2545 668; x_wconf 80' lang='grc' dir='ltr'>Κύριος</span> <span class='ocrx_word' id='word_1_149' title='bbox 2569 600 2681 662; x_wconf 75' lang='grc' dir='ltr'>τοῖς</span> <span class='ocrx_word' id='word_1_150' title='bbox 2727 599 3034 669; x_wconf 78' lang='grc' dir='ltr'>μαθηταῖςο</span> <span class='ocrx_word' id='word_1_151' title='bbox 3066 620 3083 652; x_wconf 88' lang='grc' dir='ltr'><strong>ι</strong></span> <span class='ocrx_word' id='word_1_152' title='bbox 3137 603 3263 655; x_wconf 70' lang='grc' dir='ltr'>Ἐὰν</span> <span class='ocrx_word' id='word_1_153' title='bbox 3317 605 3548 672; x_wconf 79' lang='grc' dir='ltr'>ἀγαπᾶτὲ</span> <span class='ocrx_word' id='word_1_154' title='bbox 3579 627 3650 678; x_wconf 78' lang='grc' dir='ltr'><strong>με,</strong></span> <span class='ocrx_word' id='word_1_155' title='bbox 3688 621 3757 671; x_wconf 69' lang='grc' dir='ltr'>καὶ</span> 
     </span>
    </p>
   </div>
   <div class='ocr_carea' id='block_1_21' title="bbox 2263 691 3761 780">
    <p class='ocr_par' dir='ltr' id='par_1_21' title="bbox 2263 691 3761 780">
     <span class='ocr_line' id='line_1_21' title="bbox 2263 691 3761 780; baseline 0.005 -36"><span class='ocrx_word' id='word_1_156' title='bbox 2263 691 2360 754; x_wconf 82' lang='grc' dir='ltr'>τὰς</span> <span class='ocrx_word' id='word_1_157' title='bbox 2378 691 2598 754; x_wconf 80' lang='grc' dir='ltr'>ἐντολάς</span> <span class='ocrx_word' id='word_1_158' title='bbox 2630 709 2732 761; x_wconf 86' lang='grc' dir='ltr'><strong>μου</strong></span> <span class='ocrx_word' id='word_1_159' title='bbox 2760 695 3060 765; x_wconf 72' lang='grc' dir='ltr'><strong>τηρήσητε,</strong></span> <span class='ocrx_word' id='word_1_160' title='bbox 3100 696 3218 757; x_wconf 75' lang='grc' dir='ltr'>καὶ,</span> <span class='ocrx_word' id='word_1_161' title='bbox 3264 697 3291 749; x_wconf 82' lang='grc' dir='ltr'><strong>ὃ</strong></span> <span class='ocrx_word' id='word_1_162' title='bbox 3312 699 3404 750; x_wconf 73' lang='grc' dir='ltr'><strong>ἐὰν</strong></span> <span class='ocrx_word' id='word_1_163' title='bbox 3424 699 3615 770; x_wconf 78' lang='grc' dir='ltr'>θέλητε,</span> <span class='ocrx_word' id='word_1_164' title='bbox 3639 708 3761 780; x_wconf 54' lang='lat' dir='ltr'><strong>nisi].</strong></span> 
     </span>
    </p>
   </div>
   <div class='ocr_carea' id='block_1_22' title="bbox 2266 785 3761 868">
    <p class='ocr_par' dir='ltr' id='par_1_22' title="bbox 2266 785 3761 868">
     <span class='ocr_line' id='line_1_22' title="bbox 2266 785 3761 868; baseline 0.007 -32"><span class='ocrx_word' id='word_1_165' title='bbox 2266 799 2396 838; x_wconf 86' lang='grc' dir='ltr'>σατε</span> <span class='ocrx_word' id='word_1_166' title='bbox 2423 785 2514 838; x_wconf 74' lang='grc' dir='ltr'><strong>τὸν</strong></span> <span class='ocrx_word' id='word_1_167' title='bbox 2535 787 2757 856; x_wconf 77' lang='grc' dir='ltr'>Πατέρα</span> <span class='ocrx_word' id='word_1_168' title='bbox 2785 803 2911 857; x_wconf 90' lang='grc' dir='ltr'>μου,</span> <span class='ocrx_word' id='word_1_169' title='bbox 2948 787 3041 840; x_wconf 68' lang='grc' dir='ltr'>καί</span> <span class='ocrx_word' id='word_1_170' title='bbox 3063 788 3226 841; x_wconf 80' lang='grc' dir='ltr'>δώσει</span> <span class='ocrx_word' id='word_1_171' title='bbox 3264 791 3387 860; x_wconf 83' lang='grc' dir='ltr'>ὑμῖν</span> <span class='ocrx_word' id='word_1_172' title='bbox 3428 792 3482 844; x_wconf 81' lang='grc' dir='ltr'>ὲν</span> <span class='ocrx_word' id='word_1_173' title='bbox 3505 793 3574 864; x_wconf 77' lang='grc' dir='ltr'>τῷ</span> <span class='ocrx_word' id='word_1_174' title='bbox 3591 795 3761 868; x_wconf 62' lang='grc' dir='ltr'>ὀνόμαξε</span> 
     </span>
    </p>
   </div>
   <div class='ocr_carea' id='block_1_23' title="bbox 2267 879 3769 958">
    <p class='ocr_par' dir='ltr' id='par_1_23' title="bbox 2267 879 3769 958">
     <span class='ocr_line' id='line_1_23' title="bbox 2267 879 3769 958; baseline 0.003 -23"><span class='ocrx_word' id='word_1_175' title='bbox 2267 896 2391 951; x_wconf 84' lang='grc' dir='ltr'>μου.</span> <span class='ocrx_word' id='word_1_176' title='bbox 2433 898 2451 932; x_wconf 74' lang='grc' dir='ltr'><strong>ι</strong></span> <span class='ocrx_word' id='word_1_177' title='bbox 2480 879 2591 932; x_wconf 74' lang='grc' dir='ltr'><strong>Καὶ</strong></span> <span class='ocrx_word' id='word_1_178' title='bbox 2626 880 2819 934; x_wconf 81' lang='grc' dir='ltr'>πάλιν·</span> <span class='ocrx_word' id='word_1_179' title='bbox 2853 900 2871 932; x_wconf 82' lang='grc' dir='ltr'><strong>ι</strong></span> <span class='ocrx_word' id='word_1_180' title='bbox 2899 881 3275 952; x_wconf 77' lang='grc' dir='ltr'>Εύφρανθήτω</span> <span class='ocrx_word' id='word_1_181' title='bbox 3303 885 3492 954; x_wconf 79' lang='grc' dir='ltr'>καρδία</span> <span class='ocrx_word' id='word_1_182' title='bbox 3516 886 3769 958; x_wconf 71' lang='grc' dir='ltr'>ζητούντων</span> 
     </span>
    </p>
   </div>
   <div class='ocr_carea' id='block_1_24' title="bbox 2261 978 3771 1059">
    <p class='ocr_par' dir='ltr' id='par_1_24' title="bbox 2261 978 3771 1059">
     <span class='ocr_line' id='line_1_24' title="bbox 2261 978 3771 1059; baseline 0.007 -27"><span class='ocrx_word' id='word_1_183' title='bbox 2261 981 2354 1032; x_wconf 81' lang='grc' dir='ltr'><strong>τὸν</strong></span> <span class='ocrx_word' id='word_1_184' title='bbox 2374 978 2656 1051; x_wconf 55' lang='grc' dir='ltr'>’Κύριονῴ</span> <span class='ocrx_word' id='word_1_185' title='bbox 2674 980 2802 1041; x_wconf 75' lang='grc' dir='ltr'>Καὶ,</span> <span class='ocrx_word' id='word_1_186' title='bbox 2842 999 2863 1032; x_wconf 85' lang='grc' dir='ltr'><strong>ι</strong></span> <span class='ocrx_word' id='word_1_187' title='bbox 2896 981 3274 1053; x_wconf 53' lang='grc' dir='ltr'>Εὐφράνθητε,</span> <span class='ocrx_word' id='word_1_188' title='bbox 3298 983 3508 1049; x_wconf 79' lang='grc' dir='ltr'>δίκαιοι,</span> <span class='ocrx_word' id='word_1_189' title='bbox 3537 988 3588 1039; x_wconf 80' lang='grc' dir='ltr'>ὲν</span> <span class='ocrx_word' id='word_1_190' title='bbox 3608 988 3771 1059; x_wconf 73' lang='grc' dir='ltr'>τῴιιυ.</span> 
     </span>
    </p>
   </div>
   <div class='ocr_carea' id='block_1_25' title="bbox 2259 1076 3764 1154">
    <p class='ocr_par' dir='ltr' id='par_1_25' title="bbox 2259 1076 3764 1154">
     <span class='ocr_line' id='line_1_25' title="bbox 2259 1076 3764 1154; baseline 0.005 -26"><span class='ocrx_word' id='word_1_191' title='bbox 2259 1076 2388 1148; x_wconf 85' lang='grc' dir='ltr'>ρίῳ.</span> <span class='ocrx_word' id='word_1_192' title='bbox 2427 1096 2445 1129; x_wconf 72' lang='grc' dir='ltr'><strong>ι</strong></span> <span class='ocrx_word' id='word_1_193' title='bbox 2481 1077 2609 1142; x_wconf 74' lang='lat' dir='ltr'><strong>Kal,</strong></span> <span class='ocrx_word' id='word_1_194' title='bbox 2636 1097 2653 1128; x_wconf 89' lang='lat'><strong>1</strong></span> <span class='ocrx_word' id='word_1_195' title='bbox 2686 1076 3142 1147; x_wconf 77' lang='grc' dir='ltr'>Εὐφρανθήσεται</span> <span class='ocrx_word' id='word_1_196' title='bbox 3168 1077 3379 1141; x_wconf 83' lang='grc' dir='ltr'>δίκαιος</span> <span class='ocrx_word' id='word_1_197' title='bbox 3403 1082 3458 1132; x_wconf 82' lang='grc' dir='ltr'>ἐν</span> <span class='ocrx_word' id='word_1_198' title='bbox 3481 1080 3552 1150; x_wconf 75' lang='grc' dir='ltr'>τῷ</span> <span class='ocrx_word' id='word_1_199' title='bbox 3568 1082 3764 1154; x_wconf 70' lang='grc' dir='ltr'>Κυρίῳ.»</span> 
     </span>
    </p>
   </div>
   <div class='ocr_carea' id='block_1_26' title="bbox 2265 1168 3769 1241">
    <p class='ocr_par' dir='ltr' id='par_1_26' title="bbox 2265 1168 3769 1241">
     <span class='ocr_line' id='line_1_26' title="bbox 2265 1168 3769 1241; baseline 0.003 -20"><span class='ocrx_word' id='word_1_200' title='bbox 2265 1169 2393 1232; x_wconf 71' lang='grc' dir='ltr'>Καὶ,</span> <span class='ocrx_word' id='word_1_201' title='bbox 2440 1187 2458 1220; x_wconf 83' lang='grc' dir='ltr'><strong>ι</strong></span> <span class='ocrx_word' id='word_1_202' title='bbox 2509 1168 2880 1240; x_wconf 80' lang='grc' dir='ltr'>Εὑφρανθήτω</span> <span class='ocrx_word' id='word_1_203' title='bbox 2897 1169 3115 1239; x_wconf 83' lang='grc' dir='ltr'>Ἰσραὴλ</span> <span class='ocrx_word' id='word_1_204' title='bbox 3131 1169 3225 1222; x_wconf 73' lang='grc' dir='ltr'><strong>ἐπὶ</strong></span> <span class='ocrx_word' id='word_1_205' title='bbox 3247 1170 3324 1241; x_wconf 82' lang='grc' dir='ltr'>τῷ</span> <span class='ocrx_word' id='word_1_206' title='bbox 3346 1173 3607 1241; x_wconf 77' lang='grc' dir='ltr'>ποιήσαντι</span> <span class='ocrx_word' id='word_1_207' title='bbox 3629 1175 3769 1241; x_wconf 68' lang='grc' dir='ltr'>αὑτὸν,</span> 
     </span>
    </p>
   </div>
   <div class='ocr_carea' id='block_1_27' title="bbox 2263 1260 3770 1333">
    <p class='ocr_par' dir='ltr' id='par_1_27' title="bbox 2263 1260 3770 1333">
     <span class='ocr_line' id='line_1_27' title="bbox 2263 1260 3770 1333; baseline 0.005 -20"><span class='ocrx_word' id='word_1_208' title='bbox 2263 1260 2357 1313; x_wconf 70' lang='grc' dir='ltr'><strong>καὶ</strong></span> <span class='ocrx_word' id='word_1_209' title='bbox 2383 1261 2488 1313; x_wconf 80' lang='grc' dir='ltr'>υἱοὶ</span> <span class='ocrx_word' id='word_1_210' title='bbox 2519 1260 2657 1312; x_wconf 78' lang='grc' dir='ltr'>Σιὼν</span> <span class='ocrx_word' id='word_1_211' title='bbox 2689 1261 3146 1329; x_wconf 76' lang='grc' dir='ltr'>ἀγαλλιάσθωσαν</span> <span class='ocrx_word' id='word_1_212' title='bbox 3175 1263 3268 1313; x_wconf 64' lang='grc' dir='ltr'><strong>ἐπὶ</strong></span> <span class='ocrx_word' id='word_1_213' title='bbox 3291 1263 3368 1333; x_wconf 78' lang='grc' dir='ltr'><strong>τῷ</strong></span> <span class='ocrx_word' id='word_1_214' title='bbox 3398 1261 3589 1332; x_wconf 73' lang='grc' dir='ltr'>βασιλεῖ</span> <span class='ocrx_word' id='word_1_215' title='bbox 3619 1266 3770 1322; x_wconf 79' lang='grc' dir='ltr'>αὐτῶν.</span> 
     </span>
    </p>
   </div>
   <div class='ocr_carea' id='block_1_28' title="bbox 2279 1351 3767 1423">
    <p class='ocr_par' dir='ltr' id='par_1_28' title="bbox 2279 1351 3767 1423">
     <span class='ocr_line' id='line_1_28' title="bbox 2279 1351 3767 1423; baseline 0.005 -19"><span class='ocrx_word' id='word_1_216' title='bbox 2279 1352 2342 1404; x_wconf 84' lang='lat' dir='ltr'><strong>&#39;H</strong></span> <span class='ocrx_word' id='word_1_217' title='bbox 2370 1351 2479 1422; x_wconf 82' lang='grc' dir='ltr'>γὰρ</span> <span class='ocrx_word' id='word_1_218' title='bbox 2511 1354 2568 1405; x_wconf 77' lang='grc' dir='ltr'>ἐν</span> <span class='ocrx_word' id='word_1_219' title='bbox 2598 1353 2680 1406; x_wconf 72' lang='grc' dir='ltr'><strong>σοὶ</strong></span> <span class='ocrx_word' id='word_1_220' title='bbox 2710 1353 2964 1406; x_wconf 80' lang='grc' dir='ltr'>κατοικία</span> <span class='ocrx_word' id='word_1_221' title='bbox 2986 1354 3061 1416; x_wconf 83' lang='grc' dir='ltr'><strong>ὡς</strong></span> <span class='ocrx_word' id='word_1_222' title='bbox 3085 1355 3522 1423; x_wconf 74' lang='grc' dir='ltr'><strong>εὐφραινομένων</strong></span> <span class='ocrx_word' id='word_1_223' title='bbox 3541 1357 3767 1411; x_wconf 59' lang='grc' dir='ltr'>παντωνη</span> 
     </span>
    </p>
   </div>
   <div class='ocr_carea' id='block_1_29' title="bbox 2263 1445 3771 1519">
    <p class='ocr_par' dir='ltr' id='par_1_29' title="bbox 2263 1445 3771 1519">
     <span class='ocr_line' id='line_1_29' title="bbox 2263 1445 3771 1519; baseline 0.003 -19"><span class='ocrx_word' id='word_1_224' title='bbox 2263 1448 2373 1500; x_wconf 78' lang='lat' dir='ltr'><strong>Kal</strong></span> <span class='ocrx_word' id='word_1_225' title='bbox 2402 1445 2562 1509; x_wconf 78' lang='grc' dir='ltr'>ἄλλος</span> <span class='ocrx_word' id='word_1_226' title='bbox 2583 1463 2598 1478; x_wconf 80' lang='grc' dir='ltr'><strong>ο</strong></span> <span class='ocrx_word' id='word_1_227' title='bbox 2639 1465 2660 1497; x_wconf 87' lang='lat'><strong>1</strong></span> <span class='ocrx_word' id='word_1_228' title='bbox 2696 1445 2822 1509; x_wconf 82' lang='grc' dir='ltr'><strong>Τοῖς</strong></span> <span class='ocrx_word' id='word_1_229' title='bbox 2850 1445 2960 1516; x_wconf 76' lang='grc' dir='ltr'><strong>γὰρ</strong></span> <span class='ocrx_word' id='word_1_230' title='bbox 2989 1445 3335 1498; x_wconf 82' lang='grc' dir='ltr'>δουλεύουσίν</span> <span class='ocrx_word' id='word_1_231' title='bbox 3373 1463 3460 1516; x_wconf 91' lang='grc' dir='ltr'><strong>μοι</strong></span> <span class='ocrx_word' id='word_1_232' title='bbox 3501 1447 3771 1519; x_wconf 76' lang='grc' dir='ltr'>κληθήσεται</span> 
     </span>
    </p>
   </div>
   <div class='ocr_carea' id='block_1_30' title="bbox 2261 1519 3772 1608">
    <p class='ocr_par' dir='ltr' id='par_1_30' title="bbox 2261 1519 3772 1608">
     <span class='ocr_line' id='line_1_30' title="bbox 2261 1519 3772 1608; baseline -0.004 -18"><span class='ocrx_word' id='word_1_233' title='bbox 2261 1538 2428 1608; x_wconf 78' lang='grc' dir='ltr'>δνομα</span> <span class='ocrx_word' id='word_1_234' title='bbox 2459 1537 2665 1602; x_wconf 76' lang='grc' dir='ltr'>καινὸν,</span> <span class='ocrx_word' id='word_1_235' title='bbox 2696 1536 2726 1589; x_wconf 83' lang='grc' dir='ltr'><strong>ὃ</strong></span> <span class='ocrx_word' id='word_1_236' title='bbox 2751 1519 3181 1607; x_wconf 80' lang='grc' dir='ltr'>εὐλογηθὴσεται</span> <span class='ocrx_word' id='word_1_237' title='bbox 3211 1539 3304 1590; x_wconf 76' lang='grc' dir='ltr'>ἐπὶ</span> <span class='ocrx_word' id='word_1_238' title='bbox 3331 1538 3432 1607; x_wconf 79' lang='grc' dir='ltr'><strong>τῆς</strong></span> <span class='ocrx_word' id='word_1_239' title='bbox 3458 1539 3580 1608; x_wconf 78' lang='grc' dir='ltr'>γῆς’</span> <span class='ocrx_word' id='word_1_240' title='bbox 3607 1542 3686 1594; x_wconf 75' lang='grc' dir='ltr'>καὶ</span> <span class='ocrx_word' id='word_1_241' title='bbox 3709 1543 3772 1594; x_wconf 78' lang='grc' dir='ltr'><strong>εὑ.</strong></span> 
     </span>
    </p>
   </div>
   <div class='ocr_carea' id='block_1_31' title="bbox 2263 1629 3858 1702">
    <p class='ocr_par' dir='ltr' id='par_1_31' title="bbox 2263 1629 3858 1702">
     <span class='ocr_line' id='line_1_31' title="bbox 2263 1629 3858 1702; baseline 0.002 -20"><span class='ocrx_word' id='word_1_242' title='bbox 2263 1629 2540 1701; x_wconf 81' lang='grc' dir='ltr'>φροσύνην</span> <span class='ocrx_word' id='word_1_243' title='bbox 2596 1631 2692 1683; x_wconf 82' lang='grc' dir='ltr'>καὶ</span> <span class='ocrx_word' id='word_1_244' title='bbox 2750 1629 3070 1700; x_wconf 81' lang='grc' dir='ltr'>ἀγαλλξαμα</span> <span class='ocrx_word' id='word_1_245' title='bbox 3124 1631 3451 1701; x_wconf 76' lang='grc' dir='ltr'><strong>εὑρήσουσιν</strong></span> <span class='ocrx_word' id='word_1_246' title='bbox 3499 1631 3578 1683; x_wconf 77' lang='grc' dir='ltr'><strong>ἐπ’</strong></span> <span class='ocrx_word' id='word_1_247' title='bbox 3629 1633 3772 1702; x_wconf 72' lang='grc' dir='ltr'><strong>αὐτῆς.</strong></span> <span class='ocrx_word' id='word_1_248' title='bbox 3849 1658 3858 1674; x_wconf 85' lang='grc' dir='ltr'><strong>ι</strong></span> 
     </span>
    </p>
   </div>
   <div class='ocr_carea' id='block_1_32' title="bbox 567 1697 2157 1811">
    <p class='ocr_par' dir='ltr' id='par_1_32' title="bbox 567 1697 2157 1811">
     <span class='ocr_line' id='line_1_32' title="bbox 567 1697 2157 1768; baseline -0.001 -14"><span class='ocrx_word' id='word_1_249' title='bbox 567 1700 726 1756; x_wconf 71' lang='lat' dir='ltr'><strong>stitia</strong></span> <span class='ocrx_word' id='word_1_250' title='bbox 751 1701 820 1754; x_wconf 85' lang='grc'><strong>⁶².</strong></span> <span class='ocrx_word' id='word_1_251' title='bbox 861 1719 879 1752; x_wconf 73' lang='grc' dir='ltr'><strong>ι</strong></span> <span class='ocrx_word' id='word_1_252' title='bbox 921 1699 965 1753; x_wconf 85' lang='grc' dir='ltr'>Α</span> <span class='ocrx_word' id='word_1_253' title='bbox 991 1699 1164 1754; x_wconf 90' lang='lat' dir='ltr'><strong>choro</strong></span> <span class='ocrx_word' id='word_1_254' title='bbox 1191 1699 1341 1753; x_wconf 87' lang='lat' dir='ltr'><strong>enim</strong></span> <span class='ocrx_word' id='word_1_255' title='bbox 1386 1699 1666 1768; x_wconf 90' lang='lat' dir='ltr'><strong>justorum</strong></span> <span class='ocrx_word' id='word_1_256' title='bbox 1710 1697 1850 1768; x_wconf 83' lang='lat' dir='ltr'><strong>fugit</strong></span> <span class='ocrx_word' id='word_1_257' title='bbox 1911 1698 2072 1754; x_wconf 89' lang='lat' dir='ltr'><strong>dolor</strong></span> <span class='ocrx_word' id='word_1_258' title='bbox 2102 1708 2157 1753; x_wconf 84' lang='lat' dir='ltr'><strong>et</strong></span> 
     </span>
     <span class='ocr_line' id='line_1_33' title="bbox 578 1789 2132 1811; baseline 0 0"><span class='ocrx_word' id='word_1_259' title='bbox 842 1799 885 1811; x_wconf 72' lang='lat'><strong>-.</strong></span> <span class='ocrx_word' id='word_1_260' title='bbox 926 1792 1158 1811; x_wconf 41' lang='grc' dir='ltr'><strong>ηψπ--</strong></span> <span class='ocrx_word' id='word_1_261' title='bbox 1213 1790 1315 1811; x_wconf 69' lang='grc' dir='ltr'><strong>ππ..</strong></span> <span class='ocrx_word' id='word_1_262' title='bbox 1363 1810 1366 1811; x_wconf 30' lang='grc' dir='ltr'><strong>ν</strong></span> <span class='ocrx_word' id='word_1_263' title='bbox 1405 1789 1459 1811; x_wconf 77' lang='grc'><strong>1-</strong></span> <span class='ocrx_word' id='word_1_264' title='bbox 1502 1789 1581 1811; x_wconf 59' lang='grc' dir='ltr'><strong>λε-</strong></span> <span class='ocrx_word' id='word_1_265' title='bbox 1630 1790 1894 1811; x_wconf 63' lang='grc' dir='ltr'><strong>ι---ε.,.ς-</strong></span> 
     </span>
    </p>
   </div>
   <div class='ocr_carea' id='block_1_33' title="bbox 2256 1697 3776 1811">
    <p class='ocr_par' dir='ltr' id='par_1_33' title="bbox 2266 1721 3776 1794">
     <span class='ocr_line' id='line_1_34' title="bbox 2266 1721 3776 1794; baseline 0.001 -18"><span class='ocrx_word' id='word_1_266' title='bbox 2266 1723 2419 1776; x_wconf 86' lang='grc' dir='ltr'>Ὅσοι</span> <span class='ocrx_word' id='word_1_267' title='bbox 2453 1723 2563 1794; x_wconf 82' lang='grc' dir='ltr'>γὰρ</span> <span class='ocrx_word' id='word_1_268' title='bbox 2584 1721 2929 1776; x_wconf 75' lang='grc' dir='ltr'>δουλεύουσιν</span> <span class='ocrx_word' id='word_1_269' title='bbox 2954 1722 3105 1794; x_wconf 77' lang='grc' dir='ltr'>αὐτῷ</span> <span class='ocrx_word' id='word_1_270' title='bbox 3131 1725 3190 1775; x_wconf 89' lang='grc' dir='ltr'>ὲν</span> <span class='ocrx_word' id='word_1_271' title='bbox 3220 1721 3393 1792; x_wconf 61' lang='grc' dir='ltr'>φόϐῳ,</span> <span class='ocrx_word' id='word_1_272' title='bbox 3414 1722 3505 1775; x_wconf 80' lang='grc' dir='ltr'><strong>καὶ</strong></span> <span class='ocrx_word' id='word_1_273' title='bbox 3535 1723 3776 1791; x_wconf 57' lang='lat' dir='ltr'><strong>amne.-</strong></span> 
     </span>
    </p>
   </div>
   <div class='ocr_carea' id='block_1_34' title="bbox 578 1789 2157 1884">
    <p class='ocr_par' dir='ltr' id='par_1_34' title="bbox 578 1789 2157 1862">
     <span class='ocr_line' id='line_1_35' title="bbox 578 1789 2157 1862; baseline 0 -16"><span class='ocrx_word' id='word_1_274' title='bbox 578 1791 805 1846; x_wconf 88' lang='lat' dir='ltr'><strong>tristitia</strong></span> <span class='ocrx_word' id='word_1_275' title='bbox 835 1799 890 1846; x_wconf 93' lang='lat' dir='ltr'><strong>et</strong></span> <span class='ocrx_word' id='word_1_276' title='bbox 920 1792 1183 1862; x_wconf 82' lang='lat' dir='ltr'><strong>gemitus.</strong></span> <span class='ocrx_word' id='word_1_277' title='bbox 1213 1790 1316 1844; x_wconf 90' lang='lat' dir='ltr'><strong>Et:</strong></span> <span class='ocrx_word' id='word_1_278' title='bbox 1348 1810 1366 1842; x_wconf 91' lang='lat'><strong>1</strong></span> <span class='ocrx_word' id='word_1_279' title='bbox 1405 1789 1466 1844; x_wconf 83' lang='lat' dir='ltr'><strong>in</strong></span> <span class='ocrx_word' id='word_1_280' title='bbox 1496 1789 1586 1844; x_wconf 90' lang='lat' dir='ltr'><strong>die</strong></span> <span class='ocrx_word' id='word_1_281' title='bbox 1630 1790 1898 1846; x_wconf 87' lang='lat' dir='ltr'><strong>bonitatis</strong></span> <span class='ocrx_word' id='word_1_282' title='bbox 1926 1791 2052 1846; x_wconf 90' lang='lat' dir='ltr'><strong>vive</strong></span> <span class='ocrx_word' id='word_1_283' title='bbox 2100 1792 2157 1846; x_wconf 89' lang='lat' dir='ltr'><strong>in</strong></span> 
     </span>
    </p>
   </div>
   <div class='ocr_carea' id='block_1_35' title="bbox 2256 1789 3772 1884">
    <p class='ocr_par' dir='ltr' id='par_1_35' title="bbox 2263 1804 3772 1884">
     <span class='ocr_line' id='line_1_36' title="bbox 2263 1804 3772 1884; baseline -0.002 -15"><span class='ocrx_word' id='word_1_284' title='bbox 2263 1833 2356 1869; x_wconf 87' lang='grc' dir='ltr'><strong>ται</strong></span> <span class='ocrx_word' id='word_1_285' title='bbox 2395 1813 2546 1884; x_wconf 79' lang='grc' dir='ltr'>αύτῷ</span> <span class='ocrx_word' id='word_1_286' title='bbox 2579 1815 2637 1866; x_wconf 79' lang='grc' dir='ltr'>ὲν</span> <span class='ocrx_word' id='word_1_287' title='bbox 2657 1813 2880 1884; x_wconf 78' lang='grc' dir='ltr'>τρόμῳ’</span> <span class='ocrx_word' id='word_1_288' title='bbox 2906 1804 3054 1865; x_wconf 73' lang='grc' dir='ltr'>οὗτοί</span> <span class='ocrx_word' id='word_1_289' title='bbox 3087 1815 3228 1866; x_wconf 80' lang='grc' dir='ltr'>εἰσιν</span> <span class='ocrx_word' id='word_1_290' title='bbox 3261 1813 3371 1864; x_wconf 81' lang='grc' dir='ltr'><strong>υίοὶ</strong></span> <span class='ocrx_word' id='word_1_291' title='bbox 3400 1809 3529 1864; x_wconf 83' lang='grc' dir='ltr'><strong>Θεοῦ</strong></span> <span class='ocrx_word' id='word_1_292' title='bbox 3556 1812 3772 1876; x_wconf 74' lang='grc' dir='ltr'><strong>ζῶντος.»</strong></span> 
     </span>
    </p>
   </div>
   <div class='ocr_carea' id='block_1_36' title="bbox 576 1882 2156 1966">
    <p class='ocr_par' dir='ltr' id='par_1_36' title="bbox 576 1882 2156 1966">
     <span class='ocr_line' id='line_1_37' title="bbox 576 1882 2156 1966; baseline 0 -29"><span class='ocrx_word' id='word_1_293' title='bbox 576 1882 804 1938; x_wconf 76' lang='lat' dir='ltr'><strong>bono”.</strong></span> <span class='ocrx_word' id='word_1_294' title='bbox 846 1903 891 1966; x_wconf 40' lang='grc' dir='ltr'><strong>»ο</strong></span> <span class='ocrx_word' id='word_1_295' title='bbox 915 1884 1159 1938; x_wconf 87' lang='lat' dir='ltr'><strong>lterum:</strong></span> <span class='ocrx_word' id='word_1_296' title='bbox 1204 1903 1222 1934; x_wconf 88' lang='lat'><strong>1</strong></span> <span class='ocrx_word' id='word_1_297' title='bbox 1258 1882 1465 1938; x_wconf 83' lang='lat' dir='ltr'><strong>Oculus</strong></span> <span class='ocrx_word' id='word_1_298' title='bbox 1497 1883 1691 1939; x_wconf 87' lang='lat' dir='ltr'><strong>videns</strong></span> <span class='ocrx_word' id='word_1_299' title='bbox 1740 1883 1885 1938; x_wconf 85' lang='lat' dir='ltr'><strong>bona</strong></span> <span class='ocrx_word' id='word_1_300' title='bbox 1917 1883 2156 1938; x_wconf 87' lang='lat' dir='ltr'><strong>delectat</strong></span> 
     </span>
    </p>
   </div>
   <div class='ocr_carea' id='block_1_37' title="bbox 574 1975 2156 2034">
    <p class='ocr_par' dir='ltr' id='par_1_37' title="bbox 574 1975 2156 2034">
     <span class='ocr_line' id='line_1_38' title="bbox 574 1975 2156 2034; baseline 0.001 -4"><span class='ocrx_word' id='word_1_301' title='bbox 574 1991 675 2032; x_wconf 92' lang='lat' dir='ltr'><strong>cor</strong></span> <span class='ocrx_word' id='word_1_302' title='bbox 727 1976 794 2030; x_wconf 80' lang='lat'><strong>“.</strong></span> <span class='ocrx_word' id='word_1_303' title='bbox 877 1975 1069 2031; x_wconf 78' lang='lat' dir='ltr'><strong>Corde</strong></span> <span class='ocrx_word' id='word_1_304' title='bbox 1125 1986 1311 2030; x_wconf 88' lang='lat' dir='ltr'><strong>autem</strong></span> <span class='ocrx_word' id='word_1_305' title='bbox 1363 1975 1896 2034; x_wconf 64' lang='lat' dir='ltr'><strong>exhilaratofacies</strong></span> <span class='ocrx_word' id='word_1_306' title='bbox 1942 1977 2156 2032; x_wconf 85' lang='lat' dir='ltr'><strong>revire-</strong></span> 
     </span>
    </p>
   </div>
   <div class='ocr_carea' id='block_1_38' title="bbox 576 2067 2148 2126">
    <p class='ocr_par' dir='ltr' id='par_1_38' title="bbox 576 2067 2148 2126">
     <span class='ocr_line' id='line_1_39' title="bbox 576 2067 2148 2126; baseline -0.001 -2"><span class='ocrx_word' id='word_1_307' title='bbox 576 2069 760 2124; x_wconf 75' lang='lat' dir='ltr'><strong>scit“.</strong></span> <span class='ocrx_word' id='word_1_308' title='bbox 795 2086 813 2119; x_wconf 73' lang='grc' dir='ltr'><strong>ι</strong></span> <span class='ocrx_word' id='word_1_309' title='bbox 848 2069 938 2124; x_wconf 84' lang='lat' dir='ltr'><strong>Ait</strong></span> <span class='ocrx_word' id='word_1_310' title='bbox 962 2069 1110 2124; x_wconf 89' lang='lat' dir='ltr'><strong>enim</strong></span> <span class='ocrx_word' id='word_1_311' title='bbox 1148 2067 1452 2125; x_wconf 87' lang='lat' dir='ltr'><strong>Dominus:</strong></span> <span class='ocrx_word' id='word_1_312' title='bbox 1494 2088 1511 2122; x_wconf 89' lang='lat'><strong>1</strong></span> <span class='ocrx_word' id='word_1_313' title='bbox 1541 2069 1596 2126; x_wconf 84' lang='lat' dir='ltr'><strong>Si</strong></span> <span class='ocrx_word' id='word_1_314' title='bbox 1622 2070 1818 2125; x_wconf 88' lang='lat' dir='ltr'><strong>oculus</strong></span> <span class='ocrx_word' id='word_1_315' title='bbox 1869 2081 1995 2124; x_wconf 89' lang='lat' dir='ltr'><strong>tuus</strong></span> <span class='ocrx_word' id='word_1_316' title='bbox 2019 2069 2148 2123; x_wconf 85' lang='lat' dir='ltr'><strong>sim-</strong></span> 
     </span>
    </p>
   </div>
   <div class='ocr_carea' id='block_1_39' title="bbox 575 2161 2155 2232">
    <p class='ocr_par' dir='ltr' id='par_1_39' title="bbox 575 2161 2155 2232">
     <span class='ocr_line' id='line_1_40' title="bbox 575 2161 2155 2232; baseline 0.001 -17"><span class='ocrx_word' id='word_1_317' title='bbox 575 2162 701 2231; x_wconf 83' lang='lat' dir='ltr'><strong>plex</strong></span> <span class='ocrx_word' id='word_1_318' title='bbox 731 2161 924 2226; x_wconf 89' lang='lat' dir='ltr'><strong>fuerit,</strong></span> <span class='ocrx_word' id='word_1_319' title='bbox 965 2170 1141 2216; x_wconf 84' lang='lat' dir='ltr'><strong>totum</strong></span> <span class='ocrx_word' id='word_1_320' title='bbox 1169 2175 1375 2232; x_wconf 90' lang='lat' dir='ltr'><strong>corpus</strong></span> <span class='ocrx_word' id='word_1_321' title='bbox 1407 2170 1564 2216; x_wconf 91' lang='lat' dir='ltr'><strong>tuum</strong></span> <span class='ocrx_word' id='word_1_322' title='bbox 1614 2161 1862 2217; x_wconf 89' lang='lat' dir='ltr'><strong>lucidum</strong></span> <span class='ocrx_word' id='word_1_323' title='bbox 1897 2163 2089 2218; x_wconf 84' lang='lat' dir='ltr'><strong>erit“.</strong></span> <span class='ocrx_word' id='word_1_324' title='bbox 2136 2182 2155 2216; x_wconf 76' lang='grc' dir='ltr'><strong>ι</strong></span> 
     </span>
    </p>
   </div>
   <div class='ocr_carea' id='block_1_40' title="bbox 573 2254 2160 2325">
    <p class='ocr_par' dir='ltr' id='par_1_40' title="bbox 573 2254 2160 2325">
     <span class='ocr_line' id='line_1_41' title="bbox 573 2254 2160 2325; baseline 0.001 -18"><span class='ocrx_word' id='word_1_325' title='bbox 573 2281 646 2298; x_wconf 84' lang='lat'><strong>-—</strong></span> <span class='ocrx_word' id='word_1_326' title='bbox 683 2273 701 2306; x_wconf 87' lang='lat'><strong>1</strong></span> <span class='ocrx_word' id='word_1_327' title='bbox 733 2255 894 2309; x_wconf 79' lang='lat' dir='ltr'><strong>Fama</strong></span> <span class='ocrx_word' id='word_1_328' title='bbox 916 2263 1099 2309; x_wconf 90' lang='lat' dir='ltr'><strong>autem</strong></span> <span class='ocrx_word' id='word_1_329' title='bbox 1127 2254 1272 2308; x_wconf 87' lang='lat' dir='ltr'><strong>bona</strong></span> <span class='ocrx_word' id='word_1_330' title='bbox 1315 2254 1623 2324; x_wconf 79' lang='lat' dir='ltr'><strong>impingunt</strong></span> <span class='ocrx_word' id='word_1_331' title='bbox 1663 2269 1787 2308; x_wconf 90' lang='lat' dir='ltr'><strong>ossa</strong></span> <span class='ocrx_word' id='word_1_332' title='bbox 1806 2256 1874 2319; x_wconf 72' lang='grc'>⁵⁷,</span> <span class='ocrx_word' id='word_1_333' title='bbox 1913 2273 1931 2306; x_wconf 74' lang='grc' dir='ltr'><strong>ι</strong></span> <span class='ocrx_word' id='word_1_334' title='bbox 1961 2271 2160 2325; x_wconf 87' lang='lat' dir='ltr'><strong>quem-</strong></span> 
     </span>
    </p>
   </div>
   <div class='ocr_carea' id='block_1_41' title="bbox 574 2339 2160 2407">
    <p class='ocr_par' dir='ltr' id='par_1_41' title="bbox 574 2339 2160 2407">
     <span class='ocr_line' id='line_1_42' title="bbox 574 2339 2160 2407; baseline -0.001 -7"><span class='ocrx_word' id='word_1_335' title='bbox 574 2339 876 2400; x_wconf 83' lang='lat' dir='ltr'><strong>admodum</strong></span> <span class='ocrx_word' id='word_1_336' title='bbox 937 2353 995 2400; x_wconf 91' lang='lat' dir='ltr'><strong>et</strong></span> <span class='ocrx_word' id='word_1_337' title='bbox 1045 2345 1228 2398; x_wconf 88' lang='lat' dir='ltr'><strong>anima</strong></span> <span class='ocrx_word' id='word_1_338' title='bbox 1256 2344 1432 2407; x_wconf 82' lang='lat' dir='ltr'><strong>Pauli,</strong></span> <span class='ocrx_word' id='word_1_339' title='bbox 1461 2358 1586 2397; x_wconf 90' lang='lat' dir='ltr'><strong>cum</strong></span> <span class='ocrx_word' id='word_1_340' title='bbox 1605 2343 1852 2398; x_wconf 89' lang='lat' dir='ltr'><strong>dicebat:</strong></span> <span class='ocrx_word' id='word_1_341' title='bbox 1888 2363 1906 2396; x_wconf 91' lang='lat'><strong>1</strong></span> <span class='ocrx_word' id='word_1_342' title='bbox 1928 2344 2160 2400; x_wconf 80' lang='lat' dir='ltr'><strong>Gaudeo</strong></span> 
     </span>
    </p>
   </div>
   <div class='ocr_carea' id='block_1_42' title="bbox 573 2433 2152 2510">
    <p class='ocr_par' dir='ltr' id='par_1_42' title="bbox 573 2433 2152 2510">
     <span class='ocr_line' id='line_1_43' title="bbox 573 2433 2152 2510; baseline -0.003 -15"><span class='ocrx_word' id='word_1_343' title='bbox 573 2448 630 2496; x_wconf 86' lang='lat' dir='ltr'><strong>et</strong></span> <span class='ocrx_word' id='word_1_344' title='bbox 650 2438 974 2510; x_wconf 84' lang='lat' dir='ltr'><strong>congaudeo</strong></span> <span class='ocrx_word' id='word_1_345' title='bbox 991 2437 1252 2492; x_wconf 90' lang='lat' dir='ltr'><strong>omnibus</strong></span> <span class='ocrx_word' id='word_1_346' title='bbox 1277 2433 1516 2490; x_wconf 79' lang='lat' dir='ltr'><strong>vobis“.</strong></span> <span class='ocrx_word' id='word_1_347' title='bbox 1550 2455 1567 2486; x_wconf 73' lang='grc' dir='ltr'><strong>ι</strong></span> <span class='ocrx_word' id='word_1_348' title='bbox 1601 2435 1700 2490; x_wconf 85' lang='lat' dir='ltr'><strong>Et:</strong></span> <span class='ocrx_word' id='word_1_349' title='bbox 1733 2455 1750 2487; x_wconf 91' lang='lat'><strong>1</strong></span> <span class='ocrx_word' id='word_1_350' title='bbox 1779 2437 1887 2490; x_wconf 83' lang='lat' dir='ltr'><strong>Cor</strong></span> <span class='ocrx_word' id='word_1_351' title='bbox 1910 2436 2152 2506; x_wconf 81' lang='lat' dir='ltr'><strong>gaudens</strong></span> 
     </span>
    </p>
   </div>
   <div class='ocr_carea' id='block_1_43' title="bbox 575 2527 2152 2598">
    <p class='ocr_par' dir='ltr' id='par_1_43' title="bbox 575 2527 2152 2598">
     <span class='ocr_line' id='line_1_44' title="bbox 575 2527 2152 2598; baseline -0.004 -8"><span class='ocrx_word' id='word_1_352' title='bbox 575 2535 718 2590; x_wconf 86' lang='lat' dir='ltr'><strong>bene</strong></span> <span class='ocrx_word' id='word_1_353' title='bbox 775 2533 959 2588; x_wconf 87' lang='lat' dir='ltr'><strong>valere</strong></span> <span class='ocrx_word' id='word_1_354' title='bbox 1009 2529 1221 2585; x_wconf 85' lang='lat' dir='ltr'><strong>facit&quot;.</strong></span> <span class='ocrx_word' id='word_1_355' title='bbox 1261 2548 1281 2581; x_wconf 71' lang='grc' dir='ltr'><strong>ι</strong></span> <span class='ocrx_word' id='word_1_356' title='bbox 1346 2529 1674 2598; x_wconf 80' lang='lat' dir='ltr'><strong>Apostolus:</strong></span> <span class='ocrx_word' id='word_1_357' title='bbox 1735 2545 1754 2580; x_wconf 74' lang='grc' dir='ltr'><strong>ι</strong></span> <span class='ocrx_word' id='word_1_358' title='bbox 1791 2527 2041 2583; x_wconf 87' lang='lat' dir='ltr'><strong>Gaudete</strong></span> <span class='ocrx_word' id='word_1_359' title='bbox 2094 2530 2152 2585; x_wconf 90' lang='lat' dir='ltr'><strong>in</strong></span> 
     </span>
    </p>
   </div>
   <div class='ocr_carea' id='block_1_44' title="bbox 573 2616 2155 2690">
    <p class='ocr_par' dir='ltr' id='par_1_44' title="bbox 573 2616 2155 2690">
     <span class='ocr_line' id='line_1_45' title="bbox 573 2616 2155 2690; baseline -0.004 -11"><span class='ocrx_word' id='word_1_360' title='bbox 573 2623 828 2689; x_wconf 70' lang='lat' dir='ltr'><strong>Do&#39;m&#39;ino,</strong></span> <span class='ocrx_word' id='word_1_361' title='bbox 856 2622 1060 2676; x_wconf 85' lang='lat' dir='ltr'><strong>iterum</strong></span> <span class='ocrx_word' id='word_1_362' title='bbox 1096 2619 1244 2685; x_wconf 89' lang='lat' dir='ltr'><strong>dico,</strong></span> <span class='ocrx_word' id='word_1_363' title='bbox 1271 2617 1506 2690; x_wconf 85' lang='lat' dir='ltr'><strong>gaudete</strong></span> <span class='ocrx_word' id='word_1_364' title='bbox 1524 2619 1624 2672; x_wconf 70' lang='grc' dir='ltr'><strong>το.»</strong></span> <span class='ocrx_word' id='word_1_365' title='bbox 1665 2616 1771 2674; x_wconf 87' lang='lat' dir='ltr'><strong>Sed</strong></span> <span class='ocrx_word' id='word_1_366' title='bbox 1801 2627 1858 2674; x_wconf 90' lang='lat' dir='ltr'><strong>et</strong></span> <span class='ocrx_word' id='word_1_367' title='bbox 1880 2622 1936 2674; x_wconf 91' lang='lat' dir='ltr'><strong>in</strong></span> <span class='ocrx_word' id='word_1_368' title='bbox 1971 2620 2155 2673; x_wconf 84' lang='lat' dir='ltr'><strong>Evan-</strong></span> 
     </span>
    </p>
   </div>
   <div class='ocr_carea' id='block_1_45' title="bbox 2263 1901 3776 1976">
    <p class='ocr_par' dir='ltr' id='par_1_45' title="bbox 2263 1901 3776 1976">
     <span class='ocr_line' id='line_1_46' title="bbox 2263 1901 3776 1976; baseline -0.001 -18"><span class='ocrx_word' id='word_1_369' title='bbox 2263 1907 2430 1976; x_wconf 67' lang='grc' dir='ltr'>Φησὶν</span> <span class='ocrx_word' id='word_1_370' title='bbox 2453 1905 2510 1957; x_wconf 83' lang='grc' dir='ltr'>δὲ</span> <span class='ocrx_word' id='word_1_371' title='bbox 2547 1904 2643 1958; x_wconf 70' lang='grc' dir='ltr'>καὶ</span> <span class='ocrx_word' id='word_1_372' title='bbox 2670 1907 2698 1957; x_wconf 88' lang='grc' dir='ltr'>ὁ</span> <span class='ocrx_word' id='word_1_373' title='bbox 2738 1901 3171 1974; x_wconf 79' lang='grc' dir='ltr'>Παροιμιαστὴς,</span> <span class='ocrx_word' id='word_1_374' title='bbox 3213 1920 3236 1954; x_wconf 91' lang='lat'><strong>1</strong></span> <span class='ocrx_word' id='word_1_375' title='bbox 3289 1901 3380 1954; x_wconf 84' lang='lat' dir='ltr'><strong>&#39;Ev</strong></span> <span class='ocrx_word' id='word_1_376' title='bbox 3402 1901 3716 1971; x_wconf 78' lang='grc' dir='ltr'>εὐφροσύναις</span> <span class='ocrx_word' id='word_1_377' title='bbox 3733 1902 3776 1956; x_wconf 76' lang='grc' dir='ltr'>οὗ</span> 
     </span>
    </p>
   </div>
   <div class='ocr_carea' id='block_1_46' title="bbox 2267 1990 3776 2068">
    <p class='ocr_par' dir='ltr' id='par_1_46' title="bbox 2267 1990 3776 2068">
     <span class='ocr_line' id='line_1_47' title="bbox 2267 1990 3776 2068; baseline -0.003 -19"><span class='ocrx_word' id='word_1_378' title='bbox 2267 1994 2833 2068; x_wconf 75' lang='grc' dir='ltr'>προσμίγνυται).ύπη</span> <span class='ocrx_word' id='word_1_379' title='bbox 2862 2009 2876 2022; x_wconf 89' lang='grc'><strong>·</strong></span> <span class='ocrx_word' id='word_1_380' title='bbox 2907 1994 3016 2048; x_wconf 80' lang='grc' dir='ltr'><strong>ἀπὸ</strong></span> <span class='ocrx_word' id='word_1_381' title='bbox 3036 1994 3144 2064; x_wconf 76' lang='grc' dir='ltr'>γὰρ</span> <span class='ocrx_word' id='word_1_382' title='bbox 3186 1990 3282 2046; x_wconf 80' lang='grc' dir='ltr'>τοῦ</span> <span class='ocrx_word' id='word_1_383' title='bbox 3313 1990 3478 2063; x_wconf 79' lang='grc' dir='ltr'>χοροῦ</span> <span class='ocrx_word' id='word_1_384' title='bbox 3492 1991 3776 2044; x_wconf 73' lang='grc' dir='ltr'>τῶνδικαίων</span> 
     </span>
    </p>
   </div>
   <div class='ocr_carea' id='block_1_47' title="bbox 2265 2083 3780 2157">
    <p class='ocr_par' dir='ltr' id='par_1_47' title="bbox 2265 2083 3780 2157">
     <span class='ocr_line' id='line_1_48' title="bbox 2265 2083 3780 2157; baseline -0.005 -16"><span class='ocrx_word' id='word_1_385' title='bbox 2265 2089 2476 2156; x_wconf 78' lang='grc' dir='ltr'><strong>ἀπέδρα</strong></span> <span class='ocrx_word' id='word_1_386' title='bbox 2503 2087 2595 2141; x_wconf 72' lang='grc' dir='ltr'><strong>καὶ</strong></span> <span class='ocrx_word' id='word_1_387' title='bbox 2624 2087 2805 2157; x_wconf 87' lang='grc' dir='ltr'>ὀδύνη,</span> <span class='ocrx_word' id='word_1_388' title='bbox 2843 2087 2938 2140; x_wconf 68' lang='grc' dir='ltr'>καὶ</span> <span class='ocrx_word' id='word_1_389' title='bbox 2975 2085 3144 2156; x_wconf 78' lang='grc' dir='ltr'>λύπη,</span> <span class='ocrx_word' id='word_1_390' title='bbox 3179 2085 3274 2138; x_wconf 74' lang='grc' dir='ltr'><strong>καὶ</strong></span> <span class='ocrx_word' id='word_1_391' title='bbox 3300 2084 3611 2154; x_wconf 78' lang='grc' dir='ltr'>στεναγμός.</span> <span class='ocrx_word' id='word_1_392' title='bbox 3645 2101 3661 2133; x_wconf 74' lang='grc' dir='ltr'><strong>ι</strong></span> <span class='ocrx_word' id='word_1_393' title='bbox 3687 2083 3780 2146; x_wconf 62' lang='grc' dir='ltr'>Καὶ,</span> 
     </span>
    </p>
   </div>
   <div class='ocr_carea' id='block_1_48' title="bbox 2267 2173 3783 2251">
    <p class='ocr_par' dir='ltr' id='par_1_48' title="bbox 2267 2173 3783 2251">
     <span class='ocr_line' id='line_1_49' title="bbox 2267 2173 3783 2251; baseline -0.006 -17"><span class='ocrx_word' id='word_1_394' title='bbox 2267 2199 2288 2234; x_wconf 90' lang='lat'><strong>1</strong></span> <span class='ocrx_word' id='word_1_395' title='bbox 2345 2181 2432 2235; x_wconf 87' lang='grc' dir='ltr'>Ἐν</span> <span class='ocrx_word' id='word_1_396' title='bbox 2478 2180 2664 2251; x_wconf 67' lang='grc' dir='ltr'>ἡμέρᾳ</span> <span class='ocrx_word' id='word_1_397' title='bbox 2728 2178 3079 2250; x_wconf 83' lang='grc' dir='ltr'>ἅγαθοσύνης</span> <span class='ocrx_word' id='word_1_398' title='bbox 3147 2177 3273 2244; x_wconf 77' lang='grc' dir='ltr'>ζῆθι</span> <span class='ocrx_word' id='word_1_399' title='bbox 3333 2179 3392 2228; x_wconf 78' lang='grc' dir='ltr'>ὲν</span> <span class='ocrx_word' id='word_1_400' title='bbox 3420 2173 3617 2245; x_wconf 80' lang='grc' dir='ltr'>ἀγαθῷ.</span> <span class='ocrx_word' id='word_1_401' title='bbox 3652 2193 3669 2226; x_wconf 75' lang='grc' dir='ltr'><strong>ι</strong></span> <span class='ocrx_word' id='word_1_402' title='bbox 3707 2174 3783 2226; x_wconf 74' lang='grc' dir='ltr'>Καὶ</span> 
     </span>
    </p>
   </div>
   <div class='ocr_carea' id='block_1_49' title="bbox 2262 2265 3782 2342">
    <p class='ocr_par' dir='ltr' id='par_1_49' title="bbox 2262 2265 3782 2342">
     <span class='ocr_line' id='line_1_50' title="bbox 2262 2265 3782 2342; baseline -0.005 -16"><span class='ocrx_word' id='word_1_403' title='bbox 2262 2273 2445 2338; x_wconf 80' lang='grc' dir='ltr'>πάλιν,</span> <span class='ocrx_word' id='word_1_404' title='bbox 2491 2291 2508 2324; x_wconf 85' lang='grc' dir='ltr'><strong>ι</strong></span> <span class='ocrx_word' id='word_1_405' title='bbox 2543 2271 2776 2342; x_wconf 81' lang='grc' dir='ltr'>Θεωρῶν</span> <span class='ocrx_word' id='word_1_406' title='bbox 2815 2270 3098 2342; x_wconf 69' lang='grc' dir='ltr'>ὀφθαλμὸς</span> <span class='ocrx_word' id='word_1_407' title='bbox 3149 2267 3311 2330; x_wconf 75' lang='grc' dir='ltr'>καλὰ,</span> <span class='ocrx_word' id='word_1_408' title='bbox 3365 2265 3631 2336; x_wconf 79' lang='grc' dir='ltr'>εὐφραίνει</span> <span class='ocrx_word' id='word_1_409' title='bbox 3685 2282 3782 2334; x_wconf 78' lang='grc' dir='ltr'>καρ-</span> 
     </span>
    </p>
   </div>
   <div class='ocr_carea' id='block_1_50' title="bbox 2261 2354 3785 2435">
    <p class='ocr_par' dir='ltr' id='par_1_50' title="bbox 2261 2354 3785 2435">
     <span class='ocr_line' id='line_1_51' title="bbox 2261 2354 3785 2435; baseline -0.008 -16"><span class='ocrx_word' id='word_1_410' title='bbox 2261 2365 2398 2419; x_wconf 76' lang='grc' dir='ltr'>δίαν.</span> <span class='ocrx_word' id='word_1_411' title='bbox 2439 2383 2456 2416; x_wconf 75' lang='grc' dir='ltr'><strong>ι</strong></span> <span class='ocrx_word' id='word_1_412' title='bbox 2505 2363 2747 2435; x_wconf 84' lang='grc' dir='ltr'>Καρδίας</span> <span class='ocrx_word' id='word_1_413' title='bbox 2785 2363 2840 2415; x_wconf 79' lang='grc' dir='ltr'>δὲ</span> <span class='ocrx_word' id='word_1_414' title='bbox 2874 2361 3335 2431; x_wconf 77' lang='grc' dir='ltr'>εὐφραινομὲνης,</span> <span class='ocrx_word' id='word_1_415' title='bbox 3375 2359 3648 2428; x_wconf 82' lang='grc' dir='ltr'>πρόσωπον</span> <span class='ocrx_word' id='word_1_416' title='bbox 3691 2354 3785 2408; x_wconf 70' lang='lat'><strong>0:11-</strong></span> 
     </span>
    </p>
   </div>
   <div class='ocr_carea' id='block_1_51' title="bbox 2261 2445 3786 2526">
    <p class='ocr_par' dir='ltr' id='par_1_51' title="bbox 2261 2445 3786 2526">
     <span class='ocr_line' id='line_1_52' title="bbox 2261 2445 3786 2526; baseline -0.008 -17"><span class='ocrx_word' id='word_1_417' title='bbox 2261 2457 2377 2510; x_wconf 63' lang='grc' dir='ltr'><strong>λεν</strong></span> <span class='ocrx_word' id='word_1_418' title='bbox 2415 2476 2435 2509; x_wconf 91' lang='lat'><strong>1</strong></span> <span class='ocrx_word' id='word_1_419' title='bbox 2486 2458 2613 2510; x_wconf 85' lang='grc' dir='ltr'>Ἐὰν</span> <span class='ocrx_word' id='word_1_420' title='bbox 2681 2454 2847 2526; x_wconf 75' lang='grc' dir='ltr'>γὰρὸ</span> <span class='ocrx_word' id='word_1_421' title='bbox 2911 2451 3187 2520; x_wconf 81' lang='grc' dir='ltr'>ὀφθαλμός</span> <span class='ocrx_word' id='word_1_422' title='bbox 3240 2467 3363 2512; x_wconf 89' lang='grc' dir='ltr'>σου,</span> <span class='ocrx_word' id='word_1_423' title='bbox 3396 2448 3574 2518; x_wconf 77' lang='grc' dir='ltr'>φησὶν,</span> <span class='ocrx_word' id='word_1_424' title='bbox 3632 2445 3786 2508; x_wconf 73' lang='grc' dir='ltr'><strong>ἁπλοῦς</strong></span> 
     </span>
    </p>
   </div>
   <div class='ocr_carea' id='block_1_52' title="bbox 2259 2536 3789 2616">
    <p class='ocr_par' dir='ltr' id='par_1_52' title="bbox 2259 2536 3789 2616">
     <span class='ocr_line' id='line_1_53' title="bbox 2259 2536 3789 2616; baseline -0.008 -17"><span class='ocrx_word' id='word_1_425' title='bbox 2259 2540 2315 2616; x_wconf 79' lang='grc' dir='ltr'><strong>ᾖ,</strong></span> <span class='ocrx_word' id='word_1_426' title='bbox 2357 2545 2477 2598; x_wconf 83' lang='grc' dir='ltr'>ὅλον</span> <span class='ocrx_word' id='word_1_427' title='bbox 2509 2544 2568 2598; x_wconf 75' lang='grc' dir='ltr'><strong>τὸ</strong></span> <span class='ocrx_word' id='word_1_428' title='bbox 2599 2544 2758 2614; x_wconf 75' lang='grc' dir='ltr'>σῶμα</span> <span class='ocrx_word' id='word_1_429' title='bbox 2775 2560 2869 2596; x_wconf 85' lang='grc' dir='ltr'><strong>σου</strong></span> <span class='ocrx_word' id='word_1_430' title='bbox 2905 2542 3166 2610; x_wconf 73' lang='grc' dir='ltr'>φωτεινὺν</span> <span class='ocrx_word' id='word_1_431' title='bbox 3200 2538 3381 2596; x_wconf 75' lang='grc' dir='ltr'>ἔσται.</span> <span class='ocrx_word' id='word_1_432' title='bbox 3406 2539 3562 2609; x_wconf 80' lang='grc' dir='ltr'><strong>Φήμη</strong></span> <span class='ocrx_word' id='word_1_433' title='bbox 3583 2536 3632 2589; x_wconf 74' lang='grc' dir='ltr'>δὲ</span> <span class='ocrx_word' id='word_1_434' title='bbox 3654 2536 3789 2605; x_wconf 76' lang='grc' dir='ltr'>ἁγαθή</span> 
     </span>
    </p>
   </div>
   <div class='ocr_carea' id='block_1_53' title="bbox 2254 2629 3786 2705">
    <p class='ocr_par' dir='ltr' id='par_1_53' title="bbox 2254 2629 3786 2705">
     <span class='ocr_line' id='line_1_54' title="bbox 2254 2629 3786 2705; baseline -0.006 -16"><span class='ocrx_word' id='word_1_435' title='bbox 2254 2635 2657 2691; x_wconf 78' lang='grc' dir='ltr'>λιπαίνειόστᾶ·</span> <span class='ocrx_word' id='word_1_436' title='bbox 2684 2655 2701 2686; x_wconf 86' lang='grc' dir='ltr'><strong>ι</strong></span> <span class='ocrx_word' id='word_1_437' title='bbox 2724 2637 2798 2698; x_wconf 78' lang='grc' dir='ltr'>ὡς</span> <span class='ocrx_word' id='word_1_438' title='bbox 2815 2634 2963 2705; x_wconf 78' lang='grc' dir='ltr'><strong>καὶὴ</strong></span> <span class='ocrx_word' id='word_1_439' title='bbox 2987 2633 3082 2685; x_wconf 83' lang='grc' dir='ltr'>τοῦ</span> <span class='ocrx_word' id='word_1_440' title='bbox 3112 2632 3331 2686; x_wconf 77' lang='grc' dir='ltr'>Παύλου</span> <span class='ocrx_word' id='word_1_441' title='bbox 3376 2631 3522 2702; x_wconf 72' lang='grc' dir='ltr'>ψυχὴ</span> <span class='ocrx_word' id='word_1_442' title='bbox 3543 2629 3786 2700; x_wconf 75' lang='grc' dir='ltr'>ὴλὲγονσα,</span> 
     </span>
    </p>
   </div>
   <div class='ocr_carea' id='block_1_54' title="bbox 571 2710 2157 2800">
    <p class='ocr_par' dir='ltr' id='par_1_54' title="bbox 571 2710 2156 2789">
     <span class='ocr_line' id='line_1_55' title="bbox 571 2710 2156 2789; baseline -0.003 -18"><span class='ocrx_word' id='word_1_443' title='bbox 571 2717 715 2789; x_wconf 88' lang='lat' dir='ltr'><strong>gelio</strong></span> <span class='ocrx_word' id='word_1_444' title='bbox 746 2716 824 2770; x_wconf 92' lang='lat' dir='ltr'><strong>ait</strong></span> <span class='ocrx_word' id='word_1_445' title='bbox 855 2714 970 2768; x_wconf 85' lang='lat' dir='ltr'><strong>filio</strong></span> <span class='ocrx_word' id='word_1_446' title='bbox 1013 2719 1204 2783; x_wconf 88' lang='lat' dir='ltr'><strong>pater:</strong></span> <span class='ocrx_word' id='word_1_447' title='bbox 1245 2730 1264 2762; x_wconf 88' lang='lat'><strong>1</strong></span> <span class='ocrx_word' id='word_1_448' title='bbox 1302 2710 1507 2765; x_wconf 78' lang='lat' dir='ltr'><strong>Laztar-i</strong></span> <span class='ocrx_word' id='word_1_449' title='bbox 1562 2719 1746 2766; x_wconf 89' lang='lat' dir='ltr'><strong>autem</strong></span> <span class='ocrx_word' id='word_1_450' title='bbox 1800 2720 1856 2766; x_wconf 90' lang='lat' dir='ltr'><strong>et</strong></span> <span class='ocrx_word' id='word_1_451' title='bbox 1909 2712 2156 2781; x_wconf 86' lang='lat' dir='ltr'><strong>gaudere</strong></span> 
     </span>
    </p>
   </div>
   <div class='ocr_carea' id='block_1_55' title="bbox 2256 2710 3790 2800">
    <p class='ocr_par' dir='ltr' id='par_1_55' title="bbox 2256 2719 3790 2800">
     <span class='ocr_line' id='line_1_56' title="bbox 2256 2719 3790 2800; baseline -0.008 -18"><span class='ocrx_word' id='word_1_452' title='bbox 2256 2731 2441 2800; x_wconf 77' lang='grc' dir='ltr'>Χαίρω</span> <span class='ocrx_word' id='word_1_453' title='bbox 2478 2730 2574 2783; x_wconf 78' lang='grc' dir='ltr'><strong>καὶ</strong></span> <span class='ocrx_word' id='word_1_454' title='bbox 2609 2729 2890 2799; x_wconf 80' lang='grc' dir='ltr'>συγχαίρω</span> <span class='ocrx_word' id='word_1_455' title='bbox 2940 2727 3110 2780; x_wconf 73' lang='grc' dir='ltr'>πᾶσιν</span> <span class='ocrx_word' id='word_1_456' title='bbox 3163 2726 3312 2794; x_wconf 82' lang='grc' dir='ltr'>ὑμῖν.</span> <span class='ocrx_word' id='word_1_457' title='bbox 3357 2743 3375 2775; x_wconf 72' lang='grc' dir='ltr'><strong>ι</strong></span> <span class='ocrx_word' id='word_1_458' title='bbox 3404 2723 3534 2788; x_wconf 77' lang='grc' dir='ltr'>Καὶ,</span> <span class='ocrx_word' id='word_1_459' title='bbox 3567 2740 3584 2772; x_wconf 86' lang='grc' dir='ltr'><strong>ι</strong></span> <span class='ocrx_word' id='word_1_460' title='bbox 3627 2719 3790 2790; x_wconf 76' lang='grc' dir='ltr'>Καρδία</span> 
     </span>
    </p>
   </div>
   <div class='ocr_carea' id='block_1_56' title="bbox 571 2802 2157 2893">
    <p class='ocr_par' dir='ltr' id='par_1_56' title="bbox 571 2802 2153 2876">
     <span class='ocr_line' id='line_1_57' title="bbox 571 2802 2153 2876; baseline -0.001 -15"><span class='ocrx_word' id='word_1_461' title='bbox 571 2807 886 2876; x_wconf 86' lang='lat' dir='ltr'><strong>oportebat,</strong></span> <span class='ocrx_word' id='word_1_462' title='bbox 938 2804 1069 2875; x_wconf 85' lang='lat' dir='ltr'><strong>quia</strong></span> <span class='ocrx_word' id='word_1_463' title='bbox 1099 2804 1246 2858; x_wconf 80' lang='lat' dir='ltr'><strong>illius</strong></span> <span class='ocrx_word' id='word_1_464' title='bbox 1291 2818 1449 2858; x_wconf 88' lang='lat' dir='ltr'><strong>meus</strong></span> <span class='ocrx_word' id='word_1_465' title='bbox 1479 2802 1572 2858; x_wconf 87' lang='lat' dir='ltr'><strong>hic</strong></span> <span class='ocrx_word' id='word_1_466' title='bbox 1601 2811 1855 2858; x_wconf 88' lang='lat' dir='ltr'><strong>mortuus</strong></span> <span class='ocrx_word' id='word_1_467' title='bbox 1907 2813 2046 2870; x_wconf 90' lang='lat' dir='ltr'><strong>erat,</strong></span> <span class='ocrx_word' id='word_1_468' title='bbox 2097 2813 2153 2860; x_wconf 88' lang='lat' dir='ltr'><strong>et</strong></span> 
     </span>
    </p>
   </div>
   <div class='ocr_carea' id='block_1_57' title="bbox 2256 2802 3790 2893">
    <p class='ocr_par' dir='ltr' id='par_1_57' title="bbox 2256 2810 3790 2893">
     <span class='ocr_line' id='line_1_58' title="bbox 2256 2810 3790 2893; baseline -0.008 -18"><span class='ocrx_word' id='word_1_469' title='bbox 2256 2822 2658 2893; x_wconf 72' lang='grc' dir='ltr'>εὐφραινομένη</span> <span class='ocrx_word' id='word_1_470' title='bbox 2702 2822 2943 2873; x_wconf 86' lang='grc' dir='ltr'>εὑεκτεῖν</span> <span class='ocrx_word' id='word_1_471' title='bbox 3005 2821 3170 2872; x_wconf 83' lang='grc' dir='ltr'>ποιεῖ.</span> <span class='ocrx_word' id='word_1_472' title='bbox 3214 2835 3233 2868; x_wconf 71' lang='grc' dir='ltr'><strong>ι</strong></span> <span class='ocrx_word' id='word_1_473' title='bbox 3271 2815 3388 2870; x_wconf 72' lang='grc' dir='ltr'><strong>Καὶ</strong></span> <span class='ocrx_word' id='word_1_474' title='bbox 3437 2817 3464 2868; x_wconf 77' lang='grc' dir='ltr'><strong>ὁ</strong></span> <span class='ocrx_word' id='word_1_475' title='bbox 3504 2810 3790 2876; x_wconf 80' lang='grc' dir='ltr'>Ἀπόστολος,</span> 
     </span>
    </p>
   </div>
   <div class='ocr_carea' id='block_1_58' title="bbox 573 2896 2150 2967">
    <p class='ocr_par' dir='ltr' id='par_1_58' title="bbox 573 2896 2150 2967">
     <span class='ocr_line' id='line_1_59' title="bbox 573 2896 2150 2967; baseline 0.001 -15"><span class='ocrx_word' id='word_1_476' title='bbox 573 2899 806 2953; x_wconf 76' lang='lat' dir='ltr'><strong>revixit:</strong></span> <span class='ocrx_word' id='word_1_477' title='bbox 836 2897 1100 2967; x_wconf 90' lang='lat' dir='ltr'><strong>perierat,</strong></span> <span class='ocrx_word' id='word_1_478' title='bbox 1135 2903 1192 2950; x_wconf 87' lang='lat' dir='ltr'><strong>et</strong></span> <span class='ocrx_word' id='word_1_479' title='bbox 1218 2896 1478 2952; x_wconf 85' lang='lat' dir='ltr'><strong>inventus</strong></span> <span class='ocrx_word' id='word_1_480' title='bbox 1507 2897 1672 2952; x_wconf 83' lang='lat' dir='ltr'><strong>est&quot;.</strong></span> <span class='ocrx_word' id='word_1_481' title='bbox 1709 2916 1731 2950; x_wconf 71' lang='grc' dir='ltr'><strong>ο</strong></span> <span class='ocrx_word' id='word_1_482' title='bbox 1769 2896 1876 2966; x_wconf 86' lang='lat' dir='ltr'><strong>Ipsi</strong></span> <span class='ocrx_word' id='word_1_483' title='bbox 1902 2897 2075 2967; x_wconf 85' lang='lat' dir='ltr'><strong>gloria</strong></span> <span class='ocrx_word' id='word_1_484' title='bbox 2093 2900 2150 2953; x_wconf 90' lang='lat' dir='ltr'><strong>in</strong></span> 
     </span>
    </p>
   </div>
   <div class='ocr_carea' id='block_1_59' title="bbox 570 2987 1022 3042">
    <p class='ocr_par' dir='ltr' id='par_1_59' title="bbox 570 2987 1022 3042">
     <span class='ocr_line' id='line_1_60' title="bbox 570 2987 1022 3042; baseline -0.004 -1"><span class='ocrx_word' id='word_1_485' title='bbox 570 2989 789 3042; x_wconf 62' lang='lat' dir='ltr'><strong>saecula.</strong></span> <span class='ocrx_word' id='word_1_486' title='bbox 825 2987 1022 3041; x_wconf 81' lang='lat' dir='ltr'><strong>Amen.</strong></span> 
     </span>
    </p>
   </div>
   <div class='ocr_carea' id='block_1_60' title="bbox 2258 2899 3789 2988">
    <p class='ocr_par' dir='ltr' id='par_1_60' title="bbox 2258 2899 3789 2988">
     <span class='ocr_line' id='line_1_61' title="bbox 2258 2899 3789 2988; baseline -0.01 -20"><span class='ocrx_word' id='word_1_487' title='bbox 2258 2935 2277 2968; x_wconf 94' lang='lat'><strong>1</strong></span> <span class='ocrx_word' id='word_1_488' title='bbox 2317 2915 2552 2988; x_wconf 86' lang='grc' dir='ltr'>Χαίρετε</span> <span class='ocrx_word' id='word_1_489' title='bbox 2618 2917 2676 2967; x_wconf 83' lang='grc' dir='ltr'>ὲν</span> <span class='ocrx_word' id='word_1_490' title='bbox 2737 2913 2925 2983; x_wconf 82' lang='grc' dir='ltr'>Κυρίῳ</span> <span class='ocrx_word' id='word_1_491' title='bbox 2982 2912 3256 2974; x_wconf 78' lang='grc' dir='ltr'>πάντοτε,</span> <span class='ocrx_word' id='word_1_492' title='bbox 3327 2899 3424 2960; x_wconf 72' lang='grc' dir='ltr'>καὶ</span> <span class='ocrx_word' id='word_1_493' title='bbox 3476 2905 3626 2960; x_wconf 70' lang='grc' dir='ltr'>πάλιν</span> <span class='ocrx_word' id='word_1_494' title='bbox 3693 2901 3789 2972; x_wconf 64' lang='lat' dir='ltr'><strong>Epit,</strong></span> 
     </span>
    </p>
   </div>
   <div class='ocr_carea' id='block_1_61' title="bbox 2183 2993 3790 3075">
    <p class='ocr_par' dir='ltr' id='par_1_61' title="bbox 2183 2993 3790 3075">
     <span class='ocr_line' id='line_1_62' title="bbox 2183 2993 3790 3075; baseline -0.008 -17"><span class='ocrx_word' id='word_1_495' title='bbox 2183 3000 2230 3062; x_wconf 87' lang='lat' dir='ltr'><strong>C</strong></span> <span class='ocrx_word' id='word_1_496' title='bbox 2261 3006 2498 3075; x_wconf 80' lang='grc' dir='ltr'>χαίρετε,</span> <span class='ocrx_word' id='word_1_497' title='bbox 2528 3022 2546 3055; x_wconf 72' lang='grc' dir='ltr'><strong>ι</strong></span> <span class='ocrx_word' id='word_1_498' title='bbox 2583 3004 2737 3074; x_wconf 74' lang='grc' dir='ltr'>Ἔχει</span> <span class='ocrx_word' id='word_1_499' title='bbox 2757 3003 2812 3055; x_wconf 77' lang='grc' dir='ltr'><strong>δὲ</strong></span> <span class='ocrx_word' id='word_1_500' title='bbox 2845 3002 2941 3055; x_wconf 76' lang='grc' dir='ltr'><strong>καὶ</strong></span> <span class='ocrx_word' id='word_1_501' title='bbox 2964 3003 3021 3054; x_wconf 83' lang='grc' dir='ltr'><strong>ἐν</strong></span> <span class='ocrx_word' id='word_1_502' title='bbox 3041 3000 3119 3072; x_wconf 80' lang='grc' dir='ltr'>τῷ</span> <span class='ocrx_word' id='word_1_503' title='bbox 3149 2997 3478 3068; x_wconf 78' lang='grc' dir='ltr'>Εύαγγελίῳ</span> <span class='ocrx_word' id='word_1_504' title='bbox 3503 3011 3517 3025; x_wconf 88' lang='grc'><strong>·</strong></span> <span class='ocrx_word' id='word_1_505' title='bbox 3549 3015 3567 3046; x_wconf 89' lang='lat'><strong>1</strong></span> <span class='ocrx_word' id='word_1_506' title='bbox 3592 2993 3790 3060; x_wconf 70' lang='grc' dir='ltr'>Εὐφρανο</span> 
     </span>
    </p>
   </div>
   <div class='ocr_carea' id='block_1_62' title="bbox 571 3078 3789 3169">
    <p class='ocr_par' dir='ltr' id='par_1_62' title="bbox 571 3078 3789 3169">
     <span class='ocr_line' id='line_1_63' title="bbox 571 3078 3789 3169; baseline -0.001 -36"><span class='ocrx_word' id='word_1_507' title='bbox 571 3078 731 3150; x_wconf 72' lang='grc' dir='ltr'>θῆναι</span> <span class='ocrx_word' id='word_1_508' title='bbox 757 3079 813 3132; x_wconf 77' lang='grc' dir='ltr'>δὲ</span> <span class='ocrx_word' id='word_1_509' title='bbox 847 3079 939 3130; x_wconf 75' lang='grc' dir='ltr'>καὶ</span> <span class='ocrx_word' id='word_1_510' title='bbox 971 3078 1330 3148; x_wconf 78' lang='grc' dir='ltr'>χαρῆναιδεῖ,</span> <span class='ocrx_word' id='word_1_511' title='bbox 1374 3079 1538 3149; x_wconf 75' lang='grc' dir='ltr'>φησὶν</span> <span class='ocrx_word' id='word_1_512' title='bbox 1565 3079 1594 3131; x_wconf 85' lang='grc' dir='ltr'><strong>ὁ</strong></span> <span class='ocrx_word' id='word_1_513' title='bbox 1626 3079 1836 3151; x_wconf 81' lang='grc' dir='ltr'>Πατὴρ,</span> <span class='ocrx_word' id='word_1_514' title='bbox 1863 3083 1944 3138; x_wconf 85' lang='grc' dir='ltr'>ὅτι</span> <span class='ocrx_word' id='word_1_515' title='bbox 1977 3087 2005 3140; x_wconf 82' lang='grc' dir='ltr'>ό</span> <span class='ocrx_word' id='word_1_516' title='bbox 2031 3092 2146 3158; x_wconf 72' lang='grc' dir='ltr'><strong>υἱός</strong></span> <span class='ocrx_word' id='word_1_517' title='bbox 2189 3115 2291 3168; x_wconf 76' lang='grc' dir='ltr'><strong>μου</strong></span> <span class='ocrx_word' id='word_1_518' title='bbox 2305 3098 2495 3168; x_wconf 79' lang='grc' dir='ltr'>νεκρὸς</span> <span class='ocrx_word' id='word_1_519' title='bbox 2520 3091 2611 3169; x_wconf 74' lang='grc' dir='ltr'>ἦν,</span> <span class='ocrx_word' id='word_1_520' title='bbox 2646 3096 2740 3148; x_wconf 72' lang='grc' dir='ltr'>καὶ</span> <span class='ocrx_word' id='word_1_521' title='bbox 2771 3094 3062 3166; x_wconf 77' lang='grc' dir='ltr'>ἀνέζησεν·</span> <span class='ocrx_word' id='word_1_522' title='bbox 3092 3091 3394 3153; x_wconf 80' lang='grc' dir='ltr'>ἀπολωλὼς</span> <span class='ocrx_word' id='word_1_523' title='bbox 3430 3089 3498 3164; x_wconf 70' lang='grc' dir='ltr'>ἦν</span> <span class='ocrx_word' id='word_1_524' title='bbox 3535 3088 3621 3142; x_wconf 80' lang='grc' dir='ltr'>καὶ</span> <span class='ocrx_word' id='word_1_525' title='bbox 3665 3087 3789 3156; x_wconf 75' lang='grc' dir='ltr'>εὑρέ.</span> 
     </span>
    </p>
   </div>
   <div class='ocr_carea' id='block_1_63' title="bbox 571 3174 1896 3249">
    <p class='ocr_par' dir='ltr' id='par_1_63' title="bbox 571 3174 1896 3249">
     <span class='ocr_line' id='line_1_64' title="bbox 571 3174 1896 3249; baseline -0.001 -16"><span class='ocrx_word' id='word_1_526' title='bbox 571 3180 660 3249; x_wconf 80' lang='grc' dir='ltr'><strong>οη.</strong></span> <span class='ocrx_word' id='word_1_527' title='bbox 707 3197 727 3231; x_wconf 69' lang='grc' dir='ltr'><strong>ι</strong></span> <span class='ocrx_word' id='word_1_528' title='bbox 761 3176 922 3248; x_wconf 77' lang='grc' dir='ltr'>Αὐτῷ</span> <span class='ocrx_word' id='word_1_529' title='bbox 948 3178 981 3246; x_wconf 82' lang='grc' dir='ltr'>ἡ</span> <span class='ocrx_word' id='word_1_530' title='bbox 1009 3175 1135 3241; x_wconf 79' lang='grc' dir='ltr'>δόξα</span> <span class='ocrx_word' id='word_1_531' title='bbox 1165 3177 1246 3240; x_wconf 79' lang='grc' dir='ltr'>είς</span> <span class='ocrx_word' id='word_1_532' title='bbox 1273 3175 1400 3239; x_wconf 79' lang='grc' dir='ltr'>τοὺς</span> <span class='ocrx_word' id='word_1_533' title='bbox 1431 3174 1655 3241; x_wconf 70' lang='grc' dir='ltr'>αἰῶνας.</span> <span class='ocrx_word' id='word_1_534' title='bbox 1705 3177 1896 3249; x_wconf 86' lang='grc' dir='ltr'>Ἀμήν.</span> 
     </span>
    </p>
   </div>
   <div class='ocr_carea' id='block_1_64' title="bbox 1102 3291 1628 3349">
    <p class='ocr_par' dir='ltr' id='par_1_64' title="bbox 1102 3291 1628 3349">
     <span class='ocr_line' id='line_1_65' title="bbox 1102 3291 1628 3349; baseline 0.004 -3"><span class='ocrx_word' id='word_1_535' title='bbox 1102 3291 1391 3349; x_wconf 79' lang='lat' dir='ltr'><strong>HOMILIA</strong></span> <span class='ocrx_word' id='word_1_536' title='bbox 1437 3291 1628 3348; x_wconf 84' lang='lat' dir='ltr'><strong>CXIX.</strong></span> 
     </span>
    </p>
   </div>
   <div class='ocr_carea' id='block_1_65' title="bbox 675 3403 2076 3474">
    <p class='ocr_par' dir='ltr' id='par_1_65' title="bbox 675 3403 2076 3474">
     <span class='ocr_line' id='line_1_66' title="bbox 675 3403 2076 3474; baseline 0.004 -12"><span class='ocrx_word' id='word_1_537' title='bbox 675 3409 910 3462; x_wconf 71' lang='lat' dir='ltr'><strong>Auxiam</strong></span> <span class='ocrx_word' id='word_1_538' title='bbox 945 3413 996 3460; x_wconf 86' lang='lat' dir='ltr'><strong>et</strong></span> <span class='ocrx_word' id='word_1_539' title='bbox 1057 3405 1482 3474; x_wconf 77' lang='lat' dir='ltr'><strong>intempestivam</strong></span> <span class='ocrx_word' id='word_1_540' title='bbox 1519 3403 1932 3463; x_wconf 77' lang='lat' dir='ltr'><strong>sollicitudinem</strong></span> <span class='ocrx_word' id='word_1_541' title='bbox 1963 3426 2076 3467; x_wconf 71' lang='lat' dir='ltr'><strong>esse</strong></span> 
     </span>
    </p>
   </div>
   <div class='ocr_carea' id='block_1_66' title="bbox 1215 3475 1512 3528">
    <p class='ocr_par' dir='ltr' id='par_1_66' title="bbox 1215 3475 1512 3528">
     <span class='ocr_line' id='line_1_67' title="bbox 1215 3475 1512 3528; baseline -0.003 0"><span class='ocrx_word' id='word_1_542' title='bbox 1215 3475 1512 3528; x_wconf 81' lang='lat' dir='ltr'><strong>vitandam.</strong></span> 
     </span>
    </p>
   </div>
   <div class='ocr_carea' id='block_1_67' title="bbox 639 3587 2156 3664">
    <p class='ocr_par' dir='ltr' id='par_1_67' title="bbox 639 3587 2156 3664">
     <span class='ocr_line' id='line_1_68' title="bbox 639 3587 2156 3664; baseline 0.003 -20"><span class='ocrx_word' id='word_1_543' title='bbox 639 3588 789 3645; x_wconf 88' lang='lat' dir='ltr'><strong>Cura</strong></span> <span class='ocrx_word' id='word_1_544' title='bbox 820 3589 912 3644; x_wconf 92' lang='lat' dir='ltr'><strong>illa</strong></span> <span class='ocrx_word' id='word_1_545' title='bbox 939 3588 1279 3658; x_wconf 89' lang='lat' dir='ltr'><strong>nimisquam</strong></span> <span class='ocrx_word' id='word_1_546' title='bbox 1305 3587 1466 3642; x_wconf 86' lang='lat' dir='ltr'><strong>anxia</strong></span> <span class='ocrx_word' id='word_1_547' title='bbox 1499 3587 1570 3643; x_wconf 92' lang='lat' dir='ltr'><strong>de</strong></span> <span class='ocrx_word' id='word_1_548' title='bbox 1603 3587 1693 3644; x_wconf 89' lang='lat' dir='ltr'><strong>his</strong></span> <span class='ocrx_word' id='word_1_549' title='bbox 1723 3605 1847 3660; x_wconf 63' lang='lat' dir='ltr'><strong>qua</strong></span> <span class='ocrx_word' id='word_1_550' title='bbox 1880 3599 2156 3664; x_wconf 85' lang='lat' dir='ltr'><strong>tempora-</strong></span> 
     </span>
    </p>
   </div>
   <div class='ocr_carea' id='block_1_68' title="bbox 571 3679 2156 3754">
    <p class='ocr_par' dir='ltr' id='par_1_68' title="bbox 571 3679 2156 3754">
     <span class='ocr_line' id='line_1_69' title="bbox 571 3679 2156 3754; baseline 0.003 -19"><span class='ocrx_word' id='word_1_551' title='bbox 571 3681 669 3737; x_wconf 78' lang='lat' dir='ltr'><strong>ria:</strong></span> <span class='ocrx_word' id='word_1_552' title='bbox 693 3681 854 3736; x_wconf 88' lang='lat' dir='ltr'><strong>istius</strong></span> <span class='ocrx_word' id='word_1_553' title='bbox 875 3679 1000 3736; x_wconf 83' lang='lat' dir='ltr'><strong>vitae</strong></span> <span class='ocrx_word' id='word_1_554' title='bbox 1037 3688 1276 3735; x_wconf 91' lang='lat' dir='ltr'><strong>cernunt</strong></span> <span class='ocrx_word' id='word_1_555' title='bbox 1323 3695 1506 3746; x_wconf 87' lang='lat' dir='ltr'><strong>usum,</strong></span> <span class='ocrx_word' id='word_1_556' title='bbox 1561 3679 1806 3737; x_wconf 87' lang='lat' dir='ltr'><strong>hominis</strong></span> <span class='ocrx_word' id='word_1_557' title='bbox 1857 3691 1944 3738; x_wconf 90' lang='lat' dir='ltr'><strong>est</strong></span> <span class='ocrx_word' id='word_1_558' title='bbox 1992 3685 2156 3754; x_wconf 82' lang='lat' dir='ltr'><strong>plane</strong></span> 
     </span>
    </p>
   </div>
   <div class='ocr_carea' id='block_1_69' title="bbox 572 3772 2157 3843">
    <p class='ocr_par' dir='ltr' id='par_1_69' title="bbox 572 3772 2157 3843">
     <span class='ocr_line' id='line_1_70' title="bbox 572 3772 2157 3843; baseline 0.003 -16"><span class='ocrx_word' id='word_1_559' title='bbox 572 3773 730 3827; x_wconf 83' lang='lat' dir='ltr'><strong>inﬁdi</strong></span> <span class='ocrx_word' id='word_1_560' title='bbox 762 3782 818 3828; x_wconf 89' lang='lat' dir='ltr'><strong>et</strong></span> <span class='ocrx_word' id='word_1_561' title='bbox 843 3772 1232 3843; x_wconf 87' lang='lat' dir='ltr'><strong>pusillanimis.</strong></span> <span class='ocrx_word' id='word_1_562' title='bbox 1269 3772 1461 3841; x_wconf 82' lang='lat' dir='ltr'><strong>Neque</strong></span> <span class='ocrx_word' id='word_1_563' title='bbox 1515 3772 1666 3826; x_wconf 90' lang='lat' dir='ltr'><strong>enim</strong></span> <span class='ocrx_word' id='word_1_564' title='bbox 1699 3773 1782 3827; x_wconf 90' lang='lat' dir='ltr'><strong>sic</strong></span> <span class='ocrx_word' id='word_1_565' title='bbox 1829 3775 2055 3830; x_wconf 89' lang='lat' dir='ltr'><strong>solliciti</strong></span> <span class='ocrx_word' id='word_1_566' title='bbox 2099 3777 2157 3832; x_wconf 90' lang='lat' dir='ltr'><strong>in</strong></span> 
     </span>
    </p>
   </div>
   <div class='ocr_carea' id='block_1_70' title="bbox 572 3862 2160 3936">
    <p class='ocr_par' dir='ltr' id='par_1_70' title="bbox 572 3862 2160 3936">
     <span class='ocr_line' id='line_1_71' title="bbox 572 3862 2160 3936; baseline 0.001 -15"><span class='ocrx_word' id='word_1_567' title='bbox 572 3881 699 3921; x_wconf 83' lang='lat' dir='ltr'><strong>eum</strong></span> <span class='ocrx_word' id='word_1_568' title='bbox 725 3866 841 3936; x_wconf 90' lang='lat' dir='ltr'><strong>jam</strong></span> <span class='ocrx_word' id='word_1_569' title='bbox 890 3864 1224 3920; x_wconf 86' lang='lat' dir='ltr'><strong>inclinamus</strong></span> <span class='ocrx_word' id='word_1_570' title='bbox 1254 3863 1310 3917; x_wconf 92' lang='lat' dir='ltr'><strong>in</strong></span> <span class='ocrx_word' id='word_1_571' title='bbox 1360 3862 1530 3918; x_wconf 89' lang='lat' dir='ltr'><strong>dubia</strong></span> <span class='ocrx_word' id='word_1_572' title='bbox 1575 3879 1693 3933; x_wconf 87' lang='lat' dir='ltr'><strong>spe,</strong></span> <span class='ocrx_word' id='word_1_573' title='bbox 1737 3864 1826 3919; x_wconf 86' lang='lat' dir='ltr'><strong>cui</strong></span> <span class='ocrx_word' id='word_1_574' title='bbox 1872 3864 1940 3921; x_wconf 90' lang='lat' dir='ltr'><strong>de</strong></span> <span class='ocrx_word' id='word_1_575' title='bbox 1996 3867 2160 3923; x_wconf 90' lang='lat' dir='ltr'><strong>nobis</strong></span> 
     </span>
    </p>
   </div>
   <div class='ocr_carea' id='block_1_71' title="bbox 571 3956 2158 4029">
    <p class='ocr_par' dir='ltr' id='par_1_71' title="bbox 571 3956 2158 4029">
     <span class='ocr_line' id='line_1_72' title="bbox 571 3956 2158 4029; baseline 0.001 -16"><span class='ocrx_word' id='word_1_576' title='bbox 571 3957 804 4029; x_wconf 82' lang='lat' dir='ltr'><strong>pmvida</strong></span> <span class='ocrx_word' id='word_1_577' title='bbox 829 3965 1097 4020; x_wconf 83' lang='lat' dir='ltr'><strong>cstcura,</strong></span> <span class='ocrx_word' id='word_1_578' title='bbox 1150 3956 1326 4012; x_wconf 88' lang='lat' dir='ltr'><strong>Deum</strong></span> <span class='ocrx_word' id='word_1_579' title='bbox 1375 3970 1576 4025; x_wconf 87' lang='lat' dir='ltr'><strong>nempe</strong></span> <span class='ocrx_word' id='word_1_580' title='bbox 1631 3965 1910 4022; x_wconf 85' lang='lat' dir='ltr'><strong>nostrum,</strong></span> <span class='ocrx_word' id='word_1_581' title='bbox 1956 3958 2053 4013; x_wconf 87' lang='lat' dir='ltr'><strong>sed</strong></span> <span class='ocrx_word' id='word_1_582' title='bbox 2103 3960 2158 4014; x_wconf 90' lang='lat' dir='ltr'><strong>in</strong></span> 
     </span>
    </p>
   </div>
   <div class='ocr_carea' id='block_1_72' title="bbox 571 4045 2158 4120">
    <p class='ocr_par' dir='ltr' id='par_1_72' title="bbox 571 4045 2158 4120">
     <span class='ocr_line' id='line_1_73' title="bbox 571 4045 2158 4120; baseline 0.003 -18"><span class='ocrx_word' id='word_1_583' title='bbox 571 4048 829 4118; x_wconf 89' lang='lat' dir='ltr'><strong>nosipsos</strong></span> <span class='ocrx_word' id='word_1_584' title='bbox 861 4047 1195 4102; x_wconf 86' lang='lat' dir='ltr'><strong>reclinamus</strong></span> <span class='ocrx_word' id='word_1_585' title='bbox 1225 4061 1401 4115; x_wconf 79' lang='lat' dir='ltr'><strong>spem,</strong></span> <span class='ocrx_word' id='word_1_586' title='bbox 1428 4046 1496 4101; x_wconf 87' lang='lat' dir='ltr'><strong>de</strong></span> <span class='ocrx_word' id='word_1_587' title='bbox 1519 4045 1819 4116; x_wconf 88' lang='lat' dir='ltr'><strong>nobisipsis</strong></span> <span class='ocrx_word' id='word_1_588' title='bbox 1872 4056 2158 4120; x_wconf 87' lang='lat' dir='ltr'><strong>tantopere</strong></span> 
     </span>
    </p>
   </div>
   <div class='ocr_carea' id='block_1_73' title="bbox 574 4135 2158 4209">
    <p class='ocr_par' dir='ltr' id='par_1_73' title="bbox 574 4135 2158 4209">
     <span class='ocr_line' id='line_1_74' title="bbox 574 4135 2158 4209; baseline 0.003 -18"><span class='ocrx_word' id='word_1_589' title='bbox 574 4136 818 4192; x_wconf 86' lang='lat' dir='ltr'><strong>solliciti.</strong></span> <span class='ocrx_word' id='word_1_590' title='bbox 853 4136 910 4191; x_wconf 91' lang='lat' dir='ltr'><strong>Si</strong></span> <span class='ocrx_word' id='word_1_591' title='bbox 953 4137 1104 4191; x_wconf 87' lang='lat' dir='ltr'><strong>enim</strong></span> <span class='ocrx_word' id='word_1_592' title='bbox 1133 4135 1439 4190; x_wconf 83' lang='lat' dir='ltr'><strong>visibilium</strong></span> <span class='ocrx_word' id='word_1_593' title='bbox 1493 4150 1688 4191; x_wconf 86' lang='lat' dir='ltr'><strong>curam</strong></span> <span class='ocrx_word' id='word_1_594' title='bbox 1735 4135 2011 4192; x_wconf 91' lang='lat' dir='ltr'><strong>bonorum</strong></span> <span class='ocrx_word' id='word_1_595' title='bbox 2035 4155 2158 4209; x_wconf 60' lang='lat' dir='ltr'><strong>qua</strong></span> 
     </span>
    </p>
   </div>
   <div class='ocr_carea' id='block_1_74' title="bbox 573 4227 2160 4300">
    <p class='ocr_par' dir='ltr' id='par_1_74' title="bbox 573 4227 2160 4300">
     <span class='ocr_line' id='line_1_75' title="bbox 573 4227 2160 4300; baseline 0.003 -18"><span class='ocrx_word' id='word_1_596' title='bbox 573 4227 737 4284; x_wconf 87' lang='lat' dir='ltr'><strong>nobis</strong></span> <span class='ocrx_word' id='word_1_597' title='bbox 769 4227 1010 4299; x_wconf 81' lang='lat' dir='ltr'><strong>benigne</strong></span> <span class='ocrx_word' id='word_1_598' title='bbox 1039 4228 1316 4300; x_wconf 81' lang='lat' dir='ltr'><strong>benignus</strong></span> <span class='ocrx_word' id='word_1_599' title='bbox 1344 4228 1611 4298; x_wconf 84' lang='lat' dir='ltr'><strong>impartit,</strong></span> <span class='ocrx_word' id='word_1_600' title='bbox 1636 4243 1749 4283; x_wconf 83' lang='lat' dir='ltr'><strong>non</strong></span> <span class='ocrx_word' id='word_1_601' title='bbox 1780 4230 2160 4298; x_wconf 85' lang='lat' dir='ltr'><strong>permittimus</strong></span> 
     </span>
    </p>
   </div>
   <div class='ocr_carea' id='block_1_75' title="bbox 570 4319 2158 4393">
    <p class='ocr_par' dir='ltr' id='par_1_75' title="bbox 570 4319 2158 4393">
     <span class='ocr_line' id='line_1_76' title="bbox 570 4319 2158 4393; baseline 0.003 -19"><span class='ocrx_word' id='word_1_602' title='bbox 570 4321 696 4392; x_wconf 83' lang='lat' dir='ltr'><strong>ejus</strong></span> <span class='ocrx_word' id='word_1_603' title='bbox 721 4319 872 4387; x_wconf 81' lang='lat' dir='ltr'><strong>fidei,</strong></span> <span class='ocrx_word' id='word_1_604' title='bbox 905 4337 1017 4390; x_wconf 91' lang='lat' dir='ltr'><strong>quo</strong></span> <span class='ocrx_word' id='word_1_605' title='bbox 1047 4328 1210 4390; x_wconf 90' lang='lat' dir='ltr'><strong>pacto</strong></span> <span class='ocrx_word' id='word_1_606' title='bbox 1235 4319 1304 4374; x_wconf 90' lang='lat' dir='ltr'><strong>de</strong></span> <span class='ocrx_word' id='word_1_607' title='bbox 1330 4319 1736 4387; x_wconf 89' lang='lat' dir='ltr'><strong>invisibilibus,</strong></span> <span class='ocrx_word' id='word_1_608' title='bbox 1793 4338 1917 4393; x_wconf 75' lang='lat' dir='ltr'><strong>qua:</strong></span> <span class='ocrx_word' id='word_1_609' title='bbox 1949 4322 2158 4393; x_wconf 88' lang='lat' dir='ltr'><strong>alioqui</strong></span> 
     </span>
    </p>
   </div>
   <div class='ocr_carea' id='block_1_76' title="bbox 2859 3301 3272 3368">
    <p class='ocr_par' dir='ltr' id='par_1_76' title="bbox 2859 3301 3272 3368">
     <span class='ocr_line' id='line_1_77' title="bbox 2859 3301 3272 3368; baseline -0.005 -12"><span class='ocrx_word' id='word_1_610' title='bbox 2859 3302 3076 3356; x_wconf 86' lang='grc' dir='ltr'><strong>ΛΟΓΟΣ</strong></span> <span class='ocrx_word' id='word_1_611' title='bbox 3098 3301 3246 3355; x_wconf 59' lang='lat' dir='ltr'><strong>mea</strong></span> <span class='ocrx_word' id='word_1_612' title='bbox 3269 3365 3272 3368; x_wconf 96' lang='lat'><em>_</em></span> 
     </span>
    </p>
   </div>
   <div class='ocr_carea' id='block_1_77' title="bbox 2687 3411 3420 3486">
    <p class='ocr_par' dir='ltr' id='par_1_77' title="bbox 2687 3411 3420 3486">
     <span class='ocr_line' id='line_1_78' title="bbox 2687 3411 3420 3486; baseline -0.004 -15"><span class='ocrx_word' id='word_1_613' title='bbox 2687 3415 2826 3486; x_wconf 68' lang='grc' dir='ltr'>Περὶ</span> <span class='ocrx_word' id='word_1_614' title='bbox 2854 3415 2960 3471; x_wconf 81' lang='grc' dir='ltr'>τοῦ</span> <span class='ocrx_word' id='word_1_615' title='bbox 2978 3415 3066 3486; x_wconf 76' lang='grc' dir='ltr'>μὴ</span> <span class='ocrx_word' id='word_1_616' title='bbox 3093 3411 3420 3484; x_wconf 74' lang='grc' dir='ltr'>μεριμνᾶν.</span> 
     </span>
    </p>
   </div>
   <div class='ocr_carea' id='block_1_78' title="bbox 2343 3592 3791 3668">
    <p class='ocr_par' dir='ltr' id='par_1_78' title="bbox 2343 3592 3791 3668">
     <span class='ocr_line' id='line_1_79' title="bbox 2343 3592 3791 3668; baseline -0.006 -16"><span class='ocrx_word' id='word_1_617' title='bbox 2343 3598 2409 3652; x_wconf 87' lang='grc' dir='ltr'><em>Ἦ</em></span> <span class='ocrx_word' id='word_1_618' title='bbox 2443 3597 2553 3651; x_wconf 87' lang='grc' dir='ltr'>τῶν</span> <span class='ocrx_word' id='word_1_619' title='bbox 2586 3596 2856 3668; x_wconf 84' lang='grc' dir='ltr'><strong>βιωτικῶν</strong></span> <span class='ocrx_word' id='word_1_620' title='bbox 2904 3593 3257 3666; x_wconf 74' lang='grc' dir='ltr'>πραγμάτων</span> <span class='ocrx_word' id='word_1_621' title='bbox 3301 3594 3566 3666; x_wconf 79' lang='grc' dir='ltr'>μέριμνα,</span> <span class='ocrx_word' id='word_1_622' title='bbox 3602 3592 3791 3646; x_wconf 62' lang='grc' dir='ltr'>ἀπίστου</span> 
     </span>
    </p>
   </div>
   <div class='ocr_carea' id='block_1_79' title="bbox 2262 3685 3793 3760">
    <p class='ocr_par' dir='ltr' id='par_1_79' title="bbox 2262 3685 3793 3760">
     <span class='ocr_line' id='line_1_80' title="bbox 2262 3685 3793 3760; baseline -0.005 -16"><span class='ocrx_word' id='word_1_623' title='bbox 2262 3689 2358 3744; x_wconf 79' lang='grc' dir='ltr'><strong>καὶ</strong></span> <span class='ocrx_word' id='word_1_624' title='bbox 2375 3688 2702 3760; x_wconf 64' lang='grc' dir='ltr'>ὀλιγσψύχου</span> <span class='ocrx_word' id='word_1_625' title='bbox 2728 3687 3016 3757; x_wconf 78' lang='grc' dir='ltr'>ἀνθρώπου</span> <span class='ocrx_word' id='word_1_626' title='bbox 3047 3686 3219 3741; x_wconf 71' lang='grc' dir='ltr'>ἐστίν.</span> <span class='ocrx_word' id='word_1_627' title='bbox 3245 3687 3364 3739; x_wconf 83' lang='grc' dir='ltr'><strong>Οὐκ</strong></span> <span class='ocrx_word' id='word_1_628' title='bbox 3403 3685 3487 3739; x_wconf 70' lang='grc' dir='ltr'>ἔτι</span> <span class='ocrx_word' id='word_1_629' title='bbox 3524 3687 3626 3756; x_wconf 72' lang='grc' dir='ltr'>γὰρ</span> <span class='ocrx_word' id='word_1_630' title='bbox 3645 3687 3712 3747; x_wconf 84' lang='grc' dir='ltr'>είς</span> <span class='ocrx_word' id='word_1_631' title='bbox 3728 3686 3793 3736; x_wconf 71' lang='grc' dir='ltr'>τὸν</span> 
     </span>
    </p>
   </div>
   <div class='ocr_carea' id='block_1_80' title="bbox 2263 3775 3792 3853">
    <p class='ocr_par' dir='ltr' id='par_1_80' title="bbox 2263 3775 3792 3853">
     <span class='ocr_line' id='line_1_81' title="bbox 2263 3775 3792 3853; baseline -0.006 -19"><span class='ocrx_word' id='word_1_632' title='bbox 2263 3781 2614 3853; x_wconf 84' lang='grc' dir='ltr'>μεριμνῶντα</span> <span class='ocrx_word' id='word_1_633' title='bbox 2645 3780 2778 3833; x_wconf 79' lang='grc' dir='ltr'>Θεὸν</span> <span class='ocrx_word' id='word_1_634' title='bbox 2831 3778 3152 3848; x_wconf 71' lang='grc' dir='ltr'>ἐλπίζομεν,</span> <span class='ocrx_word' id='word_1_635' title='bbox 3192 3776 3308 3830; x_wconf 77' lang='grc' dir='ltr'><strong>ἀλλ’</strong></span> <span class='ocrx_word' id='word_1_636' title='bbox 3343 3779 3424 3840; x_wconf 75' lang='grc' dir='ltr'>εἰς</span> <span class='ocrx_word' id='word_1_637' title='bbox 3455 3777 3689 3839; x_wconf 79' lang='grc' dir='ltr'>ἑαυτοὺς,</span> <span class='ocrx_word' id='word_1_638' title='bbox 3726 3775 3792 3827; x_wconf 73' lang='grc' dir='ltr'><strong>καὶ</strong></span> 
     </span>
    </p>
   </div>
   <div class='ocr_carea' id='block_1_81' title="bbox 2257 3855 3792 3942">
    <p class='ocr_par' dir='ltr' id='par_1_81' title="bbox 2257 3855 3792 3942">
     <span class='ocr_line' id='line_1_82' title="bbox 2257 3855 3792 3942; baseline -0.004 -18"><span class='ocrx_word' id='word_1_639' title='bbox 2257 3873 2387 3942; x_wconf 79' lang='grc' dir='ltr'>περὶ</span> <span class='ocrx_word' id='word_1_640' title='bbox 2413 3870 2572 3942; x_wconf 84' lang='grc' dir='ltr'>ήμῶν</span> <span class='ocrx_word' id='word_1_641' title='bbox 2600 3869 2978 3940; x_wconf 83' lang='grc' dir='ltr'>μεριμνῶμεν.</span> <span class='ocrx_word' id='word_1_642' title='bbox 3001 3867 3065 3921; x_wconf 84' lang='lat' dir='ltr'><strong>El</strong></span> <span class='ocrx_word' id='word_1_643' title='bbox 3104 3867 3220 3935; x_wconf 83' lang='grc' dir='ltr'>γὰρ</span> <span class='ocrx_word' id='word_1_644' title='bbox 3239 3867 3306 3920; x_wconf 83' lang='grc' dir='ltr'>τὰ</span> <span class='ocrx_word' id='word_1_645' title='bbox 3326 3855 3599 3938; x_wconf 81' lang='grc' dir='ltr'>ὁρώμενα,</span> <span class='ocrx_word' id='word_1_646' title='bbox 3623 3867 3656 3920; x_wconf 82' lang='lat' dir='ltr'><strong>a</strong></span> <span class='ocrx_word' id='word_1_647' title='bbox 3686 3881 3792 3934; x_wconf 81' lang='grc' dir='ltr'>παρ-</span> 
     </span>
    </p>
   </div>
   <div class='ocr_carea' id='block_1_82' title="bbox 2261 3955 3792 4032">
    <p class='ocr_par' dir='ltr' id='par_1_82' title="bbox 2261 3955 3792 4032">
     <span class='ocr_line' id='line_1_83' title="bbox 2261 3955 3792 4032; baseline -0.006 -18"><span class='ocrx_word' id='word_1_648' title='bbox 2261 3960 2376 4032; x_wconf 83' lang='grc' dir='ltr'>έχει</span> <span class='ocrx_word' id='word_1_649' title='bbox 2430 3961 2564 4032; x_wconf 79' lang='grc' dir='ltr'>ἡμῖν</span> <span class='ocrx_word' id='word_1_650' title='bbox 2603 3961 2632 4014; x_wconf 81' lang='grc' dir='ltr'>ὁ</span> <span class='ocrx_word' id='word_1_651' title='bbox 2661 3959 2866 4028; x_wconf 70' lang='grc' dir='ltr'>ἀγαθὸς</span> <span class='ocrx_word' id='word_1_652' title='bbox 2905 3958 3038 4022; x_wconf 79' lang='grc' dir='ltr'>Θεὸς</span> <span class='ocrx_word' id='word_1_653' title='bbox 3075 3957 3283 4027; x_wconf 78' lang='grc' dir='ltr'>ἀγαθὰ,</span> <span class='ocrx_word' id='word_1_654' title='bbox 3309 3959 3416 4012; x_wconf 83' lang='grc' dir='ltr'>οὐκ</span> <span class='ocrx_word' id='word_1_655' title='bbox 3437 3955 3792 4028; x_wconf 67' lang='grc' dir='ltr'>ξμπιστεύομεν</span> 
     </span>
    </p>
   </div>
   <div class='ocr_carea' id='block_1_83' title="bbox 2260 4040 3791 4122">
    <p class='ocr_par' dir='ltr' id='par_1_83' title="bbox 2260 4040 3791 4122">
     <span class='ocr_line' id='line_1_84' title="bbox 2260 4040 3791 4122; baseline -0.003 -20"><span class='ocrx_word' id='word_1_656' title='bbox 2260 4049 2429 4122; x_wconf 82' lang='grc' dir='ltr'>αὐτῷ,</span> <span class='ocrx_word' id='word_1_657' title='bbox 2483 4049 2616 4120; x_wconf 79' lang='grc' dir='ltr'>περὶ</span> <span class='ocrx_word' id='word_1_658' title='bbox 2666 4049 2776 4102; x_wconf 84' lang='grc' dir='ltr'>τῶν</span> <span class='ocrx_word' id='word_1_659' title='bbox 2818 4049 2895 4119; x_wconf 80' lang='grc' dir='ltr'><strong>μὴ</strong></span> <span class='ocrx_word' id='word_1_660' title='bbox 2954 4048 3272 4118; x_wconf 76' lang='grc' dir='ltr'>ὁρωμένων,</span> <span class='ocrx_word' id='word_1_661' title='bbox 3314 4040 3395 4101; x_wconf 77' lang='grc' dir='ltr'>ὧν</span> <span class='ocrx_word' id='word_1_662' title='bbox 3455 4045 3791 4117; x_wconf 72' lang='grc' dir='ltr'><strong>ἐπηγγείλατο,</strong></span> 
     </span>
    </p>
   </div>
   <div class='ocr_carea' id='block_1_84' title="bbox 2261 4134 3792 4210">
    <p class='ocr_par' dir='ltr' id='par_1_84' title="bbox 2261 4134 3792 4210">
     <span class='ocr_line' id='line_1_85' title="bbox 2261 4134 3792 4210; baseline -0.003 -17"><span class='ocrx_word' id='word_1_663' title='bbox 2261 4139 2378 4203; x_wconf 84' lang='grc' dir='ltr'><strong>πῶς</strong></span> <span class='ocrx_word' id='word_1_664' title='bbox 2407 4137 2864 4210; x_wconf 79' lang='grc' dir='ltr'>ὲμπιστεύσωμεν</span> <span class='ocrx_word' id='word_1_665' title='bbox 2909 4137 3097 4208; x_wconf 76' lang='grc' dir='ltr'>αὐτῷ;</span> <span class='ocrx_word' id='word_1_666' title='bbox 3137 4138 3214 4192; x_wconf 78' lang='grc' dir='ltr'><strong>οὐ</strong></span> <span class='ocrx_word' id='word_1_667' title='bbox 3253 4137 3366 4210; x_wconf 81' lang='grc' dir='ltr'><strong>χρὴ</strong></span> <span class='ocrx_word' id='word_1_668' title='bbox 3391 4137 3452 4192; x_wconf 75' lang='grc' dir='ltr'>δὲ</span> <span class='ocrx_word' id='word_1_669' title='bbox 3484 4136 3648 4199; x_wconf 78' lang='grc' dir='ltr'>οὕτως</span> <span class='ocrx_word' id='word_1_670' title='bbox 3680 4134 3792 4204; x_wconf 72' lang='grc' dir='ltr'><strong>ἡμᾶς</strong></span> 
     </span>
    </p>
   </div>
   <div class='ocr_carea' id='block_1_85' title="bbox 2253 4228 3791 4302">
    <p class='ocr_par' dir='ltr' id='par_1_85' title="bbox 2253 4228 3791 4302">
     <span class='ocr_line' id='line_1_86' title="bbox 2253 4228 3791 4302; baseline -0.005 -16"><span class='ocrx_word' id='word_1_671' title='bbox 2253 4234 2501 4302; x_wconf 79' lang='grc' dir='ltr'>κρατεῖν,</span> <span class='ocrx_word' id='word_1_672' title='bbox 2531 4231 2667 4284; x_wconf 75' lang='grc' dir='ltr'>ἀλλὰ</span> <span class='ocrx_word' id='word_1_673' title='bbox 2699 4229 2898 4302; x_wconf 74' lang='grc' dir='ltr'>μᾶλλον</span> <span class='ocrx_word' id='word_1_674' title='bbox 2941 4229 3040 4300; x_wconf 79' lang='grc' dir='ltr'><strong>τὴν</strong></span> <span class='ocrx_word' id='word_1_675' title='bbox 3077 4229 3241 4283; x_wconf 75' lang='grc' dir='ltr'>αὐτοῦ</span> <span class='ocrx_word' id='word_1_676' title='bbox 3278 4229 3559 4299; x_wconf 77' lang='grc' dir='ltr'>βασιλείαν</span> <span class='ocrx_word' id='word_1_677' title='bbox 3588 4228 3791 4298; x_wconf 78' lang='grc' dir='ltr'><strong>ζητήσω-</strong></span> 
     </span>
    </p>
   </div>
   <div class='ocr_carea' id='block_1_86' title="bbox 2260 4314 3791 4394">
    <p class='ocr_par' dir='ltr' id='par_1_86' title="bbox 2260 4314 3791 4394">
     <span class='ocr_line' id='line_1_87' title="bbox 2260 4314 3791 4394; baseline -0.007 -18"><span class='ocrx_word' id='word_1_678' title='bbox 2260 4340 2380 4394; x_wconf 85' lang='grc' dir='ltr'>μεν,</span> <span class='ocrx_word' id='word_1_679' title='bbox 2411 4323 2506 4376; x_wconf 72' lang='lat' dir='ltr'><strong>ml.</strong></span> <span class='ocrx_word' id='word_1_680' title='bbox 2538 4322 2714 4376; x_wconf 78' lang='grc' dir='ltr'>ταῦτα</span> <span class='ocrx_word' id='word_1_681' title='bbox 2759 4323 2944 4376; x_wconf 81' lang='grc' dir='ltr'>πάντα</span> <span class='ocrx_word' id='word_1_682' title='bbox 2999 4320 3442 4391; x_wconf 80' lang='grc' dir='ltr'>προστεθήσεται</span> <span class='ocrx_word' id='word_1_683' title='bbox 3509 4323 3649 4390; x_wconf 76' lang='grc' dir='ltr'>ἡμῖν,</span> <span class='ocrx_word' id='word_1_684' title='bbox 3684 4314 3791 4369; x_wconf 77' lang='grc' dir='ltr'>κατὰ</span> 
     </span>
    </p>
   </div>
   <div class='ocr_carea' id='block_1_87' title="bbox 570 4412 2157 4506">
    <p class='ocr_par' dir='ltr' id='par_1_87' title="bbox 570 4412 2157 4482">
     <span class='ocr_line' id='line_1_88' title="bbox 570 4412 2157 4482; baseline 0.002 -14"><span class='ocrx_word' id='word_1_685' title='bbox 570 4427 632 4468; x_wconf 84' lang='lat' dir='ltr'><strong>se</strong></span> <span class='ocrx_word' id='word_1_686' title='bbox 659 4421 811 4468; x_wconf 91' lang='lat' dir='ltr'><strong>certo</strong></span> <span class='ocrx_word' id='word_1_687' title='bbox 833 4413 998 4468; x_wconf 91' lang='lat' dir='ltr'><strong>nobis</strong></span> <span class='ocrx_word' id='word_1_688' title='bbox 1023 4412 1285 4482; x_wconf 85' lang='lat' dir='ltr'><strong>promisit</strong></span> <span class='ocrx_word' id='word_1_689' title='bbox 1308 4412 1592 4478; x_wconf 88' lang='lat' dir='ltr'><strong>daturum,</strong></span> <span class='ocrx_word' id='word_1_690' title='bbox 1621 4413 1784 4469; x_wconf 82' lang='lat' dir='ltr'><strong>fidem</strong></span> <span class='ocrx_word' id='word_1_691' title='bbox 1806 4414 1885 4471; x_wconf 89' lang='lat' dir='ltr'><strong>illi</strong></span> <span class='ocrx_word' id='word_1_692' title='bbox 1914 4431 2157 4472; x_wconf 80' lang='lat' dir='ltr'><strong>commo-</strong></span> 
     </span>
    </p>
   </div>
   <div class='ocr_carea' id='block_1_88' title="bbox 2256 4412 3790 4506">
    <p class='ocr_par' dir='ltr' id='par_1_88' title="bbox 2260 4412 3790 4484">
     <span class='ocr_line' id='line_1_89' title="bbox 2260 4412 3790 4484; baseline -0.006 -17"><span class='ocrx_word' id='word_1_693' title='bbox 2260 4414 2352 4468; x_wconf 80' lang='grc' dir='ltr'><strong>τὸν</strong></span> <span class='ocrx_word' id='word_1_694' title='bbox 2371 4414 2528 4483; x_wconf 83' lang='grc' dir='ltr'>λόγον</span> <span class='ocrx_word' id='word_1_695' title='bbox 2558 4413 2728 4468; x_wconf 74' lang='grc' dir='ltr'>αὐτοῦ</span> <span class='ocrx_word' id='word_1_696' title='bbox 2751 4428 2764 4442; x_wconf 81' lang='grc'><strong><em>⁸</em></strong></span> <span class='ocrx_word' id='word_1_697' title='bbox 2807 4412 3253 4484; x_wconf 82' lang='grc' dir='ltr'>λυσιτελέστερον</span> <span class='ocrx_word' id='word_1_698' title='bbox 3281 4414 3420 4482; x_wconf 75' lang='grc' dir='ltr'>ἡμῖν</span> <span class='ocrx_word' id='word_1_699' title='bbox 3478 4413 3637 4476; x_wconf 66' lang='grc' dir='ltr'>ἔστιν,</span> <span class='ocrx_word' id='word_1_700' title='bbox 3664 4425 3790 4463; x_wconf 80' lang='grc' dir='ltr'>κατα-</span> 
     </span>
    </p>
   </div>
   <div class='ocr_carea' id='block_1_89' title="bbox 572 4498 2157 4576">
    <p class='ocr_par' dir='ltr' id='par_1_89' title="bbox 572 4503 2154 4562">
     <span class='ocr_line' id='line_1_90' title="bbox 572 4503 2154 4562; baseline 0.003 -4"><span class='ocrx_word' id='word_1_701' title='bbox 572 4503 863 4558; x_wconf 84' lang='lat' dir='ltr'><strong>dabimus?</strong></span> <span class='ocrx_word' id='word_1_702' title='bbox 921 4504 1042 4559; x_wconf 85' lang='lat' dir='ltr'><strong>Non</strong></span> <span class='ocrx_word' id='word_1_703' title='bbox 1084 4503 1177 4558; x_wconf 90' lang='lat' dir='ltr'><strong>hic</strong></span> <span class='ocrx_word' id='word_1_704' title='bbox 1228 4512 1637 4560; x_wconf 87' lang='lat' dir='ltr'><strong>consentaneus</strong></span> <span class='ocrx_word' id='word_1_705' title='bbox 1670 4514 1756 4561; x_wconf 91' lang='lat' dir='ltr'><strong>est</strong></span> <span class='ocrx_word' id='word_1_706' title='bbox 1809 4505 1949 4562; x_wconf 89' lang='lat' dir='ltr'><strong>ordo</strong></span> <span class='ocrx_word' id='word_1_707' title='bbox 2009 4507 2154 4562; x_wconf 89' lang='lat' dir='ltr'><strong>bona</strong></span> 
     </span>
    </p>
   </div>
   <div class='ocr_carea' id='block_1_90' title="bbox 2256 4498 3790 4576">
    <p class='ocr_par' dir='ltr' id='par_1_90' title="bbox 2263 4498 3790 4576">
     <span class='ocr_line' id='line_1_91' title="bbox 2263 4498 3790 4576; baseline -0.003 -18"><span class='ocrx_word' id='word_1_708' title='bbox 2263 4507 2481 4575; x_wconf 84' lang='grc' dir='ltr'>φρονεῖν</span> <span class='ocrx_word' id='word_1_709' title='bbox 2520 4505 2628 4559; x_wconf 83' lang='grc' dir='ltr'><strong>τῶν</strong></span> <span class='ocrx_word' id='word_1_710' title='bbox 2661 4505 2736 4576; x_wconf 87' lang='grc' dir='ltr'>μὴ</span> <span class='ocrx_word' id='word_1_711' title='bbox 2768 4503 3081 4576; x_wconf 81' lang='grc' dir='ltr'>ἡμετέρων,</span> <span class='ocrx_word' id='word_1_712' title='bbox 3136 4504 3230 4556; x_wconf 76' lang='grc' dir='ltr'>καὶ</span> <span class='ocrx_word' id='word_1_713' title='bbox 3268 4504 3562 4573; x_wconf 77' lang='grc' dir='ltr'>ὀρέγεσθαι</span> <span class='ocrx_word' id='word_1_714' title='bbox 3585 4503 3648 4555; x_wconf 75' lang='grc' dir='ltr'>τὰ</span> <span class='ocrx_word' id='word_1_715' title='bbox 3690 4498 3790 4569; x_wconf 65' lang='grc' dir='ltr'><strong>ἡμι-</strong></span> 
     </span>
    </p>
   </div>
   <div class='ocr_carea' id='block_1_91' title="bbox 574 4593 2156 4669">
    <p class='ocr_par' dir='ltr' id='par_1_91' title="bbox 574 4593 2156 4669">
     <span class='ocr_line' id='line_1_92' title="bbox 574 4593 2156 4669; baseline 0.003 -20"><span class='ocrx_word' id='word_1_716' title='bbox 574 4593 882 4661; x_wconf 86' lang='lat' dir='ltr'><strong>obtinendi,</strong></span> <span class='ocrx_word' id='word_1_717' title='bbox 917 4594 1091 4665; x_wconf 88' lang='lat' dir='ltr'><strong>magis</strong></span> <span class='ocrx_word' id='word_1_718' title='bbox 1121 4603 1305 4650; x_wconf 87' lang='lat' dir='ltr'><strong>autem</strong></span> <span class='ocrx_word' id='word_1_719' title='bbox 1349 4611 1662 4665; x_wconf 71' lang='lat' dir='ltr'><strong>quaeramus</strong></span> <span class='ocrx_word' id='word_1_720' title='bbox 1692 4596 1870 4666; x_wconf 87' lang='lat' dir='ltr'><strong>ipsius</strong></span> <span class='ocrx_word' id='word_1_721' title='bbox 1901 4613 2156 4669; x_wconf 84' lang='lat' dir='ltr'><strong>regnum,</strong></span> 
     </span>
    </p>
   </div>
   <div class='ocr_carea' id='block_1_92' title="bbox 2269 4597 3674 4672">
    <p class='ocr_par' dir='ltr' id='par_1_92' title="bbox 2269 4597 3674 4672">
     <span class='ocr_line' id='line_1_93' title="bbox 2269 4597 3674 4672; baseline 0 -20"><span class='ocrx_word' id='word_1_722' title='bbox 2269 4616 2430 4672; x_wconf 85' lang='grc' dir='ltr'>τερα,</span> <span class='ocrx_word' id='word_1_723' title='bbox 2465 4600 2568 4670; x_wconf 81' lang='grc' dir='ltr'>τὴν</span> <span class='ocrx_word' id='word_1_724' title='bbox 2595 4599 2907 4670; x_wconf 77' lang='grc' dir='ltr'>ἀφθαρσίαν</span> <span class='ocrx_word' id='word_1_725' title='bbox 2946 4598 3043 4652; x_wconf 74' lang='grc' dir='ltr'><strong>καὶ</strong></span> <span class='ocrx_word' id='word_1_726' title='bbox 3070 4597 3167 4668; x_wconf 83' lang='grc' dir='ltr'>τὴν</span> <span class='ocrx_word' id='word_1_727' title='bbox 3189 4599 3500 4654; x_wconf 80' lang='grc' dir='ltr'>ἀθανασίαν</span> <span class='ocrx_word' id='word_1_728' title='bbox 3525 4598 3674 4665; x_wconf 70' lang='grc' dir='ltr'><strong>λέγω.</strong></span> 
     </span>
    </p>
   </div>
   <div class='ocr_carea' id='block_1_93' title="bbox 574 4689 3787 4761">
    <p class='ocr_par' dir='ltr' id='par_1_93' title="bbox 574 4689 3787 4761">
     <span class='ocr_line' id='line_1_94' title="bbox 574 4689 3787 4761; baseline -0.001 -16"><span class='ocrx_word' id='word_1_729' title='bbox 574 4699 631 4746; x_wconf 88' lang='lat' dir='ltr'><strong>et</strong></span> <span class='ocrx_word' id='word_1_730' title='bbox 646 4689 762 4745; x_wconf 62' lang='lat' dir='ltr'><strong>haec</strong></span> <span class='ocrx_word' id='word_1_731' title='bbox 785 4690 971 4745; x_wconf 90' lang='lat' dir='ltr'><strong>omnia</strong></span> <span class='ocrx_word' id='word_1_732' title='bbox 994 4689 1328 4759; x_wconf 75' lang='lat' dir='ltr'><strong>adjiciantur</strong></span> <span class='ocrx_word' id='word_1_733' title='bbox 1356 4689 1538 4755; x_wconf 89' lang='lat' dir='ltr'><strong>nobis,</strong></span> <span class='ocrx_word' id='word_1_734' title='bbox 1561 4691 1717 4760; x_wconf 79' lang='lat' dir='ltr'><strong>juxta</strong></span> <span class='ocrx_word' id='word_1_735' title='bbox 1773 4689 2023 4760; x_wconf 86' lang='lat' dir='ltr'><strong>ejusdem</strong></span> <span class='ocrx_word' id='word_1_736' title='bbox 2082 4691 2406 4747; x_wconf 75' lang='lat' dir='ltr'><strong>verbum&quot;.</strong></span> <span class='ocrx_word' id='word_1_737' title='bbox 2439 4693 2622 4747; x_wconf 31' lang='lat' dir='ltr'><strong>Tanto.</strong></span> <span class='ocrx_word' id='word_1_738' title='bbox 2684 4707 2820 4747; x_wconf 80' lang='lat' dir='ltr'><strong>sane</strong></span> <span class='ocrx_word' id='word_1_739' title='bbox 2881 4690 3221 4761; x_wconf 79' lang='lat' dir='ltr'><strong>praestiterit,</strong></span> <span class='ocrx_word' id='word_1_740' title='bbox 3252 4691 3426 4761; x_wconf 86' lang='lat' dir='ltr'><strong>inque</strong></span> <span class='ocrx_word' id='word_1_741' title='bbox 3447 4708 3562 4748; x_wconf 86' lang='lat' dir='ltr'><strong>rem</strong></span> <span class='ocrx_word' id='word_1_742' title='bbox 3595 4699 3787 4745; x_wconf 79' lang='lat' dir='ltr'><strong>nostram</strong></span> 
     </span>
    </p>
   </div>
   <div class='ocr_carea' id='block_1_94' title="bbox 572 4781 3787 4855">
    <p class='ocr_par' dir='ltr' id='par_1_94' title="bbox 572 4781 3787 4855">
     <span class='ocr_line' id='line_1_95' title="bbox 572 4781 3787 4855; baseline -0.002 -16"><span class='ocrx_word' id='word_1_743' title='bbox 572 4783 740 4839; x_wconf 83' lang='lat' dir='ltr'><strong>cedet</strong></span> <span class='ocrx_word' id='word_1_744' title='bbox 784 4782 1026 4847; x_wconf 83' lang='lat' dir='ltr'><strong>felicius,</strong></span> <span class='ocrx_word' id='word_1_745' title='bbox 1051 4781 1098 4836; x_wconf 89' lang='lat' dir='ltr'><strong>si</strong></span> <span class='ocrx_word' id='word_1_746' title='bbox 1123 4781 1236 4846; x_wconf 91' lang='lat' dir='ltr'><strong>his,</strong></span> <span class='ocrx_word' id='word_1_747' title='bbox 1262 4797 1385 4852; x_wconf 72' lang='lat' dir='ltr'><strong>quae</strong></span> <span class='ocrx_word' id='word_1_748' title='bbox 1413 4789 1602 4836; x_wconf 88' lang='lat' dir='ltr'><strong>nostra</strong></span> <span class='ocrx_word' id='word_1_749' title='bbox 1635 4781 1960 4851; x_wconf 81' lang='lat' dir='ltr'><strong>neutiquam</strong></span> <span class='ocrx_word' id='word_1_750' title='bbox 2005 4791 2156 4848; x_wconf 88' lang='lat' dir='ltr'><strong>sunt,</strong></span> <span class='ocrx_word' id='word_1_751' title='bbox 2195 4785 2560 4855; x_wconf 82' lang='lat' dir='ltr'><strong>contemptim</strong></span> <span class='ocrx_word' id='word_1_752' title='bbox 2597 4783 2961 4850; x_wconf 82' lang='lat' dir='ltr'><strong>transmissis,</strong></span> <span class='ocrx_word' id='word_1_753' title='bbox 3022 4799 3152 4854; x_wconf 69' lang='lat' dir='ltr'><strong>quae</strong></span> <span class='ocrx_word' id='word_1_754' title='bbox 3208 4783 3438 4854; x_wconf 82' lang='lat' dir='ltr'><strong>proprie</strong></span> <span class='ocrx_word' id='word_1_755' title='bbox 3468 4789 3654 4838; x_wconf 76' lang='lat' dir='ltr'><strong>nostra</strong></span> <span class='ocrx_word' id='word_1_756' title='bbox 3677 4787 3787 4843; x_wconf 78' lang='lat' dir='ltr'><strong>sunt,</strong></span> 
     </span>
    </p>
   </div>
   <div class='ocr_carea' id='block_1_95' title="bbox 575 4873 2977 4946">
    <p class='ocr_par' dir='ltr' id='par_1_95' title="bbox 575 4873 2977 4946">
     <span class='ocr_line' id='line_1_96' title="bbox 575 4873 2977 4946; baseline 0 -15"><span class='ocrx_word' id='word_1_757' title='bbox 575 4883 688 4932; x_wconf 81' lang='lat' dir='ltr'><strong>tota</strong></span> <span class='ocrx_word' id='word_1_758' title='bbox 709 4875 995 4930; x_wconf 85' lang='lat' dir='ltr'><strong>alacritate</strong></span> <span class='ocrx_word' id='word_1_759' title='bbox 1024 4883 1374 4946; x_wconf 72' lang='lat' dir='ltr'><strong>expetemus,</strong></span> <span class='ocrx_word' id='word_1_760' title='bbox 1407 4873 1623 4944; x_wconf 72' lang='lat'><strong>1223</strong></span> <span class='ocrx_word' id='word_1_761' title='bbox 1645 4889 1842 4944; x_wconf 83' lang='lat' dir='ltr'><strong>nempe</strong></span> <span class='ocrx_word' id='word_1_762' title='bbox 1867 4874 2352 4944; x_wconf 87' lang='lat' dir='ltr'><strong>incorruptionem</strong></span> <span class='ocrx_word' id='word_1_763' title='bbox 2382 4884 2442 4932; x_wconf 86' lang='lat' dir='ltr'><strong>et</strong></span> <span class='ocrx_word' id='word_1_764' title='bbox 2476 4876 2977 4933; x_wconf 76' lang='lat' dir='ltr'><strong>immortalitatem.</strong></span> 
     </span>
    </p>
   </div>
   <div class='ocr_carea' id='block_1_96' title="bbox 642 4964 2156 5037">
    <p class='ocr_par' dir='ltr' id='par_1_96' title="bbox 642 4964 2156 5037">
     <span class='ocr_line' id='line_1_97' title="bbox 642 4964 2156 5037; baseline -0.001 -14"><span class='ocrx_word' id='word_1_765' title='bbox 642 4966 955 5037; x_wconf 89' lang='lat' dir='ltr'><strong>lncorrupti</strong></span> <span class='ocrx_word' id='word_1_766' title='bbox 989 4967 1138 5024; x_wconf 87' lang='lat' dir='ltr'><strong>enim</strong></span> <span class='ocrx_word' id='word_1_767' title='bbox 1173 4966 1271 5022; x_wconf 89' lang='lat' dir='ltr'><strong>ubi</strong></span> <span class='ocrx_word' id='word_1_768' title='bbox 1287 4966 1401 5036; x_wconf 90' lang='lat' dir='ltr'><strong>jam</strong></span> <span class='ocrx_word' id='word_1_769' title='bbox 1425 4974 1481 5021; x_wconf 87' lang='lat' dir='ltr'><strong>et</strong></span> <span class='ocrx_word' id='word_1_770' title='bbox 1511 4965 1860 5020; x_wconf 81' lang='lat' dir='ltr'><strong>immortales</strong></span> <span class='ocrx_word' id='word_1_771' title='bbox 1883 4964 2156 5021; x_wconf 83' lang='lat' dir='ltr'><strong>fuerimus</strong></span> 
     </span>
    </p>
   </div>
   <div class='ocr_carea' id='block_1_97' title="bbox 571 5055 2155 5130">
    <p class='ocr_par' dir='ltr' id='par_1_97' title="bbox 571 5055 2155 5130">
     <span class='ocr_line' id='line_1_98' title="bbox 571 5055 2155 5130; baseline -0.003 -16"><span class='ocrx_word' id='word_1_772' title='bbox 571 5075 673 5130; x_wconf 83' lang='lat' dir='ltr'><strong>per</strong></span> <span class='ocrx_word' id='word_1_773' title='bbox 709 5059 1067 5129; x_wconf 86' lang='lat' dir='ltr'><strong>purissimam</strong></span> <span class='ocrx_word' id='word_1_774' title='bbox 1103 5057 1565 5128; x_wconf 85' lang='lat' dir='ltr'><strong>speculationem,</strong></span> <span class='ocrx_word' id='word_1_775' title='bbox 1598 5055 1902 5126; x_wconf 88' lang='lat' dir='ltr'><strong>conspicua</strong></span> <span class='ocrx_word' id='word_1_776' title='bbox 1949 5056 2155 5126; x_wconf 78' lang='lat' dir='ltr'><strong>expleti</strong></span> 
     </span>
    </p>
   </div>
   <div class='ocr_carea' id='block_1_98' title="bbox 573 5150 2157 5222">
    <p class='ocr_par' dir='ltr' id='par_1_98' title="bbox 573 5150 2157 5222">
     <span class='ocr_line' id='line_1_99' title="bbox 573 5150 2157 5222; baseline -0.003 -14"><span class='ocrx_word' id='word_1_777' title='bbox 573 5151 670 5208; x_wconf 87' lang='lat' dir='ltr'><strong>Dei</strong></span> <span class='ocrx_word' id='word_1_778' title='bbox 709 5152 1056 5222; x_wconf 86' lang='lat' dir='ltr'><strong>apparitione</strong></span> <span class='ocrx_word' id='word_1_779' title='bbox 1079 5191 1094 5216; x_wconf 90' lang='lat'><strong>,</strong></span> <span class='ocrx_word' id='word_1_780' title='bbox 1147 5165 1597 5221; x_wconf 84' lang='lat' dir='ltr'><strong>quaquaversum</strong></span> <span class='ocrx_word' id='word_1_781' title='bbox 1632 5150 1947 5204; x_wconf 84' lang='lat' dir='ltr'><strong>illustrante</strong></span> <span class='ocrx_word' id='word_1_782' title='bbox 1971 5163 2073 5204; x_wconf 87' lang='lat' dir='ltr'><strong>nos</strong></span> <span class='ocrx_word' id='word_1_783' title='bbox 2100 5157 2157 5204; x_wconf 85' lang='lat' dir='ltr'><strong>et</strong></span> 
     </span>
    </p>
   </div>
   <div class='ocr_carea' id='block_1_99' title="bbox 573 5237 2156 5308">
    <p class='ocr_par' dir='ltr' id='par_1_99' title="bbox 573 5237 2156 5308">
     <span class='ocr_line' id='line_1_100' title="bbox 573 5237 2156 5308; baseline -0.003 -12"><span class='ocrx_word' id='word_1_784' title='bbox 573 5239 1052 5296; x_wconf 80' lang='lat' dir='ltr'><strong>circumfundente</strong></span> <span class='ocrx_word' id='word_1_785' title='bbox 1078 5239 1506 5295; x_wconf 80' lang='lat' dir='ltr'><strong>radiantissimis</strong></span> <span class='ocrx_word' id='word_1_786' title='bbox 1529 5238 1641 5294; x_wconf 90' lang='lat' dir='ltr'><strong>illis</strong></span> <span class='ocrx_word' id='word_1_787' title='bbox 1669 5237 2078 5308; x_wconf 82' lang='lat' dir='ltr'><strong>splendoribus,</strong></span> <span class='ocrx_word' id='word_1_788' title='bbox 2095 5246 2156 5292; x_wconf 91' lang='lat' dir='ltr'><strong>ut</strong></span> 
     </span>
    </p>
   </div>
   <div class='ocr_carea' id='block_1_100' title="bbox 573 5326 2156 5400">
    <p class='ocr_par' dir='ltr' id='par_1_100' title="bbox 573 5326 2156 5400">
     <span class='ocr_line' id='line_1_101' title="bbox 573 5326 2156 5400; baseline -0.001 -17"><span class='ocrx_word' id='word_1_789' title='bbox 573 5327 706 5384; x_wconf 91' lang='lat' dir='ltr'><strong>olim</strong></span> <span class='ocrx_word' id='word_1_790' title='bbox 734 5327 1043 5399; x_wconf 77' lang='lat' dir='ltr'><strong>discipulos</strong></span> <span class='ocrx_word' id='word_1_791' title='bbox 1075 5328 1134 5384; x_wconf 88' lang='lat' dir='ltr'><strong>in</strong></span> <span class='ocrx_word' id='word_1_792' title='bbox 1159 5330 1551 5400; x_wconf 82' lang='lat' dir='ltr'><strong>augustissima</strong></span> <span class='ocrx_word' id='word_1_793' title='bbox 1585 5329 1674 5384; x_wconf 89' lang='lat' dir='ltr'><strong>illa</strong></span> <span class='ocrx_word' id='word_1_794' title='bbox 1695 5328 1905 5385; x_wconf 85' lang='lat' dir='ltr'><strong>Christi</strong></span> <span class='ocrx_word' id='word_1_795' title='bbox 1934 5326 2156 5383; x_wconf 84' lang='lat' dir='ltr'><strong>transti-</strong></span> 
     </span>
    </p>
   </div>
   <div class='ocr_carea' id='block_1_101' title="bbox 2337 4961 3783 5040">
    <p class='ocr_par' dir='ltr' id='par_1_101' title="bbox 2337 4961 3783 5040">
     <span class='ocr_line' id='line_1_102' title="bbox 2337 4961 3783 5040; baseline -0.001 -18"><span class='ocrx_word' id='word_1_796' title='bbox 2337 4969 2506 5022; x_wconf 80' lang='grc' dir='ltr'>Ὅταν</span> <span class='ocrx_word' id='word_1_797' title='bbox 2531 4967 2639 5039; x_wconf 75' lang='grc' dir='ltr'>γὰρ</span> <span class='ocrx_word' id='word_1_798' title='bbox 2685 4967 2956 5040; x_wconf 79' lang='grc' dir='ltr'>ἄφθαρτοι</span> <span class='ocrx_word' id='word_1_799' title='bbox 2985 4966 3276 5039; x_wconf 85' lang='grc' dir='ltr'>γενώμεθα</span> <span class='ocrx_word' id='word_1_800' title='bbox 3303 4967 3402 5022; x_wconf 73' lang='grc' dir='ltr'>καὶ</span> <span class='ocrx_word' id='word_1_801' title='bbox 3432 4967 3690 5025; x_wconf 81' lang='grc' dir='ltr'>ἀθάνατοι,</span> <span class='ocrx_word' id='word_1_802' title='bbox 3713 4961 3783 5029; x_wconf 73' lang='grc' dir='ltr'><strong>τῆς</strong></span> 
     </span>
    </p>
   </div>
   <div class='ocr_carea' id='block_1_102' title="bbox 2267 5055 3781 5132">
    <p class='ocr_par' dir='ltr' id='par_1_102' title="bbox 2267 5055 3781 5132">
     <span class='ocr_line' id='line_1_103' title="bbox 2267 5055 3781 5132; baseline 0 -20"><span class='ocrx_word' id='word_1_803' title='bbox 2267 5059 2365 5130; x_wconf 83' lang='grc' dir='ltr'>μὲν</span> <span class='ocrx_word' id='word_1_804' title='bbox 2387 5061 2588 5132; x_wconf 82' lang='grc' dir='ltr'>ὁρατῆς</span> <span class='ocrx_word' id='word_1_805' title='bbox 2616 5058 2782 5114; x_wconf 79' lang='grc' dir='ltr'>αὐτοῦ</span> <span class='ocrx_word' id='word_1_806' title='bbox 2813 5059 3104 5130; x_wconf 81' lang='grc' dir='ltr'>θεοφανίας</span> <span class='ocrx_word' id='word_1_807' title='bbox 3144 5061 3204 5113; x_wconf 81' lang='grc' dir='ltr'>ὲν</span> <span class='ocrx_word' id='word_1_808' title='bbox 3241 5061 3542 5129; x_wconf 76' lang='grc' dir='ltr'>πανάγνοις</span> <span class='ocrx_word' id='word_1_809' title='bbox 3581 5055 3781 5126; x_wconf 72' lang='grc' dir='ltr'>θεωρίαις</span> 
     </span>
    </p>
   </div>
   <div class='ocr_carea' id='block_1_103' title="bbox 2262 5145 3780 5220">
    <p class='ocr_par' dir='ltr' id='par_1_103' title="bbox 2262 5145 3780 5220">
     <span class='ocr_line' id='line_1_104' title="bbox 2262 5145 3780 5220; baseline 0.002 -21"><span class='ocrx_word' id='word_1_810' title='bbox 2262 5147 2779 5219; x_wconf 77' lang='grc' dir='ltr'>ἀπο-πληρούμενοι,</span> <span class='ocrx_word' id='word_1_811' title='bbox 2858 5149 3192 5218; x_wconf 81' lang='grc' dir='ltr'>φανοτάταις</span> <span class='ocrx_word' id='word_1_812' title='bbox 3248 5150 3408 5219; x_wconf 61' lang='grc' dir='ltr'><strong>ἡμᾶς</strong></span> <span class='ocrx_word' id='word_1_813' title='bbox 3447 5145 3780 5220; x_wconf 69' lang='grc' dir='ltr'>μαρμαρυγαῖς</span> 
     </span>
    </p>
   </div>
   <div class='ocr_carea' id='block_1_104' title="bbox 2264 5238 3783 5312">
    <p class='ocr_par' dir='ltr' id='par_1_104' title="bbox 2264 5238 3783 5312">
     <span class='ocr_line' id='line_1_105' title="bbox 2264 5238 3783 5312; baseline -0.014 -3"><span class='ocrx_word' id='word_1_814' title='bbox 2264 5239 2789 5309; x_wconf 81' lang='grc' dir='ltr'>περιαυγαξούσαις,</span> <span class='ocrx_word' id='word_1_815' title='bbox 2816 5240 2892 5305; x_wconf 79' lang='grc' dir='ltr'>ὡς</span> <span class='ocrx_word' id='word_1_816' title='bbox 2917 5243 3042 5306; x_wconf 78' lang='grc' dir='ltr'>τοὺς</span> <span class='ocrx_word' id='word_1_817' title='bbox 3057 5241 3309 5311; x_wconf 76' lang='grc' dir='ltr'>μαθητὰς</span> <span class='ocrx_word' id='word_1_818' title='bbox 3332 5243 3394 5297; x_wconf 82' lang='grc' dir='ltr'>ὲν</span> <span class='ocrx_word' id='word_1_819' title='bbox 3414 5243 3592 5312; x_wconf 77' lang='grc' dir='ltr'>ἐκείνῃ</span> <span class='ocrx_word' id='word_1_820' title='bbox 3611 5242 3670 5309; x_wconf 74' lang='grc' dir='ltr'>τῇ</span> <span class='ocrx_word' id='word_1_821' title='bbox 3683 5238 3783 5290; x_wconf 74' lang='lat' dir='ltr'><strong>Ban-</strong></span> 
     </span>
    </p>
   </div>
   <div class='ocr_carea' id='block_1_105' title="bbox 2263 5328 3781 5407">
    <p class='ocr_par' dir='ltr' id='par_1_105' title="bbox 2263 5328 3781 5407">
     <span class='ocr_line' id='line_1_106' title="bbox 2263 5328 3781 5407; baseline 0.001 -25"><span class='ocrx_word' id='word_1_822' title='bbox 2263 5328 2400 5402; x_wconf 81' lang='grc' dir='ltr'>τάτῃ</span> <span class='ocrx_word' id='word_1_823' title='bbox 2445 5332 2904 5405; x_wconf 76' lang='grc' dir='ltr'>μεταμορφώσει·</span> <span class='ocrx_word' id='word_1_824' title='bbox 2939 5333 3040 5404; x_wconf 81' lang='grc' dir='ltr'><strong>τῆς</strong></span> <span class='ocrx_word' id='word_1_825' title='bbox 3066 5334 3123 5387; x_wconf 75' lang='grc' dir='ltr'>δὲ</span> <span class='ocrx_word' id='word_1_826' title='bbox 3176 5335 3379 5407; x_wconf 71' lang='grc' dir='ltr'>νοητῆς</span> <span class='ocrx_word' id='word_1_827' title='bbox 3410 5328 3781 5402; x_wconf 57' lang='lat' dir='ltr'><strong>Mitem-toﬁ-</strong></span> 
     </span>
    </p>
   </div>
   <div class='ocr_carea' id='block_1_106' title="bbox 641 5503 2157 5582">
    <p class='ocr_par' dir='ltr' id='par_1_106' title="bbox 641 5507 2156 5582">
     <span class='ocr_line' id='line_1_107' title="bbox 641 5507 2156 5582; baseline 0.003 -19"><span class='ocrx_word' id='word_1_828' title='bbox 641 5510 688 5542; x_wconf 78' lang='grc'><strong>⁸³</strong></span> <span class='ocrx_word' id='word_1_829' title='bbox 715 5507 878 5582; x_wconf 67' lang='lat' dir='ltr'><strong>Prov.</strong></span> <span class='ocrx_word' id='word_1_830' title='bbox 902 5525 1055 5582; x_wconf 52' lang='lat' dir='ltr'><strong>xxiv,</strong></span> <span class='ocrx_word' id='word_1_831' title='bbox 1079 5512 1166 5566; x_wconf 82' lang='grc'><strong>15.</strong></span> <span class='ocrx_word' id='word_1_832' title='bbox 1243 5513 1291 5544; x_wconf 63' lang='grc'>⁸⁸</span> <span class='ocrx_word' id='word_1_833' title='bbox 1328 5513 1488 5568; x_wconf 82' lang='lat' dir='ltr'><strong>Joan.</strong></span> <span class='ocrx_word' id='word_1_834' title='bbox 1513 5531 1621 5577; x_wconf 72' lang='lat' dir='ltr'><strong>XIV,</strong></span> <span class='ocrx_word' id='word_1_835' title='bbox 1658 5517 1745 5582; x_wconf 79' lang='lat' dir='ltr'><strong>l3,</strong></span> <span class='ocrx_word' id='word_1_836' title='bbox 1777 5515 1866 5569; x_wconf 79' lang='lat' dir='ltr'><strong>l5.</strong></span> <span class='ocrx_word' id='word_1_837' title='bbox 1944 5515 1989 5546; x_wconf 82' lang='grc'><strong>⁸⁵</strong></span> <span class='ocrx_word' id='word_1_838' title='bbox 2014 5515 2156 5570; x_wconf 87' lang='lat' dir='ltr'><strong>Psal.</strong></span> 
     </span>
    </p>
   </div>
   <div class='ocr_carea' id='block_1_107' title="bbox 2256 5503 3781 5582">
    <p class='ocr_par' dir='ltr' id='par_1_107' title="bbox 2256 5503 3781 5582">
     <span class='ocr_line' id='line_1_108' title="bbox 2256 5503 3781 5582; baseline -0.005 -18"><span class='ocrx_word' id='word_1_839' title='bbox 2256 5531 2290 5580; x_wconf 71' lang='grc' dir='ltr'><strong>ι,</strong></span> <span class='ocrx_word' id='word_1_840' title='bbox 2321 5515 2373 5569; x_wconf 81' lang='grc'><strong>5.</strong></span> <span class='ocrx_word' id='word_1_841' title='bbox 2452 5515 2666 5570; x_wconf 80' lang='lat' dir='ltr'><strong>&quot;Psal.</strong></span> <span class='ocrx_word' id='word_1_842' title='bbox 2707 5531 2847 5581; x_wconf 76' lang='lat' dir='ltr'><strong>xcvi,</strong></span> <span class='ocrx_word' id='word_1_843' title='bbox 2875 5515 2960 5570; x_wconf 74' lang='lat' dir='ltr'><strong>l2.</strong></span> <span class='ocrx_word' id='word_1_844' title='bbox 3039 5515 3417 5579; x_wconf 38' lang='lat' dir='ltr'><strong>&quot;Psalmxm,</strong></span> <span class='ocrx_word' id='word_1_845' title='bbox 3442 5511 3527 5568; x_wconf 80' lang='grc'><strong>11.</strong></span> <span class='ocrx_word' id='word_1_846' title='bbox 3609 5503 3781 5582; x_wconf 57' lang='lat' dir='ltr'><strong>f‘_Psal.</strong></span> 
     </span>
    </p>
   </div>
   <div class='ocr_carea' id='block_1_108' title="bbox 573 5580 824 5642">
    <p class='ocr_par' dir='ltr' id='par_1_108' title="bbox 573 5580 824 5642">
     <span class='ocr_line' id='line_1_109' title="bbox 573 5580 824 5642; baseline -0.004 -10"><span class='ocrx_word' id='word_1_847' title='bbox 573 5595 747 5642; x_wconf 76' lang='lat' dir='ltr'><strong>cxux,</strong></span> <span class='ocrx_word' id='word_1_848' title='bbox 769 5580 824 5633; x_wconf 73' lang='lat'><strong>2.</strong></span> 
     </span>
    </p>
   </div>
   <div class='ocr_carea' id='block_1_109' title="bbox 583 5719 1803 5790">
    <p class='ocr_par' dir='ltr' id='par_1_109' title="bbox 583 5719 1803 5790">
     <span class='ocr_line' id='line_1_110' title="bbox 583 5719 1803 5790; baseline 0.005 -16"><span class='ocrx_word' id='word_1_849' title='bbox 583 5732 654 5784; x_wconf 78' lang='lat' dir='ltr'><strong>tv,</strong></span> <span class='ocrx_word' id='word_1_850' title='bbox 682 5720 736 5774; x_wconf 72' lang='grc'><strong>4.</strong></span> <span class='ocrx_word' id='word_1_851' title='bbox 811 5719 853 5750; x_wconf 74' lang='grc'><strong>’³³</strong></span> <span class='ocrx_word' id='word_1_852' title='bbox 880 5719 1126 5789; x_wconf 20' lang='grc' dir='ltr'>Ιλιαλνςγ,</span> <span class='ocrx_word' id='word_1_853' title='bbox 1157 5724 1243 5776; x_wconf 65' lang='grc' dir='ltr'><strong>ἀεὶ.</strong></span> <span class='ocrx_word' id='word_1_854' title='bbox 1323 5725 1365 5755; x_wconf 73' lang='grc'><strong>⁷⁵</strong></span> <span class='ocrx_word' id='word_1_855' title='bbox 1391 5726 1580 5780; x_wconf 65' lang='lat' dir='ltr'><strong>Matth.</strong></span> <span class='ocrx_word' id='word_1_856' title='bbox 1616 5719 1690 5790; x_wconf 80' lang='lat' dir='ltr'><strong>vi,</strong></span> <span class='ocrx_word' id='word_1_857' title='bbox 1713 5725 1803 5780; x_wconf 67' lang='lat'><strong>35.</strong></span> 
     </span>
    </p>
   </div>
   <div class='ocr_carea' id='block_1_110' title="bbox 898 5581 2157 5651">
    <p class='ocr_par' dir='ltr' id='par_1_110' title="bbox 898 5581 2157 5651">
     <span class='ocr_line' id='line_1_111' title="bbox 898 5581 2157 5651; baseline 0.004 -16"><span class='ocrx_word' id='word_1_858' title='bbox 898 5581 946 5651; x_wconf 51' lang='grc' dir='ltr'><strong>ἐ</strong></span> <span class='ocrx_word' id='word_1_859' title='bbox 972 5581 1372 5651; x_wconf 70' lang='lat' dir='ltr'><strong>Psal._r.xxxvr,</strong></span> <span class='ocrx_word' id='word_1_860' title='bbox 1404 5585 1455 5638; x_wconf 93' lang='lat'><strong>7.</strong></span> <span class='ocrx_word' id='word_1_861' title='bbox 1532 5587 1700 5640; x_wconf 74' lang='lat' dir='ltr'><strong>“lsa.</strong></span> <span class='ocrx_word' id='word_1_862' title='bbox 1732 5601 1859 5649; x_wconf 76' lang='lat' dir='ltr'><strong>an,</strong></span> <span class='ocrx_word' id='word_1_863' title='bbox 1881 5585 1936 5638; x_wconf 73' lang='lat'><strong>2.</strong></span> <span class='ocrx_word' id='word_1_864' title='bbox 2016 5586 2056 5618; x_wconf 79' lang='lat'><strong>°&#39;</strong></span> <span class='ocrx_word' id='word_1_865' title='bbox 2089 5586 2157 5640; x_wconf 89' lang='lat' dir='ltr'><strong>Ps</strong></span> 
     </span>
    </p>
   </div>
   <div class='ocr_carea' id='block_1_111' title="bbox 2256 5581 3519 5651">
    <p class='ocr_par' dir='ltr' id='par_1_111' title="bbox 2257 5584 3519 5651">
     <span class='ocr_line' id='line_1_112' title="bbox 2257 5584 3519 5651; baseline -0.002 -10"><span class='ocrx_word' id='word_1_866' title='bbox 2257 5601 2316 5651; x_wconf 87' lang='grc' dir='ltr'><strong>ιι,</strong></span> <span class='ocrx_word' id='word_1_867' title='bbox 2339 5585 2421 5639; x_wconf 89' lang='grc'><strong>10.</strong></span> <span class='ocrx_word' id='word_1_868' title='bbox 2501 5585 2547 5617; x_wconf 81' lang='grc'><strong>⁶²</strong></span> <span class='ocrx_word' id='word_1_869' title='bbox 2575 5586 2757 5642; x_wconf 87' lang='lat' dir='ltr'><strong>Eccle.</strong></span> <span class='ocrx_word' id='word_1_870' title='bbox 2783 5602 2837 5650; x_wconf 73' lang='grc' dir='ltr'><strong>ν,</strong></span> <span class='ocrx_word' id='word_1_871' title='bbox 2867 5586 2957 5640; x_wconf 89' lang='grc'><strong>17.</strong></span> <span class='ocrx_word' id='word_1_872' title='bbox 3033 5587 3078 5619; x_wconf 71' lang='grc'><strong>⁸³</strong></span> <span class='ocrx_word' id='word_1_873' title='bbox 3104 5585 3284 5640; x_wconf 85' lang='lat' dir='ltr'><strong>Eccle.</strong></span> <span class='ocrx_word' id='word_1_874' title='bbox 3311 5600 3408 5644; x_wconf 77' lang='lat' dir='ltr'><strong>vn.</strong></span> <span class='ocrx_word' id='word_1_875' title='bbox 3433 5584 3519 5638; x_wconf 81' lang='grc'><strong>15.</strong></span> 
     </span>
    </p>
   </div>
   <div class='ocr_carea' id='block_1_112' title="bbox 575 5648 2272 5723">
    <p class='ocr_par' dir='ltr' id='par_1_112' title="bbox 575 5648 2272 5723">
     <span class='ocr_line' id='line_1_113' title="bbox 575 5648 2272 5723; baseline 0.006 -23"><span class='ocrx_word' id='word_1_876' title='bbox 575 5651 785 5723; x_wconf 49' lang='lat' dir='ltr'><strong>meo.</strong></span> <span class='ocrx_word' id='word_1_877' title='bbox 812 5649 902 5723; x_wconf 70' lang='lat' dir='ltr'><strong>__‘f</strong></span> <span class='ocrx_word' id='word_1_878' title='bbox 935 5649 1070 5705; x_wconf 91' lang='lat' dir='ltr'><strong>ibid.</strong></span> <span class='ocrx_word' id='word_1_879' title='bbox 1104 5648 1191 5706; x_wconf 71' lang='grc' dir='ltr'><strong>ιδ.</strong></span> <span class='ocrx_word' id='word_1_880' title='bbox 1267 5654 1311 5685; x_wconf 73' lang='grc' dir='ltr'>σε</span> <span class='ocrx_word' id='word_1_881' title='bbox 1341 5648 1532 5709; x_wconf 81' lang='lat' dir='ltr'><strong>Matth.</strong></span> <span class='ocrx_word' id='word_1_882' title='bbox 1558 5655 1747 5720; x_wconf 61' lang='lat' dir='ltr'><strong>mea.</strong></span> <span class='ocrx_word' id='word_1_883' title='bbox 1790 5656 1832 5688; x_wconf 79' lang='grc' dir='ltr'><strong><em>οτ</em></strong></span> <span class='ocrx_word' id='word_1_884' title='bbox 1851 5648 2021 5711; x_wconf 84' lang='lat' dir='ltr'><strong>Prov.</strong></span> <span class='ocrx_word' id='word_1_885' title='bbox 2055 5671 2145 5723; x_wconf 79' lang='lat' dir='ltr'><strong>xv,</strong></span> <span class='ocrx_word' id='word_1_886' title='bbox 2185 5654 2272 5710; x_wconf 67' lang='grc' dir='ltr'>τι).</span> 
     </span>
    </p>
   </div>
   <div class='ocr_carea' id='block_1_113' title="bbox 3591 5580 3780 5633">
    <p class='ocr_par' dir='ltr' id='par_1_113' title="bbox 3591 5580 3780 5633">
     <span class='ocr_line' id='line_1_114' title="bbox 3591 5580 3780 5633; baseline 0.005 -9"><span class='ocrx_word' id='word_1_887' title='bbox 3591 5581 3637 5611; x_wconf 74' lang='grc' dir='ltr'>οδ</span> <span class='ocrx_word' id='word_1_888' title='bbox 3653 5580 3780 5633; x_wconf 78' lang='lat' dir='ltr'><strong>Prcv.</strong></span> 
     </span>
    </p>
   </div>
   <div class='ocr_carea' id='block_1_114' title="bbox 2349 5647 3776 5727">
    <p class='ocr_par' dir='ltr' id='par_1_114' title="bbox 2349 5647 3776 5727">
     <span class='ocr_line' id='line_1_115' title="bbox 2349 5647 3776 5727; baseline -0.008 -15"><span class='ocrx_word' id='word_1_889' title='bbox 2349 5656 2394 5689; x_wconf 81' lang='grc'><strong>⁸⁸</strong></span> <span class='ocrx_word' id='word_1_890' title='bbox 2427 5655 2668 5727; x_wconf 88' lang='lat' dir='ltr'><strong>Philipp.</strong></span> <span class='ocrx_word' id='word_1_891' title='bbox 2695 5672 2755 5722; x_wconf 88' lang='grc' dir='ltr'><strong>ιι,</strong></span> <span class='ocrx_word' id='word_1_892' title='bbox 2786 5647 2875 5712; x_wconf 78' lang='grc'><strong>17.</strong></span> <span class='ocrx_word' id='word_1_893' title='bbox 2953 5657 2997 5689; x_wconf 76' lang='grc'><strong><em>⁸³</em></strong></span> <span class='ocrx_word' id='word_1_894' title='bbox 3031 5656 3192 5712; x_wconf 76' lang='lat' dir='ltr'><strong>Prov.</strong></span> <span class='ocrx_word' id='word_1_895' title='bbox 3219 5669 3309 5724; x_wconf 79' lang='lat' dir='ltr'><strong>xv,</strong></span> <span class='ocrx_word' id='word_1_896' title='bbox 3332 5656 3414 5711; x_wconf 76' lang='grc'><strong>15.</strong></span> <span class='ocrx_word' id='word_1_897' title='bbox 3517 5653 3562 5687; x_wconf 74' lang='grc'><strong>’⁸</strong></span> <span class='ocrx_word' id='word_1_898' title='bbox 3584 5647 3776 5715; x_wconf 81' lang='lat' dir='ltr'><strong>Philipp-</strong></span> 
     </span>
    </p>
   </div>
  </div>
