4042 6446
563 289 700 358 1807

1835 282 2202 344 ANTIOCHI
2242 281 2588 344 MONACHI
2637 293 2663 321 °

563 403 689 462 lpus,
712 407 768 452 et
796 391 1074 466 primitias
1096 390 1232 448 oﬂ‘er
1265 392 1316 446 ei
1342 389 1411 447 de
1441 389 1552 445 tuis
1584 389 1863 446 fructibus
1891 392 2144 464 iustitiae,

2257 394 2462 464 σμονὴν
2485 393 2655 446 σίτου.
2701 411 2723 446 ι
2759 391 2870 446 Καὶ
2898 392 2926 446 ὀ
2953 391 3138 464 νόμος,
3197 410 3216 444 t
3245 391 3358 448 Ούκ
3378 392 3587 471 team.
3611 401 3759 472 λέγων,

565 500 624 549 ut
651 489 992 561 impleantur
1027 487 1228 541 horrea
1261 497 1354 540 tua
1387 485 1666 539 frumento
1683 485 1750 537 ⁸³.
1791 503 1809 535 ι
1841 484 1956 540 Lex
2008 501 2155 556 quo-

561 604 706 659 que:
744 605 761 637 ι
789 585 909 640 Non
932 582 1232 654 apparebis
1255 598 1467 638 vacuus
1492 581 1546 635 in
1569 589 1871 651 conspectu
1900 597 2024 637 meo
2037 582 2104 638 “.
2129 601 2148 634 ι

563 680 665 735 Et:
709 697 726 730 ‹
757 676 1044 734 Primitias
1088 675 1372 732 fructuum
1401 684 1625 730 tuorum
1661 673 1868 730 infcres
1917 676 2153 731 Domino

564 776 676 829 Deo
703 772 879 827 tuo“.
914 791 932 824 ι
983 771 1084 826 Et:
1138 787 1158 821 ι
1200 769 1279 824 Ne
1325 768 1402 822 sis
1458 766 1783 822 incredulus
1811 766 1892 822 ei:
1945 784 2153 824 nomen

561 863 710 917 enim
750 871 906 916 tuum
943 860 1000 914 in
1025 860 1121 914 illo
1151 865 1255 913 est.
1308 856 1591 913 Primitias
1609 872 1752 912 areae
1772 864 1831 912 et
1861 859 2152 914 torcularis

564 971 674 1010 non
708 953 954 1009 tardabis
989 952 1254 1006 reddere:
1290 950 1497 1005 donum
1545 951 1924 1021 primitiarnm
1955 951 2153 1008 oﬂ‘eret

561 1048 681 1102 haec
710 1043 1026 1100 Domino“.
1062 1063 1080 1095 ι
1115 1044 1217 1098 Et:
1267 1061 1286 1094 ι
1317 1041 1540 1099 Oﬂ'eres
1585 1043 1923 1100 sacriﬁcium
1956 1029 2152 1115 primi-

561 1140 805 1193 tivornm
863 1134 1171 1192 tuorum".
1229 1155 1248 1190 ι
1317 1136 1415 1191 Et:
1478 1154 1497 1188 ‹
1530 1137 1862 1192 Placationis
1910 1136 2150 1194 hostiam

561 1230 762 1284 oﬂ‘eret
797 1227 1060 1283 sacerdos
1096 1243 1197 1298 pro
1222 1237 1452 1298 peccato
1484 1244 1608 1295 suo,
1635 1239 1692 1285 et
1742 1230 2028 1286 auferetur
2069 1232 2150 1287 ab

558 1322 711 1377 eo".
751 1339 768 1371 ι
807 1321 1024 1375 Rursus
1061 1337 1073 1372 :
1130 1339 1148 1372 ι
1186 1321 1254 1374 Ει
1282 1320 1609 1377 obtulerunt
1671 1323 1954 1394 principes
2003 1325 2149 1380 dona

559 1429 660 1468 sua
711 1422 840 1467 ante
890 1413 1064 1468 altare
1085 1412 1154 1470 θ’.
1195 1431 1213 1464 ι
1261 1413 1546 1469 Ezechiel:
1602 1433 1620 1466 ι
1661 1415 1854 1472 Omnis
1910 1418 2150 1489 populus

559 1506 1016 1576 dabitprimitias
1061 1507 1114 1562 ei
1145 1507 1242 1578 qui
1295 1508 1564 1579 prasidet
1585 1510 1654 1565 θ’.
1697 1530 1715 1562 ι
1763 1512 1996 1583 Propter
2044 1513 2149 1569 hoc

558 1601 764 1656 Tobias
786 1599 1043 1656 dicebat:
1075 1621 1092 1654 ι
1124 1601 1408 1658 Primitias
1430 1602 1645 1658 fetuum
1676 1620 1926 1661 meorum
1947 1606 2147 1663 dabam

557 1694 946 1749 sacerdotibus
976 1704 1107 1748 ante
1139 1695 1313 1750 altare
1331 1697 1401 1751 ⁹¹.
1430 1713 1449 1748 ι
1484 1695 1675 1754 Alius:
1711 1717 1730 1750 ι
1763 1697 1885 1753 Νοιι
1915 1715 2147 1770 appare-

556 1785 648 1841 bis
678 1786 736 1840 in
761 1796 1064 1856 conspectu
1095 1802 1220 1842 meo
1248 1789 1540 1842 vacuus".
1578 1806 1597 1839 ι
1634 1789 1762 1845 Haec
1785 1791 1936 1845 enim
1959 1793 2144 1847 omnia

555 1887 786 1949 propter
806 1879 1126 1934 mandatum
1152 1880 1221 1936 da
1246 1880 1713 1953 Altiss-imojuxta
1731 1883 1922 1938 datum
1946 1885 2142 1954 ipsius,

554 1979 612 2025 et
642 1971 1029 2041 multipliciter
1061 1971 1336 2027 retribuet
1366 1973 1491 2028 tibi.
1528 1975 1588 2029 In
1623 1974 1774 2030 bono
1811 1975 1975 2030 oculo
2029 1975 2146 2046 glo-

553 2063 710 2119 riﬂca
753 2064 950 2130 Deum,
1006 2072 1064 2119 et
1119 2080 1191 2120 ne
1245 2066 1545 2122 imminuas
1586 2067 1831 2122 decimas
1878 2083 2143 2123 manuum

556 2166 798 2211 tuarum.
826 2155 884 2210 In
918 2157 1073 2212 omni
1120 2158 1249 2214 dato
1277 2158 1512 2213 hilarem
1568 2159 1656 2215 fac
1703 2161 1919 2214 vultum
1961 2169 2140 2227 tuum,

555 2250 686 2318 quia
719 2249 932 2303 oblatio
953 2249 1090 2321 justi
1114 2250 1423 2322 impinguat
1455 2253 1651 2308 altare.
1687 2253 1796 2309 Sed
1830 2263 1888 2310 et
1937 2271 2146 2325 prace-

523 2338 634 2409 lpti
662 2340 829 2394 istius
871 2339 1174 2395 observans
1228 2341 1434 2397 David:
1469 2362 1486 2395 ι
1523 2345 1773 2400 lnlroibo
1819 2346 1876 2400 in
1917 2345 2144 2402 domum

514 2433 799 2486 .tuam-in
833 2431 1203 2500 holocaustis,
1240 2434 1470 2490 reddam
1523 2437 1627 2492 tibi
1673 2448 1800 2494 vota
1853 2454 1979 2495 mea
2023 2455 2146 2510 quae

553 2524 938 2580 distinxerunt
963 2516 1110 2580 labia
1145 2542 1286 2582 mea.
1325 2528 1659 2585 llolocausta
1678 2530 1980 2587 medullata
2003 2531 2144 2586 οπο-

551 2618 817 2673 ram-tibi
848 2633 995 2672 ~cum
1035 2618 1269 2675 incenso
1324 2629 1379 2675 et
1436 2622 1728 2687 arietibus,
1766 2623 1998 2679 oﬂ‘eram
2045 2623 2144 2679 tibi

550 2711 732 2765 boves
771 2726 899 2766 cum
949 2711 1212 2766 hircis”.
1243 2731 1261 2763 ι
1316 2711 1468 2768 Idem
1519 2713 1832 2770 hortatorio
1885 2731 2145 2772 sermone

553 2789 697 2858 alios
721 2803 1098 2858 submonens:
1124 2822 1143 2855 ι
1168 2802 1380 2859 Aﬂ‘erte
1412 2805 1788 2874 Domino,'lilii
1812 2809 1929 2872 Dei,
1951 2809 2145 2864 all'erte

555 2893 790 2948 Domino
822 2894 968 2949 ﬁlios
1022 2894 1343 2951 arietum”.
1387 2915 1406 2949 ι
1443 2926 1513 2937 -
1547 2915 1567 2950 ι
1605 2898 1808 2954 Tollite
1849 2901 2062 2956 hostias
2091 2909 2148 2957 et

556 2987 789 3040 introite
825 2986 880 3041 in
908 2987 1052 3042 atria
1089 2989 1294 3060 ejus".
1329 3008 1348 3042 ι
1390 2989 1496 3046 Et:
1529 3010 1548 3044 ι
1584 2992 1792 3048 Vovete
1831 3001 1888 3048 et
1928 2994 2146 3049 reddite

2257 483 2487 540 ἐνώπιόν
2521 501 2622 556 μου
2653 484 2863 549 κενός.»
2897 512 2963 525 —-
2993 485 3132 548 «Τὰς
3164 485 3414 557 ἀπαρχὰς
3431 487 3528 543 τῶν
3549 500 3764 565 Tam-3M.

2254 595 2364 632 των
2395 593 2488 631 σου
2522 575 2694 640 οἴσεις
2719 577 2800 638 είς
2826 572 2977 630 οἷκον
3004 576 3212 647 Κυρίου
3234 578 3328 630 τοῦ
3339 578 3468 632 Θεοῦ
3497 598 3598 637 σον.
3623 603 3640 638 ι
3666 587 3765 656 Καὶ,

2261 688 2280 722 ‹
2319 669 2412 740 Μὴ
2458 669 2678 723 ἀπείθει
2740 669 2932 741 αύτῷ·’
2973 670 3035 723 τὸ
3079 671 3190 741 γὰρ
3245 670 3413 742 ὄνομα
3443 689 3528 726 σου
3563 677 3683 731 ἐστὶν
3704 683 3767 735 ἐπ’

2255 760 2426 832 αὐτῷ.
2471 759 2752 831 Ἀπαρχὴν
2809 753 3016 824 ἅλωνος
3047 761 3141 814 καὶ
3171 760 3359 829 ληνοῦ,
3404 763 3460 816 οὺ
3490 765 3770 842 καθυστερή-

2257 869 2392 916 σεις.
2421 853 2602 925 Δῶρον
2670 853 2930 924 ἀπαρχῆς
2980 852 3335 924 προσοίσεται
3375 855 3509 908 αὐτὰ
3560 857 3769 931 Κυρίῳ.»

2255 946 2386 1012 Καὶ,
2409 965 2429 999 ι
2455 946 2778 1016 Προσοίσεις
2811 946 3007 998 θυσίαν
3031 945 3140 998 τῶν
3169 949 3612 1018 προγεννημάτων
3641 969 3734 1005 σοιν
3757 972 3770 1005 ι

2255 1037 2388 1102 Καὶ,
2426 1056 2446 1089 ι
2494 1037 2833 1103 Ἐξιλάσεται
2863 1038 2891 1090 ὀ
2928 1038 3108 1108 ἱερεὺς
3152 1038 3282 1108 περὶ
3301 1038 3398 1106 τῆς
3436 1041 3681 1112 ἁμαρτίας
3705 1047 3778 1098 αὖ.

2253 1132 2371 1196 τοῦ,
2432 1132 2526 1185 καὶ
2555 1131 2893 1201 ἀφεθήσεται
2943 1129 3116 1201 αὐτῷ.
3151 1149 3171 1182 ι
3233 1130 3342 1184 Καὶ
3373 1126 3547 1197 αὖθις,
3596 1152 3613 1185 ι
3643 1137 3778 1206 Προσ.

2254 1227 2514 1298 ἡνεγκαν,
2534 1225 2722 1296 φησιν,
2748 1226 2799 1278 oi
2826 1224 3088 1296 ἄρχοντες
3114 1223 3185 1276 τὰ
3199 1222 3348 1294 δῶρα
3372 1224 3546 1277 αὐτῶν
3571 1227 3778 1282 ἀπέναντι

2251 1318 2346 1372 τοῦ
2373 1317 2789 1389 θυσιαστηρίου.
2820 1335 2839 1370 ι
2885 1317 3050 1386 Λέγει
3091 1316 3149 1371 δὲ
3176 1315 3272 1371 καὶ
3310 1315 3565 1388 Ἰεζεκιήλ
3585 1333 3599 1346 ο
3650 1337 3666 1370 ι
3697 1321 3779 1385 Ili;

2251 1413 2281 1465 ὀ
2311 1411 2440 1474 λαὸς
2489 1409 2652 1463 δώσει
2684 1411 2784 1480 τὴν
2832 1408 3092 1480 ἀπαρχὴν
3149 1407 3228 1480 τῷ
3260 1408 3632 1480 ἀφηγουμένῳ.
3667 1430 3684 1463 ι
3708 1414 3779 1467 Διὰ

2251 1505 2410 1560 τοῦτο
2440 1505 2534 1558 καὶ
2561 1507 2590 1558 ὁ
2635 1504 2852 1567 Τωϐίας
2903 1501 3142 1571 ἔφασκεν
3169 1518 3184 1533 ·
3233 1520 3253 1553 ι
3289 1501 3401 1566 Τὰς
3449 1503 3679 1573 ἀπαρχὰς
3701 1504 3779 1557 τῶν

2251 1599 2608 1670 γεννημάτων
2659 1613 2761 1667 μου
2795 1596 3000 1650 ἐδίδουν
3051 1597 3167 1659 τοῖς
3199 1595 3410 1666 ἱερεῦσι
3451 1596 3524 1659 εἰς
3551 1597 3607 1649 τὸ
3634 1596 3779 1651 θυσια·

2253 1695 2498 1764 στήριον.
2527 1699 2555 1742 τ
2592 1691 2703 1744 Καὶ
2723 1688 2912 1754 ἄλλος’
2957 1709 2973 1741 ι
2999 1689 3092 1758 Μὴ
3118 1688 3338 1759 ὀφθήσῃ
3373 1685 3592 1741 ἐνώπιον
3621 1690 3781 1758 Κυρίου

2250 1785 2424 1849 κενός.
2459 1804 2478 1836 ι
2535 1781 2725 1838 Ταῦτα
2757 1782 2866 1852 γὰρ
2915 1781 3094 1835 πάντα
3126 1782 3288 1852 χάριν
3313 1779 3532 1850 ἐντολῆς
3556 1779 3634 1844 δὸς
3666 1781 3786 1852 Ὑψε.

2249 1897 2362 1952 στῳ
2382 1897 2396 1910 ν
2430 1879 2526 1933 καὶ
2554 1878 2699 1933 κατὰ
2720 1876 2818 1948 τὴν
2856 1873 3005 1928 δόσιν
3029 1872 3195 1928 αὐτοῦ
3221 1915 3236 1939 ,
3285 1879 3386 1927 καὶ
3435 1875 3783 1929 ἑπταπλασίονα

2247 1970 2624 2027 ἀνταποδώσει
2667 1986 2768 2024 σοι.
2815 1968 2904 2022 Ἐν
2943 1965 3215 2038 ὀφθαλμῷ
3248 1965 3445 2037 ἀγαθῷ
3489 1967 3691 2033 δόξασαν
3719 1968 3785 2023 τω

2247 2067 2380 2121 Θεόν
2402 2083 2416 2098 ·
2451 2065 2544 2120 καὶ
2576 2065 2654 2134 μὴ
2687 2060 2994 2134 σμικρύνῃς
3033 2059 3292 2131 ἀπαρχὴν
3330 2059 3532 2129 χειρῶν
3577 2076 3678 2113 σου.
3722 2060 3785 2114 Ἑν

2247 2154 2400 2224 πάσῃ
2424 2153 2567 2206 δόσει
2595 2152 2864 2222 ίλάρωσον
2895 2149 2953 2202 τὸ
2989 2148 3284 2219 πρόσωπόν
3308 2165 3428 2212 σου,
3456 2148 3535 2201 ὅτι
3555 2150 3788 2221 προσφορὰ

2247 2245 2459 2299 δικαίου
2507 2245 2746 2300 λιπαίνει
2803 2245 3212 2317 θυσιαστήριον.
3274 2245 3335 2299 ὐ
3371 2246 3429 2300 δὲ
3481 2248 3788 2315 ὲντολοφύλαξ

2249 2337 2438 2404 Δαυῒδ,
2505 2355 2524 2390 ι
2559 2337 2953 2409 Είσελεύσομαι
2982 2342 3064 2404 είς
3111 2340 3202 2395 τὸν
3250 2336 3408 2394 οἶκόν
3437 2358 3550 2406 σου,
3599 2343 3790 2411 φησὶ,ὲν

2247 2429 2695 2499 ὁλοκαυτώμασιν
2753 2429 3022 2485 ἀποδώσω
3077 2449 3161 2486 σοι
3213 2431 3315 2496 τὰς
3370 2433 3537 2502 εὐχάς
3584 2450 3707 2501 μου,
3743 2431 3792 2495 ἃς

2244 2524 2541 2578 διέστειλεν
2569 2523 2638 2578 τὰ
2663 2525 2816 2596 χείλη
2855 2541 2982 2596 μου.
3044 2523 3511 2594 Ὅλοκαυτὼματα
3553 2524 3792 2596 papas)»-

2251 2617 2389 2690 μένα
2410 2617 2612 2672 ἀνοίσω
2633 2634 2738 2682 σοι,
2761 2615 2902 2687 μετὰ
2919 2617 3266 2688 θυμιάματος
3307 2618 3406 2669 καὶ
3429 2616 3594 2689 κριῶν
3611 2634 3622 2644 ·
3639 2615 3793 2669 ἁνοίσω

2251 2727 2334 2764 σοι
2387 2710 2515 2782 βόας
2565 2710 2705 2781 μετὰ
2730 2709 3072 2781 χειμάρρων.
3111 2728 3130 2761 ι
3173 2709 3284 2764 Καὶ
3336 2709 3498 2773 ἄλλος
3526 2709 3582 2762 δὲ
3607 2725 3794 2779 προτρεο

2245 2803 2433 2874 πτικῷ
2485 2802 2630 2873 λύγῳ
2658 2819 2672 2834 ο
2713 2821 2740 2853 ί
2790 2803 3086 2872 Ἐνέγκατε
3135 2799 3215 2871 τῷ
3247 2801 3469 2872 Κυρίῳ,
3502 2802 3605 2855 υἱοὶ
3658 2799 3792 2852 Θεοῦ·

2246 2895 2513 2962 ἐνέγκατε
2559 2894 2637 2965 τῷ
2681 2895 2875 2966 Κυρίῳ
2932 2893 3084 2957 υίοὺς
3129 2892 3326 2964 κριῶν.
3382 2895 3585 2962 Ἀρατε
3628 2891 3796 2957 Θυσίας,

2249 2989 2344 3042 καὶ
2374 2987 2764 3060 είσπορεύεσθε
2797 2989 2876 3050 είς
2902 2985 3001 3050 τὰς
3034 2985 3206 3050 αὐλὰς
3248 2985 3443 3040 αὐτοῦ.
3473 3004 3493 3038 ι
3525 2985 3646 3051 Καὶ,
3682 3003 3699 3036 ι
3721 2981 3794 3037 Εὖ·

559 3078 797 3134 Domino
821 3079 937 3134 Deo
984 3088 1200 3135 nostro.
1253 3081 1460 3136 Omnes
1494 3083 1589 3152 qui
1643 3083 1699 3138 in
1751 3084 1991 3140 circuitu
2027 3088 2144 3158 ejus

2253 3080 2416 3147 ξασθε
2451 3081 2546 3134 καὶ
2577 3079 2804 3133 ἀπόδοτε
2833 3078 3022 3150 Κυρίῳ
3079 3077 3157 3149 τῷ
3189 3078 3309 3148 Θεῷ
3335 3078 3519 3149 ἡμῶν.
3541 3097 3562 3131 ι
3602 3077 3700 3132 Καὶ
3721 3075 3800 3132 πά-

558 3169 798 3225 al'ferent
831 3172 1146 3237 munera",
1180 3191 1198 3224 ι
1237 3173 1348 3229 hoc
1388 3181 1494 3237 est,
1527 3174 1624 3244 qui
1672 3177 1902 3246 propius
1941 3178 2150 3234 adeunt

555 3263 736 3318 illum.
765 3262 1120 3334 Apostoluszc
1156 3265 1226 3321 Ut
1260 3265 1365 3320 sim
1398 3266 1653 3322 minister
1693 3268 1823 3324 Jesu
1857 3269 2063 3326 Christi
2088 3272 2146 3327 in

557 3364 751 3426 gentes
782 3355 1179 3411 administrans
1202 3357 1562 3428 Evangelium
1587 3360 1707 3426 Dei,
1734 3368 1794 3415 ut
1829 3362 2145 3421 liatoblalio

556 3447 805 3517 gentium
889 3448 1250 3517 acceptabilis
1289 3489 1305 3515 ,
1378 3451 1724 3507 sanctificata
1792 3454 1852 3508 in
1925 3455 2146 3526 Spiritu

556 3547 748 3593 sancto
761 3539 830 3593 ’⁷.
867 3556 886 3590 ι
915 3539 1130 3609 Itaque,
1155 3549 1217 3596 ut
1259 3542 1372 3597 dixi
1401 3581 1416 3607 ,
1458 3545 1626 3600 homo
1655 3547 1841 3602 omnis
1873 3548 2146 3616 primitias

556 3646 620 3686 ac
649 3631 899 3688 decimas
938 3632 1144 3688 oﬂ‘erre
1182 3633 1609 3694 debetDomino
1654 3639 1796 3695 Deo:
1836 3656 1940 3696 nec
1995 3643 2144 3700 ullus

555 3731 642 3778 est
677 3723 772 3794 qui
804 3733 1108 3795 praetexere
1137 3728 1390 3797 possitac
1419 3730 1563 3785 tueri
1599 3746 1658 3787 se
1698 3733 1971 3790 velamine
2001 3752 2142 3807 pau-

551 3814 810 3885 pertatis.
841 3815 1016 3872 Nemo
1055 3817 1203 3872 enim
1243 3818 1412 3874 vidua
1459 3821 1550 3877 illa
1585 3825 1888 3894 pauperior
1927 3828 2142 3898 uspiam

492 3910 497 3915 '
553 3906 858 3973 invenitur,
886 3923 1010 3978 qua:
1039 3908 1149 3964 duo
1181 3911 1395 3966 minuta
1417 3913 1676 3969 obtulit”
1703 3934 1716 3970 :
1756 3919 1974 3975 caeteris
2003 3921 2144 3976 alio-

553 3998 649 4068 qui
684 3999 947 4056 omnibus
973 4003 1302 4074 ampliorem
1335 4008 1531 4061 retulit
1565 4010 1824 4079 gratiam.
1860 4011 2144 4084 Prazcipue

546 4099 742 4145 autem
782 4092 1043 4146 monachi
1081 4089 1286 4150 offerre
1331 4095 1446 4151 Deo
1496 4097 1704 4154 debent
1759 4101 2036 4172 primitias
2088 4113 2146 4162 et

553 4181 826 4238 decimas:
847 4183 1060 4255 1225
1072 4201 1174 4240 nec
1188 4202 1281 4242 eas
1292 4188 1456 4243 modo
1470 4206 1592 4260 quae
1610 4191 1667 4246 in
1688 4195 1995 4266 conspicuo
2014 4205 2145 4252 sunt

551 4287 618 4328 ac
639 4275 924 4345 pr0palam
975 4277 1260 4345 videntur,
1298 4279 1405 4335 hoc
1425 4290 1532 4348 est,
1564 4298 1633 4338 ex
1661 4285 1728 4339 iis
1763 4301 1886 4356 quae
1903 4287 2141 4344 aliorum

552 4381 788 4421 munere
811 4367 956 4438 ipsis
985 4367 1424 4438 distribuuntur,
1456 4383 1554 4428 aut
1580 4389 1650 4428 ex
1675 4391 1844 4446 opere
1875 4393 2140 4434 manuum

546 4457 816 4512 resiliunt
853 4461 1188 4518 commoda:
1249 4463 1349 4519 sed
1407 4475 1466 4520 et
1523 4466 1844 4536 spirituales
1905 4471 2138 4541 hostias,

487 4550 492 4561 ‘
552 4558 650 4604 aut
686 4564 923 4619 quarum
941 4552 1224 4609 oblatione
1255 4555 1461 4626 gaudet
1495 4564 1648 4613 tanto
1673 4574 1787 4630 prae
1815 4561 1928 4618 illis
1973 4564 2140 4620 Deus.

551 4638 706 4694 Olfer
735 4648 922 4696 totum
946 4652 1000 4698 te
1033 4645 1146 4700 Deo
1177 4645 1238 4700 'in
1267 4645 1655 4705 holocaustum
1686 4668 1787 4723 per
1814 4670 1966 4709 aram
2011 4671 2144 4712 con-

555 4731 818 4788 fessionis
850 4744 906 4790 et
931 4735 1322 4808 lacrymarum.
1356 4738 1414 4794 ld
1443 4743 1596 4812 quod
1623 4745 1944 4803 subindicat
1966 4750 2138 4805 illud:

557 4843 578 4878 ι
612 4824 791 4881 Boves
819 4843 946 4882 cum
980 4829 1155 4886 hircis
1174 4835 1218 4866 9°
1249 4851 1263 4887 :
1308 4851 1329 4887 ι
1371 4836 1573 4892 comite
1601 4837 1830 4907 quidem
1864 4843 2137 4911 oratione,

549 4916 646 4972 sed
676 4934 800 4988 qua:
843 4921 1062 4978 sincera
1108 4913 1180 4980 Sit
1210 4942 1224 4980 :
1256 4935 1312 4981 et
1369 4927 1490 4984 haec
1540 4933 1867 5001 evaporatio
1909 4943 1996 4990 est
2021 4937 2136 4990 fra-

548 5011 762 5078 grantis
791 5011 1024 5069 incensi.
1063 5014 1215 5071 Oll‘er
1249 5018 1302 5074 ei
1333 5022 1580 5090 pectoris
1625 5024 1705 5079 tui
1736 5033 1954 5095 partem
2008 5029 2140 5084 inti-

549 5115 719 5170 mam,
757 5103 910 5162 illam
962 5108 1228 5165 nimirum
1293 5127 1414 5183 quae
1456 5125 1650 5185 suapte
1707 5126 1906 5175 natura
1951 5131 2036 5178 est
2068 5122 2137 5179 ad

552 5193 896 5252 iracundiam
951 5201 1275 5270 proclivior.
1319 5200 1472 5260 Oﬂ'er
1499 5207 1643 5265 duos
1683 5227 1865 5280 renes,
1918 5223 2136 5287 tempe-

546 5284 786 5340 rantiam
818 5287 1107 5359 videlicet;
1135 5302 1302 5364 caput
1344 5294 1480 5351 item
1511 5312 1636 5352 cum
1670 5300 1928 5369 pedibus,
1981 5284 2136 5360 men-

548 5381 662 5431 tem
721 5393 920 5452 nempe
973 5384 1172 5441 animae
1216 5388 1529 5458 portionem
1594 5392 1974 5464 primiceriam
2024 5415 2134 5457 una

614 5537 664 5572 ⁸³
691 5538 854 5613 Deut.
876 5554 978 5603 xu,
1003 5541 1058 5596 6.
1133 5541 1180 5613 9⁸
1204 5543 1378 5601 Exod.
1427 5562 1586 5613 nm,
1619 5548 1708 5604 l5.

1821 5551 1867 5584 ⁸⁵
1897 5552 2034 5608 ibid.
2071 5559 2159 5616 19.

2253 3175 2336 3227 λιν
2357 3213 2372 3238 ,
2405 3191 2424 3225 ι
2462 3168 2669 3237 Πάντες
2701 3174 2750 3229 oi
2789 3173 2973 3244 κύκλῳ
2996 3172 3162 3226 αὐτοῦ
3194 3171 3408 3226 οἴσουσι
3443 3171 3607 3242 δῶρα.
3632 3190 3650 3222 ι
3675 3186 3798 3224 τουτ-

2243 3267 2399 3320 έστιν
2426 3267 2476 3319 οί
2533 3264 2849 3334 ἐγγίζοντες
2885 3263 3054 3333 αὐτῷ.
3091 3282 3111 3314 ι
3147 3264 3259 3317 Καὶ
3301 3266 3332 3316 ὁ
3378 3261 3688 3324 Ἀπόστολός
3719 3277 3798 3331 φη-

2250 3378 2356 3425 σιν,
2387 3361 2482 3422 Εἰς
2511 3359 2572 3411 τὸ
2618 3375 2637 3407 ε
2672 3353 2811 3411 εἷναί
2849 3373 2916 3427 με
2946 3354 3459 3426 λειτουργὺνῚησοῦ
3486 3353 3724 3423 Χριστοῦ,
3741 3354 3797 3414 είς

2245 3451 2318 3506 τὰ
2339 3451 2466 3521 ἔθνη
2499 3450 2891 3521 ἱερουργοῦντα
2935 3449 2997 3502 τὸ
3028 3449 3368 3517 Εὐαγγέλιον
3422 3447 3514 3501 τοῦ
3553 3445 3708 3510 Θεοῦ,
3734 3445 3800 3500 ίνα

2249 3544 2476 3613 γένηται
2551 3543 2585 3613 ἠ
2653 3541 2940 3612 προσφορὰ
3004 3540 3116 3595 τῶν
3182 3539 3361 3595 ὲθνῶν
3427 3539 3800 3611 εὐπρόσδεκτος,

2250 3635 2557 3706 ἡγιασμένη
2592 3636 2649 3687 ὲν
2673 3633 2971 3704 Πνεύματι.
3005 3652 3024 3685 ι
3053 3632 3263 3695 Πάντες
3293 3630 3400 3702 μὲν
3435 3631 3528 3684 οὖν
3557 3632 3603 3684 οἱ
3630 3627 3802 3698 ἄνθρωο

2251 3743 2365 3791 ποι,
2389 3726 2465 3788 ὡς
2511 3725 2666 3795 ἔφην,
2719 3721 3106 3795 χρεωστοῦμεν
3135 3723 3398 3794 ἀπαρχὰς
3455 3722 3552 3775 καὶ
3604 3720 3801 3778 δεκάτας

2251 3817 2582 3888 προσφέρειν
2625 3815 2703 3885 τῷ
2755 3813 2908 3885 Θεῷο
2941 3816 3034 3868 καὶ
3075 3814 3268 3884 μηδεὶς
3318 3812 3677 3884 προδαλέσθω
3725 3826 3801 3863 πε-

2249 3910 2388 3964 νίαν.
2405 3910 2482 3964 Ub
2506 3908 2614 3980 γὰρ
2637 3908 2951 3979 εὑρίσκεται
2974 3911 3323 3978 πτωχότερος
3349 3907 3450 3977 τῆς
3470 3907 3538 3959 τὰ
3565 3906 3651 3959 δύο
3664 3902 3802 3956 λεπτά

2249 4004 2727 4076 προσενεγκούσης
2784 4005 2982 4074 χήρας,
3042 4002 3140 4056 καὶ
3189 4001 3365 4054 πλείω
3414 4003 3630 4055 πάντων
3662 4012 3800 4070 προσ-

2238 4097 2550 4168 δεχθείσης.
2571 4097 2898 4168 Ἐξαιρέτως
2929 4095 3010 4159 δὲ,
3039 4093 3089 4147 οἱ
3135 4096 3365 4165 μοναχοὶ
3399 4090 3672 4164 χρεῶσταί
3692 4091 3803 4142 εἰσιν

2248 4191 2583 4262 προσφέρειν
2608 4188 2686 4261 τῷ
2705 4189 2824 4261 Θεῷ
2848 4189 3126 4259 ἀπαρχὰς,
3170 4187 3264 4240 καὶ
3292 4187 3554 4249 δεκάτας,
3583 4183 3643 4237 ού
3673 4182 3799 4253 μόνον

2246 4283 2343 4348 τὰς
2388 4282 2721 4353 φαινομένας
2763 4280 2988 4344 ταύτας,
3023 4279 3328 4343 τουτέστιν,
3379 4278 3441 4344 ἐξ
3463 4270 3539 4330 ὧν
3566 4275 3655 4330 καὶ
3678 4272 3799 4326 αὐτοὶ

2246 4374 2355 4429 ἀπὸ
2385 4373 2561 4428 ἄλλων
2598 4373 3034 4442 οίκονομοῦνται,
3064 4371 3156 4424 καὶ
3179 4371 3243 4422 ὲκ
3269 4368 3368 4421 τοῦ
3401 4368 3565 4438 ἔργου
3587 4365 3685 4419 τῶν
3709 4377 3796 4432 χει-

2252 4466 2381 4537 ρῶν,
2410 4465 2549 4519 ἀλλὰ
2583 4465 2964 4535 πνευματικὰς
3001 4463 3216 4526 θυσίας,
3242 4457 3332 4524 αἷς
3365 4463 3465 4513 καὶ
3499 4458 3686 4528 μᾶλλον
3707 4453 3797 4524 χαῖ-

2251 4576 2332 4631 ρει
2359 4559 2387 4612 ὁ
2415 4558 2548 4622 Θεός
2567 4573 2581 4588 ·
2619 4556 2996 4609 ὁλοκαύτωσον
3031 4552 3258 4608 σεαυτὸν
3315 4551 3445 4604 ὅλον
3476 4549 3554 4618 τῷ
3579 4545 3705 4616 Θεῷ,
3729 4543 3794 4595 διὰ

2249 4648 2447 4721 βωμῶν
2474 4647 2918 4720 ὲξομολογήσεως
2950 4645 3047 4700 καὶ
3076 4642 3351 4714 δακρύων,
3386 4644 3532 4712 ὅπερ
3562 4635 3795 4709 σημαίνει,

2253 4763 2271 4795 ε
2301 4744 2438 4807 Βόας
2477 4741 2616 4814 μετὰ
2648 4742 2987 4813 χειμάρρων.
3026 4756 3046 4790 ι
3089 4736 3190 4791 Διά
3217 4735 3475 4807 καθαρᾶς
3510 4727 3794 4804 προσευχῆς.

2241 4839 2380 4909 ὅπερ
2414 4837 2564 4891 ἐστὶν
2593 4837 2654 4888 τὸ
2699 4835 2972 4906 θυμίαμα,
3007 4831 3375 4904 προσένεγκαι
3415 4827 3570 4897 αύτῷ
3599 4825 3656 4879 τὸ

2248 4932 2452 5004 θήνιον,
2479 4929 2538 4984 τὸ
2567 4930 2819 5000 θυμικὸν,
2870 4926 2966 4980 καὶ
3005 4925 3096 4978 τὸν
3140 4921 3300 4976 λοὸδν
3349 4919 3448 4975 τοῦ
3493 4919 3708 4990 ἥπατος,
3751 4909 3792 4962 τδ

2247 5023 2669 5095 ἐπιθυμητικὸν,
2726 5022 2820 5074 καὶ
2858 5021 2986 5083 τοὺς
3011 5019 3106 5072 δύο
3160 5015 3418 5089 νεφροὺς,
3470 5013 3570 5085 τὴν
3621 5021 3790 5105 σωφρο-

2251 5118 2416 5190 σύνην
2440 5135 2453 5148 ·
2509 5115 2751 5186 κεφαλὴν
2787 5116 2883 5168 σὺν
2907 5115 3020 5176 τοῖς
3052 5111 3236 5176 ποσὶν,
3284 5110 3377 5164 τὸν
3415 5105 3657 5179 ἡγεμόνα
3700 5111 3791 5153 ww

2252 5212 2348 5265 σὺν
2378 5213 2500 5275 ταῖς
2533 5209 2800 5280 πράξεσιν
2827 5208 2928 5278 τῆς
2953 5207 3034 5271 είς
3063 5204 3211 5276 ζωὴν
3242 5201 3524 5274 φερούσης
3550 5197 3680 5253 ὁδοῦ.
3708 5191 3791 5245 lli-

2249 5322 2349 5359 σαν
2368 5303 2601 5369 ἔννοιαν,
2633 5303 2815 5356 πᾶσαν
2843 5300 3063 5372 πρᾶξιν,
3094 5298 3190 5352 καὶ
3218 5297 3458 5366 κίνησιν,
3491 5292 3584 5346 καὶ
3603 5281 3793 5355 θεωρίαν

2246 5395 2446 5453 ἁνάθου
2469 5395 2546 5467 τῷ
2566 5395 2686 5468 Θεῷ
2719 5396 2778 5452 ὲν
2811 5395 3084 5466 πνεύματι
3129 5389 3583 5462 συντετριμμένῳ
3611 5383 3696 5437 καὶ
3723 5391 3793 5428 τε·

2234 5556 2281 5589 “
2305 5555 2480 5611 Exod.
2524 5571 2659 5621 χχιι,
2688 5527 2779 5612 29.
2896 5554 2940 5586 ⁸⁷
2963 5553 3133 5608 Exod.
3152 5569 3241 5609 xm
3260 5596 3274 5617 ,
3319 5553 3405 5607 1%.
3483 5548 3528 5581 ⁸⁸
3552 5549 3711 5621 Levit.
3736 5563 3792 5621 tv.

541 5608 635 5664 26.
709 5608 942 5693 "_Num‘.
959 5612 1178 5693 111,10.
1256 5617 1320 5693 ὀ.
1343 5617 1544 5693 Ezech.
1570 5608 1692 5693 an,
1724 5620 1811 5676 16.
1882 5626 1924 5656 ⁹¹
1952 5608 2144 5681 Τοὶιξῖ.

2306 5608 2852 5690 al"lilitod.itum,lii.
2929 5623 2971 5656 ’³
3007 5627 3151 5682 Psal.
3185 5608 3307 5688 ωιτν,
3338 5624 3422 5688 15,
3458 5623 3538 5676 15·
3611 5617 3790 5693 ⁹Ὕ⁵²ί⁸

545 5681 810 5766 _xxvm_,_l.
888 5681 932 5714 θ’
959 5683 1100 5738 Psal.
1137 5699 1260 5752 xcv,
1291 5686 1344 5743 8.
1421 5689 1468 5722 "
1491 5689 1632 5745 Psal.
1662 5681 1822 5760 Lxxv,
1852 5695 1942 5750 ιε.
2019 5696 2062 5728 ⁸⁷
2091 5698 2144 5754 Ριι

2248 5744 2250 5752 .
2283 5681 2502 5766 xv,il6;
2533 5698 2549 5752 l
2584 5681 2783 5753 Thess.
2823 5712 2900 5763 ιιι,
2925 5695 2978 5751 2.
3009 5681 3013 5682 ί
3057 5696 3260 5752 "Luc.
3288 5681 3546 5763 inge—4.
3616 5686 3785 5744 "Psal-

545 5763 670 5818 va,
697 5751 785 5806 15.
