  <div class='ocr_page' id='page_1' title='image "/cluster/home/n/w/nwhite01/storage/ocr_20150623/89/coo.31924054869932/920.png"; bbox 0 0 4042 6494; ppageno 0'>
   <div class='ocr_carea' id='block_1_1' title="bbox 337 468 475 536">
    <p class='ocr_par' dir='ltr' id='par_1_1' title="bbox 337 468 475 536">
     <span class='ocr_line' id='line_1_1' title="bbox 337 468 475 536; baseline -0.007 0"><span class='ocrx_word' id='word_1_1' title='bbox 337 468 475 536; x_wconf 78' lang='grc'><strong>1809</strong></span> 
     </span>
    </p>
   </div>
   <div class='ocr_carea' id='block_1_2' title="bbox 1263 468 2709 532">
    <p class='ocr_par' dir='ltr' id='par_1_2' title="bbox 1263 468 2709 532">
     <span class='ocr_line' id='line_1_2' title="bbox 1263 468 2709 532; baseline -0.002 -1"><span class='ocrx_word' id='word_1_2' title='bbox 1263 470 1592 531; x_wconf 77' lang='lat' dir='ltr'><strong>HOMILIA</strong></span> <span class='ocrx_word' id='word_1_3' title='bbox 1632 470 1839 532; x_wconf 82' lang='lat' dir='ltr'>CXXI.</span> <span class='ocrx_word' id='word_1_4' title='bbox 1861 494 1930 505; x_wconf 88' lang='grc'><strong>-·</strong></span> <span class='ocrx_word' id='word_1_5' title='bbox 1959 469 2067 531; x_wconf 79' lang='grc' dir='ltr'>ΒΕ</span> <span class='ocrx_word' id='word_1_6' title='bbox 2099 468 2709 530; x_wconf 76' lang='lat' dir='ltr'><strong>PROPlTIATIONE.</strong></span> 
     </span>
    </p>
   </div>
   <div class='ocr_carea' id='block_1_3' title="bbox 3458 463 3596 530">
    <p class='ocr_par' dir='ltr' id='par_1_3' title="bbox 3458 463 3596 530">
     <span class='ocr_line' id='line_1_3' title="bbox 3458 463 3596 530; baseline 0 -1"><span class='ocrx_word' id='word_1_7' title='bbox 3458 463 3596 530; x_wconf 69' lang='lat'><strong>1810</strong></span> 
     </span>
    </p>
   </div>
   <div class='ocr_carea' id='block_1_4' title="bbox 322 575 1901 651">
    <p class='ocr_par' dir='ltr' id='par_1_4' title="bbox 322 575 1901 651">
     <span class='ocr_line' id='line_1_4' title="bbox 322 575 1901 651; baseline -0.004 -14"><span class='ocrx_word' id='word_1_8' title='bbox 322 577 716 651; x_wconf 76' lang='grc' dir='ltr'>ταπεινωμένῳ</span> <span class='ocrx_word' id='word_1_9' title='bbox 740 593 755 609; x_wconf 94' lang='grc'><strong>·</strong></span> <span class='ocrx_word' id='word_1_10' title='bbox 785 577 916 633; x_wconf 67' lang='grc' dir='ltr'><strong>Ἐὰν</strong></span> <span class='ocrx_word' id='word_1_11' title='bbox 961 575 1132 642; x_wconf 71' lang='grc' dir='ltr'>οὕτως</span> <span class='ocrx_word' id='word_1_12' title='bbox 1164 578 1553 651; x_wconf 80' lang='grc' dir='ltr'>ὀλακαυτώσῃς</span> <span class='ocrx_word' id='word_1_13' title='bbox 1591 579 1817 632; x_wconf 82' lang='grc' dir='ltr'>σεαυτὸν</span> <span class='ocrx_word' id='word_1_14' title='bbox 1843 579 1901 651; x_wconf 64' lang='grc' dir='ltr'>τᾷ</span> 
     </span>
    </p>
   </div>
   <div class='ocr_carea' id='block_1_5' title="bbox 2004 575 3593 651">
    <p class='ocr_par' dir='ltr' id='par_1_5' title="bbox 2025 576 3593 651">
     <span class='ocr_line' id='line_1_5' title="bbox 2025 576 3593 651; baseline -0.003 -14"><span class='ocrx_word' id='word_1_15' title='bbox 2025 595 2153 637; x_wconf 91' lang='lat' dir='ltr'><strong>cum</strong></span> <span class='ocrx_word' id='word_1_16' title='bbox 2186 577 2607 651; x_wconf 82' lang='lat' dir='ltr'><strong>Operationibus</strong></span> <span class='ocrx_word' id='word_1_17' title='bbox 2644 577 2765 641; x_wconf 75' lang='lat' dir='ltr'><strong>viae,</strong></span> <span class='ocrx_word' id='word_1_18' title='bbox 2799 578 2912 631; x_wconf 80' lang='lat' dir='ltr'><strong>sive</strong></span> <span class='ocrx_word' id='word_1_19' title='bbox 2955 576 3397 635; x_wconf 77' lang='lat' dir='ltr'><strong>conversationis</strong></span> <span class='ocrx_word' id='word_1_20' title='bbox 3445 588 3593 633; x_wconf 85' lang='lat' dir='ltr'><strong>recta</strong></span> 
     </span>
    </p>
   </div>
   <div class='ocr_carea' id='block_1_6' title="bbox 317 670 1906 744">
    <p class='ocr_par' dir='ltr' id='par_1_6' title="bbox 317 670 1906 744">
     <span class='ocr_line' id='line_1_6' title="bbox 317 670 1906 744; baseline -0.002 -18"><span class='ocrx_word' id='word_1_21' title='bbox 317 670 464 744; x_wconf 79' lang='grc' dir='ltr'>Θεῷ,</span> <span class='ocrx_word' id='word_1_22' title='bbox 492 671 841 744; x_wconf 73' lang='grc' dir='ltr'>ἀποκαθαίρῃ</span> <span class='ocrx_word' id='word_1_23' title='bbox 882 670 983 742; x_wconf 75' lang='grc' dir='ltr'>μὲν</span> <span class='ocrx_word' id='word_1_24' title='bbox 1031 670 1130 734; x_wconf 82' lang='grc' dir='ltr'><strong>τὰς</strong></span> <span class='ocrx_word' id='word_1_25' title='bbox 1185 670 1395 741; x_wconf 74' lang='grc' dir='ltr'>λέπρας</span> <span class='ocrx_word' id='word_1_26' title='bbox 1420 670 1530 725; x_wconf 85' lang='grc' dir='ltr'><strong>τῶν</strong></span> <span class='ocrx_word' id='word_1_27' title='bbox 1582 670 1906 740; x_wconf 78' lang='grc' dir='ltr'><strong>ἀκαθάρτων</strong></span> 
     </span>
    </p>
   </div>
   <div class='ocr_carea' id='block_1_7' title="bbox 321 763 1904 837">
    <p class='ocr_par' dir='ltr' id='par_1_7' title="bbox 321 763 1904 837">
     <span class='ocr_line' id='line_1_7' title="bbox 321 763 1904 837; baseline -0.003 -17"><span class='ocrx_word' id='word_1_28' title='bbox 321 764 535 829; x_wconf 80' lang='grc' dir='ltr'>παθῶν,</span> <span class='ocrx_word' id='word_1_29' title='bbox 591 765 719 837; x_wconf 72' lang='grc' dir='ltr'><strong>¹γίνῃ</strong></span> <span class='ocrx_word' id='word_1_30' title='bbox 750 764 808 817; x_wconf 77' lang='grc' dir='ltr'>δὲ</span> <span class='ocrx_word' id='word_1_31' title='bbox 862 763 1255 836; x_wconf 78' lang='grc' dir='ltr'>θυσιαστήριον</span> <span class='ocrx_word' id='word_1_32' title='bbox 1299 764 1394 817; x_wconf 72' lang='grc' dir='ltr'><strong>καὶ</strong></span> <span class='ocrx_word' id='word_1_33' title='bbox 1437 763 1564 827; x_wconf 80' lang='grc' dir='ltr'>ναὸς</span> <span class='ocrx_word' id='word_1_34' title='bbox 1618 763 1717 816; x_wconf 76' lang='grc' dir='ltr'><strong>τοῦ</strong></span> <span class='ocrx_word' id='word_1_35' title='bbox 1747 763 1904 831; x_wconf 83' lang='grc' dir='ltr'>ἁγίου</span> 
     </span>
    </p>
   </div>
   <div class='ocr_carea' id='block_1_8' title="bbox 330 854 1906 926">
    <p class='ocr_par' dir='ltr' id='par_1_8' title="bbox 330 854 1906 926">
     <span class='ocr_line' id='line_1_8' title="bbox 330 854 1906 926; baseline -0.002 -17"><span class='ocrx_word' id='word_1_36' title='bbox 330 855 672 926; x_wconf 71' lang='grc' dir='ltr'>Πνεῦματος,</span> <span class='ocrx_word' id='word_1_37' title='bbox 712 857 808 909; x_wconf 75' lang='grc' dir='ltr'>καὶ</span> <span class='ocrx_word' id='word_1_38' title='bbox 836 854 1058 918; x_wconf 82' lang='grc' dir='ltr'><strong>ἀκούεις</strong></span> <span class='ocrx_word' id='word_1_39' title='bbox 1095 870 1110 884; x_wconf 92' lang='grc'><strong>·</strong></span> <span class='ocrx_word' id='word_1_40' title='bbox 1144 874 1162 907; x_wconf 77' lang='grc' dir='ltr'>ι</span> <span class='ocrx_word' id='word_1_41' title='bbox 1191 855 1435 923; x_wconf 70' lang='grc' dir='ltr'>’λ’παγε,</span> <span class='ocrx_word' id='word_1_42' title='bbox 1463 854 1691 908; x_wconf 78' lang='grc' dir='ltr'>σεαυτὸν</span> <span class='ocrx_word' id='word_1_43' title='bbox 1733 854 1906 919; x_wconf 77' lang='grc' dir='ltr'>δεῖξον</span> 
     </span>
    </p>
   </div>
   <div class='ocr_carea' id='block_1_9' title="bbox 319 945 1910 1018">
    <p class='ocr_par' dir='ltr' id='par_1_9' title="bbox 319 945 1910 1018">
     <span class='ocr_line' id='line_1_9' title="bbox 319 945 1910 1018; baseline 0 -19"><span class='ocrx_word' id='word_1_44' title='bbox 319 945 399 1016; x_wconf 79' lang='grc' dir='ltr'><strong>τῷ</strong></span> <span class='ocrx_word' id='word_1_45' title='bbox 424 948 577 1016; x_wconf 82' lang='grc' dir='ltr'>ἱερεῖ,</span> <span class='ocrx_word' id='word_1_46' title='bbox 618 966 638 1000; x_wconf 70' lang='grc' dir='ltr'>ι</span> <span class='ocrx_word' id='word_1_47' title='bbox 659 946 736 1017; x_wconf 82' lang='grc' dir='ltr'>τῷ</span> <span class='ocrx_word' id='word_1_48' title='bbox 758 945 1002 1017; x_wconf 84' lang='grc' dir='ltr'><strong>Χριστῷ,</strong></span> <span class='ocrx_word' id='word_1_49' title='bbox 1023 964 1041 998; x_wconf 76' lang='grc' dir='ltr'>ι</span> <span class='ocrx_word' id='word_1_50' title='bbox 1076 946 1172 1000; x_wconf 65' lang='grc' dir='ltr'>καὶ</span> <span class='ocrx_word' id='word_1_51' title='bbox 1192 946 1560 1016; x_wconf 86' lang='grc' dir='ltr'>προσένεγκαι</span> <span class='ocrx_word' id='word_1_52' title='bbox 1579 950 1639 1000; x_wconf 80' lang='grc' dir='ltr'><strong>τὸ</strong></span> <span class='ocrx_word' id='word_1_53' title='bbox 1664 946 1859 1018; x_wconf 81' lang='grc' dir='ltr'>δῶρον,</span> <span class='ocrx_word' id='word_1_54' title='bbox 1882 946 1910 999; x_wconf 79' lang='grc' dir='ltr'><strong>ὃ</strong></span> 
     </span>
    </p>
   </div>
   <div class='ocr_carea' id='block_1_10' title="bbox 320 1035 1905 1108">
    <p class='ocr_par' dir='ltr' id='par_1_10' title="bbox 320 1035 1905 1108">
     <span class='ocr_line' id='line_1_10' title="bbox 320 1035 1905 1108; baseline 0 -19"><span class='ocrx_word' id='word_1_55' title='bbox 320 1037 654 1108; x_wconf 73' lang='grc' dir='ltr'>προσέταξεν</span> <span class='ocrx_word' id='word_1_56' title='bbox 697 1054 786 1105; x_wconf 41' lang='grc' dir='ltr'>σοι.</span> <span class='ocrx_word' id='word_1_57' title='bbox 820 1037 897 1108; x_wconf 78' lang='grc' dir='ltr'><strong>τῷ</strong></span> <span class='ocrx_word' id='word_1_58' title='bbox 940 1037 997 1090; x_wconf 76' lang='grc' dir='ltr'>ἐν</span> <span class='ocrx_word' id='word_1_59' title='bbox 1022 1036 1291 1107; x_wconf 83' lang='grc' dir='ltr'>πνεύματι</span> <span class='ocrx_word' id='word_1_60' title='bbox 1316 1035 1556 1107; x_wconf 82' lang='grc' dir='ltr'><strong>Ἰουδαίῳ</strong></span> <span class='ocrx_word' id='word_1_61' title='bbox 1581 1056 1600 1089; x_wconf 78' lang='grc' dir='ltr'>ι</span> <span class='ocrx_word' id='word_1_62' title='bbox 1628 1038 1656 1088; x_wconf 87' lang='grc' dir='ltr'>ὁ</span> <span class='ocrx_word' id='word_1_63' title='bbox 1679 1037 1905 1105; x_wconf 80' lang='grc' dir='ltr'><strong>Μωσῆς,</strong></span> 
     </span>
    </p>
   </div>
   <div class='ocr_carea' id='block_1_11' title="bbox 323 1126 1908 1203">
    <p class='ocr_par' dir='ltr' id='par_1_11' title="bbox 323 1126 1908 1203">
     <span class='ocr_line' id='line_1_11' title="bbox 323 1126 1908 1203; baseline -0.001 -18"><span class='ocrx_word' id='word_1_64' title='bbox 323 1132 401 1194; x_wconf 79' lang='grc' dir='ltr'><strong>είς</strong></span> <span class='ocrx_word' id='word_1_65' title='bbox 437 1130 758 1201; x_wconf 86' lang='grc' dir='ltr'>μαρτύριον,</span> <span class='ocrx_word' id='word_1_66' title='bbox 786 1149 804 1182; x_wconf 71' lang='grc' dir='ltr'>ι</span> <span class='ocrx_word' id='word_1_67' title='bbox 868 1126 936 1203; x_wconf 73' lang='grc' dir='ltr'><strong>ἦς</strong></span> <span class='ocrx_word' id='word_1_68' title='bbox 987 1130 1175 1201; x_wconf 78' lang='grc' dir='ltr'>ἔτυχες</span> <span class='ocrx_word' id='word_1_69' title='bbox 1203 1128 1497 1194; x_wconf 79' lang='grc' dir='ltr'><strong>υἱοθεσίας.</strong></span> <span class='ocrx_word' id='word_1_70' title='bbox 1532 1128 1691 1200; x_wconf 68' lang='grc' dir='ltr'><strong>Δίιτῷ</strong></span> <span class='ocrx_word' id='word_1_71' title='bbox 1722 1131 1755 1200; x_wconf 83' lang='grc' dir='ltr'>ἡ</span> <span class='ocrx_word' id='word_1_72' title='bbox 1781 1129 1908 1194; x_wconf 80' lang='grc' dir='ltr'>δόξα</span> 
     </span>
    </p>
   </div>
   <div class='ocr_carea' id='block_1_12' title="bbox 317 1224 1023 1296">
    <p class='ocr_par' dir='ltr' id='par_1_12' title="bbox 317 1224 1023 1296">
     <span class='ocr_line' id='line_1_12' title="bbox 317 1224 1023 1296; baseline 0.006 -19"><span class='ocrx_word' id='word_1_73' title='bbox 317 1225 400 1286; x_wconf 81' lang='grc' dir='ltr'><strong>είς</strong></span> <span class='ocrx_word' id='word_1_74' title='bbox 427 1225 552 1288; x_wconf 83' lang='grc' dir='ltr'>τοὺς</span> <span class='ocrx_word' id='word_1_75' title='bbox 577 1224 799 1288; x_wconf 84' lang='grc' dir='ltr'>αἰῶνας.</span> <span class='ocrx_word' id='word_1_76' title='bbox 825 1224 1023 1296; x_wconf 81' lang='grc' dir='ltr'>Ἀμήν.</span> 
     </span>
    </p>
   </div>
   <div class='ocr_carea' id='block_1_13' title="bbox 2015 669 3593 743">
    <p class='ocr_par' dir='ltr' id='par_1_13' title="bbox 2015 669 3593 743">
     <span class='ocr_line' id='line_1_13' title="bbox 2015 669 3593 743; baseline -0.003 -14"><span class='ocrx_word' id='word_1_77' title='bbox 2015 675 2083 731; x_wconf 90' lang='lat' dir='ltr'><strong>ad</strong></span> <span class='ocrx_word' id='word_1_78' title='bbox 2112 673 2280 728; x_wconf 85' lang='lat' dir='ltr'><strong>vitam</strong></span> <span class='ocrx_word' id='word_1_79' title='bbox 2306 672 2695 743; x_wconf 81' lang='lat' dir='ltr'><strong>provehentis;</strong></span> <span class='ocrx_word' id='word_1_80' title='bbox 2731 684 2950 724; x_wconf 90' lang='lat' dir='ltr'><strong>omnem</strong></span> <span class='ocrx_word' id='word_1_81' title='bbox 2979 669 3119 724; x_wconf 84' lang='lat' dir='ltr'><strong>oﬂ‘er</strong></span> <span class='ocrx_word' id='word_1_82' title='bbox 3139 669 3308 725; x_wconf 91' lang='lat' dir='ltr'><strong>animi</strong></span> <span class='ocrx_word' id='word_1_83' title='bbox 3361 684 3593 739; x_wconf 81' lang='lat' dir='ltr'><strong>concep-</strong></span> 
     </span>
    </p>
   </div>
   <div class='ocr_carea' id='block_1_14' title="bbox 2017 761 3597 834">
    <p class='ocr_par' dir='ltr' id='par_1_14' title="bbox 2017 761 3597 834">
     <span class='ocr_line' id='line_1_14' title="bbox 2017 761 3597 834; baseline -0.003 -14"><span class='ocrx_word' id='word_1_84' title='bbox 2017 767 2247 832; x_wconf 85' lang='lat' dir='ltr'><strong>tionem,</strong></span> <span class='ocrx_word' id='word_1_85' title='bbox 2289 765 2359 820; x_wconf 89' lang='lat' dir='ltr'><strong>da</strong></span> <span class='ocrx_word' id='word_1_86' title='bbox 2394 765 2473 831; x_wconf 87' lang='lat' dir='ltr'><strong>illi</strong></span> <span class='ocrx_word' id='word_1_87' title='bbox 2519 779 2687 834; x_wconf 84' lang='lat' dir='ltr'><strong>opera</strong></span> <span class='ocrx_word' id='word_1_88' title='bbox 2739 761 2946 827; x_wconf 81' lang='lat' dir='ltr'><strong>omnia,</strong></span> <span class='ocrx_word' id='word_1_89' title='bbox 2985 770 3043 816; x_wconf 88' lang='lat' dir='ltr'><strong>et</strong></span> <span class='ocrx_word' id='word_1_90' title='bbox 3089 771 3299 817; x_wconf 89' lang='lat' dir='ltr'><strong>motum</strong></span> <span class='ocrx_word' id='word_1_91' title='bbox 3344 762 3597 831; x_wconf 88' lang='lat' dir='ltr'><strong>corporis</strong></span> 
     </span>
    </p>
   </div>
   <div class='ocr_carea' id='block_1_15' title="bbox 2017 852 3597 927">
    <p class='ocr_par' dir='ltr' id='par_1_15' title="bbox 2017 852 3597 927">
     <span class='ocr_line' id='line_1_15' title="bbox 2017 852 3597 927; baseline -0.003 -17"><span class='ocrx_word' id='word_1_92' title='bbox 2017 864 2184 927; x_wconf 89' lang='lat' dir='ltr'><strong>atque</strong></span> <span class='ocrx_word' id='word_1_93' title='bbox 2217 853 2739 924; x_wconf 84' lang='lat' dir='ltr'><strong>contemplationem</strong></span> <span class='ocrx_word' id='word_1_94' title='bbox 2773 853 2886 907; x_wconf 87' lang='lat' dir='ltr'><strong>Deo</strong></span> <span class='ocrx_word' id='word_1_95' title='bbox 2935 852 3369 907; x_wconf 89' lang='lat' dir='ltr'><strong>consecrandam</strong></span> <span class='ocrx_word' id='word_1_96' title='bbox 3415 859 3597 906; x_wconf 89' lang='lat' dir='ltr'><strong>trans-</strong></span> 
     </span>
    </p>
   </div>
   <div class='ocr_carea' id='block_1_16' title="bbox 2011 934 3620 1015">
    <p class='ocr_par' dir='ltr' id='par_1_16' title="bbox 2011 934 3620 1015">
     <span class='ocr_line' id='line_1_16' title="bbox 2011 934 3620 1015; baseline -0.003 -13"><span class='ocrx_word' id='word_1_97' title='bbox 2011 947 2163 1003; x_wconf 89' lang='lat' dir='ltr'><strong>cribe</strong></span> <span class='ocrx_word' id='word_1_98' title='bbox 2206 946 2374 1002; x_wconf 86' lang='lat' dir='ltr'><strong>corde</strong></span> <span class='ocrx_word' id='word_1_99' title='bbox 2420 945 2680 1000; x_wconf 89' lang='lat' dir='ltr'><strong>contrito.</strong></span> <span class='ocrx_word' id='word_1_100' title='bbox 2713 945 2976 1015; x_wconf 87' lang='lat' dir='ltr'><strong>Teipsum</strong></span> <span class='ocrx_word' id='word_1_101' title='bbox 3022 943 3071 999; x_wconf 88' lang='lat' dir='ltr'><strong>si</strong></span> <span class='ocrx_word' id='word_1_102' title='bbox 3111 944 3193 999; x_wconf 93' lang='lat' dir='ltr'><strong>sic</strong></span> <span class='ocrx_word' id='word_1_103' title='bbox 3230 942 3289 997; x_wconf 90' lang='lat' dir='ltr'><strong>in</strong></span> <span class='ocrx_word' id='word_1_104' title='bbox 3322 934 3620 999; x_wconf 58' lang='lat' dir='ltr'><strong>holocauo&#39;</strong></span> 
     </span>
    </p>
   </div>
   <div class='ocr_carea' id='block_1_17' title="bbox 2012 1035 3596 1108">
    <p class='ocr_par' dir='ltr' id='par_1_17' title="bbox 2012 1035 3596 1108">
     <span class='ocr_line' id='line_1_17' title="bbox 2012 1035 3596 1108; baseline -0.004 -12"><span class='ocrx_word' id='word_1_105' title='bbox 2012 1050 2189 1096; x_wconf 88' lang='lat' dir='ltr'><strong>stoma</strong></span> <span class='ocrx_word' id='word_1_106' title='bbox 2229 1039 2500 1095; x_wconf 90' lang='lat' dir='ltr'><strong>obtuleris</strong></span> <span class='ocrx_word' id='word_1_107' title='bbox 2533 1039 2669 1104; x_wconf 90' lang='lat' dir='ltr'><strong>Deo,</strong></span> <span class='ocrx_word' id='word_1_108' title='bbox 2704 1037 2916 1108; x_wconf 89' lang='lat' dir='ltr'><strong>lepram</strong></span> <span class='ocrx_word' id='word_1_109' title='bbox 2962 1037 3159 1091; x_wconf 73' lang='lat' dir='ltr'><strong>animae</strong></span> <span class='ocrx_word' id='word_1_110' title='bbox 3193 1043 3302 1091; x_wconf 77' lang='lat' dir='ltr'><strong>tuae</strong></span> <span class='ocrx_word' id='word_1_111' title='bbox 3350 1035 3596 1105; x_wconf 81' lang='lat' dir='ltr'><strong>pressius</strong></span> 
     </span>
    </p>
   </div>
   <div class='ocr_carea' id='block_1_18' title="bbox 2010 1125 3597 1198">
    <p class='ocr_par' dir='ltr' id='par_1_18' title="bbox 2010 1125 3597 1198">
     <span class='ocr_line' id='line_1_18' title="bbox 2010 1125 3597 1198; baseline -0.003 -13"><span class='ocrx_word' id='word_1_112' title='bbox 2010 1131 2482 1186; x_wconf 81' lang='lat' dir='ltr'><strong>adhaerescentem</strong></span> <span class='ocrx_word' id='word_1_113' title='bbox 2536 1171 2552 1195; x_wconf 95' lang='lat'><strong>,</strong></span> <span class='ocrx_word' id='word_1_114' title='bbox 2636 1129 2907 1184; x_wconf 89' lang='lat' dir='ltr'><strong>obscenas</strong></span> <span class='ocrx_word' id='word_1_115' title='bbox 2971 1127 3241 1182; x_wconf 86' lang='lat' dir='ltr'><strong>nimirum</strong></span> <span class='ocrx_word' id='word_1_116' title='bbox 3309 1125 3597 1198; x_wconf 80' lang='lat' dir='ltr'><strong>passiones</strong></span> 
     </span>
    </p>
   </div>
   <div class='ocr_carea' id='block_1_19' title="bbox 2012 1218 3596 1293">
    <p class='ocr_par' dir='ltr' id='par_1_19' title="bbox 2012 1218 3596 1293">
     <span class='ocr_line' id='line_1_19' title="bbox 2012 1218 3596 1293; baseline -0.004 -15"><span class='ocrx_word' id='word_1_117' title='bbox 2012 1222 2339 1293; x_wconf 81' lang='lat' dir='ltr'><strong>expurgabit</strong></span> <span class='ocrx_word' id='word_1_118' title='bbox 2365 1240 2379 1277; x_wconf 88' lang='lat'><strong>:</strong></span> <span class='ocrx_word' id='word_1_119' title='bbox 2404 1221 2643 1278; x_wconf 79' lang='lat' dir='ltr'><strong>eﬂiciere</strong></span> <span class='ocrx_word' id='word_1_120' title='bbox 2665 1229 2849 1276; x_wconf 89' lang='lat' dir='ltr'><strong>autem</strong></span> <span class='ocrx_word' id='word_1_121' title='bbox 2878 1229 2938 1276; x_wconf 81' lang='lat' dir='ltr'><strong>tu</strong></span> <span class='ocrx_word' id='word_1_122' title='bbox 2968 1221 3164 1287; x_wconf 87' lang='lat' dir='ltr'><strong>altare,</strong></span> <span class='ocrx_word' id='word_1_123' title='bbox 3189 1219 3302 1274; x_wconf 91' lang='lat' dir='ltr'><strong>imo</strong></span> <span class='ocrx_word' id='word_1_124' title='bbox 3327 1218 3596 1290; x_wconf 78' lang='lat' dir='ltr'><strong>templum</strong></span> 
     </span>
    </p>
   </div>
   <div class='ocr_carea' id='block_1_20' title="bbox 319 1308 3631 1381">
    <p class='ocr_par' dir='ltr' id='par_1_20' title="bbox 319 1308 3631 1381">
     <span class='ocr_line' id='line_1_20' title="bbox 319 1308 3631 1381; baseline -0 -18"><span class='ocrx_word' id='word_1_125' title='bbox 319 1308 563 1380; x_wconf 77' lang='lat' dir='ltr'><strong>Spiritus</strong></span> <span class='ocrx_word' id='word_1_126' title='bbox 601 1312 797 1367; x_wconf 82' lang='lat' dir='ltr'><strong>sancti.</strong></span> <span class='ocrx_word' id='word_1_127' title='bbox 838 1311 1050 1368; x_wconf 86' lang='lat' dir='ltr'><strong>Audies</strong></span> <span class='ocrx_word' id='word_1_128' title='bbox 1092 1312 1201 1369; x_wconf 91' lang='lat' dir='ltr'><strong>dici</strong></span> <span class='ocrx_word' id='word_1_129' title='bbox 1275 1311 1409 1367; x_wconf 90' lang='lat' dir='ltr'><strong>tibi:</strong></span> <span class='ocrx_word' id='word_1_130' title='bbox 1465 1330 1484 1364; x_wconf 78' lang='grc' dir='ltr'>ι</span> <span class='ocrx_word' id='word_1_131' title='bbox 1517 1310 1703 1378; x_wconf 76' lang='lat' dir='ltr'><strong>Vade,</strong></span> <span class='ocrx_word' id='word_1_132' title='bbox 1780 1310 2010 1366; x_wconf 82' lang='lat' dir='ltr'><strong>ostende</strong></span> <span class='ocrx_word' id='word_1_133' title='bbox 2053 1311 2288 1381; x_wconf 90' lang='lat' dir='ltr'><strong>teipsum</strong></span> <span class='ocrx_word' id='word_1_134' title='bbox 2337 1310 2609 1366; x_wconf 90' lang='lat' dir='ltr'><strong>sacerdoti</strong></span> <span class='ocrx_word' id='word_1_135' title='bbox 2645 1330 2665 1363; x_wconf 73' lang='grc' dir='ltr'>ι</span> <span class='ocrx_word' id='word_1_136' title='bbox 2716 1311 2812 1381; x_wconf 87' lang='lat' dir='ltr'><strong>qui</strong></span> <span class='ocrx_word' id='word_1_137' title='bbox 2840 1309 3095 1366; x_wconf 86' lang='lat' dir='ltr'><strong>Christus</strong></span> <span class='ocrx_word' id='word_1_138' title='bbox 3129 1318 3245 1377; x_wconf 89' lang='lat' dir='ltr'><strong>est,</strong></span> <span class='ocrx_word' id='word_1_139' title='bbox 3291 1328 3310 1362; x_wconf 85' lang='grc'><strong>‹</strong></span> <span class='ocrx_word' id='word_1_140' title='bbox 3359 1318 3417 1364; x_wconf 90' lang='lat' dir='ltr'><strong>et</strong></span> <span class='ocrx_word' id='word_1_141' title='bbox 3456 1308 3631 1363; x_wconf 80' lang='lat' dir='ltr'><strong>oﬂ&#39;er-</strong></span> 
     </span>
    </p>
   </div>
   <div class='ocr_carea' id='block_1_21' title="bbox 316 1398 3603 1475">
    <p class='ocr_par' dir='ltr' id='par_1_21' title="bbox 316 1398 3603 1475">
     <span class='ocr_line' id='line_1_21' title="bbox 316 1398 3603 1475; baseline -0.001 -18"><span class='ocrx_word' id='word_1_142' title='bbox 316 1417 521 1457; x_wconf 87' lang='lat' dir='ltr'><strong>munus</strong></span> <span class='ocrx_word' id='word_1_143' title='bbox 547 1402 693 1472; x_wconf 90' lang='lat' dir='ltr'><strong>quod</strong></span> <span class='ocrx_word' id='word_1_144' title='bbox 730 1403 990 1474; x_wconf 76' lang='lat' dir='ltr'><strong>praecepit</strong></span> <span class='ocrx_word' id='word_1_145' title='bbox 1061 1404 1293 1475; x_wconf 84' lang='lat' dir='ltr'><strong>Moyses,</strong></span> <span class='ocrx_word' id='word_1_146' title='bbox 1327 1422 1347 1456; x_wconf 78' lang='grc'><strong>»</strong></span> <span class='ocrx_word' id='word_1_147' title='bbox 1396 1404 1449 1459; x_wconf 88' lang='lat' dir='ltr'><strong>ei</strong></span> <span class='ocrx_word' id='word_1_148' title='bbox 1515 1403 1698 1473; x_wconf 86' lang='lat' dir='ltr'><strong>quiin</strong></span> <span class='ocrx_word' id='word_1_149' title='bbox 1749 1402 1950 1473; x_wconf 83' lang='lat' dir='ltr'><strong>spiritu</strong></span> <span class='ocrx_word' id='word_1_150' title='bbox 1986 1402 2211 1458; x_wconf 67' lang='lat' dir='ltr'><strong>Iudaeus</strong></span> <span class='ocrx_word' id='word_1_151' title='bbox 2254 1411 2359 1469; x_wconf 89' lang='lat' dir='ltr'><strong>est,</strong></span> <span class='ocrx_word' id='word_1_152' title='bbox 2394 1421 2413 1455; x_wconf 86' lang='grc'><em>‹</em></span> <span class='ocrx_word' id='word_1_153' title='bbox 2480 1402 2537 1458; x_wconf 93' lang='lat' dir='ltr'><strong>in</strong></span> <span class='ocrx_word' id='word_1_154' title='bbox 2572 1402 2950 1459; x_wconf 86' lang='lat' dir='ltr'><strong>testimonium</strong></span> <span class='ocrx_word' id='word_1_155' title='bbox 3008 1405 3023 1436; x_wconf 88' lang='grc'>¹</span> <span class='ocrx_word' id='word_1_156' title='bbox 3061 1423 3080 1456; x_wconf 83' lang='grc'>›</span> <span class='ocrx_word' id='word_1_157' title='bbox 3125 1403 3259 1475; x_wconf 77' lang='lat' dir='ltr'><strong>ejus.</strong></span> <span class='ocrx_word' id='word_1_158' title='bbox 3279 1398 3603 1472; x_wconf 76' lang='lat' dir='ltr'><strong>adoptionis</strong></span> 
     </span>
    </p>
   </div>
   <div class='ocr_carea' id='block_1_22' title="bbox 316 1494 1831 1567">
    <p class='ocr_par' dir='ltr' id='par_1_22' title="bbox 316 1494 1831 1567">
     <span class='ocr_line' id='line_1_22' title="bbox 316 1494 1831 1567; baseline -0.001 -17"><span class='ocrx_word' id='word_1_159' title='bbox 316 1510 485 1567; x_wconf 87' lang='lat' dir='ltr'><strong>quam</strong></span> <span class='ocrx_word' id='word_1_160' title='bbox 515 1504 800 1550; x_wconf 84' lang='lat' dir='ltr'><strong>assecutus</strong></span> <span class='ocrx_word' id='word_1_161' title='bbox 828 1509 910 1549; x_wconf 89' lang='lat' dir='ltr'><strong>es.</strong></span> <span class='ocrx_word' id='word_1_162' title='bbox 948 1494 1055 1564; x_wconf 86' lang='lat' dir='ltr'><strong>Ipsi</strong></span> <span class='ocrx_word' id='word_1_163' title='bbox 1080 1496 1254 1567; x_wconf 87' lang='lat' dir='ltr'><strong>gloria</strong></span> <span class='ocrx_word' id='word_1_164' title='bbox 1288 1496 1343 1551; x_wconf 91' lang='lat' dir='ltr'><strong>in</strong></span> <span class='ocrx_word' id='word_1_165' title='bbox 1377 1495 1597 1553; x_wconf 84' lang='lat' dir='ltr'><strong>saecula.</strong></span> <span class='ocrx_word' id='word_1_166' title='bbox 1626 1495 1831 1550; x_wconf 79' lang='lat' dir='ltr'><strong>Amen.</strong></span> 
     </span>
    </p>
   </div>
   <div class='ocr_carea' id='block_1_23' title="bbox 900 1609 1330 1667">
    <p class='ocr_par' dir='ltr' id='par_1_23' title="bbox 900 1609 1330 1667">
     <span class='ocr_line' id='line_1_23' title="bbox 900 1609 1330 1667; baseline 0.009 -5"><span class='ocrx_word' id='word_1_167' title='bbox 900 1609 1124 1663; x_wconf 87' lang='grc' dir='ltr'><strong>ΛΟΓΟΣ</strong></span> <span class='ocrx_word' id='word_1_168' title='bbox 1155 1609 1330 1667; x_wconf 82' lang='lat' dir='ltr'><strong>PKA&#39;.</strong></span> 
     </span>
    </p>
   </div>
   <div class='ocr_carea' id='block_1_24' title="bbox 843 1720 1387 1792">
    <p class='ocr_par' dir='ltr' id='par_1_24' title="bbox 843 1720 1387 1792">
     <span class='ocr_line' id='line_1_24' title="bbox 843 1720 1387 1792; baseline 0.004 -17"><span class='ocrx_word' id='word_1_169' title='bbox 843 1721 982 1790; x_wconf 87' lang='grc' dir='ltr'>Περὶ</span> <span class='ocrx_word' id='word_1_170' title='bbox 1030 1720 1387 1792; x_wconf 74' lang='grc' dir='ltr'>ὲξιλασμοῦ.</span> 
     </span>
    </p>
   </div>
   <div class='ocr_carea' id='block_1_25' title="bbox 2534 1606 3067 1664">
    <p class='ocr_par' dir='ltr' id='par_1_25' title="bbox 2534 1606 3067 1664">
     <span class='ocr_line' id='line_1_25' title="bbox 2534 1606 3067 1664; baseline -0.002 -2"><span class='ocrx_word' id='word_1_171' title='bbox 2534 1606 2827 1663; x_wconf 70' lang='grc' dir='ltr'><strong>ΗΟΜΠΛΑ</strong></span> <span class='ocrx_word' id='word_1_172' title='bbox 2878 1607 3067 1664; x_wconf 80' lang='lat' dir='ltr'><strong>CXXI.</strong></span> 
     </span>
    </p>
   </div>
   <div class='ocr_carea' id='block_1_26' title="bbox 2288 1720 3307 1793">
    <p class='ocr_par' dir='ltr' id='par_1_26' title="bbox 2288 1720 3307 1793">
     <span class='ocr_line' id='line_1_26' title="bbox 2288 1720 3307 1793; baseline -0.003 -17"><span class='ocrx_word' id='word_1_173' title='bbox 2288 1720 2367 1776; x_wconf 84' lang='lat' dir='ltr'><strong>De</strong></span> <span class='ocrx_word' id='word_1_174' title='bbox 2414 1722 2790 1793; x_wconf 80' lang='lat' dir='ltr'><strong>propitiatione</strong></span> <span class='ocrx_word' id='word_1_175' title='bbox 2841 1737 2934 1776; x_wconf 71' lang='lat' dir='ltr'><strong>seu</strong></span> <span class='ocrx_word' id='word_1_176' title='bbox 2984 1720 3307 1792; x_wconf 78' lang='lat' dir='ltr'><strong>placatione.</strong></span> 
     </span>
    </p>
   </div>
   <div class='ocr_carea' id='block_1_27' title="bbox 386 1808 1901 1907">
    <p class='ocr_par' dir='ltr' id='par_1_27' title="bbox 386 1833 1901 1907">
     <span class='ocr_line' id='line_1_27' title="bbox 386 1833 1901 1907; baseline 0 -19"><span class='ocrx_word' id='word_1_177' title='bbox 386 1834 516 1888; x_wconf 87' lang='grc' dir='ltr'>Δέον</span> <span class='ocrx_word' id='word_1_178' title='bbox 541 1834 691 1888; x_wconf 58' lang='grc' dir='ltr'>ἔστιν</span> <span class='ocrx_word' id='word_1_179' title='bbox 707 1834 798 1888; x_wconf 80' lang='grc' dir='ltr'>τὸν</span> <span class='ocrx_word' id='word_1_180' title='bbox 822 1834 972 1905; x_wconf 88' lang='grc' dir='ltr'>ἱερέα</span> <span class='ocrx_word' id='word_1_181' title='bbox 991 1833 1208 1906; x_wconf 87' lang='grc' dir='ltr'>πρῶτον</span> <span class='ocrx_word' id='word_1_182' title='bbox 1242 1835 1383 1907; x_wconf 78' lang='grc' dir='ltr'>ὑπὲρ</span> <span class='ocrx_word' id='word_1_183' title='bbox 1404 1835 1596 1889; x_wconf 80' lang='grc' dir='ltr'>ἑαυτοῦ</span> <span class='ocrx_word' id='word_1_184' title='bbox 1621 1834 1901 1902; x_wconf 77' lang='grc' dir='ltr'>ὲξιλεώσα·</span> 
     </span>
    </p>
   </div>
   <div class='ocr_carea' id='block_1_28' title="bbox 2004 1808 3602 1907">
    <p class='ocr_par' dir='ltr' id='par_1_28' title="bbox 2083 1831 3602 1905">
     <span class='ocr_line' id='line_1_28' title="bbox 2083 1831 3602 1905; baseline -0.002 -15"><span class='ocrx_word' id='word_1_185' title='bbox 2083 1834 2321 1891; x_wconf 79' lang='lat' dir='ltr'><strong>Necesse</strong></span> <span class='ocrx_word' id='word_1_186' title='bbox 2359 1834 2455 1899; x_wconf 89' lang='lat' dir='ltr'><strong>sit,</strong></span> <span class='ocrx_word' id='word_1_187' title='bbox 2490 1841 2553 1888; x_wconf 90' lang='lat' dir='ltr'><strong>ut</strong></span> <span class='ocrx_word' id='word_1_188' title='bbox 2580 1849 2683 1905; x_wconf 89' lang='lat' dir='ltr'><strong>pro</strong></span> <span class='ocrx_word' id='word_1_189' title='bbox 2734 1832 2852 1890; x_wconf 87' lang='lat' dir='ltr'><strong>suis</strong></span> <span class='ocrx_word' id='word_1_190' title='bbox 2874 1832 3115 1903; x_wconf 87' lang='lat' dir='ltr'><strong>primum</strong></span> <span class='ocrx_word' id='word_1_191' title='bbox 3144 1831 3391 1903; x_wconf 88' lang='lat' dir='ltr'><strong>peccatis</strong></span> <span class='ocrx_word' id='word_1_192' title='bbox 3419 1831 3602 1887; x_wconf 85' lang='lat' dir='ltr'><strong>Deum</strong></span> 
     </span>
    </p>
   </div>
   <div class='ocr_carea' id='block_1_29' title="bbox 316 1918 1907 1996">
    <p class='ocr_par' dir='ltr' id='par_1_29' title="bbox 316 1918 1907 1996">
     <span class='ocr_line' id='line_1_29' title="bbox 316 1918 1907 1996; baseline -0.001 -15"><span class='ocrx_word' id='word_1_193' title='bbox 316 1926 443 1981; x_wconf 84' lang='grc' dir='ltr'><strong>σθαι</strong></span> <span class='ocrx_word' id='word_1_194' title='bbox 469 1926 562 1981; x_wconf 75' lang='grc' dir='ltr'><strong>τὸν</strong></span> <span class='ocrx_word' id='word_1_195' title='bbox 601 1918 755 1989; x_wconf 79' lang='grc' dir='ltr'>Θεὸν,</span> <span class='ocrx_word' id='word_1_196' title='bbox 784 1924 881 1978; x_wconf 75' lang='grc' dir='ltr'><strong>καὶ</strong></span> <span class='ocrx_word' id='word_1_197' title='bbox 902 1923 1076 1989; x_wconf 68' lang='grc' dir='ltr'>οὕτως</span> <span class='ocrx_word' id='word_1_198' title='bbox 1102 1925 1245 1996; x_wconf 86' lang='grc' dir='ltr'>ὑπὲρ</span> <span class='ocrx_word' id='word_1_199' title='bbox 1273 1925 1369 1980; x_wconf 81' lang='grc' dir='ltr'>τοῦ</span> <span class='ocrx_word' id='word_1_200' title='bbox 1409 1924 1564 1981; x_wconf 77' lang='grc' dir='ltr'>λαοῦ.</span> <span class='ocrx_word' id='word_1_201' title='bbox 1598 1922 1731 1978; x_wconf 76' lang='grc' dir='ltr'>Εἶτα</span> <span class='ocrx_word' id='word_1_202' title='bbox 1766 1925 1907 1980; x_wconf 75' lang='grc' dir='ltr'>κατὰ</span> 
     </span>
    </p>
   </div>
   <div class='ocr_carea' id='block_1_30' title="bbox 311 2017 1905 2090">
    <p class='ocr_par' dir='ltr' id='par_1_30' title="bbox 311 2017 1905 2090">
     <span class='ocr_line' id='line_1_30' title="bbox 311 2017 1905 2090; baseline 0 -20"><span class='ocrx_word' id='word_1_203' title='bbox 311 2017 415 2090; x_wconf 79' lang='grc' dir='ltr'><strong>τὴν</strong></span> <span class='ocrx_word' id='word_1_204' title='bbox 444 2018 662 2089; x_wconf 77' lang='grc' dir='ltr'>ἐντολὴν</span> <span class='ocrx_word' id='word_1_205' title='bbox 684 2017 779 2071; x_wconf 81' lang='grc' dir='ltr'><strong>τοῦ</strong></span> <span class='ocrx_word' id='word_1_206' title='bbox 811 2018 1017 2089; x_wconf 78' lang='grc' dir='ltr'>Κυρίου</span> <span class='ocrx_word' id='word_1_207' title='bbox 1047 2017 1328 2086; x_wconf 82' lang='grc' dir='ltr'>λέγοντος·</span> <span class='ocrx_word' id='word_1_208' title='bbox 1372 2038 1391 2071; x_wconf 79' lang='grc' dir='ltr'>ι</span> <span class='ocrx_word' id='word_1_209' title='bbox 1418 2018 1733 2090; x_wconf 81' lang='grc' dir='ltr'>Καθάρισον</span> <span class='ocrx_word' id='word_1_210' title='bbox 1755 2017 1905 2087; x_wconf 82' lang='grc' dir='ltr'>πρῶ·</span> 
     </span>
    </p>
   </div>
   <div class='ocr_carea' id='block_1_31' title="bbox 309 2110 1907 2184">
    <p class='ocr_par' dir='ltr' id='par_1_31' title="bbox 309 2110 1907 2184">
     <span class='ocr_line' id='line_1_31' title="bbox 309 2110 1907 2184; baseline -0.001 -18"><span class='ocrx_word' id='word_1_211' title='bbox 309 2129 406 2166; x_wconf 85' lang='grc' dir='ltr'><strong>τον</strong></span> <span class='ocrx_word' id='word_1_212' title='bbox 426 2111 488 2165; x_wconf 84' lang='grc' dir='ltr'>τὸ</span> <span class='ocrx_word' id='word_1_213' title='bbox 511 2112 661 2176; x_wconf 81' lang='grc' dir='ltr'>ἐντὸς</span> <span class='ocrx_word' id='word_1_214' title='bbox 695 2111 786 2165; x_wconf 83' lang='grc' dir='ltr'><strong>τοῦ</strong></span> <span class='ocrx_word' id='word_1_215' title='bbox 814 2111 1098 2184; x_wconf 79' lang='grc' dir='ltr'>ποτηρίου,</span> <span class='ocrx_word' id='word_1_216' title='bbox 1135 2113 1230 2165; x_wconf 72' lang='grc' dir='ltr'>καὶ</span> <span class='ocrx_word' id='word_1_217' title='bbox 1254 2111 1375 2166; x_wconf 87' lang='grc' dir='ltr'>τότε</span> <span class='ocrx_word' id='word_1_218' title='bbox 1401 2112 1461 2166; x_wconf 83' lang='grc' dir='ltr'><strong>τὸ</strong></span> <span class='ocrx_word' id='word_1_219' title='bbox 1512 2112 1690 2175; x_wconf 77' lang='grc' dir='ltr'>ἐκτός.</span> <span class='ocrx_word' id='word_1_220' title='bbox 1727 2131 1746 2164; x_wconf 68' lang='grc' dir='ltr'>ι</span> <span class='ocrx_word' id='word_1_221' title='bbox 1782 2110 1907 2174; x_wconf 85' lang='grc' dir='ltr'><strong>Πῶς</strong></span> 
     </span>
    </p>
   </div>
   <div class='ocr_carea' id='block_1_32' title="bbox 310 2202 1901 2276">
    <p class='ocr_par' dir='ltr' id='par_1_32' title="bbox 310 2202 1901 2276">
     <span class='ocr_line' id='line_1_32' title="bbox 310 2202 1901 2276; baseline -0.001 -20"><span class='ocrx_word' id='word_1_222' title='bbox 310 2204 426 2276; x_wconf 78' lang='grc' dir='ltr'><strong>γὰρ</strong></span> <span class='ocrx_word' id='word_1_223' title='bbox 443 2203 665 2258; x_wconf 83' lang='grc' dir='ltr'>δύναταί</span> <span class='ocrx_word' id='word_1_224' title='bbox 697 2221 781 2267; x_wconf 88' lang='grc' dir='ltr'>τις</span> <span class='ocrx_word' id='word_1_225' title='bbox 830 2203 1290 2274; x_wconf 80' lang='grc' dir='ltr'>ἱλεωποιήσασθαι</span> <span class='ocrx_word' id='word_1_226' title='bbox 1321 2204 1412 2258; x_wconf 80' lang='grc' dir='ltr'><strong>τὸν</strong></span> <span class='ocrx_word' id='word_1_227' title='bbox 1461 2203 1595 2258; x_wconf 70' lang='grc' dir='ltr'>Θεὸν</span> <span class='ocrx_word' id='word_1_228' title='bbox 1635 2203 1778 2275; x_wconf 79' lang='grc' dir='ltr'>ὑπὲρ</span> <span class='ocrx_word' id='word_1_229' title='bbox 1804 2202 1901 2256; x_wconf 72' lang='grc' dir='ltr'><strong>ἄλ-</strong></span> 
     </span>
    </p>
   </div>
   <div class='ocr_carea' id='block_1_33' title="bbox 306 2293 1902 2367">
    <p class='ocr_par' dir='ltr' id='par_1_33' title="bbox 306 2293 1902 2367">
     <span class='ocr_line' id='line_1_33' title="bbox 306 2293 1902 2367; baseline -0.003 -17"><span class='ocrx_word' id='word_1_230' title='bbox 306 2296 431 2360; x_wconf 86' lang='grc' dir='ltr'>λου,</span> <span class='ocrx_word' id='word_1_231' title='bbox 473 2296 522 2348; x_wconf 88' lang='grc' dir='ltr'>εί</span> <span class='ocrx_word' id='word_1_232' title='bbox 556 2295 628 2365; x_wconf 82' lang='grc' dir='ltr'>μὴ</span> <span class='ocrx_word' id='word_1_233' title='bbox 664 2293 881 2363; x_wconf 83' lang='grc' dir='ltr'>πρῶτον</span> <span class='ocrx_word' id='word_1_234' title='bbox 906 2295 1047 2367; x_wconf 82' lang='grc' dir='ltr'>ὑπὲρ</span> <span class='ocrx_word' id='word_1_235' title='bbox 1073 2294 1266 2349; x_wconf 78' lang='grc' dir='ltr'>ἑαυτοῦ</span> <span class='ocrx_word' id='word_1_236' title='bbox 1298 2312 1313 2361; x_wconf 92' lang='grc'>;</span> <span class='ocrx_word' id='word_1_237' title='bbox 1364 2295 1523 2349; x_wconf 80' lang='grc' dir='ltr'>τοῦτο</span> <span class='ocrx_word' id='word_1_238' title='bbox 1550 2294 1658 2365; x_wconf 83' lang='grc' dir='ltr'><strong>γὰρ</strong></span> <span class='ocrx_word' id='word_1_239' title='bbox 1695 2294 1789 2348; x_wconf 71' lang='grc' dir='ltr'><strong>καὶ</strong></span> <span class='ocrx_word' id='word_1_240' title='bbox 1811 2293 1902 2346; x_wconf 89' lang='grc' dir='ltr'><strong>νό-</strong></span> 
     </span>
    </p>
   </div>
   <div class='ocr_carea' id='block_1_34' title="bbox 312 2383 1915 2459">
    <p class='ocr_par' dir='ltr' id='par_1_34' title="bbox 312 2383 1915 2459">
     <span class='ocr_line' id='line_1_34' title="bbox 312 2383 1915 2459; baseline -0.001 -18"><span class='ocrx_word' id='word_1_241' title='bbox 312 2387 484 2459; x_wconf 84' lang='grc' dir='ltr'>μιμόν</span> <span class='ocrx_word' id='word_1_242' title='bbox 518 2389 687 2452; x_wconf 79' lang='grc' dir='ltr'>ἐστιν,</span> <span class='ocrx_word' id='word_1_243' title='bbox 734 2384 916 2449; x_wconf 82' lang='grc' dir='ltr'>καθώς</span> <span class='ocrx_word' id='word_1_244' title='bbox 944 2404 1108 2458; x_wconf 79' lang='grc' dir='ltr'>φησιν</span> <span class='ocrx_word' id='word_1_245' title='bbox 1130 2389 1158 2440; x_wconf 86' lang='grc' dir='ltr'><strong>ὁ</strong></span> <span class='ocrx_word' id='word_1_246' title='bbox 1183 2387 1425 2457; x_wconf 81' lang='grc' dir='ltr'><strong>Μωῦσῆς</strong></span> <span class='ocrx_word' id='word_1_247' title='bbox 1477 2386 1613 2457; x_wconf 75' lang='grc' dir='ltr'>πρὸς</span> <span class='ocrx_word' id='word_1_248' title='bbox 1662 2383 1915 2457; x_wconf 66' lang='grc' dir='ltr'>Ἀαρὼν,</span> 
     </span>
    </p>
   </div>
   <div class='ocr_carea' id='block_1_35' title="bbox 304 2477 1907 2549">
    <p class='ocr_par' dir='ltr' id='par_1_35' title="bbox 304 2477 1907 2549">
     <span class='ocr_line' id='line_1_35' title="bbox 304 2477 1907 2549; baseline -0.001 -17"><span class='ocrx_word' id='word_1_249' title='bbox 304 2479 405 2532; x_wconf 78' lang='grc' dir='ltr'>τὸν</span> <span class='ocrx_word' id='word_1_250' title='bbox 425 2477 650 2546; x_wconf 74' lang='grc' dir='ltr'>ἀδελφὸν</span> <span class='ocrx_word' id='word_1_251' title='bbox 671 2477 858 2531; x_wconf 75' lang='grc' dir='ltr'>αὐτοῦ’</span> <span class='ocrx_word' id='word_1_252' title='bbox 888 2496 905 2529; x_wconf 83' lang='grc' dir='ltr'>ι</span> <span class='ocrx_word' id='word_1_253' title='bbox 927 2478 1302 2548; x_wconf 84' lang='grc' dir='ltr'>Προσένεγκαι</span> <span class='ocrx_word' id='word_1_254' title='bbox 1319 2477 1378 2531; x_wconf 80' lang='grc' dir='ltr'><strong>τὸ</strong></span> <span class='ocrx_word' id='word_1_255' title='bbox 1397 2477 1761 2549; x_wconf 80' lang='grc' dir='ltr'>ὁλοκαύτωμά</span> <span class='ocrx_word' id='word_1_256' title='bbox 1790 2495 1907 2547; x_wconf 83' lang='grc' dir='ltr'>σου,</span> 
     </span>
    </p>
   </div>
   <div class='ocr_carea' id='block_1_36' title="bbox 306 2566 1905 2639">
    <p class='ocr_par' dir='ltr' id='par_1_36' title="bbox 306 2566 1905 2639">
     <span class='ocr_line' id='line_1_36' title="bbox 306 2566 1905 2639; baseline -0.003 -15"><span class='ocrx_word' id='word_1_257' title='bbox 306 2569 409 2623; x_wconf 72' lang='grc' dir='ltr'><strong>καὶ</strong></span> <span class='ocrx_word' id='word_1_258' title='bbox 430 2566 652 2639; x_wconf 71' lang='grc' dir='ltr'><strong>ἐξιλάσῃ</strong></span> <span class='ocrx_word' id='word_1_259' title='bbox 674 2567 803 2639; x_wconf 66' lang='grc' dir='ltr'><strong>περὶ⁵</strong></span> <span class='ocrx_word' id='word_1_260' title='bbox 818 2567 981 2620; x_wconf 84' lang='grc' dir='ltr'>αὑτοῦ</span> <span class='ocrx_word' id='word_1_261' title='bbox 1007 2568 1103 2621; x_wconf 68' lang='grc' dir='ltr'><strong>καὶ</strong></span> <span class='ocrx_word' id='word_1_262' title='bbox 1118 2567 1212 2621; x_wconf 83' lang='grc' dir='ltr'><strong>τοῦ</strong></span> <span class='ocrx_word' id='word_1_263' title='bbox 1234 2567 1382 2621; x_wconf 75' lang='grc' dir='ltr'>οἴκου</span> <span class='ocrx_word' id='word_1_264' title='bbox 1413 2585 1530 2634; x_wconf 82' lang='grc' dir='ltr'>σου,</span> <span class='ocrx_word' id='word_1_265' title='bbox 1546 2570 1641 2621; x_wconf 70' lang='grc' dir='ltr'><strong>καὶ</strong></span> <span class='ocrx_word' id='word_1_266' title='bbox 1658 2568 1905 2637; x_wconf 82' lang='grc' dir='ltr'><strong>ποιήσεις</strong></span> 
     </span>
    </p>
   </div>
   <div class='ocr_carea' id='block_1_37' title="bbox 304 2658 1895 2732">
    <p class='ocr_par' dir='ltr' id='par_1_37' title="bbox 304 2658 1895 2732">
     <span class='ocr_line' id='line_1_37' title="bbox 304 2658 1895 2732; baseline -0.003 -17"><span class='ocrx_word' id='word_1_267' title='bbox 304 2660 384 2715; x_wconf 66' lang='grc' dir='ltr'>τὶ</span> <span class='ocrx_word' id='word_1_268' title='bbox 418 2661 567 2731; x_wconf 81' lang='grc' dir='ltr'>δῶρα</span> <span class='ocrx_word' id='word_1_269' title='bbox 609 2659 737 2729; x_wconf 76' lang='grc' dir='ltr'>περὶ</span> <span class='ocrx_word' id='word_1_270' title='bbox 792 2658 886 2712; x_wconf 80' lang='grc' dir='ltr'><strong>τοῦ</strong></span> <span class='ocrx_word' id='word_1_271' title='bbox 916 2658 1072 2725; x_wconf 62' lang='grc' dir='ltr'>λαοῦ,</span> <span class='ocrx_word' id='word_1_272' title='bbox 1107 2659 1201 2713; x_wconf 79' lang='grc' dir='ltr'>καὶ</span> <span class='ocrx_word' id='word_1_273' title='bbox 1228 2659 1452 2732; x_wconf 81' lang='grc' dir='ltr'>ἐξιλάσῃ</span> <span class='ocrx_word' id='word_1_274' title='bbox 1480 2660 1609 2731; x_wconf 71' lang='grc' dir='ltr'>περὶ</span> <span class='ocrx_word' id='word_1_275' title='bbox 1638 2658 1803 2713; x_wconf 77' lang='grc' dir='ltr'>αὑτοῦ</span> <span class='ocrx_word' id='word_1_276' title='bbox 1822 2675 1836 2690; x_wconf 89' lang='grc'><strong>·</strong></span> <span class='ocrx_word' id='word_1_277' title='bbox 1877 2677 1895 2710; x_wconf 77' lang='grc' dir='ltr'>ι</span> 
     </span>
    </p>
   </div>
   <div class='ocr_carea' id='block_1_38' title="bbox 304 2752 1902 2825">
    <p class='ocr_par' dir='ltr' id='par_1_38' title="bbox 304 2752 1902 2825">
     <span class='ocr_line' id='line_1_38' title="bbox 304 2752 1902 2825; baseline -0.003 -16"><span class='ocrx_word' id='word_1_278' title='bbox 304 2753 475 2825; x_wconf 81' lang='grc' dir='ltr'>δῆλον</span> <span class='ocrx_word' id='word_1_279' title='bbox 492 2755 550 2807; x_wconf 85' lang='grc' dir='ltr'>δὲ</span> <span class='ocrx_word' id='word_1_280' title='bbox 571 2754 651 2807; x_wconf 83' lang='grc' dir='ltr'>ὅτι</span> <span class='ocrx_word' id='word_1_281' title='bbox 678 2755 768 2808; x_wconf 79' lang='grc' dir='ltr'><strong>ὅτε</strong></span> <span class='ocrx_word' id='word_1_282' title='bbox 796 2753 984 2807; x_wconf 73' lang='grc' dir='ltr'>ἑαυτὸν</span> <span class='ocrx_word' id='word_1_283' title='bbox 1012 2752 1324 2825; x_wconf 77' lang='grc' dir='ltr'>ἐκάθαιρεν,</span> <span class='ocrx_word' id='word_1_284' title='bbox 1357 2754 1450 2807; x_wconf 71' lang='grc' dir='ltr'><strong>καὶ</strong></span> <span class='ocrx_word' id='word_1_285' title='bbox 1486 2754 1613 2817; x_wconf 77' lang='grc' dir='ltr'>τοὺς</span> <span class='ocrx_word' id='word_1_286' title='bbox 1642 2752 1902 2818; x_wconf 84' lang='grc' dir='ltr'>οἰκείους,</span> 
     </span>
    </p>
   </div>
   <div class='ocr_carea' id='block_1_39' title="bbox 306 2843 1902 2917">
    <p class='ocr_par' dir='ltr' id='par_1_39' title="bbox 306 2843 1902 2917">
     <span class='ocr_line' id='line_1_39' title="bbox 306 2843 1902 2917; baseline -0.002 -17"><span class='ocrx_word' id='word_1_287' title='bbox 306 2846 437 2901; x_wconf 79' lang='grc' dir='ltr'>τότε</span> <span class='ocrx_word' id='word_1_288' title='bbox 479 2845 663 2900; x_wconf 54' lang='grc' dir='ltr'>λοιπὴν</span> <span class='ocrx_word' id='word_1_289' title='bbox 722 2845 927 2914; x_wconf 73' lang='grc' dir='ltr'>ἐξάρας</span> <span class='ocrx_word' id='word_1_290' title='bbox 981 2844 1196 2917; x_wconf 77' lang='grc' dir='ltr'>Ἀαρὼν</span> <span class='ocrx_word' id='word_1_291' title='bbox 1227 2844 1326 2908; x_wconf 81' lang='grc' dir='ltr'>τὰς</span> <span class='ocrx_word' id='word_1_292' title='bbox 1368 2846 1559 2915; x_wconf 81' lang='grc' dir='ltr'>χεῖρας</span> <span class='ocrx_word' id='word_1_293' title='bbox 1609 2843 1902 2912; x_wconf 80' lang='grc' dir='ltr'><strong>εὐλόγησεν</strong></span> 
     </span>
    </p>
   </div>
   <div class='ocr_carea' id='block_1_40' title="bbox 307 2935 1905 3007">
    <p class='ocr_par' dir='ltr' id='par_1_40' title="bbox 307 2935 1905 3007">
     <span class='ocr_line' id='line_1_40' title="bbox 307 2935 1905 3007; baseline -0.002 -16"><span class='ocrx_word' id='word_1_294' title='bbox 307 2938 410 2991; x_wconf 74' lang='grc' dir='ltr'>τὸν</span> <span class='ocrx_word' id='word_1_295' title='bbox 449 2937 598 2993; x_wconf 85' lang='grc' dir='ltr'>λαόν.</span> <span class='ocrx_word' id='word_1_296' title='bbox 642 2939 701 2990; x_wconf 89' lang='grc' dir='ltr'>Ὃ</span> <span class='ocrx_word' id='word_1_297' title='bbox 728 2938 783 2990; x_wconf 78' lang='grc' dir='ltr'><strong>δὲ</strong></span> <span class='ocrx_word' id='word_1_298' title='bbox 815 2935 1102 3007; x_wconf 75' lang='grc' dir='ltr'>Ἰεζεκιὴλ,</span> <span class='ocrx_word' id='word_1_299' title='bbox 1158 2936 1425 3007; x_wconf 70' lang='grc' dir='ltr'>περὶτῶν</span> <span class='ocrx_word' id='word_1_300' title='bbox 1475 2935 1667 3006; x_wconf 86' lang='grc' dir='ltr'>ἱερέων</span> <span class='ocrx_word' id='word_1_301' title='bbox 1701 2935 1905 3005; x_wconf 76' lang='grc' dir='ltr'>ἔφησεν</span> 
     </span>
    </p>
   </div>
   <div class='ocr_carea' id='block_1_41' title="bbox 302 3022 1906 3101">
    <p class='ocr_par' dir='ltr' id='par_1_41' title="bbox 302 3022 1906 3101">
     <span class='ocr_line' id='line_1_41' title="bbox 302 3022 1906 3101; baseline -0.001 -19"><span class='ocrx_word' id='word_1_302' title='bbox 302 3027 516 3093; x_wconf 76' lang='grc' dir='ltr'>οὕτως,</span> <span class='ocrx_word' id='word_1_303' title='bbox 558 3047 577 3080; x_wconf 82' lang='lat' dir='ltr'><strong>t</strong></span> <span class='ocrx_word' id='word_1_304' title='bbox 615 3022 770 3085; x_wconf 81' lang='grc' dir='ltr'>Οἶνον</span> <span class='ocrx_word' id='word_1_305' title='bbox 801 3027 878 3101; x_wconf 74' lang='grc' dir='ltr'>μὴ</span> <span class='ocrx_word' id='word_1_306' title='bbox 900 3028 1094 3082; x_wconf 78' lang='grc' dir='ltr'>πίωσιν</span> <span class='ocrx_word' id='word_1_307' title='bbox 1143 3030 1254 3093; x_wconf 84' lang='grc' dir='ltr'>πᾶς</span> <span class='ocrx_word' id='word_1_308' title='bbox 1294 3029 1493 3100; x_wconf 75' lang='grc' dir='ltr'>ἱερεὺς,</span> <span class='ocrx_word' id='word_1_309' title='bbox 1526 3029 1585 3083; x_wconf 81' lang='grc' dir='ltr'><strong>ὲν</strong></span> <span class='ocrx_word' id='word_1_310' title='bbox 1617 3026 1694 3099; x_wconf 82' lang='grc' dir='ltr'><strong>τῷ</strong></span> <span class='ocrx_word' id='word_1_311' title='bbox 1719 3028 1906 3081; x_wconf 80' lang='grc' dir='ltr'>εἰσπο-</span> 
     </span>
    </p>
   </div>
   <div class='ocr_carea' id='block_1_42' title="bbox 2013 1922 3590 1997">
    <p class='ocr_par' dir='ltr' id='par_1_42' title="bbox 2013 1922 3590 1997">
     <span class='ocr_line' id='line_1_42' title="bbox 2013 1922 3590 1997; baseline -0.003 -15"><span class='ocrx_word' id='word_1_312' title='bbox 2013 1926 2199 1983; x_wconf 84' lang='lat' dir='ltr'><strong>ﬂectat</strong></span> <span class='ocrx_word' id='word_1_313' title='bbox 2230 1934 2288 1982; x_wconf 89' lang='lat' dir='ltr'><strong>et</strong></span> <span class='ocrx_word' id='word_1_314' title='bbox 2325 1926 2657 1997; x_wconf 88' lang='lat' dir='ltr'><strong>repropitiet</strong></span> <span class='ocrx_word' id='word_1_315' title='bbox 2719 1923 3019 1981; x_wconf 89' lang='lat' dir='ltr'><strong>sacerdos:</strong></span> <span class='ocrx_word' id='word_1_316' title='bbox 3044 1933 3210 1994; x_wconf 86' lang='lat' dir='ltr'><strong>atque</strong></span> <span class='ocrx_word' id='word_1_317' title='bbox 3240 1923 3451 1977; x_wconf 85' lang='lat' dir='ltr'><strong>utinam</strong></span> <span class='ocrx_word' id='word_1_318' title='bbox 3477 1922 3590 1978; x_wconf 90' lang='lat' dir='ltr'><strong>sic:</strong></span> 
     </span>
    </p>
   </div>
   <div class='ocr_carea' id='block_1_43' title="bbox 2013 2014 3595 2090">
    <p class='ocr_par' dir='ltr' id='par_1_43' title="bbox 2013 2014 3595 2090">
     <span class='ocr_line' id='line_1_43' title="bbox 2013 2014 3595 2090; baseline -0.004 -15"><span class='ocrx_word' id='word_1_319' title='bbox 2013 2018 2216 2075; x_wconf 89' lang='lat' dir='ltr'><strong>deinde</strong></span> <span class='ocrx_word' id='word_1_320' title='bbox 2241 2034 2344 2090; x_wconf 90' lang='lat' dir='ltr'><strong>pro</strong></span> <span class='ocrx_word' id='word_1_321' title='bbox 2372 2018 2586 2090; x_wconf 87' lang='lat' dir='ltr'><strong>populi,</strong></span> <span class='ocrx_word' id='word_1_322' title='bbox 2605 2019 2763 2089; x_wconf 81' lang='lat' dir='ltr'><strong>juxta</strong></span> <span class='ocrx_word' id='word_1_323' title='bbox 2792 2016 3012 2072; x_wconf 88' lang='lat' dir='ltr'><strong>Domini</strong></span> <span class='ocrx_word' id='word_1_324' title='bbox 3044 2016 3365 2071; x_wconf 91' lang='lat' dir='ltr'><strong>mandatum</strong></span> <span class='ocrx_word' id='word_1_325' title='bbox 3402 2014 3595 2069; x_wconf 90' lang='lat' dir='ltr'><strong>dicen-</strong></span> 
     </span>
    </p>
   </div>
   <div class='ocr_carea' id='block_1_44' title="bbox 2015 2108 3594 2181">
    <p class='ocr_par' dir='ltr' id='par_1_44' title="bbox 2015 2108 3594 2181">
     <span class='ocr_line' id='line_1_44' title="bbox 2015 2108 3594 2181; baseline -0.004 -14"><span class='ocrx_word' id='word_1_326' title='bbox 2015 2113 2086 2168; x_wconf 87' lang='lat' dir='ltr'><strong>tis</strong></span> <span class='ocrx_word' id='word_1_327' title='bbox 2118 2130 2131 2167; x_wconf 91' lang='lat'><strong>:</strong></span> <span class='ocrx_word' id='word_1_328' title='bbox 2183 2131 2202 2164; x_wconf 84' lang='grc'><em>‹</em></span> <span class='ocrx_word' id='word_1_329' title='bbox 2227 2111 2428 2167; x_wconf 84' lang='lat' dir='ltr'><strong>Munda</strong></span> <span class='ocrx_word' id='word_1_330' title='bbox 2457 2111 2614 2181; x_wconf 86' lang='lat' dir='ltr'><strong>prius</strong></span> <span class='ocrx_word' id='word_1_331' title='bbox 2640 2110 2789 2181; x_wconf 89' lang='lat' dir='ltr'><strong>quod</strong></span> <span class='ocrx_word' id='word_1_332' title='bbox 2826 2109 2976 2164; x_wconf 90' lang='lat' dir='ltr'><strong>intus</strong></span> <span class='ocrx_word' id='word_1_333' title='bbox 3020 2118 3107 2165; x_wconf 90' lang='lat' dir='ltr'><strong>est</strong></span> <span class='ocrx_word' id='word_1_334' title='bbox 3136 2108 3348 2175; x_wconf 89' lang='lat' dir='ltr'><strong>calicis,</strong></span> <span class='ocrx_word' id='word_1_335' title='bbox 3381 2114 3437 2163; x_wconf 89' lang='lat' dir='ltr'><strong>et</strong></span> <span class='ocrx_word' id='word_1_336' title='bbox 3462 2115 3594 2162; x_wconf 89' lang='lat' dir='ltr'><strong>tunc</strong></span> 
     </span>
    </p>
   </div>
   <div class='ocr_carea' id='block_1_45' title="bbox 2013 2199 3594 2276">
    <p class='ocr_par' dir='ltr' id='par_1_45' title="bbox 2013 2199 3594 2276">
     <span class='ocr_line' id='line_1_45' title="bbox 2013 2199 3594 2276; baseline -0.004 -17"><span class='ocrx_word' id='word_1_337' title='bbox 2013 2204 2161 2276; x_wconf 87' lang='lat' dir='ltr'><strong>quod</strong></span> <span class='ocrx_word' id='word_1_338' title='bbox 2208 2203 2419 2260; x_wconf 82' lang='lat' dir='ltr'><strong>deforis</strong></span> <span class='ocrx_word' id='word_1_339' title='bbox 2452 2205 2506 2258; x_wconf 78' lang='grc'><strong>⁸..</strong></span> <span class='ocrx_word' id='word_1_340' title='bbox 2538 2222 2557 2256; x_wconf 70' lang='grc' dir='ltr'>ι</span> <span class='ocrx_word' id='word_1_341' title='bbox 2615 2202 2721 2270; x_wconf 86' lang='lat' dir='ltr'><strong>Qui</strong></span> <span class='ocrx_word' id='word_1_342' title='bbox 2769 2201 2918 2258; x_wconf 89' lang='lat' dir='ltr'><strong>enim</strong></span> <span class='ocrx_word' id='word_1_343' title='bbox 2968 2200 3145 2273; x_wconf 85' lang='lat' dir='ltr'><strong>possit</strong></span> <span class='ocrx_word' id='word_1_344' title='bbox 3195 2215 3340 2255; x_wconf 93' lang='lat' dir='ltr'><strong>unus</strong></span> <span class='ocrx_word' id='word_1_345' title='bbox 3390 2199 3594 2270; x_wconf 88' lang='lat' dir='ltr'><strong>aliquis</strong></span> 
     </span>
    </p>
   </div>
   <div class='ocr_carea' id='block_1_46' title="bbox 2014 2292 3594 2363">
    <p class='ocr_par' dir='ltr' id='par_1_46' title="bbox 2014 2292 3594 2363">
     <span class='ocr_line' id='line_1_46' title="bbox 2014 2292 3594 2363; baseline -0.004 -10"><span class='ocrx_word' id='word_1_346' title='bbox 2014 2298 2158 2353; x_wconf 90' lang='lat' dir='ltr'><strong>irato</strong></span> <span class='ocrx_word' id='word_1_347' title='bbox 2197 2297 2497 2353; x_wconf 74' lang='lat' dir='ltr'><strong>adversum</strong></span> <span class='ocrx_word' id='word_1_348' title='bbox 2547 2311 2608 2351; x_wconf 90' lang='lat' dir='ltr'><strong>se</strong></span> <span class='ocrx_word' id='word_1_349' title='bbox 2650 2297 2764 2351; x_wconf 91' lang='lat' dir='ltr'><strong>Deo</strong></span> <span class='ocrx_word' id='word_1_350' title='bbox 2809 2310 2875 2350; x_wconf 90' lang='lat' dir='ltr'><strong>ac</strong></span> <span class='ocrx_word' id='word_1_351' title='bbox 2911 2295 3056 2349; x_wconf 89' lang='lat' dir='ltr'><strong>male</strong></span> <span class='ocrx_word' id='word_1_352' title='bbox 3086 2292 3327 2363; x_wconf 86' lang='lat' dir='ltr'><strong>prepitio</strong></span> <span class='ocrx_word' id='word_1_353' title='bbox 3357 2306 3459 2362; x_wconf 91' lang='lat' dir='ltr'><strong>pro</strong></span> <span class='ocrx_word' id='word_1_354' title='bbox 3490 2306 3594 2362; x_wconf 84' lang='lat' dir='ltr'><strong>po-</strong></span> 
     </span>
    </p>
   </div>
   <div class='ocr_carea' id='block_1_47' title="bbox 2012 2385 3592 2458">
    <p class='ocr_par' dir='ltr' id='par_1_47' title="bbox 2012 2385 3592 2458">
     <span class='ocr_line' id='line_1_47' title="bbox 2012 2385 3592 2458; baseline -0.003 -15"><span class='ocrx_word' id='word_1_355' title='bbox 2012 2390 2129 2454; x_wconf 87' lang='lat' dir='ltr'><strong>puli</strong></span> <span class='ocrx_word' id='word_1_356' title='bbox 2172 2403 2406 2445; x_wconf 83' lang='lat' dir='ltr'><strong>exorare</strong></span> <span class='ocrx_word' id='word_1_357' title='bbox 2453 2387 2734 2458; x_wconf 87' lang='lat' dir='ltr'><strong>peccatis?</strong></span> <span class='ocrx_word' id='word_1_358' title='bbox 2762 2385 2915 2443; x_wconf 75' lang='lat' dir='ltr'><strong>Oﬂ‘er</strong></span> <span class='ocrx_word' id='word_1_359' title='bbox 2956 2385 3376 2442; x_wconf 88' lang='lat' dir='ltr'><strong>holocaustoma</strong></span> <span class='ocrx_word' id='word_1_360' title='bbox 3410 2393 3592 2448; x_wconf 86' lang='lat' dir='ltr'><strong>tuum,</strong></span> 
     </span>
    </p>
   </div>
   <div class='ocr_carea' id='block_1_48' title="bbox 2011 2474 3593 2553">
    <p class='ocr_par' dir='ltr' id='par_1_48' title="bbox 2011 2474 3593 2553">
     <span class='ocr_line' id='line_1_48' title="bbox 2011 2474 3593 2553; baseline -0.005 -17"><span class='ocrx_word' id='word_1_361' title='bbox 2011 2491 2068 2536; x_wconf 90' lang='lat' dir='ltr'><strong>et</strong></span> <span class='ocrx_word' id='word_1_362' title='bbox 2124 2481 2333 2553; x_wconf 90' lang='lat' dir='ltr'><strong>populo</strong></span> <span class='ocrx_word' id='word_1_363' title='bbox 2383 2478 2714 2535; x_wconf 89' lang='lat' dir='ltr'><strong>conciliabis</strong></span> <span class='ocrx_word' id='word_1_364' title='bbox 2767 2477 3037 2549; x_wconf 86' lang='lat' dir='ltr'><strong>placabile</strong></span> <span class='ocrx_word' id='word_1_365' title='bbox 3086 2492 3317 2531; x_wconf 90' lang='lat' dir='ltr'><strong>numen.</strong></span> <span class='ocrx_word' id='word_1_366' title='bbox 3368 2474 3593 2542; x_wconf 82' lang='lat' dir='ltr'><strong>Liquet,</strong></span> 
     </span>
    </p>
   </div>
   <div class='ocr_carea' id='block_1_49' title="bbox 2011 2568 3595 2644">
    <p class='ocr_par' dir='ltr' id='par_1_49' title="bbox 2011 2568 3595 2644">
     <span class='ocr_line' id='line_1_49' title="bbox 2011 2568 3595 2644; baseline -0.004 -17"><span class='ocrx_word' id='word_1_367' title='bbox 2011 2573 2160 2644; x_wconf 90' lang='lat' dir='ltr'><strong>quod</strong></span> <span class='ocrx_word' id='word_1_368' title='bbox 2195 2574 2243 2629; x_wconf 87' lang='lat' dir='ltr'><strong>si</strong></span> <span class='ocrx_word' id='word_1_369' title='bbox 2282 2573 2331 2628; x_wconf 91' lang='lat' dir='ltr'><strong>is</strong></span> <span class='ocrx_word' id='word_1_370' title='bbox 2377 2572 2619 2644; x_wconf 90' lang='lat' dir='ltr'><strong>primum</strong></span> <span class='ocrx_word' id='word_1_371' title='bbox 2663 2585 2791 2626; x_wconf 87' lang='lat' dir='ltr'><strong>suas</strong></span> <span class='ocrx_word' id='word_1_372' title='bbox 2838 2569 2991 2626; x_wconf 86' lang='lat' dir='ltr'><strong>eluat</strong></span> <span class='ocrx_word' id='word_1_373' title='bbox 3037 2568 3253 2635; x_wconf 88' lang='lat' dir='ltr'><strong>sordes,</strong></span> <span class='ocrx_word' id='word_1_374' title='bbox 3313 2568 3507 2636; x_wconf 83' lang='lat' dir='ltr'><strong>utique</strong></span> <span class='ocrx_word' id='word_1_375' title='bbox 3526 2574 3595 2637; x_wconf 21' lang='lat' dir='ltr'><strong>Oet</strong></span> 
     </span>
    </p>
   </div>
   <div class='ocr_carea' id='block_1_50' title="bbox 2010 2659 3596 2736">
    <p class='ocr_par' dir='ltr' id='par_1_50' title="bbox 2010 2659 3596 2736">
     <span class='ocr_line' id='line_1_50' title="bbox 2010 2659 3596 2736; baseline -0.006 -15"><span class='ocrx_word' id='word_1_376' title='bbox 2010 2665 2346 2722; x_wconf 88' lang='lat' dir='ltr'><strong>domesticos</strong></span> <span class='ocrx_word' id='word_1_377' title='bbox 2391 2663 2744 2736; x_wconf 71' lang='lat' dir='ltr'><strong>expurgabit.</strong></span> <span class='ocrx_word' id='word_1_378' title='bbox 2784 2663 2943 2718; x_wconf 89' lang='lat' dir='ltr'><strong>Tune</strong></span> <span class='ocrx_word' id='word_1_379' title='bbox 2987 2661 3272 2731; x_wconf 87' lang='lat' dir='ltr'><strong>deinceps,</strong></span> <span class='ocrx_word' id='word_1_380' title='bbox 3323 2659 3401 2714; x_wconf 94' lang='lat' dir='ltr'><strong>ait</strong></span> <span class='ocrx_word' id='word_1_381' title='bbox 3445 2659 3596 2714; x_wconf 88' lang='lat' dir='ltr'><strong>Seri-</strong></span> 
     </span>
    </p>
   </div>
   <div class='ocr_carea' id='block_1_51' title="bbox 2008 2751 3589 2829">
    <p class='ocr_par' dir='ltr' id='par_1_51' title="bbox 2008 2751 3589 2829">
     <span class='ocr_line' id='line_1_51' title="bbox 2008 2751 3589 2829; baseline -0.006 -16"><span class='ocrx_word' id='word_1_382' title='bbox 2008 2766 2192 2829; x_wconf 90' lang='lat' dir='ltr'><strong>ptura,</strong></span> <span class='ocrx_word' id='word_1_383' title='bbox 2219 2757 2453 2813; x_wconf 84' lang='lat' dir='ltr'><strong>elevatis</strong></span> <span class='ocrx_word' id='word_1_384' title='bbox 2484 2756 2671 2811; x_wconf 87' lang='lat' dir='ltr'><strong>Aaron</strong></span> <span class='ocrx_word' id='word_1_385' title='bbox 2694 2754 2954 2810; x_wconf 90' lang='lat' dir='ltr'><strong>manibus</strong></span> <span class='ocrx_word' id='word_1_386' title='bbox 2984 2752 3281 2808; x_wconf 88' lang='lat' dir='ltr'><strong>benedicet</strong></span> <span class='ocrx_word' id='word_1_387' title='bbox 3312 2751 3518 2821; x_wconf 90' lang='lat' dir='ltr'><strong>populo</strong></span> <span class='ocrx_word' id='word_1_388' title='bbox 3546 2753 3589 2803; x_wconf 83' lang='grc'>³.</span> 
     </span>
    </p>
   </div>
   <div class='ocr_carea' id='block_1_52' title="bbox 2009 2842 3593 2920">
    <p class='ocr_par' dir='ltr' id='par_1_52' title="bbox 2009 2842 3593 2920">
     <span class='ocr_line' id='line_1_52' title="bbox 2009 2842 3593 2920; baseline -0.006 -15"><span class='ocrx_word' id='word_1_389' title='bbox 2009 2849 2267 2905; x_wconf 85' lang='lat' dir='ltr'><strong>Ezechiel</strong></span> <span class='ocrx_word' id='word_1_390' title='bbox 2324 2848 2561 2920; x_wconf 91' lang='lat' dir='ltr'><strong>proinde</strong></span> <span class='ocrx_word' id='word_1_391' title='bbox 2588 2847 2658 2903; x_wconf 90' lang='lat' dir='ltr'><strong>ad</strong></span> <span class='ocrx_word' id='word_1_392' title='bbox 2688 2848 2840 2901; x_wconf 90' lang='lat' dir='ltr'><strong>hunc</strong></span> <span class='ocrx_word' id='word_1_393' title='bbox 2868 2846 3092 2901; x_wconf 87' lang='lat' dir='ltr'><strong>locutus</strong></span> <span class='ocrx_word' id='word_1_394' title='bbox 3141 2852 3229 2899; x_wconf 91' lang='lat' dir='ltr'><strong>est</strong></span> <span class='ocrx_word' id='word_1_395' title='bbox 3265 2843 3491 2899; x_wconf 90' lang='lat' dir='ltr'><strong>modum</strong></span> <span class='ocrx_word' id='word_1_396' title='bbox 3522 2842 3593 2897; x_wconf 91' lang='lat' dir='ltr'><strong>de</strong></span> 
     </span>
    </p>
   </div>
   <div class='ocr_carea' id='block_1_53' title="bbox 2008 2933 3595 3004">
    <p class='ocr_par' dir='ltr' id='par_1_53' title="bbox 2008 2933 3595 3004">
     <span class='ocr_line' id='line_1_53' title="bbox 2008 2933 3595 3004; baseline -0.005 -8"><span class='ocrx_word' id='word_1_397' title='bbox 2008 2941 2295 2996; x_wconf 85' lang='lat' dir='ltr'><strong>sacerdote</strong></span> <span class='ocrx_word' id='word_1_398' title='bbox 2333 2956 2347 2993; x_wconf 90' lang='lat'><strong>:</strong></span> <span class='ocrx_word' id='word_1_399' title='bbox 2388 2957 2407 2991; x_wconf 74' lang='grc' dir='ltr'>ι</span> <span class='ocrx_word' id='word_1_400' title='bbox 2442 2938 2648 2995; x_wconf 78' lang='lat' dir='ltr'><strong>Vinum</strong></span> <span class='ocrx_word' id='word_1_401' title='bbox 2690 2952 2804 2992; x_wconf 92' lang='lat' dir='ltr'><strong>non</strong></span> <span class='ocrx_word' id='word_1_402' title='bbox 2839 2936 2998 2992; x_wconf 89' lang='lat' dir='ltr'><strong>bibet</strong></span> <span class='ocrx_word' id='word_1_403' title='bbox 3030 2933 3314 2999; x_wconf 89' lang='lat' dir='ltr'><strong>sacerdos,</strong></span> <span class='ocrx_word' id='word_1_404' title='bbox 3369 2933 3595 3004; x_wconf 87' lang='lat' dir='ltr'><strong>quando</strong></span> 
     </span>
    </p>
   </div>
   <div class='ocr_carea' id='block_1_54' title="bbox 2009 3025 3590 3103">
    <p class='ocr_par' dir='ltr' id='par_1_54' title="bbox 2009 3025 3590 3103">
     <span class='ocr_line' id='line_1_54' title="bbox 2009 3025 3590 3103; baseline -0.004 -16"><span class='ocrx_word' id='word_1_405' title='bbox 2009 3031 2323 3103; x_wconf 89' lang='lat' dir='ltr'><strong>ingreditur</strong></span> <span class='ocrx_word' id='word_1_406' title='bbox 2347 3030 2555 3103; x_wconf 81' lang='lat' dir='ltr'><strong>atrium</strong></span> <span class='ocrx_word' id='word_1_407' title='bbox 2582 3029 2820 3085; x_wconf 87' lang='lat' dir='ltr'><strong>interius</strong></span> <span class='ocrx_word' id='word_1_408' title='bbox 2845 3027 2891 3082; x_wconf 73' lang='grc'>⁸.</span> <span class='ocrx_word' id='word_1_409' title='bbox 2924 3045 2942 3079; x_wconf 72' lang='grc' dir='ltr'>ι</span> <span class='ocrx_word' id='word_1_410' title='bbox 2976 3026 3277 3097; x_wconf 87' lang='lat' dir='ltr'><strong>Apostolus</strong></span> <span class='ocrx_word' id='word_1_411' title='bbox 3312 3025 3449 3083; x_wconf 86' lang='lat' dir='ltr'><strong>item</strong></span> <span class='ocrx_word' id='word_1_412' title='bbox 3479 3025 3590 3081; x_wconf 87' lang='lat' dir='ltr'><strong>ait:</strong></span> 
     </span>
    </p>
   </div>
   <div class='ocr_carea' id='block_1_55' title="bbox 306 3110 1901 3219">
    <p class='ocr_par' dir='ltr' id='par_1_55' title="bbox 306 3118 1901 3193">
     <span class='ocr_line' id='line_1_55' title="bbox 306 3118 1901 3193; baseline -0.001 -19"><span class='ocrx_word' id='word_1_413' title='bbox 306 3120 567 3192; x_wconf 82' lang='grc' dir='ltr'>ρεύεσθαι</span> <span class='ocrx_word' id='word_1_414' title='bbox 598 3120 796 3181; x_wconf 70' lang='grc' dir='ltr'>αὐτοὺς</span> <span class='ocrx_word' id='word_1_415' title='bbox 820 3121 900 3184; x_wconf 86' lang='grc' dir='ltr'>είς</span> <span class='ocrx_word' id='word_1_416' title='bbox 928 3119 1025 3192; x_wconf 80' lang='grc' dir='ltr'>τὴν</span> <span class='ocrx_word' id='word_1_417' title='bbox 1050 3120 1218 3192; x_wconf 75' lang='grc' dir='ltr'>αὐλὴν</span> <span class='ocrx_word' id='word_1_418' title='bbox 1250 3119 1348 3193; x_wconf 79' lang='grc' dir='ltr'>τὴν</span> <span class='ocrx_word' id='word_1_419' title='bbox 1377 3119 1672 3192; x_wconf 73' lang='grc' dir='ltr'>ἐσωτέραν.</span> <span class='ocrx_word' id='word_1_420' title='bbox 1716 3138 1735 3171; x_wconf 73' lang='grc' dir='ltr'>ι</span> <span class='ocrx_word' id='word_1_421' title='bbox 1789 3118 1901 3173; x_wconf 74' lang='grc' dir='ltr'><strong>Καὶ</strong></span> 
     </span>
    </p>
   </div>
   <div class='ocr_carea' id='block_1_56' title="bbox 2004 3110 3593 3219">
    <p class='ocr_par' dir='ltr' id='par_1_56' title="bbox 2014 3110 3593 3193">
     <span class='ocr_line' id='line_1_56' title="bbox 2014 3110 3593 3193; baseline -0.004 -15"><span class='ocrx_word' id='word_1_422' title='bbox 2014 3143 2034 3178; x_wconf 81' lang='grc' dir='ltr'>ι</span> <span class='ocrx_word' id='word_1_423' title='bbox 2068 3124 2546 3193; x_wconf 87' lang='lat' dir='ltr'><strong>Quemadmodum</strong></span> <span class='ocrx_word' id='word_1_424' title='bbox 2587 3121 2839 3193; x_wconf 80' lang='lat' dir='ltr'><strong>pontifex</strong></span> <span class='ocrx_word' id='word_1_425' title='bbox 2867 3120 3025 3192; x_wconf 90' lang='lat' dir='ltr'><strong>prius</strong></span> <span class='ocrx_word' id='word_1_426' title='bbox 3054 3135 3157 3191; x_wconf 88' lang='lat' dir='ltr'><strong>pro</strong></span> <span class='ocrx_word' id='word_1_427' title='bbox 3187 3119 3430 3190; x_wconf 88' lang='lat' dir='ltr'><strong>peccatis</strong></span> <span class='ocrx_word' id='word_1_428' title='bbox 3460 3110 3593 3188; x_wconf 86' lang='lat' dir='ltr'><strong>pro-</strong></span> 
     </span>
    </p>
   </div>
   <div class='ocr_carea' id='block_1_57' title="bbox 300 3212 1902 3285">
    <p class='ocr_par' dir='ltr' id='par_1_57' title="bbox 300 3212 1902 3285">
     <span class='ocr_line' id='line_1_57' title="bbox 300 3212 1902 3285; baseline -0.001 -17"><span class='ocrx_word' id='word_1_429' title='bbox 300 3217 335 3268; x_wconf 85' lang='grc' dir='ltr'><strong>ὁ</strong></span> <span class='ocrx_word' id='word_1_430' title='bbox 384 3212 708 3277; x_wconf 74' lang='grc' dir='ltr'>Ἀπόστολος</span> <span class='ocrx_word' id='word_1_431' title='bbox 734 3229 748 3242; x_wconf 76' lang='grc'><strong><em>⁸</em></strong></span> <span class='ocrx_word' id='word_1_432' title='bbox 779 3231 797 3265; x_wconf 83' lang='grc' dir='ltr'>ι</span> <span class='ocrx_word' id='word_1_433' title='bbox 838 3214 1049 3282; x_wconf 82' lang='grc' dir='ltr'>Ὠσπερ</span> <span class='ocrx_word' id='word_1_434' title='bbox 1098 3214 1148 3267; x_wconf 88' lang='grc' dir='ltr'><strong>οἱ</strong></span> <span class='ocrx_word' id='word_1_435' title='bbox 1178 3215 1477 3285; x_wconf 80' lang='grc' dir='ltr'>ἀρχιερεῖς,</span> <span class='ocrx_word' id='word_1_436' title='bbox 1535 3214 1719 3284; x_wconf 63' lang='grc' dir='ltr'>φησιν,</span> <span class='ocrx_word' id='word_1_437' title='bbox 1768 3213 1902 3283; x_wconf 79' lang='grc' dir='ltr'>πρό-</span> 
     </span>
    </p>
   </div>
   <div class='ocr_carea' id='block_1_58' title="bbox 298 3304 1897 3378">
    <p class='ocr_par' dir='ltr' id='par_1_58' title="bbox 298 3304 1897 3378">
     <span class='ocr_line' id='line_1_58' title="bbox 298 3304 1897 3378; baseline -0.003 -17"><span class='ocrx_word' id='word_1_438' title='bbox 298 3322 469 3378; x_wconf 78' lang='grc' dir='ltr'>τερον</span> <span class='ocrx_word' id='word_1_439' title='bbox 498 3305 640 3376; x_wconf 76' lang='grc' dir='ltr'>ὑπὲρ</span> <span class='ocrx_word' id='word_1_440' title='bbox 669 3305 779 3359; x_wconf 83' lang='grc' dir='ltr'><strong>τῶν</strong></span> <span class='ocrx_word' id='word_1_441' title='bbox 811 3305 958 3358; x_wconf 82' lang='grc' dir='ltr'>ἱδίων</span> <span class='ocrx_word' id='word_1_442' title='bbox 981 3305 1264 3376; x_wconf 82' lang='grc' dir='ltr'>ἁμαρτιῶν</span> <span class='ocrx_word' id='word_1_443' title='bbox 1294 3304 1487 3368; x_wconf 82' lang='grc' dir='ltr'>Θυσίας</span> <span class='ocrx_word' id='word_1_444' title='bbox 1509 3304 1897 3376; x_wconf 69' lang='grc' dir='ltr'>ἀναφέρουσιν,</span> 
     </span>
    </p>
   </div>
   <div class='ocr_carea' id='block_1_59' title="bbox 299 3395 1903 3471">
    <p class='ocr_par' dir='ltr' id='par_1_59' title="bbox 299 3395 1903 3471">
     <span class='ocr_line' id='line_1_59' title="bbox 299 3395 1903 3471; baseline -0.001 -19"><span class='ocrx_word' id='word_1_445' title='bbox 299 3399 505 3453; x_wconf 66' lang='grc' dir='ltr'>ἔπειτα</span> <span class='ocrx_word' id='word_1_446' title='bbox 537 3398 679 3471; x_wconf 81' lang='grc' dir='ltr'>ὑπὲρ</span> <span class='ocrx_word' id='word_1_447' title='bbox 700 3397 811 3452; x_wconf 84' lang='grc' dir='ltr'><strong>τῶν</strong></span> <span class='ocrx_word' id='word_1_448' title='bbox 842 3396 936 3451; x_wconf 72' lang='grc' dir='ltr'>τοῦ</span> <span class='ocrx_word' id='word_1_449' title='bbox 964 3396 1095 3450; x_wconf 88' lang='grc' dir='ltr'><strong>λαοῦ</strong></span> <span class='ocrx_word' id='word_1_450' title='bbox 1129 3397 1511 3469; x_wconf 82' lang='grc' dir='ltr'>ἀγνοημάτων.</span> <span class='ocrx_word' id='word_1_451' title='bbox 1539 3416 1560 3451; x_wconf 76' lang='grc' dir='ltr'>ι</span> <span class='ocrx_word' id='word_1_452' title='bbox 1584 3427 1661 3441; x_wconf 93' lang='grc'><strong><em>-</em></strong></span> <span class='ocrx_word' id='word_1_453' title='bbox 1680 3416 1698 3450; x_wconf 75' lang='grc' dir='ltr'>ι</span> <span class='ocrx_word' id='word_1_454' title='bbox 1732 3396 1791 3451; x_wconf 90' lang='lat'><strong>&#39;0</strong></span> <span class='ocrx_word' id='word_1_455' title='bbox 1817 3395 1903 3450; x_wconf 87' lang='grc' dir='ltr'>νό-</span> 
     </span>
    </p>
   </div>
   <div class='ocr_carea' id='block_1_60' title="bbox 303 3487 1901 3563">
    <p class='ocr_par' dir='ltr' id='par_1_60' title="bbox 303 3487 1901 3563">
     <span class='ocr_line' id='line_1_60' title="bbox 303 3487 1901 3563; baseline -0.001 -20"><span class='ocrx_word' id='word_1_456' title='bbox 303 3506 417 3561; x_wconf 85' lang='grc' dir='ltr'>μος</span> <span class='ocrx_word' id='word_1_457' title='bbox 443 3489 576 3563; x_wconf 79' lang='grc' dir='ltr'>γὰρ,</span> <span class='ocrx_word' id='word_1_458' title='bbox 598 3489 785 3559; x_wconf 74' lang='grc' dir='ltr'>φησὶν,</span> <span class='ocrx_word' id='word_1_459' title='bbox 820 3487 1140 3559; x_wconf 77' lang='grc' dir='ltr'>καθίστησιν</span> <span class='ocrx_word' id='word_1_460' title='bbox 1168 3490 1448 3561; x_wconf 81' lang='grc' dir='ltr'>ἀρχιερεῖς</span> <span class='ocrx_word' id='word_1_461' title='bbox 1491 3488 1716 3561; x_wconf 75' lang='grc' dir='ltr'>ἔχοντας</span> <span class='ocrx_word' id='word_1_462' title='bbox 1739 3487 1901 3543; x_wconf 80' lang='grc' dir='ltr'>ἀσθέ-</span> 
     </span>
    </p>
   </div>
   <div class='ocr_carea' id='block_1_61' title="bbox 299 3577 1901 3652">
    <p class='ocr_par' dir='ltr' id='par_1_61' title="bbox 299 3577 1901 3652">
     <span class='ocr_line' id='line_1_61' title="bbox 299 3577 1901 3652; baseline -0.002 -17"><span class='ocrx_word' id='word_1_463' title='bbox 299 3598 487 3636; x_wconf 90' lang='grc' dir='ltr'>νειαν.</span> <span class='ocrx_word' id='word_1_464' title='bbox 524 3600 543 3634; x_wconf 74' lang='grc' dir='ltr'>ι</span> <span class='ocrx_word' id='word_1_465' title='bbox 574 3582 680 3634; x_wconf 79' lang='grc' dir='ltr'><strong>Καὶ</strong></span> <span class='ocrx_word' id='word_1_466' title='bbox 709 3580 898 3645; x_wconf 78' lang='grc' dir='ltr'>αὖθις·</span> <span class='ocrx_word' id='word_1_467' title='bbox 935 3599 953 3632; x_wconf 74' lang='grc' dir='ltr'>ι</span> <span class='ocrx_word' id='word_1_468' title='bbox 989 3582 1105 3645; x_wconf 83' lang='grc' dir='ltr'><strong>Πᾶς</strong></span> <span class='ocrx_word' id='word_1_469' title='bbox 1132 3581 1240 3652; x_wconf 75' lang='grc' dir='ltr'><strong>γὰρ</strong></span> <span class='ocrx_word' id='word_1_470' title='bbox 1273 3581 1561 3652; x_wconf 83' lang='grc' dir='ltr'>ἀρχιερεὺς</span> <span class='ocrx_word' id='word_1_471' title='bbox 1595 3580 1655 3648; x_wconf 77' lang='grc' dir='ltr'>ἐξ</span> <span class='ocrx_word' id='word_1_472' title='bbox 1692 3577 1901 3652; x_wconf 83' lang='grc' dir='ltr'>ἀνθρώ-</span> 
     </span>
    </p>
   </div>
   <div class='ocr_carea' id='block_1_62' title="bbox 301 3674 1902 3747">
    <p class='ocr_par' dir='ltr' id='par_1_62' title="bbox 301 3674 1902 3747">
     <span class='ocr_line' id='line_1_62' title="bbox 301 3674 1902 3747; baseline 0 -17"><span class='ocrx_word' id='word_1_473' title='bbox 301 3692 433 3730; x_wconf 80' lang='grc' dir='ltr'><strong>πων</strong></span> <span class='ocrx_word' id='word_1_474' title='bbox 465 3674 904 3747; x_wconf 74' lang='grc' dir='ltr'>λαμϐανόμενος,</span> <span class='ocrx_word' id='word_1_475' title='bbox 935 3675 1078 3747; x_wconf 79' lang='grc' dir='ltr'>ὑπὲρ</span> <span class='ocrx_word' id='word_1_476' title='bbox 1120 3674 1424 3747; x_wconf 82' lang='grc' dir='ltr'>ἀνθρώπων</span> <span class='ocrx_word' id='word_1_477' title='bbox 1451 3675 1781 3730; x_wconf 85' lang='grc' dir='ltr'>καθίσταται</span> <span class='ocrx_word' id='word_1_478' title='bbox 1832 3674 1902 3731; x_wconf 78' lang='grc' dir='ltr'>τὰ</span> 
     </span>
    </p>
   </div>
   <div class='ocr_carea' id='block_1_63' title="bbox 300 3767 1900 3840">
    <p class='ocr_par' dir='ltr' id='par_1_63' title="bbox 300 3767 1900 3840">
     <span class='ocr_line' id='line_1_63' title="bbox 300 3767 1900 3840; baseline -0.003 -15"><span class='ocrx_word' id='word_1_479' title='bbox 300 3768 451 3840; x_wconf 70' lang='grc' dir='ltr'>πρδς</span> <span class='ocrx_word' id='word_1_480' title='bbox 476 3767 568 3822; x_wconf 68' lang='grc' dir='ltr'>τὸν</span> <span class='ocrx_word' id='word_1_481' title='bbox 623 3768 777 3833; x_wconf 77' lang='grc' dir='ltr'>Θεὸν,</span> <span class='ocrx_word' id='word_1_482' title='bbox 824 3767 915 3822; x_wconf 76' lang='grc' dir='ltr'><strong>ἵνα</strong></span> <span class='ocrx_word' id='word_1_483' title='bbox 966 3768 1250 3840; x_wconf 80' lang='grc' dir='ltr'>προσφέρῃ</span> <span class='ocrx_word' id='word_1_484' title='bbox 1297 3767 1444 3839; x_wconf 77' lang='grc' dir='ltr'><strong>δῶρά</strong></span> <span class='ocrx_word' id='word_1_485' title='bbox 1468 3786 1528 3822; x_wconf 90' lang='grc' dir='ltr'><strong>τε</strong></span> <span class='ocrx_word' id='word_1_486' title='bbox 1578 3771 1675 3823; x_wconf 79' lang='grc' dir='ltr'>καὶ</span> <span class='ocrx_word' id='word_1_487' title='bbox 1708 3767 1900 3833; x_wconf 77' lang='grc' dir='ltr'>θυσίας</span> 
     </span>
    </p>
   </div>
   <div class='ocr_carea' id='block_1_64' title="bbox 300 3860 1898 3933">
    <p class='ocr_par' dir='ltr' id='par_1_64' title="bbox 300 3860 1898 3933">
     <span class='ocr_line' id='line_1_64' title="bbox 300 3860 1898 3933; baseline -0.002 -18"><span class='ocrx_word' id='word_1_488' title='bbox 300 3860 456 3932; x_wconf 78' lang='grc' dir='ltr'>ὑπὲρ</span> <span class='ocrx_word' id='word_1_489' title='bbox 517 3860 806 3933; x_wconf 81' lang='grc' dir='ltr'>ἁμαρτιῶν</span> <span class='ocrx_word' id='word_1_490' title='bbox 837 3897 853 3925; x_wconf 89' lang='grc'>,</span> <span class='ocrx_word' id='word_1_491' title='bbox 930 3860 1318 3931; x_wconf 82' lang='grc' dir='ltr'>μετριοπαθεῖν</span> <span class='ocrx_word' id='word_1_492' title='bbox 1383 3860 1722 3933; x_wconf 87' lang='grc' dir='ltr'>δυνάμενος,</span> <span class='ocrx_word' id='word_1_493' title='bbox 1785 3861 1898 3923; x_wconf 86' lang='grc' dir='ltr'>τοῖς</span> 
     </span>
    </p>
   </div>
   <div class='ocr_carea' id='block_1_65' title="bbox 300 3950 1896 4021">
    <p class='ocr_par' dir='ltr' id='par_1_65' title="bbox 300 3950 1896 4021">
     <span class='ocr_line' id='line_1_65' title="bbox 300 3950 1896 4021; baseline -0.001 -16"><span class='ocrx_word' id='word_1_494' title='bbox 300 3950 598 4021; x_wconf 78' lang='grc' dir='ltr'><strong>ἀγνοοῦσιν</strong></span> <span class='ocrx_word' id='word_1_495' title='bbox 639 3950 734 4006; x_wconf 67' lang='grc' dir='ltr'><strong>καὶ</strong></span> <span class='ocrx_word' id='word_1_496' title='bbox 773 3951 1169 4020; x_wconf 79' lang='grc' dir='ltr'>πλανωμένοις.</span> <span class='ocrx_word' id='word_1_497' title='bbox 1207 3951 1363 4005; x_wconf 71' lang='grc' dir='ltr'>Ἐπεὶ</span> <span class='ocrx_word' id='word_1_498' title='bbox 1402 3950 1499 4005; x_wconf 76' lang='grc' dir='ltr'>καὶ</span> <span class='ocrx_word' id='word_1_499' title='bbox 1544 3951 1706 4017; x_wconf 68' lang='grc' dir='ltr'>αὐτδς</span> <span class='ocrx_word' id='word_1_500' title='bbox 1738 3950 1896 4019; x_wconf 83' lang='grc' dir='ltr'>περί-</span> 
     </span>
    </p>
   </div>
   <div class='ocr_carea' id='block_1_66' title="bbox 298 4042 1899 4113">
    <p class='ocr_par' dir='ltr' id='par_1_66' title="bbox 298 4042 1899 4113">
     <span class='ocr_line' id='line_1_66' title="bbox 298 4042 1899 4113; baseline -0.001 -16"><span class='ocrx_word' id='word_1_501' title='bbox 298 4060 490 4099; x_wconf 83' lang='grc' dir='ltr'>κειται</span> <span class='ocrx_word' id='word_1_502' title='bbox 517 4042 820 4110; x_wconf 80' lang='grc' dir='ltr'>ἀσθένειαν,</span> <span class='ocrx_word' id='word_1_503' title='bbox 861 4042 956 4097; x_wconf 77' lang='grc' dir='ltr'><strong>καὶ</strong></span> <span class='ocrx_word' id='word_1_504' title='bbox 973 4042 1060 4096; x_wconf 83' lang='grc' dir='ltr'>διὰ</span> <span class='ocrx_word' id='word_1_505' title='bbox 1093 4042 1298 4113; x_wconf 71' lang='grc' dir='ltr'>ταύτην</span> <span class='ocrx_word' id='word_1_506' title='bbox 1321 4042 1523 4112; x_wconf 83' lang='grc' dir='ltr'>ὀφείλει</span> <span class='ocrx_word' id='word_1_507' title='bbox 1552 4042 1734 4108; x_wconf 85' lang='grc' dir='ltr'>καθὼς</span> <span class='ocrx_word' id='word_1_508' title='bbox 1758 4043 1899 4113; x_wconf 80' lang='grc' dir='ltr'>ὑπὲρ</span> 
     </span>
    </p>
   </div>
   <div class='ocr_carea' id='block_1_67' title="bbox 296 4132 1899 4208">
    <p class='ocr_par' dir='ltr' id='par_1_67' title="bbox 296 4132 1899 4208">
     <span class='ocr_line' id='line_1_67' title="bbox 296 4132 1899 4208; baseline 0 -19"><span class='ocrx_word' id='word_1_509' title='bbox 296 4134 406 4190; x_wconf 79' lang='grc' dir='ltr'>τοῦ</span> <span class='ocrx_word' id='word_1_510' title='bbox 463 4133 594 4188; x_wconf 83' lang='grc' dir='ltr'>λαοῦ</span> <span class='ocrx_word' id='word_1_511' title='bbox 623 4132 794 4198; x_wconf 75' lang='grc' dir='ltr'>οὕτως</span> <span class='ocrx_word' id='word_1_512' title='bbox 843 4135 937 4188; x_wconf 72' lang='grc' dir='ltr'><strong>καὶ</strong></span> <span class='ocrx_word' id='word_1_513' title='bbox 982 4135 1111 4206; x_wconf 76' lang='grc' dir='ltr'>περὶ</span> <span class='ocrx_word' id='word_1_514' title='bbox 1158 4133 1352 4187; x_wconf 78' lang='grc' dir='ltr'><strong>ἑαυτοῦ</strong></span> <span class='ocrx_word' id='word_1_515' title='bbox 1386 4135 1715 4207; x_wconf 82' lang='grc' dir='ltr'>προσφέρειν</span> <span class='ocrx_word' id='word_1_516' title='bbox 1759 4135 1899 4208; x_wconf 83' lang='grc' dir='ltr'>ὑπὲρ</span> 
     </span>
    </p>
   </div>
   <div class='ocr_carea' id='block_1_68' title="bbox 301 4219 1899 4297">
    <p class='ocr_par' dir='ltr' id='par_1_68' title="bbox 301 4219 1899 4297">
     <span class='ocr_line' id='line_1_68' title="bbox 301 4219 1899 4297; baseline -0.001 -17"><span class='ocrx_word' id='word_1_517' title='bbox 301 4223 620 4297; x_wconf 80' lang='grc' dir='ltr'>ἁμαρτιῶν.</span> <span class='ocrx_word' id='word_1_518' title='bbox 650 4245 668 4278; x_wconf 72' lang='grc' dir='ltr'>ι</span> <span class='ocrx_word' id='word_1_519' title='bbox 703 4226 795 4277; x_wconf 90' lang='grc' dir='ltr'>Δεῖ</span> <span class='ocrx_word' id='word_1_520' title='bbox 819 4219 1024 4293; x_wconf 82' lang='grc' dir='ltr'>οὖν,ὡς</span> <span class='ocrx_word' id='word_1_521' title='bbox 1056 4227 1292 4297; x_wconf 75' lang='grc' dir='ltr'>εἴρηται,</span> <span class='ocrx_word' id='word_1_522' title='bbox 1313 4226 1407 4281; x_wconf 75' lang='grc' dir='ltr'>τὸν</span> <span class='ocrx_word' id='word_1_523' title='bbox 1444 4227 1778 4296; x_wconf 74' lang='grc' dir='ltr'>καλούμενον</span> <span class='ocrx_word' id='word_1_524' title='bbox 1794 4228 1899 4280; x_wconf 78' lang='grc' dir='ltr'><strong>ὑπὸ</strong></span> 
     </span>
    </p>
   </div>
   <div class='ocr_carea' id='block_1_69' title="bbox 296 4315 1897 4391">
    <p class='ocr_par' dir='ltr' id='par_1_69' title="bbox 296 4315 1897 4391">
     <span class='ocr_line' id='line_1_69' title="bbox 296 4315 1897 4391; baseline -0.001 -19"><span class='ocrx_word' id='word_1_525' title='bbox 296 4316 405 4373; x_wconf 78' lang='grc' dir='ltr'><strong>τοῦ</strong></span> <span class='ocrx_word' id='word_1_526' title='bbox 432 4315 590 4379; x_wconf 79' lang='grc' dir='ltr'>Θεοῦ,</span> <span class='ocrx_word' id='word_1_527' title='bbox 628 4317 708 4379; x_wconf 87' lang='grc' dir='ltr'>είς</span> <span class='ocrx_word' id='word_1_528' title='bbox 740 4316 802 4368; x_wconf 81' lang='grc' dir='ltr'>τὸ</span> <span class='ocrx_word' id='word_1_529' title='bbox 827 4316 1162 4388; x_wconf 85' lang='grc' dir='ltr'>προσφέρειν</span> <span class='ocrx_word' id='word_1_530' title='bbox 1193 4316 1343 4387; x_wconf 87' lang='grc' dir='ltr'>δῶρα</span> <span class='ocrx_word' id='word_1_531' title='bbox 1398 4318 1491 4371; x_wconf 79' lang='grc' dir='ltr'><strong>καὶ</strong></span> <span class='ocrx_word' id='word_1_532' title='bbox 1520 4317 1712 4382; x_wconf 87' lang='grc' dir='ltr'>θυσίας</span> <span class='ocrx_word' id='word_1_533' title='bbox 1758 4318 1897 4391; x_wconf 79' lang='grc' dir='ltr'>ὑπὲρ</span> 
     </span>
    </p>
   </div>
   <div class='ocr_carea' id='block_1_70' title="bbox 298 4406 1897 4481">
    <p class='ocr_par' dir='ltr' id='par_1_70' title="bbox 298 4406 1897 4481">
     <span class='ocr_line' id='line_1_70' title="bbox 298 4406 1897 4481; baseline 0.001 -17"><span class='ocrx_word' id='word_1_534' title='bbox 298 4407 404 4464; x_wconf 71' lang='grc' dir='ltr'>τοῦ</span> <span class='ocrx_word' id='word_1_535' title='bbox 438 4407 599 4473; x_wconf 72' lang='grc' dir='ltr'>λαοῦ,</span> <span class='ocrx_word' id='word_1_536' title='bbox 637 4407 854 4479; x_wconf 85' lang='grc' dir='ltr'>πρῶτον</span> <span class='ocrx_word' id='word_1_537' title='bbox 875 4406 992 4478; x_wconf 81' lang='grc' dir='ltr'>’τὴν</span> <span class='ocrx_word' id='word_1_538' title='bbox 1044 4406 1240 4461; x_wconf 80' lang='grc' dir='ltr'>ἑαυτοῦ</span> <span class='ocrx_word' id='word_1_539' title='bbox 1272 4407 1450 4480; x_wconf 75' lang='grc' dir='ltr'>ψυχὴν</span> <span class='ocrx_word' id='word_1_540' title='bbox 1503 4411 1600 4463; x_wconf 72' lang='grc' dir='ltr'>καὶ</span> <span class='ocrx_word' id='word_1_541' title='bbox 1644 4409 1705 4463; x_wconf 78' lang='grc' dir='ltr'><strong>τὸ</strong></span> <span class='ocrx_word' id='word_1_542' title='bbox 1737 4409 1897 4481; x_wconf 86' lang='grc' dir='ltr'>σῶμα</span> 
     </span>
    </p>
   </div>
   <div class='ocr_carea' id='block_1_71' title="bbox 2002 3210 3594 3291">
    <p class='ocr_par' dir='ltr' id='par_1_71' title="bbox 2002 3210 3594 3291">
     <span class='ocr_line' id='line_1_71' title="bbox 2002 3210 3594 3291; baseline -0.005 -19"><span class='ocrx_word' id='word_1_543' title='bbox 2002 3218 2150 3291; x_wconf 90' lang='lat' dir='ltr'><strong>priis</strong></span> <span class='ocrx_word' id='word_1_544' title='bbox 2190 3217 2431 3273; x_wconf 88' lang='lat' dir='ltr'><strong>hostiam</strong></span> <span class='ocrx_word' id='word_1_545' title='bbox 2479 3215 2666 3281; x_wconf 74' lang='lat' dir='ltr'><strong>offert,</strong></span> <span class='ocrx_word' id='word_1_546' title='bbox 2699 3213 2902 3270; x_wconf 89' lang='lat' dir='ltr'><strong>deinde</strong></span> <span class='ocrx_word' id='word_1_547' title='bbox 2940 3228 3042 3283; x_wconf 90' lang='lat' dir='ltr'><strong>pro</strong></span> <span class='ocrx_word' id='word_1_548' title='bbox 3081 3212 3273 3282; x_wconf 83' lang='lat' dir='ltr'><strong>populi</strong></span> <span class='ocrx_word' id='word_1_549' title='bbox 3317 3212 3361 3266; x_wconf 83' lang='lat'><strong>&#39;.</strong></span> <span class='ocrx_word' id='word_1_550' title='bbox 3387 3230 3406 3263; x_wconf 71' lang='grc' dir='ltr'>ι</span> <span class='ocrx_word' id='word_1_551' title='bbox 3448 3210 3594 3265; x_wconf 81' lang='lat' dir='ltr'><strong>Dicit</strong></span> 
     </span>
    </p>
   </div>
   <div class='ocr_carea' id='block_1_72' title="bbox 1959 3301 3594 3378">
    <p class='ocr_par' dir='ltr' id='par_1_72' title="bbox 1959 3301 3594 3378">
     <span class='ocr_line' id='line_1_72' title="bbox 1959 3301 3594 3378; baseline -0.004 -12"><span class='ocrx_word' id='word_1_552' title='bbox 1959 3372 1965 3378; x_wconf 47' lang='grc'>,</span> <span class='ocrx_word' id='word_1_553' title='bbox 2003 3309 2152 3366; x_wconf 87' lang='lat' dir='ltr'><strong>enim</strong></span> <span class='ocrx_word' id='word_1_554' title='bbox 2188 3326 2201 3363; x_wconf 90' lang='lat'><strong>:</strong></span> <span class='ocrx_word' id='word_1_555' title='bbox 2248 3327 2267 3361; x_wconf 83' lang='grc' dir='ltr'>ι</span> <span class='ocrx_word' id='word_1_556' title='bbox 2296 3308 2411 3363; x_wconf 80' lang='lat' dir='ltr'><strong>Lex</strong></span> <span class='ocrx_word' id='word_1_557' title='bbox 2436 3305 2729 3362; x_wconf 89' lang='lat' dir='ltr'><strong>constituit</strong></span> <span class='ocrx_word' id='word_1_558' title='bbox 2752 3304 3053 3376; x_wconf 76' lang='lat' dir='ltr'><strong>pontifices</strong></span> <span class='ocrx_word' id='word_1_559' title='bbox 3085 3303 3469 3358; x_wconf 82' lang='lat' dir='ltr'><strong>infirmitatem</strong></span> <span class='ocrx_word' id='word_1_560' title='bbox 3491 3301 3594 3359; x_wconf 58' lang='lat' dir='ltr'><strong>has-</strong></span> 
     </span>
    </p>
   </div>
   <div class='ocr_carea' id='block_1_73' title="bbox 2002 3396 3592 3467">
    <p class='ocr_par' dir='ltr' id='par_1_73' title="bbox 2002 3396 3592 3467">
     <span class='ocr_line' id='line_1_73' title="bbox 2002 3396 3592 3467; baseline -0.006 -8"><span class='ocrx_word' id='word_1_561' title='bbox 2002 3403 2202 3459; x_wconf 90' lang='lat' dir='ltr'><strong>bentes</strong></span> <span class='ocrx_word' id='word_1_562' title='bbox 2218 3402 2260 3457; x_wconf 83' lang='lat'><strong>&#39;.</strong></span> <span class='ocrx_word' id='word_1_563' title='bbox 2287 3420 2306 3454; x_wconf 72' lang='grc' dir='ltr'>ι</span> <span class='ocrx_word' id='word_1_564' title='bbox 2329 3402 2581 3456; x_wconf 85' lang='lat' dir='ltr'><strong>Rursus:</strong></span> <span class='ocrx_word' id='word_1_565' title='bbox 2614 3418 2632 3451; x_wconf 80' lang='grc' dir='ltr'>ι</span> <span class='ocrx_word' id='word_1_566' title='bbox 2658 3397 2853 3455; x_wconf 88' lang='lat' dir='ltr'><strong>Omnis</strong></span> <span class='ocrx_word' id='word_1_567' title='bbox 2880 3398 3027 3452; x_wconf 88' lang='lat' dir='ltr'><strong>enim</strong></span> <span class='ocrx_word' id='word_1_568' title='bbox 3052 3396 3302 3467; x_wconf 79' lang='lat' dir='ltr'><strong>pontifex</strong></span> <span class='ocrx_word' id='word_1_569' title='bbox 3323 3413 3391 3452; x_wconf 80' lang='lat' dir='ltr'><strong>ex</strong></span> <span class='ocrx_word' id='word_1_570' title='bbox 3405 3396 3592 3451; x_wconf 87' lang='lat' dir='ltr'><strong>homi-</strong></span> 
     </span>
    </p>
   </div>
   <div class='ocr_carea' id='block_1_74' title="bbox 2002 3487 3591 3562">
    <p class='ocr_par' dir='ltr' id='par_1_74' title="bbox 2002 3487 3591 3562">
     <span class='ocr_line' id='line_1_74' title="bbox 2002 3487 3591 3562; baseline -0.003 -13"><span class='ocrx_word' id='word_1_571' title='bbox 2002 3494 2170 3549; x_wconf 90' lang='lat' dir='ltr'><strong>nibus</strong></span> <span class='ocrx_word' id='word_1_572' title='bbox 2204 3501 2545 3562; x_wconf 89' lang='lat' dir='ltr'><strong>assumptus,</strong></span> <span class='ocrx_word' id='word_1_573' title='bbox 2598 3506 2700 3562; x_wconf 92' lang='lat' dir='ltr'><strong>pro</strong></span> <span class='ocrx_word' id='word_1_574' title='bbox 2750 3489 3075 3546; x_wconf 88' lang='lat' dir='ltr'><strong>hominibus</strong></span> <span class='ocrx_word' id='word_1_575' title='bbox 3123 3489 3491 3545; x_wconf 89' lang='lat' dir='ltr'><strong>constituitur</strong></span> <span class='ocrx_word' id='word_1_576' title='bbox 3532 3487 3591 3546; x_wconf 86' lang='lat' dir='ltr'><strong>in</strong></span> 
     </span>
    </p>
   </div>
   <div class='ocr_carea' id='block_1_75' title="bbox 2002 3580 3590 3657">
    <p class='ocr_par' dir='ltr' id='par_1_75' title="bbox 2002 3580 3590 3657">
     <span class='ocr_line' id='line_1_75' title="bbox 2002 3580 3590 3657; baseline -0.004 -16"><span class='ocrx_word' id='word_1_577' title='bbox 2002 3585 2072 3641; x_wconf 91' lang='lat' dir='ltr'><strong>iis</strong></span> <span class='ocrx_word' id='word_1_578' title='bbox 2120 3600 2247 3657; x_wconf 67' lang='lat' dir='ltr'><strong>quae.</strong></span> <span class='ocrx_word' id='word_1_579' title='bbox 2287 3592 2419 3641; x_wconf 87' lang='lat' dir='ltr'><strong>sunt</strong></span> <span class='ocrx_word' id='word_1_580' title='bbox 2462 3584 2532 3639; x_wconf 90' lang='lat' dir='ltr'><strong>ad</strong></span> <span class='ocrx_word' id='word_1_581' title='bbox 2578 3584 2778 3649; x_wconf 88' lang='lat' dir='ltr'><strong>Deum,</strong></span> <span class='ocrx_word' id='word_1_582' title='bbox 2809 3592 2873 3638; x_wconf 93' lang='lat' dir='ltr'><strong>ut</strong></span> <span class='ocrx_word' id='word_1_583' title='bbox 2911 3581 3115 3638; x_wconf 84' lang='lat' dir='ltr'><strong>offerat</strong></span> <span class='ocrx_word' id='word_1_584' title='bbox 3144 3580 3289 3637; x_wconf 89' lang='lat' dir='ltr'><strong>dona</strong></span> <span class='ocrx_word' id='word_1_585' title='bbox 3314 3588 3372 3637; x_wconf 89' lang='lat' dir='ltr'><strong>et</strong></span> <span class='ocrx_word' id='word_1_586' title='bbox 3413 3580 3590 3636; x_wconf 81' lang='lat' dir='ltr'><strong>sacri-</strong></span> 
     </span>
    </p>
   </div>
   <div class='ocr_carea' id='block_1_76' title="bbox 2002 3673 3589 3749">
    <p class='ocr_par' dir='ltr' id='par_1_76' title="bbox 2002 3673 3589 3749">
     <span class='ocr_line' id='line_1_76' title="bbox 2002 3673 3589 3749; baseline -0.003 -16"><span class='ocrx_word' id='word_1_587' title='bbox 2002 3678 2128 3734; x_wconf 86' lang='lat' dir='ltr'><strong>ﬁcia</strong></span> <span class='ocrx_word' id='word_1_588' title='bbox 2171 3692 2275 3749; x_wconf 90' lang='lat' dir='ltr'><strong>pro</strong></span> <span class='ocrx_word' id='word_1_589' title='bbox 2319 3676 2599 3747; x_wconf 89' lang='lat' dir='ltr'><strong>peccatis;</strong></span> <span class='ocrx_word' id='word_1_590' title='bbox 2637 3674 2732 3746; x_wconf 93' lang='lat' dir='ltr'><strong>qui</strong></span> <span class='ocrx_word' id='word_1_591' title='bbox 2783 3675 3083 3732; x_wconf 91' lang='lat' dir='ltr'><strong>eondolere</strong></span> <span class='ocrx_word' id='word_1_592' title='bbox 3129 3673 3309 3746; x_wconf 89' lang='lat' dir='ltr'><strong>possit</strong></span> <span class='ocrx_word' id='word_1_593' title='bbox 3362 3673 3431 3728; x_wconf 89' lang='lat' dir='ltr'><strong>iis</strong></span> <span class='ocrx_word' id='word_1_594' title='bbox 3491 3674 3589 3743; x_wconf 90' lang='lat' dir='ltr'><strong>qui</strong></span> 
     </span>
    </p>
   </div>
   <div class='ocr_carea' id='block_1_77' title="bbox 2002 3766 3593 3843">
    <p class='ocr_par' dir='ltr' id='par_1_77' title="bbox 2002 3766 3593 3843">
     <span class='ocr_line' id='line_1_77' title="bbox 2002 3766 3593 3843; baseline -0.004 -17"><span class='ocrx_word' id='word_1_595' title='bbox 2002 3769 2262 3843; x_wconf 81' lang='lat' dir='ltr'><strong>ignorant</strong></span> <span class='ocrx_word' id='word_1_596' title='bbox 2315 3777 2373 3825; x_wconf 87' lang='lat' dir='ltr'><strong>et</strong></span> <span class='ocrx_word' id='word_1_597' title='bbox 2402 3777 2592 3825; x_wconf 85' lang='lat' dir='ltr'><strong>errant</strong></span> <span class='ocrx_word' id='word_1_598' title='bbox 2632 3784 2647 3822; x_wconf 89' lang='lat'><strong>:</strong></span> <span class='ocrx_word' id='word_1_599' title='bbox 2680 3768 2897 3839; x_wconf 72' lang='lat'><strong>1226</strong></span> <span class='ocrx_word' id='word_1_600' title='bbox 2937 3767 3200 3838; x_wconf 91' lang='lat' dir='ltr'><strong>quoniam</strong></span> <span class='ocrx_word' id='word_1_601' title='bbox 3235 3775 3293 3821; x_wconf 90' lang='lat' dir='ltr'><strong>et</strong></span> <span class='ocrx_word' id='word_1_602' title='bbox 3326 3766 3445 3836; x_wconf 88' lang='lat' dir='ltr'><strong>ipse</strong></span> <span class='ocrx_word' id='word_1_603' title='bbox 3479 3766 3593 3821; x_wconf 81' lang='lat' dir='ltr'><strong>cir-</strong></span> 
     </span>
    </p>
   </div>
   <div class='ocr_carea' id='block_1_78' title="bbox 2003 3856 3588 3929">
    <p class='ocr_par' dir='ltr' id='par_1_78' title="bbox 2003 3856 3588 3929">
     <span class='ocr_line' id='line_1_78' title="bbox 2003 3856 3588 3929; baseline -0.004 -12"><span class='ocrx_word' id='word_1_604' title='bbox 2003 3861 2297 3917; x_wconf 89' lang='lat' dir='ltr'><strong>cumdatus</strong></span> <span class='ocrx_word' id='word_1_605' title='bbox 2316 3869 2401 3915; x_wconf 90' lang='lat' dir='ltr'><strong>est</strong></span> <span class='ocrx_word' id='word_1_606' title='bbox 2420 3859 2767 3925; x_wconf 80' lang='lat' dir='ltr'><strong>infirmitate,</strong></span> <span class='ocrx_word' id='word_1_607' title='bbox 2786 3867 2844 3914; x_wconf 90' lang='lat' dir='ltr'><strong>et</strong></span> <span class='ocrx_word' id='word_1_608' title='bbox 2860 3867 3155 3929; x_wconf 89' lang='lat' dir='ltr'><strong>propterea</strong></span> <span class='ocrx_word' id='word_1_609' title='bbox 3176 3856 3364 3922; x_wconf 85' lang='lat' dir='ltr'><strong>debet,</strong></span> <span class='ocrx_word' id='word_1_610' title='bbox 3391 3871 3588 3926; x_wconf 83' lang='lat' dir='ltr'><strong>quem-</strong></span> 
     </span>
    </p>
   </div>
   <div class='ocr_carea' id='block_1_79' title="bbox 2002 3949 3590 4023">
    <p class='ocr_par' dir='ltr' id='par_1_79' title="bbox 2002 3949 3590 4023">
     <span class='ocr_line' id='line_1_79' title="bbox 2002 3949 3590 4023; baseline -0.003 -14"><span class='ocrx_word' id='word_1_611' title='bbox 2002 3953 2299 4009; x_wconf 83' lang='lat' dir='ltr'><strong>admodum</strong></span> <span class='ocrx_word' id='word_1_612' title='bbox 2352 3967 2455 4022; x_wconf 88' lang='lat' dir='ltr'><strong>pro</strong></span> <span class='ocrx_word' id='word_1_613' title='bbox 2478 3951 2687 4023; x_wconf 91' lang='lat' dir='ltr'><strong>populo</strong></span> <span class='ocrx_word' id='word_1_614' title='bbox 2713 3992 2728 4018; x_wconf 92' lang='lat'><strong>,</strong></span> <span class='ocrx_word' id='word_1_615' title='bbox 2756 3952 2833 4007; x_wconf 88' lang='lat' dir='ltr'><strong>ita</strong></span> <span class='ocrx_word' id='word_1_616' title='bbox 2856 3951 3025 4008; x_wconf 93' lang='lat' dir='ltr'><strong>etiam</strong></span> <span class='ocrx_word' id='word_1_617' title='bbox 3062 3959 3120 4006; x_wconf 91' lang='lat' dir='ltr'><strong>et</strong></span> <span class='ocrx_word' id='word_1_618' title='bbox 3157 3965 3259 4022; x_wconf 91' lang='lat' dir='ltr'><strong>pro</strong></span> <span class='ocrx_word' id='word_1_619' title='bbox 3288 3949 3590 4020; x_wconf 89' lang='lat' dir='ltr'><strong>semetipso</strong></span> 
     </span>
    </p>
   </div>
   <div class='ocr_carea' id='block_1_80' title="bbox 2001 4042 3587 4116">
    <p class='ocr_par' dir='ltr' id='par_1_80' title="bbox 2001 4042 3587 4116">
     <span class='ocr_line' id='line_1_80' title="bbox 2001 4042 3587 4116; baseline -0.003 -14"><span class='ocrx_word' id='word_1_620' title='bbox 2001 4045 2207 4102; x_wconf 72' lang='lat' dir='ltr'><strong>offerre</strong></span> <span class='ocrx_word' id='word_1_621' title='bbox 2239 4060 2342 4116; x_wconf 92' lang='lat' dir='ltr'><strong>pro</strong></span> <span class='ocrx_word' id='word_1_622' title='bbox 2371 4045 2617 4116; x_wconf 88' lang='lat' dir='ltr'><strong>peccatis</strong></span> <span class='ocrx_word' id='word_1_623' title='bbox 2651 4046 2729 4099; x_wconf 65' lang='grc'><strong>⁷.»</strong></span> <span class='ocrx_word' id='word_1_624' title='bbox 2781 4045 2853 4101; x_wconf 90' lang='lat' dir='ltr'><strong>Ut</strong></span> <span class='ocrx_word' id='word_1_625' title='bbox 2879 4046 3049 4115; x_wconf 82' lang='lat' dir='ltr'><strong>igitur</strong></span> <span class='ocrx_word' id='word_1_626' title='bbox 3074 4044 3285 4100; x_wconf 90' lang='lat' dir='ltr'><strong>dictum</strong></span> <span class='ocrx_word' id='word_1_627' title='bbox 3321 4042 3458 4097; x_wconf 87' lang='lat' dir='ltr'><strong>mihi</strong></span> <span class='ocrx_word' id='word_1_628' title='bbox 3490 4059 3587 4099; x_wconf 85' lang='lat' dir='ltr'><strong>su-</strong></span> 
     </span>
    </p>
   </div>
   <div class='ocr_carea' id='block_1_81' title="bbox 2000 4130 3589 4210">
    <p class='ocr_par' dir='ltr' id='par_1_81' title="bbox 2000 4130 3589 4210">
     <span class='ocr_line' id='line_1_81' title="bbox 2000 4130 3589 4210; baseline -0.001 -17"><span class='ocrx_word' id='word_1_629' title='bbox 2000 4140 2192 4210; x_wconf 87' lang='lat' dir='ltr'><strong>perius</strong></span> <span class='ocrx_word' id='word_1_630' title='bbox 2245 4145 2352 4204; x_wconf 89' lang='lat' dir='ltr'><strong>est,</strong></span> <span class='ocrx_word' id='word_1_631' title='bbox 2404 4130 2637 4194; x_wconf 81' lang='lat' dir='ltr'><strong>necesse</strong></span> <span class='ocrx_word' id='word_1_632' title='bbox 2687 4138 2762 4193; x_wconf 90' lang='lat' dir='ltr'><strong>sit</strong></span> <span class='ocrx_word' id='word_1_633' title='bbox 2811 4154 2940 4193; x_wconf 91' lang='lat' dir='ltr'><strong>eum</strong></span> <span class='ocrx_word' id='word_1_634' title='bbox 2987 4138 3082 4208; x_wconf 94' lang='lat' dir='ltr'><strong>qui</strong></span> <span class='ocrx_word' id='word_1_635' title='bbox 3117 4137 3184 4192; x_wconf 78' lang='lat' dir='ltr'><strong>ad</strong></span> <span class='ocrx_word' id='word_1_636' title='bbox 3233 4136 3288 4192; x_wconf 88' lang='lat' dir='ltr'><strong>id</strong></span> <span class='ocrx_word' id='word_1_637' title='bbox 3338 4137 3589 4192; x_wconf 76' lang='lat' dir='ltr'><strong>muneris</strong></span> 
     </span>
    </p>
   </div>
   <div class='ocr_carea' id='block_1_82' title="bbox 2000 4229 3588 4297">
    <p class='ocr_par' dir='ltr' id='par_1_82' title="bbox 2000 4229 3588 4297">
     <span class='ocr_line' id='line_1_82' title="bbox 2000 4229 3588 4297; baseline -0.002 -10"><span class='ocrx_word' id='word_1_638' title='bbox 2000 4232 2116 4287; x_wconf 91' lang='lat' dir='ltr'><strong>Deo</strong></span> <span class='ocrx_word' id='word_1_639' title='bbox 2154 4239 2389 4288; x_wconf 77' lang='lat' dir='ltr'><strong>vocante</strong></span> <span class='ocrx_word' id='word_1_640' title='bbox 2420 4231 2737 4297; x_wconf 90' lang='lat' dir='ltr'><strong>asciscitur,</strong></span> <span class='ocrx_word' id='word_1_641' title='bbox 2783 4231 2987 4286; x_wconf 80' lang='lat' dir='ltr'><strong>offerre</strong></span> <span class='ocrx_word' id='word_1_642' title='bbox 3037 4229 3183 4285; x_wconf 90' lang='lat' dir='ltr'><strong>dona</strong></span> <span class='ocrx_word' id='word_1_643' title='bbox 3228 4238 3281 4285; x_wconf 92' lang='lat' dir='ltr'><strong>el</strong></span> <span class='ocrx_word' id='word_1_644' title='bbox 3317 4229 3588 4285; x_wconf 77' lang='lat' dir='ltr'><strong>sacrificia</strong></span> 
     </span>
    </p>
   </div>
   <div class='ocr_carea' id='block_1_83' title="bbox 1999 4320 3587 4394">
    <p class='ocr_par' dir='ltr' id='par_1_83' title="bbox 1999 4320 3587 4394">
     <span class='ocr_line' id='line_1_83' title="bbox 1999 4320 3587 4394; baseline -0.001 -18"><span class='ocrx_word' id='word_1_645' title='bbox 1999 4338 2101 4394; x_wconf 91' lang='lat' dir='ltr'><strong>pro</strong></span> <span class='ocrx_word' id='word_1_646' title='bbox 2142 4323 2397 4394; x_wconf 90' lang='lat' dir='ltr'><strong>populo:</strong></span> <span class='ocrx_word' id='word_1_647' title='bbox 2445 4322 2603 4394; x_wconf 89' lang='lat' dir='ltr'><strong>prius</strong></span> <span class='ocrx_word' id='word_1_648' title='bbox 2652 4331 2836 4378; x_wconf 89' lang='lat' dir='ltr'><strong>tamen</strong></span> <span class='ocrx_word' id='word_1_649' title='bbox 2888 4322 3056 4378; x_wconf 83' lang='lat' dir='ltr'><strong>debet</strong></span> <span class='ocrx_word' id='word_1_650' title='bbox 3100 4322 3149 4378; x_wconf 91' lang='lat' dir='ltr'><strong>is</strong></span> <span class='ocrx_word' id='word_1_651' title='bbox 3198 4337 3353 4377; x_wconf 90' lang='lat' dir='ltr'><strong>suam</strong></span> <span class='ocrx_word' id='word_1_652' title='bbox 3411 4320 3587 4391; x_wconf 89' lang='lat' dir='ltr'><strong>ipsius</strong></span> 
     </span>
    </p>
   </div>
   <div class='ocr_carea' id='block_1_84' title="bbox 2001 4414 3701 4487">
    <p class='ocr_par' dir='ltr' id='par_1_84' title="bbox 2001 4414 3701 4487">
     <span class='ocr_line' id='line_1_84' title="bbox 2001 4414 3701 4487; baseline -0.001 -17"><span class='ocrx_word' id='word_1_653' title='bbox 2001 4416 2264 4482; x_wconf 87' lang='lat' dir='ltr'><strong>animam,</strong></span> <span class='ocrx_word' id='word_1_654' title='bbox 2301 4431 2504 4486; x_wconf 88' lang='lat' dir='ltr'><strong>corpus</strong></span> <span class='ocrx_word' id='word_1_655' title='bbox 2551 4415 2681 4472; x_wconf 88' lang='lat' dir='ltr'><strong>item</strong></span> <span class='ocrx_word' id='word_1_656' title='bbox 2723 4417 2949 4487; x_wconf 78' lang='lat' dir='ltr'><strong>expiare</strong></span> <span class='ocrx_word' id='word_1_657' title='bbox 2975 4416 3044 4472; x_wconf 86' lang='lat' dir='ltr'><strong>ab</strong></span> <span class='ocrx_word' id='word_1_658' title='bbox 3074 4415 3227 4471; x_wconf 92' lang='lat' dir='ltr'><strong>omni</strong></span> <span class='ocrx_word' id='word_1_659' title='bbox 3264 4415 3394 4472; x_wconf 67' lang='lat' dir='ltr'><strong>faece</strong></span> <span class='ocrx_word' id='word_1_660' title='bbox 3426 4414 3585 4469; x_wconf 77' lang='lat' dir='ltr'><strong>inve-</strong></span> <span class='ocrx_word' id='word_1_661' title='bbox 3690 4463 3701 4469; x_wconf 87' lang='lat'><strong>-</strong></span> 
     </span>
    </p>
   </div>
   <div class='ocr_carea' id='block_1_85' title="bbox 300 4495 1901 4578">
    <p class='ocr_par' dir='ltr' id='par_1_85' title="bbox 300 4498 1895 4573">
     <span class='ocr_line' id='line_1_85' title="bbox 300 4498 1895 4573; baseline -0.001 -15"><span class='ocrx_word' id='word_1_662' title='bbox 300 4502 610 4573; x_wconf 82' lang='grc' dir='ltr'>καθαρίσαι</span> <span class='ocrx_word' id='word_1_663' title='bbox 649 4502 756 4555; x_wconf 78' lang='grc' dir='ltr'>ἀπὸ</span> <span class='ocrx_word' id='word_1_664' title='bbox 777 4501 900 4555; x_wconf 81' lang='grc' dir='ltr'>ὅλου</span> <span class='ocrx_word' id='word_1_665' title='bbox 929 4498 1024 4554; x_wconf 76' lang='grc' dir='ltr'><strong>τοῦ</strong></span> <span class='ocrx_word' id='word_1_666' title='bbox 1055 4501 1289 4555; x_wconf 79' lang='grc' dir='ltr'>παλαιοῦ</span> <span class='ocrx_word' id='word_1_667' title='bbox 1318 4502 1632 4572; x_wconf 80' lang='grc' dir='ltr'>ἀνθρώπου,</span> <span class='ocrx_word' id='word_1_668' title='bbox 1668 4498 1767 4558; x_wconf 85' lang='grc' dir='ltr'><strong>εἷθ’</strong></span> <span class='ocrx_word' id='word_1_669' title='bbox 1799 4502 1895 4558; x_wconf 79' lang='grc' dir='ltr'><strong>οὖ-</strong></span> 
     </span>
    </p>
   </div>
   <div class='ocr_carea' id='block_1_86' title="bbox 2004 4495 3583 4578">
    <p class='ocr_par' dir='ltr' id='par_1_86' title="bbox 2004 4505 3583 4578">
     <span class='ocr_line' id='line_1_86' title="bbox 2004 4505 3583 4578; baseline -0.002 -15"><span class='ocrx_word' id='word_1_670' title='bbox 2004 4507 2162 4564; x_wconf 88' lang='lat' dir='ltr'><strong>terati</strong></span> <span class='ocrx_word' id='word_1_671' title='bbox 2185 4506 2451 4572; x_wconf 88' lang='lat' dir='ltr'><strong>hominis,</strong></span> <span class='ocrx_word' id='word_1_672' title='bbox 2482 4507 2694 4562; x_wconf 89' lang='lat' dir='ltr'><strong>utinam</strong></span> <span class='ocrx_word' id='word_1_673' title='bbox 2720 4523 2822 4578; x_wconf 92' lang='lat' dir='ltr'><strong>pro</strong></span> <span class='ocrx_word' id='word_1_674' title='bbox 2844 4507 2968 4562; x_wconf 84' lang='lat' dir='ltr'><strong>aliis</strong></span> <span class='ocrx_word' id='word_1_675' title='bbox 2995 4522 3217 4578; x_wconf 91' lang='lat' dir='ltr'><strong>quoque</strong></span> <span class='ocrx_word' id='word_1_676' title='bbox 3247 4505 3412 4572; x_wconf 89' lang='lat' dir='ltr'><strong>ausit,</strong></span> <span class='ocrx_word' id='word_1_677' title='bbox 3443 4505 3583 4560; x_wconf 92' lang='lat' dir='ltr'><strong>nihil</strong></span> 
     </span>
    </p>
   </div>
   <div class='ocr_carea' id='block_1_87' title="bbox 296 4592 1895 4668">
    <p class='ocr_par' dir='ltr' id='par_1_87' title="bbox 296 4592 1895 4668">
     <span class='ocr_line' id='line_1_87' title="bbox 296 4592 1895 4668; baseline 0.002 -21"><span class='ocrx_word' id='word_1_678' title='bbox 296 4611 419 4658; x_wconf 83' lang='grc' dir='ltr'><strong>τως</strong></span> <span class='ocrx_word' id='word_1_679' title='bbox 458 4593 732 4664; x_wconf 83' lang='grc' dir='ltr'>τολμῆσαι</span> <span class='ocrx_word' id='word_1_680' title='bbox 751 4593 850 4655; x_wconf 77' lang='grc' dir='ltr'><strong>τὰς</strong></span> <span class='ocrx_word' id='word_1_681' title='bbox 878 4592 1020 4664; x_wconf 79' lang='grc' dir='ltr'>ὑπὲρ</span> <span class='ocrx_word' id='word_1_682' title='bbox 1046 4592 1223 4646; x_wconf 78' lang='grc' dir='ltr'>ἄλλων</span> <span class='ocrx_word' id='word_1_683' title='bbox 1241 4593 1538 4666; x_wconf 79' lang='grc' dir='ltr'>πρεσϐείας</span> <span class='ocrx_word' id='word_1_684' title='bbox 1566 4596 1895 4668; x_wconf 70' lang='grc' dir='ltr'>προσφέρειν</span> 
     </span>
    </p>
   </div>
   <div class='ocr_carea' id='block_1_88' title="bbox 296 4681 1895 4758">
    <p class='ocr_par' dir='ltr' id='par_1_88' title="bbox 296 4681 1895 4758">
     <span class='ocr_line' id='line_1_88' title="bbox 296 4681 1895 4758; baseline 0 -18"><span class='ocrx_word' id='word_1_685' title='bbox 296 4683 389 4754; x_wconf 81' lang='grc' dir='ltr'>τῷ</span> <span class='ocrx_word' id='word_1_686' title='bbox 419 4682 572 4754; x_wconf 84' lang='grc' dir='ltr'><strong>Θεῷ·</strong></span> <span class='ocrx_word' id='word_1_687' title='bbox 614 4683 709 4736; x_wconf 68' lang='grc' dir='ltr'>καὶ</span> <span class='ocrx_word' id='word_1_688' title='bbox 752 4681 1038 4753; x_wconf 89' lang='grc' dir='ltr'>μιμεῖσθαι</span> <span class='ocrx_word' id='word_1_689' title='bbox 1084 4683 1174 4738; x_wconf 72' lang='grc' dir='ltr'>τὸν</span> <span class='ocrx_word' id='word_1_690' title='bbox 1217 4685 1391 4756; x_wconf 82' lang='grc' dir='ltr'>μέγαν</span> <span class='ocrx_word' id='word_1_691' title='bbox 1425 4686 1687 4758; x_wconf 83' lang='grc' dir='ltr'>ἀρχιερέα</span> <span class='ocrx_word' id='word_1_692' title='bbox 1719 4688 1895 4758; x_wconf 86' lang='grc' dir='ltr'>Ζαχα-</span> 
     </span>
    </p>
   </div>
   <div class='ocr_carea' id='block_1_89' title="bbox 302 4771 1888 4851">
    <p class='ocr_par' dir='ltr' id='par_1_89' title="bbox 302 4771 1888 4851">
     <span class='ocr_line' id='line_1_89' title="bbox 302 4771 1888 4851; baseline 0.003 -23"><span class='ocrx_word' id='word_1_693' title='bbox 302 4776 437 4850; x_wconf 83' lang='grc' dir='ltr'>ρίαν</span> <span class='ocrx_word' id='word_1_694' title='bbox 465 4774 557 4828; x_wconf 83' lang='grc' dir='ltr'><strong>τδν</strong></span> <span class='ocrx_word' id='word_1_695' title='bbox 576 4775 788 4846; x_wconf 83' lang='grc' dir='ltr'>πατέρα</span> <span class='ocrx_word' id='word_1_696' title='bbox 802 4775 897 4829; x_wconf 82' lang='grc' dir='ltr'><strong>τοῦ</strong></span> <span class='ocrx_word' id='word_1_697' title='bbox 914 4775 1254 4847; x_wconf 85' lang='grc' dir='ltr'>Προδρόμου.</span> <span class='ocrx_word' id='word_1_698' title='bbox 1285 4771 1420 4831; x_wconf 77' lang='grc' dir='ltr'><strong>«Ἦν</strong></span> <span class='ocrx_word' id='word_1_699' title='bbox 1444 4780 1568 4849; x_wconf 79' lang='grc' dir='ltr'>γὰρ,</span> <span class='ocrx_word' id='word_1_700' title='bbox 1603 4780 1787 4851; x_wconf 71' lang='grc' dir='ltr'>φησιν,</span> <span class='ocrx_word' id='word_1_701' title='bbox 1815 4776 1888 4833; x_wconf 59' lang='grc' dir='ltr'>δίέ</span> 
     </span>
    </p>
   </div>
   <div class='ocr_carea' id='block_1_90' title="bbox 299 4866 1896 4939">
    <p class='ocr_par' dir='ltr' id='par_1_90' title="bbox 299 4866 1896 4939">
     <span class='ocr_line' id='line_1_90' title="bbox 299 4866 1896 4939; baseline 0.003 -16"><span class='ocrx_word' id='word_1_702' title='bbox 299 4882 489 4931; x_wconf 75' lang='grc' dir='ltr'>καιος,</span> <span class='ocrx_word' id='word_1_703' title='bbox 523 4866 891 4938; x_wconf 82' lang='grc' dir='ltr'>πορευόμενος</span> <span class='ocrx_word' id='word_1_704' title='bbox 917 4868 977 4921; x_wconf 76' lang='grc' dir='ltr'>ἐν</span> <span class='ocrx_word' id='word_1_705' title='bbox 1026 4868 1377 4934; x_wconf 52' lang='grc' dir='ltr'>πάσαιςκταῖς</span> <span class='ocrx_word' id='word_1_706' title='bbox 1406 4871 1646 4936; x_wconf 80' lang='grc' dir='ltr'>ἐντολαῖς</span> <span class='ocrx_word' id='word_1_707' title='bbox 1669 4874 1896 4939; x_wconf 77' lang='grc' dir='ltr'>καὶτοῖς</span> 
     </span>
    </p>
   </div>
   <div class='ocr_carea' id='block_1_91' title="bbox 297 4956 1897 5033">
    <p class='ocr_par' dir='ltr' id='par_1_91' title="bbox 297 4956 1897 5033">
     <span class='ocr_line' id='line_1_91' title="bbox 297 4956 1897 5033; baseline 0.003 -18"><span class='ocrx_word' id='word_1_708' title='bbox 297 4956 679 5029; x_wconf 84' lang='grc' dir='ltr'>δικαιώμασιν</span> <span class='ocrx_word' id='word_1_709' title='bbox 717 4958 813 5013; x_wconf 77' lang='grc' dir='ltr'>τοῦ</span> <span class='ocrx_word' id='word_1_710' title='bbox 853 4959 1062 5031; x_wconf 84' lang='grc' dir='ltr'>Κυρίου</span> <span class='ocrx_word' id='word_1_711' title='bbox 1112 4961 1438 5033; x_wconf 78' lang='grc' dir='ltr'>ἀμέμπτως.</span> <span class='ocrx_word' id='word_1_712' title='bbox 1474 4962 1724 5031; x_wconf 85' lang='grc' dir='ltr'>Ἐγένετο</span> <span class='ocrx_word' id='word_1_713' title='bbox 1754 4965 1811 5019; x_wconf 87' lang='grc' dir='ltr'>δὲ</span> <span class='ocrx_word' id='word_1_714' title='bbox 1839 4968 1897 5021; x_wconf 78' lang='grc' dir='ltr'>ἐν</span> 
     </span>
    </p>
   </div>
   <div class='ocr_carea' id='block_1_92' title="bbox 299 5050 1899 5125">
    <p class='ocr_par' dir='ltr' id='par_1_92' title="bbox 299 5050 1899 5125">
     <span class='ocr_line' id='line_1_92' title="bbox 299 5050 1899 5125; baseline 0.005 -20"><span class='ocrx_word' id='word_1_715' title='bbox 299 5050 392 5121; x_wconf 81' lang='grc' dir='ltr'>τῷ</span> <span class='ocrx_word' id='word_1_716' title='bbox 415 5051 719 5121; x_wconf 83' lang='grc' dir='ltr'>ἱερατεύειν</span> <span class='ocrx_word' id='word_1_717' title='bbox 741 5050 925 5115; x_wconf 77' lang='grc' dir='ltr'>αὐτὸν,</span> <span class='ocrx_word' id='word_1_718' title='bbox 970 5051 1219 5121; x_wconf 78' lang='grc' dir='ltr'>εἰσῆλθεν</span> <span class='ocrx_word' id='word_1_719' title='bbox 1254 5053 1351 5107; x_wconf 76' lang='grc' dir='ltr'><strong>τοῦ</strong></span> <span class='ocrx_word' id='word_1_720' title='bbox 1392 5054 1659 5125; x_wconf 76' lang='grc' dir='ltr'>θυμιᾶσαι</span> <span class='ocrx_word' id='word_1_721' title='bbox 1698 5059 1778 5123; x_wconf 85' lang='grc' dir='ltr'><strong>εἱς</strong></span> <span class='ocrx_word' id='word_1_722' title='bbox 1807 5058 1899 5113; x_wconf 72' lang='grc' dir='ltr'><strong>τον</strong></span> 
     </span>
    </p>
   </div>
   <div class='ocr_carea' id='block_1_93' title="bbox 300 5138 1900 5219">
    <p class='ocr_par' dir='ltr' id='par_1_93' title="bbox 300 5138 1900 5219">
     <span class='ocr_line' id='line_1_93' title="bbox 300 5138 1900 5219; baseline 0.005 -22"><span class='ocrx_word' id='word_1_723' title='bbox 300 5140 462 5208; x_wconf 68' lang='grc' dir='ltr'>ναὸν,</span> <span class='ocrx_word' id='word_1_724' title='bbox 490 5141 583 5196; x_wconf 75' lang='grc' dir='ltr'><strong>καὶ</strong></span> <span class='ocrx_word' id='word_1_725' title='bbox 615 5138 683 5214; x_wconf 82' lang='grc' dir='ltr'>ἦν</span> <span class='ocrx_word' id='word_1_726' title='bbox 710 5143 817 5197; x_wconf 83' lang='grc' dir='ltr'>πᾶν</span> <span class='ocrx_word' id='word_1_727' title='bbox 836 5141 897 5195; x_wconf 80' lang='grc' dir='ltr'><strong>τὸ</strong></span> <span class='ocrx_word' id='word_1_728' title='bbox 925 5140 1124 5212; x_wconf 81' lang='grc' dir='ltr'>πλῆθος</span> <span class='ocrx_word' id='word_1_729' title='bbox 1149 5141 1255 5208; x_wconf 76' lang='grc' dir='ltr'>ἔξω</span> <span class='ocrx_word' id='word_1_730' title='bbox 1287 5152 1316 5181; x_wconf 79' lang='grc' dir='ltr'><strong><em>ο</em></strong></span> <span class='ocrx_word' id='word_1_731' title='bbox 1366 5148 1798 5219; x_wconf 82' lang='grc' dir='ltr'>προσευχόμενον</span> <span class='ocrx_word' id='word_1_732' title='bbox 1841 5153 1900 5206; x_wconf 78' lang='grc' dir='ltr'><strong>ἐν</strong></span> 
     </span>
    </p>
   </div>
   <div class='ocr_carea' id='block_1_94' title="bbox 300 5229 1897 5309">
    <p class='ocr_par' dir='ltr' id='par_1_94' title="bbox 300 5229 1897 5309">
     <span class='ocr_line' id='line_1_94' title="bbox 300 5229 1897 5309; baseline 0.005 -23"><span class='ocrx_word' id='word_1_733' title='bbox 300 5229 392 5302; x_wconf 79' lang='grc' dir='ltr'>τῷ</span> <span class='ocrx_word' id='word_1_734' title='bbox 421 5231 601 5304; x_wconf 84' lang='grc' dir='ltr'>καιρῷ</span> <span class='ocrx_word' id='word_1_735' title='bbox 633 5231 726 5309; x_wconf 77' lang='grc' dir='ltr'>τοῦ</span> <span class='ocrx_word' id='word_1_736' title='bbox 759 5232 1123 5303; x_wconf 82' lang='grc' dir='ltr'>θυμιάματος.</span> <span class='ocrx_word' id='word_1_737' title='bbox 1157 5232 1335 5304; x_wconf 82' lang='grc' dir='ltr'>Ὠφθη</span> <span class='ocrx_word' id='word_1_738' title='bbox 1377 5234 1434 5288; x_wconf 75' lang='grc' dir='ltr'>δὲ</span> <span class='ocrx_word' id='word_1_739' title='bbox 1463 5237 1613 5309; x_wconf 78' lang='grc' dir='ltr'>αὐτῷ</span> <span class='ocrx_word' id='word_1_740' title='bbox 1635 5239 1897 5308; x_wconf 77' lang='grc' dir='ltr'><strong>ἄγγελλος</strong></span> 
     </span>
    </p>
   </div>
   <div class='ocr_carea' id='block_1_95' title="bbox 303 5308 1896 5397">
    <p class='ocr_par' dir='ltr' id='par_1_95' title="bbox 303 5308 1896 5397">
     <span class='ocr_line' id='line_1_95' title="bbox 303 5308 1896 5397; baseline 0.004 -17"><span class='ocrx_word' id='word_1_741' title='bbox 303 5323 525 5396; x_wconf 81' lang='grc' dir='ltr'>Κυρίου</span> <span class='ocrx_word' id='word_1_742' title='bbox 557 5308 728 5388; x_wconf 63' lang='lat' dir='ltr'><strong>scrib;</strong></span> <span class='ocrx_word' id='word_1_743' title='bbox 770 5327 834 5379; x_wconf 81' lang='grc' dir='ltr'>ἐκ</span> <span class='ocrx_word' id='word_1_744' title='bbox 865 5324 1053 5392; x_wconf 82' lang='grc' dir='ltr'>δεξιῶν</span> <span class='ocrx_word' id='word_1_745' title='bbox 1097 5322 1191 5378; x_wconf 77' lang='grc' dir='ltr'><strong>τοῦ</strong></span> <span class='ocrx_word' id='word_1_746' title='bbox 1233 5308 1617 5397; x_wconf 83' lang='grc' dir='ltr'>θυσιαστηρίου</span> <span class='ocrx_word' id='word_1_747' title='bbox 1642 5344 1658 5361; x_wconf 77' lang='grc' dir='ltr'><strong><em>ο</em></strong></span> <span class='ocrx_word' id='word_1_748' title='bbox 1688 5331 1783 5384; x_wconf 69' lang='grc' dir='ltr'><strong>καὶ</strong></span> <span class='ocrx_word' id='word_1_749' title='bbox 1813 5326 1896 5385; x_wconf 76' lang='grc' dir='ltr'><strong>εἴ·</strong></span> 
     </span>
    </p>
   </div>
   <div class='ocr_carea' id='block_1_96' title="bbox 303 5415 1896 5494">
    <p class='ocr_par' dir='ltr' id='par_1_96' title="bbox 303 5415 1896 5494">
     <span class='ocr_line' id='line_1_96' title="bbox 303 5415 1896 5494; baseline 0.002 -23"><span class='ocrx_word' id='word_1_750' title='bbox 303 5429 440 5471; x_wconf 77' lang='grc' dir='ltr'>πεν*</span> <span class='ocrx_word' id='word_1_751' title='bbox 464 5432 485 5468; x_wconf 77' lang='grc' dir='ltr'>ι</span> <span class='ocrx_word' id='word_1_752' title='bbox 510 5416 606 5489; x_wconf 84' lang='grc' dir='ltr'><strong>Μὴ</strong></span> <span class='ocrx_word' id='word_1_753' title='bbox 629 5415 819 5487; x_wconf 74' lang='grc' dir='ltr'>φοϐοῦ,</span> <span class='ocrx_word' id='word_1_754' title='bbox 852 5416 1116 5489; x_wconf 88' lang='grc' dir='ltr'>Ζαχαρία,</span> <span class='ocrx_word' id='word_1_755' title='bbox 1139 5416 1272 5471; x_wconf 84' lang='grc' dir='ltr'>διότι</span> <span class='ocrx_word' id='word_1_756' title='bbox 1292 5418 1621 5494; x_wconf 75' lang='grc' dir='ltr'>εἰσηκούσθη</span> <span class='ocrx_word' id='word_1_757' title='bbox 1647 5423 1681 5494; x_wconf 83' lang='grc' dir='ltr'>ἡ</span> <span class='ocrx_word' id='word_1_758' title='bbox 1712 5422 1896 5494; x_wconf 87' lang='grc' dir='ltr'>δέησίς</span> 
     </span>
    </p>
   </div>
   <div class='ocr_carea' id='block_1_97' title="bbox 1997 4597 3585 4670">
    <p class='ocr_par' dir='ltr' id='par_1_97' title="bbox 1997 4597 3585 4670">
     <span class='ocr_line' id='line_1_97' title="bbox 1997 4597 3585 4670; baseline -0.002 -16"><span class='ocrx_word' id='word_1_759' title='bbox 1997 4598 2210 4670; x_wconf 86' lang='lat' dir='ltr'><strong>dispari</strong></span> <span class='ocrx_word' id='word_1_760' title='bbox 2244 4598 2522 4669; x_wconf 82' lang='lat' dir='ltr'><strong>legatione</strong></span> <span class='ocrx_word' id='word_1_761' title='bbox 2547 4600 2897 4669; x_wconf 81' lang='lat' dir='ltr'><strong>perfunctus,</strong></span> <span class='ocrx_word' id='word_1_762' title='bbox 2925 4599 3352 4670; x_wconf 84' lang='lat' dir='ltr'><strong>deprecationes</strong></span> <span class='ocrx_word' id='word_1_763' title='bbox 3382 4597 3585 4654; x_wconf 84' lang='lat' dir='ltr'><strong>offerre</strong></span> 
     </span>
    </p>
   </div>
   <div class='ocr_carea' id='block_1_98' title="bbox 1996 4691 3588 4762">
    <p class='ocr_par' dir='ltr' id='par_1_98' title="bbox 1996 4691 3588 4762">
     <span class='ocr_line' id='line_1_98' title="bbox 1996 4691 3588 4762; baseline -0.001 -16"><span class='ocrx_word' id='word_1_764' title='bbox 1996 4693 2143 4747; x_wconf 89' lang='lat' dir='ltr'><strong>Deo:</strong></span> <span class='ocrx_word' id='word_1_765' title='bbox 2173 4706 2241 4746; x_wconf 90' lang='lat' dir='ltr'><strong>ac</strong></span> <span class='ocrx_word' id='word_1_766' title='bbox 2269 4691 2521 4746; x_wconf 88' lang='lat' dir='ltr'><strong>imitetur</strong></span> <span class='ocrx_word' id='word_1_767' title='bbox 2553 4692 2818 4747; x_wconf 76' lang='lat' dir='ltr'><strong>eximium</strong></span> <span class='ocrx_word' id='word_1_768' title='bbox 2852 4693 3007 4747; x_wconf 91' lang='lat' dir='ltr'><strong>illum</strong></span> <span class='ocrx_word' id='word_1_769' title='bbox 3029 4692 3347 4762; x_wconf 80' lang='lat' dir='ltr'><strong>pontificem</strong></span> <span class='ocrx_word' id='word_1_770' title='bbox 3380 4691 3588 4746; x_wconf 87' lang='lat' dir='ltr'><strong>Zacha-</strong></span> 
     </span>
    </p>
   </div>
   <div class='ocr_carea' id='block_1_99' title="bbox 2000 4781 3588 4854">
    <p class='ocr_par' dir='ltr' id='par_1_99' title="bbox 2000 4781 3588 4854">
     <span class='ocr_line' id='line_1_99' title="bbox 2000 4781 3588 4854; baseline -0.001 -16"><span class='ocrx_word' id='word_1_771' title='bbox 2000 4783 2138 4838; x_wconf 86' lang='lat' dir='ltr'><strong>riam</strong></span> <span class='ocrx_word' id='word_1_772' title='bbox 2165 4781 2527 4854; x_wconf 78' lang='lat' dir='ltr'><strong>praecursoris</strong></span> <span class='ocrx_word' id='word_1_773' title='bbox 2546 4790 2783 4853; x_wconf 90' lang='lat' dir='ltr'><strong>patrem.</strong></span> <span class='ocrx_word' id='word_1_774' title='bbox 2809 4783 2889 4840; x_wconf 91' lang='lat' dir='ltr'><strong>De</strong></span> <span class='ocrx_word' id='word_1_775' title='bbox 2921 4784 3029 4839; x_wconf 91' lang='lat' dir='ltr'><strong>hoc</strong></span> <span class='ocrx_word' id='word_1_776' title='bbox 3056 4784 3205 4838; x_wconf 91' lang='lat' dir='ltr'><strong>enim</strong></span> <span class='ocrx_word' id='word_1_777' title='bbox 3240 4789 3588 4838; x_wconf 85' lang='lat' dir='ltr'><strong>contestatur</strong></span> 
     </span>
    </p>
   </div>
   <div class='ocr_carea' id='block_1_100' title="bbox 2001 4874 3586 4948">
    <p class='ocr_par' dir='ltr' id='par_1_100' title="bbox 2001 4874 3586 4948">
     <span class='ocr_line' id='line_1_100' title="bbox 2001 4874 3586 4948; baseline -0.002 -14"><span class='ocrx_word' id='word_1_778' title='bbox 2001 4877 2292 4948; x_wconf 89' lang='lat' dir='ltr'><strong>Scriptura</strong></span> <span class='ocrx_word' id='word_1_779' title='bbox 2322 4879 2365 4943; x_wconf 83' lang='grc'>⁸,</span> <span class='ocrx_word' id='word_1_780' title='bbox 2391 4877 2521 4948; x_wconf 89' lang='lat' dir='ltr'><strong>quia</strong></span> <span class='ocrx_word' id='word_1_781' title='bbox 2548 4885 2669 4932; x_wconf 89' lang='lat' dir='ltr'><strong>erat</strong></span> <span class='ocrx_word' id='word_1_782' title='bbox 2694 4878 2900 4948; x_wconf 82' lang='lat' dir='ltr'><strong>justus,</strong></span> <span class='ocrx_word' id='word_1_783' title='bbox 2938 4876 3207 4932; x_wconf 89' lang='lat' dir='ltr'><strong>incedens</strong></span> <span class='ocrx_word' id='word_1_784' title='bbox 3237 4875 3293 4930; x_wconf 90' lang='lat' dir='ltr'><strong>in</strong></span> <span class='ocrx_word' id='word_1_785' title='bbox 3325 4874 3586 4931; x_wconf 92' lang='lat' dir='ltr'><strong>omnibus</strong></span> 
     </span>
    </p>
   </div>
   <div class='ocr_carea' id='block_1_101' title="bbox 2000 4965 3580 5038">
    <p class='ocr_par' dir='ltr' id='par_1_101' title="bbox 2000 4965 3580 5038">
     <span class='ocr_line' id='line_1_101' title="bbox 2000 4965 3580 5038; baseline 0 -18"><span class='ocrx_word' id='word_1_786' title='bbox 2000 4967 2279 5022; x_wconf 82' lang='lat' dir='ltr'><strong>mandatis</strong></span> <span class='ocrx_word' id='word_1_787' title='bbox 2306 4974 2364 5022; x_wconf 91' lang='lat' dir='ltr'><strong>et</strong></span> <span class='ocrx_word' id='word_1_788' title='bbox 2377 4967 2877 5038; x_wconf 78' lang='lat' dir='ltr'><strong>justiﬁeationibus</strong></span> <span class='ocrx_word' id='word_1_789' title='bbox 2919 4966 3141 5023; x_wconf 88' lang='lat' dir='ltr'><strong>Domini</strong></span> <span class='ocrx_word' id='word_1_790' title='bbox 3174 4965 3297 5022; x_wconf 84' lang='lat' dir='ltr'><strong>sine</strong></span> <span class='ocrx_word' id='word_1_791' title='bbox 3329 4967 3580 5036; x_wconf 89' lang='lat' dir='ltr'><strong>querela.</strong></span> 
     </span>
    </p>
   </div>
   <div class='ocr_carea' id='block_1_102' title="bbox 1998 5058 3583 5130">
    <p class='ocr_par' dir='ltr' id='par_1_102' title="bbox 1998 5058 3583 5130">
     <span class='ocr_line' id='line_1_102' title="bbox 1998 5058 3583 5130; baseline 0 -16"><span class='ocrx_word' id='word_1_792' title='bbox 1998 5059 2228 5115; x_wconf 88' lang='lat' dir='ltr'><strong>Factum</strong></span> <span class='ocrx_word' id='word_1_793' title='bbox 2261 5066 2348 5114; x_wconf 90' lang='lat' dir='ltr'><strong>est</strong></span> <span class='ocrx_word' id='word_1_794' title='bbox 2391 5073 2518 5114; x_wconf 89' lang='lat' dir='ltr'><strong>eum</strong></span> <span class='ocrx_word' id='word_1_795' title='bbox 2573 5058 2888 5114; x_wconf 78' lang='lat' dir='ltr'><strong>sacerdotio</strong></span> <span class='ocrx_word' id='word_1_796' title='bbox 2914 5058 3583 5130; x_wconf 51' lang='lat' dir='ltr'><strong>fungereturﬁngressus</strong></span> 
     </span>
    </p>
   </div>
   <div class='ocr_carea' id='block_1_103' title="bbox 1999 5150 3584 5222">
    <p class='ocr_par' dir='ltr' id='par_1_103' title="bbox 1999 5150 3584 5222">
     <span class='ocr_line' id='line_1_103' title="bbox 1999 5150 3584 5222; baseline 0 -18"><span class='ocrx_word' id='word_1_797' title='bbox 1999 5159 2087 5205; x_wconf 89' lang='lat' dir='ltr'><strong>est</strong></span> <span class='ocrx_word' id='word_1_798' title='bbox 2133 5150 2191 5205; x_wconf 93' lang='lat' dir='ltr'><strong>in</strong></span> <span class='ocrx_word' id='word_1_799' title='bbox 2225 5150 2485 5219; x_wconf 90' lang='lat' dir='ltr'><strong>templum</strong></span> <span class='ocrx_word' id='word_1_800' title='bbox 2519 5158 2582 5205; x_wconf 90' lang='lat' dir='ltr'><strong>ut</strong></span> <span class='ocrx_word' id='word_1_801' title='bbox 2612 5150 2903 5206; x_wconf 90' lang='lat' dir='ltr'><strong>incensum</strong></span> <span class='ocrx_word' id='word_1_802' title='bbox 2940 5160 3196 5222; x_wconf 89' lang='lat' dir='ltr'><strong>poneret,</strong></span> <span class='ocrx_word' id='word_1_803' title='bbox 3228 5157 3285 5204; x_wconf 88' lang='lat' dir='ltr'><strong>et</strong></span> <span class='ocrx_word' id='word_1_804' title='bbox 3315 5158 3437 5205; x_wconf 91' lang='lat' dir='ltr'><strong>erat</strong></span> <span class='ocrx_word' id='word_1_805' title='bbox 3462 5165 3584 5204; x_wconf 87' lang='lat' dir='ltr'><strong>om-</strong></span> 
     </span>
    </p>
   </div>
   <div class='ocr_carea' id='block_1_104' title="bbox 2002 5236 3582 5311">
    <p class='ocr_par' dir='ltr' id='par_1_104' title="bbox 2002 5236 3582 5311">
     <span class='ocr_line' id='line_1_104' title="bbox 2002 5236 3582 5311; baseline -0.004 -16"><span class='ocrx_word' id='word_1_806' title='bbox 2002 5240 2091 5296; x_wconf 91' lang='lat' dir='ltr'><strong>nis</strong></span> <span class='ocrx_word' id='word_1_807' title='bbox 2130 5240 2432 5297; x_wconf 87' lang='lat' dir='ltr'><strong>multitudo</strong></span> <span class='ocrx_word' id='word_1_808' title='bbox 2473 5247 2806 5311; x_wconf 83' lang='lat' dir='ltr'><strong>exspectans</strong></span> <span class='ocrx_word' id='word_1_809' title='bbox 2844 5254 2974 5296; x_wconf 89' lang='lat' dir='ltr'><strong>eum</strong></span> <span class='ocrx_word' id='word_1_810' title='bbox 3017 5237 3176 5304; x_wconf 88' lang='lat' dir='ltr'><strong>foris,</strong></span> <span class='ocrx_word' id='word_1_811' title='bbox 3210 5245 3463 5307; x_wconf 89' lang='lat' dir='ltr'><strong>tempore</strong></span> <span class='ocrx_word' id='word_1_812' title='bbox 3496 5236 3582 5291; x_wconf 85' lang='lat' dir='ltr'><strong>in-</strong></span> 
     </span>
    </p>
   </div>
   <div class='ocr_carea' id='block_1_105' title="bbox 2001 5326 3587 5402">
    <p class='ocr_par' dir='ltr' id='par_1_105' title="bbox 2001 5326 3587 5402">
     <span class='ocr_line' id='line_1_105' title="bbox 2001 5326 3587 5402; baseline -0.004 -15"><span class='ocrx_word' id='word_1_813' title='bbox 2001 5331 2179 5387; x_wconf 85' lang='lat' dir='ltr'><strong>censi.</strong></span> <span class='ocrx_word' id='word_1_814' title='bbox 2216 5330 2491 5402; x_wconf 81' lang='lat' dir='ltr'><strong>Apparuit</strong></span> <span class='ocrx_word' id='word_1_815' title='bbox 2520 5340 2709 5387; x_wconf 87' lang='lat' dir='ltr'><strong>autem</strong></span> <span class='ocrx_word' id='word_1_816' title='bbox 2739 5330 2821 5385; x_wconf 90' lang='lat' dir='ltr'><strong>illi</strong></span> <span class='ocrx_word' id='word_1_817' title='bbox 2879 5330 3113 5402; x_wconf 88' lang='lat' dir='ltr'><strong>angelus</strong></span> <span class='ocrx_word' id='word_1_818' title='bbox 3167 5326 3391 5385; x_wconf 88' lang='lat' dir='ltr'><strong>Domini</strong></span> <span class='ocrx_word' id='word_1_819' title='bbox 3428 5334 3587 5382; x_wconf 82' lang='lat' dir='ltr'><strong>stans</strong></span> 
     </span>
    </p>
   </div>
   <div class='ocr_carea' id='block_1_106' title="bbox 2004 5418 3583 5490">
    <p class='ocr_par' dir='ltr' id='par_1_106' title="bbox 2004 5418 3583 5490">
     <span class='ocr_line' id='line_1_106' title="bbox 2004 5418 3583 5490; baseline -0.004 -11"><span class='ocrx_word' id='word_1_820' title='bbox 2004 5442 2034 5479; x_wconf 90' lang='lat' dir='ltr'><strong>a</strong></span> <span class='ocrx_word' id='word_1_821' title='bbox 2076 5423 2284 5480; x_wconf 74' lang='lat' dir='ltr'><strong>dextris</strong></span> <span class='ocrx_word' id='word_1_822' title='bbox 2309 5423 2523 5490; x_wconf 85' lang='lat' dir='ltr'><strong>altaris,</strong></span> <span class='ocrx_word' id='word_1_823' title='bbox 2548 5431 2607 5479; x_wconf 90' lang='lat' dir='ltr'><strong>et</strong></span> <span class='ocrx_word' id='word_1_824' title='bbox 2640 5423 2780 5480; x_wconf 81' lang='lat' dir='ltr'><strong>dixit</strong></span> <span class='ocrx_word' id='word_1_825' title='bbox 2807 5442 2823 5477; x_wconf 91' lang='lat'><strong>:</strong></span> <span class='ocrx_word' id='word_1_826' title='bbox 2869 5442 2889 5475; x_wconf 86' lang='grc'><strong><em>‹</em></strong></span> <span class='ocrx_word' id='word_1_827' title='bbox 2920 5423 3002 5478; x_wconf 85' lang='lat' dir='ltr'><strong>Ne</strong></span> <span class='ocrx_word' id='word_1_828' title='bbox 3041 5422 3263 5486; x_wconf 90' lang='lat' dir='ltr'><strong>timeas,</strong></span> <span class='ocrx_word' id='word_1_829' title='bbox 3289 5418 3583 5485; x_wconf 84' lang='lat' dir='ltr'><strong>Zacharia,</strong></span> 
     </span>
    </p>
   </div>
   <div class='ocr_carea' id='block_1_107' title="bbox 387 5524 1901 5628">
    <p class='ocr_par' dir='ltr' id='par_1_107' title="bbox 387 5524 1893 5628">
     <span class='ocr_line' id='line_1_107' title="bbox 387 5524 1893 5628; baseline 0.003 -17"><span class='ocrx_word' id='word_1_830' title='bbox 387 5557 405 5589; x_wconf 78' lang='grc'>⁸</span> <span class='ocrx_word' id='word_1_831' title='bbox 444 5555 639 5628; x_wconf 23' lang='grc' dir='ltr'><strong>Μᾉοιιιι.</strong></span> <span class='ocrx_word' id='word_1_832' title='bbox 665 5570 786 5621; x_wconf 78' lang='lat' dir='ltr'><strong>vm,</strong></span> <span class='ocrx_word' id='word_1_833' title='bbox 817 5555 871 5628; x_wconf 62' lang='grc'><strong>4.</strong></span> <span class='ocrx_word' id='word_1_834' title='bbox 896 5625 926 5628; x_wconf 85' lang='lat'>_</span> <span class='ocrx_word' id='word_1_835' title='bbox 947 5556 968 5586; x_wconf 78' lang='lat'><strong>’</strong></span> <span class='ocrx_word' id='word_1_836' title='bbox 1001 5553 1194 5628; x_wconf 63' lang='lat' dir='ltr'><strong>Matth.</strong></span> <span class='ocrx_word' id='word_1_837' title='bbox 1230 5569 1382 5628; x_wconf 66' lang='grc' dir='ltr'>χχιιι,</span> <span class='ocrx_word' id='word_1_838' title='bbox 1409 5556 1500 5611; x_wconf 73' lang='grc'><strong>26.</strong></span> <span class='ocrx_word' id='word_1_839' title='bbox 1576 5558 1597 5590; x_wconf 88' lang='grc'><em>³</em></span> <span class='ocrx_word' id='word_1_840' title='bbox 1632 5558 1812 5615; x_wconf 79' lang='lat' dir='ltr'><strong>Levit.</strong></span> <span class='ocrx_word' id='word_1_841' title='bbox 1841 5576 1893 5615; x_wconf 77' lang='lat' dir='ltr'><strong>IX</strong></span> 
     </span>
    </p>
   </div>
   <div class='ocr_carea' id='block_1_108' title="bbox 2004 5524 3579 5628">
    <p class='ocr_par' dir='ltr' id='par_1_108' title="bbox 2004 5524 3579 5628">
     <span class='ocr_line' id='line_1_108' title="bbox 2004 5524 3579 5628; baseline -0.004 -13"><span class='ocrx_word' id='word_1_842' title='bbox 2004 5561 2039 5615; x_wconf 81' lang='grc' dir='ltr'><strong>ι.</strong></span> <span class='ocrx_word' id='word_1_843' title='bbox 2116 5559 2136 5590; x_wconf 73' lang='grc'><strong><em>³</em></strong></span> <span class='ocrx_word' id='word_1_844' title='bbox 2167 5524 2369 5619; x_wconf 64' lang='grc' dir='ltr'>Εεεοὶι.</span> <span class='ocrx_word' id='word_1_845' title='bbox 2401 5576 2545 5628; x_wconf 79' lang='lat' dir='ltr'><strong>xuv,</strong></span> <span class='ocrx_word' id='word_1_846' title='bbox 2574 5560 2666 5616; x_wconf 72' lang='grc'><strong>21.</strong></span> <span class='ocrx_word' id='word_1_847' title='bbox 2743 5563 2764 5593; x_wconf 76' lang='grc'><strong><em>⁵</em></strong></span> <span class='ocrx_word' id='word_1_848' title='bbox 2793 5559 2963 5615; x_wconf 82' lang='lat' dir='ltr'><strong>Hebr.</strong></span> <span class='ocrx_word' id='word_1_849' title='bbox 3000 5559 3181 5617; x_wconf 65' lang='grc' dir='ltr'>νιιΞἹ.</span> <span class='ocrx_word' id='word_1_850' title='bbox 3228 5557 3247 5590; x_wconf 85' lang='grc'><strong><em>⁸</em></strong></span> <span class='ocrx_word' id='word_1_851' title='bbox 3283 5556 3452 5612; x_wconf 88' lang='lat' dir='ltr'><strong>Ilebr.</strong></span> <span class='ocrx_word' id='word_1_852' title='bbox 3483 5569 3579 5619; x_wconf 82' lang='grc' dir='ltr'>νιι,</span> 
     </span>
    </p>
   </div>
   <div class='ocr_carea' id='block_1_109' title="bbox 302 5623 1492 5697">
    <p class='ocr_par' dir='ltr' id='par_1_109' title="bbox 302 5623 1492 5697">
     <span class='ocr_line' id='line_1_109' title="bbox 302 5623 1492 5697; baseline -0.001 -13"><span class='ocrx_word' id='word_1_853' title='bbox 302 5628 408 5684; x_wconf 76' lang='grc'><strong>28.</strong></span> <span class='ocrx_word' id='word_1_854' title='bbox 487 5626 507 5657; x_wconf 84' lang='grc'><strong>⁷</strong></span> <span class='ocrx_word' id='word_1_855' title='bbox 538 5625 707 5682; x_wconf 81' lang='lat' dir='ltr'><strong>Hebr.</strong></span> <span class='ocrx_word' id='word_1_856' title='bbox 738 5643 795 5692; x_wconf 72' lang='grc' dir='ltr'>ν,</span> <span class='ocrx_word' id='word_1_857' title='bbox 828 5625 948 5680; x_wconf 80' lang='grc'><strong>1-5.</strong></span> <span class='ocrx_word' id='word_1_858' title='bbox 1026 5624 1048 5654; x_wconf 83' lang='grc'>⁸</span> <span class='ocrx_word' id='word_1_859' title='bbox 1077 5623 1213 5679; x_wconf 89' lang='lat' dir='ltr'><strong>Luc.</strong></span> <span class='ocrx_word' id='word_1_860' title='bbox 1242 5640 1281 5689; x_wconf 82' lang='grc' dir='ltr'>ι,</span> <span class='ocrx_word' id='word_1_861' title='bbox 1310 5624 1342 5678; x_wconf 85' lang='grc'>6</span> <span class='ocrx_word' id='word_1_862' title='bbox 1368 5639 1492 5697; x_wconf 83' lang='lat' dir='ltr'><strong>seq.</strong></span> 
     </span>
    </p>
   </div>
   <div class='ocr_carea' id='block_1_110' title="bbox 1605 5734 2288 5795">
    <p class='ocr_par' dir='ltr' id='par_1_110' title="bbox 1605 5734 2288 5795">
     <span class='ocr_line' id='line_1_110' title="bbox 1605 5734 2288 5795; baseline 0.004 -5"><span class='ocrx_word' id='word_1_863' title='bbox 1605 5734 1839 5793; x_wconf 71' lang='lat' dir='ltr'><strong>VABl/E</strong></span> <span class='ocrx_word' id='word_1_864' title='bbox 1885 5737 2288 5795; x_wconf 82' lang='lat' dir='ltr'><strong>LECTIONES.</strong></span> 
     </span>
    </p>
   </div>
   <div class='ocr_carea' id='block_1_111' title="bbox 387 5817 3573 5909">
    <p class='ocr_par' dir='ltr' id='par_1_111' title="bbox 387 5817 3573 5909">
     <span class='ocr_line' id='line_1_111' title="bbox 387 5817 3573 5909; baseline -0.003 -16"><span class='ocrx_word' id='word_1_865' title='bbox 387 5855 414 5877; x_wconf 80' lang='grc' dir='ltr'><strong>ο</strong></span> <span class='ocrx_word' id='word_1_866' title='bbox 444 5817 900 5909; x_wconf 72' lang='grc' dir='ltr'>Ϊιροσὸεχόμενον.</span> <span class='ocrx_word' id='word_1_867' title='bbox 925 5835 1157 5907; x_wconf 76' lang='lat' dir='ltr'><strong>Vulgata</strong></span> <span class='ocrx_word' id='word_1_868' title='bbox 1182 5834 1354 5909; x_wconf 76' lang='lat' dir='ltr'><strong>editio</strong></span> <span class='ocrx_word' id='word_1_869' title='bbox 1400 5832 1554 5909; x_wconf 68' lang='lat' dir='ltr'><strong>legit,</strong></span> <span class='ocrx_word' id='word_1_870' title='bbox 1581 5849 1756 5909; x_wconf 82' lang='lat' dir='ltr'><strong>orans_.</strong></span> <span class='ocrx_word' id='word_1_871' title='bbox 1787 5836 2128 5907; x_wconf 75' lang='lat' dir='ltr'><strong>Augustinus</strong></span> <span class='ocrx_word' id='word_1_872' title='bbox 2194 5844 2376 5891; x_wconf 86' lang='lat' dir='ltr'><strong>tamen</strong></span> <span class='ocrx_word' id='word_1_873' title='bbox 2417 5833 2485 5890; x_wconf 81' lang='lat' dir='ltr'><strong>ab</strong></span> <span class='ocrx_word' id='word_1_874' title='bbox 2545 5836 2717 5891; x_wconf 86' lang='lat' dir='ltr'><strong>altera</strong></span> <span class='ocrx_word' id='word_1_875' title='bbox 2783 5835 2871 5891; x_wconf 85' lang='lat' dir='ltr'><strong>illa</strong></span> <span class='ocrx_word' id='word_1_876' title='bbox 2930 5834 3169 5892; x_wconf 88' lang='lat' dir='ltr'><strong>lectione</strong></span> <span class='ocrx_word' id='word_1_877' title='bbox 3215 5831 3437 5887; x_wconf 79' lang='lat' dir='ltr'><strong>videtur</strong></span> <span class='ocrx_word' id='word_1_878' title='bbox 3462 5842 3573 5885; x_wconf 81' lang='lat' dir='ltr'><strong>non</strong></span> 
     </span>
    </p>
   </div>
   <div class='ocr_carea' id='block_1_112' title="bbox 302 5903 1776 5976">
    <p class='ocr_par' dir='ltr' id='par_1_112' title="bbox 302 5903 1776 5976">
     <span class='ocr_line' id='line_1_112' title="bbox 302 5903 1776 5976; baseline -0.009 -4"><span class='ocrx_word' id='word_1_879' title='bbox 302 5903 1373 5976; x_wconf 53' lang='lat' dir='ltr'><strong>abhorrere,&#39;Quaestionunfevangelio.</strong></span> <span class='ocrx_word' id='word_1_880' title='bbox 1402 5904 1438 5957; x_wconf 88' lang='lat' dir='ltr'><strong>l.</strong></span> <span class='ocrx_word' id='word_1_881' title='bbox 1472 5903 1535 5971; x_wconf 88' lang='lat' dir='ltr'><strong>ll,</strong></span> <span class='ocrx_word' id='word_1_882' title='bbox 1572 5919 1686 5975; x_wconf 88' lang='lat' dir='ltr'><strong>cap.</strong></span> <span class='ocrx_word' id='word_1_883' title='bbox 1724 5905 1776 5959; x_wconf 84' lang='lat' dir='ltr'><strong>l.</strong></span> 
     </span>
    </p>
   </div>
  </div>
