4042 6470
328 395 469 464 1813

1103 398 1431 460 HOMILIA
1468 397 1674 460 CXXI.
1706 420 1772 433 ·-
1806 398 1904 456 DE
1946 393 2857 456 DlGNlTATE‘PONTlFlClA.

3465 366 3602 452 isti

320 517 381 568 αι
423 514 761 570 δικαιοσύναι
814 515 986 570 αὑτοῦ
1037 515 1103 580 ἃς
1155 515 1456 583 ἐποίησεν·
1516 514 1612 567 καὶ
1665 513 1729 565 τὸ
1772 507 1913 581 αἷμα

2021 535 2148 576 eum
2171 519 2271 573 ⁵⁷.»
2299 517 2404 571 Et:
2440 534 2459 567 ι
2488 514 2569 570 Tu
2597 514 2640 568 si
2675 511 3251 584 probibuerisjustum
3291 523 3357 563 ne
3383 516 3596 577 pet-cet,

320 608 491 663 αὑτοῦ
531 610 597 664 ἐκ
621 608 725 680 τῆς
757 609 943 681 χειρός
976 626 1072 663 σου
1097 609 1415 679 ἀπαιτήσω,
1441 608 1525 661 ὅτι
1551 607 1611 661 οὗ
1643 606 1918 659 διεστείλω

319 700 489 772 αὐτῷ.
528 720 549 753 ι
588 702 713 768 Καὶ,
753 720 772 754 ι
800 703 874 755 Σὺ
925 701 1024 755 ἐὰν
1051 701 1333 773 διαστείλῃ
1384 700 1466 772 τῷ
1495 699 1691 770 δικαίῳ
1717 698 1811 753 τοῦ
1843 699 1917 770 μὴ

321 792 686 865 ἁμαρτάνειν,
721 794 835 863 ζωῇ
889 794 1140 863 ζήσεται,
1171 793 1269 846 καὶ
1324 793 1388 845 σὺ
1437 793 1539 862 τὴν
1592 791 1772 863 ψυχήν
1822 808 1918 844 σου

319 885 484 959 ρῦσῃ.
526 905 544 931 ι
576 885 689 939 Καὶ
742 886 941 955 ὲπάγει
969 903 983 918 ο
1028 904 1047 936 ι
1083 887 1169 939 Ζῶ
1217 882 1352 953 ἐγὼ,
1384 884 1537 953 λέγει
1571 885 1804 957 Κύριος,
1836 886 1919 938 ὅτι

314 979 379 1032 οὐ
410 978 550 1032 θέλω
579 963 671 1033 τὸν
705 978 937 1033 θάνατον
958 976 1053 1031 τοῦ
1085 976 1437 1047 ἀμαρτωλοῦ.
1464 977 1541 1040 ὡς
1570 977 1632 1031 τὸ
1659 977 1917 1048 ἐπιστρέ-

314 1070 417 1141 ψαι
460 1072 552 1124 καὶ
579 1073 679 1142 ζῇν
707 1071 893 1126 αὐτόν.
938 1089 959 1122 ›
995 1070 1061 1123 Τί
1116 1068 1175 1122 δέ
1211 1085 1379 1139 φησιν
1407 1070 1437 1123 ὁ
1472 1069 1678 1140 Κύριος
1704 1066 1783 1137 τῷ
1815 1068 1921 1122 Πέ-

315 1180 434 1235 τρῳ
459 1179 475 1228 ς
502 1181 525 1214 ι
575 1163 714 1217 ὀσα
747 1161 813 1215 ἂν
842 1162 1043 1232 δήσητε
1078 1161 1171 1213 ἐπὶ
1196 1161 1297 1230 τῆς
1327 1162 1452 1231 γῆς,
1480 1161 1635 1213 ἔσται
1658 1160 1920 1232 δεδεμένα

308 1255 520 1316 ἐντοῖς
575 1253 846 1323 οὐρανοῖς.
896 1272 914 1304 ι
955 1252 1101 1323 Ὅρα
1159 1253 1410 1323 ῥήματος
1465 1251 1700 1324 δύναμιν
1741 1271 1755 1286 ·
1818 1253 1921 1307 οὐκ

319 1338 496 1407 εἶπεν,
565 1345 704 1397 Ὀσα
761 1343 828 1397 ἂν
864 1344 1036 1415 δήσῃς
1067 1343 1162 1396 ἐπὶ
1195 1344 1294 1414 τῆς
1320 1344 1445 1413 γῆς,
1478 1344 1634 1398 ἔσται
1659 1344 1921 1415 δεδεμένα

316 1435 413 1487 ἐπὶ
428 1433 528 1503 τῆς
549 1433 832 1505 γῆ;,,ἀλλ’,
858 1453 878 1485 ι
909 1435 1053 1488 Ὅσα
1078 1433 1144 1488 ἂν
1174 1434 1345 1507 δήσῃς
1376 1434 1584 1505 ὲπὶτῆς
1610 1435 1738 1505 γῆς,
1766 1436 1920 1490 ἔσται

317 1524 583 1595 δεδεμένα
632 1528 690 1580 ὲν
724 1528 838 1589 τοῖς
882 1526 1137 1596 οὐρανοῖς
1170 1542 1186 1558 ο
1223 1544 1251 1578 ι
1286 1527 1374 1579 ἵνα
1442 1528 1537 1580 καὶ
1575 1527 1747 1581 ποιῶν
1771 1529 1918 1582 ἀκοι-

316 1617 634 1689 νώνητον,ῆ
673 1618 985 1689 κωλῦων,ἢ
1043 1617 1360 1689 καθαιρῶν,
1391 1618 1623 1690 φοϐερὸν
1668 1619 1814 1691 ἔχοις
1861 1620 1922 1674 τὸ

318 1710 579 1780 πρᾶγμα,
607 1710 684 1773 ὡς
742 1709 1037 1781 σύμψηφον
1095 1706 1279 1765 καλῶν
1330 1711 1442 1766 τῶν
1484 1711 1619 1765 Θεόν
1648 1731 1661 1745 ·
1690 1712 1766 1776 ὡς
1812 1713 1921 1767 ὑπὸ

318 1800 562 1873 μάρτυρι
598 1802 689 1855 τοῦ
718 1801 776 1855 ἐν
797 1801 1244 1871 οὐρανοῖς,τοῦτο
1300 1802 1472 1857 ποιῶν
1494 1819 1508 1834 ο
1539 1806 1636 1859 καὶ
1659 1806 1687 1859 ὁ
1716 1807 1922 1860 κω).υό-

314 1908 482 1961 μενος
508 1892 539 1964 ἦ
565 1893 1270 1966 καθαιρούμενοςφριττοι,
1312 1895 1388 1960 ὡς
1427 1896 1533 1961 ἔξω
1585 1896 1914 1970 βαλλόμενος

312 1981 565 2052 οὐρανῶν
629 1982 930 2055 βασιλείας.
981 1984 1146 2054 Ὅρα,
1202 1987 1392 2055 φησὶν,
1421 1987 1476 2040 τί
1526 1989 1815 2058 πράττεις,
1868 1985 1914 2045 ὦ

318 2071 491 2142 ἱερεῦ,
526 2072 561 2128 ἃ
618 2072 772 2128 κάτω
804 2074 1028 2144 δεσμεῗς
1053 2116 1066 2139 ,
1096 2076 1209 2130 ἄνω
1237 2077 1649 2146 λογοθετείσθαι
1679 2082 1913 2152 προσδό-

316 2173 492 2226 κησον
518 2175 531 2188 ·
563 2158 664 2213 οὐκ
715 2160 865 2214 ἔστιν
916 2161 1211 2226 ἀνεύθυνος
1256 2165 1284 2217 ὁ
1316 2164 1537 2235 δεσμὸς,
1568 2165 1663 2220 ὲάν
1711 2167 1914 2233 ἀδίκως

312 2245 624 2315 δεσμεύεις.
667 2246 1100 2317 Ἐμφανιζεσθαι
1153 2250 1263 2321 γὰρ
1299 2250 1515 2320 μέλλεις
1543 2252 1621 2323 τῷ
1648 2253 1760 2306 τῶν
1807 2254 1913 2323 ἀγ·-

312 2337 496 2404 γέλων
529 2340 780 2410 σκρινίῳ.
809 2340 900 2393 Διὺ
934 2341 1008 2411 μὴ
1058 2340 1218 2412 θυμῷ
1244 2342 1340 2396 καὶ
1374 2341 1540 2397 πάθει
1572 2343 1665 2397 τὸν
1714 2345 1916 2415 δεσμὸν

310 2429 545 2497 ὲπάγοις
572 2447 587 2460 ·
621 2431 697 2502 μὴ
721 2430 796 2493 ὡς
823 2432 1016 2486 ἑαυτὸν
1051 2432 1306 2501 ἐκδικῶν,
1333 2434 1450 2489 ἀλλ’
1478 2434 1554 2499 ὡς
1581 2436 1785 2509 ἀρετὴν
1815 2441 1914 2493 ὲκ-

309 2520 503 2574 δικῶν.
522 2522 760 2576 Ἐκδικεῖ
786 2524 892 2594 γὰρ
908 2524 999 2580 τὸν
1023 2525 1225 2591 ἀδίκως
1247 2527 1469 2582 δεθέντα
1493 2530 1523 2582 ὁ
1554 2530 1705 2597 Θεὸς,
1723 2531 1823 2587 ἐάν
1839 2532 1920 2605 μὴ

308 2614 414 2667 τοῦ
442 2614 642 2685 δεσμοῦ
676 2620 1091 2691 καταφρονήσῃ.
1141 2619 1199 2672 '0
1221 2614 1315 2674 οὖν
1347 2621 1657 2694 εἰλικρινῶς
1690 2625 1916 2695 ποιμαί-

309 2724 426 2759 νων
452 2709 548 2778 τὴν
577 2708 815 2781 ποίμνην
838 2710 933 2763 τοῦ
957 2711 1219 2782 Χριστοῦ,
1249 2694 1431 2787 Στόμά
1460 2716 1596 2770 Θεοῦ
1627 2718 1911 2790 κέκληται.

310 2799 489 2867 Φησὶν
530 2800 641 2872 γάρ
668 2816 682 2829 ·
720 2820 738 2852 ι
792 2802 917 2856 Ἐὰν
955 2803 1231 2876 ἐξαγάγῃς
1262 2805 1445 2877 τίμιον
1476 2808 1535 2874 ἐξ
1560 2810 1811 2877 ἀναξίου,
1834 2811 1913 2877 ὡς

316 2892 497 2959 στόμα
558 2910 660 2960 μου
710 2894 831 2965 ἔσῃ.
867 2915 885 2947 ι
945 2896 1134 2952 Ταῦτα
1191 2898 1285 2951 τοῦ
1335 2899 1591 2973 ἀληθινοῦ
1654 2906 1915 2975 ποιμένος

313 2983 493 3048 ἐστὶν,
531 2985 618 3038 ἵνα
651 2984 749 3056 τὴν
775 2986 956 3058 ψυχὴν
979 2987 1148 3042 αὐτοῦ
1170 2988 1236 3062 θῇ
1263 2991 1402 3064 ὑπὲρ
1432 2993 1543 3045 τῶν
1567 2995 1912 3066 ἀρχομένων.

313 3076 386 3129 Εἰ
416 3075 472 3129 δὲ
528 3077 772 3145 ἀναδύει,
806 3080 906 3151 τὴν
949 3080 1110 3151 δίκην
1139 3082 1323 3151 ὑφέξει
1354 3084 1450 3137 τοῦ
1484 3086 1783 3156 μισθωτοῦ,
1817 3091 1912 3144 τοῦ

313 3167 414 3221 διὰ
453 3167 546 3223 τοῦ
603 3170 770 3225 λύκου
804 3172 1043 3241 φυγάδος
1096 3175 1395 3246 γενομένου
1432 3193 1446 3208 ⁶
1474 3180 1570 3232 καὶ
1616 3181 1914 3236 ἀκούσεται

311 3257 477 3328 παρά
530 3259 625 3313 τοῦ
683 3263 1078 3334 ἀρχιποιμένος
1132 3264 1213 3328 τὸ,
1251 3285 1270 3316 ι
1310 3267 1424 3319 Οὐκ
1481 3246 1825 3342 ἐξεζήτησαν
1865 3276 1914 3327 οἱ

312 3351 579 3421 ποιμένες
603 3352 674 3405 τά
736 3353 983 3422 πρόϐατά
1034 3373 1158 3424 μου,
1196 3375 1215 3408 ι
1247 3357 1338 3409 καὶ
1390 3358 1698 3430 ἐϐόσκησαν
1749 3363 1910 3419 αὑτά.

311 3446 456 3510 Καὶ,
496 3463 514 3496 ι
541 3446 862 3516 Ἐκζητήσω
888 3448 955 3501 τὰ
988 3449 1240 3520 πρόϐατά
1270 3467 1373 3522 μου
1409 3452 1474 3505 ἐκ
1495 3455 1595 3524 τῆς
1620 3456 1803 3527 χειρὸς
1817 3459 1916 3512 αὖ·

308 3536 449 3591 τῶν.
488 3557 507 3589 ι
545 3539 800 3593 Τοιοῦτόν
827 3558 879 3594 τι
930 3541 1261 3614 εὑρίσκομεν
1305 3544 1460 3616 παρά
1506 3546 1584 3617 τῷ
1614 3548 1911 3620 Εἰρηναίῳ.

308 3632 492 3701 Φησὶν
527 3633 636 3703 γὰρ
690 3634 822 3705 περὶ
870 3634 966 3688 τοῦ
1000 3635 1267 3704 Θεολὸγου
1315 3638 1570 3693 Ἰωάννου
1601 3679 1616 3704 ,
1651 3641 1732 3694 ὅτι
1784 3641 1914 3697 ἰδών

307 3743 443 3779 τινα
473 3727 691 3781 νεανίαν
718 3727 1106 3798 εὐφυέστατον,
1130 3732 1518 3802 κατηχηθέντα
1542 3738 1674 3804 παρ’
1702 3736 1868 3790 αὐτοῦ
1898 3780 1912 3804 ,

309 3815 417 3870 καὶ
471 3816 860 3884 βαπτισθέντα,
913 3816 1019 3889 ἔφη
1065 3819 1144 3889 τῷ
1189 3821 1286 3891 τῆς
1338 3823 1550 3888 πόλεως
1600 3825 1911 3898 ἐπισκόπῳ,

309 3906 527 3962 Τοῦτόν
560 3925 642 3965 σοι
672 3909 1040 3980 παρατίθημι·
1069 3911 1165 3966 καὶ
1186 3913 1565 3986 ἀπεδήμησεν.
1610 3916 1667 3971 Ὃ
1688 3917 1747 3971 δὲ
1794 3919 1917 3973 ἐπί-

312 4014 554 4066 σκοπος,
580 3998 785 4070 πολλὴν
847 4001 1106 4070 πρόνοιαν
1161 4003 1488 4074 ποιούμενος
1540 4005 1641 4059 τοῦ
1699 4008 1911 4077 παιδὸς,

308 4089 533 4160 ἤγαγεν
587 4090 751 4144 αὑτὸν
786 4093 866 4156 εἰς
899 4094 1148 4164 μεγάλην
1196 4097 1506 4167 προκοπήν.
1539 4097 1810 4172 ’Ὕστερον
1854 4102 1913 4155 δὲ

306 4183 464 4236 κατὰ
502 4183 700 4254 μικρὸν
749 4185 991 4255 ἀμελῶν,
1046 4187 1325 4253 ἐξέκλινεν
1362 4190 1467 4261 τῆς
1513 4191 1733 4257 εὐθείας
1763 4194 1911 4261 ὀδοῦ,

308 4271 464 4326 ὥστε
493 4274 747 4341 γενέσθαι
776 4276 1333 4350 αὐτὺνιὰρχιλῃστήν.
1383 4281 1588 4338 Ἐλθὼν
1626 4283 1685 4338 δὲ
1727 4288 1755 4340 ὀ
1789 4285 1912 4340 θεο-

307 4364 499 4433 λόγος,
524 4368 723 4440 ἀπῄτει
779 4368 871 4422 τὸν
920 4370 1218 4425 ἐπίσκοπον
1250 4373 1350 4444 τὴν
1405 4376 1908 4451 παρακαταθήκην.

321 4457 388 4511 Ὅ
411 4458 469 4511 δὲ
501 4459 743 4529 νομίζων
777 4461 1038 4532 χρήματα
1064 4463 1438 4531 ἀπαιτεῖσθαι,
1458 4466 1656 4539 ἠπόρει
1690 4471 1743 4525 τί
1777 4473 1912 4526 ἀπο-

305 4550 678 4619 λογήσασθαι,
706 4553 874 4622 μηδὲν
937 4554 1310 4625 κομισάμενος
1370 4560 1501 4629 παρ’
1553 4560 1741 4619 αὐτοῦ.
1772 4563 1908 4617 Τότε

306 4644 618 4715 προφανῶς
652 4644 801 4713 λέγει
830 4644 1015 4716 αὐτῷ’
1055 4645 1159 4700 Τὸν
1205 4648 1445 4713 νεανίαν,
1478 4649 1537 4702 ὃν
1587 4654 1912 4728 παρεθέμην

309 4751 423 4805 σοι,
454 4734 673 4800 ἀπόδος·
706 4736 737 4792 ὁ
771 4735 829 4788 δὲ

304 4823 582 4893 τέθνηκεν
609 4842 624 4857 ο
656 4826 752 4880 καὶ
793 4826 1093 4898 διηγήσατο
1124 4829 1275 4901 αὐτῷ
1304 4829 1370 4886 τὰ
1406 4834 1527 4886 κατ’
1558 4834 1724 4890 αὐτόν
1749 4853 1764 4866 ο
1795 4841 1824 4892 ὁ
1853 4838 1910 4893 δὲ

321 4913 657 4982 Ἀπόστολος
693 4916 833 4988 μετὰ
863 4920 1108 4992 μεγάλης
1146 4923 1397 4995 οἰμωγῆς
1433 4924 1778 4998 πληξάμενος
1810 4930 1910 5003 τὴν

306 5005 586 5078 κεφαλὴν,
618 5008 759 5080 ἔφη’
790 5008 973 5063 Καλόν
1018 5028 1080 5065 σε
1133 5013 1351 5081 φύλακα
1394 5015 1496 5086 τῆς
1541 5017 1637 5071 τοῦ
1673 5020 1907 5091 ἀδελφοῦ

304 5097 497 5169 ψυχῆς
528 5097 824 5155 κατέλιπον
856 5116 871 5134 ·
917 5103 1016 5155 καὶ
1066 5103 1269 5169 εὐθέως
1300 5105 1524 5178 ἐξῆλθεν
1563 5111 1644 5176 εἰς
1678 5113 1902 5168 ὲπιδίω-

311 5360 377 5412 x,
403 5344 493 5403 Η.
573 5348 620 5379 ’⁸
650 5344 857 5406 Ezech.
889 5367 1075 5422 xxxrv,
1103 5354 1157 5410 8.
1235 5358 1283 5389 “
1314 5357 1453 5413 ibid.
1486 5344 1572 5415 ιθ.

2024 611 2140 666 vita
2158 609 2325 673 vivet,
2353 616 2408 663 et
2436 614 2491 660 tu
2515 606 2752 660 animam
2781 611 2927 657 tuam
2951 603 3212 657 liberabis
3231 601 3328 658 ¹³.›
3354 599 3598 655 inducit:

2032 700 2204 756 «Vivo
2230 714 2351 771 ego,
2385 698 2523 753 dicit
2554 697 2843 758 Dominus,
2880 694 3008 765 quia
3041 694 3167 748 nolo
3198 704 3435 747 mortem
3474 705 3607 753 pee-

2021 790 2228 845 catoris
2252 831 2266 855 ,
2324 789 2500 861 magis
2525 799 2710 845 autem
2749 798 2813 845 ut
2842 800 3198 845 convertatur
3234 802 3291 847 et
3317 795 3547 849 vivat".
3581 814 3599 846 ι

2025 882 2239 952 Ecquid
2274 881 2351 937 ait
2383 882 2655 938 Dominus
2684 883 2882 938 Petro?
2920 906 2934 934 ι
2966 882 3321 953 Quaecunque
3347 886 3609 956 ligaveris

2024 993 2192 1049 super
2221 987 2450 1043 terram,
2484 988 2650 1033 erunt
2674 977 2842 1048 ligata
2871 986 2930 1033 et
2958 977 3011 1032 in
3041 977 3311 1033 crnlis'm
3334 978 3431 1033 Vis
3452 978 3608 1032 verbi

2024 1072 2178 1127 illius
2207 1085 2372 1141 quam
2391 1071 2709 1141 operatoria
2722 1071 2793 1127 sit
2810 1085 3091 1142 quamque
3108 1068 3321 1135 eilicax,
3334 1069 3609 1141 expende.

2023 1163 2143 1218 Non
2166 1162 2328 1217 dixit:
2356 1160 2711 1232 Quaecunque
2730 1160 2996 1232 ligaveris
3011 1176 3184 1230 super
3204 1169 3434 1228 terram,
3451 1172 3623 1216 erunt-

2022 1255 2186 1324 ligata
2200 1254 2252 1308 in
2271 1251 3190 1324 terra,sed,Qumcunqueliga-veris
3205 1268 3369 1324 super
3383 1261 3619 1313 terram._

2025 1352 2193 1402 erunt
2234 1346 2409 1417 ligata
2449 1346 2506 1401 in
2536 1346 2712 1401 caelis.
2772 1343 2932 1411 Vide,
2965 1344 3223 1415 inquam,
3255 1345 3514 1410 solerter,
3551 1353 3621 1399 ut

2023 1436 2161 1491 dum
2177 1436 2497 1506 quempiam
2521 1450 2758 1491 censura
2780 1433 3378 1490 excommunicationis
3398 1434 3614 1504 cogeris

2023 1526 2216 1591 ferire,
2245 1524 2381 1580 dum
2410 1540 2573 1580 arces
2602 1525 2796 1595 templi
2826 1523 3003 1591 aditu,
3032 1524 3166 1579 dum
3193 1523 3370 1596 gradu
3392 1523 3611 1596 dejicis,

2024 1617 2235 1674 habeas
2267 1632 2385 1673 rem
2408 1618 2555 1672 hanc
2582 1616 2803 1672 horrori
2831 1633 2845 1670 :
2867 1615 3077 1687 quippe
3102 1616 3202 1687 qui
3229 1616 3402 1671 Deum
3428 1615 3611 1686 ipsum

2024 1710 2255 1766 invoces
2304 1709 2598 1765 sententiae
2641 1708 2739 1763 tali
2783 1717 2892 1763 tuae
2940 1707 3389 1780 suﬁ'raganeum,
3454 1707 3612 1778 quasi

2024 1806 2122 1875 qui
2154 1804 2287 1860 dum
2318 1803 2437 1859 haec
2462 1802 2636 1870 facis,
2671 1810 2987 1859 conlestere
3020 1800 3216 1857 eadem
3249 1801 3462 1857 sancita
3493 1816 3615 1856 esse

2024 1908 2082 1955 et
2130 1899 2190 1954 in
2235 1899 2414 1955 caelis.
2472 1898 2539 1953 At
2568 1897 2815 1953 interior
2838 1896 3184 1952 inhorrescit
3210 1904 3362 1951 totus
3391 1896 3485 1967 qui
3512 1896 3616 1952 eli-

2024 1992 2274 2048 minatur
2302 1990 2497 2061 templi
2525 1989 2705 2057 aditu,
2728 1996 2825 2044 aut
2849 1988 3024 2060 gradu
3047 1986 3403 2052 deturbatur,
3434 1996 3497 2043 ut
3519 1987 3613 2058 qui

2025 2083 2303 2154 intelligat
2340 2080 2563 2138 excludi
2592 2096 2652 2137 se
2682 2096 2854 2153 regno
2883 2080 3179 2136 cmlorum.
3222 2078 3388 2145 Vide,
3421 2094 3618 2134 rursus

2024 2175 2301 2241 dixerim,
2347 2191 2382 2231 ο
2425 2174 2717 2242 sacerdos,
2749 2173 2885 2245 quid
2916 2189 3069 2245 agas.
3115 2172 3251 2240 Qua:
3276 2173 3421 2229 enim
3450 2174 3633 2230 deor-.

2026 2285 2149 2326 sum
2205 2269 2433 2326 vinculo
2494 2268 2741 2325 inuectis
2770 2267 2890 2323 oris
2918 2267 3024 2334 tui,
3062 2278 3217 2323 certo
3251 2267 3353 2323 tibi
3380 2281 3617 2339 persua-

2025 2363 2117 2430 de,
2140 2363 2335 2419 eadem
2363 2362 2568 2419 sanciri
2591 2376 2819 2419 sursum
2846 2367 2904 2416 et
2929 2360 3280 2432 comprobari
3301 2378 3316 2416 :
3337 2377 3447 2416 non
3469 2359 3619 2427 enim

2024 2455 2317 2512 vinculum
2363 2453 2640 2526 ejusmodi
2686 2453 2916 2523 impune
2949 2452 3037 2516 it...
3072 2452 3117 2507 si
3151 2451 3378 2522 quidem
3411 2450 3625 2522 injuste

2024 2548 2347 2618 quempiam
2396 2545 2681 2617 ligaveris.
2739 2543 2800 2598 In
2844 2543 3186 2599 consistorio
3214 2542 3365 2598 enim
3393 2541 3488 2598 illo
3514 2557 3617 2596 an-

2023 2641 2278 2711 gelorum
2335 2640 2690 2695 exactissime
2736 2639 3011 2695 rationem
3046 2636 3398 2709 repositurus
3428 2653 3508 2703 cs,
3542 2650 3627 2691 ne

2024 2744 2191 2800 quem
2228 2729 2452 2785 vinculo
2486 2728 2863 2799 implicueris,
2910 2728 2993 2783 ira
3033 2737 3130 2783 aut
3162 2728 3363 2783 vitiosa
3390 2726 3617 2790 ulla,af—

2023 2822 2268 2878 fectione
2294 2823 2696 2879 incandescens
2727 2841 2741 2878 :
2773 2838 2886 2878 non
2912 2822 3045 2878 item
3075 2824 3235 2894 quasi
3263 2823 3506 2893 teipsum
3531 2823 3618 2877 nl~

2024 2916 2274 2982 ciseens,
2322 2917 2458 2987 quin
2492 2917 2681 2987 potius
2711 2916 2874 2986 quasi
2908 2931 3011 2986 pro
3042 2912 3249 2969 tuenda
3276 2914 3485 2968 virtute
3515 2913 3616 2968 de—

2024 3020 2269 3069 certans.
2305 3013 2608 3070 Ulciseitur
2640 3012 2793 3068 enim
2830 3012 2980 3068 Deus
3031 3026 3095 3067 ac
3127 3010 3379 3066 defendit
3411 3010 3629 3082 injustas

2024 3119 2264 3161 censura
2308 3106 2571 3177 ligatum,
2629 3104 2911 3175 siquidem
2956 3103 3006 3159 is
3049 3103 3278 3160 videtur
3324 3117 3437 3158 non
3480 3117 3617 3157 con-

2022 3196 2321 3266 tempsisse
2352 3196 2666 3251 vinculum.
2716 3195 2822 3263 Qui
2854 3195 3023 3267 igitur
3053 3195 3195 3251 citra
3224 3195 3410 3250 fucum
3440 3192 3621 3250 ullum

2017 3286 2225 3343 Christi
2247 3288 2425 3357 pascit
2441 3302 2687 3357 gregem,
2715 3288 2845 3357 jure
2870 3297 3104 3342 vocatus
3155 3287 3363 3359 legitur
3392 3285 3467 3341 Os
3505 3284 3615 3340 Do-

2018 3379 2179 3434 mini.
2220 3380 2439 3450 1228
2487 3380 2580 3434 Ait
2621 3378 2772 3435 enim
2838 3378 3111 3435 Jeremias
3148 3397 3163 3433 :
3204 3397 3222 3430 ι
3258 3377 3317 3434 Si
3351 3377 3621 3433 eduxeris

2017 3471 2325 3541 pretiosum
2356 3488 2389 3526 a
2418 3472 2536 3538 vili,
2578 3473 2740 3543 quasi
2771 3488 2835 3545 os
2860 3487 3046 3535 meum
3076 3470 3272 3527 eris".
3294 3488 3313 3522 ι
3354 3471 3483 3526 llaze
3514 3484 3614 3526 ve-
3722 3514 3731 3521 .

2020 3563 2067 3617 ri
2100 3570 2229 3619 sunt
2255 3565 2499 3634 pastoris
2545 3564 2817 3636 insignia,
2871 3573 2935 3620 ut
2978 3564 3221 3619 animam
3250 3579 3407 3639 suam
3438 3572 3614 3634 ponat

2018 3664 2121 3719 pro
2141 3648 2463 3704 subditis“.
2493 3648 2551 3703 id
2575 3650 2622 3704 si
2648 3650 3055 3719 tergiversetur
3078 3656 3366 3720 prmstare,
3389 3647 3613 3719 sibique

2017 3731 2292 3803 praecipiti
2342 3731 2469 3804 fuga
2514 3735 2807 3800 consulat,
2862 3749 3082 3805 pinnam
3134 3732 3331 3789 subire
3378 3741 3611 3803 cogetur

2018 3816 2171 3872 illius
2212 3816 2545 3873 mercenarii
2597 3818 2692 3888 qui
2742 3818 2875 3888 lupo
2916 3818 3183 3874 saeviente
3232 3818 3488 3876 desertor
3525 3820 3610 3876 ia—

2018 3909 2143 3955 ctus
2184 3909 2269 3957 est
2318 3916 2385 3957 ae
2432 3902 2626 3974 refuga
2668 3904 2850 3975 gregis
2883 3921 2900 3970 ;
2959 3903 3263 3974 audietque
3295 3920 3326 3961 a
3357 3904 3612 3975 principe

2020 3995 2306 4057 pastorum
2344 3988 2400 4042 in
2436 4003 2496 4043 se
2535 3986 2867 4060 detorqueri
2900 3988 3038 4044 illud
3072 4007 3085 4043 :
3126 4009 3144 4043 ι
3173 3990 3295 4045 Non
3326 3990 3612 4061 exquisie-

2019 4079 2151 4126 runt
2198 4081 2452 4140 pastores
2502 4088 2636 4129 oves
2675 4076 2910 4141 meas",
2938 4094 2956 4126 ι
3013 4091 3125 4130 non
3170 4084 3449 4146 paverunt
3491 4092 3609 4132 eas.

2016 4156 2085 4212 Et
2112 4173 2156 4209 ει
2184 4155 2486 4227 Exquiram
2516 4172 2648 4213 oves
2670 4174 2822 4214 meas
2853 4158 2922 4214 de
2951 4176 3118 4214 manu
3145 4162 3453 4216 eorum’h
3477 4161 3612 4217 Tale

2015 4243 2227 4314 aliquid
2257 4243 2536 4301 invenisse
2561 4245 2726 4300 liceat
2755 4247 2903 4316 apud
2932 4246 3236 4315 lrcnmum;
3274 4249 3353 4304 ait
3379 4250 3531 4304 enim
3561 4251 3612 4304 is

2017 4331 2085 4387 de
2109 4330 2323 4388 Joanne
2351 4333 2640 4405 Theologo
2670 4332 2771 4405 (l),
2807 4333 2956 4405 quod
2988 4352 3115 4391 cum
3142 4336 3381 4393 vidisset
3404 4336 3451 4392 is
3477 4338 3613 4394 ado-

2015 4419 2323 4476 iescentem
2386 4421 2684 4492 quemdam
2748 4422 2950 4478 nativaé
3009 4422 3214 4479 indolis
3274 4422 3610 4481 dexteritate

2016 4508 2367 4579 praesignem,
2409 4508 2749 4565 rudimentis
2779 4509 2909 4565 ﬁdei
2943 4511 3225 4578 instruxit,
3266 4510 3611 4569 instructum

1941 4569 1986 4625 Β
2016 4569 2295 4665 baptismo
2325 4569 2592 4652 admovit.
2644 4597 2805 4653 Hunc
2834 4599 3079 4655 civitatis
3104 4569 3371 4672 episcopo
3403 4618 3610 4657 curan-

2015 4683 2149 4739 dum
2166 4683 2343 4747 dedit,
2357 4683 2551 4739 dicens
2570 4700 2584 4738 :
2603 4684 3027 4742 Adolescentem
3048 4687 3200 4743 hunc
3213 4696 3320 4742 tua:
3333 4704 3612 4746 commen-

859 4735 1104 4805 κρούσας
1134 4737 1234 4802 τάς
1269 4742 1482 4811 χεῖρας,
1510 4740 1636 4812 ἔφη’
1675 4744 1911 4811 Ἐκεῖνος

2019 4773 2088 4828 do
2115 4771 2266 4838 ﬁdei,
2295 4778 2353 4826 et
2376 4772 2480 4826 iter
2507 4773 2770 4843 arripuit.
2797 4773 3108 4844 Episcopus
3130 4790 3238 4829 non
3263 4776 3613 4833 instrenuam

2013 4875 2239 4930 operam
2263 4860 2463 4915 alendo
2479 4875 2655 4931 puero
2678 4861 3070 4917 commodavit.
3109 4863 3229 4918 Non
3246 4863 3605 4921 mediocriter

2016 4948 2171 5002 hunc
2201 4947 2456 5010 amabat,
2511 4946 2762 5017 adeoque
2801 4949 3169 5018 promovebat
3193 4950 3605 5010 adoiescentem

2018 5033 2204 5091 initio.
2266 5030 2483 5089 Sensim
2519 5047 2647 5087 cum
2677 5034 2982 5091 oscitanter
3015 5034 3170 5089 illius
3198 5049 3387 5109 ageret
3411 5056 3604 5096 curam

2015 5121 2197 5193 pueri,
2215 5136 2247 5176 a
2263 5119 2602 5177 rectitudine
2619 5121 2748 5177 vitta
2764 5110 2992 5180 deflexit
3009 5125 3232 5182 tandem
3245 5169 3258 5193 ,
3273 5126 3350 5184 ita
3369 5137 3434 5184 ut
3453 5129 3610 5200 prin-

393 5274 865 5372 ‘l'lEzeebéiv-i'u,
889 5258 1547 5372 ξέΞ--ξιιῆεῑοείιλξιειιῃλ
1574 5290 1628 5349 9.
1709 5296 1751 5329 ¹⁹
1777 5294 1917 5355 ibid.
1946 5299 2033 5356 il.
2093 5301 2143 5335 ”
2175 5301 2370 5359 Matth.
2405 5316 2558 5371 xvm,
2590 5302 2683 5361 18.
2761 5305 2805 5337 ’⁸
2840 5305 3049 5362 Jerem.
3072 5322 3160 5372 xv,
3199 5306 3287 5367 i9.
3366 5309 3413 5341 "
3445 5308 3603 5366 Joan.

1879 5507 2112 5565 ΝΟΤΕ.

390 5601 454 5692 (ά
473 5600 495 5674 )
517 5603 795 5692 fuitfuit}:
822 5608 867 5663 is
898 5609 962 5665 de
987 5612 1195 5692 Joanne
1226 5615 1504 5687 Theologo,
1542 5625 1651 5673 ctc.
1690 5582 1902 5691 id‘quio

311 5675 659 5767 dequuod
678 5681 874 5767 sciam.
907 5683 1052 5765 apud
1076 5685 1350 5767 irenaeum
1385 5675 1657 5767 nasquam
1682 5675 1867 5767 easint
1888 5711 1901 5746 :

310 5760 427 5801 nec
450 5749 652 5800 mirum
677 5764 692 5811 ;
714 5749 871 5817 plura
898 5753 1047 5809 enim
1072 5754 1223 5812 illius
1246 5772 1412 5826 opera
1440 5749 1746 5815 desiderari
1772 5777 1907 5819 con-

311 5824 467 5886 stat,
518 5831 584 5870 ex
632 5817 835 5873 Euseb.
880 5821 975 5878 lii).
1006 5840 1035 5873 ν
1079 5825 1215 5881 Hist.
1262 5843 1382 5886 can.
1424 5828 1526 5886 19:
1582 5840 1639 5886 et
1672 5829 1901 5886 llieron.

311 5844 467 5878 aluo,
518 5844 584 5870 CA
632 5844 835 5873 nuscu.
880 5844 975 5878 Ill).
1006 5844 1035 5873 V
1079 5844 1215 5881 Πτδῐ.
1262 5844 1382 5896 cap.
1424 5844 1526 5887 ‘13:
1582 5844 1639 5886 ει
1676 5844 1901 5889 Hieron.

306 5884 658 5959 Scriptorum
681 5887 1151 5950 ecclesiasticarum
1175 5895 1453 5971 Catalogo.
1481 5901 1683 5958 Verum
1706 5905 1909 5960 citatur

2013 5624 2082 5702 a_i_)
2112 5623 2319 5702 Euseb.
2354 5625 2660 5702 Ecclesia“.
2686 5631 2806 5702 hist.
2842 5648 2898 5687 ιιι
2929 5632 3025 5687 lib.
3058 5650 3179 5702 cap.
3200 5635 3299 5700 i7;
3329 5650 3395 5690 ex
3419 5635 3599 5693 Clem.

2014 5695 2275 5774 Ejusdem
2300 5699 2580 5774 _m_e_minit
2618 5700 2954 5774 abdiaslib.
2990 5719 3056 5767 v,
3108 5695 3508 5774 Metap'hrastes
3545 5706 3603 5760 iu

2018 5765 2083 5843 μ.
2111 5765 2337 5843 Joagtm's
2369 5768 2509 5843 Vite,
2527 5779 2585 5826 et
2606 5771 2991 5843 Chrysostom.
3022 5765 3189 5843 epist.
3217 5765 3348 5831 5'ad
3378 5775 3598 5831 Themi.

2012 5835 2412 5964 ἒηξὲἷὶιαέἓὲἑιδη.
2461 5835 2814 5917 Ετειηεοιίἒιιι
2834 5886 2849 5914 ,
2905 5835 3222 5918 Theologus
3251 5845 3438 5905 dictus
3461 5847 3599 5904 Am-

2175 5927 2386 5966 asticos.
