4042 6440
554 344 692 414 1815

1871 366 2237 429 ANTIOCHI
2278 372 2622 437 MONACHI

3643 390 3741 459 1816

546 482 680 538 ceps
712 466 1024 525 efﬁceretur
1054 473 1349 529 latronum.
1388 475 1638 549 Cumque
1669 494 1736 536 eo
1762 481 1868 536 loci
1895 498 1954 537 se
1980 494 2135 554 post-

2254 484 2326 551 Ξιν
2346 488 2512 544 αὐτοῦ
2531 508 2544 520 ·
2579 491 2704 545 ίδὼν
2733 492 2789 546 δὲ
2811 493 2973 547 αὑτὸν
2994 495 3204 561 ἐκεῖνος
3221 480 3415 569 ἤρξατο
3442 501 3653 570 φεύγειν·
3669 506 3745 563 όᾶ

542 562 762 619 liminio
782 565 1434 640 recepissetTheologus,
1451 574 1769 644 repoposcit
1784 574 1853 629 ab
1868 576 2131 648 episcOpo

543 655 649 711 sibi
672 658 1064 727 repraesentari
1086 657 1427 730 depositum.
1451 663 1839 727 ls,arbitratus
1856 683 2135 724 commen-

544 749 797 805 datitiam
844 751 1145 822 pecuniam
1197 768 1228 807 a
1270 769 1329 809 sc
1370 757 1610 825 reposci,
1648 756 1896 815 haerebat
1928 759 2135 817 dubius

545 841 719 897 animi
750 842 887 913 quid
921 845 1329 916 responderet:
1358 849 1568 919 quippe
1601 849 1700 920 qui
1732 850 1871 904 nihil
1900 851 1971 906 ab
1999 867 2135 923 apo-

547 934 691 990 stolo
719 937 1029 1008 accepisset
1054 939 1331 1009 pecuniae.
1360 941 1520 997 Tunc
1546 942 1686 997 nihil
1714 942 2136 1001 dissimulanter

544 1028 725 1098 aperit
772 1044 889 1083 rem
942 1029 1207 1101 episcopo
1259 1049 1272 1086 :
1317 1032 1587 1089 Juvenem
1625 1035 1782 1090 illum
1829 1053 1993 1107 quem
2027 1047 2146 1094 tuae-

543 1115 675 1173 ﬁdei
724 1117 970 1184 cncdidi,
1027 1120 1219 1176 redde.
1277 1122 1348 1177 At
1390 1124 1483 1179 hic
1531 1126 1743 1182 collisis
1782 1129 2040 1184 manibus
2079 1139 2137 1185 et

543 1209 844 1279 complosis
878 1212 1168 1281 respondit
1212 1233 1225 1268 :
1269 1214 1365 1270 Ille
1412 1226 1670 1274 mortuus
1696 1227 1818 1287 est;
1862 1230 2029 1292 atque
2059 1222 2137 1277 ita

542 1304 826 1358 enarravit
857 1320 982 1373 qua:
1014 1306 1093 1360 illi
1121 1309 1488 1380 contigerant.
1540 1311 1679 1367 Tum
1709 1315 2000 1386 apostolus
2023 1332 2137 1370 ma-

542 1409 652 1464 gno
682 1408 807 1449 cum
836 1393 971 1451 ﬂetu
1000 1408 1175 1469 caput
1196 1402 1508 1470 percussit,
1558 1413 1616 1460 et
1661 1405 1741 1459 ait
1785 1425 1797 1458 :
1838 1406 2052 1462 Bonum
2084 1416 2137 1464 te

545 1487 833 1543 custodem
886 1489 1088 1561 reliqui
1144 1491 1405 1549 fraternae
1446 1496 1684 1552 animiet
1741 1497 1916 1554 Simul
1961 1501 2133 1569 dicto,

545 1594 807 1651 egressus
844 1591 930 1637 est
977 1582 1045 1637 ad
1092 1587 1546 1657 persequendum
1585 1589 1874 1660 juvenem.
1918 1595 1986 1647 At
2020 1593 2132 1658 hic,

539 1679 606 1725 ut
660 1671 808 1727 vidit
861 1674 1178 1743 Joannem,
1251 1678 1377 1750 fuga
1439 1680 1696 1737 concitus
1756 1681 2133 1740 dilabebatur.

541 1762 829 1821 Clamabat
847 1767 1093 1825 Joannes
1118 1787 1131 1824 :
1155 1770 1451 1842 Exspecta,
1469 1772 1569 1839 ﬁli,
1592 1783 1811 1844 patrem
1830 1786 2008 1842 tuum,
2036 1775 2139 1831 mi-

2242 581 2494 652 ἔκραξεν·
2518 584 2737 652 Μεῖνον,
2758 586 2948 640 τέκνον
2970 628 2985 651 ,
3003 588 3098 641 τὸν
3114 587 3320 662 πατέρα
3341 607 3430 646 σου
3447 609 3462 623 ·
3477 592 3747 666 ὲλέησοντὰς

2241 672 2435 739 πολιάς
2458 692 2563 746 μου
2591 693 2606 709 ·
2639 678 2735 732 καὶ
2778 676 2951 735 ἐλθὼν
3002 681 3342 752 προσέπεσεν
3369 683 3507 755 αὐτῷ
3547 686 3749 764 ἔχωντιπν

2239 766 2420 833 δεξιάν
2448 770 2783 843 ᾑμαγμένην
2807 788 2820 801 '
2852 774 2881 826 ό
2910 772 2968 826 δὲ
2995 773 3386 846 εὐαγγελιστὴς
3410 779 3655 848 κατεφίλει
3679 784 3753 854 τὴν

2240 862 2400 932 χεῖρα
2437 861 2627 929 αὐτοῦ,
2660 863 2854 933 λέγων’
2884 866 3002 920 Ἐπ’
3025 866 3128 936 ἐμὲ
3156 870 3190 929 ὴ
3217 868 3453 940 ἁμαρτία
3470 873 3752 935 com-timor.

2251 953 2372 1007 Ἀπ’
2407 953 2544 1024 ἐμοῦ
2600 954 2896 1029 ὲκζητήσει
2925 958 2954 1011 ό
3010 957 3146 1022 Θεδς
3190 959 3288 1030 τὴν
3333 960 3502 1031 ψυχήν
3537 977 3619 1017 σου
3647 981 3660 997 υ
3686 967 3757 1021 καὶ

2239 1040 2577 1117 ἐπιστρέψας
2644 1048 2829 1116 πάλιν,
2889 1049 3110 1119 ἐγένετο
3155 1050 3349 1115 σκεῦος
3394 1052 3626 1123 ἐκλογῆς.
3661 1056 3759 1111 Ἰδοὺ

2239 1136 2398 1191 τοῦτό
2470 1139 2620 1192 ἐστιν
2675 1139 2894 1211 ἀληθῶς
2960 1140 3042 1206 τὸ,
3114 1140 3289 1195 θεῖναι
3343 1142 3440 1214 τὴν
3491 1143 3648 1215 ψυχὴν
3693 1148 3760 1200 τὸν

2238 1230 2475 1301 ποιμένα
2546 1231 2688 1305 ὑπὲρ
2757 1233 2866 1288 τῶν
2938 1233 3252 1306 προϐάτων,
3307 1235 3392 1289 ἵνα
3434 1235 3553 1290 ὅταν
3616 1237 3761 1310 ἔλθηὸ

2239 1321 2445 1393 Κύριος
2489 1323 2599 1378 τῶν
2629 1325 2940 1395 προϐάτων,
2969 1327 3111 1398 χαρῇ
3154 1327 3243 1380 ἐπ’
3274 1325 3440 1397 αὐτῷ,
3469 1327 3562 1380 καὶ
3583 1329 3760 1394 ὲπὶτοξ

2241 1414 2538 1487 προϐάτοις
2568 1416 2873 1489 εὐφρανοῇ.
2902 1419 3223 1491 Χαρήσεται
3252 1418 3311 1472 δὲ
3355 1418 3446 1471 ἐὰν
3475 1420 3637 1474 πάντα
3670 1422 3762 1491 ὑγιῆ

2241 1510 2460 1582 εὑρεθῇ,
2494 1511 2592 1564 καὶ
2625 1511 2700 1582 μὴ
2753 1511 3184 1567 διαπεπτωκότα
3231 1511 3357 1565 τινά
3383 1512 3443 1577 ἐξ
3480 1512 3641 1566 αὐτῶν
3669 1514 3765 1566 ’ἐὰν

2239 1600 2297 1654 δὲ
2328 1601 2528 1673 εὑρεθῇ
2565 1619 2686 1656 τινα
2718 1602 2777 1671 ἐξ
2822 1602 3003 1656 αὐτῶν
3041 1602 3488 1668 διαπεπτωκότα,
3540 1602 3649 1657 οὐαὶ
3682 1607 3767 1668 τοῖς

2242 1692 2500 1762 ποιμέσιν
2529 1692 2705 1748 ἔσται.
2747 1693 2876 1748 Ἐάν
2902 1694 2959 1748 δὲ
2987 1698 3081 1749 καὶ
3108 1682 3265 1749 αὗτοὶ
3296 1696 3346 1749 οἱ
3383 1694 3622 1767 ποιμένες
3651 1698 3769 1767 εὗρε-

2243 1781 2412 1836 θῶσιν
2462 1783 2931 1850 διαπεπτωκότες,
2965 1785 3019 1839 τί
3072 1785 3294 1858 ἐροῦσιν
3340 1784 3419 1855 τῷ
3462 1785 3768 1858 Δεσπότῃωῦ

542 1871 733 1913 serere
762 1860 985 1916 canitiei
1023 1862 1194 1934 hujus
1222 1880 1375 1920 meae.
1417 1865 1670 1937 Cumque
1702 1868 1750 1922 is
1780 1869 2014 1938 propius
2040 1884 2136 1924 ae-

2254 1876 2506 1946 ποιμνίου
2529 1893 2543 1944 ;
2578 1876 2706 1931 Ὅτι
2727 1875 2835 1929 ἀπὸ
2859 1875 2970 1930 τῶν
2998 1876 3293 1948 προϐάτων
3330 1876 3605 1943 atii-rectm;
3629 1877 3679 1929 οὐ
3703 1893 3769 1928 πι-

545 1949 851 2016 currisset,
905 1952 1153 2022 procidit
1194 1956 1347 2011 senis
1373 1957 1633 2027 genibus,
1671 1957 1898 2013 dextera
1926 1958 2136 2029 alioqui

545 2048 856 2097 contracta.
907 2044 1264 2117 Evangelista
1290 2050 1526 2118 proinde
1559 2050 1989 2105 exosculabatur
2017 2067 2137 2106 ma-

543 2149 679 2188 num
710 2134 881 2203 illius,
910 2136 1106 2195 dicens
1131 2158 1145 2193 :
1174 2140 1356 2212 Super
1383 2158 1471 2198 me
1502 2152 1792 2213 peccatum
1819 2151 1998 2211 tuum,
2027 2144 2134 2212 lili;

546 2242 577 2280 τι
615 2242 702 2283 me
749 2231 999 2301 requiret
1033 2232 1179 2289 Deus
1223 2235 1466 2290 animam
1503 2247 1676 2290 tuam.
1728 2236 1780 2292 ls
1809 2252 2135 2304 conversus,

546 2320 707 2375 velut
730 2323 1074 2391 postliminio
1107 2325 1289 2381 factus
1310 2338 1396 2383 est
1421 2342 1519 2383 vas
1543 2328 1859 2384 electionis.
1885 2330 1966 2385 En
1992 2328 2138 2384 istud

547 2406 645 2467 est
661 2423 943 2482 pastorem
975 2418 1147 2487 probe
1172 2435 1360 2490 agere,
1383 2436 1446 2476 ac
1467 2421 1764 2478 sinceriter
1783 2423 2026 2478 animam
2044 2437 2141 2493 po-

545 2513 683 2560 nere
719 2522 821 2576 pro
853 2509 1074 2565 ovibus.
1134 2510 1288 2567 Hanc
1325 2512 1398 2568 ob
1428 2528 1545 2568 rem
1590 2515 1906 2571 incredibili
1936 2516 2141 2587 gaudio

546 2596 927 2666 perfundetur
977 2598 1680 2673 mireque'oblectabitur,
1738 2614 1796 2662 et
1843 2607 2142 2663 hilarescet

547 2689 726 2746 ubere
749 2690 932 2749 fetura
962 2694 1151 2750 ovium
1178 2712 1429 2752 suarum.
1469 2697 1749 2754 Gaudebit
1772 2715 1926 2764 sane,
1952 2699 1999 2755 si
2024 2701 2142 2754 sin-

548 2781 708 2851 gulas
733 2796 982 2854 quasque
1014 2789 1355 2857 compererit
1384 2787 1717 2856 incolumes,
1750 2790 1795 2845 si
1821 2792 1974 2846 nulla
1996 2807 2028 2847 e
2053 2807 2142 2847 se-

550 2874 667 2940 ptis
713 2876 1016 2930 exerravit.
1079 2876 1139 2933 Si
1184 2894 1350 2948 quam
1402 2878 1625 2935 demum
1680 2880 2052 2952 dispalantem
2088 2894 2144 2939 et

548 2967 847 3023 erraticatn
893 2968 1164 3025 Dominus
1203 2971 1671 3041 deprehenderit,
1723 2990 1806 3029 va:
1838 2974 1948 3030 erit
1990 2975 2143 3046 ejus-

550 3061 703 3117 modi
737 3062 1079 3133 pastoribus.
1139 3062 1418 3120 Caeterum
1457 3065 1562 3135 ipsi
1595 3074 1872 3138 pastores,
1910 3068 1955 3123 si
1988 3083 2143 3124 com-

551 3153 849 3224 perientur
890 3155 946 3211 in
978 3157 1275 3228 pudendos
1301 3174 1531 3215 errores
1556 3161 1834 3232 prolapsi,
1870 3161 2005 3233 quid
2040 3162 2145 3217 hos

553 3262 747 3318 speres
778 3249 865 3304 sui
897 3251 1082 3321 gregis
1115 3252 1355 3307 Domino
1385 3256 1787 3324 responsuros?
1822 3255 1965 3310 Num
1996 3255 2146 3326 quod

555 3338 916 3410 improbitate
947 3341 1137 3397 ovium
1170 3343 1515 3414 dispalantes
1539 3347 1888 3401 exerrarint?
1922 3346 2149 3403 Talibus

552 3431 751 3503 utique
802 3449 873 3488 ne
916 3435 1194 3490 tantillum
1230 3436 1358 3492 ﬁdei
1397 3437 1869 3492 commodabitur.
1909 3437 1969 3493 Id
1998 3438 2150 3495 enim

553 3528 911 3596 incredibile,
932 3540 994 3586 ut
1017 3531 1087 3587 ab
1105 3548 1208 3588 ore
1230 3544 1419 3604 pastor
1435 3534 1736 3606 quidquam
1755 3537 2030 3606 patiatur;
2062 3536 2150 3592 vel

553 3623 629 3679 ob
658 3624 814 3680 hunc
861 3626 1099 3681 maxime
1124 3627 1452 3683 mendacem
1486 3636 1818 3699 praetextum
1851 3671 1865 3696 ,
1901 3630 2150 3685 atrocio-

553 3733 646 3774 res
715 3718 867 3775 luent
927 3735 1142 3791 pinnas.
1223 3723 1442 3794 1229
1508 3724 1648 3779 Cum
1702 3724 1872 3796 igitur
1929 3725 2149 3795 perspi-

551 3826 659 3866 cue
682 3811 982 3884 cognorint
1005 3828 1117 3868 non
1140 3815 1579 3885 perfunctoriam
1602 3816 1925 3874 reddituros
1948 3833 2007 3873 se
2028 3833 2153 3876 esse

552 3903 873 3972 rationem,
947 3915 1009 3961 ut
1062 3907 1157 3978 qui
1213 3916 1461 3979 praesunt
1511 3908 1778 3966 Ecclesiae
1830 3911 2150 3982 primasque

556 3997 817 4054 obtinent
862 3999 1196 4063 cathedras,
1252 4001 1469 4072 seipsos
1519 4017 1632 4057 una
1675 4018 1802 4058 cum
1842 4018 2010 4075 grege
2044 4003 2150 4058 sibi

552 4088 882 4145 concredito
909 4091 1195 4147 exactiore
1221 4091 1511 4163 diligentia
1538 4093 1930 4164 pratmuniant,
1954 4101 2018 4149 ut
2041 4094 2154 4154 Deo

558 4180 789 4249 gratiosi
839 4181 1127 4252 specimen
1174 4182 1403 4254 aliquod
1446 4183 1619 4239 edant
1674 4200 1788 4240 suae
1839 4184 2152 4241 industriae.

558 4271 621 4325 ln
651 4270 877 4326 homine
901 4271 1052 4326 enim
1080 4271 1179 4345 Dei
1209 4272 1347 4327 nihil
1374 4271 1766 4344 deprehendes
1794 4274 1943 4345 quod
1966 4274 2156 4331 carnis

557 4361 796 4433 resipiat
841 4363 1218 4434 prudentiam.
1279 4364 1521 4420 Fructus
1573 4365 1853 4436 siquidem
1904 4366 2155 4438 Spiritus

560 4469 757 4510 omnes
810 4457 1085 4512 salutares
1128 4464 1290 4523 sunt,
1346 4457 1400 4512 in
1445 4458 1648 4529 quibus
1695 4457 1972 4516 inhabitat
2010 4461 2194 4517 Deus\

2247 1966 2664 2036 στευθήσονται.
2694 1968 2962 2021 ’Δπιστον
2990 1968 3101 2040 γὰρ
3135 1968 3379 2041 πρᾶγμά
3404 1971 3566 2034 ἐστιν,
3590 1969 3772 2040 ποιμένα

2247 2060 2352 2115 ὑπὸ
2392 2060 2683 2132 προϐάτων
2732 2059 2928 2114 παθεῖν
2964 2078 3016 2113 τι
3046 2076 3061 2089 ·
3131 2062 3339 2132 μᾶλλον
3382 2062 3439 2115 δὲ
3466 2061 3772 2133 κολασθήσον-

2244 2171 2336 2208 ται
2381 2154 2471 2207 διὰ
2507 2153 2568 2207 τὸ
2613 2153 2811 2223 ψεῦδος
2859 2152 3063 2208 αὐτῶν.
3102 2153 3325 2218 Είδότες
3359 2152 3452 2207 οὖν
3482 2154 3560 2206 ’ότι
3594 2153 3695 2206 λίαν
3727 2154 3774 2207 δι’

2247 2246 2445 2310 αὐτοὺς
2473 2245 2770 2300 ἀποδοῦναι
2796 2244 2957 2314 λόγον
2985 2244 3087 2315 δεῖ,
3118 2245 3195 2310 ὡς
3220 2245 3559 2317 ἡγουμένους
3586 2245 3672 2315 τῆς
3692 2246 3776 2299 Ἐκ-

2248 2338 2500 2410 κλησίας,
2535 2336 3071 2410 πρωτοκαθεδρίτας,
3105 2337 3563 2415 ἀσφαλισάτωσαν
3601 2338 3778 2399 ἑαυτοὺς

2250 2430 2493 2500 ἀκριϐῶς
2522 2431 2620 2484 σὺν
2643 2431 2707 2501 τῇ
2736 2430 2943 2501 ποίμνῃ
2971 2428 3173 2494 αὐτῶν,
3198 2428 3293 2482 ἵνα
3316 2429 3589 2500 εὐάρεστοι
3608 2425 3677 2497 τῷ
3693 2426 3780 2497 Θεῴ

2249 2523 2661 2594 ἀναδειχθῶσιν.
2700 2523 2790 2577 Ἐν
2820 2521 2932 2593 γάρ
2975 2521 3055 2594 τῷ
3084 2521 3364 2594 ἀνθρώπῳ
3416 2520 3511 2575 τοῦ
3552 2518 3688 2585 Θεοῦ,
3711 2519 3781 2572 οὐκ

2251 2619 2399 2673 ἔστιν
2449 2618 2706 2689 φρόνημα
2758 2615 3042 2690 σαρκικόν.
3087 2614 3255 2670 Ἀλλά
3305 2617 3505 2680 πάντες
3546 2615 3591 2668 oi
3625 2615 3783 2686 itame

2250 2712 2345 2767 τοῦ
2374 2710 2706 2781 πνεύματος,
2744 2708 2794 2763 οἱ
2833 2709 3115 2780 σωτήριοι,
3139 2710 3195 2763 ὲν
3225 2701 3312 2773 οἷς
3337 2708 3478 2762 οἰκεῖ
3497 2710 3524 2760 ό
3551 2706 3668 2769 Θεὸς
3715 2705 3784 2759 καὶ

2250 2805 2639 2876 ἐμπεριπατεῖ.
2687 2803 2774 2855 Ἐν
2807 2796 2890 2866 οἷς
2915 2801 3195 2871 φαίνονται
3221 2798 3301 2865 ὡς
3331 2800 3607 2871 φωστῆρες
3640 2800 3689 2851 ἐν
3714 2795 3785 2851 κό-

2256 2914 2399 2966 σμῳ,
2425 2895 2583 2964 λόγον
2610 2892 2755 2964 ζωῆς
2786 2893 3001 2963 ἔχοντες
3024 2891 3100 2957 ὡς
3122 2891 3370 2965 ἀληθῶς,
3407 2893 3502 2947 καὶ
3543 2888 3785 2961 καύχημα,

2254 2988 2349 3042 καὶ
2374 2986 2499 3052 δόξα
2527 2985 2626 3058 τῆς
2660 2984 2947 3048 εὐσεϐείας
2980 2983 3349 3055 ὑπάρχοντες.
3392 2984 3458 3037 Ἦ
3499 2981 3600 3053 γάρ
3645 2982 3787 3052 ίεραρ-

2254 3080 2369 3150 χία,
2402 3077 2558 3143 τάξις
2610 3076 2760 3131 ἐστὶν
2807 3076 2949 3149 ἱερὰ,
2997 3077 3093 3130 καὶ
3140 3078 3452 3147 ἐπιστήμη.
3499 3072 3687 3136 Σκοπὸς
3719 3066 3789 3125 οὖν

2257 3169 2542 3241 ίεραρχίας
2567 3168 2735 3235 ἐστὶν,
2770 3168 2804 3238 ἡ
2834 3167 2971 3237 πρὸς
2997 3166 3155 3232 Θεὸν,
3180 3169 3260 3231 ὡς
3292 3166 3534 3237 ἐφικτὸν,
3560 3162 3786 3235 ἁφομοὲω-

2255 3266 2340 3329 σίς
2380 3280 2440 3318 τε
2498 3263 2596 3317 κοιλ⁸
2637 3261 2831 3325 ἓνωσις
2851 3302 2866 3327 ,
2896 3260 3061 3314 αὑτὸν
3098 3259 3305 3331 ἔχουσα
3338 3260 3521 3331 πάσης
3548 3260 3682 3330 ἱερᾶς
3708 3259 3793 3311 ἐπιδ

2255 3359 2468 3429 στήμης
2502 3373 2563 3409 τε
2593 3354 2688 3410 καὶ¹
2710 3357 2797 3409 ὲνε
2807 3355 2997 3425 ργείας
3030 3352 3397 3425 καθηγεμόνα
3419 3371 3435 3385 ·
3460 3352 3555 3407 καλ⁵
3579 3350 3700 3421 προς
3717 3347 3793 3417 τὴν

2254 3449 2419 3505 αὑτοῦ
2472 3448 2762 3520 θειοτάτην
2810 3446 3149 3517 εὐπρέπειαν
3203 3444 3452 3509 ἀκλινῶς
3496 3441 3789 3515 ὲνορῶνμῖις

2251 3532 2479 3599 δυνατδν
2512 3541 2569 3596 δὲ
2597 3539 3055 3610 ἁποτυπούμενος
3100 3541 3196 3594 καὶ
3224 3541 3358 3603 τοὺς
3403 3537 3593 3592 ἑαυτοῦ
3637 3531 3797 3591 θιασώ-

2253 3656 2381 3703 τας,
2414 3635 2712 3707 ἀγάλματα
2742 3635 2862 3689 θεῖα
2890 3634 3197 3698 ἀποτελῶν,
3221 3634 3473 3705 ἔσοπτρα
3514 3629 3797 3685 διειδέστατιι

2256 3731 2351 3785 καὶ
2377 3729 2712 3800 ἀκηλίδωτα,
2744 3725 2970 3781 δεκτικά
2998 3726 3101 3797 τῆς
3136 3724 3463 3797 ἀρχιφώτου
3489 3722 3581 3777 καὶ
3608 3718 3796 3791 ἀρχικῆς

2202 3883 2209 3889 ,
2256 3822 2497 3882 ἀκτῖνος.
2530 3818 2750 3889 Ταύτην
2773 3816 2832 3870 δὲ
2866 3813 3024 3879 αὖθις
3051 3814 3309 3885 ἀφθόνως
3338 3815 3423 3879 εἱς
3466 3813 3533 3867 τὰ
3558 3809 3675 3880 ἑξῆς
3695 3810 3796 3861 ἀνα-

2256 3912 2567 3984 λάμποντα,
2594 3910 2736 3965 κατά
2777 3909 2909 3974 τοὺς
2960 3909 3295 3980 θεαρχικοὺς
3321 3904 3583 3978 θεσμοῦς.
3620 3903 3686 3955 οὗ
3718 3900 3799 3968 γὰρ

2256 4004 2479 4075 θεμιτόν
2514 4006 2684 4071 ἐστιν,
2716 4004 2838 4066 ταῖς
2867 4001 2977 4056 τῶν
3006 4000 3170 4072 ἱερῶν
3197 4000 3467 4065 τελεταῖς,
3488 3998 3525 4069 ἢ
3548 3999 3650 4061 τοῖς
3676 3992 3800 4064 ἱερῶς

2256 4094 2637 4167 τελουμένοις,
2662 4094 2964 4167 ἐνεργῆσαι
3004 4092 3264 4160 καθόλου,
3296 4090 3456 4164 παρά
3498 4091 3595 4153 τὰς
3636 4084 3800 4143 οἰκείας

2263 4190 2414 4263 ίεράς
2466 4189 2762 4255 διατάξεις.
2799 4187 3014 4242 Οὐκοῦν
3077 4185 3367 4259 ίεραρχίαν
3426 4187 3456 4239 ό
3512 4182 3674 4251 λέγων
3707 4176 3798 4232 sivi

2263 4282 2438 4354 ἱερὰν,
2471 4282 2706 4336 καθόλου
2736 4280 2889 4352 δηλοῖ
2913 4275 3309 4349 διακόσμησιν,
3343 4276 3531 4331 είκόνα
3555 4275 3646 4344 τῆς
3672 4271 3796 4340 θεαρ-

2262 4374 2426 4445 χικῆς
2456 4371 2812 4444 ὡραιότητος,
2839 4372 2898 4425 ἐν
2920 4370 3163 4438 τάξεσιν,
3182 4370 3279 4424 καὶ
3303 4369 3636 4439 ἐπιστήμαις
3656 4366 3797 4433 ἱερορ-

2261 4466 2471 4534 Χεκαῖς,
2526 4462 2595 4516 τὰ
2652 4462 2755 4532 τῆς
2817 4460 3029 4524 οἰκείας
3081 4459 3417 4531 ἑκλάμψεως
3468 4452 3799 4530 ἱερουργοῦσιν

561 4556 621 4603 et
669 4549 1008 4615 inambulat,
1061 4549 1159 4620 qui
1206 4561 1264 4606 et
1306 4551 1735 4622 conspiciuntur
1776 4562 2038 4625 tanquam
2069 4555 2147 4611 lu-

2273 4555 2572 4626 μυστήρια.
2603 4554 2719 4608 Καὶ
2749 4553 2889 4623 πρὸς
2912 4551 3014 4624 τὴν
3041 4550 3255 4605 οἰκείαν
3282 4549 3487 4622 ἀρχὴν,
3512 4548 3587 4629 ὡς
3610 4541 3798 4615 θεμιτὸν,

563 4642 802 4699 minaria
838 4642 896 4697 in
923 4642 1155 4709 mundo,
1194 4660 1320 4699 cum
1350 4645 1642 4703 verissime
1668 4648 1782 4704 sint
1808 4648 2033 4720 pietatis
2057 4666 2157 4705 ex-

564 4736 794 4793 sultatio
824 4744 882 4791 et
910 4725 1107 4808 gloria.
1167 4734 1312 4793 Sane
1353 4738 1647 4809 augustior
1679 4738 1774 4796 hic
1802 4740 2155 4796 sacerdotum

562 4828 936 4900 principatus,
972 4843 1130 4884 sacer
1157 4829 1297 4885 ordo
1326 4837 1383 4887 ct
1408 4831 1642 4887 scientia
1668 4840 1776 4888 est.
1809 4832 1963 4889 Sacri
1988 4832 2160 4904 igitur

562 4921 917 4994 principatus
957 4922 1122 4978 istius
1169 4937 1373 4993 scopus
1413 4923 1509 4979 hic
1546 4932 1665 4990 est,
1712 4924 1851 4991 Deo,
1887 4934 2158 4994 quantum

564 5016 828 5072 humanae
843 5015 1039 5073 sinunt
1056 5015 1326 5081 viriculae,
1345 5025 1407 5072 ut
1426 5032 1485 5072 se
1501 5016 1777 5073 assimilet
1795 5026 1963 5088 atque
1979 5018 2158 5085 uniat,

565 5107 757 5163 Deum.
786 5107 999 5164 habens
1049 5122 1222 5164 sacrae
1261 5100 1437 5164 totius
1467 5110 1715 5165 scientia:
1746 5117 1805 5166 et
1832 5103 2163 5181 operatorite

565 5194 795 5255 virtutis
824 5210 1261 5268 praeceptorem;
1305 5197 1439 5252 dum
1472 5197 1650 5254 aciem
1682 5197 1890 5254 mentis
1919 5198 2160 5254 intendit

568 5291 626 5343 in
658 5289 1112 5360 augustissimam
1143 5290 1296 5346 illius
1318 5291 1820 5361 pulchritudinem,
1854 5292 1999 5347 nihil
2029 5306 2160 5346 eva-

568 5381 747 5435 rians.
803 5380 917 5436 Pro
953 5381 1179 5437 modulo
1212 5391 1400 5437 autem
1430 5382 1636 5436 virium
1681 5383 1855 5440 Deum
1886 5382 2158 5447 imitatus,

569 5490 705 5531 suos
725 5474 894 5531 etiam
919 5476 1103 5532 socios
1127 5475 1347 5533 divinas
1377 5476 1651 5548 imagines
1672 5475 1913 5547 perlicit,
1939 5476 2164 5548 Specula

568 5566 909 5625 nitidissima
938 5576 997 5623 et
1022 5569 1410 5635 immaculata,
1447 5570 1673 5641 capacia
1705 5569 1987 5640 primariae
2012 5569 2164 5624 illius

570 5661 746 5728 lucis,
802 5660 949 5716 radii
995 5676 1226 5733 prorsus
1271 5661 1469 5719 divini.
1522 5662 1679 5720 Hanc
1707 5678 1907 5719 rursus
1939 5662 2159 5719 hierar-

570 5754 787 5823 ehicam
830 5753 1174 5812 iunctionem
1226 5757 1285 5812 in
1326 5766 1525 5815 caetera
1568 5773 1670 5814 suo
1702 5773 1938 5831 quaeque
1966 5758 2164 5814 ordine

574 5847 877 5905 relucentia
911 5849 1259 5906 transmittit.
1316 5851 1440 5910 Non
1470 5852 1617 5909 enim
1652 5853 1734 5909 fas
1762 5853 1835 5910 sit
1866 5866 2151 5910 sacrorum

2262 4648 2663 4716 ὲπανάγουσαν.
2698 4644 2888 4698 Ἔστιν
2917 4644 3028 4714 γὰρ
3078 4644 3178 4715 τῆς
3230 4643 3579 4715 ίεραρκίαςὴ
3632 4635 3800 4692 τελείων

2266 4759 2373 4808 σις,
2406 4740 2468 4793 τὸ
2518 4738 2639 4793 κατ’
2667 4737 2883 4792 οἰκείαν
2925 4735 3223 4804 ἀναλογίαν
3274 4736 3374 4789 ἐπὶ
3421 4733 3485 4788 τὺ
3526 4732 3799 4803 θεομίμητον

2266 4834 2590 4905 ἀναχθῆναι,
2654 4830 2751 4886 καὶ
2784 4830 2921 4885 Θεοῦ
2955 4829 3219 4902 συνεργὸν
3242 4829 3532 4899 γενέσθαι,
3564 4826 3653 4881 καὶ
3675 4821 3797 4885 δεῖξαι

2265 4927 2364 4998 τὴν
2394 4925 2546 4980 θείαν
2580 4922 2865 4994 ἐνέργειαν
2896 4921 3042 4977 κατά
3080 4923 3143 4976 τὸ
3171 4921 3403 4975 δυνατὸν
3446 4922 3503 4974 ὲν
3525 4916 3688 4987 ἑαυτῷ
3712 4930 3798 4983 φαι-

2266 5018 2526 5090 νομένην,
2547 5017 2643 5072 καὶ
2682 5013 3019 5085 φωτίζεσθαι
3049 5016 3141 5070 καὶ
3193 5017 3458 5085 φωτίζειν
3478 5054 3495 5079 ,
3528 5012 3619 5068 καὶ
3663 5003 3798 5062 καθαῖ-

2271 5109 2462 5183 ρεσθαι
2510 5110 2604 5162 καὶ
2658 5108 2968 5178 καθαίρειν,
2995 5109 3091 5162 καὶ
3140 5107 3421 5160 τελεῖσθαι
3464 5108 3533 5159 τά
3584 5104 3708 5165 θεῖα,
3730 5093 3796 5150 καὶ

2267 5205 2691 5275 τελεσιουργεῖν,
2723 5202 2810 5255 ἵνα
2852 5203 2959 5266 πᾶς
2993 5203 3023 5256 ό
3054 5201 3200 5274 ὁρῶν
3251 5202 3420 5270 ὑμᾶς,
3479 5196 3795 5267 ὲπιγνώσητιιι

2269 5300 2352 5353 ὅτι
2392 5298 2617 5369 σπέρμα
2648 5294 3018 5366 εὐλογημένον
3057 5294 3185 5347 ὲστὲ
3238 5293 3343 5347 ὑπὸ
3378 5291 3607 5364 Κυρίου,
3631 5280 3798 5354 ἀληθῶς

2272 5391 2496 5462 σπέρμα
2560 5387 2805 5459 ἔντιμον,
2869 5404 2889 5438 ε
2958 5385 3244 5441 Βασίλειον
3310 5385 3638 5457 ἱεράτευμα,
3685 5376 3800 5432 ἔθνος

2270 5483 2448 5551 ἅγιον,
2473 5480 2604 5545 λαὸς
2645 5482 2729 5545 εἰς
2762 5479 3116 5552 περιποίησιν
3138 5477 3299 5541 Θεοῦ,
3339 5496 3360 5530 ›
3392 5473 3696 5549 κληρονόμοι
3726 5466 3802 5532 dir

2272 5576 2485 5648 θάρτων
2549 5573 2649 5628 καὶ
2699 5572 3037 5644 ἀμαράντων
3069 5568 3438 5641 ὲπαγγελιιῖιν,
3472 5588 3492 5621 ε
3525 5559 3618 5619 Ὧν
3639 5555 3801 5648 ὀφθεὶ-

2275 5645 2378 5739 μὸς
2407 5666 2509 5721 οὐκ
2555 5664 2685 5733 ἴδεν,
2717 5663 2814 5718 καλ⁸
2836 5662 2932 5728 οὓς
2965 5662 3066 5716 οὔκ
3087 5663 3344 5734 ἧκουσεν,
3381 5660 3475 5715 καὶ
3505 5657 3591 5710 ἐπὶ
3619 5645 3799 5722 καρδίαν

2273 5760 2567 5832 ἀνθρώπου
2589 5758 2694 5813 οὐκ
2722 5755 2914 5829 ἀνέϐη,
2941 5754 2978 5810 ἀ
3005 5755 3305 5827 ἡτοίμασεν
3337 5755 3366 5807 ό
3398 5752 3528 5815 Θεὸς
3566 5748 3666 5809 τοῖς
3686 5745 3793 5840 ἀγα-

2274 5852 2453 5910 πῶσιν
2480 5850 2666 5920 αὐτὸν»
2697 5869 2715 5904 ³
2761 5848 2854 5908 καὶ
2890 5846 3251 5921 φυλάττουδιν
3281 5847 3377 5913 τὰς
3417 5840 3620 5904 ἐντολὰς
3648 5834 3790 5890 αὑτοῦ.
