4042 6438
303 335 440 402 1817
494 355 503 362 ·

1062 345 1385 406 l‘IOMlLIA
1426 347 1788 408 CXXIII.‘
1826 347 1924 407 DE
1962 345 2487 410 ORDINATIONE
2527 353 2852 418 CLERICI.

3424 353 3566 424 1818

299 453 470 522 Φησὶν
497 450 552 503 δὲ
579 451 670 503 ml.
697 454 725 504 6
751 450 953 520 Πέτρος
972 469 984 484 ο
1031 471 1048 503 ι
1079 452 1388 520 Ποιμάνατε
1412 453 1473 504 τὸ
1500 454 1560 506 ἐν
1599 453 1727 522 ύμῖν
1757 451 1879 505 ποί-

1988 451 2329 506 cazremoniis
2376 463 2471 508 aut
2511 471 2666 512 sacre
2708 459 2962 526 initiatis,
3000 463 3302 533 quidquam
3335 465 3566 521 omnino

304 557 458 611 μνιον
512 542 603 595 τοῦ
654 541 825 606 Θεοῦ,
859 544 1306 609 ἐπισκοποῦντες,
1366 543 1442 614 μὴ
1490 543 1881 611 ἀναγκαστῶς,

301 634 418 688 ἀλλ’
448 634 710 697 ἑκουσίως
750 634 1076 700 κατά’Θεὸν,
1113 635 1248 707 μηδὲ
1292 635 1718 708 αἰσχροκερδῶς,
1749 633 1887 687 ἀλλὰ

301 728 602 800 προθύμως
629 745 642 757 ·
680 729 812 798 μηδέ
851 728 925 791 ὡς
980 727 1470 798 κατακυριεύοντες
1521 703 1614 779 τὸν
1660 726 1880 796 κλῆρον,

299 821 442 875 ἀλλά
473 821 632 874 τύποι
656 821 938 890 γενόμενοι
969 819 1063 873 τοῦ
1100 819 1374 888 ποιμνίου,
1410 819 1505 871 καὶ
1538 817 1884 886 φανερωθέν-

297 929 392 974 τος
438 913 532 965 τοῦ
579 913 1006 982 ἀρχιποίμενος,
1044 909 1326 980 κομιεῖσθε
1377 910 1470 962 τὸν
1515 909 1884 978 ἀμαράντινον

298 1005 399 1074 τῆς
425 1004 583 1074 δόξης
610 1005 894 1071 στέφανον.
930 1023 950 1055 ι
986 1003 1042 1056 '0
1076 1003 1134 1056 δὲ
1160 1003 1365 1072 Κύριος
1393 1002 1558 1072 φησίν
1582 1019 1595 1032 ·
1629 1021 1646 1052 ι
1674 1002 1731 1054 '0
1763 1018 1885 1053 ποι-

301 1093 464 1165 μὴνὸ
516 1095 679 1157 καλὸς
726 1093 823 1165 τὴν
888 1093 1067 1164 ψυχὴν
1137 1091 1306 1146 αὑτοῦ
1356 1091 1574 1162 τίθησιν
1603 1091 1745 1160 ὑπὲρ
1773 1089 1883 1142 τῶν

299 1185 611 1255 προϐἀ.ων·
637 1189 665 1240 6
696 1186 752 1240 δὲ
778 1184 1068 1256 μισθωτὸς,
1096 1185 1191 1238 καὶ
1217 1185 1317 1237 ούκ
1342 1183 1418 1237 ὣν
1436 1184 1662 1254 ποιμὴν,
1689 1181 1885 1254 θεωρεῖ

295 1279 392 1333 τὸν
421 1278 584 1332 λύκον
635 1277 952 1349 ἐρχόμενον,
989 1278 1086 1331 καὶ
1119 1276 1348 1346 ἀφίησιν
1375 1275 1444 1328 τὰ
1487 1275 1754 1346 πρόϐατα,
1791 1275 1884 1328 καὶ

299 1369 514 1437 φεύγει,
555 1370 648 1422 καὶ
676 1372 704 1422 6
737 1368 899 1432 λύκος
948 1365 1185 1438 ἁρπάζει
1229 1365 1390 1429 αὐτὰ,
1416 1365 1510 1418 καὶ
1552 1363 1833 1436 σκορπίζει
1865 1377 1877 1390 ·

297 1463 385 1517 ὅτι
445 1464 720 1533 μισθωτός
775 1465 942 1527 ἐστιν,
976 1462 1069 1514 xal.
1123 1461 1184 1513 ού
1240 1460 1392 1530 μέλει
1430 1459 1578 1528 αὐτῷ
1618 1456 1745 1527 περὶ
1773 1455 1910 1509 τῶν·

298 1553 611 1622 προϐάτων.
651 1573 670 1606 ι
697 1554 804 1606 Καὶ
835 1553 1068 1619 ἐπάγει⁸
1107 1569 1125 1603 ι
1169 1551 1270 1604 Διά
1307 1549 1470 1603 τοῦτό
1497 1565 1564 1619 με
1611 1550 1641 1602 6
1692 1547 1881 1617 Πατὴρ

299 1644 512 1714 ἀγαπᾷ,
539 1646 622 1699 ὅτι
691 1643 802 1713 ἐγὼ
863 1643 1056 1714 τίθημι
1099 1641 1199 1714 τὴν
1248 1641 1428 1712 ψυχήν
1469 1657 1570 1710 μου
1602 1639 1744 1709 ὑπὲρ
1771 1639 1880 1692 τῶν

1985 542 2204 597 eflicere
2251 554 2452 612 praeter
2494 550 2752 618 pr0prias
2785 561 2843 605 et
2873 567 2966 606 eas
2992 569 3174 610 sacras
3203 556 3565 612 constitutio-

1985 649 2104 688 nes.
2133 632 2318 703 ltaque
2345 635 2714 693 hierarchiam
2739 643 2831 710 qui
2855 642 3010 707 dicit,
3035 659 3242 699 sacram
3265 648 3565 716 quamdam

1987 725 2042 777 in
2073 740 2275 793 genere
2307 727 2569 794 exprimit
2602 729 3050 796 distinctionem,
3098 735 3389 805 imaginem
3421 739 3563 793 div-i-

1987 828 2072 868 nte
2102 813 2251 868 illius
2279 815 2745 885 pulchritudinis,
2781 837 2904 890 quae
2933 823 3182 877 nativum
3210 825 3560 894 splendorem

1985 906 2246 975 explicat,
2304 922 2474 976 seque
2505 911 2719 966 exserit
2770 913 2828 967 in
2869 913 3160 970 ordinibus
3185 931 3252 970 ac
3275 919 3562 988 multiiuga

1986 997 2304 1068 cognitione
2356 998 2846 1068 hierarchiarum,
2913 1004 3046 1058 dum
3103 1015 3292 1060 sancte
3347 1009 3565 1076 perﬁcit

1986 1090 2226 1158 propria:
2246 1089 2670 1148 illuminationis
2692 1110 2892 1149 arcana
2910 1097 3196 1166 mysteria,
3209 1097 3339 1150 dum
3357 1097 3423 1151 ad
3440 1113 3568 1167 pro-

1986 1181 2163 1250 priam
2192 1180 2484 1250 originem,
2512 1193 2791 1254 quatenus
2813 1185 2916 1252 fas,
2948 1187 3190 1243 reducit.
3217 1190 3293 1244 Ea
3312 1189 3458 1245 enim
3479 1197 3569 1244 est

1985 1271 2317 1326 hierarehia:
2348 1273 2649 1341 perfectio,
2705 1285 2766 1330 ut
2809 1280 3114 1334 secundum
3147 1281 3566 1350 proportionem

1985 1364 2190 1434 cuique
2214 1366 2500 1435 propriam
2534 1367 2815 1424 hominem
2842 1382 3171 1440 promoveat
3200 1373 3270 1428 ad
3297 1373 3565 1428 imitatio-

1984 1471 2112 1511 nem
2165 1455 2370 1512 divina:
2421 1457 2718 1526 bonitatis,
2756 1477 2820 1516 ac
2855 1443 3358 1533 Deo‘cooperetur,
3393 1478 3571 1532 reque

1988 1547 2106 1617 ipsa
2141 1546 2386 1602 declaret
2420 1549 2621 1606 divinae
2646 1552 2870 1608 virtutis
2897 1553 3194 1610 efﬁcaciam
3217 1593 3232 1619 ,
3287 1563 3566 1624 quatenus

1987 1648 2071 1694 est
2119 1641 2490 1711 attingibilis,
2544 1643 2603 1698 in
2647 1645 2831 1714 seipso
2877 1646 3240 1711 relucentem,
3273 1647 3403 1701 dum
3434 1645 3565 1699 illu-

299 1735 610 1804 προϐάτων.
654 1754 674 1788 ›
707 1735 866 1806 Αύτῷ
897 1737 930 1805 ἡ
962 1734 1088 1800 δόξα
1116 1734 1193 1796 εἰς
1242 1732 1369 1795 τοὺς
1409 1730 1634 1793 αἰῶνας.
1681 1729 1874 1798 Ἀμήν.

1988 1728 2232 1784 minatur
2259 1730 2316 1784 in
2339 1731 2536 1800 primis
2560 1747 2626 1786 ac
2647 1732 2880 1802 proinde
2905 1743 3135 1788 caeteros
3168 1731 3570 1789 circumfundit

299 1829 546 1896 lumine,
601 1830 730 1884 dum
773 1835 1042 1900 purgatur
1075 1835 1133 1882 et
1164 1834 1396 1897 purgat,
1433 1825 1488 1878 in
1554 1821 1760 1878 divinis
1829 1821 1960 1876 dum
1999 1822 2287 1893 perficitur
2317 1831 2375 1878 et
2404 1824 2657 1894 perficit;
2715 1826 2856 1882 adeo
2901 1833 2965 1882 ut
3005 1826 3260 1897 quisquis
3301 1839 3402 1881 vos
3430 1841 3566 1880 con-

300 1931 512 1987 tuetur,
543 1922 702 1978 facile
732 1922 1005 1993 intelligat
1031 1936 1226 1976 semen
1252 1935 1351 1974 vos
1374 1934 1497 1974 esse
1523 1915 1883 1972 benedictum
1922 1932 1952 1970 a
1983 1917 2220 1971 Domino
2257 1933 2271 1970 :
2307 1931 2442 1972 vere
2478 1931 2668 1972 semen
2733 1919 2868 1974 estis
2929 1919 3288 1984 honorabile,
3330 1937 3348 1970 t
3383 1919 3565 1988 regale

295 2014 706 2080 sacerdotium,
753 2031 890 2084 gens
934 2021 1153 2078 sancta,
1201 2012 1442 2082 pepulus
1508 2011 1564 2064 in
1625 2008 2051 2078 acquisitionem
2079 2008 2180 2064 Dei
2227 2009 2296 2074 ’⁸,
2339 2029 2358 2062 ι
2431 2009 2681 2064 haeredes
2727 2009 3118 2064 immortalium
3160 2019 3217 2064 et
3245 2009 3565 2064 immarces-

294 2106 552 2163 cibilium
599 2106 1030 2177 promissionum
1051 2147 1065 2171 ,
1128 2124 1147 2157 ι
1184 2120 1323 2175 quas
1353 2119 1464 2158 non
1497 2101 1639 2157 vidit
1667 2102 1882 2164 oculus,
1925 2118 2034 2156 non
2062 2102 2211 2156 auris
2273 2100 2507 2168 audivit,
2535 2117 2638 2156 nec
2665 2102 2723 2155 in
2781 2116 2878 2156 cor
2901 2102 3145 2158 hominis
3173 2101 3564 2165 ascenderunt,

294 2218 439 2273 quas
484 2201 813 2272 praeparavit
850 2201 998 2255 Deus
1049 2199 1412 2269 diligentibus
1476 2200 1615 2265 se",
1656 2219 1674 2250 ›
1708 2210 1764 2254 et
1812 2199 2246 2254 observantibus
2293 2199 2550 2254 mandata
2616 2215 2738 2254 sua.
2795 2199 2887 2253 Ait
2929 2208 3114 2254 autem
3191 2207 3248 2253 et
3322 2197 3563 2253 Petrus:

301 2311 322 2344 ‹
360 2292 571 2346 Pascite
593 2289 696 2359 qui
730 2291 785 2344 in
810 2289 970 2345 vobis
990 2299 1078 2345 est
1106 2305 1331 2360 gregem
1363 2290 1484 2352 Dei,
1515 2289 1874 2358 providentes
1912 2304 2024 2342 non
2055 2298 2242 2344 coacte
2265 2330 2279 2355 ,
2319 2291 2416 2345 sed
2485 2298 2788 2360 spontanee
2855 2291 3162 2346 secundum
3190 2291 3364 2346 Deum
3400 2306 3416 2344 :
3452 2301 3564 2344 non

295 2385 480 2454 turpis
518 2385 656 2440 lucri
708 2385 917 2455 gratia,
970 2384 1066 2440 sed
1093 2385 1442 2450 voluntarie;
1479 2400 1659 2454 neque
1690 2395 1751 2439 ut
1817 2385 2170 2440 dominantes
2203 2386 2258 2442 in
2315 2387 2503 2454 cleris,
2535 2387 2631 2442 sed
2659 2386 2835 2442 forma
2865 2386 2994 2441 facti
3056 2387 3238 2457 gregis
3266 2403 3280 2440 :
3308 2393 3394 2450 ut,
3435 2400 3560 2440 cum

290 2477 620 2547 apparuerit
650 2479 908 2548 princeps
972 2486 1292 2549 pastorum,
1365 2478 1686 2548 percipiatis
1755 2479 2276 2536 immarcescibilem
2326 2482 2516 2552 gloriae
2557 2497 2818 2537 coronam
2836 2482 2901 2535 ⁸⁷.
2950 2500 2969 2533 ι
3035 2475 3249 2550 1230
3295 2479 3564 2534 Dominus

291 2578 433 2641 item
455 2585 468 2622 :
493 2587 510 2620 ι
533 2569 726 2626 l'astor
741 2570 922 2624 bonus
940 2571 1180 2624 animam
1193 2585 1348 2624 suam
1364 2571 1634 2641 ponitpro
1649 2569 1880 2626 ovibus:
1923 2573 2307 2633 mercenarius
2331 2584 2540 2639 autem,
2567 2581 2624 2628 et
2647 2573 2744 2642 qui
2806 2587 2917 2626 non
2955 2579 3040 2626 est
3081 2579 3288 2640 pastor,
3308 2569 3458 2625 videt
3479 2569 3567 2624 lu-

288 2675 430 2731 pum
453 2662 791 2729 venientem,
825 2671 883 2718 et
909 2663 1141 2719 dimittit
1167 2679 1298 2719 oves
1359 2679 1423 2719 ac
1482 2664 1659 2735 fugit;
1699 2673 1756 2719 et
1783 2665 1950 2735 lupus
1989 2666 2136 2736 rapit
2184 2683 2313 2722 oves
2363 2675 2420 2723 et
2455 2667 2754 2737 dispergit,
2799 2667 2930 2737 quia
2963 2663 3338 2719 mercenarius
3364 2671 3470 2727 est,
3505 2669 3568 2718 et

290 2769 411 2808 non
441 2755 681 2824 pertinet
709 2755 776 2809 ad
803 2771 931 2810 eum
959 2755 1029 2811 de
1050 2756 1359 2811 ovibus'h
1397 2743 1615 2812 lnducit
1643 2777 1654 2811 :
1687 2777 1704 2808 ι
1731 2759 1966 2830 Propter
2015 2759 2121 2815 hoc
2155 2775 2243 2816 me
2307 2759 2468 2818 Pater
2533 2760 2744 2831 diligit,
2795 2757 2924 2828 quia
2989 2773 3092 2829 ego
3119 2771 3264 2827 pono
3322 2755 3565 2811 animam

292 2861 478 2902 meam
510 2863 612 2917 pro
639 2848 949 2903 ovibus".t
989 2849 1098 2920 lpsi
1128 2849 1305 2919 gloria
1335 2850 1390 2904 in
1418 2851 1639 2907 saecula.
1677 2851 1876 2906 Amen.

865 2962 1085 3014 ΛΟΓΟΣ
1147 2963 1323 3016 ΡΚΒ¹.

681 3072 824 3143 Περὶ
877 3071 1166 3142 διαταγῆς
1242 3074 1492 3143 κλήρου.

389 3187 685 3258 Ἐπόμενόν
714 3188 861 3240 ἐστιν
891 3188 1016 3250 τοὺς
1038 3188 1201 3257 ἱερεῖς
1235 3188 1478 3259 μιμητάς
1505 3188 1758 3256 γενέσθαι
1789 3185 1880 3239 τοῦ

289 3279 604 3350 ἀρχιερέως
657 3275 858 3342 αὐτῶν,
891 3277 966 3339 ὡς
989 3278 1242 3340 κάκεῖνος
1271 3278 1364 3330 τοῦ
1409 3278 1710 3348 ἀρχιερέως
1750 3278 1885 3347 Χρισ

293 3368 452 3432 στοῦ,
483 3368 562 3431 είς
610 3368 809 3432 πάντα,
834 3367 914 3429 εἰς
964 3365 1025 3420 τὸ
1069 3367 1291 3434 ἀγαθὸν,
1319 3367 1380 3420 τὸ
1427 3366 1783 3438 εύσπλαχνον,
1825 3369 1886 3422 τὸ

293 3461 623 3531 ὁμόφρονον,
652 3458 713 3511 τὸ
751 3457 1018 3521 ἐπιεικὲς,
1048 3458 1108 3510 τὸ
1134 3457 1517 3528 ταπεινόφρον,
1553 3456 1611 3510 τὸ
1640 3458 1887 3526 φιλάδελ-

297 3569 427 3621 φον,
459 3550 519 3603 τὸ
567 3549 926 3620 φιλόπτωχον,
955 3549 1018 3600 τὸ
1057 3547 1353 3616 φιλόξενον,
1381 3547 1443 3600 τὸ
1473 3543 1888 3618 συμπαθητικὸν

295 3645 386 3706 είς
421 3644 651 3706 πάντας,
685 3642 746 3695 τὸ
774 3641 1072 3712 ἐλεήμονας
1104 3635 1246 3693 εἶναι
1267 3680 1281 3704 ,
1316 3639 1412 3694 καὶ
1462 3641 1887 3712 ἐπιστρέφοντας

299 3734 379 3788 τὰ
409 3733 825 3804 πεπλανημένα,
856 3732 1361 3803 ἐπισκεπτομένους
1390 3733 1567 3786 πάντα
1617 3731 1686 3786 τὰ
1725 3732 1886 3784 ἀσθε-

295 3831 394 3898 νῆ,
423 3828 497 3898 μὴ
534 3825 868 3897 ἀμελοῦντας
897 3825 1082 3896 χηρῶν
1146 3826 1240 3877 καὶ
1273 3825 1523 3895 ὀρφανῶν
1554 3824 1588 3896 ἢ
1620 3825 1887 3895 πενήτων,

295 3916 450 3971 καλά
477 3915 842 3987 προνοοῦντας
869 3916 974 3980 ἀεὶ,
1005 3915 1235 3969 ἐνώπιον
1259 3915 1353 3968 τοῦ
1381 3913 1518 3969 Θεοῦ
1560 3915 1655 3981 καὶ
1682 3916 1890 3986 ἀνθρώ-

297 4027 444 4075 πων,
480 4008 852 4079 ἀπεχομένους
909 4010 1094 4076 πάσης
1151 4007 1327 4078 ὀργῆς
1385 4008 1486 4061 καὶ
1536 4006 1892 4078 προσωπολη-

295 4103 456 4173 ψίας,
489 4103 729 4174 κρίσεως
763 4103 974 4167 ἀδίκου,
1007 4102 1372 4175 φιλαργυρίας
1395 4118 1408 4134 ο
1439 4100 1513 4174 μὴ
1556 4101 1764 4171 ταχέως
1793 4102 1892 4170 ἐμ-

300 4192 654 4254 πιστεύοντες
681 4193 823 4247 κατά
853 4210 1022 4257 τινος,
1053 4193 1130 4264 μὴ
1165 4193 1432 4263 ἀπότομοι
1463 4193 1523 4245 ἐν
1557 4191 1738 4262 κρίσει
1768 4234 1782 4256 ,
1816 4193 1893 4244 εί-

297 4283 457 4347 δύτες
495 4283 577 4337 ὅτι
605 4283 876 4352 ὀφειλέται
907 4283 1072 4353 ἐσμὲν
1099 4283 1406 4353 ἁμαρτιῶν.
1432 4284 1493 4336 Εί
1541 4277 1634 4335 οῦν
1661 4282 1892 4350 δεόμεθα

300 4375 404 4428 τοῦ
473 4374 713 4446 Χριστοῦ
767 4375 854 4428 ἵνα
882 4374 1019 4446 ἀφίῃ
1069 4376 1222 4445 ἡμῖν,
1285 4373 1577 4444 ὀφείλομεν
1608 4373 1703 4426 καὶ
1732 4374 1894 4444 ἡμεῖς

301 4465 548 4536 ἀφιέναι.
588 4465 876 4519 ’Ᾱπέναντι
928 4465 1037 4534 γὰρ
1085 4463 1195 4517 τῶν
1223 4462 1316 4517 τοῦ
1357 4463 1564 4534 Κυρίου
1591 4463 1758 4534 ἐσμὲν
1799 4465 1896 4534 ὀφ-

2501 2965 2786 3023 HOMILIA
2816 2963 3052 3021 CXXIII.

2435 3074 2508 3128 De
2543 3073 2880 3128 ordinatione
2917 3069 3121 3124 clerici.

2063 3186 2282 3242 flationi
2329 3200 2560 3255 prorsus
2613 3191 3084 3245 consentaneum,
3149 3193 3308 3234 suum
3367 3183 3426 3230 ut
3473 3191 3564 3230 sa-

1986 3278 2240 3334 cerdotes
2280 3279 2566 3332 imitentur
2591 3290 2689 3345 per
2715 3273 2899 3328 omnia
2929 3271 3267 3342 pontificem,
3300 3267 3568 3338 quemad-

1989 3371 2212 3426 modum
2245 3369 2452 3424 Christi
2477 3367 2723 3423 imitator
2755 3364 3000 3435 pontifex
3029 3371 3132 3418 est.
3165 3362 3351 3416 Bonus
3383 3369 3442 3414 ut
3465 3359 3560 3422 sit,

1988 3461 2079 3530 pia
2130 3460 2355 3530 gestitet
2400 3459 2638 3518 viscera.
2689 3457 2799 3510 alat
2848 3453 3224 3516 concordiam,
3272 3451 3411 3505 nihil
3456 3465 3566 3504 non

1989 3568 2055 3607 ex
2089 3567 2246 3621 aequo
2301 3558 2358 3606 et
2406 3550 2552 3616 bono
2602 3548 2764 3603 faciat
2821 3562 2885 3602 ac
2934 3547 3362 3614 interpretetur,
3414 3541 3482 3597 de
3511 3555 3570 3596 se

1990 3659 2154 3713 quam
2203 3641 2610 3696 modestissime
2658 3640 2902 3705 sentiat,
2955 3637 3214 3694 fraterna
3260 3636 3571 3692 dilectionis

1991 3736 2312 3798 observans,
2344 3734 2417 3787 sit
2442 3731 2754 3800 hospitalis,
2784 3729 3030 3785 omnium
3074 3728 3234 3783 malis
3264 3727 3570 3783 indolescat

1989 3831 2047 3878 et
2097 3819 2499 3890 compatiatur,
2554 3820 2626 3874 sit
2670 3817 3011 3874 misericors.
3045 3815 3400 3880 Sacerdotes,
3432 3829 3573 3884 quos

1991 3911 2320 3984 agnoverint
2355 3928 2384 3965 a
2417 3910 2750 3966 rectitudine
2779 3910 3074 3966 deflexisse
3098 3949 3112 3974 ,
3149 3913 3477 3962 convertant
3509 3919 3576 3958 ac

1991 4011 2258 4058 revocent
2292 4001 2347 4056 in
2378 4003 2546 4057 viam.
2599 4001 2824 4056 Nullum
2868 4015 2982 4054 non
3011 3999 3242 4053 visitent
3266 3995 3574 4050 infirmum.

1992 4095 2287 4150 Providant
2351 4105 2516 4164 agant
2579 4108 2769 4147 curam
2825 4091 3164 4154 viduarum,
3231 4087 3577 4159 pupillorum

1991 4195 2050 4241 et
2079 4200 2408 4256 pauperum.
2449 4183 2787 4239 Provideant
2817 4183 2963 4237 bona
2990 4197 3211 4250 semper
3246 4193 3434 4234 coram
3465 4179 3580 4232 Deo

1992 4286 2050 4330 et
2098 4275 2438 4330 hominibus.
2493 4275 2726 4330 Omnem
2779 4290 2806 4327 a
2843 4289 2902 4328 se
2935 4273 3226 4327 eliminent
3257 4271 3417 4330 iram.
3455 4285 3582 4338 per-

1995 4382 2257 4422 sonarum
2287 4365 2692 4435 acceptionem,
2722 4348 3318 4434 judiciuminjustum,
3348 4359 3584 4415 avidita—

1997 4469 2106 4512 tem
2133 4457 2402 4528 pecuniae.
2436 4457 2556 4511 Non
2585 4456 2744 4511 facile
2774 4455 3132 4511 commodent
3156 4454 3320 4508 fidem
3349 4453 3586 4507 delatio-

303 4556 553 4626 θαλμῶν.
599 4553 874 4618 Ὡσαύτως
927 4555 1020 4608 καὶ
1052 4554 1101 4606 οἱ
1140 4554 1379 4607 διάκονοι
1410 4552 1718 4622 ὀφείλουσιν
1755 4549 1886 4606 εἶναι

2000 4551 2184 4604 nibus.
2235 4549 2297 4603 In
2332 4547 2750 4618 pronuntiando
2777 4547 3017 4618 judicio,
3048 4545 3325 4616 prazfracti
3355 4561 3425 4599 ne
3451 4545 3584 4607 sint,

303 4647 613 4717 ἄμεμπτοι,
647 4643 985 4700 κατενώπιον
1039 4646 1138 4715 τῆς
1197 4643 1548 4716 δικαιοσύνης
1596 4644 1785 4709 αὐτοῦ,
1820 4645 1886 4709 ὡς

2001 4650 2097 4698 aut
2139 4656 2299 4711 atquo
2343 4640 2689 4702 severiores,
2735 4647 2797 4692 ut
2827 4641 2922 4709 qui
2955 4639 3135 4693 sciant
3162 4637 3440 4693 neminem
3476 4653 3588 4691 non

302 4735 448 4792 Θεοῦ
479 4739 571 4792 καὶ
597 4738 834 4808 Χριστοῦ
863 4739 1124 4802 διάκονοι,
1159 4738 1253 4790 καὶ
1280 4738 1380 4791 οὐκ
1403 4737 1708 4808 ἀνθρώπων
1731 4755 1746 4771 ο
1779 4740 1886 4792 ἐπι-

1999 4749 2122 4789 esse
2170 4731 2484 4787 debitorem
2527 4741 2908 4800 peccatorum.
2964 4731 3076 4784 Nos
3119 4731 3308 4800 igitur,
3346 4729 3440 4798 qui
3478 4729 3587 4783 Do-

311 4831 494 4902 μελῶς
543 4831 994 4894 διακονείτωσαν,
1027 4832 1117 4886 ἵνα
1156 4832 1405 4901 φύγωσιν
1462 4831 1562 4903 τὴν
1609 4832 1749 4904 ἀρὰν
1801 4831 1886 4884 τοῐ

2001 4824 2213 4878 minum
2241 4822 2620 4886 obsecramus,
2652 4821 2838 4875 debita
2860 4829 3051 4876 nostra
3080 4830 3142 4875 ut
3164 4820 3429 4883 dimittat,
3447 4819 3588 4873 nihil

310 4923 599 4993 προφήτου
621 4939 636 4954 ο
666 4924 741 4994 μὴ
761 4923 847 4975 διὰ
875 4923 976 4992 τῆς
999 4924 1261 4993 ἀμελείας
1287 4923 1583 4991 ὑπεύθυνοι
1608 4923 1886 4989 γένωνται·

2001 4917 2269 4988 gravatim
2297 4915 2567 4970 debemus
2591 4923 2649 4969 et
2675 4929 2779 4969 nos
2804 4913 3120 4979 dimittere;
3157 4914 3212 4967 in
3239 4912 3417 4967 oculis
3438 4911 3592 4965 enim

316 5015 455 5087 μηδὲ
489 5014 898 5086 προπετεύεσθε
935 5015 992 5068 ἔν
1022 5033 1128 5069 τινι
1162 5014 1235 5078 ὡς
1257 5016 1416 5086 δῆθεν
1452 5015 1763 5078 θεοσεϐείας
1795 5013 1886 5085 χά-

2005 5022 2291 5061 versamur
2326 5005 2546 5060 Domini
2579 5020 2646 5059 ac
2675 5003 2794 5059 Dei.
2833 5003 2953 5060 lloc
2978 5013 3176 5058 tenore
3203 5003 3331 5057 vitze
3365 4999 3591 5056 diaconi

319 5123 432 5178 ριν,
462 5106 600 5161 ἀλλά
629 5107 807 5160 πάντα
840 5105 1200 5176 εὐσχημόνως
1249 5109 1343 5161 καὶ
1395 5107 1538 5160 κατὰ
1565 5106 1717 5172 τάξιν
1750 5105 1886 5174 γινέ-

2007 5099 2313 5152 etiamnum
2342 5107 2765 5153 conversentur.
2808 5097 2869 5150 ln
2899 5106 3201 5166 conspectu
3229 5091 3462 5165 iustitiae
3489 5092 3596 5146 Do-

320 5196 454 5260 σθω,
491 5197 631 5251 κατὰ
657 5198 749 5251 τὸν
781 5198 1130 5251 Ἀπόστολον.
1175 5199 1332 5251 Ἐπεὶ
1361 5198 1413 5250 τί
1446 5198 1646 5252 ἄτοπον
1672 5197 1847 5251 ἐποίει
1875 5207 1886 5248 ε

1998 5186 2135 5241 mini
2191 5183 2575 5255 ingrediantur
2647 5182 2771 5236 sine
2825 5181 3088 5251 querela,
3155 5188 3418 5250 tanquam
3480 5181 3590 5239 Deo

335 5285 520 5354 Ὀζίας
542 5291 750 5362 θυμιῶν
769 5290 847 5361 τῷ
877 5289 997 5360 Θεῷ
1022 5307 1038 5358 ;
1069 5290 1122 5341 τί
1149 5289 1206 5344 δέ
1229 5290 1256 5341 6
1289 5289 1461 5342 Σαοὺλ
1478 5289 1656 5355 θύωνς
1682 5289 1734 5341 τί
1759 5288 1818 5342 δὲ
1845 5289 1886 5340 οἳ

1998 5289 2052 5334 et
2081 5276 2304 5332 Christo
2340 5276 2744 5338 ministrantes,
2776 5289 2887 5328 non
2935 5273 3064 5327 item
3112 5271 3454 5329 hominibus.
3488 5274 3590 5328 Se—

319 5384 577 5454 τύραννοι
632 5383 728 5437 καὶ
788 5383 1042 5452 δαίμονες
1095 5380 1478 5448 θεολογοῦντες
1531 5380 1749 5448 ἀληθῶς
1815 5379 1886 5431 et»

2001 5368 2130 5423 dulo
2175 5374 2230 5421 et
2259 5375 2517 5420 accurate
2549 5364 2960 5428 administrent,
3005 5362 3152 5417 illam
3201 5371 3256 5417 ut
3300 5363 3588 5432 defugiant

324 5473 530 5546 Κύριον
557 5491 572 5540 ;
616 5475 754 5532 Ἀλλ’
785 5475 1130 5546 ἐκκήρυκτος
1159 5473 1336 5526 αὐτῶν
1366 5474 1400 5544 ἡ
1433 5471 1701 5540 θεολογία.
1732 5469 1886 5523 Ἕκα⁴

2001 5458 2383 5530 propheticam
2434 5457 2909 5524 imprecationem,
2948 5470 3014 5510 ue
3060 5454 3138 5509 illi
3194 5470 3290 5523 per
3345 5457 3588 5510 oscitan-

327 5582 457 5630 στος
494 5567 552 5620 δὲ
608 5570 666 5622 ἐν
693 5570 760 5640 τῇ
812 5568 965 5636 τάξει
1003 5564 1168 5622 αὐτοῦ
1201 5565 1346 5618 ἔστω
1394 5563 1497 5634 τῆς
1535 5563 1886 5635 λειτουργίας

2001 5553 2133 5605 tiam
2187 5565 2246 5605 se
2287 5549 2520 5605 reddant
2564 5548 2855 5613 obnoxios,
2902 5562 3039 5604 neve
3093 5547 3310 5617 priores
3359 5547 3586 5603 honoris

337 5706 446 5836 n"
478 5709 498 5766 l
529 5710 675 5766 Petr.
716 5725 774 5777 ιι,
810 5709 864 5766 9.
939 5711 1020 5784 __"
1053 5709 1157 5767 lsa.
1186 5722 1330 5777 LXIV,
1359 5704 1432 5778 ι;
1472 5704 1646 5789 lgor.
1694 5720 1751 5772 ιι,
1789 5703 1842 5760 θ.

1988 5704 2003 5738 ⁷
2041 5699 2063 5755 ι
2107 5699 2253 5755 Petr.
2296 5711 2362 5762 v,
2410 5694 2532 5751 2-4.
2649 5691 2692 5723 ³⁸
2725 5689 2885 5753 loan.
2937 5711 2992 5760 κ,
3038 5693 3121 5748 ll.
3175 5692 3260 5747 19..

939 5711 1020 5784 __"
1053 5709 1157 5767 lsa.
1186 5722 1330 5777 LXIV,
1359 5704 1432 5778 ι;
1472 5704 1646 5789 ιίξοτ.
1694 5720 1751 5772 ιι,
1789 5703 1842 5760 9.

1988 5704 2003 5738 ⁷
2041 5699 2063 5755 ι
2107 5699 2253 5755 Petr.
2296 5711 2362 5762 v,
2410 5694 2532 5751 2-4.
2649 5691 2692 5723 ³⁸
2725 5690 2885 5753 loan.
2937 5711 2992 5760 χ,
3038 5693 3121 5748 ll.
3175 5692 3260 5747 19..
3374 5692 3416 5722 ἐ’
3453 5690 3586 5744 ibid.
