4042 6446
593 351 731 420 139.3

1862 356 2228 419 ANTIOCHI
2268 356 2614 417 MONACHI

3656 365 3756 433 ιιιι

585 474 646 522 et
687 462 988 520 admonent
1015 476 1136 526 vos,
1167 468 1226 517 et
1250 468 1312 515 ut
1340 458 1595 517 habeatis
1638 458 1766 516 illos
1796 458 2173 515 abundantius

2276 460 2457 523 πάλιν,
2495 478 2515 511 ι
2549 461 2613 513 Ol
2645 458 3011 532 πρεσϐύτεροι
3035 461 3224 532 διπλῆς
3259 463 3418 535 τιμῆς
3442 465 3756 534 ἀξιούσθωσαν,

591 558 648 611 in
679 555 954 611 charitate
975 562 1205 623 propter
1234 567 1375 623 opus
1401 552 1641 617 illorum,
1672 566 1863 622 pacem
1885 550 2085 608 habete
2113 551 2172 608 in

587 646 1003 716 vobismetipsis
1032 646 1099 699 ".
1138 666 1157 697 ι
1185 645 1255 702 Ει
1287 661 1485 701 rursus
1519 665 1531 700 :
1563 665 1582 697 ι
1613 643 1928 714 Presbyteri
1961 644 2172 713 duplici

590 737 804 794 honore
835 734 1168 799 afﬁciantur,
1198 735 1435 789 maxime
1467 735 1562 804 qui
1589 732 1843 787 laborant
1872 771 1888 797 ,
1912 731 1967 786 in
1999 730 2172 786 verbo

588 836 647 884 et
686 826 942 883 doctrina
971 826 1040 879 ⁵⁷.
1085 844 1102 877 ι
1141 823 1414 880 Convenit
1470 824 1656 894 igitur,
1685 820 2067 888 dilectissimi,
2116 830 2174 876 et

590 917 753 973 amici
796 916 919 978 Dei,
974 924 1036 971 ut
1083 915 1402 972 sacerdotes
1453 915 1576 984 ejus
1605 926 2173 981 revereamurzquos

591 1010 738 1063 enim
764 1009 912 1063 Deus
942 1008 1048 1062 sibi
1068 1018 1328 1077 tanquam
1352 1006 1613 1076 proprios
1628 1005 1847 1068 ascivit,
1869 1012 1927 1058 et
1958 1003 2171 1058 honore

593 1099 802 1163 aﬂecit,
823 1099 905 1154 eis
922 1113 1147 1153 necesse
1165 1107 1249 1153 est
1268 1107 1328 1152 ut
1347 1097 1605 1152 homines
1629 1097 1880 1152 debitum
1901 1097 2170 1151 honorem

592 1188 885 1244 deferant:
931 1188 1140 1258 1233
1172 1204 1351 1258 neque
1392 1204 1526 1244 vero
1576 1188 1681 1244 sibi
1717 1188 1846 1259 quis
1899 1189 2170 1243 honorem

591 1279 845 1343 assumit,
881 1278 975 1332 sed
1009 1279 1104 1347 qui
1133 1294 1164 1333 a
1192 1279 1307 1334 Deo
1336 1288 1566 1334 vocatus
1589 1289 1696 1335 cst.
1726 1278 1871 1334 Nulli
1896 1279 2063 1349 igitur
2090 1277 2173 1333 fas

592 1385 837 1439 unquam
888 1370 1059 1424 fuerit
1085 1370 1261 1425 obniti
1299 1386 1362 1425 ac
1392 1372 1693 1429 reclamare
1732 1371 2039 1427 sacerdotis
2065 1370 2171 1425 im-

591 1459 752 1528 perio
788 1473 803 1511 :
845 1478 864 1511 ‹
901 1458 1007 1525 Qui
1057 1459 1209 1514 enim
1261 1461 1527 1517 resistunt
1552 1502 1566 1527 ,
1616 1461 2028 1516 damnationem
2063 1460 2170 1515 sibi

590 1550 887 1621 acquirent
919 1552 987 1605 ⁸⁸.
1040 1569 1058 1602 ι
1096 1553 1339 1623 Principi
1375 1553 1523 1608 enim
1561 1553 1749 1623 populi
1787 1553 1867 1608 tui
1908 1568 2021 1607 non
2052 1568 2171 1607 ma-

591 1642 799 1699 ledices
852 1646 920 1698 ³⁸.
984 1646 1252 1703 Dominus
1300 1648 1433 1703 item
1500 1648 1738 1703 eximius
1784 1647 1875 1703 ille
1918 1647 2170 1703 Pontifex

591 1735 672 1790 ait
721 1752 736 1789 :
774 1755 794 1789 ι
837 1736 941 1805 Qui
978 1737 1212 1809 suscipit
1238 1755 1359 1804 vos,
1417 1754 1506 1795 me
1535 1739 1789 1810 suscipit,
1848 1748 1906 1794 et
1935 1737 2031 1808 qui
2081 1752 2171 1792 me

2278 554 2529 608 Μάλιστα
2578 552 2626 604 οἱ
2674 552 2978 615 κοπιῶντες
3027 555 3087 606 ὲν
3131 553 3273 625 λόγῳ
3304 556 3394 608 καὶ
3429 557 3694 635 διδασκαλία
3742 586 3759 620 ι

2278 641 2496 712 Πρέπον
2532 637 2626 694 οὖν
2656 642 2825 704 ἐστιν,
2860 642 3156 712 ἀγαπητοὶ,
3208 645 3296 697 καὶ
3324 646 3457 714 φίλοι
3481 647 3616 710 Θεοῦ,
3641 656 3764 709 aitet.

2278 731 2404 784 σθαι
2440 732 2567 794 τοὺς
2600 731 2768 802 ἱερεῖς
2798 730 2986 786 αὑτοῦ.
3019 731 3128 796 Οὓς
3164 734 3271 804 γὰρ
3297 735 3325 786 ὀ
3351 735 3474 799 Θεὸς
3513 740 3765 799 οἱγειὼσατο

2277 822 2373 874 καὶ
2401 820 2672 886 ἐδόξασεν,
2701 822 2914 890 ἀνάγκη
2945 820 3041 875 καὶ
3070 821 3200 885 τοὺς
3221 822 3522 893 ἀνθρώπους
3546 829 3629 899 τὴν
3654 833 3768 900 ὀφει.

2276 911 2374 981 λὴν
2400 912 2745 966 ἀποδιδόναι·
2774 915 2870 966 καὶ
2898 913 2997 983 οὐχ
3027 913 3206 984 ἑαυτῷ
3232 932 3315 978 τις
3351 914 3592 984 λαμϐάνει
3620 922 3701 992 τὴν
3719 941 3772 977 τι.

2282 1005 2408 1075 μὴν,
2435 1004 2549 1059 ἀλλ’
2576 1007 2606 1058 ὁ
2639 1003 2974 1075 καλούμενος
3003 1004 3110 1058 ὑπὸ
3134 1004 3228 1058 τοῦ
3256 1005 3410 1060 Θεοῦ.
3440 1009 3508 1061 οὐ
3547 1011 3678 1081 θέμις
3699 1016 3774 1067 τοι.

2277 1113 2371 1150 νυν
2404 1097 2532 1151 ποτε
2578 1097 2713 1169 ἱερεῖ
2756 1097 3093 1167 ἀντιστῇναν
3140 1099 3191 1151 οἱ
3236 1097 3344 1168 γὰρ
3395 1116 3414 1149 ι
3461 1101 3774 1171 ἀντιστάμενοι

2278 1189 2462 1252 αὐτοῖς
2477 1227 2492 1252 ,
2525 1189 2702 1258 κρῖμα
2748 1187 3316 1258 λήψονται.”Δρχοντα
3341 1188 3446 1260 γὰρ
3468 1190 3555 1243 τοῦ
3578 1191 3686 1246 λαοῦ
3709 1212 3775 1250 σω

2277 1280 2378 1334 οὐκ
2400 1280 2549 1352 ὲρετς
2580 1279 2782 1344 κακῶς.
2820 1299 2840 1332 ι
2891 1281 2950 1335 Ὀ
2993 1281 3052 1332 δὲ
3087 1281 3316 1350 Κύριος,
3344 1282 3435 1335 καὶ
3469 1282 3623 1350 μέγας
3643 1284 3777 1355 epla-

2280 1374 2428 1444 ρεῦς,
2449 1373 2638 1444 φησιν,
2658 1390 2678 1424 ι
2697 1371 2759 1426 Ὅ
2785 1372 3078 1443 δεχόμενος
3111 1373 3279 1441 ὑμᾶς,
3307 1371 3404 1442 ἐμὲ
3429 1373 3640 1443 δέχεται,
3669 1378 3775 1431 καὶὸ

2279 1466 2377 1536 ἐμὲ
2416 1465 2728 1535 δεχόμενος,
2757 1465 2975 1534 δέχεται
3024 1464 3116 1519 τὸν
3157 1464 3545 1519 ἀποστείλαντά
3570 1483 3646 1537 με.
3678 1486 3693 1519 ι
3728 1500 3777 1511 -

2288 1575 2306 1608 ι
2331 1557 2388 1609 '0
2402 1555 2698 1626 δεχόμενος.
2712 1555 3029 1627 προφήτην,
3054 1557 3135 1616 είς
3154 1556 3329 1625 ὄνομα
3346 1557 3620 1627 προφήτου,
3637 1559 3779 1627 μισθὸν

2279 1648 2559 1719 προφήτου
2618 1645 2869 1718 λήψεται.
2925 1648 3034 1700 Καὶ
3086 1647 3115 1700 δ
3160 1646 3450 1716 δεχόμενος
3489 1646 3683 1712 δίκαιον,
3724 1650 3781 1710 εις

2277 1734 2449 1804 δνομα
2491 1733 2722 1799 δικαίου,
2770 1733 2960 1804 μισθὸν
3003 1733 3216 1807 δικαίου
3268 1733 3509 1805 λήψεται.
3560 1754 3581 1789 ι
3612 1736 3780 1808 Ain:th

593 1828 870 1899 suscipit,
922 1831 1158 1900 suscipit
1208 1847 1337 1886 eum
1390 1833 1484 1902 qui
1535 1848 1624 1887 me
1674 1830 1829 1886 misit
1881 1831 1952 1885 ⁸ο.
1997 1850 2016 1883 ι
2064 1831 2173 1886 Et:

2280 1825 2409 1891 δόξα
2436 1826 2515 1890 είς
2552 1826 2682 1889 τοὺς
2713 1825 3163 1897 αίῶνας.’Δμήν.

598 1934 620 1968 ι
681 1917 786 1985 Qui
819 1920 1057 1991 suscipit
1105 1923 1437 1994 prophetam
1486 1924 1542 1980 in
1571 1925 1798 1981 nomine
1849 1919 2471 1995 pr0phetae,mercedem
2504 1919 2793 1990 prophetae
2815 1918 3055 1990 accipiet
3086 1936 3103 1974 :
3145 1927 3203 1975 et
3233 1918 3335 1990 qui
3374 1919 3593 1992 suscipit
3624 1922 3784 1995 justum

592 2008 654 2068 in
684 2012 909 2069 nomine
960 2015 1118 2086 justi,
1158 2016 1473 2072 mercedem
1531 2018 1668 2088 justi
1740 2018 1979 2087 accipiet
2007 2018 2106 2072 “.i
2140 2015 2249 2086 ipsi
2277 2012 2452 2084 gloria
2484 2011 2541 2066 in
2565 2011 2790 2067 saecula.
2815 2011 3014 2067 Amen.

1124 2126 1411 2184 HOMIIJA
1441 2129 1649 2187 CXXV.

873 2237 956 2294 De
972 2252 1116 2297 certa
1143 2247 1533 2314 exspectatione
1560 2247 1885 2316 futurorum.

666 2347 873 2403 Futura
905 2348 1051 2405 bona
1078 2351 1511 2423 quisquiscerta
1544 2370 1641 2424 spe
1671 2355 1981 2425 opperitur,
2013 2354 2175 2409 nihili

593 2436 785 2494 isthmc
829 2439 983 2495 ducit
1032 2445 1369 2512 temporaria
1420 2462 1432 2498 :
1476 2446 1611 2515 quin
1643 2446 1906 2500 aviditate
1941 2446 2177 2517 ﬂagrans

592 2528 932 2598 futurorum,
964 2541 1163 2588 caetera
1185 2536 1370 2590 omnia
1402 2537 1531 2592 vitae
1557 2537 1720 2592 istius
1749 2553 1851 2592 ceu
1872 2538 1979 2592 vile
2003 2538 2179 2608 quod-

591 2619 740 2690 piam
779 2633 1144 2683 sarmentum.
1176 2635 1272 2680 aut
1306 2627 1641 2682 virulentam
1674 2630 1973 2683 arachnem
2001 2638 2179 2683 trans-

592 2710 785 2776 mittit,
836 2718 1066 2782 prOpter
1100 2729 1254 2784 spem
1304 2715 1410 2770 sibi
1465 2717 1767 2786 repositam
1828 2726 1992 2787 atque
2048 2733 2172 2788 gau«

593 2797 769 2853 dium.
801 2800 900 2857 lllo
930 2802 1078 2855 enim
1107 2812 1440 2874 approperat
1482 2821 1801 2871 occurrere,
1835 2807 1929 2861 ubi
1960 2822 2180 2876 posses-

593 2890 773 2947 sionis
825 2891 1136 2949 substantia
1189 2911 1202 2947 :
1249 2911 1448 2965 nempe
1473 2897 1585 2967 jam
1629 2896 1968 2952 desiderium
2013 2897 2180 2953 habet

593 2979 908 3036 subactum.
938 2981 1153 3048 Quibus
1193 3000 1326 3040 sane
1351 2987 1504 3041 cordi
1542 2994 1626 3041 est
1654 2988 1877 3043 cmleste
1914 2988 2047 3043 illud
2078 3005 2177 3058 pc-

593 3069 829 3137 culium,
857 3072 933 3126 nil
974 3084 1081 3127 tam
1117 3075 1384 3144 expetunt
1430 3076 1692 3132 ardenter
1717 3093 1880 3148 quam
1910 3088 1971 3135 ut
1998 3096 2064 3135 ex
2095 3081 2180 3134 in-

592 3161 778 3216 colatu
815 3163 1075 3232 inquilini
1105 3167 1361 3237 corporis
1400 3169 1643 3223 evolent.
1681 3168 1830 3224 Bona
1865 3170 2034 3241 igitur
2068 3186 2171 3226 no-

593 3252 682 3309 bis
731 3255 997 3324 reposita,
1031 3267 1088 3312 et
1131 3273 1257 3329 quae
1294 3259 1713 3331 insuspicabilia
1757 3271 1906 3329 sunt,
1952 3280 2179 3335 prorsus

2840 2125 3063 2182 ΛΟΓΟΣ
3115 2127 3292 2183 PKE'.

2503 2242 2645 2313 Περὶ
2685 2241 3052 2312 προσδοκίας
3100 2242 3227 2297 τῶν
3260 2246 3612 2314 μελλόντων.

2357 2356 2418 2410 Ὀ
2440 2356 2510 2409 τά
2539 2356 2803 2426 μέλλοντα
2827 2355 3009 2425 ἀγαθά
3034 2355 3380 2427 προσδοκῶν.
3404 2357 3471 2410 τά
3498 2351 3591 2410 ὦδε
3614 2357 3789 2411 ἀπωθεί·

2275 2462 2388 2513 ται,
2416 2450 2508 2501 καὶ
2549 2448 2637 2503 διὰ
2687 2448 2787 2518 τῆς
2827 2448 3066 2518 ὀρέξεως
3105 2447 3216 2500 τῶν
3275 2447 3566 2519 μελλόντων
3603 2448 3793 2516 ἀγαθῶν,

2276 2539 2373 2594 ὅλα
2401 2539 2471 2593 τὰ
2503 2539 2597 2594 τοῦ
2630 2538 2747 2610 βίου
2778 2539 2853 2602 ὡς
2878 2537 3036 2592 σκιάν
3064 2538 3160 2592 καὶ
3186 2539 3435 2610 ἀράχνην
3464 2538 3712 2609 παροδεύει
3731 2538 3792 2592 διὰ

2276 2631 2376 2701 τὴν
2404 2631 2773 2702 ἀποκειμένην
2802 2629 2994 2684 ὲλπίδα
3029 2630 3125 2684 καὶ
3154 2631 3338 2701 χάριν.
3383 2630 3526 2684 Ἐκεῖ
3552 2630 3647 2702 γὰρ
3667 2629 3793 2683 ouati-

2276 2721 2354 2774 δει
2381 2719 2520 2775 εῖναι
2545 2721 2673 2776 ἔνθα
2699 2721 2801 2791 τῆς
2831 2723 3080 2792 κτήσεως
3114 2720 3377 2793 ὓπαρξιν,
3402 2723 3580 2792 ἧγουν,
3608 2722 3689 2792 τὴν
3709 2724 3793 2774 ἑπι-

2280 2811 2480 2882 θυμίαν
2525 2812 2930 2882 δεδουλωμένην
2984 2811 3117 2882 ἔχει..
3164 2807 3269 2877 Οἷς
3312 2813 3489 2866 τοίνυν
3532 2812 3714 2883 αίρετθν
3752 2814 3794 2865 ἑν

2278 2901 2525 2973 οὐρανοῖς
2555 2904 2587 2972 ἡ
2616 2903 2806 2973 κτῆσις
2824 2942 2840 2966 ,
2870 2901 2976 2974 τὴν
3001 2904 3065 2956 ὲκ
3095 2903 3353 2973 σώματος
3385 2903 3632 2975 ἐκδημίαν
3654 2902 3794 2972 ἀφίεν-

2278 3011 2389 3048 ται.
2435 2993 3002 3063 ’Δποκαραδοκοῦντες
3030 2990 3230 3058 οὗν¹είς
3266 2994 3337 3048 τὰ
3366 2995 3678 3063 ἀποκείμενα
3696 2995 3795 3064 ἡμῖν

2279 3084 2458 3154 ἀγαθά
2483 3083 2776 3139 ἀνείκαστα
2808 3084 2958 3151 ὄντα,
2994 3086 3091 3158 ὅλῃ
3124 3089 3191 3157 τῇ
3226 3087 3487 3159 προθέσει
3518 3087 3573 3140 ὲν
3591 3085 3799 3155 ἐπιθυμίᾳ

2281 3176 2449 3249 πολλῇ
2516 3176 2842 3247 ποθήσωμεν
2898 3176 3073 3231 αὐτάσ
3124 3177 3481 3249 παρορῶντες
3524 3178 3586 3230 τά
3630 3175 3694 3246 μὴ
3729 3175 3796 3243 pi-

2278 3282 2456 3332 νοντα,
2491 3265 2588 3320 καὶ
2615 3265 2910 3337 γεγηθότες
2946 3266 3035 3322 διὰ
3070 3265 3140 3321 τὰ
3183 3267 3387 3322 αἰώνια
3439 3265 3531 3322 καὶ
3565 3267 3800 3336 παρεῖμενσ

592 3351 707 3399 tota
737 3345 907 3399 animi
951 3348 1341 3417 praestolamur
1379 3351 1869 3420 contemplatione,
1915 3361 2082 3423 atque
2112 3370 2173 3410 ea

2277 3354 2477 3424 ἀγαθὰ,
2517 3355 2553 3410 ἀ
2578 3356 2637 3410 ού
2671 3356 2896 3410 δύναται
2943 3356 3066 3421 νοῦς
3100 3355 3400 3429 ἀνθρώπου
3432 3354 3797 3412 καταλαϐέσθαι.

588 3436 811 3492 ardenti
837 3437 1116 3493 desiderio
1149 3451 1496 3510 expetamus,
1534 3441 1727 3497 isthaac
1753 3445 2035 3514 aspernati
2052 3462 2176 3516 qua:

589 3528 752 3585 solidi
797 3530 936 3584 nihil
973 3530 1179 3586 habent
1222 3541 1278 3587 et
1310 3534 1668 3603 perdurantis
1694 3536 2037 3601 substantiae,
2077 3553 2175 3607 spe

587 3628 928 3675 aeternorum
953 3636 1020 3677 ac
1047 3627 1493 3693 permanentium
1529 3626 1843 3693 exhilarati,
1877 3644 2000 3699 qua:
2023 3630 2174 3685 nulla

588 3718 759 3779 queat
787 3710 1026 3767 humana
1057 3714 1320 3786 cogitatio
1351 3718 1845 3788 comprehendere.
1877 3718 2038 3776 Omni
2075 3721 2177 3777 ita-

590 3816 701 3871 que
732 3804 986 3860 custodia
1030 3821 1315 3863 servemus
1356 3824 1472 3875 cor,
1506 3820 1826 3867 constanter
1849 3822 2177 3883 exspectan-

588 3903 676 3949 tes
712 3894 1006 3951 Dominum
1038 3899 1300 3967 familias,
1334 3916 1535 3973 nempe
1563 3903 1845 3960 Christum
1874 3905 2052 3961 Deum
2078 3914 2174 3962 ηοξ

588 3994 786 4054 strum,
818 3988 914 4058 qui
949 3991 1125 4045 nostri
1159 4008 1323 4048 causa
1346 4009 1558 4065 pauper
1579 4012 1703 4052 esse
1735 3998 1932 4063 voluit,
1961 4015 2174 4070 proque

584 4081 779 4130 nostra
826 4077 1076 4133 omnium
1124 4081 1305 4136 salute
1358 4081 1613 4140 humanae
1661 4086 1999 4143 inﬁrmitatis
2039 4089 2177 4143 allii-

586 4165 801 4222 ctiones
832 4167 889 4223 in
919 4185 979 4224 sc
1010 4172 1241 4242 recepit,
1271 4183 1333 4229 ιιι
1354 4191 1458 4231 nos
1487 4191 1776 4233 consortes
1806 4179 2038 4236 haberet
2064 4196 2176 4238 sua:

586 4258 1166 4330 incomprehensibilis
1233 4268 1533 4337 opulentiae
1565 4311 1580 4334 ,
1656 4271 1931 4343 simulque
1988 4272 2175 4330 futura

587 4350 682 4406 illa
728 4354 1097 4410 et‘ineﬂ‘abili
1143 4357 1317 4428 gloria
1365 4360 1801 4431 perfrueremur.
1865 4363 2040 4431 Quem
2102 4380 2174 4422 ne

591 4440 823 4514 (quaeso)
851 4444 1171 4506 desinamus
1205 4450 1425 4505 sincera
1458 4454 1751 4521 complecti
1784 4455 2080 4522 charitate,
2110 4466 2173 4512 ut

586 4529 659 4585 ab
697 4531 820 4601 ipso
858 4534 1148 4603 redamati,
1181 4555 1289 4594 una
1322 4557 1449 4596 cum
1491 4559 1560 4599 eo
1596 4546 1831 4614 provehi
1861 4563 2174 4604 mereamur

587 4621 657 4678 ad
685 4622 1068 4684 felicissimam
1104 4631 1447 4688 mansionem
1481 4636 1642 4691 nobis
1673 4652 1704 4691 a
1742 4638 1904 4694 Patre
1940 4639 2175 4697 adorna-

2278 3446 2431 3518 Πάσιι
2475 3445 2569 3501 οὖν
2617 3449 2833 3519 φυλακῇ
2881 3449 3211 3520 τηρήσωμεν
3252 3450 3356 3520 τὴν
3410 3449 3643 3522 καρδίαν,
3685 3463 3802 3517 περι-

2281 3537 2533 3607 μένοντες
2571 3538 2664 3592 τὸν
2711 3539 3097 3612 οἰκοδεσπότην
3123 3541 3370 3612 Χριστὸν
3414 3542 3502 3595 τὸν
3533 3541 3653 3594 Θεδν
3682 3536 3802 3608 ἡμῶν

2274 3627 2366 3681 τὸν
2406 3627 2473 3682 δι’
2501 3630 2651 3700 ἡμᾶς
2683 3629 3094 3700 πτωχεύσαντα,
3126 3632 3222 3685 καὶ
3257 3632 3348 3687 διὰ
3370 3632 3472 3704 τὴν
3498 3632 3641 3702 ἡμῶν
3670 3646 3804 3699 σωτη-

2280 3718 2422 3789 ρίανν
2478 3717 2550 3772 τὰ
2594 3719 2694 3787 τῆς
2743 3720 3029 3787 ἀσθενείας
3080 3722 3251 3794 πάθη,
3297 3724 3379 3787 εἰς
3426 3722 3607 3776 ἑαυτὸν
3645 3718 3802 3775 ἀναλιο

2276 3810 2473 3864 δόντα·
2535 3810 2625 3866 ἵνα
2675 3814 2822 3883 ἡμᾶς
2878 3813 2975 3868 τοῦ
3039 3814 3276 3869 πλούτου
3352 3814 3515 3871 αὐτοῦ
3566 3812 3801 3875 κοινωνοὺς

2278 3902 2513 3972 ποιήσῃο
2553 3902 2651 3955 καὶ
2681 3901 2781 3973 τῆς
2806 3902 3115 3974 μελλούσης
3155 3904 3401 3975 ἀρρήτου
3437 3902 3588 3973 δόξης
3614 3895 3803 3953 ἀπολαῦο

2280 4011 2390 4057 σαι,
2436 3993 2495 4047 ὃν
2541 3993 2822 4063 φιλοῦντες
2875 3993 2950 4065 μὴ
2996 3995 3380 4067 παυσώμεθα’
3424 3995 3519 4049 καὶ
3548 3990 3802 4063 φιλούμενοι

2279 4085 2371 4140 ὑπ’
2397 4085 2587 4154 αὐτοῦ,
2631 4086 3059 4158 συνεισέλθωμεν
3096 4088 3177 4152 είς
3207 4089 3311 4159 τὴν
3360 4086 3528 4159 μονὴν
3563 4087 3653 4156 τὴν
3684 4080 3803 4152 παρὰ

2274 4176 2354 4248 τῷ
2404 4177 2580 4246 Πατρὶ
2608 4178 3055 4249 ἡτοιμασμένην
3096 4178 3194 4232 καὶ⁸
3237 4178 3489 4249 ὀψόμεθα
3530 4177 3590 4232 τὸ
3632 4175 3729 4245 φῶς
3759 4175 3801 4227 ὲν

2275 4266 2355 4337 τῷ
2405 4269 2547 4336 φωτὶ
2599 4266 2791 4321 αὐτοῦ.
2830 4266 3044 4338 Φοϐερὰ
3088 4270 3122 4339 ὴ
3170 4268 3358 4339 ἡμέρα
3411 4268 3510 4339 τῆς
3556 4262 3799 4336 παρουσίας

2278 4356 2466 4423 αὐτοῦ,
2518 4355 2728 4427 μεγάλη
2782 4357 2880 4411 καὶ
2920 4357 3193 4427 ἐπιφανὴς
3229 4358 3468 4429 σφόδρα.
3509 4354 3596 4409 Διὸ
3635 4353 3798 4424 ἔχοντες

2276 4447 2377 4512 τὰς
2403 4448 2740 4518 ἐπαγγελίας
2766 4448 2991 4513 ταύτας,
3019 4448 3283 4521 χαρῶμεν
3331 4450 3482 4521 χαρᾷ
3506 4444 3797 4513 ἀνεκλαλήτῳ

2276 4540 2370 4595 καὶ
2431 4539 2822 4614 δεδοξασμένῃ,
2874 4540 3295 4612 ἀποσμήχοντες
3350 4541 3440 4595 ἀεὶ
3505 4538 3598 4611 τὴν
3644 4536 3795 4607 ψυχήν.

2275 4633 2453 4703 Μῆτις
2494 4631 2619 4705 ῥίζα
2665 4622 2893 4702 πικρίας
2924 4633 3037 4688 ἀνω
3072 4631 3285 4702 φύουσα
3316 4630 3533 4703 ἐνοχλῇ,
3566 4631 3652 4683 καὶ
3679 4641 3796 4698 μιαν·

590 4723 702 4771 tam
744 4727 801 4774 et
830 4718 1187 4789 insuuctam,
1233 4724 1331 4781 ubi
1377 4725 1436 4781 in
1472 4728 1593 4799 ejus
1621 4728 1832 4786 lumine
1861 4730 2173 4790 videbimus

2278 4722 2446 4777 θῶσιν
2476 4720 2662 4778 πολλοί
2680 4738 2695 4754 ο
2743 4723 2831 4779 ἵνα
2857 4725 2917 4777 ὲν
2961 4724 3040 4795 τῷ
3069 4714 3453 4796 καθαρωτάτῳ
3493 4721 3587 4776 καὶ
3611 4712 3797 4790 λαμπρῷ

586 4804 803 4865 lumen.
846 4810 1236 4870 Formidabilis
1263 4815 1427 4886 plane
1473 4827 1533 4874 et
1579 4818 1829 4876 horroris
1860 4821 2020 4891 plena
2049 4823 2170 4880 dies

590 4895 863 4955 adventus
889 4902 1030 4974 ejus,
1063 4903 1185 4960 dies
1215 4921 1409 4978 magna
1433 4919 1490 4963 et
1517 4908 1749 4965 illustris
1776 4910 1956 4978 valde,
1991 4928 2170 4985 eoque

588 4992 986 5058 promissiones
1028 4994 1128 5052 has
1165 4998 1260 5068 qui
1304 4997 1536 5055 indubia
1579 4999 1688 5055 ﬁde
1741 5008 2030 5069 tenemus,
2082 5005 2171 5058 in-

585 5080 873 5152 eloquibili
903 5094 959 5141 et
986 5087 1294 5159 gloriticato
1318 5091 1521 5162 gaudio
1545 5092 1755 5163 perfusi
1772 5095 2169 5163 jucundemur,

583 5170 789 5243 iugiter
842 5177 1230 5252 abstergentes
1288 5192 1606 5239 concretam
1644 5184 1844 5241 animat
1890 5186 2169 5253 eluviem,

587 5276 767 5333 neque
802 5269 960 5325 radix
984 5273 1375 5330 amaritudinis
1396 5291 1617 5332 sursum
1648 5277 1966 5348 germinans
1995 5280 2171 5333 inter-

590 5355 794 5425 turbet,
813 5369 870 5415 et
895 5360 1262 5434 inquinentur
1293 5366 1473 5433 multi,
1495 5375 1557 5422 ut
1578 5368 1783 5423 nullam
1808 5369 1992 5426 denuo
2011 5384 2169 5426 eam-

589 5442 714 5500 dem
749 5452 1086 5510 contrahens
1114 5457 1384 5511 maculam
1419 5465 1517 5512 aut
1543 5473 1757 5529 rugam,
1781 5458 2171 5529 limpidissimo

591 5550 657 5592 ac
691 5540 1143 5611 splendidissimo
1175 5549 1547 5621 perlustretur
1578 5550 1811 5607 lumine.
1857 5552 1976 5609 Illic
2020 5553 2170 5609 enim

665 5670 975 5757 ".iAThess.
1006 5694 1060 5749 v,
1093 5681 1179 5749 l3,
1206 5682 1289 5739 15.
1368 5684 1457 5741 ⁵⁷1
1487 5683 1629 5741 Tim.
1661 5702 1715 5755 ι’,
1752 5686 1838 5742 l7.
1916 5687 1962 5723 ⁸⁸
1992 5687 2154 5746 Rom.
2186 5701 2300 5757 xm,
2333 5684 2388 5741 2.

594 5738 686 5807 ιι,
713 5743 802 5800 42.

2277 4816 2417 4885 φωτὶ
2465 4814 2755 4887 γενομένη,
2788 4814 2865 4887 μὴ
2913 4814 3114 4887 ἔχουσα
3166 4815 3380 4883 σπῖλον,
3408 4814 3444 4886 ἢ
3499 4813 3689 4886 ῥυτίδα,
3717 4806 3799 4862 tui

2275 4904 2471 4976 ὅψηται
2524 4906 2623 4976 τὴν
2652 4906 2906 4960 ἀκτιστον
2957 4906 3052 4960 καὶ
3096 4905 3380 4978 μακαρίαν
3426 4906 3585 4976 φύσιν
3611 4900 3792 4967 εκείνην.

2277 4998 2412 5052 ὅπου
2442 5000 2471 5052 ὀ
2486 4998 2700 5071 Πατὴρ,
2720 4998 2816 5052 καὶ
2843 4999 2873 5052 ὁ
2893 4998 3043 5064 Υἱὸς,
3063 5000 3159 5053 καὶ
3184 4998 3246 5052 τδ
3276 4998 3433 5067 ἅγιον
3452 4989 3793 5066 Πνεῦμα.Κὼ

2280 5093 2351 5155 ὡς
2396 5090 2492 5145 καὶ
2521 5092 2551 5145 ὁ
2590 5089 2932 5157 ’Δπόστολος,
2951 5090 3247 5160 Ῥωμαίοις
3277 5089 3623 5151 ἐπιστέλλων,
3653 5084 3788 5151 λέγει·

2284 5202 2303 5236 ι
2338 5183 2650 5254 Παρακαλῶ
2682 5179 2776 5238 οὖν
2801 5183 2967 5255 ὑμᾶς,
3015 5184 3256 5256 ἀδελφοὶ,
3286 5183 3377 5238 διὰ
3421 5184 3529 5238 τῶν
3552 5173 3791 5249 οίκτιρμῶν

2275 5274 2370 5329 τοῦ
2404 5273 2565 5341 Θεοῦ,
2600 5275 2954 5345 παραστῆσαι
2994 5274 3064 5328 τά
3092 5273 3323 5344 σώματα
3353 5272 3508 5345 ὑμῶν
3539 5269 3705 5324 θυσίαν
3721 5262 3794 5330 ζῶ-

2279 5384 2401 5435 σαν,
2426 5369 2610 5437 ἁγίαν,
2637 5367 2930 5439 εὐάρεστον
2952 5366 3030 5438 τῷ
3056 5366 3199 5438 Θεῷ,
3221 5367 3319 5439 τὴν
3345 5366 3568 5437 λογικὴν
3591 5358 3793 5431 λατρείαν

2277 5460 2468 5532 ὑμῶν’
2503 5460 2598 5516 καὶ
2630 5460 2705 5533 μὴ
2758 5459 3264 5532 συσχηματίζεσθαι
3312 5458 3395 5530 τῷ
3444 5457 3592 5512 αἰῶνι
3635 5450 3795 5517 τούτῳ»

2277 5553 2415 5609 ἀλλά
2467 5549 2956 5624 μεταμορφοῦσθαι
3013 5551 3080 5621 τῇ
3147 5548 3513 5605 ἀνακαινώσει
3570 5541 3654 5598 τοῦ
3689 5536 3793 5623 ,νὼς

2488 5686 2534 5720 ⁵³
2564 5683 2740 5743 Exod.
2773 5699 2902 5755 xm,
2926 5683 3016 5740 28.
3094 5684 3139 5718 ⁸ο
3166 5682 3358 5742 Matth.
3393 5697 3449 5751 ι,
3479 5680 3559 5738 40.
3625 5676 3662 5708 ⁸⁸
3682 5666 3784 5731 ibid
