  <div class='ocr_page' id='page_1' title='image "/cluster/home/n/w/nwhite01/storage/ocr_20150623/89/coo.31924054869932/928.png"; bbox 0 0 4042 6428; ppageno 0'>
   <div class='ocr_carea' id='block_1_1' title="bbox 274 314 411 380">
    <p class='ocr_par' dir='ltr' id='par_1_1' title="bbox 274 314 411 380">
     <span class='ocr_line' id='line_1_1' title="bbox 274 314 411 380; baseline 0 0"><span class='ocrx_word' id='word_1_1' title='bbox 274 314 411 380; x_wconf 76' lang='grc'><strong>1825</strong></span> 
     </span>
    </p>
   </div>
   <div class='ocr_carea' id='block_1_2' title="bbox 1140 313 2650 380">
    <p class='ocr_par' dir='ltr' id='par_1_2' title="bbox 1140 313 2650 380">
     <span class='ocr_line' id='line_1_2' title="bbox 1140 313 2650 380; baseline 0.005 -8"><span class='ocrx_word' id='word_1_2' title='bbox 1140 313 1474 373; x_wconf 79' lang='grc' dir='ltr'><strong>ΠΟΜΙΠΑ</strong></span> <span class='ocrx_word' id='word_1_3' title='bbox 1515 313 1773 378; x_wconf 60' lang='lat' dir='ltr'><strong>CXXVI.</strong></span> <span class='ocrx_word' id='word_1_4' title='bbox 1802 339 1873 348; x_wconf 84' lang='grc'><strong>--</strong></span> <span class='ocrx_word' id='word_1_5' title='bbox 1902 315 1998 375; x_wconf 89' lang='lat' dir='ltr'><strong>DE</strong></span> <span class='ocrx_word' id='word_1_6' title='bbox 2038 314 2459 376; x_wconf 73' lang='lat' dir='ltr'><strong>VOCATIONE</strong></span> <span class='ocrx_word' id='word_1_7' title='bbox 2499 320 2650 380; x_wconf 83' lang='lat' dir='ltr'><strong>DEI.</strong></span> 
     </span>
    </p>
   </div>
   <div class='ocr_carea' id='block_1_3' title="bbox 3393 329 3530 396">
    <p class='ocr_par' dir='ltr' id='par_1_3' title="bbox 3393 329 3530 396">
     <span class='ocr_line' id='line_1_3' title="bbox 3393 329 3530 396; baseline 0.015 -2"><span class='ocrx_word' id='word_1_8' title='bbox 3393 329 3530 396; x_wconf 76' lang='lat'><strong>1826</strong></span> 
     </span>
    </p>
   </div>
   <div class='ocr_carea' id='block_1_4' title="bbox 269 424 1847 506">
    <p class='ocr_par' dir='ltr' id='par_1_4' title="bbox 269 424 1847 504">
     <span class='ocr_line' id='line_1_4' title="bbox 269 424 1847 504; baseline -0.004 -17"><span class='ocrx_word' id='word_1_9' title='bbox 269 433 447 504; x_wconf 78' lang='grc' dir='ltr'>ὑμῶν,</span> <span class='ocrx_word' id='word_1_10' title='bbox 494 432 574 494; x_wconf 82' lang='grc' dir='ltr'><strong>είς</strong></span> <span class='ocrx_word' id='word_1_11' title='bbox 620 432 684 485; x_wconf 81' lang='grc' dir='ltr'><strong>τὸ</strong></span> <span class='ocrx_word' id='word_1_12' title='bbox 733 425 1050 499; x_wconf 73' lang='grc' dir='ltr'><strong>δοκιμάζειν</strong></span> <span class='ocrx_word' id='word_1_13' title='bbox 1083 424 1252 495; x_wconf 78' lang='grc' dir='ltr'>ὑμᾶς,</span> <span class='ocrx_word' id='word_1_14' title='bbox 1291 426 1342 479; x_wconf 84' lang='grc' dir='ltr'><strong>τί</strong></span> <span class='ocrx_word' id='word_1_15' title='bbox 1391 428 1453 479; x_wconf 84' lang='grc' dir='ltr'><strong>τὸ</strong></span> <span class='ocrx_word' id='word_1_16' title='bbox 1502 427 1712 498; x_wconf 80' lang='grc' dir='ltr'>θέλημα</span> <span class='ocrx_word' id='word_1_17' title='bbox 1762 427 1847 480; x_wconf 72' lang='grc' dir='ltr'><strong>τοῦ</strong></span> 
     </span>
    </p>
   </div>
   <div class='ocr_carea' id='block_1_5' title="bbox 1954 424 3532 506">
    <p class='ocr_par' dir='ltr' id='par_1_5' title="bbox 1962 428 3532 506">
     <span class='ocr_line' id='line_1_5' title="bbox 1962 428 3532 506; baseline 0.013 -26"><span class='ocrx_word' id='word_1_18' title='bbox 1962 428 2254 497; x_wconf 84' lang='lat' dir='ltr'><strong>perspicue</strong></span> <span class='ocrx_word' id='word_1_19' title='bbox 2283 431 2644 486; x_wconf 88' lang='lat' dir='ltr'><strong>contuebitur</strong></span> <span class='ocrx_word' id='word_1_20' title='bbox 2694 434 2910 488; x_wconf 98' lang='lat' dir='ltr'><strong>beatam</strong></span> <span class='ocrx_word' id='word_1_21' title='bbox 2965 452 3192 506; x_wconf 82' lang='lat' dir='ltr'><strong>prorsus</strong></span> <span class='ocrx_word' id='word_1_22' title='bbox 3235 438 3384 496; x_wconf 84' lang='lat' dir='ltr'><strong>illam</strong></span> <span class='ocrx_word' id='word_1_23' title='bbox 3428 460 3532 502; x_wconf 86' lang='lat' dir='ltr'><strong>nec</strong></span> 
     </span>
    </p>
   </div>
   <div class='ocr_carea' id='block_1_6' title="bbox 267 517 1852 591">
    <p class='ocr_par' dir='ltr' id='par_1_6' title="bbox 267 517 1852 591">
     <span class='ocr_line' id='line_1_6' title="bbox 267 517 1852 591; baseline -0.005 -12"><span class='ocrx_word' id='word_1_24' title='bbox 267 524 428 589; x_wconf 92' lang='grc' dir='ltr'>Θεοῦ,</span> <span class='ocrx_word' id='word_1_25' title='bbox 462 523 525 577; x_wconf 81' lang='grc' dir='ltr'>τὸ</span> <span class='ocrx_word' id='word_1_26' title='bbox 559 523 761 591; x_wconf 80' lang='grc' dir='ltr'>ἀγαθὸν</span> <span class='ocrx_word' id='word_1_27' title='bbox 796 521 889 574; x_wconf 81' lang='grc' dir='ltr'>καὶ</span> <span class='ocrx_word' id='word_1_28' title='bbox 920 518 1238 588; x_wconf 77' lang='grc' dir='ltr'>εὐάρεστον,</span> <span class='ocrx_word' id='word_1_29' title='bbox 1287 517 1383 570; x_wconf 75' lang='grc' dir='ltr'><strong>καὶ</strong></span> <span class='ocrx_word' id='word_1_30' title='bbox 1417 517 1642 573; x_wconf 77' lang='grc' dir='ltr'>τέλειον.</span> <span class='ocrx_word' id='word_1_31' title='bbox 1685 537 1704 569; x_wconf 74' lang='grc' dir='ltr'><strong>ι</strong></span> <span class='ocrx_word' id='word_1_32' title='bbox 1743 519 1852 571; x_wconf 69' lang='grc' dir='ltr'><strong>Καὶ</strong></span> 
     </span>
    </p>
   </div>
   <div class='ocr_carea' id='block_1_7' title="bbox 268 609 1850 684">
    <p class='ocr_par' dir='ltr' id='par_1_7' title="bbox 268 609 1850 684">
     <span class='ocr_line' id='line_1_7' title="bbox 268 609 1850 684; baseline -0.006 -14"><span class='ocrx_word' id='word_1_33' title='bbox 268 619 477 671; x_wconf 57' lang='grc' dir='ltr'>πάλιν</span> <span class='ocrx_word' id='word_1_34' title='bbox 537 631 557 667; x_wconf 84' lang='grc' dir='ltr'><strong>ι</strong></span> <span class='ocrx_word' id='word_1_35' title='bbox 607 615 768 682; x_wconf 82' lang='grc' dir='ltr'><strong>Ἡμῖν</strong></span> <span class='ocrx_word' id='word_1_36' title='bbox 820 613 930 684; x_wconf 81' lang='grc' dir='ltr'>γὰρ</span> <span class='ocrx_word' id='word_1_37' title='bbox 983 612 1333 681; x_wconf 68' lang='grc' dir='ltr'>ἀπεκάλυψεν</span> <span class='ocrx_word' id='word_1_38' title='bbox 1371 614 1398 662; x_wconf 98' lang='lat'><strong>6</strong></span> <span class='ocrx_word' id='word_1_39' title='bbox 1445 610 1575 672; x_wconf 79' lang='grc' dir='ltr'>Θεὸς</span> <span class='ocrx_word' id='word_1_40' title='bbox 1625 609 1713 663; x_wconf 89' lang='grc' dir='ltr'><strong>διὰ</strong></span> <span class='ocrx_word' id='word_1_41' title='bbox 1755 609 1850 662; x_wconf 81' lang='grc' dir='ltr'><strong>τοῦ</strong></span> 
     </span>
    </p>
   </div>
   <div class='ocr_carea' id='block_1_8' title="bbox 268 701 1848 779">
    <p class='ocr_par' dir='ltr' id='par_1_8' title="bbox 268 701 1848 779">
     <span class='ocr_line' id='line_1_8' title="bbox 268 701 1848 779; baseline -0.006 -16"><span class='ocrx_word' id='word_1_42' title='bbox 268 710 593 779; x_wconf 85' lang='grc' dir='ltr'>Πνεύματος</span> <span class='ocrx_word' id='word_1_43' title='bbox 621 704 809 760; x_wconf 82' lang='grc' dir='ltr'>αὑτοῦ.</span> <span class='ocrx_word' id='word_1_44' title='bbox 861 704 934 756; x_wconf 79' lang='grc' dir='ltr'>Τὸ</span> <span class='ocrx_word' id='word_1_45' title='bbox 983 703 1090 774; x_wconf 87' lang='lat'><strong>7&amp;9</strong></span> <span class='ocrx_word' id='word_1_46' title='bbox 1144 702 1373 770; x_wconf 83' lang='grc' dir='ltr'><strong>Πνεῦμα</strong></span> <span class='ocrx_word' id='word_1_47' title='bbox 1402 701 1581 753; x_wconf 85' lang='grc' dir='ltr'>πάντα</span> <span class='ocrx_word' id='word_1_48' title='bbox 1629 702 1848 770; x_wconf 81' lang='grc' dir='ltr'><strong>ἐρευνᾷ,</strong></span> 
     </span>
    </p>
   </div>
   <div class='ocr_carea' id='block_1_9' title="bbox 267 789 1852 870">
    <p class='ocr_par' dir='ltr' id='par_1_9' title="bbox 267 789 1852 870">
     <span class='ocr_line' id='line_1_9' title="bbox 267 789 1852 870; baseline -0.009 -14"><span class='ocrx_word' id='word_1_49' title='bbox 267 803 368 857; x_wconf 80' lang='grc' dir='ltr'><strong>καὶ</strong></span> <span class='ocrx_word' id='word_1_50' title='bbox 399 802 467 855; x_wconf 82' lang='grc' dir='ltr'><strong>τὰ</strong></span> <span class='ocrx_word' id='word_1_51' title='bbox 499 799 636 870; x_wconf 82' lang='grc' dir='ltr'>βάθη</span> <span class='ocrx_word' id='word_1_52' title='bbox 667 798 761 852; x_wconf 89' lang='grc' dir='ltr'><strong>τοῦ</strong></span> <span class='ocrx_word' id='word_1_53' title='bbox 789 795 946 851; x_wconf 85' lang='grc' dir='ltr'>Θεοῦ.</span> <span class='ocrx_word' id='word_1_54' title='bbox 980 794 1076 855; x_wconf 83' lang='grc' dir='ltr'><strong>Τίς</strong></span> <span class='ocrx_word' id='word_1_55' title='bbox 1101 794 1208 864; x_wconf 84' lang='grc' dir='ltr'>γὰρ</span> <span class='ocrx_word' id='word_1_56' title='bbox 1235 789 1375 846; x_wconf 76' lang='grc' dir='ltr'>οἶδεν</span> <span class='ocrx_word' id='word_1_57' title='bbox 1422 789 1750 860; x_wconf 83' lang='grc' dir='ltr'>ἀνθρώπων,</span> <span class='ocrx_word' id='word_1_58' title='bbox 1784 790 1852 843; x_wconf 72' lang='grc' dir='ltr'>τὰ</span> 
     </span>
    </p>
   </div>
   <div class='ocr_carea' id='block_1_10' title="bbox 265 881 1851 963">
    <p class='ocr_par' dir='ltr' id='par_1_10' title="bbox 265 881 1851 963">
     <span class='ocr_line' id='line_1_10' title="bbox 265 881 1851 963; baseline -0.008 -17"><span class='ocrx_word' id='word_1_59' title='bbox 265 893 366 947; x_wconf 85' lang='grc' dir='ltr'><strong>τοῦ</strong></span> <span class='ocrx_word' id='word_1_60' title='bbox 394 891 705 963; x_wconf 83' lang='grc' dir='ltr'>ἀνθρώπου,</span> <span class='ocrx_word' id='word_1_61' title='bbox 736 891 784 942; x_wconf 85' lang='grc' dir='ltr'>εἰ</span> <span class='ocrx_word' id='word_1_62' title='bbox 833 890 910 959; x_wconf 75' lang='grc' dir='ltr'>μὴ</span> <span class='ocrx_word' id='word_1_63' title='bbox 957 888 1014 940; x_wconf 78' lang='grc' dir='ltr'>τὸ</span> <span class='ocrx_word' id='word_1_64' title='bbox 1059 885 1277 955; x_wconf 87' lang='grc' dir='ltr'>πνεῦμα</span> <span class='ocrx_word' id='word_1_65' title='bbox 1310 884 1406 938; x_wconf 90' lang='grc' dir='ltr'><strong>τοῦ</strong></span> <span class='ocrx_word' id='word_1_66' title='bbox 1447 882 1757 954; x_wconf 78' lang='grc' dir='ltr'>ἀνθρώπου,</span> <span class='ocrx_word' id='word_1_67' title='bbox 1789 881 1851 935; x_wconf 84' lang='grc' dir='ltr'><strong>τδ</strong></span> 
     </span>
    </p>
   </div>
   <div class='ocr_carea' id='block_1_11' title="bbox 265 975 1851 1054">
    <p class='ocr_par' dir='ltr' id='par_1_11' title="bbox 265 975 1851 1054">
     <span class='ocr_line' id='line_1_11' title="bbox 265 975 1851 1054; baseline -0.008 -15"><span class='ocrx_word' id='word_1_68' title='bbox 265 985 330 1039; x_wconf 77' lang='grc' dir='ltr'><strong>δν</strong></span> <span class='ocrx_word' id='word_1_69' title='bbox 359 989 416 1040; x_wconf 81' lang='grc' dir='ltr'><strong>ὲν</strong></span> <span class='ocrx_word' id='word_1_70' title='bbox 444 984 631 1054; x_wconf 76' lang='grc' dir='ltr'>αὐτῷς</span> <span class='ocrx_word' id='word_1_71' title='bbox 676 980 849 1044; x_wconf 77' lang='grc' dir='ltr'>οὕτως</span> <span class='ocrx_word' id='word_1_72' title='bbox 882 981 975 1034; x_wconf 71' lang='grc' dir='ltr'><strong>καὶ</strong></span> <span class='ocrx_word' id='word_1_73' title='bbox 1004 980 1073 1034; x_wconf 85' lang='grc' dir='ltr'>τὰ</span> <span class='ocrx_word' id='word_1_74' title='bbox 1097 979 1191 1032; x_wconf 83' lang='grc' dir='ltr'><strong>τοῦ</strong></span> <span class='ocrx_word' id='word_1_75' title='bbox 1224 977 1360 1032; x_wconf 88' lang='grc' dir='ltr'>Θεοῦ</span> <span class='ocrx_word' id='word_1_76' title='bbox 1397 975 1574 1039; x_wconf 75' lang='grc' dir='ltr'>οὐδεὶς</span> <span class='ocrx_word' id='word_1_77' title='bbox 1611 975 1851 1043; x_wconf 77' lang='grc' dir='ltr'>ἔγνωκεν</span> 
     </span>
    </p>
   </div>
   <div class='ocr_carea' id='block_1_12' title="bbox 269 1063 1851 1145">
    <p class='ocr_par' dir='ltr' id='par_1_12' title="bbox 269 1063 1851 1145">
     <span class='ocr_line' id='line_1_12' title="bbox 269 1063 1851 1145; baseline -0.008 -17"><span class='ocrx_word' id='word_1_78' title='bbox 269 1076 320 1128; x_wconf 82' lang='grc' dir='ltr'><strong>εί</strong></span> <span class='ocrx_word' id='word_1_79' title='bbox 355 1075 429 1145; x_wconf 84' lang='grc' dir='ltr'>μὴ</span> <span class='ocrx_word' id='word_1_80' title='bbox 457 1075 518 1126; x_wconf 72' lang='grc' dir='ltr'>τὸ</span> <span class='ocrx_word' id='word_1_81' title='bbox 540 1071 764 1142; x_wconf 81' lang='grc' dir='ltr'>Πνεῦμα</span> <span class='ocrx_word' id='word_1_82' title='bbox 793 1069 888 1122; x_wconf 88' lang='grc' dir='ltr'><strong>τοῦ</strong></span> <span class='ocrx_word' id='word_1_83' title='bbox 905 1068 1063 1122; x_wconf 82' lang='grc' dir='ltr'>Θεοῦ.</span> <span class='ocrx_word' id='word_1_84' title='bbox 1089 1087 1112 1121; x_wconf 69' lang='grc' dir='ltr'><strong>ι</strong></span> <span class='ocrx_word' id='word_1_85' title='bbox 1140 1069 1251 1122; x_wconf 83' lang='lat' dir='ltr'><strong>Ka‘t</strong></span> <span class='ocrx_word' id='word_1_86' title='bbox 1281 1068 1510 1134; x_wconf 78' lang='grc' dir='ltr'>ἐπάγει·</span> <span class='ocrx_word' id='word_1_87' title='bbox 1538 1084 1556 1116; x_wconf 83' lang='grc' dir='ltr'><strong>ι</strong></span> <span class='ocrx_word' id='word_1_88' title='bbox 1582 1065 1772 1134; x_wconf 83' lang='grc' dir='ltr'>Ἡμεῖς</span> <span class='ocrx_word' id='word_1_89' title='bbox 1793 1063 1851 1117; x_wconf 80' lang='grc' dir='ltr'>δὲ</span> 
     </span>
    </p>
   </div>
   <div class='ocr_carea' id='block_1_13' title="bbox 269 1153 1850 1232">
    <p class='ocr_par' dir='ltr' id='par_1_13' title="bbox 269 1153 1850 1232">
     <span class='ocr_line' id='line_1_13' title="bbox 269 1153 1850 1232; baseline -0.008 -14"><span class='ocrx_word' id='word_1_90' title='bbox 269 1166 332 1218; x_wconf 83' lang='grc' dir='ltr'>οὒ</span> <span class='ocrx_word' id='word_1_91' title='bbox 362 1165 424 1217; x_wconf 82' lang='grc' dir='ltr'>τὸ</span> <span class='ocrx_word' id='word_1_92' title='bbox 453 1163 672 1232; x_wconf 88' lang='grc' dir='ltr'>πνεῦμα</span> <span class='ocrx_word' id='word_1_93' title='bbox 699 1160 790 1214; x_wconf 88' lang='grc' dir='ltr'><strong>τοῦ</strong></span> <span class='ocrx_word' id='word_1_94' title='bbox 823 1159 1030 1230; x_wconf 77' lang='grc' dir='ltr'><strong>κόσμου</strong></span> <span class='ocrx_word' id='word_1_95' title='bbox 1063 1158 1353 1226; x_wconf 73' lang='grc' dir='ltr'>ὲλάῧομεν,</span> <span class='ocrx_word' id='word_1_96' title='bbox 1376 1155 1512 1209; x_wconf 81' lang='grc' dir='ltr'>ἀλλὰ</span> <span class='ocrx_word' id='word_1_97' title='bbox 1539 1154 1601 1207; x_wconf 74' lang='grc' dir='ltr'>τὸ</span> <span class='ocrx_word' id='word_1_98' title='bbox 1625 1153 1850 1223; x_wconf 82' lang='grc' dir='ltr'>Πνεῦμα</span> 
     </span>
    </p>
   </div>
   <div class='ocr_carea' id='block_1_14' title="bbox 266 1243 1847 1319">
    <p class='ocr_par' dir='ltr' id='par_1_14' title="bbox 266 1243 1847 1319">
     <span class='ocr_line' id='line_1_14' title="bbox 266 1243 1847 1319; baseline -0.009 -10"><span class='ocrx_word' id='word_1_99' title='bbox 266 1255 332 1309; x_wconf 83' lang='grc' dir='ltr'><strong>τὸ</strong></span> <span class='ocrx_word' id='word_1_100' title='bbox 364 1257 427 1308; x_wconf 80' lang='grc' dir='ltr'>ἐκ</span> <span class='ocrx_word' id='word_1_101' title='bbox 457 1252 551 1307; x_wconf 83' lang='grc' dir='ltr'><strong>τοῦ</strong></span> <span class='ocrx_word' id='word_1_102' title='bbox 577 1250 733 1316; x_wconf 87' lang='grc' dir='ltr'>Θεοῦ,</span> <span class='ocrx_word' id='word_1_103' title='bbox 765 1249 851 1304; x_wconf 79' lang='grc' dir='ltr'><strong>ἵνα</strong></span> <span class='ocrx_word' id='word_1_104' title='bbox 880 1250 1079 1319; x_wconf 85' lang='grc' dir='ltr'>ῐδωμεν</span> <span class='ocrx_word' id='word_1_105' title='bbox 1126 1247 1194 1301; x_wconf 87' lang='grc' dir='ltr'><strong>τά</strong></span> <span class='ocrx_word' id='word_1_106' title='bbox 1226 1247 1330 1300; x_wconf 76' lang='grc' dir='ltr'><strong>ὑπὸ</strong></span> <span class='ocrx_word' id='word_1_107' title='bbox 1377 1245 1473 1299; x_wconf 81' lang='grc' dir='ltr'><strong>τοῦ</strong></span> <span class='ocrx_word' id='word_1_108' title='bbox 1522 1243 1657 1297; x_wconf 85' lang='grc' dir='ltr'>Θεοῦ</span> <span class='ocrx_word' id='word_1_109' title='bbox 1688 1261 1847 1313; x_wconf 89' lang='grc' dir='ltr'>χαρι-</span> 
     </span>
    </p>
   </div>
   <div class='ocr_carea' id='block_1_15' title="bbox 269 1335 1850 1414">
    <p class='ocr_par' dir='ltr' id='par_1_15' title="bbox 269 1335 1850 1414">
     <span class='ocr_line' id='line_1_15' title="bbox 269 1335 1850 1414; baseline -0.008 -14"><span class='ocrx_word' id='word_1_110' title='bbox 269 1346 470 1400; x_wconf 82' lang='grc' dir='ltr'><strong>σθέντα</strong></span> <span class='ocrx_word' id='word_1_111' title='bbox 520 1346 676 1414; x_wconf 83' lang='grc' dir='ltr'>ἡμῖν.</span> <span class='ocrx_word' id='word_1_112' title='bbox 730 1352 756 1395; x_wconf 75' lang='grc' dir='ltr'><strong>ἰ</strong></span> <span class='ocrx_word' id='word_1_113' title='bbox 802 1341 914 1395; x_wconf 73' lang='lat' dir='ltr'><strong>Kal.</strong></span> <span class='ocrx_word' id='word_1_114' title='bbox 965 1340 1170 1393; x_wconf 61' lang='grc' dir='ltr'>πάλινέ</span> <span class='ocrx_word' id='word_1_115' title='bbox 1211 1356 1229 1390; x_wconf 81' lang='grc' dir='ltr'><strong>ι</strong></span> <span class='ocrx_word' id='word_1_116' title='bbox 1277 1339 1340 1392; x_wconf 85' lang='lat' dir='ltr'><strong>El.</strong></span> <span class='ocrx_word' id='word_1_117' title='bbox 1373 1337 1483 1410; x_wconf 92' lang='lat'><strong>7&amp;9</strong></span> <span class='ocrx_word' id='word_1_118' title='bbox 1519 1338 1553 1408; x_wconf 79' lang='grc' dir='ltr'><strong>ἡ</strong></span> <span class='ocrx_word' id='word_1_119' title='bbox 1605 1335 1850 1389; x_wconf 78' lang='grc' dir='ltr'><strong>διακονία</strong></span> 
     </span>
    </p>
   </div>
   <div class='ocr_carea' id='block_1_16' title="bbox 265 1416 1847 1506">
    <p class='ocr_par' dir='ltr' id='par_1_16' title="bbox 265 1416 1847 1506">
     <span class='ocr_line' id='line_1_16' title="bbox 265 1416 1847 1506; baseline -0.007 -17"><span class='ocrx_word' id='word_1_120' title='bbox 265 1436 373 1506; x_wconf 79' lang='grc' dir='ltr'>τῆς</span> <span class='ocrx_word' id='word_1_121' title='bbox 401 1434 777 1505; x_wconf 75' lang='grc' dir='ltr'><strong>κατακρίσεως</strong></span> <span class='ocrx_word' id='word_1_122' title='bbox 827 1416 1189 1501; x_wconf 72' lang='grc' dir='ltr'>δόξα,’πολλῷ</span> <span class='ocrx_word' id='word_1_123' title='bbox 1232 1429 1432 1499; x_wconf 80' lang='grc' dir='ltr'>μᾶλλον</span> <span class='ocrx_word' id='word_1_124' title='bbox 1468 1426 1783 1499; x_wconf 82' lang='grc' dir='ltr'>περισσεύει</span> <span class='ocrx_word' id='word_1_125' title='bbox 1814 1427 1847 1496; x_wconf 77' lang='grc' dir='ltr'>ἡ</span> 
     </span>
    </p>
   </div>
   <div class='ocr_carea' id='block_1_17' title="bbox 267 1517 1847 1595">
    <p class='ocr_par' dir='ltr' id='par_1_17' title="bbox 267 1517 1847 1595">
     <span class='ocr_line' id='line_1_17' title="bbox 267 1517 1847 1595; baseline -0.006 -15"><span class='ocrx_word' id='word_1_126' title='bbox 267 1527 511 1582; x_wconf 76' lang='grc' dir='ltr'><strong>διακονία</strong></span> <span class='ocrx_word' id='word_1_127' title='bbox 541 1525 642 1595; x_wconf 86' lang='grc' dir='ltr'>τῆς</span> <span class='ocrx_word' id='word_1_128' title='bbox 682 1524 1031 1594; x_wconf 82' lang='grc' dir='ltr'>δικαιοσύνης</span> <span class='ocrx_word' id='word_1_129' title='bbox 1078 1525 1136 1576; x_wconf 80' lang='grc' dir='ltr'><strong>ὲν</strong></span> <span class='ocrx_word' id='word_1_130' title='bbox 1176 1521 1322 1594; x_wconf 78' lang='grc' dir='ltr'>δόξῃ.</span> <span class='ocrx_word' id='word_1_131' title='bbox 1376 1520 1486 1574; x_wconf 76' lang='grc' dir='ltr'><strong>Καὶ</strong></span> <span class='ocrx_word' id='word_1_132' title='bbox 1515 1520 1624 1591; x_wconf 87' lang='grc' dir='ltr'>γὰρ</span> <span class='ocrx_word' id='word_1_133' title='bbox 1653 1519 1712 1573; x_wconf 82' lang='grc' dir='ltr'><strong>ού</strong></span> <span class='ocrx_word' id='word_1_134' title='bbox 1759 1517 1847 1572; x_wconf 87' lang='grc' dir='ltr'>δε-</span> 
     </span>
    </p>
   </div>
   <div class='ocr_carea' id='block_1_18' title="bbox 269 1612 1847 1688">
    <p class='ocr_par' dir='ltr' id='par_1_18' title="bbox 269 1612 1847 1688">
     <span class='ocr_line' id='line_1_18' title="bbox 269 1612 1847 1688; baseline -0.006 -15"><span class='ocrx_word' id='word_1_135' title='bbox 269 1620 524 1685; x_wconf 83' lang='grc' dir='ltr'>δόξασται</span> <span class='ocrx_word' id='word_1_136' title='bbox 577 1618 638 1671; x_wconf 82' lang='grc' dir='ltr'><strong>τὸ</strong></span> <span class='ocrx_word' id='word_1_137' title='bbox 669 1615 1061 1688; x_wconf 80' lang='grc' dir='ltr'>δεδοξασμένον</span> <span class='ocrx_word' id='word_1_138' title='bbox 1095 1618 1152 1669; x_wconf 84' lang='grc' dir='ltr'>ὲν</span> <span class='ocrx_word' id='word_1_139' title='bbox 1183 1615 1358 1687; x_wconf 80' lang='grc' dir='ltr'>τούτῳ</span> <span class='ocrx_word' id='word_1_140' title='bbox 1386 1613 1464 1684; x_wconf 82' lang='grc' dir='ltr'>τῷ</span> <span class='ocrx_word' id='word_1_141' title='bbox 1502 1613 1681 1685; x_wconf 80' lang='grc' dir='ltr'>μέρει,</span> <span class='ocrx_word' id='word_1_142' title='bbox 1729 1612 1847 1666; x_wconf 69' lang='lat' dir='ltr'><strong>Eve-</strong></span> 
     </span>
    </p>
   </div>
   <div class='ocr_carea' id='block_1_19' title="bbox 268 1701 1848 1782">
    <p class='ocr_par' dir='ltr' id='par_1_19' title="bbox 268 1701 1848 1782">
     <span class='ocr_line' id='line_1_19' title="bbox 268 1701 1848 1782; baseline -0.006 -17"><span class='ocrx_word' id='word_1_143' title='bbox 268 1729 369 1764; x_wconf 81' lang='grc' dir='ltr'><strong>κεν</strong></span> <span class='ocrx_word' id='word_1_144' title='bbox 396 1712 491 1782; x_wconf 81' lang='grc' dir='ltr'>τῆς</span> <span class='ocrx_word' id='word_1_145' title='bbox 516 1707 964 1777; x_wconf 77' lang='grc' dir='ltr'>ὑπερϐαλλούσης</span> <span class='ocrx_word' id='word_1_146' title='bbox 989 1707 1170 1778; x_wconf 78' lang='grc' dir='ltr'>δόξης.</span> <span class='ocrx_word' id='word_1_147' title='bbox 1199 1708 1262 1760; x_wconf 83' lang='grc' dir='ltr'><strong>Εἰ</strong></span> <span class='ocrx_word' id='word_1_148' title='bbox 1296 1707 1404 1777; x_wconf 80' lang='grc' dir='ltr'>γὰρ</span> <span class='ocrx_word' id='word_1_149' title='bbox 1444 1706 1507 1758; x_wconf 66' lang='grc' dir='ltr'><strong>τὶ)</strong></span> <span class='ocrx_word' id='word_1_150' title='bbox 1537 1701 1848 1773; x_wconf 86' lang='grc' dir='ltr'>καταργού-</span> 
     </span>
    </p>
   </div>
   <div class='ocr_carea' id='block_1_20' title="bbox 1960 519 3528 594">
    <p class='ocr_par' dir='ltr' id='par_1_20' title="bbox 1960 519 3528 594">
     <span class='ocr_line' id='line_1_20' title="bbox 1960 519 3528 594; baseline 0.011 -23"><span class='ocrx_word' id='word_1_151' title='bbox 1960 519 2072 572; x_wconf 90' lang='lat' dir='ltr'><strong>ulla</strong></span> <span class='ocrx_word' id='word_1_152' title='bbox 2106 519 2391 573; x_wconf 81' lang='lat' dir='ltr'><strong>hominum</strong></span> <span class='ocrx_word' id='word_1_153' title='bbox 2444 520 2713 574; x_wconf 89' lang='lat' dir='ltr'><strong>industria</strong></span> <span class='ocrx_word' id='word_1_154' title='bbox 2743 521 3094 580; x_wconf 78' lang='lat' dir='ltr'><strong>fabrefactam</strong></span> <span class='ocrx_word' id='word_1_155' title='bbox 3119 538 3398 594; x_wconf 87' lang='lat' dir='ltr'><strong>naturam,</strong></span> <span class='ocrx_word' id='word_1_156' title='bbox 3433 534 3528 588; x_wconf 87' lang='lat' dir='ltr'><strong>ubi</strong></span> 
     </span>
    </p>
   </div>
   <div class='ocr_carea' id='block_1_21' title="bbox 1959 609 3533 679">
    <p class='ocr_par' dir='ltr' id='par_1_21' title="bbox 1959 609 3533 679">
     <span class='ocr_line' id='line_1_21' title="bbox 1959 609 3533 679; baseline 0.011 -18"><span class='ocrx_word' id='word_1_157' title='bbox 1959 610 2140 675; x_wconf 85' lang='lat' dir='ltr'><strong>Pater,</strong></span> <span class='ocrx_word' id='word_1_158' title='bbox 2173 609 2348 664; x_wconf 90' lang='lat' dir='ltr'><strong>Filius</strong></span> <span class='ocrx_word' id='word_1_159' title='bbox 2381 618 2438 663; x_wconf 89' lang='lat' dir='ltr'><strong>et</strong></span> <span class='ocrx_word' id='word_1_160' title='bbox 2467 609 2732 679; x_wconf 79' lang='lat' dir='ltr'><strong>Spiritus,</strong></span> <span class='ocrx_word' id='word_1_161' title='bbox 2767 613 2929 667; x_wconf 89' lang='lat' dir='ltr'><strong>sicuti</strong></span> <span class='ocrx_word' id='word_1_162' title='bbox 2958 615 3218 674; x_wconf 81' lang='lat' dir='ltr'><strong>Romanis</strong></span> <span class='ocrx_word' id='word_1_163' title='bbox 3239 621 3533 678; x_wconf 87' lang='lat' dir='ltr'><strong>dicitPau-</strong></span> 
     </span>
    </p>
   </div>
   <div class='ocr_carea' id='block_1_22' title="bbox 1962 700 3532 774">
    <p class='ocr_par' dir='ltr' id='par_1_22' title="bbox 1962 700 3532 774">
     <span class='ocr_line' id='line_1_22' title="bbox 1962 700 3532 774; baseline 0.012 -22"><span class='ocrx_word' id='word_1_164' title='bbox 1962 700 2049 753; x_wconf 92' lang='lat' dir='ltr'><strong>lus</strong></span> <span class='ocrx_word' id='word_1_165' title='bbox 2075 715 2174 769; x_wconf 92' lang='lat' dir='ltr'><strong>per</strong></span> <span class='ocrx_word' id='word_1_166' title='bbox 2218 701 2506 769; x_wconf 73' lang='lat' dir='ltr'><strong>epistolam</strong></span> <span class='ocrx_word' id='word_1_167' title='bbox 2533 719 2547 754; x_wconf 92' lang='lat'><strong>:</strong></span> <span class='ocrx_word' id='word_1_168' title='bbox 2583 722 2600 753; x_wconf 88' lang='grc' dir='ltr'><strong>ι</strong></span> <span class='ocrx_word' id='word_1_169' title='bbox 2629 702 2870 757; x_wconf 85' lang='lat' dir='ltr'><strong>Obsecro</strong></span> <span class='ocrx_word' id='word_1_170' title='bbox 2902 719 2999 759; x_wconf 85' lang='lat' dir='ltr'><strong>vos</strong></span> <span class='ocrx_word' id='word_1_171' title='bbox 3028 723 3125 774; x_wconf 90' lang='lat' dir='ltr'><strong>per</strong></span> <span class='ocrx_word' id='word_1_172' title='bbox 3155 712 3532 772; x_wconf 71' lang='lat' dir='ltr'><strong>miserationes</strong></span> 
     </span>
    </p>
   </div>
   <div class='ocr_carea' id='block_1_23' title="bbox 1958 790 3534 862">
    <p class='ocr_par' dir='ltr' id='par_1_23' title="bbox 1958 790 3534 862">
     <span class='ocr_line' id='line_1_23' title="bbox 1958 790 3534 862; baseline 0.01 -18"><span class='ocrx_word' id='word_1_173' title='bbox 1958 790 2079 853; x_wconf 89' lang='lat' dir='ltr'><strong>Dei,</strong></span> <span class='ocrx_word' id='word_1_174' title='bbox 2135 799 2198 844; x_wconf 91' lang='lat' dir='ltr'><strong>ut</strong></span> <span class='ocrx_word' id='word_1_175' title='bbox 2239 792 2550 846; x_wconf 85' lang='lat' dir='ltr'><strong>exhibeatis</strong></span> <span class='ocrx_word' id='word_1_176' title='bbox 2578 808 2808 862; x_wconf 87' lang='lat' dir='ltr'><strong>corpora</strong></span> <span class='ocrx_word' id='word_1_177' title='bbox 2839 804 3020 850; x_wconf 83' lang='lat' dir='ltr'><strong>vestra</strong></span> <span class='ocrx_word' id='word_1_178' title='bbox 3059 797 3294 854; x_wconf 89' lang='lat' dir='ltr'><strong>hostiam</strong></span> <span class='ocrx_word' id='word_1_179' title='bbox 3340 805 3534 858; x_wconf 86' lang='lat' dir='ltr'><strong>viven-</strong></span> 
     </span>
    </p>
   </div>
   <div class='ocr_carea' id='block_1_24' title="bbox 1959 880 3535 961">
    <p class='ocr_par' dir='ltr' id='par_1_24' title="bbox 1959 880 3535 961">
     <span class='ocr_line' id='line_1_24' title="bbox 1959 880 3535 961; baseline 0.008 -25"><span class='ocrx_word' id='word_1_180' title='bbox 1959 890 2092 944; x_wconf 86' lang='lat' dir='ltr'><strong>tem,</strong></span> <span class='ocrx_word' id='word_1_181' title='bbox 2124 880 2336 952; x_wconf 56' lang='lat'><strong>1235</strong></span> <span class='ocrx_word' id='word_1_182' title='bbox 2377 891 2619 936; x_wconf 87' lang='lat' dir='ltr'><strong>sanctam</strong></span> <span class='ocrx_word' id='word_1_183' title='bbox 2647 923 2662 949; x_wconf 95' lang='lat'><strong>,</strong></span> <span class='ocrx_word' id='word_1_184' title='bbox 2693 884 3147 961; x_wconf 78' lang='lat' dir='ltr'><strong>beneplacentem</strong></span> <span class='ocrx_word' id='word_1_185' title='bbox 3199 890 3330 953; x_wconf 90' lang='lat' dir='ltr'><strong>Deo,</strong></span> <span class='ocrx_word' id='word_1_186' title='bbox 3369 895 3535 950; x_wconf 89' lang='lat' dir='ltr'><strong>ratio-</strong></span> 
     </span>
    </p>
   </div>
   <div class='ocr_carea' id='block_1_25' title="bbox 1956 971 3532 1041">
    <p class='ocr_par' dir='ltr' id='par_1_25' title="bbox 1956 971 3532 1041">
     <span class='ocr_line' id='line_1_25' title="bbox 1956 971 3532 1041; baseline 0.01 -17"><span class='ocrx_word' id='word_1_187' title='bbox 1956 971 2142 1024; x_wconf 88' lang='lat' dir='ltr'><strong>nabile</strong></span> <span class='ocrx_word' id='word_1_188' title='bbox 2193 971 2517 1041; x_wconf 87' lang='lat' dir='ltr'><strong>obsequium</strong></span> <span class='ocrx_word' id='word_1_189' title='bbox 2562 981 2830 1040; x_wconf 88' lang='lat' dir='ltr'><strong>vestrum,</strong></span> <span class='ocrx_word' id='word_1_190' title='bbox 2883 984 2939 1030; x_wconf 92' lang='lat' dir='ltr'><strong>et</strong></span> <span class='ocrx_word' id='word_1_191' title='bbox 2988 977 3162 1032; x_wconf 88' lang='lat' dir='ltr'><strong>nolite</strong></span> <span class='ocrx_word' id='word_1_192' title='bbox 3199 980 3532 1038; x_wconf 67' lang='lat' dir='ltr'><strong>conformari</strong></span> 
     </span>
    </p>
   </div>
   <div class='ocr_carea' id='block_1_26' title="bbox 1959 1061 3537 1131">
    <p class='ocr_par' dir='ltr' id='par_1_26' title="bbox 1959 1061 3537 1131">
     <span class='ocr_line' id='line_1_26' title="bbox 1959 1061 3537 1131; baseline 0.01 -16"><span class='ocrx_word' id='word_1_193' title='bbox 1959 1061 2092 1116; x_wconf 90' lang='lat' dir='ltr'><strong>huic</strong></span> <span class='ocrx_word' id='word_1_194' title='bbox 2117 1063 2337 1128; x_wconf 69' lang='lat' dir='ltr'><strong>saeculo,</strong></span> <span class='ocrx_word' id='word_1_195' title='bbox 2371 1065 2465 1118; x_wconf 90' lang='lat' dir='ltr'><strong>sed</strong></span> <span class='ocrx_word' id='word_1_196' title='bbox 2485 1065 2949 1121; x_wconf 78' lang='lat' dir='ltr'><strong>transformamini</strong></span> <span class='ocrx_word' id='word_1_197' title='bbox 2981 1069 3036 1122; x_wconf 92' lang='lat' dir='ltr'><strong>in</strong></span> <span class='ocrx_word' id='word_1_198' title='bbox 3065 1070 3308 1126; x_wconf 82' lang='lat' dir='ltr'><strong>novitate</strong></span> <span class='ocrx_word' id='word_1_199' title='bbox 3341 1089 3537 1131; x_wconf 87' lang='lat' dir='ltr'><strong>sensus</strong></span> 
     </span>
    </p>
   </div>
   <div class='ocr_carea' id='block_1_27' title="bbox 1958 1154 3536 1226">
    <p class='ocr_par' dir='ltr' id='par_1_27' title="bbox 1958 1154 3536 1226">
     <span class='ocr_line' id='line_1_27' title="bbox 1958 1154 3536 1226; baseline 0.008 -19"><span class='ocrx_word' id='word_1_200' title='bbox 1958 1154 2147 1218; x_wconf 89' lang='lat' dir='ltr'><strong>vestri,</strong></span> <span class='ocrx_word' id='word_1_201' title='bbox 2183 1162 2244 1208; x_wconf 87' lang='lat' dir='ltr'><strong>ut</strong></span> <span class='ocrx_word' id='word_1_202' title='bbox 2289 1156 2533 1224; x_wconf 77' lang='lat' dir='ltr'><strong>probetis</strong></span> <span class='ocrx_word' id='word_1_203' title='bbox 2581 1170 2678 1210; x_wconf 88' lang='lat' dir='ltr'><strong>vos</strong></span> <span class='ocrx_word' id='word_1_204' title='bbox 2707 1171 2828 1226; x_wconf 65' lang='lat' dir='ltr'><strong>qua:</strong></span> <span class='ocrx_word' id='word_1_205' title='bbox 2879 1159 2950 1212; x_wconf 89' lang='lat' dir='ltr'><strong>sit</strong></span> <span class='ocrx_word' id='word_1_206' title='bbox 2978 1161 3231 1216; x_wconf 83' lang='lat' dir='ltr'><strong>voluntas</strong></span> <span class='ocrx_word' id='word_1_207' title='bbox 3263 1163 3359 1217; x_wconf 90' lang='lat' dir='ltr'><strong>Dei</strong></span> <span class='ocrx_word' id='word_1_208' title='bbox 3392 1165 3536 1220; x_wconf 85' lang='lat' dir='ltr'><strong>bona</strong></span> 
     </span>
    </p>
   </div>
   <div class='ocr_carea' id='block_1_28' title="bbox 1957 1245 3537 1317">
    <p class='ocr_par' dir='ltr' id='par_1_28' title="bbox 1957 1245 3537 1317">
     <span class='ocr_line' id='line_1_28' title="bbox 1957 1245 3537 1317; baseline 0.008 -17"><span class='ocrx_word' id='word_1_209' title='bbox 1957 1255 2013 1301; x_wconf 90' lang='lat' dir='ltr'><strong>et</strong></span> <span class='ocrx_word' id='word_1_210' title='bbox 2045 1245 2412 1316; x_wconf 88' lang='lat' dir='ltr'><strong>bencplacens</strong></span> <span class='ocrx_word' id='word_1_211' title='bbox 2440 1256 2495 1302; x_wconf 89' lang='lat' dir='ltr'><strong>et</strong></span> <span class='ocrx_word' id='word_1_212' title='bbox 2536 1248 2781 1317; x_wconf 76' lang='lat' dir='ltr'><strong>perfecta</strong></span> <span class='ocrx_word' id='word_1_213' title='bbox 2814 1249 2880 1302; x_wconf 73' lang='lat'><strong>“.</strong></span> <span class='ocrx_word' id='word_1_214' title='bbox 2920 1269 2939 1301; x_wconf 74' lang='grc' dir='ltr'><strong>ι</strong></span> <span class='ocrx_word' id='word_1_215' title='bbox 2987 1250 3226 1306; x_wconf 83' lang='lat' dir='ltr'><strong>Rursum</strong></span> <span class='ocrx_word' id='word_1_216' title='bbox 3256 1271 3268 1306; x_wconf 93' lang='lat'><strong>:</strong></span> <span class='ocrx_word' id='word_1_217' title='bbox 3310 1273 3329 1306; x_wconf 79' lang='grc' dir='ltr'><strong>ι</strong></span> <span class='ocrx_word' id='word_1_218' title='bbox 3364 1255 3537 1313; x_wconf 88' lang='lat' dir='ltr'><strong>Nobis</strong></span> 
     </span>
    </p>
   </div>
   <div class='ocr_carea' id='block_1_29' title="bbox 1959 1338 3536 1414">
    <p class='ocr_par' dir='ltr' id='par_1_29' title="bbox 1959 1338 3536 1414">
     <span class='ocr_line' id='line_1_29' title="bbox 1959 1338 3536 1414; baseline 0.006 -22"><span class='ocrx_word' id='word_1_219' title='bbox 1959 1338 2108 1392; x_wconf 87' lang='lat' dir='ltr'><strong>enim</strong></span> <span class='ocrx_word' id='word_1_220' title='bbox 2141 1339 2406 1393; x_wconf 89' lang='lat' dir='ltr'><strong>revelavit</strong></span> <span class='ocrx_word' id='word_1_221' title='bbox 2433 1339 2579 1394; x_wconf 89' lang='lat' dir='ltr'><strong>Deus</strong></span> <span class='ocrx_word' id='word_1_222' title='bbox 2614 1356 2714 1410; x_wconf 89' lang='lat' dir='ltr'><strong>per</strong></span> <span class='ocrx_word' id='word_1_223' title='bbox 2745 1340 3008 1410; x_wconf 88' lang='lat' dir='ltr'><strong>Spiritum</strong></span> <span class='ocrx_word' id='word_1_224' title='bbox 3041 1357 3201 1396; x_wconf 92' lang='lat' dir='ltr'><strong>suum</strong></span> <span class='ocrx_word' id='word_1_225' title='bbox 3238 1361 3251 1397; x_wconf 92' lang='lat'>:</span> <span class='ocrx_word' id='word_1_226' title='bbox 3294 1341 3536 1414; x_wconf 89' lang='lat' dir='ltr'><strong>Spiritus</strong></span> 
     </span>
    </p>
   </div>
   <div class='ocr_carea' id='block_1_30' title="bbox 1957 1431 3534 1508">
    <p class='ocr_par' dir='ltr' id='par_1_30' title="bbox 1957 1431 3534 1508">
     <span class='ocr_line' id='line_1_30' title="bbox 1957 1431 3534 1508; baseline 0.006 -24"><span class='ocrx_word' id='word_1_227' title='bbox 1957 1431 2108 1485; x_wconf 83' lang='lat' dir='ltr'><strong>enim</strong></span> <span class='ocrx_word' id='word_1_228' title='bbox 2141 1432 2322 1486; x_wconf 84' lang='lat' dir='ltr'><strong>omnia</strong></span> <span class='ocrx_word' id='word_1_229' title='bbox 2375 1441 2676 1496; x_wconf 89' lang='lat' dir='ltr'><strong>scrutatur,</strong></span> <span class='ocrx_word' id='word_1_230' title='bbox 2719 1433 2885 1487; x_wconf 91' lang='lat' dir='ltr'><strong>etiam</strong></span> <span class='ocrx_word' id='word_1_231' title='bbox 2931 1434 3201 1502; x_wconf 81' lang='lat' dir='ltr'><strong>profunda</strong></span> <span class='ocrx_word' id='word_1_232' title='bbox 3233 1437 3328 1491; x_wconf 88' lang='lat' dir='ltr'><strong>Dei</strong></span> <span class='ocrx_word' id='word_1_233' title='bbox 3363 1455 3377 1491; x_wconf 89' lang='lat'><strong>:</strong></span> <span class='ocrx_word' id='word_1_234' title='bbox 3409 1439 3534 1508; x_wconf 89' lang='lat' dir='ltr'><strong>quis</strong></span> 
     </span>
    </p>
   </div>
   <div class='ocr_carea' id='block_1_31' title="bbox 1954 1524 3535 1600">
    <p class='ocr_par' dir='ltr' id='par_1_31' title="bbox 1954 1524 3535 1600">
     <span class='ocr_line' id='line_1_31' title="bbox 1954 1524 3535 1600; baseline 0.004 -21"><span class='ocrx_word' id='word_1_235' title='bbox 1954 1525 2105 1579; x_wconf 89' lang='lat' dir='ltr'><strong>enim</strong></span> <span class='ocrx_word' id='word_1_236' title='bbox 2135 1525 2288 1580; x_wconf 90' lang='lat' dir='ltr'><strong>novit</strong></span> <span class='ocrx_word' id='word_1_237' title='bbox 2316 1524 2627 1588; x_wconf 88' lang='lat' dir='ltr'><strong>hominum,</strong></span> <span class='ocrx_word' id='word_1_238' title='bbox 2651 1541 2774 1594; x_wconf 63' lang='lat' dir='ltr'><strong>quae</strong></span> <span class='ocrx_word' id='word_1_239' title='bbox 2813 1535 2943 1580; x_wconf 85' lang='lat' dir='ltr'><strong>sunt</strong></span> <span class='ocrx_word' id='word_1_240' title='bbox 2972 1526 3236 1589; x_wconf 87' lang='lat' dir='ltr'><strong>hominis,</strong></span> <span class='ocrx_word' id='word_1_241' title='bbox 3269 1529 3376 1584; x_wconf 86' lang='lat' dir='ltr'><strong>nisi</strong></span> <span class='ocrx_word' id='word_1_242' title='bbox 3423 1532 3535 1600; x_wconf 76' lang='lat' dir='ltr'><strong>spi-</strong></span> 
     </span>
    </p>
   </div>
   <div class='ocr_carea' id='block_1_32' title="bbox 1956 1617 3535 1687">
    <p class='ocr_par' dir='ltr' id='par_1_32' title="bbox 1956 1617 3535 1687">
     <span class='ocr_line' id='line_1_32' title="bbox 1956 1617 3535 1687; baseline 0.003 -15"><span class='ocrx_word' id='word_1_243' title='bbox 1956 1618 2121 1684; x_wconf 91' lang='lat' dir='ltr'><strong>ritus,</strong></span> <span class='ocrx_word' id='word_1_244' title='bbox 2167 1617 2378 1686; x_wconf 89' lang='lat' dir='ltr'><strong>quiest</strong></span> <span class='ocrx_word' id='word_1_245' title='bbox 2413 1617 2467 1670; x_wconf 93' lang='lat' dir='ltr'><strong>in</strong></span> <span class='ocrx_word' id='word_1_246' title='bbox 2509 1618 2620 1670; x_wconf 87' lang='lat' dir='ltr'><strong>eo?</strong></span> <span class='ocrx_word' id='word_1_247' title='bbox 2666 1617 2746 1671; x_wconf 87' lang='lat' dir='ltr'><strong>sic</strong></span> <span class='ocrx_word' id='word_1_248' title='bbox 2786 1625 2842 1671; x_wconf 92' lang='lat' dir='ltr'><strong>et</strong></span> <span class='ocrx_word' id='word_1_249' title='bbox 2883 1634 3004 1687; x_wconf 63' lang='lat' dir='ltr'><strong>quae</strong></span> <span class='ocrx_word' id='word_1_250' title='bbox 3033 1629 3162 1673; x_wconf 89' lang='lat' dir='ltr'><strong>sunt</strong></span> <span class='ocrx_word' id='word_1_251' title='bbox 3194 1620 3326 1686; x_wconf 88' lang='lat' dir='ltr'><strong>Dei,</strong></span> <span class='ocrx_word' id='word_1_252' title='bbox 3370 1638 3535 1678; x_wconf 88' lang='lat' dir='ltr'><strong>nemo</strong></span> 
     </span>
    </p>
   </div>
   <div class='ocr_carea' id='block_1_33' title="bbox 1958 1709 3530 1778">
    <p class='ocr_par' dir='ltr' id='par_1_33' title="bbox 1958 1709 3530 1778">
     <span class='ocr_line' id='line_1_33' title="bbox 1958 1709 3530 1778; baseline 0.002 -14"><span class='ocrx_word' id='word_1_253' title='bbox 1958 1711 2130 1775; x_wconf 89' lang='lat' dir='ltr'><strong>novit,</strong></span> <span class='ocrx_word' id='word_1_254' title='bbox 2178 1709 2286 1764; x_wconf 83' lang='lat' dir='ltr'><strong>nisi</strong></span> <span class='ocrx_word' id='word_1_255' title='bbox 2332 1709 2572 1778; x_wconf 87' lang='lat' dir='ltr'><strong>Spiritus</strong></span> <span class='ocrx_word' id='word_1_256' title='bbox 2601 1709 2694 1778; x_wconf 90' lang='lat' dir='ltr'><strong>qui</strong></span> <span class='ocrx_word' id='word_1_257' title='bbox 2731 1718 2815 1764; x_wconf 89' lang='lat' dir='ltr'><strong>est</strong></span> <span class='ocrx_word' id='word_1_258' title='bbox 2862 1709 2917 1762; x_wconf 91' lang='lat' dir='ltr'><strong>in</strong></span> <span class='ocrx_word' id='word_1_259' title='bbox 2947 1710 3058 1764; x_wconf 90' lang='lat' dir='ltr'><strong>Deo</strong></span> <span class='ocrx_word' id='word_1_260' title='bbox 3099 1711 3164 1763; x_wconf 72' lang='grc'><strong>⁸³.</strong></span> <span class='ocrx_word' id='word_1_261' title='bbox 3213 1730 3231 1762; x_wconf 76' lang='grc' dir='ltr'><strong>ι</strong></span> <span class='ocrx_word' id='word_1_262' title='bbox 3270 1712 3484 1768; x_wconf 88' lang='lat' dir='ltr'><strong>Inducit</strong></span> <span class='ocrx_word' id='word_1_263' title='bbox 3517 1732 3530 1767; x_wconf 93' lang='lat'>:</span> 
     </span>
    </p>
   </div>
   <div class='ocr_carea' id='block_1_34' title="bbox 268 1796 1847 1873">
    <p class='ocr_par' dir='ltr' id='par_1_34' title="bbox 268 1796 1844 1873">
     <span class='ocr_line' id='line_1_34' title="bbox 268 1796 1844 1873; baseline -0.006 -17"><span class='ocrx_word' id='word_1_264' title='bbox 268 1820 434 1873; x_wconf 84' lang='grc' dir='ltr'>μενον</span> <span class='ocrx_word' id='word_1_265' title='bbox 469 1801 558 1855; x_wconf 75' lang='grc' dir='ltr'>διὰ</span> <span class='ocrx_word' id='word_1_266' title='bbox 586 1800 763 1872; x_wconf 80' lang='grc' dir='ltr'>δόξης,</span> <span class='ocrx_word' id='word_1_267' title='bbox 804 1799 985 1871; x_wconf 83' lang='grc' dir='ltr'>πολλῷ</span> <span class='ocrx_word' id='word_1_268' title='bbox 1034 1799 1234 1870; x_wconf 82' lang='grc' dir='ltr'>μᾶλλον</span> <span class='ocrx_word' id='word_1_269' title='bbox 1262 1799 1325 1852; x_wconf 76' lang='grc' dir='ltr'><strong>τὸ</strong></span> <span class='ocrx_word' id='word_1_270' title='bbox 1359 1798 1522 1868; x_wconf 87' lang='grc' dir='ltr'>μένον</span> <span class='ocrx_word' id='word_1_271' title='bbox 1553 1799 1609 1850; x_wconf 80' lang='grc' dir='ltr'><strong>ὲν</strong></span> <span class='ocrx_word' id='word_1_272' title='bbox 1638 1796 1785 1869; x_wconf 83' lang='grc' dir='ltr'>δόξῃ.</span> <span class='ocrx_word' id='word_1_273' title='bbox 1825 1815 1844 1846; x_wconf 74' lang='grc' dir='ltr'><strong>ι</strong></span> 
     </span>
    </p>
   </div>
   <div class='ocr_carea' id='block_1_35' title="bbox 1954 1796 3535 1873">
    <p class='ocr_par' dir='ltr' id='par_1_35' title="bbox 1961 1800 3535 1872">
     <span class='ocr_line' id='line_1_35' title="bbox 1961 1800 3535 1872; baseline 0.002 -17"><span class='ocrx_word' id='word_1_274' title='bbox 1961 1822 1979 1855; x_wconf 84' lang='grc' dir='ltr'><strong>ι</strong></span> <span class='ocrx_word' id='word_1_275' title='bbox 2020 1803 2132 1857; x_wconf 83' lang='lat' dir='ltr'><strong>Nos</strong></span> <span class='ocrx_word' id='word_1_276' title='bbox 2173 1809 2360 1856; x_wconf 90' lang='lat' dir='ltr'><strong>autem</strong></span> <span class='ocrx_word' id='word_1_277' title='bbox 2403 1816 2513 1854; x_wconf 90' lang='lat' dir='ltr'><strong>non</strong></span> <span class='ocrx_word' id='word_1_278' title='bbox 2552 1800 2806 1870; x_wconf 87' lang='lat' dir='ltr'><strong>spiritum</strong></span> <span class='ocrx_word' id='word_1_279' title='bbox 2834 1800 3027 1854; x_wconf 87' lang='lat' dir='ltr'><strong>mundi</strong></span> <span class='ocrx_word' id='word_1_280' title='bbox 3069 1801 3404 1872; x_wconf 87' lang='lat' dir='ltr'><strong>accepimus,</strong></span> <span class='ocrx_word' id='word_1_281' title='bbox 3437 1804 3535 1858; x_wconf 86' lang='lat' dir='ltr'><strong>sed</strong></span> 
     </span>
    </p>
   </div>
   <div class='ocr_carea' id='block_1_36' title="bbox 267 1885 1847 1958">
    <p class='ocr_par' dir='ltr' id='par_1_36' title="bbox 267 1885 1847 1958">
     <span class='ocr_line' id='line_1_36' title="bbox 267 1885 1847 1958; baseline -0.003 -14"><span class='ocrx_word' id='word_1_282' title='bbox 267 1892 384 1944; x_wconf 78' lang='grc' dir='ltr'>Καὶ</span> <span class='ocrx_word' id='word_1_283' title='bbox 415 1891 588 1954; x_wconf 78' lang='grc' dir='ltr'>ἄλλως</span> <span class='ocrx_word' id='word_1_284' title='bbox 611 1905 626 1920; x_wconf 76' lang='grc' dir='ltr'><strong>ο</strong></span> <span class='ocrx_word' id='word_1_285' title='bbox 664 1909 682 1942; x_wconf 82' lang='grc' dir='ltr'><strong>ι</strong></span> <span class='ocrx_word' id='word_1_286' title='bbox 723 1889 957 1942; x_wconf 88' lang='grc' dir='ltr'>Δικαίων</span> <span class='ocrx_word' id='word_1_287' title='bbox 987 1887 1159 1958; x_wconf 70' lang='grc' dir='ltr'>ψυχαὶ</span> <span class='ocrx_word' id='word_1_288' title='bbox 1191 1889 1251 1941; x_wconf 84' lang='grc' dir='ltr'><strong>ὲν</strong></span> <span class='ocrx_word' id='word_1_289' title='bbox 1278 1889 1426 1958; x_wconf 72' lang='grc' dir='ltr'>χειρὶ</span> <span class='ocrx_word' id='word_1_290' title='bbox 1453 1887 1588 1939; x_wconf 88' lang='grc' dir='ltr'>Θεοῦ</span> <span class='ocrx_word' id='word_1_291' title='bbox 1615 1902 1631 1920; x_wconf 73' lang='grc' dir='ltr'><strong>ο</strong></span> <span class='ocrx_word' id='word_1_292' title='bbox 1663 1888 1759 1941; x_wconf 72' lang='grc' dir='ltr'><strong>καὶ</strong></span> <span class='ocrx_word' id='word_1_293' title='bbox 1785 1885 1847 1939; x_wconf 83' lang='grc' dir='ltr'><strong>οὐ</strong></span> 
     </span>
    </p>
   </div>
   <div class='ocr_carea' id='block_1_37' title="bbox 265 1979 1844 2053">
    <p class='ocr_par' dir='ltr' id='par_1_37' title="bbox 265 1979 1844 2053">
     <span class='ocr_line' id='line_1_37' title="bbox 265 1979 1844 2053; baseline 0.014 -2"><span class='ocrx_word' id='word_1_294' title='bbox 265 1983 350 2053; x_wconf 72' lang='grc' dir='ltr'>μὴ</span> <span class='ocrx_word' id='word_1_295' title='bbox 376 1981 576 2052; x_wconf 61' lang='grc' dir='ltr'><strong>ὅοιίνιτὶτοιι</strong></span> <span class='ocrx_word' id='word_1_296' title='bbox 614 1979 793 2035; x_wconf 69' lang='grc' dir='ltr'>αὐτῶν</span> <span class='ocrx_word' id='word_1_297' title='bbox 824 1979 1055 2050; x_wconf 76' lang='grc' dir='ltr'>βάσανος</span> <span class='ocrx_word' id='word_1_298' title='bbox 1082 1998 1097 2012; x_wconf 89' lang='grc'>⁹</span> <span class='ocrx_word' id='word_1_299' title='bbox 1127 1980 1180 2033; x_wconf 59' lang='grc' dir='ltr'>οἱ</span> <span class='ocrx_word' id='word_1_300' title='bbox 1217 1980 1274 2033; x_wconf 71' lang='grc' dir='ltr'><strong>δὲ</strong></span> <span class='ocrx_word' id='word_1_301' title='bbox 1304 1979 1444 2032; x_wconf 59' lang='grc' dir='ltr'>είδὶν</span> <span class='ocrx_word' id='word_1_302' title='bbox 1477 1980 1537 2032; x_wconf 66' lang='grc' dir='ltr'><strong>ὲν</strong></span> <span class='ocrx_word' id='word_1_303' title='bbox 1571 1979 1785 2051; x_wconf 64' lang='grc' dir='ltr'><strong>ειρήνῃ“</strong></span> <span class='ocrx_word' id='word_1_304' title='bbox 1823 1996 1844 2031; x_wconf 61' lang='grc'><em>³</em></span> 
     </span>
    </p>
   </div>
   <div class='ocr_carea' id='block_1_38' title="bbox 261 2066 1848 2141">
    <p class='ocr_par' dir='ltr' id='par_1_38' title="bbox 261 2066 1848 2141">
     <span class='ocr_line' id='line_1_38' title="bbox 261 2066 1848 2141; baseline -0.003 -15"><span class='ocrx_word' id='word_1_305' title='bbox 261 2073 401 2136; x_wconf 70' lang='grc' dir='ltr'>Καὶ,</span> <span class='ocrx_word' id='word_1_306' title='bbox 441 2091 458 2123; x_wconf 88' lang='grc' dir='ltr'><strong>ι</strong></span> <span class='ocrx_word' id='word_1_307' title='bbox 511 2071 572 2125; x_wconf 85' lang='grc'><strong>’11</strong></span> <span class='ocrx_word' id='word_1_308' title='bbox 619 2070 731 2141; x_wconf 82' lang='grc' dir='ltr'><strong>ζωὴ</strong></span> <span class='ocrx_word' id='word_1_309' title='bbox 776 2070 956 2124; x_wconf 79' lang='grc' dir='ltr'>αὐτῶν</span> <span class='ocrx_word' id='word_1_310' title='bbox 1015 2069 1316 2132; x_wconf 84' lang='grc' dir='ltr'>ἀθανασίας</span> <span class='ocrx_word' id='word_1_311' title='bbox 1367 2067 1603 2139; x_wconf 79' lang='grc' dir='ltr'><strong>πλήρης.</strong></span> <span class='ocrx_word' id='word_1_312' title='bbox 1661 2066 1848 2136; x_wconf 85' lang='grc' dir='ltr'>Ὀλίγα</span> 
     </span>
    </p>
   </div>
   <div class='ocr_carea' id='block_1_39' title="bbox 258 2158 1849 2232">
    <p class='ocr_par' dir='ltr' id='par_1_39' title="bbox 258 2158 1849 2232">
     <span class='ocr_line' id='line_1_39' title="bbox 258 2158 1849 2232; baseline -0.003 -18"><span class='ocrx_word' id='word_1_313' title='bbox 258 2161 377 2232; x_wconf 87' lang='grc' dir='ltr'>γὰρ</span> <span class='ocrx_word' id='word_1_314' title='bbox 419 2161 817 2224; x_wconf 78' lang='grc' dir='ltr'>παιδευθέντες,</span> <span class='ocrx_word' id='word_1_315' title='bbox 852 2160 1104 2229; x_wconf 83' lang='grc' dir='ltr'>μεγάλως</span> <span class='ocrx_word' id='word_1_316' title='bbox 1131 2158 1677 2229; x_wconf 85' lang='grc' dir='ltr'>εὐεργετηθήσονται,</span> <span class='ocrx_word' id='word_1_317' title='bbox 1712 2160 1793 2210; x_wconf 81' lang='grc' dir='ltr'><strong>ὅτι</strong></span> <span class='ocrx_word' id='word_1_318' title='bbox 1821 2159 1849 2210; x_wconf 90' lang='grc' dir='ltr'>ὁ</span> 
     </span>
    </p>
   </div>
   <div class='ocr_carea' id='block_1_40' title="bbox 215 2244 1844 2322">
    <p class='ocr_par' dir='ltr' id='par_1_40' title="bbox 215 2244 1844 2322">
     <span class='ocr_line' id='line_1_40' title="bbox 215 2244 1844 2322; baseline -0.002 -16"><span class='ocrx_word' id='word_1_319' title='bbox 215 2297 220 2299; x_wconf 52' lang='grc'><strong>»</strong></span> <span class='ocrx_word' id='word_1_320' title='bbox 257 2253 399 2315; x_wconf 84' lang='grc' dir='ltr'>Θεὸς</span> <span class='ocrx_word' id='word_1_321' title='bbox 431 2252 724 2321; x_wconf 81' lang='grc' dir='ltr'>ἐπείρασεν</span> <span class='ocrx_word' id='word_1_322' title='bbox 752 2251 968 2316; x_wconf 80' lang='grc' dir='ltr'>αὐτοὺς,</span> <span class='ocrx_word' id='word_1_323' title='bbox 993 2244 1152 2322; x_wconf 72' lang='grc' dir='ltr'>εὗρεν</span> <span class='ocrx_word' id='word_1_324' title='bbox 1182 2251 1379 2314; x_wconf 70' lang='grc' dir='ltr'>αὐτοὺς</span> <span class='ocrx_word' id='word_1_325' title='bbox 1412 2249 1594 2317; x_wconf 79' lang='grc' dir='ltr'>ἀξίους</span> <span class='ocrx_word' id='word_1_326' title='bbox 1627 2249 1844 2317; x_wconf 81' lang='grc' dir='ltr'>ἑαυτοῦ,</span> 
     </span>
    </p>
   </div>
   <div class='ocr_carea' id='block_1_41' title="bbox 259 2341 1848 2413">
    <p class='ocr_par' dir='ltr' id='par_1_41' title="bbox 259 2341 1848 2413">
     <span class='ocr_line' id='line_1_41' title="bbox 259 2341 1848 2413; baseline -0.001 -17"><span class='ocrx_word' id='word_1_327' title='bbox 259 2343 366 2396; x_wconf 72' lang='grc' dir='ltr'><strong>καὶ</strong></span> <span class='ocrx_word' id='word_1_328' title='bbox 393 2341 467 2404; x_wconf 87' lang='grc' dir='ltr'>ὡς</span> <span class='ocrx_word' id='word_1_329' title='bbox 495 2342 868 2412; x_wconf 84' lang='grc' dir='ltr'>ὁλοκάρπωμα</span> <span class='ocrx_word' id='word_1_330' title='bbox 899 2342 1090 2405; x_wconf 81' lang='grc' dir='ltr'>θυσίας</span> <span class='ocrx_word' id='word_1_331' title='bbox 1119 2341 1483 2413; x_wconf 79' lang='grc' dir='ltr'>προσεδέξατο</span> <span class='ocrx_word' id='word_1_332' title='bbox 1505 2341 1723 2404; x_wconf 78' lang='grc' dir='ltr'>αὐτοὺς,</span> <span class='ocrx_word' id='word_1_333' title='bbox 1752 2343 1848 2394; x_wconf 62' lang='grc' dir='ltr'><strong>καὶ⁵</strong></span> 
     </span>
    </p>
   </div>
   <div class='ocr_carea' id='block_1_42' title="bbox 257 2431 1847 2503">
    <p class='ocr_par' dir='ltr' id='par_1_42' title="bbox 257 2431 1847 2503">
     <span class='ocr_line' id='line_1_42' title="bbox 257 2431 1847 2503; baseline 0.001 -18"><span class='ocrx_word' id='word_1_334' title='bbox 257 2431 327 2486; x_wconf 70' lang='grc' dir='ltr'><strong>ἐν</strong></span> <span class='ocrx_word' id='word_1_335' title='bbox 363 2432 536 2503; x_wconf 83' lang='grc' dir='ltr'>καιρῷ</span> <span class='ocrx_word' id='word_1_336' title='bbox 571 2433 882 2502; x_wconf 79' lang='grc' dir='ltr'>ἐπισκοπῆς</span> <span class='ocrx_word' id='word_1_337' title='bbox 925 2433 1090 2487; x_wconf 81' lang='grc' dir='ltr'>αὐτοῦ</span> <span class='ocrx_word' id='word_1_338' title='bbox 1127 2432 1562 2502; x_wconf 66' lang='grc' dir='ltr'>ἀναλάμψουσιν.</span> <span class='ocrx_word' id='word_1_339' title='bbox 1603 2450 1622 2483; x_wconf 82' lang='grc' dir='ltr'><strong>ι</strong></span> <span class='ocrx_word' id='word_1_340' title='bbox 1663 2433 1774 2485; x_wconf 77' lang='grc' dir='ltr'><strong>Καὶ</strong></span> <span class='ocrx_word' id='word_1_341' title='bbox 1819 2433 1847 2486; x_wconf 85' lang='grc' dir='ltr'><strong>ό</strong></span> 
     </span>
    </p>
   </div>
   <div class='ocr_carea' id='block_1_43' title="bbox 254 2522 1847 2594">
    <p class='ocr_par' dir='ltr' id='par_1_43' title="bbox 254 2522 1847 2594">
     <span class='ocr_line' id='line_1_43' title="bbox 254 2522 1847 2594; baseline -0.003 -14"><span class='ocrx_word' id='word_1_342' title='bbox 254 2525 431 2580; x_wconf 83' lang='grc' dir='ltr'>Δαυΐδ</span> <span class='ocrx_word' id='word_1_343' title='bbox 452 2538 466 2554; x_wconf 83' lang='lat'><strong><em>°</em></strong></span> <span class='ocrx_word' id='word_1_344' title='bbox 512 2543 530 2576; x_wconf 84' lang='grc' dir='ltr'><strong>ι</strong></span> <span class='ocrx_word' id='word_1_345' title='bbox 565 2525 676 2593; x_wconf 83' lang='grc' dir='ltr'><strong>Τῆς</strong></span> <span class='ocrx_word' id='word_1_346' title='bbox 721 2525 961 2593; x_wconf 77' lang='grc' dir='ltr'>ἑσπέρας</span> <span class='ocrx_word' id='word_1_347' title='bbox 989 2523 1377 2592; x_wconf 86' lang='grc' dir='ltr'>αύλισθήσεται</span> <span class='ocrx_word' id='word_1_348' title='bbox 1410 2522 1705 2594; x_wconf 87' lang='grc' dir='ltr'>κλαυθμός.</span> <span class='ocrx_word' id='word_1_349' title='bbox 1737 2523 1847 2576; x_wconf 70' lang='grc' dir='ltr'>Καὶ</span> 
     </span>
    </p>
   </div>
   <div class='ocr_carea' id='block_1_44' title="bbox 257 2614 1846 2686">
    <p class='ocr_par' dir='ltr' id='par_1_44' title="bbox 257 2614 1846 2686">
     <span class='ocr_line' id='line_1_44' title="bbox 257 2614 1846 2686; baseline 0 -18"><span class='ocrx_word' id='word_1_350' title='bbox 257 2618 350 2679; x_wconf 83' lang='grc' dir='ltr'><strong>είς</strong></span> <span class='ocrx_word' id='word_1_351' title='bbox 381 2616 440 2668; x_wconf 80' lang='grc' dir='ltr'><strong>τὸ</strong></span> <span class='ocrx_word' id='word_1_352' title='bbox 483 2614 666 2686; x_wconf 78' lang='grc' dir='ltr'>πρωῒ,</span> <span class='ocrx_word' id='word_1_353' title='bbox 695 2615 1039 2682; x_wconf 84' lang='grc' dir='ltr'>ἀγαλλίασις.</span> <span class='ocrx_word' id='word_1_354' title='bbox 1079 2633 1099 2665; x_wconf 78' lang='grc' dir='ltr'><strong>ι</strong></span> <span class='ocrx_word' id='word_1_355' title='bbox 1142 2616 1254 2668; x_wconf 78' lang='lat' dir='ltr'><strong>Kal.</strong></span> <span class='ocrx_word' id='word_1_356' title='bbox 1294 2615 1379 2680; x_wconf 84' lang='grc' dir='ltr'>τὸ,</span> <span class='ocrx_word' id='word_1_357' title='bbox 1432 2633 1451 2665; x_wconf 82' lang='grc' dir='ltr'><strong>ι</strong></span> <span class='ocrx_word' id='word_1_358' title='bbox 1489 2615 1756 2684; x_wconf 89' lang='grc' dir='ltr'>Ἔστησεν</span> <span class='ocrx_word' id='word_1_359' title='bbox 1789 2615 1846 2668; x_wconf 81' lang='grc' dir='ltr'><strong>ἐν</strong></span> 
     </span>
    </p>
   </div>
   <div class='ocr_carea' id='block_1_45' title="bbox 257 2704 1846 2778">
    <p class='ocr_par' dir='ltr' id='par_1_45' title="bbox 257 2704 1846 2778">
     <span class='ocr_line' id='line_1_45' title="bbox 257 2704 1846 2778; baseline -0.001 -19"><span class='ocrx_word' id='word_1_360' title='bbox 257 2704 568 2778; x_wconf 76' lang='grc' dir='ltr'>εὐρυχώρῳ</span> <span class='ocrx_word' id='word_1_361' title='bbox 596 2705 723 2767; x_wconf 83' lang='grc' dir='ltr'>τοὺς</span> <span class='ocrx_word' id='word_1_362' title='bbox 754 2705 921 2768; x_wconf 89' lang='grc' dir='ltr'>πόδας</span> <span class='ocrx_word' id='word_1_363' title='bbox 951 2722 1078 2775; x_wconf 88' lang='grc' dir='ltr'>μου.</span> <span class='ocrx_word' id='word_1_364' title='bbox 1117 2724 1138 2757; x_wconf 83' lang='grc'>›</span> <span class='ocrx_word' id='word_1_365' title='bbox 1171 2706 1279 2758; x_wconf 74' lang='grc' dir='ltr'>Καὶ</span> <span class='ocrx_word' id='word_1_366' title='bbox 1311 2705 1474 2759; x_wconf 81' lang='grc' dir='ltr'>πάλιν</span> <span class='ocrx_word' id='word_1_367' title='bbox 1517 2707 1546 2759; x_wconf 90' lang='grc' dir='ltr'><strong>ὁ</strong></span> <span class='ocrx_word' id='word_1_368' title='bbox 1585 2706 1846 2758; x_wconf 86' lang='grc' dir='ltr'>Ἀπόστο-</span> 
     </span>
    </p>
   </div>
   <div class='ocr_carea' id='block_1_46' title="bbox 256 2794 1846 2868">
    <p class='ocr_par' dir='ltr' id='par_1_46' title="bbox 256 2794 1846 2868">
     <span class='ocr_line' id='line_1_46' title="bbox 256 2794 1846 2868; baseline -0.001 -16"><span class='ocrx_word' id='word_1_369' title='bbox 256 2797 361 2862; x_wconf 74' lang='grc' dir='ltr'><strong>λος</strong></span> <span class='ocrx_word' id='word_1_370' title='bbox 384 2815 400 2831; x_wconf 87' lang='grc'><strong>·</strong></span> <span class='ocrx_word' id='word_1_371' title='bbox 445 2799 537 2852; x_wconf 68' lang='lat' dir='ltr'><strong>«Ei</strong></span> <span class='ocrx_word' id='word_1_372' title='bbox 569 2794 662 2853; x_wconf 78' lang='grc' dir='ltr'><strong>οὖν</strong></span> <span class='ocrx_word' id='word_1_373' title='bbox 709 2796 1078 2868; x_wconf 82' lang='grc' dir='ltr'>συνηγέρθητε</span> <span class='ocrx_word' id='word_1_374' title='bbox 1106 2797 1185 2868; x_wconf 79' lang='grc' dir='ltr'>τῷ</span> <span class='ocrx_word' id='word_1_375' title='bbox 1230 2797 1474 2868; x_wconf 82' lang='grc' dir='ltr'>Χριστῷ,</span> <span class='ocrx_word' id='word_1_376' title='bbox 1503 2797 1571 2850; x_wconf 80' lang='grc' dir='ltr'>τὰ</span> <span class='ocrx_word' id='word_1_377' title='bbox 1603 2797 1718 2851; x_wconf 82' lang='grc' dir='ltr'>ἄνω</span> <span class='ocrx_word' id='word_1_378' title='bbox 1746 2798 1846 2868; x_wconf 80' lang='grc' dir='ltr'><strong>ζη-</strong></span> 
     </span>
    </p>
   </div>
   <div class='ocr_carea' id='block_1_47' title="bbox 256 2886 1846 2963">
    <p class='ocr_par' dir='ltr' id='par_1_47' title="bbox 256 2886 1846 2963">
     <span class='ocr_line' id='line_1_47' title="bbox 256 2886 1846 2963; baseline -0.001 -19"><span class='ocrx_word' id='word_1_379' title='bbox 256 2895 432 2958; x_wconf 77' lang='grc' dir='ltr'>τεῖτε,</span> <span class='ocrx_word' id='word_1_380' title='bbox 472 2886 533 2946; x_wconf 78' lang='grc' dir='ltr'><strong>οῦ</strong></span> <span class='ocrx_word' id='word_1_381' title='bbox 557 2895 583 2946; x_wconf 85' lang='grc' dir='ltr'>ὁ</span> <span class='ocrx_word' id='word_1_382' title='bbox 609 2891 841 2963; x_wconf 87' lang='grc' dir='ltr'>Χριστός</span> <span class='ocrx_word' id='word_1_383' title='bbox 872 2892 1020 2945; x_wconf 76' lang='grc' dir='ltr'>ἐστιν</span> <span class='ocrx_word' id='word_1_384' title='bbox 1051 2891 1108 2944; x_wconf 79' lang='grc' dir='ltr'>ἐν</span> <span class='ocrx_word' id='word_1_385' title='bbox 1142 2888 1291 2962; x_wconf 81' lang='grc' dir='ltr'>δεξιᾷ</span> <span class='ocrx_word' id='word_1_386' title='bbox 1328 2888 1423 2944; x_wconf 86' lang='grc' dir='ltr'><strong>τοῦ</strong></span> <span class='ocrx_word' id='word_1_387' title='bbox 1463 2892 1674 2959; x_wconf 84' lang='grc' dir='ltr'>Πατρὸς</span> <span class='ocrx_word' id='word_1_388' title='bbox 1713 2888 1846 2943; x_wconf 88' lang='grc' dir='ltr'>καθ-</span> 
     </span>
    </p>
   </div>
   <div class='ocr_carea' id='block_1_48' title="bbox 258 2981 1839 3054">
    <p class='ocr_par' dir='ltr' id='par_1_48' title="bbox 258 2981 1839 3054">
     <span class='ocr_line' id='line_1_48' title="bbox 258 2981 1839 3054; baseline 0 -21"><span class='ocrx_word' id='word_1_389' title='bbox 258 2984 490 3051; x_wconf 74' lang='grc' dir='ltr'>ήμενος.</span> <span class='ocrx_word' id='word_1_390' title='bbox 523 2983 603 3036; x_wconf 74' lang='grc' dir='ltr'>Τὰ</span> <span class='ocrx_word' id='word_1_391' title='bbox 648 2983 762 3036; x_wconf 79' lang='grc' dir='ltr'><strong>ἀνω</strong></span> <span class='ocrx_word' id='word_1_392' title='bbox 804 2986 1051 3053; x_wconf 82' lang='grc' dir='ltr'>φρονεῖτε</span> <span class='ocrx_word' id='word_1_393' title='bbox 1077 3022 1091 3048; x_wconf 92' lang='grc'><strong>,</strong></span> <span class='ocrx_word' id='word_1_394' title='bbox 1127 2983 1202 3054; x_wconf 80' lang='grc' dir='ltr'><strong>μὴ</strong></span> <span class='ocrx_word' id='word_1_395' title='bbox 1248 2982 1318 3035; x_wconf 84' lang='grc' dir='ltr'>τὰ</span> <span class='ocrx_word' id='word_1_396' title='bbox 1359 2983 1452 3034; x_wconf 78' lang='grc' dir='ltr'><strong>ἐπὶ</strong></span> <span class='ocrx_word' id='word_1_397' title='bbox 1495 2983 1595 3053; x_wconf 78' lang='grc' dir='ltr'>τῆς</span> <span class='ocrx_word' id='word_1_398' title='bbox 1640 2981 1764 3052; x_wconf 71' lang='grc' dir='ltr'>γῆς.</span> <span class='ocrx_word' id='word_1_399' title='bbox 1819 3001 1839 3033; x_wconf 71' lang='grc' dir='ltr'><strong>ι</strong></span> 
     </span>
    </p>
   </div>
   <div class='ocr_carea' id='block_1_49' title="bbox 257 3073 1843 3145">
    <p class='ocr_par' dir='ltr' id='par_1_49' title="bbox 257 3073 1843 3145">
     <span class='ocr_line' id='line_1_49' title="bbox 257 3073 1843 3145; baseline 0.001 -20"><span class='ocrx_word' id='word_1_400' title='bbox 257 3073 382 3126; x_wconf 79' lang='grc' dir='ltr'>Καὶ</span> <span class='ocrx_word' id='word_1_401' title='bbox 411 3074 592 3126; x_wconf 72' lang='grc' dir='ltr'>πάλινο</span> <span class='ocrx_word' id='word_1_402' title='bbox 634 3075 807 3129; x_wconf 72' lang='grc' dir='ltr'>(Νυνὶ</span> <span class='ocrx_word' id='word_1_403' title='bbox 831 3074 888 3127; x_wconf 84' lang='grc' dir='ltr'>δὲ</span> <span class='ocrx_word' id='word_1_404' title='bbox 919 3074 1374 3145; x_wconf 81' lang='grc' dir='ltr'>ἐλευθερωθέντες</span> <span class='ocrx_word' id='word_1_405' title='bbox 1403 3073 1511 3128; x_wconf 83' lang='grc' dir='ltr'><strong>ἀπὸ</strong></span> <span class='ocrx_word' id='word_1_406' title='bbox 1534 3074 1632 3145; x_wconf 83' lang='grc' dir='ltr'>τῆς</span> <span class='ocrx_word' id='word_1_407' title='bbox 1663 3074 1843 3144; x_wconf 86' lang='grc' dir='ltr'>ἀμαρ-</span> 
     </span>
    </p>
   </div>
   <div class='ocr_carea' id='block_1_50' title="bbox 1955 1889 3537 1963">
    <p class='ocr_par' dir='ltr' id='par_1_50' title="bbox 1955 1889 3537 1963">
     <span class='ocr_line' id='line_1_50' title="bbox 1955 1889 3537 1963; baseline -0.001 -15"><span class='ocrx_word' id='word_1_408' title='bbox 1955 1893 2224 1963; x_wconf 85' lang='lat' dir='ltr'><strong>Spiritum</strong></span> <span class='ocrx_word' id='word_1_409' title='bbox 2245 1891 2341 1961; x_wconf 89' lang='lat' dir='ltr'><strong>qui</strong></span> <span class='ocrx_word' id='word_1_410' title='bbox 2362 1906 2429 1944; x_wconf 79' lang='lat' dir='ltr'><strong>ex</strong></span> <span class='ocrx_word' id='word_1_411' title='bbox 2457 1891 2570 1944; x_wconf 89' lang='lat' dir='ltr'><strong>Deo</strong></span> <span class='ocrx_word' id='word_1_412' title='bbox 2600 1897 2703 1954; x_wconf 91' lang='lat' dir='ltr'><strong>est,</strong></span> <span class='ocrx_word' id='word_1_413' title='bbox 2737 1899 2796 1943; x_wconf 92' lang='lat' dir='ltr'><strong>ut</strong></span> <span class='ocrx_word' id='word_1_414' title='bbox 2829 1889 3066 1944; x_wconf 88' lang='lat' dir='ltr'><strong>sciamus</strong></span> <span class='ocrx_word' id='word_1_415' title='bbox 3093 1906 3213 1960; x_wconf 81' lang='lat' dir='ltr'><strong>quae</strong></span> <span class='ocrx_word' id='word_1_416' title='bbox 3241 1906 3270 1945; x_wconf 89' lang='lat' dir='ltr'><strong>a</strong></span> <span class='ocrx_word' id='word_1_417' title='bbox 3300 1892 3413 1946; x_wconf 90' lang='lat' dir='ltr'><strong>Deo</strong></span> <span class='ocrx_word' id='word_1_418' title='bbox 3438 1896 3537 1948; x_wconf 88' lang='lat' dir='ltr'><strong>do-</strong></span> 
     </span>
    </p>
   </div>
   <div class='ocr_carea' id='block_1_51' title="bbox 1952 1981 3535 2040">
    <p class='ocr_par' dir='ltr' id='par_1_51' title="bbox 1952 1981 3535 2040">
     <span class='ocr_line' id='line_1_51' title="bbox 1952 1981 3535 2040; baseline -0.001 0"><span class='ocrx_word' id='word_1_419' title='bbox 1952 1994 2083 2040; x_wconf 88' lang='lat' dir='ltr'><strong>nata</strong></span> <span class='ocrx_word' id='word_1_420' title='bbox 2115 1991 2243 2038; x_wconf 90' lang='lat' dir='ltr'><strong>sunt</strong></span> <span class='ocrx_word' id='word_1_421' title='bbox 2286 1982 2448 2038; x_wconf 89' lang='lat' dir='ltr'><strong>nobis</strong></span> <span class='ocrx_word' id='word_1_422' title='bbox 2481 1983 2546 2036; x_wconf 77' lang='lat'><strong>“.</strong></span> <span class='ocrx_word' id='word_1_423' title='bbox 2585 2000 2604 2034; x_wconf 75' lang='grc' dir='ltr'><strong>ι</strong></span> <span class='ocrx_word' id='word_1_424' title='bbox 2642 1982 2849 2036; x_wconf 88' lang='lat' dir='ltr'><strong>Iterum</strong></span> <span class='ocrx_word' id='word_1_425' title='bbox 2889 1999 2903 2036; x_wconf 89' lang='lat'>:</span> <span class='ocrx_word' id='word_1_426' title='bbox 2954 2001 2974 2033; x_wconf 76' lang='grc' dir='ltr'><strong>ι</strong></span> <span class='ocrx_word' id='word_1_427' title='bbox 3024 1981 3080 2037; x_wconf 91' lang='lat' dir='ltr'><strong>Si</strong></span> <span class='ocrx_word' id='word_1_428' title='bbox 3113 1982 3261 2036; x_wconf 90' lang='lat' dir='ltr'><strong>enim</strong></span> <span class='ocrx_word' id='word_1_429' title='bbox 3294 1983 3535 2039; x_wconf 87' lang='lat' dir='ltr'><strong>admini-</strong></span> 
     </span>
    </p>
   </div>
   <div class='ocr_carea' id='block_1_52' title="bbox 1953 2072 3534 2144">
    <p class='ocr_par' dir='ltr' id='par_1_52' title="bbox 1953 2072 3534 2144">
     <span class='ocr_line' id='line_1_52' title="bbox 1953 2072 3534 2144; baseline -0.001 -12"><span class='ocrx_word' id='word_1_430' title='bbox 1953 2077 2148 2132; x_wconf 88' lang='lat' dir='ltr'><strong>stratio</strong></span> <span class='ocrx_word' id='word_1_431' title='bbox 2194 2073 2568 2130; x_wconf 84' lang='lat' dir='ltr'><strong>damnationis</strong></span> <span class='ocrx_word' id='word_1_432' title='bbox 2612 2073 2808 2144; x_wconf 80' lang='lat' dir='ltr'><strong>gloria,</strong></span> <span class='ocrx_word' id='word_1_433' title='bbox 2873 2072 3049 2127; x_wconf 90' lang='lat' dir='ltr'><strong>multo</strong></span> <span class='ocrx_word' id='word_1_434' title='bbox 3087 2075 3262 2144; x_wconf 83' lang='lat' dir='ltr'><strong>magis</strong></span> <span class='ocrx_word' id='word_1_435' title='bbox 3288 2074 3534 2130; x_wconf 85' lang='lat' dir='ltr'><strong>abundat</strong></span> 
     </span>
    </p>
   </div>
   <div class='ocr_carea' id='block_1_53' title="bbox 1953 2166 3534 2238">
    <p class='ocr_par' dir='ltr' id='par_1_53' title="bbox 1953 2166 3534 2238">
     <span class='ocr_line' id='line_1_53' title="bbox 1953 2166 3534 2238; baseline -0.004 -11"><span class='ocrx_word' id='word_1_436' title='bbox 1953 2168 2364 2228; x_wconf 81' lang='lat' dir='ltr'><strong>administratio</strong></span> <span class='ocrx_word' id='word_1_437' title='bbox 2397 2166 2626 2238; x_wconf 72' lang='lat' dir='ltr'><strong>iustitia:</strong></span> <span class='ocrx_word' id='word_1_438' title='bbox 2661 2167 2716 2220; x_wconf 90' lang='lat' dir='ltr'><strong>in</strong></span> <span class='ocrx_word' id='word_1_439' title='bbox 2755 2166 2970 2236; x_wconf 80' lang='lat' dir='ltr'><strong>gloria:</strong></span> <span class='ocrx_word' id='word_1_440' title='bbox 3006 2181 3188 2236; x_wconf 89' lang='lat' dir='ltr'><strong>neque</strong></span> <span class='ocrx_word' id='word_1_441' title='bbox 3223 2166 3372 2220; x_wconf 90' lang='lat' dir='ltr'><strong>enim</strong></span> <span class='ocrx_word' id='word_1_442' title='bbox 3413 2167 3534 2236; x_wconf 77' lang='lat' dir='ltr'><strong>glo-</strong></span> 
     </span>
    </p>
   </div>
   <div class='ocr_carea' id='block_1_54' title="bbox 1953 2256 3535 2328">
    <p class='ocr_par' dir='ltr' id='par_1_54' title="bbox 1953 2256 3535 2328">
     <span class='ocr_line' id='line_1_54' title="bbox 1953 2256 3535 2328; baseline -0.004 -12"><span class='ocrx_word' id='word_1_443' title='bbox 1953 2261 2228 2316; x_wconf 84' lang='lat' dir='ltr'><strong>riﬁcatum</strong></span> <span class='ocrx_word' id='word_1_444' title='bbox 2275 2268 2361 2314; x_wconf 87' lang='lat' dir='ltr'><strong>est</strong></span> <span class='ocrx_word' id='word_1_445' title='bbox 2403 2258 2548 2328; x_wconf 90' lang='lat' dir='ltr'><strong>quod</strong></span> <span class='ocrx_word' id='word_1_446' title='bbox 2603 2257 2802 2312; x_wconf 86' lang='lat' dir='ltr'><strong>claruit</strong></span> <span class='ocrx_word' id='word_1_447' title='bbox 2858 2256 2915 2311; x_wconf 91' lang='lat' dir='ltr'><strong>in</strong></span> <span class='ocrx_word' id='word_1_448' title='bbox 2961 2256 3064 2312; x_wconf 89' lang='lat' dir='ltr'><strong>hac</strong></span> <span class='ocrx_word' id='word_1_449' title='bbox 3092 2265 3270 2326; x_wconf 87' lang='lat' dir='ltr'><strong>parte,</strong></span> <span class='ocrx_word' id='word_1_450' title='bbox 3307 2265 3535 2326; x_wconf 85' lang='lat' dir='ltr'><strong>propter</strong></span> 
     </span>
    </p>
   </div>
   <div class='ocr_carea' id='block_1_55' title="bbox 1952 2347 3530 2420">
    <p class='ocr_par' dir='ltr' id='par_1_55' title="bbox 1952 2347 3530 2420">
     <span class='ocr_line' id='line_1_55' title="bbox 1952 2347 3530 2420; baseline -0.006 -12"><span class='ocrx_word' id='word_1_451' title='bbox 1952 2352 2317 2408; x_wconf 82' lang='lat' dir='ltr'><strong>excellentem</strong></span> <span class='ocrx_word' id='word_1_452' title='bbox 2367 2349 2598 2420; x_wconf 82' lang='lat' dir='ltr'><strong>gloriam</strong></span> <span class='ocrx_word' id='word_1_453' title='bbox 2646 2366 2661 2401; x_wconf 89' lang='lat'><strong>:</strong></span> <span class='ocrx_word' id='word_1_454' title='bbox 2705 2347 2752 2402; x_wconf 90' lang='lat' dir='ltr'><strong>si</strong></span> <span class='ocrx_word' id='word_1_455' title='bbox 2799 2347 2946 2403; x_wconf 88' lang='lat' dir='ltr'><strong>enim</strong></span> <span class='ocrx_word' id='word_1_456' title='bbox 3005 2347 3152 2417; x_wconf 89' lang='lat' dir='ltr'><strong>quod</strong></span> <span class='ocrx_word' id='word_1_457' title='bbox 3204 2355 3530 2410; x_wconf 84' lang='lat' dir='ltr'><strong>evacuatur,</strong></span> 
     </span>
    </p>
   </div>
   <div class='ocr_carea' id='block_1_56' title="bbox 1953 2436 3533 2515">
    <p class='ocr_par' dir='ltr' id='par_1_56' title="bbox 1953 2436 3533 2515">
     <span class='ocr_line' id='line_1_56' title="bbox 1953 2436 3533 2515; baseline -0.005 -16"><span class='ocrx_word' id='word_1_458' title='bbox 1953 2460 2053 2515; x_wconf 91' lang='lat' dir='ltr'><strong>per</strong></span> <span class='ocrx_word' id='word_1_459' title='bbox 2086 2443 2319 2514; x_wconf 81' lang='lat' dir='ltr'><strong>gloriam</strong></span> <span class='ocrx_word' id='word_1_460' title='bbox 2365 2448 2472 2506; x_wconf 90' lang='lat' dir='ltr'><strong>est,</strong></span> <span class='ocrx_word' id='word_1_461' title='bbox 2513 2440 2688 2495; x_wconf 91' lang='lat' dir='ltr'><strong>multo</strong></span> <span class='ocrx_word' id='word_1_462' title='bbox 2718 2439 2894 2508; x_wconf 84' lang='lat' dir='ltr'><strong>magis</strong></span> <span class='ocrx_word' id='word_1_463' title='bbox 2918 2438 3065 2508; x_wconf 87' lang='lat' dir='ltr'><strong>quod</strong></span> <span class='ocrx_word' id='word_1_464' title='bbox 3108 2446 3294 2492; x_wconf 84' lang='lat' dir='ltr'><strong>manet</strong></span> <span class='ocrx_word' id='word_1_465' title='bbox 3322 2437 3378 2491; x_wconf 92' lang='lat' dir='ltr'><strong>in</strong></span> <span class='ocrx_word' id='word_1_466' title='bbox 3412 2436 3533 2507; x_wconf 82' lang='lat' dir='ltr'><strong>glo-</strong></span> 
     </span>
    </p>
   </div>
   <div class='ocr_carea' id='block_1_57' title="bbox 1950 2527 3531 2590">
    <p class='ocr_par' dir='ltr' id='par_1_57' title="bbox 1950 2527 3531 2590">
     <span class='ocr_line' id='line_1_57' title="bbox 1950 2527 3531 2590; baseline -0.007 0"><span class='ocrx_word' id='word_1_467' title='bbox 1950 2536 2035 2590; x_wconf 88' lang='lat' dir='ltr'><strong>ria</strong></span> <span class='ocrx_word' id='word_1_468' title='bbox 2065 2543 2150 2590; x_wconf 90' lang='lat' dir='ltr'><strong>est</strong></span> <span class='ocrx_word' id='word_1_469' title='bbox 2182 2535 2248 2587; x_wconf 76' lang='lat'><strong>“.</strong></span> <span class='ocrx_word' id='word_1_470' title='bbox 2280 2553 2297 2584; x_wconf 78' lang='grc' dir='ltr'><strong>ι</strong></span> <span class='ocrx_word' id='word_1_471' title='bbox 2325 2532 2482 2587; x_wconf 88' lang='lat' dir='ltr'><strong>Alius</strong></span> <span class='ocrx_word' id='word_1_472' title='bbox 2513 2533 2642 2585; x_wconf 89' lang='lat' dir='ltr'><strong>item</strong></span> <span class='ocrx_word' id='word_1_473' title='bbox 2673 2547 2688 2583; x_wconf 84' lang='lat'><strong>:</strong></span> <span class='ocrx_word' id='word_1_474' title='bbox 2728 2549 2746 2580; x_wconf 83' lang='grc' dir='ltr'><strong>ι</strong></span> <span class='ocrx_word' id='word_1_475' title='bbox 2781 2529 3058 2584; x_wconf 72' lang='lat' dir='ltr'><strong>iustorum</strong></span> <span class='ocrx_word' id='word_1_476' title='bbox 3096 2528 3289 2581; x_wconf 70' lang='lat' dir='ltr'><strong>animae</strong></span> <span class='ocrx_word' id='word_1_477' title='bbox 3317 2527 3373 2580; x_wconf 91' lang='lat' dir='ltr'><strong>in</strong></span> <span class='ocrx_word' id='word_1_478' title='bbox 3408 2540 3531 2580; x_wconf 86' lang='lat' dir='ltr'><strong>ma-</strong></span> 
     </span>
    </p>
   </div>
   <div class='ocr_carea' id='block_1_58' title="bbox 1949 2618 3535 2691">
    <p class='ocr_par' dir='ltr' id='par_1_58' title="bbox 1949 2618 3535 2691">
     <span class='ocr_line' id='line_1_58' title="bbox 1949 2618 3535 2691; baseline -0.006 -10"><span class='ocrx_word' id='word_1_479' title='bbox 1949 2642 2026 2681; x_wconf 92' lang='lat' dir='ltr'><strong>nu</strong></span> <span class='ocrx_word' id='word_1_480' title='bbox 2065 2626 2160 2680; x_wconf 87' lang='lat' dir='ltr'><strong>Dei</strong></span> <span class='ocrx_word' id='word_1_481' title='bbox 2208 2631 2360 2689; x_wconf 83' lang='lat' dir='ltr'><strong>sunt,</strong></span> <span class='ocrx_word' id='word_1_482' title='bbox 2408 2637 2511 2677; x_wconf 90' lang='lat' dir='ltr'><strong>nec</strong></span> <span class='ocrx_word' id='word_1_483' title='bbox 2566 2621 2862 2691; x_wconf 88' lang='lat' dir='ltr'><strong>aliquando</strong></span> <span class='ocrx_word' id='word_1_484' title='bbox 2895 2627 3077 2690; x_wconf 84' lang='lat' dir='ltr'><strong>tanget</strong></span> <span class='ocrx_word' id='word_1_485' title='bbox 3129 2618 3253 2674; x_wconf 91' lang='lat' dir='ltr'><strong>illos</strong></span> <span class='ocrx_word' id='word_1_486' title='bbox 3287 2627 3535 2672; x_wconf 87' lang='lat' dir='ltr'><strong>tormen-</strong></span> 
     </span>
    </p>
   </div>
   <div class='ocr_carea' id='block_1_59' title="bbox 1953 2707 3534 2783">
    <p class='ocr_par' dir='ltr' id='par_1_59' title="bbox 1953 2707 3534 2783">
     <span class='ocr_line' id='line_1_59' title="bbox 1953 2707 3534 2783; baseline -0.005 -12"><span class='ocrx_word' id='word_1_487' title='bbox 1953 2725 2090 2783; x_wconf 89' lang='lat' dir='ltr'><strong>tum,</strong></span> <span class='ocrx_word' id='word_1_488' title='bbox 2126 2716 2206 2770; x_wconf 92' lang='lat' dir='ltr'><strong>illi</strong></span> <span class='ocrx_word' id='word_1_489' title='bbox 2248 2724 2434 2769; x_wconf 87' lang='lat' dir='ltr'><strong>autem</strong></span> <span class='ocrx_word' id='word_1_490' title='bbox 2469 2722 2598 2769; x_wconf 90' lang='lat' dir='ltr'><strong>sunt</strong></span> <span class='ocrx_word' id='word_1_491' title='bbox 2636 2713 2693 2767; x_wconf 91' lang='lat' dir='ltr'><strong>in</strong></span> <span class='ocrx_word' id='word_1_492' title='bbox 2735 2727 2869 2782; x_wconf 88' lang='lat' dir='ltr'><strong>pace</strong></span> <span class='ocrx_word' id='word_1_493' title='bbox 2899 2713 2960 2765; x_wconf 70' lang='grc'><strong>⁵⁸.</strong></span> <span class='ocrx_word' id='word_1_494' title='bbox 3005 2730 3023 2762; x_wconf 76' lang='grc' dir='ltr'><strong>ι</strong></span> <span class='ocrx_word' id='word_1_495' title='bbox 3059 2711 3163 2765; x_wconf 88' lang='lat' dir='ltr'><strong>Et:</strong></span> <span class='ocrx_word' id='word_1_496' title='bbox 3208 2729 3226 2761; x_wconf 85' lang='grc' dir='ltr'><strong>ι</strong></span> <span class='ocrx_word' id='word_1_497' title='bbox 3261 2707 3400 2780; x_wconf 87' lang='lat' dir='ltr'><strong>Spes</strong></span> <span class='ocrx_word' id='word_1_498' title='bbox 3440 2724 3534 2764; x_wconf 84' lang='lat' dir='ltr'><strong>eo-</strong></span> 
     </span>
    </p>
   </div>
   <div class='ocr_carea' id='block_1_60' title="bbox 1951 2803 3536 2875">
    <p class='ocr_par' dir='ltr' id='par_1_60' title="bbox 1951 2803 3536 2875">
     <span class='ocr_line' id='line_1_60' title="bbox 1951 2803 3536 2875; baseline -0.005 -12"><span class='ocrx_word' id='word_1_499' title='bbox 1951 2825 2072 2863; x_wconf 92' lang='lat' dir='ltr'><strong>rum</strong></span> <span class='ocrx_word' id='word_1_500' title='bbox 2097 2807 2514 2862; x_wconf 86' lang='lat' dir='ltr'><strong>immortalitate</strong></span> <span class='ocrx_word' id='word_1_501' title='bbox 2543 2806 2704 2875; x_wconf 90' lang='lat' dir='ltr'><strong>plena</strong></span> <span class='ocrx_word' id='word_1_502' title='bbox 2731 2820 2744 2858; x_wconf 91' lang='lat'><strong>:</strong></span> <span class='ocrx_word' id='word_1_503' title='bbox 2775 2805 2831 2857; x_wconf 91' lang='lat' dir='ltr'><strong>in</strong></span> <span class='ocrx_word' id='word_1_504' title='bbox 2855 2803 3044 2872; x_wconf 88' lang='lat' dir='ltr'><strong>paucis</strong></span> <span class='ocrx_word' id='word_1_505' title='bbox 3073 2803 3276 2866; x_wconf 82' lang='lat' dir='ltr'><strong>vexati,</strong></span> <span class='ocrx_word' id='word_1_506' title='bbox 3315 2803 3370 2856; x_wconf 95' lang='lat' dir='ltr'><strong>in</strong></span> <span class='ocrx_word' id='word_1_507' title='bbox 3394 2805 3536 2855; x_wconf 81' lang='lat' dir='ltr'><strong>mut-</strong></span> 
     </span>
    </p>
   </div>
   <div class='ocr_carea' id='block_1_61' title="bbox 1953 2895 3536 2968">
    <p class='ocr_par' dir='ltr' id='par_1_61' title="bbox 1953 2895 3536 2968">
     <span class='ocr_line' id='line_1_61' title="bbox 1953 2895 3536 2968; baseline -0.003 -14"><span class='ocrx_word' id='word_1_508' title='bbox 1953 2900 2023 2954; x_wconf 92' lang='lat' dir='ltr'><strong>tis</strong></span> <span class='ocrx_word' id='word_1_509' title='bbox 2053 2899 2197 2954; x_wconf 84' lang='lat' dir='ltr'><strong>bene</strong></span> <span class='ocrx_word' id='word_1_510' title='bbox 2231 2899 2633 2968; x_wconf 83' lang='lat' dir='ltr'><strong>disponentur,</strong></span> <span class='ocrx_word' id='word_1_511' title='bbox 2668 2895 2796 2966; x_wconf 91' lang='lat' dir='ltr'><strong>quia</strong></span> <span class='ocrx_word' id='word_1_512' title='bbox 2854 2895 2998 2949; x_wconf 89' lang='lat' dir='ltr'><strong>Deus</strong></span> <span class='ocrx_word' id='word_1_513' title='bbox 3046 2895 3277 2950; x_wconf 82' lang='lat' dir='ltr'><strong>tentavit</strong></span> <span class='ocrx_word' id='word_1_514' title='bbox 3335 2909 3431 2950; x_wconf 91' lang='lat' dir='ltr'><strong>eos</strong></span> <span class='ocrx_word' id='word_1_515' title='bbox 3478 2903 3536 2949; x_wconf 85' lang='lat' dir='ltr'><strong>et</strong></span> 
     </span>
    </p>
   </div>
   <div class='ocr_carea' id='block_1_62' title="bbox 1955 2985 3533 3058">
    <p class='ocr_par' dir='ltr' id='par_1_62' title="bbox 1955 2985 3533 3058">
     <span class='ocr_line' id='line_1_62' title="bbox 1955 2985 3533 3058; baseline -0.003 -15"><span class='ocrx_word' id='word_1_516' title='bbox 1955 2989 2170 3043; x_wconf 85' lang='lat' dir='ltr'><strong>invenit</strong></span> <span class='ocrx_word' id='word_1_517' title='bbox 2210 2989 2335 3044; x_wconf 90' lang='lat' dir='ltr'><strong>illos</strong></span> <span class='ocrx_word' id='word_1_518' title='bbox 2380 2989 2578 3058; x_wconf 83' lang='lat' dir='ltr'><strong>dignos</strong></span> <span class='ocrx_word' id='word_1_519' title='bbox 2608 3002 2688 3051; x_wconf 91' lang='lat' dir='ltr'><strong>se,</strong></span> <span class='ocrx_word' id='word_1_520' title='bbox 2720 2997 2778 3041; x_wconf 90' lang='lat' dir='ltr'><strong>et</strong></span> <span class='ocrx_word' id='word_1_521' title='bbox 2805 2986 2962 3056; x_wconf 89' lang='lat' dir='ltr'><strong>quasi</strong></span> <span class='ocrx_word' id='word_1_522' title='bbox 3005 2985 3390 3040; x_wconf 86' lang='lat' dir='ltr'><strong>holocaustum</strong></span> <span class='ocrx_word' id='word_1_523' title='bbox 3430 2985 3533 3040; x_wconf 80' lang='lat' dir='ltr'><strong>ho-</strong></span> 
     </span>
    </p>
   </div>
   <div class='ocr_carea' id='block_1_63' title="bbox 1951 3076 3532 3149">
    <p class='ocr_par' dir='ltr' id='par_1_63' title="bbox 1951 3076 3532 3149">
     <span class='ocr_line' id='line_1_63' title="bbox 1951 3076 3532 3149; baseline -0.004 -13"><span class='ocrx_word' id='word_1_524' title='bbox 1951 3081 2069 3136; x_wconf 82' lang='lat' dir='ltr'><strong>stiae</strong></span> <span class='ocrx_word' id='word_1_525' title='bbox 2098 3080 2312 3149; x_wconf 88' lang='lat' dir='ltr'><strong>accepit</strong></span> <span class='ocrx_word' id='word_1_526' title='bbox 2332 3079 2473 3142; x_wconf 90' lang='lat' dir='ltr'><strong>illos,</strong></span> <span class='ocrx_word' id='word_1_527' title='bbox 2497 3087 2552 3132; x_wconf 88' lang='lat' dir='ltr'><strong>et</strong></span> <span class='ocrx_word' id='word_1_528' title='bbox 2574 3078 2630 3132; x_wconf 91' lang='lat' dir='ltr'><strong>in</strong></span> <span class='ocrx_word' id='word_1_529' title='bbox 2656 3086 2899 3145; x_wconf 89' lang='lat' dir='ltr'><strong>tempore</strong></span> <span class='ocrx_word' id='word_1_530' title='bbox 2928 3076 3267 3131; x_wconf 87' lang='lat' dir='ltr'><strong>visitationis</strong></span> <span class='ocrx_word' id='word_1_531' title='bbox 3289 3077 3532 3145; x_wconf 90' lang='lat' dir='ltr'><strong>ipsorum</strong></span> 
     </span>
    </p>
   </div>
   <div class='ocr_carea' id='block_1_64' title="bbox 255 3142 1847 3240">
    <p class='ocr_par' dir='ltr' id='par_1_64' title="bbox 255 3142 1847 3237">
     <span class='ocr_line' id='line_1_64' title="bbox 255 3142 1847 3237; baseline 0.001 -19"><span class='ocrx_word' id='word_1_532' title='bbox 255 3166 412 3230; x_wconf 77' lang='grc' dir='ltr'>τίσις,</span> <span class='ocrx_word' id='word_1_533' title='bbox 461 3167 819 3230; x_wconf 85' lang='grc' dir='ltr'>δουλωθέντες</span> <span class='ocrx_word' id='word_1_534' title='bbox 870 3166 928 3220; x_wconf 79' lang='grc' dir='ltr'>δὲ</span> <span class='ocrx_word' id='word_1_535' title='bbox 968 3165 1048 3237; x_wconf 85' lang='grc' dir='ltr'>τῷ</span> <span class='ocrx_word' id='word_1_536' title='bbox 1095 3142 1236 3236; x_wconf 82' lang='grc' dir='ltr'>Θεῷ,</span> <span class='ocrx_word' id='word_1_537' title='bbox 1279 3166 1430 3235; x_wconf 74' lang='grc' dir='ltr'>ἔχετε</span> <span class='ocrx_word' id='word_1_538' title='bbox 1485 3142 1598 3219; x_wconf 19' lang='grc' dir='ltr'>τδνἽ</span> <span class='ocrx_word' id='word_1_539' title='bbox 1636 3142 1847 3236; x_wconf 84' lang='grc' dir='ltr'>καρπὸν</span> 
     </span>
    </p>
   </div>
   <div class='ocr_carea' id='block_1_65' title="bbox 1954 3142 3534 3240">
    <p class='ocr_par' dir='ltr' id='par_1_65' title="bbox 1954 3142 3534 3240">
     <span class='ocr_line' id='line_1_65' title="bbox 1954 3142 3534 3240; baseline -0.003 -14"><span class='ocrx_word' id='word_1_540' title='bbox 1954 3142 2401 3240; x_wconf 71' lang='lat' dir='ltr'><strong>resplendescent</strong></span> <span class='ocrx_word' id='word_1_541' title='bbox 2435 3170 2501 3220; x_wconf 73' lang='grc'><strong>⁸⁷.</strong></span> <span class='ocrx_word' id='word_1_542' title='bbox 2533 3187 2552 3218; x_wconf 87' lang='grc'><strong>›</strong></span> <span class='ocrx_word' id='word_1_543' title='bbox 2581 3168 2749 3221; x_wconf 84' lang='lat' dir='ltr'><strong>David</strong></span> <span class='ocrx_word' id='word_1_544' title='bbox 2769 3142 2998 3237; x_wconf 78' lang='lat' dir='ltr'><strong>quoque</strong></span> <span class='ocrx_word' id='word_1_545' title='bbox 3037 3183 3050 3219; x_wconf 90' lang='lat'><strong>:</strong></span> <span class='ocrx_word' id='word_1_546' title='bbox 3090 3185 3108 3216; x_wconf 84' lang='grc' dir='ltr'><strong>ι</strong></span> <span class='ocrx_word' id='word_1_547' title='bbox 3131 3166 3213 3220; x_wconf 85' lang='lat' dir='ltr'><strong>Ad</strong></span> <span class='ocrx_word' id='word_1_548' title='bbox 3241 3142 3534 3235; x_wconf 77' lang='lat' dir='ltr'><strong>vesperum</strong></span> 
     </span>
    </p>
   </div>
   <div class='ocr_carea' id='block_1_66' title="bbox 259 3257 1850 3328">
    <p class='ocr_par' dir='ltr' id='par_1_66' title="bbox 259 3257 1850 3328">
     <span class='ocr_line' id='line_1_66' title="bbox 259 3257 1850 3328; baseline 0 -19"><span class='ocrx_word' id='word_1_549' title='bbox 259 3258 427 3327; x_wconf 83' lang='grc' dir='ltr'>ὑμῶν</span> <span class='ocrx_word' id='word_1_550' title='bbox 474 3259 552 3321; x_wconf 89' lang='grc' dir='ltr'>εἰς</span> <span class='ocrx_word' id='word_1_551' title='bbox 597 3258 890 3328; x_wconf 84' lang='grc' dir='ltr'>ἁγιασμόν.</span> <span class='ocrx_word' id='word_1_552' title='bbox 943 3258 1018 3311; x_wconf 85' lang='grc' dir='ltr'><strong>Τὸ</strong></span> <span class='ocrx_word' id='word_1_553' title='bbox 1059 3257 1118 3310; x_wconf 83' lang='grc' dir='ltr'>δὲ</span> <span class='ocrx_word' id='word_1_554' title='bbox 1167 3258 1342 3322; x_wconf 82' lang='grc' dir='ltr'>τέλος,</span> <span class='ocrx_word' id='word_1_555' title='bbox 1393 3257 1505 3327; x_wconf 80' lang='grc' dir='ltr'>ζωὴ</span> <span class='ocrx_word' id='word_1_556' title='bbox 1534 3257 1748 3320; x_wconf 82' lang='grc' dir='ltr'>αἰώνιος</span> <span class='ocrx_word' id='word_1_557' title='bbox 1791 3259 1850 3310; x_wconf 79' lang='grc' dir='ltr'>ἐν</span> 
     </span>
    </p>
   </div>
   <div class='ocr_carea' id='block_1_67' title="bbox 253 3346 1848 3420">
    <p class='ocr_par' dir='ltr' id='par_1_67' title="bbox 253 3346 1848 3420">
     <span class='ocr_line' id='line_1_67' title="bbox 253 3346 1848 3420; baseline -0.003 -17"><span class='ocrx_word' id='word_1_558' title='bbox 253 3348 492 3420; x_wconf 81' lang='grc' dir='ltr'>Χριστῷ</span> <span class='ocrx_word' id='word_1_559' title='bbox 542 3348 714 3420; x_wconf 87' lang='grc' dir='ltr'>Ἰησοῦ</span> <span class='ocrx_word' id='word_1_560' title='bbox 758 3349 835 3420; x_wconf 84' lang='grc' dir='ltr'>τῷ</span> <span class='ocrx_word' id='word_1_561' title='bbox 867 3349 1058 3419; x_wconf 83' lang='grc' dir='ltr'>Κυρίῳ</span> <span class='ocrx_word' id='word_1_562' title='bbox 1103 3346 1284 3418; x_wconf 81' lang='grc' dir='ltr'>ἡμῶν.</span> <span class='ocrx_word' id='word_1_563' title='bbox 1335 3366 1352 3398; x_wconf 75' lang='grc' dir='ltr'><strong>ι</strong></span> <span class='ocrx_word' id='word_1_564' title='bbox 1416 3348 1472 3399; x_wconf 88' lang='lat'><strong>&#39;0</strong></span> <span class='ocrx_word' id='word_1_565' title='bbox 1521 3346 1578 3399; x_wconf 78' lang='grc' dir='ltr'>δὲ</span> <span class='ocrx_word' id='word_1_566' title='bbox 1623 3347 1848 3418; x_wconf 82' lang='grc' dir='ltr'>Κύριος,</span> 
     </span>
    </p>
   </div>
   <div class='ocr_carea' id='block_1_68' title="bbox 263 3443 1848 3514">
    <p class='ocr_par' dir='ltr' id='par_1_68' title="bbox 263 3443 1848 3514">
     <span class='ocr_line' id='line_1_68' title="bbox 263 3443 1848 3514; baseline 0.001 -19"><span class='ocrx_word' id='word_1_567' title='bbox 263 3460 290 3495; x_wconf 73' lang='grc' dir='ltr'><strong>ο</strong></span> <span class='ocrx_word' id='word_1_568' title='bbox 350 3444 631 3496; x_wconf 87' lang='grc' dir='ltr'>Ἔστωσαν</span> <span class='ocrx_word' id='word_1_569' title='bbox 675 3446 729 3496; x_wconf 79' lang='grc' dir='ltr'><strong>αῖ</strong></span> <span class='ocrx_word' id='word_1_570' title='bbox 771 3443 972 3512; x_wconf 78' lang='grc' dir='ltr'>ὀσφύες</span> <span class='ocrx_word' id='word_1_571' title='bbox 1015 3443 1423 3514; x_wconf 56' lang='grc' dir='ltr'>ὑμῶν,,φησ“ιν,</span> <span class='ocrx_word' id='word_1_572' title='bbox 1475 3444 1848 3514; x_wconf 69' lang='grc' dir='ltr'>περιεζωσμέο</span> 
     </span>
    </p>
   </div>
   <div class='ocr_carea' id='block_1_69' title="bbox 255 3533 1848 3604">
    <p class='ocr_par' dir='ltr' id='par_1_69' title="bbox 255 3533 1848 3604">
     <span class='ocr_line' id='line_1_69' title="bbox 255 3533 1848 3604; baseline -0.001 -17"><span class='ocrx_word' id='word_1_573' title='bbox 255 3550 380 3598; x_wconf 74' lang='grc' dir='ltr'>ναι,</span> <span class='ocrx_word' id='word_1_574' title='bbox 411 3536 506 3587; x_wconf 80' lang='grc' dir='ltr'>καὶ</span> <span class='ocrx_word' id='word_1_575' title='bbox 546 3535 594 3586; x_wconf 80' lang='lat' dir='ltr'><strong>oi</strong></span> <span class='ocrx_word' id='word_1_576' title='bbox 637 3533 823 3604; x_wconf 82' lang='grc' dir='ltr'>λύχνοι</span> <span class='ocrx_word' id='word_1_577' title='bbox 853 3534 1158 3604; x_wconf 85' lang='grc' dir='ltr'>καιόμενοι,</span> <span class='ocrx_word' id='word_1_578' title='bbox 1198 3535 1294 3588; x_wconf 71' lang='grc' dir='ltr'>καὶ</span> <span class='ocrx_word' id='word_1_579' title='bbox 1339 3535 1498 3604; x_wconf 83' lang='grc' dir='ltr'>ὑμεῖς</span> <span class='ocrx_word' id='word_1_580' title='bbox 1535 3535 1712 3602; x_wconf 82' lang='grc' dir='ltr'>ὅμοιοι</span> <span class='ocrx_word' id='word_1_581' title='bbox 1755 3534 1848 3586; x_wconf 83' lang='grc' dir='ltr'><strong>ἁν-</strong></span> 
     </span>
    </p>
   </div>
   <div class='ocr_carea' id='block_1_70' title="bbox 258 3624 1850 3697">
    <p class='ocr_par' dir='ltr' id='par_1_70' title="bbox 258 3624 1850 3697">
     <span class='ocr_line' id='line_1_70' title="bbox 258 3624 1850 3697; baseline -0.002 -18"><span class='ocrx_word' id='word_1_582' title='bbox 258 3624 512 3697; x_wconf 83' lang='grc' dir='ltr'>θρώποις</span> <span class='ocrx_word' id='word_1_583' title='bbox 557 3625 1012 3697; x_wconf 82' lang='grc' dir='ltr'>προσδεχομένοις</span> <span class='ocrx_word' id='word_1_584' title='bbox 1054 3627 1146 3679; x_wconf 77' lang='grc' dir='ltr'>τὸν</span> <span class='ocrx_word' id='word_1_585' title='bbox 1195 3625 1384 3696; x_wconf 87' lang='grc' dir='ltr'>κύριον</span> <span class='ocrx_word' id='word_1_586' title='bbox 1429 3624 1678 3690; x_wconf 79' lang='grc' dir='ltr'>ἑαυτῶν,</span> <span class='ocrx_word' id='word_1_587' title='bbox 1718 3626 1850 3678; x_wconf 81' lang='grc' dir='ltr'>πότε</span> 
     </span>
    </p>
   </div>
   <div class='ocr_carea' id='block_1_71' title="bbox 256 3714 1853 3786">
    <p class='ocr_par' dir='ltr' id='par_1_71' title="bbox 256 3714 1853 3786">
     <span class='ocr_line' id='line_1_71' title="bbox 256 3714 1853 3786; baseline 0.001 -18"><span class='ocrx_word' id='word_1_588' title='bbox 256 3714 530 3768; x_wconf 79' lang='grc' dir='ltr'>ἀναλύσει</span> <span class='ocrx_word' id='word_1_589' title='bbox 583 3716 648 3768; x_wconf 79' lang='grc' dir='ltr'>ὲκ</span> <span class='ocrx_word' id='word_1_590' title='bbox 692 3715 802 3768; x_wconf 89' lang='grc' dir='ltr'><strong>τῶν</strong></span> <span class='ocrx_word' id='word_1_591' title='bbox 849 3720 1078 3786; x_wconf 72' lang='grc' dir='ltr'>γάμωψ</span> <span class='ocrx_word' id='word_1_592' title='bbox 1118 3717 1207 3771; x_wconf 82' lang='grc' dir='ltr'><strong>ἵνα</strong></span> <span class='ocrx_word' id='word_1_593' title='bbox 1249 3717 1515 3781; x_wconf 69' lang='grc' dir='ltr'>ἐλθόντος,</span> <span class='ocrx_word' id='word_1_594' title='bbox 1564 3717 1661 3770; x_wconf 74' lang='grc' dir='ltr'>καὶ</span> <span class='ocrx_word' id='word_1_595' title='bbox 1690 3715 1853 3786; x_wconf 84' lang='grc' dir='ltr'>κρού-</span> 
     </span>
    </p>
   </div>
   <div class='ocr_carea' id='block_1_72' title="bbox 210 3807 1842 3880">
    <p class='ocr_par' dir='ltr' id='par_1_72' title="bbox 210 3807 1842 3880">
     <span class='ocr_line' id='line_1_72' title="bbox 210 3807 1842 3880; baseline 0.002 -21"><span class='ocrx_word' id='word_1_596' title='bbox 210 3847 216 3852; x_wconf 94' lang='grc'><strong>.</strong></span> <span class='ocrx_word' id='word_1_597' title='bbox 259 3823 485 3872; x_wconf 78' lang='grc' dir='ltr'>σαντος,</span> <span class='ocrx_word' id='word_1_598' title='bbox 538 3807 739 3871; x_wconf 85' lang='grc' dir='ltr'>εύθέως</span> <span class='ocrx_word' id='word_1_599' title='bbox 793 3807 1080 3874; x_wconf 80' lang='grc' dir='ltr'>ἀνοίξωσιν</span> <span class='ocrx_word' id='word_1_600' title='bbox 1131 3809 1298 3880; x_wconf 80' lang='grc' dir='ltr'>αὐτῷ.</span> <span class='ocrx_word' id='word_1_601' title='bbox 1365 3827 1386 3860; x_wconf 77' lang='grc' dir='ltr'><strong>ι</strong></span> <span class='ocrx_word' id='word_1_602' title='bbox 1444 3809 1557 3864; x_wconf 73' lang='grc' dir='ltr'>Καὶ</span> <span class='ocrx_word' id='word_1_603' title='bbox 1614 3809 1842 3876; x_wconf 78' lang='grc' dir='ltr'>ἐπάγει·</span> 
     </span>
    </p>
   </div>
   <div class='ocr_carea' id='block_1_73' title="bbox 262 3898 1849 3975">
    <p class='ocr_par' dir='ltr' id='par_1_73' title="bbox 262 3898 1849 3975">
     <span class='ocr_line' id='line_1_73' title="bbox 262 3898 1849 3975; baseline 0.004 -24"><span class='ocrx_word' id='word_1_604' title='bbox 262 3917 287 3951; x_wconf 68' lang='grc' dir='ltr'><strong>ι</strong></span> <span class='ocrx_word' id='word_1_605' title='bbox 327 3899 606 3970; x_wconf 77' lang='grc' dir='ltr'>Μακάριοι</span> <span class='ocrx_word' id='word_1_606' title='bbox 660 3900 711 3951; x_wconf 83' lang='grc' dir='ltr'>οι</span> <span class='ocrx_word' id='word_1_607' title='bbox 759 3898 937 3953; x_wconf 88' lang='grc' dir='ltr'>δοῦλοι</span> <span class='ocrx_word' id='word_1_608' title='bbox 969 3902 1184 3968; x_wconf 80' lang='grc' dir='ltr'>ἐκεῖνοι,</span> <span class='ocrx_word' id='word_1_609' title='bbox 1231 3902 1326 3966; x_wconf 82' lang='grc' dir='ltr'><strong>οὓς</strong></span> <span class='ocrx_word' id='word_1_610' title='bbox 1362 3903 1531 3957; x_wconf 79' lang='grc' dir='ltr'>ἐλθὼν</span> <span class='ocrx_word' id='word_1_611' title='bbox 1572 3905 1601 3956; x_wconf 94' lang='lat'><strong>6</strong></span> <span class='ocrx_word' id='word_1_612' title='bbox 1645 3904 1849 3975; x_wconf 85' lang='grc' dir='ltr'>Κύριος</span> 
     </span>
    </p>
   </div>
   <div class='ocr_carea' id='block_1_74' title="bbox 258 3991 1850 4067">
    <p class='ocr_par' dir='ltr' id='par_1_74' title="bbox 258 3991 1850 4067">
     <span class='ocr_line' id='line_1_74' title="bbox 258 3991 1850 4067; baseline 0.003 -23"><span class='ocrx_word' id='word_1_613' title='bbox 258 3992 498 4061; x_wconf 81' lang='grc' dir='ltr'>εὑρήσει</span> <span class='ocrx_word' id='word_1_614' title='bbox 538 3991 967 4062; x_wconf 79' lang='grc' dir='ltr'>γρηγοροῦντας.</span> <span class='ocrx_word' id='word_1_615' title='bbox 1012 3992 1187 4064; x_wconf 75' lang='grc' dir='ltr'>Ἀμὴν</span> <span class='ocrx_word' id='word_1_616' title='bbox 1216 3993 1358 4063; x_wconf 85' lang='grc' dir='ltr'>λέγω</span> <span class='ocrx_word' id='word_1_617' title='bbox 1401 3995 1548 4066; x_wconf 79' lang='grc' dir='ltr'>ὑμῖν,</span> <span class='ocrx_word' id='word_1_618' title='bbox 1582 3997 1664 4050; x_wconf 82' lang='grc' dir='ltr'>ὅτι</span> <span class='ocrx_word' id='word_1_619' title='bbox 1701 4014 1850 4067; x_wconf 87' lang='grc' dir='ltr'>περι-</span> 
     </span>
    </p>
   </div>
   <div class='ocr_carea' id='block_1_75' title="bbox 259 4082 1851 4157">
    <p class='ocr_par' dir='ltr' id='par_1_75' title="bbox 259 4082 1851 4157">
     <span class='ocr_line' id='line_1_75' title="bbox 259 4082 1851 4157; baseline 0.003 -22"><span class='ocrx_word' id='word_1_620' title='bbox 259 4082 530 4149; x_wconf 79' lang='grc' dir='ltr'>ζώσεται,</span> <span class='ocrx_word' id='word_1_621' title='bbox 573 4086 667 4136; x_wconf 75' lang='grc' dir='ltr'>καὶ</span> <span class='ocrx_word' id='word_1_622' title='bbox 711 4085 990 4138; x_wconf 85' lang='grc' dir='ltr'>ἀνακλινεῖ</span> <span class='ocrx_word' id='word_1_623' title='bbox 1033 4087 1249 4151; x_wconf 71' lang='grc' dir='ltr'>αὐτοὺς,</span> <span class='ocrx_word' id='word_1_624' title='bbox 1277 4087 1371 4139; x_wconf 80' lang='grc' dir='ltr'><strong>καὶ</strong></span> <span class='ocrx_word' id='word_1_625' title='bbox 1413 4087 1696 4157; x_wconf 86' lang='grc' dir='ltr'>παρελθὼν</span> <span class='ocrx_word' id='word_1_626' title='bbox 1733 4087 1851 4140; x_wconf 83' lang='grc' dir='ltr'>δια-</span> 
     </span>
    </p>
   </div>
   <div class='ocr_carea' id='block_1_76' title="bbox 261 4176 1845 4249">
    <p class='ocr_par' dir='ltr' id='par_1_76' title="bbox 261 4176 1845 4249">
     <span class='ocr_line' id='line_1_76' title="bbox 261 4176 1845 4249; baseline 0.001 -19"><span class='ocrx_word' id='word_1_627' title='bbox 261 4177 501 4246; x_wconf 81' lang='grc' dir='ltr'>κονήσει</span> <span class='ocrx_word' id='word_1_628' title='bbox 539 4176 747 4240; x_wconf 81' lang='grc' dir='ltr'>αὐτοῖς.</span> <span class='ocrx_word' id='word_1_629' title='bbox 800 4194 821 4229; x_wconf 75' lang='grc' dir='ltr'><strong>ι</strong></span> <span class='ocrx_word' id='word_1_630' title='bbox 873 4177 1033 4249; x_wconf 77' lang='grc' dir='ltr'><strong>Αύτῷ</strong></span> <span class='ocrx_word' id='word_1_631' title='bbox 1082 4179 1116 4247; x_wconf 85' lang='grc' dir='ltr'>ἡ</span> <span class='ocrx_word' id='word_1_632' title='bbox 1164 4177 1292 4242; x_wconf 80' lang='grc' dir='ltr'>δόξα</span> <span class='ocrx_word' id='word_1_633' title='bbox 1339 4180 1418 4242; x_wconf 84' lang='grc' dir='ltr'>εἰς</span> <span class='ocrx_word' id='word_1_634' title='bbox 1445 4180 1572 4242; x_wconf 82' lang='grc' dir='ltr'>τοὺς</span> <span class='ocrx_word' id='word_1_635' title='bbox 1621 4179 1845 4242; x_wconf 84' lang='grc' dir='ltr'>αἰῶνας.</span> 
     </span>
    </p>
   </div>
   <div class='ocr_carea' id='block_1_77' title="bbox 273 4268 477 4336">
    <p class='ocr_par' dir='ltr' id='par_1_77' title="bbox 273 4268 477 4336">
     <span class='ocr_line' id='line_1_77' title="bbox 273 4268 477 4336; baseline 0 -15"><span class='ocrx_word' id='word_1_636' title='bbox 273 4268 477 4336; x_wconf 81' lang='grc' dir='ltr'>Ἀμήν.</span> 
     </span>
    </p>
   </div>
   <div class='ocr_carea' id='block_1_78' title="bbox 1948 3255 3528 3324">
    <p class='ocr_par' dir='ltr' id='par_1_78' title="bbox 1948 3255 3528 3324">
     <span class='ocr_line' id='line_1_78' title="bbox 1948 3255 3528 3324; baseline -0.003 -8"><span class='ocrx_word' id='word_1_637' title='bbox 1948 3262 2328 3316; x_wconf 88' lang='lat' dir='ltr'><strong>demorabitur</strong></span> <span class='ocrx_word' id='word_1_638' title='bbox 2375 3259 2559 3324; x_wconf 88' lang='lat' dir='ltr'><strong>ﬂetus,</strong></span> <span class='ocrx_word' id='word_1_639' title='bbox 2591 3268 2647 3313; x_wconf 92' lang='lat' dir='ltr'><strong>et</strong></span> <span class='ocrx_word' id='word_1_640' title='bbox 2693 3259 2760 3312; x_wconf 91' lang='lat' dir='ltr'><strong>ad</strong></span> <span class='ocrx_word' id='word_1_641' title='bbox 2804 3259 3137 3312; x_wconf 89' lang='lat' dir='ltr'><strong>matutinum</strong></span> <span class='ocrx_word' id='word_1_642' title='bbox 3169 3258 3362 3313; x_wconf 77' lang='lat' dir='ltr'><strong>laetitia</strong></span> <span class='ocrx_word' id='word_1_643' title='bbox 3397 3255 3463 3314; x_wconf 79' lang='grc'><strong>⁸⁸.</strong></span> <span class='ocrx_word' id='word_1_644' title='bbox 3506 3277 3528 3312; x_wconf 76' lang='grc' dir='ltr'><strong>ι</strong></span> 
     </span>
    </p>
   </div>
   <div class='ocr_carea' id='block_1_79' title="bbox 1947 3348 3526 3418">
    <p class='ocr_par' dir='ltr' id='par_1_79' title="bbox 1947 3348 3526 3418">
     <span class='ocr_line' id='line_1_79' title="bbox 1947 3348 3526 3418; baseline -0.004 -12"><span class='ocrx_word' id='word_1_645' title='bbox 1947 3353 2016 3406; x_wconf 83' lang='grc' dir='ltr'>Ει</span> <span class='ocrx_word' id='word_1_646' title='bbox 2046 3352 2182 3405; x_wconf 92' lang='lat' dir='ltr'><strong>illud</strong></span> <span class='ocrx_word' id='word_1_647' title='bbox 2208 3368 2222 3404; x_wconf 91' lang='lat'><strong>:</strong></span> <span class='ocrx_word' id='word_1_648' title='bbox 2255 3371 2271 3402; x_wconf 86' lang='grc' dir='ltr'><strong>ι</strong></span> <span class='ocrx_word' id='word_1_649' title='bbox 2299 3350 2554 3410; x_wconf 81' lang='lat' dir='ltr'><strong>Statuisti</strong></span> <span class='ocrx_word' id='word_1_650' title='bbox 2574 3349 2628 3402; x_wconf 92' lang='lat' dir='ltr'><strong>in</strong></span> <span class='ocrx_word' id='word_1_651' title='bbox 2655 3349 2777 3416; x_wconf 79' lang='lat' dir='ltr'><strong>loco</strong></span> <span class='ocrx_word' id='word_1_652' title='bbox 2803 3349 3047 3418; x_wconf 87' lang='lat' dir='ltr'><strong>spatioso</strong></span> <span class='ocrx_word' id='word_1_653' title='bbox 3070 3348 3240 3417; x_wconf 89' lang='lat' dir='ltr'><strong>pedes</strong></span> <span class='ocrx_word' id='word_1_654' title='bbox 3256 3363 3408 3402; x_wconf 89' lang='lat' dir='ltr'><strong>meos</strong></span> <span class='ocrx_word' id='word_1_655' title='bbox 3427 3349 3526 3403; x_wconf 70' lang='grc'><strong>⁸⁸.»</strong></span> 
     </span>
    </p>
   </div>
   <div class='ocr_carea' id='block_1_80' title="bbox 1945 3438 3532 3510">
    <p class='ocr_par' dir='ltr' id='par_1_80' title="bbox 1945 3438 3532 3510">
     <span class='ocr_line' id='line_1_80' title="bbox 1945 3438 3532 3510; baseline -0.003 -14"><span class='ocrx_word' id='word_1_656' title='bbox 1945 3442 2150 3498; x_wconf 89' lang='lat' dir='ltr'><strong>lterum</strong></span> <span class='ocrx_word' id='word_1_657' title='bbox 2174 3451 2231 3496; x_wconf 90' lang='lat' dir='ltr'><strong>et</strong></span> <span class='ocrx_word' id='word_1_658' title='bbox 2254 3440 2546 3510; x_wconf 82' lang='lat' dir='ltr'><strong>Apostolus</strong></span> <span class='ocrx_word' id='word_1_659' title='bbox 2574 3456 2587 3492; x_wconf 91' lang='lat'><strong>:</strong></span> <span class='ocrx_word' id='word_1_660' title='bbox 2623 3459 2640 3489; x_wconf 83' lang='grc' dir='ltr'><strong>ι</strong></span> <span class='ocrx_word' id='word_1_661' title='bbox 2669 3439 2722 3492; x_wconf 91' lang='lat' dir='ltr'><strong>Si</strong></span> <span class='ocrx_word' id='word_1_662' title='bbox 2753 3440 2921 3509; x_wconf 80' lang='lat' dir='ltr'><strong>igitur</strong></span> <span class='ocrx_word' id='word_1_663' title='bbox 2944 3438 3374 3492; x_wconf 76' lang='lat' dir='ltr'><strong>consurrexistis</strong></span> <span class='ocrx_word' id='word_1_664' title='bbox 3405 3455 3532 3493; x_wconf 88' lang='lat' dir='ltr'><strong>cum</strong></span> 
     </span>
    </p>
   </div>
   <div class='ocr_carea' id='block_1_81' title="bbox 1945 3529 3532 3602">
    <p class='ocr_par' dir='ltr' id='par_1_81' title="bbox 1945 3529 3532 3602">
     <span class='ocr_line' id='line_1_81' title="bbox 1945 3529 3532 3602; baseline -0.003 -13"><span class='ocrx_word' id='word_1_665' title='bbox 1945 3533 2187 3599; x_wconf 88' lang='lat' dir='ltr'><strong>Christo,</strong></span> <span class='ocrx_word' id='word_1_666' title='bbox 2230 3547 2352 3602; x_wconf 64' lang='lat' dir='ltr'><strong>quae</strong></span> <span class='ocrx_word' id='word_1_667' title='bbox 2399 3546 2620 3585; x_wconf 88' lang='lat' dir='ltr'><strong>sursum</strong></span> <span class='ocrx_word' id='word_1_668' title='bbox 2669 3540 2799 3584; x_wconf 89' lang='lat' dir='ltr'><strong>sunt</strong></span> <span class='ocrx_word' id='word_1_669' title='bbox 2843 3533 3101 3599; x_wconf 71' lang='lat' dir='ltr'><strong>qnmrite,</strong></span> <span class='ocrx_word' id='word_1_670' title='bbox 3144 3529 3240 3583; x_wconf 91' lang='lat' dir='ltr'><strong>ubi</strong></span> <span class='ocrx_word' id='word_1_671' title='bbox 3273 3529 3532 3585; x_wconf 90' lang='lat' dir='ltr'><strong>Christus</strong></span> 
     </span>
    </p>
   </div>
   <div class='ocr_carea' id='block_1_82' title="bbox 1950 3617 3532 3687">
    <p class='ocr_par' dir='ltr' id='par_1_82' title="bbox 1950 3617 3532 3687">
     <span class='ocr_line' id='line_1_82' title="bbox 1950 3617 3532 3687; baseline -0.005 -8"><span class='ocrx_word' id='word_1_672' title='bbox 1950 3633 2035 3680; x_wconf 88' lang='lat' dir='ltr'><strong>est</strong></span> <span class='ocrx_word' id='word_1_673' title='bbox 2068 3623 2124 3676; x_wconf 89' lang='lat' dir='ltr'><strong>in</strong></span> <span class='ocrx_word' id='word_1_674' title='bbox 2157 3622 2380 3676; x_wconf 78' lang='lat' dir='ltr'><strong>dextera</strong></span> <span class='ocrx_word' id='word_1_675' title='bbox 2425 3620 2519 3674; x_wconf 93' lang='lat' dir='ltr'><strong>Dei</strong></span> <span class='ocrx_word' id='word_1_676' title='bbox 2551 3617 2751 3672; x_wconf 88' lang='lat' dir='ltr'><strong>sedens</strong></span> <span class='ocrx_word' id='word_1_677' title='bbox 2785 3636 2798 3671; x_wconf 91' lang='lat'><strong>:</strong></span> <span class='ocrx_word' id='word_1_678' title='bbox 2836 3634 2959 3687; x_wconf 63' lang='lat' dir='ltr'><strong>qua!</strong></span> <span class='ocrx_word' id='word_1_679' title='bbox 3009 3632 3231 3671; x_wconf 88' lang='lat' dir='ltr'><strong>sursum</strong></span> <span class='ocrx_word' id='word_1_680' title='bbox 3281 3627 3410 3672; x_wconf 89' lang='lat' dir='ltr'><strong>sunt</strong></span> <span class='ocrx_word' id='word_1_681' title='bbox 3441 3632 3532 3671; x_wconf 86' lang='lat' dir='ltr'><strong>sa-</strong></span> 
     </span>
    </p>
   </div>
   <div class='ocr_carea' id='block_1_83' title="bbox 1949 3707 3535 3786">
    <p class='ocr_par' dir='ltr' id='par_1_83' title="bbox 1949 3707 3535 3786">
     <span class='ocr_line' id='line_1_83' title="bbox 1949 3707 3535 3786; baseline -0.004 -18"><span class='ocrx_word' id='word_1_682' title='bbox 1949 3715 2087 3786; x_wconf 89' lang='lat' dir='ltr'><strong>pite,</strong></span> <span class='ocrx_word' id='word_1_683' title='bbox 2121 3729 2232 3767; x_wconf 90' lang='lat' dir='ltr'><strong>non</strong></span> <span class='ocrx_word' id='word_1_684' title='bbox 2265 3727 2386 3782; x_wconf 70' lang='lat' dir='ltr'><strong>qua:</strong></span> <span class='ocrx_word' id='word_1_685' title='bbox 2412 3727 2579 3781; x_wconf 91' lang='lat' dir='ltr'><strong>super</strong></span> <span class='ocrx_word' id='word_1_686' title='bbox 2612 3718 2818 3763; x_wconf 90' lang='lat' dir='ltr'><strong>terram</strong></span> <span class='ocrx_word' id='word_1_687' title='bbox 2857 3709 2921 3762; x_wconf 81' lang='grc' dir='ltr'><strong>⁷ο.</strong></span> <span class='ocrx_word' id='word_1_688' title='bbox 2959 3727 2978 3760; x_wconf 81' lang='grc' dir='ltr'><strong>ι</strong></span> <span class='ocrx_word' id='word_1_689' title='bbox 3012 3709 3270 3763; x_wconf 84' lang='lat' dir='ltr'><strong>Rursus:</strong></span> <span class='ocrx_word' id='word_1_690' title='bbox 3315 3727 3334 3760; x_wconf 81' lang='grc' dir='ltr'><strong>ι</strong></span> <span class='ocrx_word' id='word_1_691' title='bbox 3377 3707 3535 3762; x_wconf 84' lang='lat' dir='ltr'><strong>Nunc</strong></span> 
     </span>
    </p>
   </div>
   <div class='ocr_carea' id='block_1_84' title="bbox 1957 3799 3532 3871">
    <p class='ocr_par' dir='ltr' id='par_1_84' title="bbox 1957 3799 3532 3871">
     <span class='ocr_line' id='line_1_84' title="bbox 1957 3799 3532 3871; baseline -0.004 -10"><span class='ocrx_word' id='word_1_692' title='bbox 1957 3814 2144 3861; x_wconf 88' lang='lat' dir='ltr'><strong>autem</strong></span> <span class='ocrx_word' id='word_1_693' title='bbox 2177 3802 2397 3858; x_wconf 87' lang='lat' dir='ltr'><strong>liberati</strong></span> <span class='ocrx_word' id='word_1_694' title='bbox 2427 3818 2456 3855; x_wconf 90' lang='lat' dir='ltr'><strong>a</strong></span> <span class='ocrx_word' id='word_1_695' title='bbox 2483 3811 2730 3871; x_wconf 87' lang='lat' dir='ltr'><strong>peccato,</strong></span> <span class='ocrx_word' id='word_1_696' title='bbox 2750 3800 2894 3855; x_wconf 87' lang='lat' dir='ltr'><strong>servi</strong></span> <span class='ocrx_word' id='word_1_697' title='bbox 2930 3800 3058 3854; x_wconf 84' lang='lat' dir='ltr'><strong>facti</strong></span> <span class='ocrx_word' id='word_1_698' title='bbox 3083 3800 3326 3864; x_wconf 85' lang='lat' dir='ltr'><strong>Christo,</strong></span> <span class='ocrx_word' id='word_1_699' title='bbox 3356 3799 3532 3854; x_wconf 86' lang='lat' dir='ltr'><strong>habe-</strong></span> 
     </span>
    </p>
   </div>
   <div class='ocr_carea' id='block_1_85' title="bbox 1957 3890 3532 3958">
    <p class='ocr_par' dir='ltr' id='par_1_85' title="bbox 1957 3890 3532 3958">
     <span class='ocr_line' id='line_1_85' title="bbox 1957 3890 3532 3958; baseline -0.003 -8"><span class='ocrx_word' id='word_1_700' title='bbox 1957 3898 2030 3953; x_wconf 90' lang='lat' dir='ltr'><strong>tis</strong></span> <span class='ocrx_word' id='word_1_701' title='bbox 2056 3897 2294 3951; x_wconf 82' lang='lat' dir='ltr'><strong>fructum</strong></span> <span class='ocrx_word' id='word_1_702' title='bbox 2321 3905 2567 3949; x_wconf 89' lang='lat' dir='ltr'><strong>vestrum</strong></span> <span class='ocrx_word' id='word_1_703' title='bbox 2591 3894 2645 3946; x_wconf 91' lang='lat' dir='ltr'><strong>in</strong></span> <span class='ocrx_word' id='word_1_704' title='bbox 2669 3891 3185 3958; x_wconf 81' lang='lat' dir='ltr'><strong>sanctiﬁcationem,</strong></span> <span class='ocrx_word' id='word_1_705' title='bbox 3207 3890 3371 3946; x_wconf 81' lang='lat' dir='ltr'><strong>tinem</strong></span> <span class='ocrx_word' id='word_1_706' title='bbox 3397 3906 3532 3946; x_wconf 89' lang='lat' dir='ltr'><strong>vero</strong></span> 
     </span>
    </p>
   </div>
   <div class='ocr_carea' id='block_1_86' title="bbox 1954 3982 3522 4043">
    <p class='ocr_par' dir='ltr' id='par_1_86' title="bbox 1954 3982 3522 4043">
     <span class='ocr_line' id='line_1_86' title="bbox 1954 3982 3522 4043; baseline -0.007 0"><span class='ocrx_word' id='word_1_707' title='bbox 1954 3988 2127 4043; x_wconf 92' lang='lat' dir='ltr'><strong>vitam</strong></span> <span class='ocrx_word' id='word_1_708' title='bbox 2152 3996 2411 4041; x_wconf 82' lang='lat' dir='ltr'><strong>aeternam</strong></span> <span class='ocrx_word' id='word_1_709' title='bbox 2442 3985 2497 4038; x_wconf 91' lang='lat' dir='ltr'><strong>in</strong></span> <span class='ocrx_word' id='word_1_710' title='bbox 2530 3983 2750 4038; x_wconf 88' lang='lat' dir='ltr'><strong>Christo</strong></span> <span class='ocrx_word' id='word_1_711' title='bbox 2772 3983 2900 4038; x_wconf 76' lang='lat' dir='ltr'><strong>Iesu</strong></span> <span class='ocrx_word' id='word_1_712' title='bbox 2936 3982 3167 4036; x_wconf 90' lang='lat' dir='ltr'><strong>Domino</strong></span> <span class='ocrx_word' id='word_1_713' title='bbox 3200 3989 3393 4036; x_wconf 89' lang='lat' dir='ltr'><strong>nostro</strong></span> <span class='ocrx_word' id='word_1_714' title='bbox 3423 3982 3522 4037; x_wconf 70' lang='grc' dir='ltr'><strong>⁸η.»</strong></span> 
     </span>
    </p>
   </div>
   <div class='ocr_carea' id='block_1_87' title="bbox 1953 4070 3533 4139">
    <p class='ocr_par' dir='ltr' id='par_1_87' title="bbox 1953 4070 3533 4139">
     <span class='ocr_line' id='line_1_87' title="bbox 1953 4070 3533 4139; baseline -0.004 -8"><span class='ocrx_word' id='word_1_715' title='bbox 1953 4077 2218 4131; x_wconf 90' lang='lat' dir='ltr'><strong>Dominus</strong></span> <span class='ocrx_word' id='word_1_716' title='bbox 2267 4074 2398 4128; x_wconf 87' lang='lat' dir='ltr'><strong>item</strong></span> <span class='ocrx_word' id='word_1_717' title='bbox 2435 4089 2448 4125; x_wconf 89' lang='lat'><strong>:</strong></span> <span class='ocrx_word' id='word_1_718' title='bbox 2493 4091 2510 4123; x_wconf 84' lang='grc' dir='ltr'><strong>ι</strong></span> <span class='ocrx_word' id='word_1_719' title='bbox 2553 4072 2674 4126; x_wconf 90' lang='lat' dir='ltr'><strong>Sint</strong></span> <span class='ocrx_word' id='word_1_720' title='bbox 2708 4072 2882 4125; x_wconf 89' lang='lat' dir='ltr'><strong>lumbi</strong></span> <span class='ocrx_word' id='word_1_721' title='bbox 2929 4071 3100 4125; x_wconf 83' lang='lat' dir='ltr'><strong>vestri</strong></span> <span class='ocrx_word' id='word_1_722' title='bbox 3148 4070 3429 4139; x_wconf 58' lang='lat' dir='ltr'><strong>praecincti</strong></span> <span class='ocrx_word' id='word_1_723' title='bbox 3474 4078 3533 4125; x_wconf 88' lang='lat' dir='ltr'><strong>et</strong></span> 
     </span>
    </p>
   </div>
   <div class='ocr_carea' id='block_1_88' title="bbox 1954 4161 3535 4228">
    <p class='ocr_par' dir='ltr' id='par_1_88' title="bbox 1954 4161 3535 4228">
     <span class='ocr_line' id='line_1_88' title="bbox 1954 4161 3535 4228; baseline -0.004 -7"><span class='ocrx_word' id='word_1_724' title='bbox 1954 4169 2192 4222; x_wconf 71' lang='lat' dir='ltr'><strong>lucerna:</strong></span> <span class='ocrx_word' id='word_1_725' title='bbox 2244 4165 2526 4228; x_wconf 87' lang='lat' dir='ltr'><strong>ardentes,</strong></span> <span class='ocrx_word' id='word_1_726' title='bbox 2574 4172 2632 4217; x_wconf 91' lang='lat' dir='ltr'><strong>et</strong></span> <span class='ocrx_word' id='word_1_727' title='bbox 2682 4178 2782 4217; x_wconf 88' lang='lat' dir='ltr'><strong>vos</strong></span> <span class='ocrx_word' id='word_1_728' title='bbox 2817 4162 3029 4216; x_wconf 88' lang='lat' dir='ltr'><strong>similes</strong></span> <span class='ocrx_word' id='word_1_729' title='bbox 3076 4161 3400 4215; x_wconf 85' lang='lat' dir='ltr'><strong>hominibus</strong></span> <span class='ocrx_word' id='word_1_730' title='bbox 3433 4177 3535 4215; x_wconf 80' lang='lat' dir='ltr'><strong>ex-</strong></span> 
     </span>
    </p>
   </div>
   <div class='ocr_carea' id='block_1_89' title="bbox 1955 4249 3532 4326">
    <p class='ocr_par' dir='ltr' id='par_1_89' title="bbox 1955 4249 3532 4326">
     <span class='ocr_line' id='line_1_89' title="bbox 1955 4249 3532 4326; baseline -0.005 -14"><span class='ocrx_word' id='word_1_731' title='bbox 1955 4255 2330 4326; x_wconf 84' lang='lat' dir='ltr'><strong>Spectantibus</strong></span> <span class='ocrx_word' id='word_1_732' title='bbox 2359 4251 2647 4308; x_wconf 88' lang='lat' dir='ltr'><strong>dominum</strong></span> <span class='ocrx_word' id='word_1_733' title='bbox 2698 4266 2881 4317; x_wconf 90' lang='lat' dir='ltr'><strong>suum,</strong></span> <span class='ocrx_word' id='word_1_734' title='bbox 2913 4249 3134 4320; x_wconf 90' lang='lat' dir='ltr'><strong>quando</strong></span> <span class='ocrx_word' id='word_1_735' title='bbox 3162 4259 3475 4304; x_wconf 87' lang='lat' dir='ltr'><strong>revertatur</strong></span> <span class='ocrx_word' id='word_1_736' title='bbox 3501 4269 3532 4304; x_wconf 72' lang='grc' dir='ltr'><strong>ιι</strong></span> 
     </span>
    </p>
   </div>
   <div class='ocr_carea' id='block_1_90' title="bbox 259 4358 3534 4434">
    <p class='ocr_par' dir='ltr' id='par_1_90' title="bbox 259 4358 3534 4434">
     <span class='ocr_line' id='line_1_90' title="bbox 259 4358 3534 4434; baseline -0.001 -19"><span class='ocrx_word' id='word_1_737' title='bbox 259 4359 502 4429; x_wconf 90' lang='lat' dir='ltr'><strong>nuptiis,</strong></span> <span class='ocrx_word' id='word_1_738' title='bbox 565 4369 627 4417; x_wconf 92' lang='lat' dir='ltr'><strong>ut</strong></span> <span class='ocrx_word' id='word_1_739' title='bbox 663 4377 790 4418; x_wconf 89' lang='lat' dir='ltr'><strong>cum</strong></span> <span class='ocrx_word' id='word_1_740' title='bbox 831 4362 1047 4419; x_wconf 85' lang='lat' dir='ltr'><strong>venerit</strong></span> <span class='ocrx_word' id='word_1_741' title='bbox 1102 4371 1160 4417; x_wconf 89' lang='lat' dir='ltr'><strong>et</strong></span> <span class='ocrx_word' id='word_1_742' title='bbox 1211 4363 1548 4433; x_wconf 86' lang='lat' dir='ltr'><strong>pulsaverit,</strong></span> <span class='ocrx_word' id='word_1_743' title='bbox 1620 4363 1874 4434; x_wconf 89' lang='lat' dir='ltr'><strong>aperiant</strong></span> <span class='ocrx_word' id='word_1_744' title='bbox 1908 4363 1961 4418; x_wconf 90' lang='lat' dir='ltr'><strong>ei</strong></span> <span class='ocrx_word' id='word_1_745' title='bbox 1986 4365 2052 4416; x_wconf 76' lang='lat'><strong>7&#39;.</strong></span> <span class='ocrx_word' id='word_1_746' title='bbox 2091 4383 2109 4415; x_wconf 76' lang='grc' dir='ltr'><strong>ι</strong></span> <span class='ocrx_word' id='word_1_747' title='bbox 2144 4362 2359 4417; x_wconf 90' lang='lat' dir='ltr'><strong>Inducit</strong></span> <span class='ocrx_word' id='word_1_748' title='bbox 2386 4378 2401 4414; x_wconf 88' lang='lat'>:</span> <span class='ocrx_word' id='word_1_749' title='bbox 2432 4379 2448 4411; x_wconf 88' lang='grc' dir='ltr'><strong>ι</strong></span> <span class='ocrx_word' id='word_1_750' title='bbox 2479 4359 2629 4414; x_wconf 87' lang='lat' dir='ltr'><strong>Beati</strong></span> <span class='ocrx_word' id='word_1_751' title='bbox 2657 4359 2803 4413; x_wconf 84' lang='lat' dir='ltr'><strong>servi</strong></span> <span class='ocrx_word' id='word_1_752' title='bbox 2831 4359 2909 4412; x_wconf 91' lang='lat' dir='ltr'><strong>illi</strong></span> <span class='ocrx_word' id='word_1_753' title='bbox 2943 4373 3082 4428; x_wconf 89' lang='lat' dir='ltr'><strong>quos</strong></span> <span class='ocrx_word' id='word_1_754' title='bbox 3136 4374 3262 4414; x_wconf 88' lang='lat' dir='ltr'><strong>cum</strong></span> <span class='ocrx_word' id='word_1_755' title='bbox 3319 4358 3534 4414; x_wconf 80' lang='lat' dir='ltr'><strong>venerit</strong></span> 
     </span>
    </p>
   </div>
   <div class='ocr_carea' id='block_1_91' title="bbox 259 4449 3532 4528">
    <p class='ocr_par' dir='ltr' id='par_1_91' title="bbox 259 4449 3532 4528">
     <span class='ocr_line' id='line_1_91' title="bbox 259 4449 3532 4528; baseline -0.002 -17"><span class='ocrx_word' id='word_1_756' title='bbox 259 4457 568 4523; x_wconf 91' lang='lat' dir='ltr'><strong>dominus,</strong></span> <span class='ocrx_word' id='word_1_757' title='bbox 606 4457 882 4513; x_wconf 78' lang='lat' dir='ltr'><strong>invenerit</strong></span> <span class='ocrx_word' id='word_1_758' title='bbox 930 4457 1239 4528; x_wconf 82' lang='lat' dir='ltr'><strong>vigilantes.</strong></span> <span class='ocrx_word' id='word_1_759' title='bbox 1290 4459 1464 4512; x_wconf 83' lang='lat' dir='ltr'><strong>Amen</strong></span> <span class='ocrx_word' id='word_1_760' title='bbox 1527 4459 1653 4514; x_wconf 91' lang='lat' dir='ltr'><strong>dico</strong></span> <span class='ocrx_word' id='word_1_761' title='bbox 1693 4457 1873 4524; x_wconf 81' lang='lat' dir='ltr'><strong>vobis,</strong></span> <span class='ocrx_word' id='word_1_762' title='bbox 1912 4457 2059 4527; x_wconf 83' lang='lat' dir='ltr'><strong>quod</strong></span> <span class='ocrx_word' id='word_1_763' title='bbox 2101 4456 2493 4525; x_wconf 85' lang='lat' dir='ltr'><strong>circumcinget</strong></span> <span class='ocrx_word' id='word_1_764' title='bbox 2525 4469 2583 4508; x_wconf 89' lang='lat' dir='ltr'><strong>se</strong></span> <span class='ocrx_word' id='word_1_765' title='bbox 2618 4461 2674 4507; x_wconf 93' lang='lat' dir='ltr'><strong>ct</strong></span> <span class='ocrx_word' id='word_1_766' title='bbox 2709 4452 3057 4507; x_wconf 88' lang='lat' dir='ltr'><strong>discumbere</strong></span> <span class='ocrx_word' id='word_1_767' title='bbox 3121 4465 3218 4506; x_wconf 90' lang='lat' dir='ltr'><strong>eos</strong></span> <span class='ocrx_word' id='word_1_768' title='bbox 3255 4449 3449 4516; x_wconf 79' lang='lat' dir='ltr'><strong>faciet,</strong></span> <span class='ocrx_word' id='word_1_769' title='bbox 3475 4460 3532 4506; x_wconf 90' lang='lat' dir='ltr'><strong>et</strong></span> 
     </span>
    </p>
   </div>
   <div class='ocr_carea' id='block_1_92' title="bbox 260 4548 2773 4621">
    <p class='ocr_par' dir='ltr' id='par_1_92' title="bbox 260 4548 2773 4621">
     <span class='ocr_line' id='line_1_92' title="bbox 260 4548 2773 4621; baseline -0.002 -13"><span class='ocrx_word' id='word_1_770' title='bbox 260 4551 547 4608; x_wconf 87' lang='lat' dir='ltr'><strong>transiens</strong></span> <span class='ocrx_word' id='word_1_771' title='bbox 573 4551 913 4607; x_wconf 88' lang='lat' dir='ltr'><strong>ministrabit</strong></span> <span class='ocrx_word' id='word_1_772' title='bbox 943 4551 1052 4606; x_wconf 91' lang='lat' dir='ltr'><strong>illis</strong></span> <span class='ocrx_word' id='word_1_773' title='bbox 1075 4552 1143 4606; x_wconf 76' lang='grc'><strong>⁷³.</strong></span> <span class='ocrx_word' id='word_1_774' title='bbox 1174 4570 1195 4601; x_wconf 70' lang='grc' dir='ltr'><strong>ι</strong></span> <span class='ocrx_word' id='word_1_775' title='bbox 1215 4551 1324 4621; x_wconf 84' lang='lat' dir='ltr'><strong>Ipsi</strong></span> <span class='ocrx_word' id='word_1_776' title='bbox 1354 4551 1526 4621; x_wconf 80' lang='lat' dir='ltr'><strong>gloria</strong></span> <span class='ocrx_word' id='word_1_777' title='bbox 1554 4552 1611 4606; x_wconf 90' lang='lat' dir='ltr'><strong>in</strong></span> <span class='ocrx_word' id='word_1_778' title='bbox 1629 4551 1845 4607; x_wconf 83' lang='lat' dir='ltr'><strong>saecula.</strong></span> <span class='ocrx_word' id='word_1_779' title='bbox 1881 4551 2079 4604; x_wconf 88' lang='lat' dir='ltr'><strong>Amen.</strong></span> <span class='ocrx_word' id='word_1_780' title='bbox 2769 4548 2773 4552; x_wconf 78' lang='grc'><em>’</em></span> 
     </span>
    </p>
   </div>
   <div class='ocr_carea' id='block_1_93' title="bbox 834 4665 1288 4732">
    <p class='ocr_par' dir='ltr' id='par_1_93' title="bbox 834 4665 1288 4732">
     <span class='ocr_line' id='line_1_93' title="bbox 834 4665 1288 4732; baseline 0 -14"><span class='ocrx_word' id='word_1_781' title='bbox 834 4665 1060 4718; x_wconf 84' lang='grc' dir='ltr'><strong>ΛΟΓΟΣ</strong></span> <span class='ocrx_word' id='word_1_782' title='bbox 1096 4665 1288 4732; x_wconf 73' lang='grc' dir='ltr'><strong>Ριςςῖν.</strong></span> 
     </span>
    </p>
   </div>
   <div class='ocr_carea' id='block_1_94' title="bbox 726 4775 1392 4845">
    <p class='ocr_par' dir='ltr' id='par_1_94' title="bbox 726 4775 1392 4845">
     <span class='ocr_line' id='line_1_94' title="bbox 726 4775 1392 4845; baseline 0.003 -15"><span class='ocrx_word' id='word_1_783' title='bbox 726 4775 866 4845; x_wconf 82' lang='grc' dir='ltr'>Περί</span> <span class='ocrx_word' id='word_1_784' title='bbox 905 4775 1184 4842; x_wconf 74' lang='grc' dir='ltr'>κλήσεως</span> <span class='ocrx_word' id='word_1_785' title='bbox 1222 4775 1392 4832; x_wconf 84' lang='grc' dir='ltr'>Θεοῦ.</span> 
     </span>
    </p>
   </div>
   <div class='ocr_carea' id='block_1_95' title="bbox 340 4886 1846 4960">
    <p class='ocr_par' dir='ltr' id='par_1_95' title="bbox 340 4886 1846 4960">
     <span class='ocr_line' id='line_1_95' title="bbox 340 4886 1846 4960; baseline -0.003 -18"><span class='ocrx_word' id='word_1_786' title='bbox 340 4886 450 4942; x_wconf 85' lang='grc' dir='ltr'><strong>Τοῦ</strong></span> <span class='ocrx_word' id='word_1_787' title='bbox 473 4887 680 4959; x_wconf 84' lang='grc' dir='ltr'>Κυρίου</span> <span class='ocrx_word' id='word_1_788' title='bbox 704 4887 800 4960; x_wconf 72' lang='grc' dir='ltr'><strong>καὶ</strong></span> <span class='ocrx_word' id='word_1_789' title='bbox 825 4888 959 4942; x_wconf 88' lang='grc' dir='ltr'>Θεοῦ</span> <span class='ocrx_word' id='word_1_790' title='bbox 978 4887 1268 4952; x_wconf 86' lang='grc' dir='ltr'>καλοῦντος</span> <span class='ocrx_word' id='word_1_791' title='bbox 1297 4888 1464 4960; x_wconf 80' lang='grc' dir='ltr'>ἡμᾶς,</span> <span class='ocrx_word' id='word_1_792' title='bbox 1487 4887 1574 4942; x_wconf 84' lang='grc' dir='ltr'>διά</span> <span class='ocrx_word' id='word_1_793' title='bbox 1592 4905 1650 4941; x_wconf 90' lang='grc' dir='ltr'><strong>τε</strong></span> <span class='ocrx_word' id='word_1_794' title='bbox 1682 4887 1846 4958; x_wconf 89' lang='grc' dir='ltr'>νόμου</span> 
     </span>
    </p>
   </div>
   <div class='ocr_carea' id='block_1_96' title="bbox 224 4957 1842 5051">
    <p class='ocr_par' dir='ltr' id='par_1_96' title="bbox 224 4957 1842 5051">
     <span class='ocr_line' id='line_1_96' title="bbox 224 4957 1842 5051; baseline -0.002 -16"><span class='ocrx_word' id='word_1_795' title='bbox 224 5045 229 5050; x_wconf 40' lang='grc'><strong>,</strong></span> <span class='ocrx_word' id='word_1_796' title='bbox 259 4981 364 5036; x_wconf 69' lang='grc' dir='ltr'><strong>καὶ</strong></span> <span class='ocrx_word' id='word_1_797' title='bbox 396 4957 716 5051; x_wconf 82' lang='grc' dir='ltr'>προφητῶν,</span> <span class='ocrx_word' id='word_1_798' title='bbox 737 4957 842 5033; x_wconf 47' lang='grc' dir='ltr'>διαὶ</span> <span class='ocrx_word' id='word_1_799' title='bbox 890 4980 1229 5046; x_wconf 88' lang='grc' dir='ltr'>ἀποστόλων,</span> <span class='ocrx_word' id='word_1_800' title='bbox 1271 4957 1367 5034; x_wconf 64' lang='grc' dir='ltr'><strong>καλ</strong></span> <span class='ocrx_word' id='word_1_801' title='bbox 1416 4957 1842 5048; x_wconf 81' lang='grc' dir='ltr'>εὐαγγελισιῶν,</span> 
     </span>
    </p>
   </div>
   <div class='ocr_carea' id='block_1_97' title="bbox 263 5069 1844 5142">
    <p class='ocr_par' dir='ltr' id='par_1_97' title="bbox 263 5069 1844 5142">
     <span class='ocr_line' id='line_1_97' title="bbox 263 5069 1844 5142; baseline -0.001 -19"><span class='ocrx_word' id='word_1_802' title='bbox 263 5069 476 5142; x_wconf 83' lang='grc' dir='ltr'>μᾶλλον</span> <span class='ocrx_word' id='word_1_803' title='bbox 530 5070 588 5124; x_wconf 85' lang='grc' dir='ltr'>δὲ</span> <span class='ocrx_word' id='word_1_804' title='bbox 629 5069 725 5124; x_wconf 79' lang='grc' dir='ltr'>καὶ</span> <span class='ocrx_word' id='word_1_805' title='bbox 776 5069 1246 5141; x_wconf 85' lang='grc' dir='ltr'>παρακαλοῦντος,</span> <span class='ocrx_word' id='word_1_806' title='bbox 1285 5070 1346 5123; x_wconf 90' lang='grc' dir='ltr'><strong>ού</strong></span> <span class='ocrx_word' id='word_1_807' title='bbox 1409 5070 1627 5141; x_wconf 86' lang='grc' dir='ltr'>θεμιτὸν</span> <span class='ocrx_word' id='word_1_808' title='bbox 1673 5069 1844 5139; x_wconf 81' lang='grc' dir='ltr'>ἡμᾶς,</span> 
     </span>
    </p>
   </div>
   <div class='ocr_carea' id='block_1_98' title="bbox 257 5161 1848 5234">
    <p class='ocr_par' dir='ltr' id='par_1_98' title="bbox 257 5161 1848 5234">
     <span class='ocr_line' id='line_1_98' title="bbox 257 5161 1848 5234; baseline -0.003 -18"><span class='ocrx_word' id='word_1_809' title='bbox 257 5162 362 5217; x_wconf 80' lang='grc' dir='ltr'>διὰ</span> <span class='ocrx_word' id='word_1_810' title='bbox 396 5161 670 5232; x_wconf 74' lang='grc' dir='ltr'>ῥᾳθυμίας</span> <span class='ocrx_word' id='word_1_811' title='bbox 698 5161 793 5215; x_wconf 69' lang='grc' dir='ltr'>καὶ</span> <span class='ocrx_word' id='word_1_812' title='bbox 822 5163 1148 5234; x_wconf 81' lang='grc' dir='ltr'>χαυνότητος</span> <span class='ocrx_word' id='word_1_813' title='bbox 1174 5163 1536 5232; x_wconf 85' lang='grc' dir='ltr'>καταφρονεῖν</span> <span class='ocrx_word' id='word_1_814' title='bbox 1573 5162 1670 5231; x_wconf 84' lang='grc' dir='ltr'>τῆς</span> <span class='ocrx_word' id='word_1_815' title='bbox 1699 5163 1848 5213; x_wconf 81' lang='grc' dir='ltr'>ἐντο-</span> 
     </span>
    </p>
   </div>
   <div class='ocr_carea' id='block_1_99' title="bbox 231 5247 1847 5329">
    <p class='ocr_par' dir='ltr' id='par_1_99' title="bbox 231 5247 1847 5329">
     <span class='ocr_line' id='line_1_99' title="bbox 231 5247 1847 5329; baseline 0.001 -27"><span class='ocrx_word' id='word_1_816' title='bbox 231 5248 372 5329; x_wconf 27' lang='grc' dir='ltr'>,λῆς</span> <span class='ocrx_word' id='word_1_817' title='bbox 406 5248 717 5320; x_wconf 28' lang='grc' dir='ltr'>αὑτοῦ,νκαὶ</span> <span class='ocrx_word' id='word_1_818' title='bbox 744 5247 967 5320; x_wconf 83' lang='grc' dir='ltr'>ἀμελεῖν</span> <span class='ocrx_word' id='word_1_819' title='bbox 1012 5251 1108 5320; x_wconf 83' lang='grc' dir='ltr'>τῆς</span> <span class='ocrx_word' id='word_1_820' title='bbox 1148 5251 1356 5305; x_wconf 81' lang='grc' dir='ltr'>ἑαυτῶν</span> <span class='ocrx_word' id='word_1_821' title='bbox 1397 5251 1690 5320; x_wconf 80' lang='grc' dir='ltr'>σωτηρίας.</span> <span class='ocrx_word' id='word_1_822' title='bbox 1728 5251 1847 5304; x_wconf 85' lang='grc' dir='ltr'>’Ίνα</span> 
     </span>
    </p>
   </div>
   <div class='ocr_carea' id='block_1_100' title="bbox 262 5339 1848 5412">
    <p class='ocr_par' dir='ltr' id='par_1_100' title="bbox 262 5339 1848 5412">
     <span class='ocr_line' id='line_1_100' title="bbox 262 5339 1848 5412; baseline 0.001 -20"><span class='ocrx_word' id='word_1_823' title='bbox 262 5339 352 5412; x_wconf 83' lang='grc' dir='ltr'>μὴ</span> <span class='ocrx_word' id='word_1_824' title='bbox 384 5339 473 5393; x_wconf 82' lang='grc' dir='ltr'>διὰ</span> <span class='ocrx_word' id='word_1_825' title='bbox 505 5341 606 5412; x_wconf 83' lang='grc' dir='ltr'>τῆς</span> <span class='ocrx_word' id='word_1_826' title='bbox 655 5340 988 5411; x_wconf 81' lang='grc' dir='ltr'>βραδυτῆτος</span> <span class='ocrx_word' id='word_1_827' title='bbox 1027 5340 1475 5411; x_wconf 86' lang='grc' dir='ltr'>ἀποκλεισθῶμεν</span> <span class='ocrx_word' id='word_1_828' title='bbox 1501 5341 1597 5394; x_wconf 84' lang='grc' dir='ltr'><strong>τοῦ</strong></span> <span class='ocrx_word' id='word_1_829' title='bbox 1623 5341 1848 5412; x_wconf 88' lang='grc' dir='ltr'>νυμφῶ-</span> 
     </span>
    </p>
   </div>
   <div class='ocr_carea' id='block_1_101' title="bbox 257 5429 1847 5502">
    <p class='ocr_par' dir='ltr' id='par_1_101' title="bbox 257 5429 1847 5502">
     <span class='ocr_line' id='line_1_101' title="bbox 257 5429 1847 5502; baseline 0.001 -18"><span class='ocrx_word' id='word_1_830' title='bbox 257 5445 383 5494; x_wconf 83' lang='grc' dir='ltr'>νος,</span> <span class='ocrx_word' id='word_1_831' title='bbox 416 5432 513 5484; x_wconf 77' lang='grc' dir='ltr'>καὶ</span> <span class='ocrx_word' id='word_1_832' title='bbox 551 5430 905 5502; x_wconf 85' lang='grc' dir='ltr'>στερηθῶμεν</span> <span class='ocrx_word' id='word_1_833' title='bbox 932 5429 1026 5484; x_wconf 87' lang='grc' dir='ltr'><strong>τοῦ</strong></span> <span class='ocrx_word' id='word_1_834' title='bbox 1065 5429 1404 5500; x_wconf 89' lang='grc' dir='ltr'>ποθουμένου</span> <span class='ocrx_word' id='word_1_835' title='bbox 1447 5430 1680 5501; x_wconf 82' lang='grc' dir='ltr'>νυμφίου</span> <span class='ocrx_word' id='word_1_836' title='bbox 1705 5446 1720 5459; x_wconf 79' lang='grc'><em>’</em></span> <span class='ocrx_word' id='word_1_837' title='bbox 1754 5433 1847 5485; x_wconf 74' lang='grc' dir='ltr'><strong>καὶ</strong></span> 
     </span>
    </p>
   </div>
   <div class='ocr_carea' id='block_1_102' title="bbox 345 5563 1847 5694">
    <p class='ocr_par' dir='ltr' id='par_1_102' title="bbox 345 5563 1847 5694">
     <span class='ocr_line' id='line_1_102' title="bbox 345 5563 1847 5631; baseline 0.001 -11"><span class='ocrx_word' id='word_1_838' title='bbox 345 5567 391 5600; x_wconf 74' lang='grc'><strong><em>⁸⁸</em></strong></span> <span class='ocrx_word' id='word_1_839' title='bbox 423 5565 584 5620; x_wconf 86' lang='lat' dir='ltr'><strong>Rom.</strong></span> <span class='ocrx_word' id='word_1_840' title='bbox 619 5563 712 5629; x_wconf 70' lang='lat' dir='ltr'><strong>in,</strong></span> <span class='ocrx_word' id='word_1_841' title='bbox 752 5563 802 5631; x_wconf 77' lang='grc' dir='ltr'>Ι,</span> <span class='ocrx_word' id='word_1_842' title='bbox 837 5568 894 5621; x_wconf 74' lang='lat'><strong>‘2.</strong></span> <span class='ocrx_word' id='word_1_843' title='bbox 971 5568 1062 5622; x_wconf 82' lang='grc'><strong>⁸³1</strong></span> <span class='ocrx_word' id='word_1_844' title='bbox 1097 5565 1222 5622; x_wconf 91' lang='lat' dir='ltr'><strong>Cor.</strong></span> <span class='ocrx_word' id='word_1_845' title='bbox 1251 5582 1306 5631; x_wconf 93' lang='grc' dir='ltr'><strong>ιι,</strong></span> <span class='ocrx_word' id='word_1_846' title='bbox 1351 5567 1438 5631; x_wconf 84' lang='lat' dir='ltr'><strong>lO,</strong></span> <span class='ocrx_word' id='word_1_847' title='bbox 1477 5567 1562 5620; x_wconf 76' lang='grc'><strong>11.</strong></span> <span class='ocrx_word' id='word_1_848' title='bbox 1641 5565 1686 5597; x_wconf 67' lang='grc'>⁸⁸</span> <span class='ocrx_word' id='word_1_849' title='bbox 1719 5567 1847 5621; x_wconf 84' lang='lat' dir='ltr'><strong>ibid.</strong></span> 
     </span>
     <span class='ocr_line' id='line_1_103' title="bbox 405 5633 1813 5694; baseline 0.003 -4"><span class='ocrx_word' id='word_1_850' title='bbox 405 5633 451 5666; x_wconf 80' lang='grc'><strong>⁸⁸</strong></span> <span class='ocrx_word' id='word_1_851' title='bbox 486 5636 626 5690; x_wconf 85' lang='lat' dir='ltr'><strong>Psal.</strong></span> <span class='ocrx_word' id='word_1_852' title='bbox 654 5651 801 5694; x_wconf 77' lang='lat' dir='ltr'><strong>xxix.</strong></span> <span class='ocrx_word' id='word_1_853' title='bbox 832 5643 886 5694; x_wconf 82' lang='grc' dir='ltr'>ί).</span> <span class='ocrx_word' id='word_1_854' title='bbox 963 5640 1008 5671; x_wconf 72' lang='grc'>⁸³</span> <span class='ocrx_word' id='word_1_855' title='bbox 1038 5638 1179 5694; x_wconf 87' lang='lat' dir='ltr'><strong>Psal.</strong></span> <span class='ocrx_word' id='word_1_856' title='bbox 1213 5653 1336 5694; x_wconf 57' lang='grc' dir='ltr'>χιιι,</span> <span class='ocrx_word' id='word_1_857' title='bbox 1382 5639 1440 5692; x_wconf 91' lang='lat'><strong>9.</strong></span> <span class='ocrx_word' id='word_1_858' title='bbox 1535 5637 1577 5668; x_wconf 83' lang='grc' dir='ltr'><strong>το</strong></span> <span class='ocrx_word' id='word_1_859' title='bbox 1601 5635 1813 5694; x_wconf 89' lang='lat' dir='ltr'><strong>Coloss.</strong></span> 
     </span>
    </p>
   </div>
   <div class='ocr_carea' id='block_1_103' title="bbox 1954 5563 2900 5694">
    <p class='ocr_par' dir='ltr' id='par_1_103' title="bbox 1954 5566 2900 5694">
     <span class='ocr_line' id='line_1_104' title="bbox 1954 5566 2900 5636; baseline -0.002 -15"><span class='ocrx_word' id='word_1_860' title='bbox 1954 5571 1985 5621; x_wconf 72' lang='grc' dir='ltr'>Ξ.</span> <span class='ocrx_word' id='word_1_861' title='bbox 2063 5569 2106 5600; x_wconf 74' lang='grc'><strong>⁸⁵</strong></span> <span class='ocrx_word' id='word_1_862' title='bbox 2137 5568 2178 5622; x_wconf 88' lang='grc'><strong>11</strong></span> <span class='ocrx_word' id='word_1_863' title='bbox 2205 5567 2332 5620; x_wconf 88' lang='lat' dir='ltr'><strong>Cor.</strong></span> <span class='ocrx_word' id='word_1_864' title='bbox 2358 5584 2436 5632; x_wconf 89' lang='grc' dir='ltr'>ιιι,</span> <span class='ocrx_word' id='word_1_865' title='bbox 2471 5567 2629 5620; x_wconf 81' lang='lat' dir='ltr'><strong>9-H.</strong></span> <span class='ocrx_word' id='word_1_866' title='bbox 2705 5567 2750 5597; x_wconf 84' lang='grc'><strong><em>⁶⁶</em></strong></span> <span class='ocrx_word' id='word_1_867' title='bbox 2792 5566 2900 5636; x_wconf 90' lang='lat' dir='ltr'><strong>Sap</strong></span> 
     </span>
     <span class='ocr_line' id='line_1_105' title="bbox 1962 5636 2890 5694; baseline -0.001 -3"><span class='ocrx_word' id='word_1_868' title='bbox 1962 5639 2012 5694; x_wconf 77' lang='grc' dir='ltr'><strong>ί.</strong></span> <span class='ocrx_word' id='word_1_869' title='bbox 2051 5639 2105 5691; x_wconf 75' lang='lat'><strong>2.</strong></span> <span class='ocrx_word' id='word_1_870' title='bbox 2184 5640 2226 5670; x_wconf 80' lang='grc'>⁷⁸</span> <span class='ocrx_word' id='word_1_871' title='bbox 2265 5638 2423 5692; x_wconf 85' lang='lat' dir='ltr'><strong>Rom.</strong></span> <span class='ocrx_word' id='word_1_872' title='bbox 2452 5653 2524 5694; x_wconf 79' lang='lat' dir='ltr'><strong>vt.</strong></span> <span class='ocrx_word' id='word_1_873' title='bbox 2557 5638 2646 5691; x_wconf 69' lang='lat'><strong>2‘2.</strong></span> <span class='ocrx_word' id='word_1_874' title='bbox 2683 5640 2728 5670; x_wconf 74' lang='lat'><strong>7’</strong></span> <span class='ocrx_word' id='word_1_875' title='bbox 2757 5636 2890 5692; x_wconf 84' lang='lat' dir='ltr'><strong>Luc.</strong></span> 
     </span>
    </p>
   </div>
   <div class='ocr_carea' id='block_1_104' title="bbox 1799 5678 2105 5706">
    <p class='ocr_par' dir='ltr' id='par_1_104' title="bbox 1799 5678 2105 5706">
     <span class='ocr_line' id='line_1_106' title="bbox 1799 5678 2105 5706; baseline -0.007 -14"><span class='ocrx_word' id='word_1_876' title='bbox 1799 5680 1813 5695; x_wconf 73' lang='grc' dir='ltr'><strong><em>ο</em></strong></span> <span class='ocrx_word' id='word_1_877' title='bbox 1852 5678 1928 5706; x_wconf 75' lang='grc' dir='ltr'><strong>ΙΙΙ,</strong></span> <span class='ocrx_word' id='word_1_878' title='bbox 1967 5678 2012 5705; x_wconf 74' lang='grc' dir='ltr'><strong>Ι,</strong></span> <span class='ocrx_word' id='word_1_879' title='bbox 2055 5678 2105 5691; x_wconf 81' lang='grc' dir='ltr'><strong>-Ι</strong></span> 
     </span>
    </p>
   </div>
   <div class='ocr_carea' id='block_1_105' title="bbox 257 5633 1440 5764">
    <p class='ocr_par' dir='ltr' id='par_1_105' title="bbox 257 5633 1440 5764">
     <span class='ocr_line' id='line_1_107' title="bbox 257 5633 1440 5764; baseline 0.002 -74"><span class='ocrx_word' id='word_1_880' title='bbox 257 5637 342 5764; x_wconf 58' lang='lat' dir='ltr'><strong>g.’</strong></span> <span class='ocrx_word' id='word_1_881' title='bbox 405 5633 451 5666; x_wconf 80' lang='grc'><strong>⁸⁸</strong></span> <span class='ocrx_word' id='word_1_882' title='bbox 486 5636 626 5690; x_wconf 86' lang='lat' dir='ltr'><strong>Psal.</strong></span> <span class='ocrx_word' id='word_1_883' title='bbox 654 5651 801 5704; x_wconf 77' lang='lat' dir='ltr'><strong>xxix,</strong></span> <span class='ocrx_word' id='word_1_884' title='bbox 832 5643 886 5695; x_wconf 80' lang='grc' dir='ltr'>ί).</span> <span class='ocrx_word' id='word_1_885' title='bbox 963 5640 1008 5671; x_wconf 70' lang='grc'><strong>⁸⁸</strong></span> <span class='ocrx_word' id='word_1_886' title='bbox 1038 5638 1179 5694; x_wconf 88' lang='lat' dir='ltr'><strong>Psal.</strong></span> <span class='ocrx_word' id='word_1_887' title='bbox 1213 5653 1336 5703; x_wconf 74' lang='lat' dir='ltr'><strong>xvx,</strong></span> <span class='ocrx_word' id='word_1_888' title='bbox 1382 5639 1440 5692; x_wconf 90' lang='lat'><strong>9.</strong></span> 
     </span>
    </p>
   </div>
   <div class='ocr_carea' id='block_1_106' title="bbox 1877 4649 1932 4708">
    <p class='ocr_par' dir='ltr' id='par_1_106' title="bbox 1877 4649 1932 4708">
     <span class='ocr_line' id='line_1_108' title="bbox 1877 4649 1932 4708; baseline 0 0"><span class='ocrx_word' id='word_1_889' title='bbox 1877 4649 1932 4708; x_wconf 87' lang='lat' dir='ltr'><strong>D</strong></span> 
     </span>
    </p>
   </div>
   <div class='ocr_carea' id='block_1_107' title="bbox 2330 4654 3147 4728">
    <p class='ocr_par' dir='ltr' id='par_1_107' title="bbox 2330 4654 3147 4728">
     <span class='ocr_line' id='line_1_109' title="bbox 2330 4654 3147 4728; baseline -0.007 -12"><span class='ocrx_word' id='word_1_890' title='bbox 2330 4658 2542 4728; x_wconf 74' lang='lat'><strong>1235</strong></span> <span class='ocrx_word' id='word_1_891' title='bbox 2579 4655 2866 4712; x_wconf 77' lang='lat' dir='ltr'><strong>HOMILIA</strong></span> <span class='ocrx_word' id='word_1_892' title='bbox 2907 4654 3147 4711; x_wconf 75' lang='lat' dir='ltr'><strong>CXXVI.</strong></span> 
     </span>
    </p>
   </div>
   <div class='ocr_carea' id='block_1_108' title="bbox 2482 4770 3001 4826">
    <p class='ocr_par' dir='ltr' id='par_1_108' title="bbox 2482 4770 3001 4826">
     <span class='ocr_line' id='line_1_110' title="bbox 2482 4770 3001 4826; baseline 0.004 -2"><span class='ocrx_word' id='word_1_893' title='bbox 2482 4770 2560 4824; x_wconf 86' lang='lat' dir='ltr'><strong>De</strong></span> <span class='ocrx_word' id='word_1_894' title='bbox 2587 4771 2858 4824; x_wconf 79' lang='lat' dir='ltr'><strong>vocatione</strong></span> <span class='ocrx_word' id='word_1_895' title='bbox 2886 4770 3001 4826; x_wconf 80' lang='lat' dir='ltr'><strong>Dei.</strong></span> 
     </span>
    </p>
   </div>
   <div class='ocr_carea' id='block_1_109' title="bbox 2046 4883 3534 4942">
    <p class='ocr_par' dir='ltr' id='par_1_109' title="bbox 2046 4883 3534 4942">
     <span class='ocr_line' id='line_1_111' title="bbox 2046 4883 3534 4942; baseline 0.001 -1"><span class='ocrx_word' id='word_1_896' title='bbox 2046 4886 2314 4942; x_wconf 86' lang='lat' dir='ltr'><strong>Dominus</strong></span> <span class='ocrx_word' id='word_1_897' title='bbox 2345 4900 2407 4940; x_wconf 91' lang='lat' dir='ltr'><strong>ac</strong></span> <span class='ocrx_word' id='word_1_898' title='bbox 2445 4885 2593 4940; x_wconf 90' lang='lat' dir='ltr'><strong>Deus</strong></span> <span class='ocrx_word' id='word_1_899' title='bbox 2633 4891 2823 4938; x_wconf 90' lang='lat' dir='ltr'><strong>noster</strong></span> <span class='ocrx_word' id='word_1_900' title='bbox 2845 4898 2969 4938; x_wconf 89' lang='lat' dir='ltr'><strong>cum</strong></span> <span class='ocrx_word' id='word_1_901' title='bbox 3009 4898 3111 4937; x_wconf 89' lang='lat' dir='ltr'><strong>nos</strong></span> <span class='ocrx_word' id='word_1_902' title='bbox 3133 4884 3202 4939; x_wconf 90' lang='lat' dir='ltr'><strong>ad</strong></span> <span class='ocrx_word' id='word_1_903' title='bbox 3244 4899 3302 4939; x_wconf 89' lang='lat' dir='ltr'><strong>se</strong></span> <span class='ocrx_word' id='word_1_904' title='bbox 3332 4883 3534 4942; x_wconf 87' lang='lat' dir='ltr'><strong>invitet</strong></span> 
     </span>
    </p>
   </div>
   <div class='ocr_carea' id='block_1_110' title="bbox 1955 4975 3534 5050">
    <p class='ocr_par' dir='ltr' id='par_1_110' title="bbox 1955 4975 3534 5050">
     <span class='ocr_line' id='line_1_112' title="bbox 1955 4975 3534 5050; baseline -0.003 -17"><span class='ocrx_word' id='word_1_905' title='bbox 1955 4993 2058 5050; x_wconf 86' lang='lat' dir='ltr'><strong>per</strong></span> <span class='ocrx_word' id='word_1_906' title='bbox 2084 4978 2287 5049; x_wconf 79' lang='lat' dir='ltr'><strong>legem,</strong></span> <span class='ocrx_word' id='word_1_907' title='bbox 2322 4992 2421 5047; x_wconf 88' lang='lat' dir='ltr'><strong>per</strong></span> <span class='ocrx_word' id='word_1_908' title='bbox 2464 4977 2788 5047; x_wconf 85' lang='lat' dir='ltr'><strong>prOphetas,</strong></span> <span class='ocrx_word' id='word_1_909' title='bbox 2826 4991 2926 5045; x_wconf 90' lang='lat' dir='ltr'><strong>per</strong></span> <span class='ocrx_word' id='word_1_910' title='bbox 2962 4975 3241 5044; x_wconf 87' lang='lat' dir='ltr'><strong>apostolos</strong></span> <span class='ocrx_word' id='word_1_911' title='bbox 3274 4983 3330 5031; x_wconf 84' lang='lat' dir='ltr'><strong>et</strong></span> <span class='ocrx_word' id='word_1_912' title='bbox 3365 4992 3534 5032; x_wconf 67' lang='lat' dir='ltr'><strong>evan.</strong></span> 
     </span>
    </p>
   </div>
   <div class='ocr_carea' id='block_1_111' title="bbox 1954 5063 3535 5138">
    <p class='ocr_par' dir='ltr' id='par_1_111' title="bbox 1954 5063 3535 5138">
     <span class='ocr_line' id='line_1_113' title="bbox 1954 5063 3535 5138; baseline 0 -16"><span class='ocrx_word' id='word_1_913' title='bbox 1954 5067 2182 5138; x_wconf 79' lang='lat' dir='ltr'><strong>gelistas</strong></span> <span class='ocrx_word' id='word_1_914' title='bbox 2217 5067 2498 5137; x_wconf 88' lang='lat' dir='ltr'><strong>(obsecrat</strong></span> <span class='ocrx_word' id='word_1_915' title='bbox 2531 5067 2722 5121; x_wconf 90' lang='lat' dir='ltr'><strong>verius</strong></span> <span class='ocrx_word' id='word_1_916' title='bbox 2752 5075 2803 5120; x_wconf 87' lang='lat' dir='ltr'><strong>et</strong></span> <span class='ocrx_word' id='word_1_917' title='bbox 2834 5063 3134 5134; x_wconf 86' lang='lat' dir='ltr'><strong>hortatur),</strong></span> <span class='ocrx_word' id='word_1_918' title='bbox 3172 5081 3334 5135; x_wconf 89' lang='lat' dir='ltr'><strong>quam</strong></span> <span class='ocrx_word' id='word_1_919' title='bbox 3376 5067 3535 5122; x_wconf 78' lang='lat' dir='ltr'><strong>nefa-</strong></span> 
     </span>
    </p>
   </div>
   <div class='ocr_carea' id='block_1_112' title="bbox 1954 5157 3536 5229">
    <p class='ocr_par' dir='ltr' id='par_1_112' title="bbox 1954 5157 3536 5229">
     <span class='ocr_line' id='line_1_114' title="bbox 1954 5157 3536 5229; baseline 0 -16"><span class='ocrx_word' id='word_1_920' title='bbox 1954 5160 2101 5214; x_wconf 91' lang='lat' dir='ltr'><strong>rium</strong></span> <span class='ocrx_word' id='word_1_921' title='bbox 2149 5174 2214 5215; x_wconf 89' lang='lat' dir='ltr'><strong>ac</strong></span> <span class='ocrx_word' id='word_1_922' title='bbox 2247 5159 2535 5229; x_wconf 89' lang='lat' dir='ltr'><strong>piaculare</strong></span> <span class='ocrx_word' id='word_1_923' title='bbox 2562 5158 2769 5224; x_wconf 77' lang='lat' dir='ltr'><strong>&#39;fuerit,</strong></span> <span class='ocrx_word' id='word_1_924' title='bbox 2805 5173 2906 5212; x_wconf 92' lang='lat' dir='ltr'><strong>nos</strong></span> <span class='ocrx_word' id='word_1_925' title='bbox 2937 5157 3300 5228; x_wconf 88' lang='lat' dir='ltr'><strong>contemptim</strong></span> <span class='ocrx_word' id='word_1_926' title='bbox 3353 5167 3536 5213; x_wconf 89' lang='lat' dir='ltr'><strong>trans-</strong></span> 
     </span>
    </p>
   </div>
   <div class='ocr_carea' id='block_1_113' title="bbox 1955 5248 3536 5320">
    <p class='ocr_par' dir='ltr' id='par_1_113' title="bbox 1955 5248 3536 5320">
     <span class='ocr_line' id='line_1_115' title="bbox 1955 5248 3536 5320; baseline -0.003 -13"><span class='ocrx_word' id='word_1_927' title='bbox 1955 5254 2178 5307; x_wconf 89' lang='lat' dir='ltr'><strong>mittere</strong></span> <span class='ocrx_word' id='word_1_928' title='bbox 2209 5250 2505 5320; x_wconf 91' lang='lat' dir='ltr'><strong>imperium</strong></span> <span class='ocrx_word' id='word_1_929' title='bbox 2537 5249 2758 5304; x_wconf 91' lang='lat' dir='ltr'><strong>Domini</strong></span> <span class='ocrx_word' id='word_1_930' title='bbox 2799 5257 2908 5302; x_wconf 88' lang='lat' dir='ltr'><strong>tam</strong></span> <span class='ocrx_word' id='word_1_931' title='bbox 2946 5249 3256 5315; x_wconf 89' lang='lat' dir='ltr'><strong>clementis,</strong></span> <span class='ocrx_word' id='word_1_932' title='bbox 3296 5258 3406 5303; x_wconf 90' lang='lat' dir='ltr'><strong>tam</strong></span> <span class='ocrx_word' id='word_1_933' title='bbox 3436 5248 3536 5303; x_wconf 84' lang='lat' dir='ltr'><strong>he-</strong></span> 
     </span>
    </p>
   </div>
   <div class='ocr_carea' id='block_1_114' title="bbox 1953 5339 3537 5412">
    <p class='ocr_par' dir='ltr' id='par_1_114' title="bbox 1953 5339 3537 5412">
     <span class='ocr_line' id='line_1_116' title="bbox 1953 5339 3537 5412; baseline -0.001 -16"><span class='ocrx_word' id='word_1_934' title='bbox 1953 5343 2134 5412; x_wconf 82' lang='lat' dir='ltr'><strong>nigni,</strong></span> <span class='ocrx_word' id='word_1_935' title='bbox 2178 5355 2365 5397; x_wconf 88' lang='lat' dir='ltr'><strong>crassa</strong></span> <span class='ocrx_word' id='word_1_936' title='bbox 2399 5341 2636 5410; x_wconf 89' lang='lat' dir='ltr'><strong>quadam</strong></span> <span class='ocrx_word' id='word_1_937' title='bbox 2698 5339 2974 5402; x_wconf 85' lang='lat' dir='ltr'><strong>socordia,</strong></span> <span class='ocrx_word' id='word_1_938' title='bbox 3011 5339 3179 5393; x_wconf 90' lang='lat' dir='ltr'><strong>animi</strong></span> <span class='ocrx_word' id='word_1_939' title='bbox 3225 5340 3440 5394; x_wconf 76' lang='lat' dir='ltr'><strong>lentore</strong></span> <span class='ocrx_word' id='word_1_940' title='bbox 3471 5355 3537 5394; x_wconf 89' lang='lat' dir='ltr'><strong>ac</strong></span> 
     </span>
    </p>
   </div>
   <div class='ocr_carea' id='block_1_115' title="bbox 1957 5432 3534 5502">
    <p class='ocr_par' dir='ltr' id='par_1_115' title="bbox 1957 5432 3534 5502">
     <span class='ocr_line' id='line_1_117' title="bbox 1957 5432 3534 5502; baseline -0.001 -14"><span class='ocrx_word' id='word_1_941' title='bbox 1957 5433 2223 5489; x_wconf 88' lang='lat' dir='ltr'><strong>mollitie?</strong></span> <span class='ocrx_word' id='word_1_942' title='bbox 2249 5433 2382 5487; x_wconf 89' lang='lat' dir='ltr'><strong>Tam</strong></span> <span class='ocrx_word' id='word_1_943' title='bbox 2408 5433 2607 5502; x_wconf 91' lang='lat' dir='ltr'><strong>supine</strong></span> <span class='ocrx_word' id='word_1_944' title='bbox 2636 5440 2692 5487; x_wconf 89' lang='lat' dir='ltr'><strong>et</strong></span> <span class='ocrx_word' id='word_1_945' title='bbox 2721 5432 3026 5487; x_wconf 87' lang='lat' dir='ltr'><strong>oscitanter</strong></span> <span class='ocrx_word' id='word_1_946' title='bbox 3054 5433 3337 5502; x_wconf 89' lang='lat' dir='ltr'><strong>pr0priam</strong></span> <span class='ocrx_word' id='word_1_947' title='bbox 3375 5433 3534 5488; x_wconf 89' lang='lat' dir='ltr'><strong>nihili</strong></span> 
     </span>
    </p>
   </div>
   <div class='ocr_carea' id='block_1_116' title="bbox 2910 5563 3535 5627">
    <p class='ocr_par' dir='ltr' id='par_1_116' title="bbox 2910 5563 3535 5627">
     <span class='ocr_line' id='line_1_118' title="bbox 2910 5563 3535 5627; baseline -0.008 -6"><span class='ocrx_word' id='word_1_948' title='bbox 2910 5610 2919 5621; x_wconf 89' lang='lat'><strong>.</strong></span> <span class='ocrx_word' id='word_1_949' title='bbox 2962 5581 3042 5627; x_wconf 89' lang='grc' dir='ltr'>ιιι,</span> <span class='ocrx_word' id='word_1_950' title='bbox 3081 5566 3131 5618; x_wconf 84' lang='lat' dir='ltr'><strong>l.</strong></span> <span class='ocrx_word' id='word_1_951' title='bbox 3207 5565 3252 5596; x_wconf 81' lang='grc'><strong>⁶⁷</strong></span> <span class='ocrx_word' id='word_1_952' title='bbox 3287 5563 3419 5619; x_wconf 87' lang='lat' dir='ltr'><strong>ibid.</strong></span> <span class='ocrx_word' id='word_1_953' title='bbox 3468 5563 3535 5616; x_wconf 76' lang='grc'><strong>4-</strong></span> 
     </span>
    </p>
   </div>
   <div class='ocr_carea' id='block_1_117' title="bbox 2184 5634 3528 5704">
    <p class='ocr_par' dir='ltr' id='par_1_117' title="bbox 2184 5634 3528 5704">
     <span class='ocr_line' id='line_1_119' title="bbox 2184 5634 3528 5704; baseline -0.003 -12"><span class='ocrx_word' id='word_1_954' title='bbox 2184 5640 2226 5670; x_wconf 76' lang='grc'><strong>⁷³</strong></span> <span class='ocrx_word' id='word_1_955' title='bbox 2265 5638 2423 5692; x_wconf 85' lang='lat' dir='ltr'><strong>Rom.</strong></span> <span class='ocrx_word' id='word_1_956' title='bbox 2452 5653 2524 5704; x_wconf 78' lang='lat' dir='ltr'><strong>vr,</strong></span> <span class='ocrx_word' id='word_1_957' title='bbox 2557 5638 2646 5691; x_wconf 69' lang='lat'><strong>2‘2.</strong></span> <span class='ocrx_word' id='word_1_958' title='bbox 2683 5640 2728 5670; x_wconf 74' lang='grc'><strong>⁷³</strong></span> <span class='ocrx_word' id='word_1_959' title='bbox 2757 5634 2890 5692; x_wconf 57' lang='lat' dir='ltr'><strong>Luc}</strong></span> <span class='ocrx_word' id='word_1_960' title='bbox 2918 5651 3014 5701; x_wconf 78' lang='lat' dir='ltr'><strong>xu,</strong></span> <span class='ocrx_word' id='word_1_961' title='bbox 3047 5637 3134 5702; x_wconf 81' lang='grc'><strong>55,</strong></span> <span class='ocrx_word' id='word_1_962' title='bbox 3166 5635 3253 5691; x_wconf 79' lang='grc'><strong>56.</strong></span> <span class='ocrx_word' id='word_1_963' title='bbox 3330 5635 3374 5666; x_wconf 81' lang='lat'><strong>&quot;</strong></span> <span class='ocrx_word' id='word_1_964' title='bbox 3394 5634 3528 5689; x_wconf 83' lang='lat' dir='ltr'><strong>ibid.</strong></span> 
     </span>
    </p>
   </div>
  </div>
