4042 6424
1278 296 1613 359 IIOMILIA.
1648 294 1932 360 CXXVII.
1960 322 2027 332 -
2050 297 2148 360 DE
2185 300 2476 367 TIMORE
2517 308 2668 371 DEI.

899 422 1124 488 noro:
1161 429 1337 485 szv.
1946 413 1994 470 Α
2510 437 2798 498 nouum
2835 430 3096 504 cx‘xvu.

777 546 918 616 Περὶ
949 544 1138 617 φόϐου
1165 543 1271 599 τοῦ
1307 542 1477 600 Θεοῦ.

2578 552 2659 608 De
2697 557 2884 612 timore
2912 552 3032 614 Dei.

342 307 483 374 περ
1278 307 1613 359 τιυλιιιυι
1648 307 1932 360 ωικνιι.
1960 322 2027 332 —-
2051 307 2148 360 DE
2185 307 2476 367 TIMORE
2517 308 2668 371 DEI.
3448 308 3594 387 γεω

418 665 479 720 Ὅ
511 664 654 735 ἔχων
682 663 774 716 τὸν
816 660 981 732 φόϐον
1011 660 1109 715 τοῦ
1145 658 1282 713 Θεοῦ
1327 660 1386 713 ὲν
1428 658 1682 732 ἀληθείᾳ,
1718 660 1894 732 ῥᾳδίως

2087 662 2350 736 Quisquis
2389 668 2685 725 sinceriter
2722 671 2895 725 Deum
2949 673 3128 738 timet,
3155 689 3265 730 non
3296 677 3471 734 multo
3494 678 3595 735 ad-

336 757 558 830 ξρχεται
585 758 664 820 είς
689 756 787 826 τὴν
827 754 1040 809 τελείαν
1067 753 1289 822 ἀγάπην
1321 750 1417 804 τοῦ
1459 750 1619 818 Θεοῦ,
1655 752 1749 806 καὶ
1775 752 1891 821 γίνε

2015 756 2242 812 modum
2267 761 2573 831 negotioad
2602 762 3001 832 perfectionem
3041 766 3368 834 provehitur
3388 768 3593 825 divinas

328 869 424 906 ται
459 848 710 921 μαθητὴς
753 848 849 902 καὶ
890 847 1042 916 φίλος
1075 840 1170 899 τοῦ
1217 842 1479 915 Χριστοῦ.
1519 862 1540 895 ι
1570 842 1759 916 Ὑμεῖς
1786 845 1891 916 γὰρ

2014 847 2326 915 charitatis,
2356 867 2535 922 eoque
2578 852 2817 908 ellicitur
2845 853 3052 909 Christi
3102 864 3158 910 et
3200 856 3508 928 discipulus
3536 868 3594 914 et

332 944 521 1015 φησὶν,
561 939 907 1011 πεφιλήκατέ
943 956 1033 1009 με.
1061 956 1079 989 ι
1116 938 1227 992 Καὶ
1244 938 1281 990 6
1299 938 1544 1002 τοιοῦτος
1569 938 1670 1009 τὴν
1692 940 1894 1007 ἁγνείαν

2014 940 2244 995 amicus.
2305 943 2413 998 Ait.
2453 947 2652 1000 enim:
2710 947 2860 1002 «Vos
2919 964 3007 1003 me
3057 950 3285 1006 amastis
3305 952 3419 1005 ⁸⁸.»
3485 953 3592 1019 Qui

331 1032 705 1105 ἑγκομϐοῦται
745 1033 804 1086 ἐν
836 1029 912 1101 τῷ
945 1029 1103 1101 μέρει
1134 1028 1336 1099 τούτῳ,
1366 1029 1467 1092 τάς
1494 1047 1554 1082 τε
1576 1028 1677 1082 τοῦ
1708 1031 1894 1098 κόσμοι

2011 1032 2284 1102 ejusmodi
2323 1043 2431 1101 est,
2470 1038 2664 1107 utique
2703 1039 3048 1095 ineluctabili
3077 1057 3217 1096 nexu
3259 1043 3305 1096 is
3335 1045 3593 1114 astringit

332 1124 629 1197 μερίμνας,
646 1123 742 1176 καὶ
758 1123 995 1186 ἀπάτας,
1026 1121 1120 1176 καὶ
1144 1120 1357 1191 ἡδονὰς,
1388 1120 1806 1192 καὶκραιπὰλας
1823 1124 1894 1175 κα

2012 1123 2116 1178 sibi
2153 1126 2482 1183 munditiam
2519 1128 2573 1183 in
2601 1131 2910 1186 castissime
2941 1132 3140 1187 timore
3180 1134 3421 1188 Domini.
3462 1134 3590 1205 [Qui

330 1218 535 1290 μέθας,
568 1217 662 1270 καὶ
688 1213 981 1287 συγχύσεις
1012 1212 1355 1275 Βαϐυλῶνος,
1376 1216 1468 1268 καὶ
1496 1214 1676 1269 πάντα
1695 1215 1763 1268 τὰ
1784 1215 1894 1284 βιω-

2010 1215 2304 1271 verissimo
2342 1218 2562 1273 Domini
2596 1221 2793 1276 timore
2825 1238 2927 1277 ceu
2963 1223 3137 1279 clavis
3163 1225 3391 1280 conﬁxit
3430 1226 3593 1281 effre-

324 1310 457 1363 τικὰ
491 1309 786 1380 ἠρνήσατο,
831 1308 927 1361 καὶ
960 1305 1271 1371 ἀπετάξατο
1317 1305 1396 1377 τῷ
1456 1307 1648 1378 κόσμῳ
1679 1309 1772 1361 καὶ
1800 1312 1894 1372 τοῖς

2011 1321 2111 1360 nes
2136 1309 2318 1363 carnis
2352 1318 2558 1376 motus,
2605 1312 2676 1367 ab
2734 1313 2828 1368 illo
2876 1315 3140 1370 eximitur
3184 1317 3384 1372 timore
3414 1334 3426 1370 :
3456 1316 3593 1373 Cre-

320 1398 423 1453 τοῦ
456 1400 660 1469 κόσμου
688 1397 927 1461 δικτύοις
966 1397 1063 1477 καὶ
1100 1397 1449 1467 συμπλοκαῖς
1479 1398 1513 1469 ἦ
1544 1398 1765 1466 παγίσι,
1815 1403 1894 1453 καΊ

2009 1399 2146 1454 scite
2175 1409 2232 1455 et
2265 1402 2711 1472 multiplicamini
2736 1406 2780 1439 ⁸⁷
2813 1406 3049 1461 :vilabit
3082 1408 3313 1477 proinde
3342 1416 3398 1464 et
3426 1409 3603 1477 illud,

324 1492 425 1546 ἐπὶ
452 1494 553 1561 γῆς
584 1490 819 1561 βαδίζων
843 1489 904 1544 τὸ
933 1472 1239 1561 πὸλίτευμα
1263 1492 1325 1543 ὲν
1349 1490 1601 1561 οὐρανοῖς
1625 1493 1894 1562 ἠγάπησε-οι

2008 1500 2067 1546 ιιι
2094 1508 2164 1548 ne
2201 1494 2309 1548 ulla
2335 1510 2399 1549 ex
2426 1506 2582 1565 parte
2617 1496 2816 1551 debeat
2842 1499 2897 1552 in
2929 1472 3213 1555 hominum
3246 1472 3587 1560 descendere

321 1582 493 1653 ἔχειν.
522 1581 643 1635 Τῶν
688 1584 797 1651 γὰρ
839 1580 1169 1652 κρειττόνων
1211 1581 1562 1651 ὀρεγόμενος,
1593 1578 1672 1652 τῷ
1719 1582 1894 1653 κόσμει

2004 1585 2489 1662 familiaritatem]
2536 1584 2722 1643 Mundi
2765 1590 2927 1646 iSLius
2967 1591 3181 1662 defugit
3220 1593 3333 1663 jam
3374 1594 3584 1649 solliei-

319 1672 650 1740 ἀπετάξατο,
685 1674 770 1727 ἵνα
822 1672 962 1745 ζήσῃ
1003 1672 1118 1742 βίον
1161 1673 1327 1736 θεῖον,
1364 1673 1639 1743 οὐράνιον,
1681 1674 1894 1742 metu

2007 1686 2118 1732 tam
2159 1681 2520 1746 anxietatem,
2560 1683 2916 1752 imposturas,
2963 1684 3303 1754 voluptates,
3344 1687 3585 1756 crapulae

314 1765 441 1829 κὸν,
471 1767 530 1820 ἐν
557 1763 827 1837 θρησκείᾳ
868 1766 1087 1837 καθαρᾷ
1126 1767 1219 1819 καὶ
1247 1765 1500 1837 ἀμιάντῳ
1533 1765 1627 1819 καὶ
1650 1767 1802 1839 ἁγίᾳ,
1840 1769 1894 1819 ἐν

2003 1779 2060 1825 et
2111 1771 2399 1827 ebrietatis
2470 1772 2859 1844 intemperiem
2912 1790 3176 1830 omnem:
3210 1778 3583 1832 omnimodam

312 1855 602 1927 Πνεύματι
638 1857 799 1911 Θεοῦ·
837 1857 958 1927 Θεῷ
1016 1856 1303 1928 λατρεύων
1345 1857 1432 1928 τῷ
1474 1862 1894 1928 παντοκράτορι,

2000 1861 2231 1933 insuper
2297 1864 2643 1936 Babylonica:
2702 1866 3050 1922 confusionis
3107 1868 3232 1938 fuga
3285 1870 3584 1926 antevertit

306 1949 410 2003 διὰ
440 1949 538 2022 τὴν
576 1948 860 2019 βασιλείαν
893 1948 1002 2002 τῶν
1030 1948 1298 2019 οὐρανῶν,
1329 1946 1397 2001 δι’
1430 1948 1498 2020 ἣν
1544 1948 1639 2004 καὶ
1667 1949 1894 2004 ἀπέθετο

2003 1956 2281 2028 abyssum.
2316 1958 2457 2014 Vitae
2493 1958 2655 2013 istius
2702 1962 2947 2014 suaviter
2979 1960 3334 2016 traducenda:
3366 1978 3581 2016 renun-

305 2039 417 2110 τὴν
462 2039 554 2093 τοῦ
605 2040 815 2111 κόσμου
858 2039 1136 2111 φροντίδα.
1187 2038 1501 2111 «Φοϐήθητι
1541 2043 1673 2111 γὰρ,
1706 2042 1895 2111 φησὶν,

304 2132 410 2186 τὸν
446 2131 670 2204 Κύριον,
702 2134 796 2185 καὶ
835 2131 1080 2200 φύλασσε
1119 2132 1219 2195 τὰς
1251 2132 1473 2194 ἐντόλας
1519 2129 1704 2187 αὑτοῦ.
1734 2152 1752 2185 ι
1789 2134 1897 2185 Φυ-

301 2221 531 2277 λάσσων
584 2222 639 2276 δὲ
691 2221 790 2287 τὰς
836 2223 1057 2288 ἐντολὰς
1096 2223 1192 2277 τοῦ
1257 2223 1415 2288 Θεοῦ,
1447 2224 1548 2297 ἔσῃ
1589 2225 1810 2288 δυνατὸς
1837 2227 1895 2278 ἐν

300 2315 469 2387 πάσῃ
497 2314 715 2383 πράξει.
757 2315 867 2368 Καὶ
902 2317 936 2386 ή
972 2315 1173 2386 πρᾶξίς
1208 2334 1303 2370 σου
1351 2316 1684 2387 ἀσύγκριτος
1714 2316 1891 2373 ἔσται.

296 2405 653 2476 Φοϐούμενος
703 2405 814 2479 γὰρ
846 2406 938 2461 τὸν
969 2409 1198 2478 Κύριον,
1227 2408 1409 2462 πάντα
1436 2410 1617 2472 καλῶς
1661 2411 1896 2481 ἐργάσῃ.

296 2489 485 2560 Οὗτός
518 2499 665 2550 ἐστιν
704 2499 732 2551 6
776 2498 961 2566 φόϐος,
999 2498 1057 2550 δν
1089 2499 1171 2552 δεῖ
1215 2517 1276 2553 σε
1307 2498 1634 2571 φοϐηθῆναι,
1665 2502 1760 2554 καὶ
1790 2518 1896 2554 σω-

294 2589 481 2662 θήσῃ.
517 2588 620 2642 Τὸν
647 2588 704 2642 δὲ
730 2589 978 2643 διάϐολον
1006 2594 1083 2661 μὴ
1111 2590 1358 2663 φοϐηθῇς
1377 2606 1391 2621 '
1420 2592 1757 2665 φοϐούμενος
1788 2593 1895 2665 γὰρ

286 2680 409 2735 τὸν
434 2681 656 2753 Κύριον,
686 2682 1142 2752 κατακυριεύσεις
1161 2684 1256 2737 τοῦ
1279 2684 1548 2747 διαϐόλου,
1568 2684 1896 2756 ὃτιδύναμις

283 2773 417 2828 οὐκ
450 2773 595 2828 ἐστιν
629 2774 687 2828 ἐν
708 2775 878 2846 αὐτῷ.
923 2777 1010 2833 Ἐν
1035 2767 1080 2843 ᾧ
1108 2776 1163 2830 δὲ
1187 2777 1414 2848 δύναμις
1441 2778 1541 2832 οὐκ
1575 2777 1741 2841 ἔστιν,
1775 2778 1895 2832 οὐδὲ

282 2864 482 2933 φόϐος
504 2882 520 2898 ο
549 2869 604 2920 ὲν
618 2857 662 2934 ᾧ
685 2867 961 2939 ἡδύναμις
977 2872 1010 2939 ἡ
1036 2866 1268 2936 ἔνδοξος,
1287 2870 1383 2923 καὶ
1406 2871 1434 2923 6
1458 2870 1620 2940 φόϐος
1640 2873 1697 2923 ἐν
1721 2871 1891 2940 αὐτῷ.

281 2958 434 3023 Πᾶς
479 2959 587 3028 γάρ
623 2959 651 3011 6
679 2960 908 3030 δύναμιν
936 2961 1096 3032 ἔχων,
1146 2963 1240 3016 καὶ
1274 2962 1438 3032 φόϐον
1464 2962 1598 3033 ἔχει.
1641 2964 1699 3018 Ὀ
1727 2963 1788 3016 δὲ
1821 2963 1895 3034 μὴ

2005 2046 2162 2101 liavit
2199 2047 2480 2101 illecebris
2514 2064 2527 2100 :
2559 2049 2768 2102 mundo
2825 2064 3048 2118 quoque
3096 2051 3215 2104 vale
3256 2064 3579 2117 supremum

2000 2134 2159 2199 dixit,
2190 2136 2352 2206 cujus
2383 2142 2440 2189 et
2466 2137 2605 2190 retia
2628 2147 2915 2207 perrupta,
2952 2154 3285 2210 congressus
3308 2142 3447 2196 mire
3478 2141 3582 2195 im-

2001 2225 2192 2294 plexos
2216 2226 2396 2281 evasit
2431 2235 2487 2281 et
2519 2228 2761 2297 pedicas.
2790 2229 2848 2283 In
2884 2237 3030 2284 terra
3059 2232 3274 2287 tametsi
3308 2232 3579 2300 ambulat,

1998 2333 2060 2372 re
2101 2317 2215 2387 ipsa
2257 2317 2498 2373 declarat
2548 2334 2606 2373 se
2648 2321 2998 2390 complexum
3047 2337 3169 2377 esse
3203 2324 3582 2379 conversatio-

1999 2426 2131 2465 nem
2154 2427 2279 2482 quae
2313 2410 2369 2465 in
2404 2412 2563 2467 emlis
2598 2420 2705 2468 est;
2734 2412 2871 2467 Cum
2915 2414 3063 2468 enim
3092 2414 3258 2485 longe
3304 2415 3425 2470 iStis
3451 2415 3578 2471 feli-

1998 2503 2150 2558 ciora
2189 2512 2434 2573 expetat.
2471 2504 2611 2559 nihil
2636 2513 2718 2559 est
2749 2505 2895 2574 quod
2915 2514 3211 2561 cunctetur
3250 2509 3576 2570 renuntiare

1998 2594 2165 2650 istius
2203 2596 2393 2650 mundi
2454 2596 2771 2663 lenociniis,
2821 2597 3087 2652 nimirum
3126 2599 3297 2669 vitam
3333 2608 3393 2654 ut
3429 2600 3581 2657 vivat
3620 2646 3627 2651 .

1996 2687 2264 2754 divinam,
2334 2688 2638 2752 caelestem,
2702 2690 3013 2760 angelicam
3067 2691 3120 2744 in
3188 2691 3581 2747 observatione

1997 2779 2229 2835 sincera:
2275 2795 2506 2849 prorsus
2546 2781 2832 2852 religionis
2873 2782 3218 2838 intemerata?
3264 2800 3327 2839 ac
3352 2792 3580 2850 sanctae,

1997 2872 2053 2925 in
2086 2870 2300 2942 Spiritu
2332 2872 2453 2938 Dei,
2482 2873 2700 2928 latriam
2745 2875 3017 2929 exhibens
3058 2875 3427 2945 omnipotenti.
3466 2876 3585 2931 Deo

1996 2969 2224 3032 propter
2256 2962 2524 3018 caelorum
2556 2979 2810 3043 regpum,
2843 2966 3001 3036 cujus
3023 2966 3195 3037 gratia
3224 2967 3583 3036 supercilium

279 3048 456 3123 ἔχων
491 3051 738 3122 δύναμιν,
770 3053 874 3106 ὑπὸ
897 3055 1117 3109 πάντων
1151 3057 1594 3126 καταφρονεῖται.
1624 3054 1894 3126 Φοϐήθητι

1997 3070 2165 3110 omne
2219 3056 2406 3126 posuit
2457 3057 2752 3112 mundanae
2801 3057 2961 3112 istius
3003 3057 3341 3128 prudentiam
3387 3059 3584 3114 «Time

272 3144 356 3199 δὲ
394 3142 469 3197 τὰ
507 3142 644 3215 ἔργα
671 3143 766 3199 τοῦ
789 3144 1067 3210 διαϐόλου,
1099 3148 1191 3201 ὅτι
1216 3147 1434 3218 πονηρά
1460 3148 1588 3204 eiet.
1619 3147 1893 3218 Φοϐούμε-

1997 3147 2169 3211 enim,
2240 3147 2334 3203 ille
2388 3148 2483 3213 ait,
2523 3148 2851 3213 Dominum,
2913 3156 2970 3203 et
3030 3150 3244 3204 custodi
3320 3151 3579 3205 mandata

272 3254 405 3303 νος
433 3236 491 3290 δὲ
520 3238 611 3291 τὸν
644 3238 869 3312 Κύριον,
902 3239 964 3294 ού
991 3239 1281 3313 φοϐηθήσῃ
1306 3242 1372 3294 τά
1400 3240 1538 3310 ἔργα
1571 3240 1667 3293 τοῦ
1700 3242 1893 3296 διαϐό-

1997 3238 2119 3307 ejus
2140 3238 2205 3292 ⁸⁸.
2235 3256 2253 3289 ι
2293 3236 2436 3293 Sane
2495 3238 2593 3293 Dei
2641 3238 2903 3293 mandata
2963 3238 3007 3293 si
3054 3239 3411 3307 custodieris,
3468 3241 3584 3296 eris

269 3332 430 3395 λου,
464 3331 559 3385 καὶ
587 3332 686 3386 οὐκ
720 3333 931 3404 ἐργάσῃ
963 3333 1130 3387 αὐτά·
1162 3331 1311 3386 ἀλλὰ
1344 3331 1518 3404 φεύξῃ
1562 3332 1657 3386 ἀπ’
1689 3333 1891 3387 αὐτῶν.

1998 3329 2192 3399 utique
2246 3329 2305 3383 in
2354 3329 2507 3384 omni
2559 3331 2890 3400 operatione
2944 3337 3166 3400 potens,
3219 3332 3583 3401 Operatioque

266 3423 501 3478 Δισσοὶ
547 3423 641 3478 οῦν
681 3425 821 3478 εἰσιν
868 3426 919 3479 οἱ
958 3426 1133 3497 φόϐοι.
1179 3427 1240 3480 El
1288 3425 1348 3480 οὐ
1381 3424 1542 3497 θέλῃς
1573 3425 1634 3479 τὸ
1660 3426 1894 3496 πονηρδν

1997 3433 2091 3475 tua
2145 3420 2662 3490 incomparabiliter
2742 3422 3025 3477 succedet.
3083 3422 3378 3476 Dominum
3431 3424 3580 3478 enim

267 3515 668 3587 ἐργάζεσθαι,
711 3516 980 3587 φοϐήθητι
1024 3518 1114 3572 τὸν
1167 3518 1395 3589 Κύριον,
1437 3517 1533 3572 καὶ
1559 3518 1660 3571 οὐκ
1685 3517 1894 3588 ἐργάζῃ

1997 3512 2043 3569 si
2086 3512 2360 3579 timueris,
2390 3513 2531 3567 nihil
2584 3530 2693 3569 non
2730 3514 2933 3570 decore
2970 3513 3252 3570 conficies.
3287 3510 3387 3570 llic
3419 3516 3586 3585 plane

267 3605 467 3663 αὑτό.
508 3606 635 3661 Ἐὰν
665 3607 723 3661 δὲ
769 3608 929 3680 θέλῃς
970 3608 1136 3663 πάλιν
1184 3609 1246 3663 τὸ
1288 3609 1497 3678 ἀγαθὸν
1532 3609 1892 3681 ἐργάσασθαι,

1999 3605 2166 3660 timor
2199 3614 2307 3671 est,
2350 3622 2464 3676 quo
2518 3621 2746 3662 necesse
2780 3607 2855 3661 sit
2900 3616 2965 3662 ut
3014 3608 3208 3663 timeas
3249 3614 3305 3662 et
3343 3608 3582 3663 salutem

268 3698 586 3772 φοϐήθητι
617 3699 710 3757 τὸν
737 3700 966 3772 Κύριον,
997 3702 1092 3755 καὶ
1124 3702 1334 3775 ἐργάζῃ
1374 3703 1526 3759 αὐτό.
1556 3703 1718 3757 Ὥστε
1748 3704 1775 3756 6
1796 3702 1892 3770 φό-

1998 3711 2341 3767 consequare
2371 3714 2387 3751 :
2415 3697 2702 3752 diabolum
2734 3697 2970 3769 proinde
2995 3699 3136 3754 nihil
3167 3700 3443 3755 timueris.
3474 3700 3585 3756 Do-

1997 3789 2211 3844 minum
2241 3790 2393 3845 enim
2418 3790 2512 3860 qui
2550 3791 2726 3855 timet,
2758 3788 3026 3847 adversus
3060 3792 3342 3848 diabolum
3369 3810 3585 3864 prteva-

1996 3881 2135 3937 lebit
2166 3898 2181 3936 :
2211 3883 2352 3937 nihil
2400 3883 2552 3938 enim
2608 3882 2742 3939 huic
2792 3892 3068 3954 superest.
3117 3883 3241 3941 Vim
3296 3892 3581 3956 utcunque
3638 3896 3645 3907 ’

1996 3974 2093 4046 qui
2143 3974 2313 4030 habet
2360 3974 2628 4031 adversus
2659 3975 2837 4041 illum,
2869 3976 3062 4046 utique
3098 3976 3266 4031 habet
3293 3983 3350 4031 et
3377 3976 3474 4032 Dei
3509 3977 3580 4031 ti-

1997 4077 2210 4119 morem
2242 4083 2257 4118 :
2285 4063 2330 4119 is
2370 4063 2518 4131 enim
2554 4079 2679 4118 cum
2724 4063 2864 4118 nihil
2913 4064 3166 4137 obtineat
3193 4063 3422 4128 virium,
3460 4078 3581 4117 om-

1996 4157 2150 4211 nium
2205 4165 2355 4227 patet
2388 4156 2696 4227 despicatui
2725 4165 2781 4210 et
2813 4156 3204 4211 contemnitur.
3251 4154 3349 4210 Est
3392 4163 3578 4210 tamen

266 3792 408 3853 σος
436 3788 533 3842 τοῦ
559 3789 772 3862 Κυρίου
815 3792 1165 3865 ίσχυρότερός
1209 3794 1352 3859 ἐστι,
1389 3797 1486 3850 καὶ
1517 3795 1747 3862 ἔνδοξος.
1784 3798 1895 3851 Καὶ

264 3887 427 3940 ὅσοι
457 3880 527 3936 ἂν
553 3882 866 3951 φοϐηθῶσιν
899 3884 1066 3938 αὑτὸν
1108 3886 1202 3939 καὶ
1236 3888 1515 3959 τηρήσωσι
1548 3886 1647 3950 τὰς
1673 3884 1896 3950 ἐντολὰς

266 3972 505 4038 αὐτοῦ,
529 3973 785 4046 ζήσανται
819 3974 903 4045 τῷ
929 3976 1071 4049 Θεῷ.
1104 3975 1258 4031 Ἐπεὶ
1287 3978 1380 4030 καὶ
1406 3980 1556 4032 πᾶσα
1580 3978 1756 4042 κτίσις
1803 3995 1898 4047 φο·

266 4068 494 4123 σετται
514 4066 698 4132 αὑτὸν,
725 4068 824 4132 τὰς
850 4068 907 4121 δὲ
937 4068 1157 4133 ἐντολὰς
1178 4070 1346 4124 αὑτοῦ
1377 4072 1435 4124 οὐ
1464 4072 1749 4141 φυλάσσει.
1772 4070 1894 4124 Τῶν

262 4159 405 4217 οὖν
436 4159 788 4231 φοϐουμένων
819 4160 984 4216 αὐτὸν
1028 4163 1122 4215 καὶ
1156 4161 1551 4230 φυλασσόντων
1597 4164 1696 4227 τάς
1739 4165 1891 4217 ὲντο-

261 4249 638 4315 ).ὰςάύτοῦ,
683 4249 905 4304 ἐκείνων
940 4252 975 4323 ἡ
1014 4251 1131 4322 ζωὴ
1166 4252 1316 4307 ἐστιν
1367 4253 1519 4327 παρὰ
1547 4253 1623 4325 τῷ
1653 4253 1792 4325 Θεῷ.
1836 4255 1894 4308 '0

1997 4247 2147 4319 quod
2185 4250 2400 4315 timeas,
2434 4264 2601 4319 opera
2630 4264 2829 4319 nempe
2860 4247 3068 4303 diaboli
3109 4265 3122 4303 :
3154 4247 3395 4319 maligna
3427 4247 3577 4302 enim

262 4344 423 4417 γὰρ
459 4340 625 4411 φόϐος
656 4341 753 4396 τοῦ
802 4343 939 4397 Θεοῦ
985 4338 1295 4412 amynta
1341 4346 1490 4415 ἡμᾶς
1528 4345 1784 4417 πολεμεῖν
1825 4348 1892 4418 τῇ

1997 4350 2152 4396 sunt.
2190 4339 2403 4412 123'}
2430 4338 2653 4395 Timore
2685 4352 2852 4411 porro
2886 4339 3105 4395 Domini
3136 4339 3406 4405 munitus,
3439 4338 3579 4409 quid

262 4432 507 4507 κακίᾳ.
549 4434 736 4504 Ἥμῶν
774 4435 832 4489 δὲ
861 4435 1322 4507 πολεμούντων,ὴ
1363 4437 1524 4509 χάρις
1555 4438 1649 4490 τοῦ
1683 4438 1890 4506 Κυρίου

1997 4432 2248 4502 estquod
2282 4441 2595 4487 commenta
2625 4430 2956 4502 fraudesque
2985 4430 3351 4487 veteratorias
3383 4431 3579 4486 timeas

258 4527 534 4596 ἀναιρεῖ
559 4527 749 4598 αὑτήν.
787 4528 861 4581 Οὐ
907 4528 1128 4582 δύναται
1181 4528 1238 4581 δέ
1267 4545 1351 4592 τις
1384 4529 1462 4592 εἰς
1500 4529 1665 4597 φόϐον
1690 4529 1893 4599 Κυρίου

1997 4524 2244 4581 diaboli?
2290 4524 2447 4581 Illius
2481 4539 2647 4594 opera
2684 4537 3038 4592 nequaquam
3074 4521 3212 4576 adeo
3237 4520 3573 4592 designahis,

260 4616 515 4681 ἐλθεῖν,
556 4616 654 4670 ἐὰν
679 4617 754 4687 μὴ
782 4619 972 4671 πασῶν
1006 4616 1113 4673 τῶν
1159 4617 1433 4688 βιωτικῶν
1465 4620 1759 4691 φροντίδων
1790 4621 1894 4685 ἔξω

1997 4624 2057 4671 ut
2088 4632 2197 4671 non
2230 4617 2299 4671 ab
2339 4617 2422 4671 eis
2456 4615 2675 4671 resilias
2721 4631 2883 4685 quam
2930 4613 3273 4685 longissime.
3310 4611 3472 4682 Atqui
3507 4611 3577 4665 ti-

1997 4710 2168 4764 moris
2213 4708 2430 4780 species
2469 4708 2673 4779 duplex
2727 4714 2832 4762 est.
2869 4706 2926 4761 Si
2980 4707 3163 4776 itaque
3214 4705 3406 4775 cupies
3435 4703 3574 4759 nihil

1996 4802 2289 4857 admittere
2338 4802 2485 4873 quod
2529 4801 2831 4873 malignum
2883 4798 2955 4854 sit
2983 4813 3048 4852 ac
3080 4797 3405 4867 reprohum,
3442 4796 3576 4852 time

1995 4894 2312 4959 Dominum,
2339 4901 2396 4948 et
2439 4908 2508 4948 ne
2547 4892 2798 4962 opereris
2841 4890 2999 4945 illud.
3046 4886 3340 4944 Dominum
3386 4888 3576 4957 itaque

1996 4987 2092 5056 qui
2132 4985 2289 5040 timet
2333 4985 2495 5040 fortis
2528 4985 2721 5054 utique
2765 4978 2820 5037 et
2865 4983 3161 5054 gloriosus.
3204 4981 3341 5036 Nam
3394 4997 3574 5052 quan-

1997 5079 2264 5148 ticunque
2318 5091 2445 5132 eum
2487 5074 2794 5139 timuerint,
2842 5075 3317 5145 obscrvantesque
3364 5073 3576 5129 fuerint

1995 5168 2379 5224 mandatorum
2430 5168 2623 5238 ipsius,
2649 5168 2864 5240 placent
2893 5163 3024 5223 Deo.
3057 5166 3273 5223 Etenim
3324 5175 3576 5222 creatura

1996 5264 2178 5319 omnis
2207 5261 2382 5332 ipsius
2424 5277 2549 5316 cum
2584 5262 2677 5326 sit,
2707 5277 2833 5317 eum
2875 5271 3109 5317 veretur
3135 5277 3199 5317 ac
3233 5262 3427 5327 timet;
3460 5277 3571 5316 non

259 4709 566 4782 γένηται,
597 4706 781 4771 καθὼς
832 4709 1083 4781 εἴρηταιο
1131 4711 1260 4763 ὅταν
1318 4710 1427 4782 γὰρ
1468 4713 1526 4764 ὲν
1555 4713 1756 4784 ἡσυχίᾳ
1799 4715 1896 4767 καὶ

258 4799 630 4872 ἀμεριμνίᾳ.
653 4800 880 4872 γένηται
915 4804 947 4856 ὁ
968 4802 1112 4870 νοῦς,
1146 4804 1266 4858 τότε
1297 4804 1507 4876 ἐνοχλεῖ
1533 4805 1680 4876 αὐτῷ
1725 4808 1754 4860 6
1797 4807 1897 4874 φό-

260 4899 408 4958 60;
438 4892 539 4947 τοῦ
571 4893 730 4959 Θεοῦ,
764 4897 944 4967 φέρων
973 4900 1140 4953 αὐτὸν
1188 4901 1269 4964 είς
1316 4900 1517 4971 πολλὴν
1544 4902 1768 4974 ἀγάπην
1795 4904 1895 4973 τῆς

260 4984 656 5059 ἀγαθότητος
683 4989 778 5044 τοῦ
809 4989 969 5044 Θεοῦ.
1007 4991 1130 5055 Τοῖς
1160 4992 1269 5064 γὰρ
1299 4993 1724 5065 ἀγωνιζομένοις
1754 4989 1895 5058 εἶδός

260 5100 356 5139 τι
400 5078 561 5157 φέρει
590 5081 905 5154 ἁγνισμοῦό
936 5082 1124 5153 φόϐος.
1164 5102 1193 5136 ις
1224 5084 1282 5137 ’0
1315 5084 1425 5156 γὰρ
1465 5084 1628 5154 φόϐος
1660 5085 1888 5156 Κυρίου,

262 5171 521 5245 φιησὶν,⁸
541 5172 739 5241 ἁγνὸς,
760 5173 1035 5246 διαμένων
1090 5175 1171 5239 εἰς
1235 5175 1409 5230 αἰῶνα
1467 5176 1685 5240 αἰῶνος.
1713 5195 1732 5228 ι
1794 5177 1894 5229 Φό-

263 5267 409 5326 6a;
440 5262 673 5335 Κυρίου,
704 5268 989 5338 γεννήτωρ
1028 5268 1349 5338 φρονήσεως
1371 5284 1384 5299 ο
1409 5266 1438 5319 6
1466 5265 1556 5319 τὸν
1601 5265 1695 5319 ἕνα
1741 5266 1894 5319 εὐλα-
1996 5264 2178 5319 omnis
2207 5262 2382 5332 ipsius
2424 5277 2549 5316 cum
2584 5262 2677 5326 sit,
2707 5277 2833 5317 cum
2875 5271 3056 5349 vereti

264 5353 609 5425 σούμενος,
651 5358 715 5411 οὐ
752 5358 1012 5414 δειλιάσει
1037 5360 1165 5423 τοὺς
1190 5357 1440 5423 πολλούς.
1464 5358 1683 5413 Μᾶλλον
1713 5358 1769 5412 δὲ
1796 5354 1893 5414 αύ-

1999 5353 2132 5408 item
2168 5353 2348 5409 omnis
2392 5354 2638 5408 custodit
2672 5353 2821 5409 illius
2862 5353 3142 5408 mandata.
3182 5352 3411 5409 Illorum
3440 5369 3575 5408 sane

262 5449 404 5506 τὸν
440 5444 530 5500 διὰ
558 5447 651 5501 τὸν
697 5449 793 5502 ἕνα
832 5450 1019 5503 πολλοὶ
1063 5449 1488 5521 φοϐηθήσονται.
1537 5469 1554 5500 ι
1595 5446 1718 5502 Ἐάν
1758 5450 1890 5519 γάρ,

2000 5446 2111 5499 vita
2137 5444 2282 5515 apud
2312 5436 2484 5501 Deum
2517 5446 2759 5516 reposita
2788 5453 2895 5509 est,
2939 5454 3212 5515 quotquot
3244 5461 3371 5499 eum
3413 5458 3574 5500 reve-

266 5540 507 5617 φτῆσὶν,
539 5538 813 5612 φοϐηθῆτε
858 5541 1071 5612 Κύριον
1092 5539 1181 5593 τὸν
1209 5540 1345 5595 Θεὸν
1387 5538 1567 5610 ὑμῶν,
1600 5540 1695 5592 καὶ
1737 5540 1894 5593 ἀκού·

2003 5549 2189 5594 renter
2217 5538 2502 5595 timentet
2534 5541 2659 5612 ejus
2683 5539 2935 5604 mandata
2983 5538 3209 5609 explent
3233 5554 3422 5610 opere.
3454 5538 3575 5607 Ipse

365 5738 435 5776 ³⁸
470 5732 627 5793 ιοειη.
658 5753 767 5801 xvt,
799 5738 889 5793 27.
963 5731 1176 5814 "ﬁcu.
1202 5754 1240 5805 ι,
1269 5738 1339 5796 28
1365 5747 1421 5795 et
1450 5737 1605 5797 alibi.
1678 5738 1731 5772 ⁸⁸
1749 5736 1931 5796 Eecle.
1951 5750 2041 5804 xu,
2078 5735 2164 5791 15.
