4042 6442
615 294 749 365 1831

1867 296 2044 357 ANTI
2052 296 2228 357 DCIII
2275 295 2623 357 MONACHI
3279 257 3296 266 -
3703 320 3798 388 mg

608 423 779 478 timor
804 418 1026 476 Domini
1061 420 1452 492 necessitatem
1515 418 1683 476 nobis
1742 417 1982 489 imponit
2036 417 2200 472 comi-

2275 458 2282 476 ,
2316 433 2448 490 σητε
2479 419 2580 488 τῆς
2603 418 2789 489 φωνῆς
2815 417 3001 485 αὐτοῦ,
3028 422 3131 477 οὐκ
3155 421 3518 497 ἀντιστήσεται
3542 431 3688 499 οὐδεὶς
3702 447 3799 495 κατὰ

609 529 718 569 nus
753 513 1086 569 conserendi
1135 512 1263 568 cum
1308 513 1480 568 vitiis.
1519 512 1692 568 Nobis
1737 521 1959 567 strenue
1987 509 2203 580 deprae-

608 603 882 660 liantibus
911 603 1093 674 gratia
1121 605 1345 659 Domini
1374 605 1643 660 malitiam
1679 618 1901 658 onmem
1931 601 1998 656 ad
2034 601 2206 656 inter-

611 697 903 751 necionem
943 711 1124 766 usque
1159 695 1470 751 intercidit.
1498 693 1617 749 Non
1645 701 1834 748 autem
1867 699 2052 762 potest
2079 690 2204 762 quis

609 788 680 843 ad
711 789 811 844 Dei
849 789 1107 843 timorem
1141 788 1484 858 pertingere,
1516 786 1570 840 ni
1616 786 1776 856 prius
1817 783 2093 839 desciscat
2133 781 2203 837 ab

608 881 761 935 omni
802 880 931 934 vitae
983 879 1150 934 istius
1198 878 1547 948 temporariae
1593 876 2011 941 sollicitudine,
2047 876 2203 946 juxta

607 973 961 1043 superiorem
994 971 1352 1026 sententiam.
1388 968 1527 1024 Cum
1563 969 1715 1024 enim
1745 983 1904 1023 mens
1931 966 2204 1022 resederit

608 1062 680 1118 ab
713 1063 864 1117 omni
913 1061 1269 1130 intemperie,
1313 1074 1514 1114 secura
1558 1060 1640 1114 rei
1691 1057 2015 1123 mundialis,
2070 1066 2204 1112 tunc

613 1155 780 1209 timor
815 1154 906 1208 ille
937 1153 1035 1208 Dei
1068 1154 1151 1206 sic
1186 1152 1444 1222 requielo
1485 1153 1789 1223 plurimum
1839 1151 2066 1207 facessit
2106 1164 2206 1204 ne-

607 1246 766 1316 gotii,
795 1260 904 1314 quo
935 1244 1196 1300 eumdem
1249 1254 1542 1315 promovet
1582 1245 1652 1300 ad
1687 1245 2086 1300 exuberantem
2119 1241 2204 1296 di-

608 1340 753 1394 vinae
785 1339 1144 1409 benignitatis
1173 1354 1444 1394 amorem.
1498 1338 1660 1395 Serio
1695 1335 2118 1392 decertantibus
2145 1334 2201 1389 in

605 1443 782 1499 agone
824 1427 1104 1496 spirituali
1157 1428 1276 1498 ipse
1335 1421 1507 1483 timOr
1537 1442 1859 1498 expressam
1894 1426 2199 1504 etiamnum

608 1521 905 1592 imaginem
928 1521 1127 1576 asserit
1147 1521 1530 1576 sanctimoniae
1554 1530 1610 1575 et
1631 1519 1892 1590 puritatis
1919 1536 1933 1572 :
1963 1537 1982 1569 «
2013 1517 2202 1572 Timor

605 1613 828 1670 Domini
846 1621 1075 1668 sanctus
1100 1613 1198 1683 (ait
1230 1612 1452 1681 David),
1484 1627 1827 1684 permanens
1851 1611 1907 1665 in
1934 1609 2198 1666 saeculum

606 1706 886 1764 saeculi".
915 1726 933 1759 ι
973 1707 1164 1762 Timor
1211 1706 1434 1761 Domini
1490 1705 1808 1777 prudentiae
1855 1711 1942 1760 est
1974 1717 2196 1774 parens.

2310 511 2604 582 πρόσωπον
2636 512 2813 581 ὑμῶν.
2844 513 2954 566 Kal
2990 515 3017 567 ὁ
3039 515 3243 586 τρόμος
3269 518 3416 588 ὑμῶν
3443 521 3579 577 ἔσται
3604 528 3681 581 ἐπὶ
3702 535 3800 586 πᾶν.

2306 621 2375 657 τα
2419 605 2486 658 τὰ
2540 603 2690 669 ἔθνη.
2718 623 2736 656 ι
2801 605 2911 658 Καὶ
2958 607 3121 662 πάλιν
3192 611 3602 680 παρακελεύεται
3649 620 3800 692 λέγων·

2314 711 2334 744 «
2358 693 2563 764 Κύριον
2610 696 2704 748 τὸν
2748 695 2883 748 Θεὸν
2929 713 3022 750 σου
3073 698 3377 773 φοϐηθήσῃ,
3416 706 3504 758 καὶ
3539 709 3657 779 πρὸς
3684 715 3804 768 αὑτὸν

2310 785 2648 857 κολληθήσῃ.
2685 805 2704 837 ι
2745 786 2858 840 Καὶ
2892 783 3051 852 αὖθις
3077 805 3090 818 ·
3133 809 3152 840 «
3176 790 3271 853 Τίς
3320 792 3475 846 δώσει
3517 796 3666 864 οὕτως
3705 799 3806 860 εἶναι

2305 879 2406 948 τὴν
2461 878 2692 951 καρδίαν
2734 878 2831 932 τοῦ
2879 879 3034 947 λαοῦ,
3071 879 3212 935 ὥστε
3253 885 3521 952 φοϐεῖσθαι
3555 891 3707 957 πάσας
3738 900 3806 962 τὰς

2306 969 2526 1033 ἐντολάς
2573 987 2699 1040 μου,
2739 971 2827 1024 ἵνα
2864 968 2986 1047 εύῇ
3021 973 3172 1045 αὐτῷ
3195 991 3210 1040 ;
3237 994 3256 1028 ο
3291 975 3470 1031 Ταῦτα
3494 980 3583 1049 μὲν
3619 985 3802 1056 ὁνόμος.

2303 1062 2473 1132 Φησὶν
2505 1062 2562 1116 δὲ
2607 1064 2700 1116 καὶ
2741 1066 2770 1116 ὁ
2823 1067 3114 1135 προφήτης
3142 1067 3381 1138 Μιχαίας
3407 1084 3423 1102 ⁸
3456 1089 3473 1122 ι
3496 1073 3598 1126 Kal
3620 1076 3805 1133 ἀνατεὶεξ

2302 1153 2436 1222 ήμῖν
2483 1154 2595 1217 τοῖς
2627 1152 2985 1222 φοϐουμένοις
3009 1153 3100 1208 τὸν
3132 1155 3358 1227 Κύριον,
3384 1158 3567 1214 Ἥλιον
3595 1161 3803 1220 δικαιοσύ-

2303 1262 2420 1316 νης.
2456 1246 2566 1298 Kal
2595 1243 2972 1311 ἐξελεύσεσθε,
3009 1247 3104 1300 καὶ
3140 1251 3455 1322 σκιρτήσετε
3488 1253 3559 1316 ὡς
3602 1259 3806 1330 μοσχάριι

2304 1336 2567 1408 ἀνειμένα
2595 1339 2660 1391 ἐκ
2688 1337 2928 1408 δεσμῶν.
2952 1357 2972 1390 ι
3021 1338 3081 1391 ὐ
3108 1339 3165 1392 δὲ
3199 1340 3616 1415 Παροιμιαστὴς,
3645 1367 3662 1399 ι
3692 1350 3806 1423 Ἀρχὴ

2304 1433 2523 1500 σοφίας,
2561 1429 2728 1501 φόϐος
2764 1432 2993 1501 Κυρίου,
3048 1431 3148 1485 καὶ
3189 1432 3453 1504 ὀχύρωμα
3493 1435 3655 1489 ὁσίου·
3697 1443 3807 1506 φάεος

2306 1521 2539 1592 Κυρίου,
2571 1520 2726 1593 πηγὴ
2771 1521 2948 1593 ζωῆς
3000 1525 3148 1576 ποιεῖ
3187 1522 3246 1576 δὲ
3294 1525 3534 1579 ἐκκλῖναι
3562 1527 3618 1581 ὲκ
3644 1529 3808 1599 παγίδος

2301 1613 2558 1669 θανάτου.
2583 1633 2602 1665 ι
2651 1615 2762 1667 Kal
2789 1613 2950 1667 πάλιν
2969 1630 2983 1642 ·
3029 1634 3047 1666 ι
3070 1614 3360 1684 Μακάριος
3381 1608 3425 1682 ᾧ
3465 1615 3724 1687 δεδώρηται
3745 1623 3812 1688 φό-

2305 1705 2396 1769 ϐος
2442 1705 2686 1776 Κυρίου·
2725 1704 2889 1773 φόϐος
2934 1705 3146 1776 Κυρίου
3191 1706 3275 1770 είς
3320 1705 3669 1785 ζωὴνάνδρίο
3697 1712 3812 1779 φόϐος

604 1799 790 1857 Unum
841 1799 1086 1870 aliquem
1132 1798 1178 1854 si
1223 1807 1434 1864 tuetur,
1479 1807 1537 1852 et
1587 1798 1868 1863 observat,
1924 1795 2067 1851 nihil
2109 1795 2200 1850 hic

2305 1797 2513 1868 Κυρίου
2543 1796 2733 1868 τέρψει
2763 1797 3021 1868 καρδίαν,
3073 1797 3170 1850 καὶ
3205 1797 3372 1850 δώσει
3420 1799 3720 1871 εὐφροσύνην
3746 1805 3812 1855 καὶ

605 1891 914 1963 quamlibet
956 1891 1164 1946 multos
1207 1890 1469 1945 timebit:
1498 1891 1687 1961 potius
1730 1889 1801 1944 ob
1836 1889 1987 1945 hunc
2024 1904 2196 1943 unum

606 1985 769 2041 multi
803 1985 1262 2050 exterrebuntur,
1293 1983 1382 2039 vel
1424 1992 1565 2040 teste
1601 1982 1892 2054 Scriptura
1922 2001 1934 2036 :
1971 2001 1989 2035 «
2021 1981 2080 2037 Si
2124 1981 2197 2036 ti-

604 2077 867 2133 mueritis
910 2077 1208 2132 Dominum
1262 2077 1436 2131 Deum
1486 2084 1759 2141 vestrum,
1802 2084 1860 2130 et
1907 2073 2200 2129 audieritis

605 2185 802 2226 vocem
839 2171 983 2242 ejus,
1021 2184 1189 2223 nemo
1233 2177 1429 2224 contra
1476 2183 1576 2224 vos
1614 2167 1784 2224 stabit
1830 2177 1958 2222 ante
1996 2167 2197 2223 faciem

606 2272 874 2329 vestram,
916 2261 1012 2317 sed
1058 2260 1228 2316 timor
1275 2271 1467 2316 vester
1512 2276 1577 2316 ac
1625 2269 1836 2316 tremor
1870 2260 2200 2330 erit'super

605 2371 801 2413 omnes
832 2365 1028 2428 gentes
1045 2354 1114 2408 θ’.
1148 2373 1166 2407 ι
1193 2354 1391 2409 Denuo
1419 2354 1751 2409 adhortatur
1779 2353 1972 2408 dicens
1998 2371 2012 2406 :
2042 2371 2061 2405 «
2094 2353 2200 2408 Do-

605 2445 822 2501 minum
865 2445 1042 2498 Deum
1091 2443 1337 2509 timebis,
1364 2453 1422 2498 et
1460 2445 1514 2500 ei
1561 2443 1958 2500 adhaerebis".
1993 2463 2010 2496 ›
2047 2443 2197 2499 Rur-

603 2553 739 2594 sus:
781 2535 954 2602 «Quis
988 2533 1163 2600 dabit,
1196 2541 1259 2588 ut
1290 2534 1364 2590 sit
1399 2535 1482 2590 sic
1529 2549 1628 2591 cor
1660 2533 1874 2605 populi,
1907 2542 1971 2589 ut
2007 2535 2200 2590 timeat

603 2629 791 2684 omnia
839 2627 1101 2682 mandata
1152 2642 1298 2693 mea,
1345 2635 1408 2682 ut
1437 2627 1582 2682 bene
1613 2627 1686 2683 sit
1716 2627 1769 2683 ei
1791 2628 1882 2682 "?
1907 2647 1925 2679 ι
1959 2629 2027 2682 Et
2067 2627 2197 2698 qui-

603 2721 734 2776 dem
784 2718 903 2775 hmc
941 2718 1112 2774 habet
1162 2719 1273 2774 lex.
1323 2718 1434 2775 Sed
1465 2727 1523 2774 et
1566 2721 1841 2792 propheta
1883 2721 2146 2777 Michazas
2181 2739 2194 2775 :

609 2830 630 2864 «
652 2813 720 2867 Et
743 2811 962 2866 orietur
989 2809 1154 2864 vobis
1193 2811 1526 2866 timentibus
1565 2812 1864 2867 Dominum
1906 2812 1998 2867 Sol
2028 2812 2195 2883 justi-

605 2905 719 2969 tiae,
766 2913 824 2959 et
869 2903 1240 2974 egrediemini
1271 2914 1329 2958 et
1358 2903 1572 2960 salictis
1609 2905 1769 2974 quasi
1802 2904 1964 2959 vituli
1999 2920 2029 2958 a
2071 2908 2198 2958 vin—

559 3067 564 3072 .
602 2999 748 3054 culis
805 2995 1128 3052 relaxati".
1159 3014 1178 3047 ι
1250 2996 1642 3053 Ροτωωίοεῐοε
1699 2995 1835 3050 item
1870 3012 1884 3050 :
1925 3015 1943 3047 «
1972 2995 2197 3051 lnitium

603 3088 897 3161 sapientia:
942 3087 1110 3142 timor
1158 3086 1404 3152 Domini,
1437 3096 1494 3141 et
1532 3085 2014 3158 propugnaculum
2062 3102 2193 3141 san-

603 3151 777 3250 cti";
813 3181 981 3236 timor
1021 3179 1240 3234 Domini
1274 3151 1402 3236 fons
1432 3151 1580 3246 vitm,
1620 3151 1682 3235 ut
1716 3151 1882 3235 faciat
1915 3179 2196 3235 declinare
2223 3151 2267 3212 ο

603 3297 634 3334 a
662 3280 865 3348 laqueo
896 3273 1182 3330 mortis".
1219 3293 1238 3326 ›
1281 3273 1491 3328 lterum
1525 3289 1539 3326 :
1578 3272 1845 3341 «Beatus,
1893 3274 1983 3328 cui
2027 3273 2200 3328 dona-

603 3380 694 3427 tus
738 3378 826 3425 est
874 3369 1042 3423 timor
1104 3364 1404 3421 Domini".
1440 3384 1586 3419 »-ι
1613 3365 1808 3422 Timor
1866 3366 2089 3421 Domini
2128 3364 2196 3419 ad

601 3462 775 3517 vitam
802 3460 926 3516 viro
946 3460 1013 3513 ⁸⁷.
1040 3476 1058 3511 ι
1085 3488 1156 3498 --
1181 3476 1200 3509 ι
1224 3457 1419 3512 Timor
1463 3457 1687 3512 Domini
1724 3457 2030 3512 delectabit
2077 3473 2196 3523 cor,

600 3566 659 3611 ct
700 3555 856 3610 dabit
898 3553 1145 3608 laetitiam
1191 3561 1248 3607 et
1293 3551 1558 3624 gaudium
1577 3551 1645 3606 ".
1679 3570 1699 3604 ι
1727 3570 1835 3602 -ι
1859 3541 2054 3606 Τίηιόι·
2087 3551 2197 3604 Do-

601 3645 741 3700 mini
772 3644 979 3698 donum
1014 3651 1102 3698 est
1133 3658 1164 3697 a
1187 3643 1424 3698 Domino
1448 3643 1493 3676 ⁹⁹
1520 3659 1535 3709 ;
1571 3641 1787 3698 timenti
1826 3641 1976 3697 enim
2006 3641 2198 3695 Domi-

604 3753 740 3794 num
796 3737 942 3792 bene
971 3737 1080 3791 erit
1116 3737 1173 3791 in
1205 3735 1547 3801 novissimis,
1583 3743 1641 3791 et
1672 3735 1728 3791 in
1763 3735 1962 3791 diebus
1996 3734 2198 3789 defun-

603 3829 807 3884 ctionis
858 3828 1037 3899 ipsius
1095 3826 1463 3883 benedicetur
1486 3829 1527 3882 ¹.
1560 3847 1578 3880 ι
1605 3855 1670 3867 -
1701 3847 1719 3878 «
1745 3827 2041 3883 Plenitudo
2106 3842 2198 3882 sa-

604 3921 832 3992 pientiae
859 3929 947 3976 est
979 3921 1178 3976 timere
1226 3921 1543 3987 Dominum,
1578 3928 1635 3975 et
1673 3920 1975 3977 inebriabit
2001 3937 2099 3978 eos
2131 3920 2200 3976 de

604 4015 887 4070 fructibus
929 4015 1098 4070 suis'.
1129 4033 1146 4067 ι
1187 4015 1393 4071 lterum
1433 4033 1446 4069 :
1485 4033 1504 4068 «
1539 4014 1922 4086 Concupivisti
1972 4015 2196 4085 sapien-

607 4109 739 4164 tiam
759 4111 783 4162 ?
805 4109 975 4164 Serva
1001 4109 1280 4174 mandata,
1311 4116 1368 4164 et
1387 4108 1655 4164 Dominus
1675 4108 1966 4164 dabiteam
1997 4108 2100 4163 tibi
2119 4109 2192 4160 ³.»

605 4223 718 4252 -σ
747 4201 854 4269 Qui
891 4202 1090 4256 timent
1134 4202 1454 4266 Dominum,
1504 4201 1645 4256 nihil
1703 4202 2053 4258 verebuntur
2104 4208 2201 4255 aut

603 4304 1000 4365 cxpavescent,
1032 4295 1162 4364 quia
1202 4294 1319 4365 ipse
1347 4309 1472 4364 spes
1497 4295 1722 4350 illorum
1757 4304 1844 4350 est
1863 4295 1904 4350 ⁸.
1927 4314 1946 4347 ι
1978 4293 2153 4348 David
2183 4312 2195 4347 :

609 4406 630 4440 «
652 4388 726 4444 Os
756 4387 891 4458 justi
917 4387 1281 4442 meditabitur
1307 4386 1661 4456 sapientiam,
1686 4394 1742 4441 et
1774 4386 1990 4457 1238
2011 4385 2199 4457 lingua

604 4476 728 4547 ejus
783 4475 1046 4545 loquetur
1089 4476 1425 4546 judicium‘.
1457 4495 1474 4527 ι
1519 4506 1591 4516 -
1635 4475 1819 4543 «Quia
1890 4477 2198 4532 secundum

605 4566 959 4623 altitudinem
1009 4568 1135 4622 cmli
1190 4583 1220 4621 a
1279 4576 1424 4623 terra
1497 4569 1886 4624 corroboravit
1933 4570 2201 4624 Dominus

606 4657 1050 4714 misericordiam
1122 4675 1280 4714 suam
1347 4675 1520 4730 super
1575 4660 1837 4716 timentes
1876 4674 1935 4715 se
1954 4660 1991 4713 ⁸.
2023 4678 2042 4710 ι
2093 4659 2204 4714 Et:

2301 1888 2504 1958 ΧαΡάΨ
2539 1887 2702 1955 φόδος
2746 1887 2957 1956 Κυιοίου
3001 1887 3150 1952 δόσις
3207 1889 3363 1959 παρὰ
3403 1892 3614 1960 Κυρίου.
3649 1893 3721 1964 Τῷ
3745 1912 3811 1963 φο-

2301 1978 2555 2050 ϐουμένῳ
2585 1980 2694 2048 γὰρ
2719 1980 2812 2033 τὸν
2843 1980 3050 2050 Κύριον
3090 1978 3148 2034 εὖ
3178 1980 3337 2036 ἔσται
3391 1982 3476 2034 ἐπ’
3505 1984 3728 2052 ἐσχάτων,
3749 1991 3812 2040 καὶ

2303 2073 2362 2125 ὲν
2390 2070 2630 2142 ἡμέραις
2655 2071 2918 2140 τελευτῆς
2947 2071 3114 2125 αὑτοῦ
3158 2071 3599 2144 εὐλογηθήσεται.
3627 2077 3812 2148 Πλησμο-

2302 2161 2366 2233 νὴ
2412 2162 2630 2230 σοφίας,
2672 2161 2962 2232 φοϐεῖσθαι
3007 2164 3238 2235 Κύριον,
3295 2166 3394 2217 καὶ
3442 2165 3644 2236 μεθύσει
3673 2169 3811 2232 αὐτοὺς

2303 2256 2410 2309 ἀπὸ
2439 2255 2551 2308 τῶν
2579 2255 2812 2326 καρπῶν
2846 2257 3040 2325 αὐτῆς.
3069 2276 3172 2308 ›-
3197 2275 3216 2309 ι
3263 2257 3638 2329 Ἐπεθύμησας
3661 2261 3808 2329 σοφίαν

2301 2347 2636 2419 διατήρησον
2661 2349 2906 2414 ἐντολὰς,
2936 2350 3032 2404 καὶ
3061 2351 3088 2403 ὁ
3118 2350 3331 2422 Κύριος
3363 2354 3644 2424 χορηγήσει
3668 2370 3734 2406 σοι
3756 2357 3812 2408 αύ-

2301 2442 2423 2512 τήν.
2463 2443 2527 2496 Οἱ
2562 2441 2892 2513 φοϐούμενοι
2933 2442 3026 2497 τὸν
3059 2443 3267 2514 Κύριον
3302 2443 3455 2498 οὐδὲν
3495 2445 3814 2516 εὐλαϐηθήσονο

2301 2552 2414 2600 ται,
2444 2533 2540 2590 καὶ
2567 2535 2628 2587 ού
2656 2534 2730 2607 μὴ
2759 2535 3140 2602 δειλιάσουσιν,
3171 2537 3255 2590 ὅτι
3275 2538 3439 2601 αὐτὸς
3469 2537 3612 2602 ἐλπὶς
3633 2539 3809 2593 αὐτῶν.)

2303 2629 2416 2682 Kal
2445 2629 2472 2680 ὁ
2503 2628 2683 2681 Δαυτδ
2705 2644 2716 2656 ·
2749 2646 2769 2679 «
2793 2627 2978 2699 Στόμα
2999 2629 3210 2684 δικαίου
3243 2631 3530 2702 μελετήσει
3559 2630 3736 2701 σοφίαν,
3754 2637 3816 2685 καὶ

2301 2722 2335 2790 ή
2376 2718 2599 2788 γλῶσσα
2633 2719 2799 2774 αὑτοῦ
2832 2720 3063 2793 λαλήσει
3099 2723 3311 2794 κρίσιν.
3344 2724 3470 2776 Ὀτι
3499 2724 3630 2777 κατά
3655 2724 3704 2776 τὸ
3726 2723 3818 2794 ὕψος

2301 2812 2398 2866 τοῦ
2447 2813 2684 2885 ούρανοῦ
2731 2813 2841 2868 ἀπὸ
2897 2816 2998 2884 τῆς
3053 2815 3157 2886 γῆς
3211 2816 3558 2887 ἑκραταίωσε
3601 2815 3820 2888 Κύριοςτὺ

2302 2905 2454 2969 ἔλεος
2499 2906 2667 2959 αὐτοῦ
2719 2907 2814 2960 ἐπὶ
2868 2909 2996 2970 τοὺς
3047 2907 3430 2978 φοϐουμένους
3483 2910 3687 2965 αὐτόν.»
3727 2913 3818 2972 Kal.

2308 3016 2328 3048 «
2357 2997 2429 3050 Τὸ
2453 2996 2665 3068 θέλημα
2696 2998 2804 3052 τῶν
2833 2998 3188 3069 φοϐουμένων
3213 3000 3384 3054 αὐτὸν
3418 3003 3642 3072 ποιήσει,
3669 3004 3742 3055 καὶ
3755 3003 3820 3072 τῆς

2302 3090 2542 3160 δεήσεως
2583 3091 2765 3144 αὐτῶν
2807 3092 3219 3155 εἰσακούσεται,
3265 3091 3366 3146 καὶ
3416 3092 3573 3147 σώσει
3615 3095 3817 3159 αὐτούς.ι

2309 3183 2443 3250 Kal,
2484 3202 2502 3235 «
2527 3181 2874 3253 Κραταίωμα
2917 3182 3125 3252 Κύριος
3159 3182 3272 3237 τῶν
3309 3182 3645 3254 φοϐουμένων
3686 3186 3820 3239 αὐτόν·

2309 3277 2402 3330 καὶ
2436 3276 2468 3345 ἡ
2503 3275 2739 3346 διαθήκη
2772 3273 2941 3328 αὑτοῦ
2989 3273 3221 3346 δηλώσει
3264 3275 3484 3340 αὐτούς.
3527 3275 3645 3330 Ἰδοὺ
3684 3277 3766 3347 γὰρ
3791 3277 3822 3328 ιί

2310 3368 2585 3439 ὀφθαλμοὶ
2617 3369 2826 3439 Κυρίου
2859 3368 2952 3422 ἐπὶ
2982 3367 3110 3432 τοὺς
3133 3367 3508 3439 φοϐουμένους
3537 3368 3697 3422 αὐτόν.
3717 3385 3732 3419 ι
3751 3369 3822 3421 Καὶ

2309 3461 2439 3529 περὶ
2469 3459 2690 3525 ἑαυτοῦ,
2737 3479 2755 3512 «
2786 3460 3164 3532 Εὑφρανθήτω
3197 3463 3230 3532 ή
3267 3462 3466 3533 καρδία
3516 3478 3610 3531 μου
3647 3461 3726 3514 τοῦ
3759 3479 3822 3529 go-

2309 3553 2525 3606 ϐεἶσθαι
2573 3553 2638 3606 τὸ
2685 3552 2858 3623 δνομά
2909 3569 3067 3607 σου.»
3121 3553 3231 3606 Kal
3267 3554 3331 3607 τὸ
3383 3553 3580 3622 ἀγαθὸν
3626 3553 3819 3623 Ilva-331'

2315 3647 2606 3717 «Μέτοχος
2657 3645 2770 3715 ἐγώ
2820 3647 2938 3717 εἰμι
2984 3647 3207 3702 πάντων
3252 3647 3366 3700 τῶν
3414 3646 3732 3717 φοϐουμένων
3770 3661 3820 3707 σε,

2309 3739 2541 3794 καὶτῶν
2577 3739 2966 3808 φυλασσόντων
2995 3738 3096 3803 τὰς
3132 3738 3360 3802 ἐντολάς
3395 3755 3510 3792 σου.
3536 3757 3554 3790 ›
3599 3737 3651 3790 ’0
3673 3737 3719 3789 δὲ
3755 3736 3821 3788 Ἰά-

2310 3831 2490 3896 κωϐος
2509 3847 2522 3860 ·
2554 3848 2572 3882 ι
2594 3830 2661 3884 Ἦ
2689 3829 2747 3882 δὲ
2771 3829 2980 3883 ἄνωθεν
3004 3829 3168 3898 σοφία
3189 3831 3414 3901 πρῶτον
3447 3830 3541 3900 μὲν
3567 3828 3687 3898 ἀγνή
3707 3827 3822 3885 ἐστιν.

2307 3920 2502 3975 ἔπειτα
2519 3921 2792 3993 είρηνικὴ,
2809 3920 3081 3991 ἐπιεικὴς,
3095 3919 3380 3991 εὐπειθὴς,
3403 3922 3570 3990 μεστὴ
3584 3919 3738 3980 ἐλέους
3762 3915 3824 3968 tul

2309 4012 2539 4084 καρπῶν
2595 4012 2840 4082 ἀγαθῶν,
2874 4012 3211 4084 ἀδιάκριτος,
3258 4013 3646 4083 ἀνυπόκριτος·
3672 4006 3824 4079 καρπξ

2307 4105 2366 4159 δὲ
2385 4105 2738 4175 δικαιοσύνης
2757 4107 2814 4158 ὲν
2829 4106 3020 4177 εἰρήνῃ
3041 4105 3331 4175 σπείρεται
3346 4108 3456 4168 τοῖς
3480 4103 3697 4160 ποιοῦσιν
3717 4101 3823 4170 εἰρή-

2309 4215 2427 4268 νην.
2460 4217 2478 4248 ι
2516 4199 2629 4252 Kal
2654 4199 2684 4251 ὁ
2712 4197 2941 4269 Πέτρος,
2981 4217 3000 4250 ι
3032 4199 3123 4252 Ἐν
3152 4199 3315 4252 παντὶ
3350 4197 3496 4252 ἔθνει
3543 4199 3569 4251 ὀ
3613 4194 3820 4267 φοϐούμε-

2309 4307 2400 4354 νος
2432 4290 2523 4344 τὸν
2567 4291 2796 4362 Κύριον,
2849 4289 2948 4343 καὶ
3000 4290 3384 4362 ἐργαζόμενος
3423 4288 3734 4355 δικαιοσύνην
3764 4284 3820 4335 δε·

2309 4384 2437 4449 κτδς
2462 4385 2615 4458 αύτῷ
2636 4388 2806 4438 ἐστιν.
2829 4404 2846 4435 ι
2881 4384 2939 4438 '0
2961 4384 3018 4437 δὲ
3047 4383 3286 4455 Κύριος⁸
3320 4403 3338 4436 «
3369 4383 3460 4455 Μὴ
3489 4380 3728 4454 φοϐηθῆτε
3751 4374 3818 4430 hi

2307 4478 2416 4532 τῶν
2446 4477 2880 4532 ἀποκτεινόντων
2907 4477 2971 4530 τὸ
2996 4477 3179 4545 σῶμα,
3215 4476 3316 4546 τὴν
3346 4476 3406 4529 δὲ
3439 4475 3610 4546 ψυχὴν
3636 4473 3697 4543 μὴ
3717 4471 3819 4523 6m-

2307 4568 2491 4638 μένων
2521 4570 2864 4621 ἀποκτεῖναι.
2893 4566 3178 4638 Φοϐήθητε
3210 4566 3272 4619 δὲ
3305 4567 3515 4636 μᾶλλον
3542 4566 3623 4618 τὸν
3659 4560 3762 4632 μετᾶ
3782 4556 3818 4607 tl

2307 4663 2632 4715 ἀποκτεῖναι
2659 4659 2856 4731 ἔχοντα
2885 4658 3140 4724 ἐξουσίαν
3174 4662 3274 4729 τὴν
3308 4659 3492 4730 ψυχὴν
3521 4656 3679 4712 καὶτὸ
3712 4652 3818 4716 σῶμα

614 4771 633 4804 «
661 4751 1017 4808 Voluntatem
1057 4752 1378 4807 timentium
1420 4767 1478 4806 se
1529 4751 1720 4817 faciet,
1755 4761 1812 4807 et
1861 4751 2200 4822 deprecatio-

2308 4749 2574 4804 ἀπολέσαι
2623 4751 2683 4802 ὲν
2731 4750 2963 4822 γεέννῃ.
2983 4767 3002 4802 ι
3035 4749 3146 4802 Nal
3172 4749 3317 4815 λέγω
3351 4749 3502 4818 ὑμῖν,
3531 4744 3676 4800 αὑτὸν
3702 4736 3811 4810 φοσῆ·

607 4858 736 4898 nem
784 4857 978 4898 eorum
1025 4841 1285 4898 exaudiet
1326 4849 1382 4897 et.
1433 4843 1617 4898 salvos
1654 4842 1821 4897 faciet
1847 4844 1986 4897 eos'
2036 4861 2054 4893 ι
2092 4843 2200 4898 Et:

2309 4846 2462 4917 Θητε.
2495 4843 2651 4915 Αύτῷ
2679 4844 2714 4915 ἡ
2737 4843 2865 4908 δόξα
2894 4844 2976 4907 εἰς
3000 4843 3128 4906 τοὺς
3155 4841 3380 4905 αἰῶνας.
3425 4841 3607 4912 Ἀμήν.

613 4955 629 4986 «
662 4935 1101 4992 Firmamentum
1145 4935 1413 4990 Dominus
1462 4935 1776 4990 timentium
1833 4949 1914 5000 se,
1945 4942 2002 4990 et
2035 4943 2206 4990 testa-
2289 4956 2295 4961 ·

605 5036 855 5083 mentum
901 5042 1063 5083 suum
1120 5025 1499 5081 manifestabit
1531 5025 1653 5092 eis;
1717 5039 1848 5080 ecce
1897 5025 2050 5080 enim
2111 5021 2260 5080 oculi
2301 5023 2521 5080 Domini
2565 5040 2736 5095 super
2773 5022 3037 5079 timentes
3081 5037 3208 5076 eum
3230 5021 3272 5076 ⁸.
3303 5040 3323 5073 ›
3359 5021 3506 5076 Idem
3558 5018 3620 5074 de
3661 5015 3809 5084 seipso:

605 5123 848 5178 Lvtetur
903 5136 1000 5176 cor
1054 5135 1261 5184 meum,
1313 5129 1371 5174 et
1424 5119 1616 5175 timeat
1671 5135 1875 5176 nomen
1918 5121 2142 5175 tuum’.
2175 5139 2193 5171 ι
2240 5119 2472 5175 Afllatus
2510 5131 2733 5190 quoque
2803 5131 2937 5172 aura
2975 5116 3217 5188 Spiritus
3289 5114 3489 5178 sancti,
3547 5112 3654 5166 ait:
3687 5105 3809 5160 «Par-

605 5222 784 5285 ticeps
839 5230 940 5285 ego
989 5229 1110 5268 sum
1166 5213 1416 5268 omnium
1469 5212 1785 5269 timentium
1823 5225 1900 5282 te,
1934 5223 1990 5270 et
2016 5214 2457 5271 custodientium
2499 5212 2757 5268 mandata
2823 5221 2918 5266 tua
2942 5213 3006 5266 “.
3039 5231 3057 5263 ι
3126 5212 3370 5268 Jacobus
3428 5217 3642 5264 autem:
3695 5199 3813 5264 (Οηε

606 5309 898 5363 desursum
944 5319 1029 5364 est
1068 5307 1361 5377 sapientia,
1404 5307 1644 5378 primum
1704 5307 1932 5380 quidem
1977 5309 2176 5379 pudica
2216 5319 2322 5374 est,
2391 5307 2595 5364 deinde
2659 5306 2908 5378 pacifica,
2973 5305 3245 5370 modesta,
3281 5303 3572 5367 suasibilis,
3601 5298 3729 5370 plena
3746 5289 3809 5346 mi-

606 5399 908 5459 sericordia
937 5407 993 5455 et
1026 5399 1307 5456 fructibus
1336 5399 1518 5467 bonis,
1543 5400 1752 5472 absque
1815 5401 2234 5474 dijudicatione,
2277 5403 2397 5457 sine
2469 5401 2866 5467 simulatione;
2912 5399 3136 5456 fructus
3185 5409 3368 5454 autem
3413 5397 3626 5470 juStitiae
3648 5392 3692 5445 in
3725 5398 3810 5458 pace

2049 5561 2093 5595 "
2131 5562 2310 5618 Levit.
2361 5579 2486 5628 xu,
2543 5562 2634 5616 52.
2747 5562 2794 5594 ⁸⁸
2825 5561 3149 5636 Deut._xm,
3177 5559 3292 5636 ‘ll,
3401 5549 3671 5636 ’f_Malaclt.
3701 5538 3809 5636 ιτ.ιέ-

2135 5617 2197 5668 ",
2231 5617 2402 5690 Eccli.
2458 5617 2585 5702 ixv,
2632 5637 2719 5692 l5.
2791 5639 2834 5670 ⁵⁷
2868 5626 3031 5692 Prov.
3092 5617 3207 5699 xtx,
3270 5635 3359 5688 25.
3432 5631 3475 5665 ³⁸
3514 5629 3716 5684 Eccli.t.

2678 5690 3122 5772 ι-Ιζνιῖιὶξιιιιιιν,
3157 5690 3242 5762 ιϐ.
3325 5707 3347 5736 ⁸
3378 5703 3514 5757 Psal.
3574 5690 3803 5754 xum,fo-

2680 5819 2692 5831 .
2727 5795 2924 5831 Luxv.
2953 5779 3040 5831 ll.
3134 5780 3177 5809 '°
3208 5777 3351 5831 Psal.
3385 5789 3562 5831 cum,
3591 5769 3664 5822 63.

676 5559 723 5592 τ’
750 5557 868 5611 Psal
944 5575 1097 5623 xvm,
1143 5561 1229 5615 10.
1334 5562 1382 5594 ⁹⁰
1407 5561 1582 5617 Exod.
1626 5579 1778 5628 xxm,
1823 5565 1914 5620 22.

629 5634 678 5667 ⁸⁸
704 5635 863 5688 Prm'.
900 5651 938 5699 ι,
971 5637 1038 5702 7;
1075 5637 1248 5692 Eccli.
1284 5652 1324 5698 t,
1368 5641 1456 5693 l6.
1522 5640 1566 5670 "
1598 5639 1756 5691 Prov.
1798 5654 1912 5698 xw,
1953 5637 2044 5694 27.

635 5707 678 5738 ”
707 5706 875 5762 Evtt'lt.
927 5725 1053 5771 xxv,
1110 5710 1199 5762 M.
1269 5710 1283 5739 ¹
1325 5709 1491 5763 Εοεὲῑ.
1524 5725 1562 5768 ι,
1600 5710 1686 5763 15.
1753 5711 1773 5739 ³
1807 5710 1974 5761 Evt-li.
2021 5725 2057 5769 ι,
2090 5708 2182 5760 ‘20.

2317 5708 2450 5763 ibid.
2484 5709 2576 5763 53.

635 5781 654 5810 ⁶
688 5778 831 5834 l'sal.
871 5793 965 5844 cn,
1002 5782 1085 5835 ιι.
1167 5781 1185 5809 ⁷
1220 5779 1363 5833 Psal.
1401 5795 1579 5847 cvm,
1622 5782 1702 5835 l9.
1780 5779 1800 5810 ⁸
1827 5778 1974 5835 Psal.
2012 5795 2158 5846 xxiv,
2194 5779 2200 5830 l

2275 5779 2402 5837 .15.
2488 5781 2508 5812 ’
2544 5779 2613 5834 Ps
2654 5779 2692 5833 Ι.
2727 5795 2924 5844 Lxxxv,
2953 5779 3040 5832 ll.
