4042 6452
549 305 686 372 1835

1827 312 2200 374 ANTIOCHI
2236 314 2584 375 MONACHI

3634 332 3732 403 1338

546 424 800 481 siderare
824 426 1256 497 justillcatlones
1302 437 1423 485 tuas
1468 430 1525 485 in
1573 434 1725 488 omni
1758 442 2004 506 tempore
2039 435 2084 467 "
2108 452 2129 488 με

2239 433 2340 528 PQ,
2370 434 2715 528 δτςγλυκεῖα
2750 435 2829 508 τῷ
2852 437 3087 509 λάρυγγί
3120 457 3224 510 μου
3251 440 3317 496 τὰ
3350 442 3493 512 λόγιά
3513 463 3609 517 σου,
3633 454 3736 528 ὑπὲρ

545 521 679 593 quia
709 520 894 576 dulcia
939 520 1198 579 faucibus
1238 522 1381 579 meis
1421 523 1643 597 eloquia
1679 534 1777 581 tua
1825 542 1995 598 super
2028 526 2135 582 mel

544 612 628 667 ori
659 626 785 668 meo
803 612 871 667 ".
910 631 929 665 ο
978 641 1056 697 ς·-
1095 631 1115 664 ι
1143 611 1385 669 Comede
1429 615 1562 682 mel,
1612 614 1689 671 fili
1718 616 1817 681 mi,
1858 617 1936 672 ait
1988 616 2081 671 ille
2117 632 2131 669 :

546 706 727 760 bonus
772 704 922 759 enim
963 704 1157 771 favus,
1188 713 1249 761 ut
1277 705 1669 764 condulcescat
1701 717 1894 781 guttur
1927 716 2084 764 ttuim
2117 725 2131 763 :

546 798 627 854 sic
655 798 805 853 enim
838 814 1040 854 sensus
1063 806 1120 853 et
1140 797 1412 869 sapientia
1442 808 1609 856 erunt
1639 801 1837 857 anima:
1865 810 1973 857 tua:
2006 803 2073 856 ".
2108 820 2128 854 ι

544 891 791 946 Joannes
806 908 831 961 ,ξ
871 911 887 942 ι
926 889 1281 967 Charissimi,
1312 892 1461 947 Deus
1509 893 1752 949 charitas
1783 903 1871 949 est
1900 911 1915 948 :
1945 901 2003 950 et
2035 894 2132 965 qui

546 990 734 1036 manet
793 981 847 1036 in
902 982 1194 1045 charitate.
1251 981 1308 1036 in
1362 982 1478 1039 Deo
1527 993 1737 1049 manet,
1780 993 1838 1039 et
1877 985 2025 1041 Deus
2075 985 2133 1041 in

545 1087 613 1126 eo
641 1073 705 1125 "'.
757 1091 775 1124 ι
809 1072 984 1127 lnfert
1017 1085 1033 1126 :
1085 1090 1103 1123 ι
1157 1071 1279 1126 Non
1328 1073 1458 1144 quia
1503 1090 1606 1130 nos
1640 1074 1941 1131 dileximus
1979 1092 2129 1143 eum,

545 1165 643 1219 sed
679 1164 807 1234 quia
837 1164 953 1234 ipse
987 1164 1179 1220 dilexit
1207 1180 1330 1230 nos,
1382 1165 1533 1221 misit
1568 1167 1775 1223 Filium
1815 1184 1979 1224 suum
2007 1184 2135 1239 pro-

546 1256 895 1327 pitiationem
926 1272 1029 1327 pro
1064 1257 1311 1327 peccatis
1335 1258 1543 1314 nostris
1572 1259 1640 1313 ".
1676 1279 1694 1311 ι
1728 1260 1973 1317 Paulus:
2009 1280 2028 1313 ι
2071 1261 2130 1316 ln

547 1348 636 1403 his
672 1347 933 1403 omnibus
982 1364 1312 1417 superamus
1343 1362 1571 1419 propter
1611 1367 1751 1405 eum
1790 1355 1886 1422 qui
1938 1352 2134 1407 dilexit

544 1457 668 1504 nos,
697 1441 869 1496 Deum
900 1442 965 1496 “.
1001 1460 1020 1492 ι
1054 1441 1271 1496 lnducit
1298 1458 1312 1497 :
1350 1459 1370 1492 ι
1405 1441 1544 1509 Quia
1572 1443 1930 1515 diligentibus
1950 1445 2130 1499 Deum

544 1530 731 1586 omnia
779 1540 1151 1600 cooperantur
1188 1529 1245 1584 in
1291 1530 1519 1596 bonum,
1568 1533 1638 1588 iis
1681 1533 1777 1603 qui
1821 1533 2131 1589 secundum

543 1623 892 1695 propositum
927 1623 1106 1679 vocati
1158 1632 1292 1679 sunt
1337 1621 1859 1680 sanctiwulterum
1889 1641 1904 1679 :
1939 1644 1959 1677 ι
1997 1625 2133 1693 Quis

543 1732 646 1772 nos
678 1716 959 1787 separabit
998 1731 1027 1771 a
1067 1715 1337 1772 charitate
1373 1716 1506 1771 Dei?
1552 1717 1879 1773 tribulatio?
1920 1734 1990 1773 an
2036 1734 2134 1773 an-

2238 525 2367 596 μέλι
2399 525 2478 597 τῷ
2509 529 2741 598 στόματί
2777 547 2901 602 μου.
2940 548 2961 585 ι
2988 561 3057 572 ——
3087 532 3261 601 «Φάγε
3288 534 3412 607 γὰρ,
3439 539 3602 610 φησὶν,

2237 615 2343 673 υίέ·
2377 616 2584 685 ἀγαθὸν
2609 618 2723 691 γὰρ
2746 620 2960 692 κηρίον,
2995 622 3083 676 ἵνα
3111 623 3380 697 mng
3404 643 3488 682 σου
3514 630 3541 683 δ
3563 632 3737 706 λάρυγξ.

2237 706 2427 772 Οὕτως
2447 707 2559 780 γάρ
2590 710 2848 783 αἴσθησις
2880 714 2976 766 καὶ
3006 713 3172 782 σοφία
3208 715 3357 771 ἔσται
3390 723 3452 791 τῇ
3478 725 3536 793 σῇ
3561 723 3696 796 ψυχῇ.
3721 748 3735 781 ι

2238 802 2345 856 Καὶ
2384 804 2413 855 ὁ
2463 802 2745 875 Ἰωάννης·
2778 823 2797 855 ι
2849 806 3174 878 Ἀγαπητοί,
3200 809 3228 861 ὁ
3256 808 3384 873 Θεὸς
3421 813 3588 884 ἀγάπη
3609 819 3741 886 ἐστὶν,

2236 893 2334 946 καὶ
2378 893 2408 946 ὁ
2449 893 2629 964 μένων
2660 896 2720 948 ὲν
2745 898 2811 966 τῇ
2852 897 3068 970 ἀγάπῃ,
3108 899 3169 965 ὲν
3200 898 3277 970 τῷ
3313 899 3426 972 Θεῷ
3452 905 3605 972 μένει,
3631 910 3744 963 καὶό

2234 983 2369 1050 Θεὸς
2398 987 2455 1039 ὲν
2481 987 2654 1054 αὐτῷ.
2694 1006 2712 1039 ι
2741 989 2852 1041 Καὶ
2882 990 3161 1062 ἐπιφέρει,
3195 1010 3214 1043 ι
3242 993 3353 1062 Οὐχ
3379 995 3457 1047 ὅτι
3481 996 3620 1067 ἡμεῖς
3643 1002 3746 1069 ἠγα-

2234 1078 2493 1147 πήσαμεν
2522 1078 2708 1143 αὐτὸν,
2740 1079 2856 1132 ἀλλ’
2886 1081 2969 1134 ὅτι
3010 1083 3177 1146 αὐτὸς
3203 1085 3478 1155 ἠγάπησεν
3508 1089 3652 1157 ἡμᾶς,
3676 1094 3747 1147 καὶ

2233 1168 2559 1222 ἀπέστειλεν
2586 1168 2679 1222 τὸν
2705 1171 2832 1223 Υἰὸν
2858 1172 3048 1236 αὑτοῦ,
3081 1175 3307 1244 ἱλασμὸν
3337 1177 3468 1248 ὑπὲρ
3488 1178 3585 1230 τῶν
3609 1182 3748 1255 ἀμαρ-

2233 1260 2364 1313 τιῶν
2393 1260 2568 1330 ἡμῶν.
2611 1280 2630 1313 ι
2649 1261 2762 1315 Καὶ
2784 1265 2811 1316 ὁ
2840 1264 3052 1325 Παῦλος
3075 1282 3090 1296 ο
3119 1284 3138 1316 ι
3163 1266 3302 1319 Ἀλλ’
3333 1270 3388 1321 ὲν
3411 1270 3599 1335 τούτοις
3623 1274 3747 1327 πᾶσιν

2235 1356 2649 1426 ὑπερνικῶμεν,
2699 1355 2790 1408 διὰ
2832 1354 2929 1408 τοῦ
2965 1357 3354 1428 ἀγαπήσαντος
3401 1359 3536 1429 ἡμᾶς
3566 1359 3695 1417 Θεοῦ.
3728 1384 3743 1416 ι

2234 1448 2346 1500 Καὶ
2370 1448 2591 1515 ἐπάγει,
2631 1466 2649 1499 ι
2693 1447 2817 1500 Ὅτι
2863 1451 2976 1510 τοῖς
3007 1450 3299 1517 ἀγαπῶσιν
3337 1451 3422 1503 τὸν
3463 1452 3581 1504 Θεὸν
3612 1455 3746 1509 πάντα

2236 1543 2492 1608 συνεργεῖ
2531 1541 2613 1603 είς
2646 1539 2708 1592 τδ
2745 1539 2972 1608 ἀγαθὸν,
2998 1544 3115 1604 τοῖς
3140 1544 3285 1595 κατὰ
3310 1543 3549 1613 πρόθεσιν
3577 1545 3748 1617 ﬁrmi;

2232 1629 2404 1685 οῦσιν.
2453 1649 2472 1682 ι
2526 1631 2639 1684 Καὶ
2684 1631 2875 1691 πάλιν,
2909 1651 2927 1683 ι
2959 1632 3058 1694 Τίς
3103 1634 3255 1701 ἡμᾶς
3300 1635 3513 1704 χωρίσει
3548 1637 3638 1690 ἀπὸ
3675 1641 3765 1710 τῆς.

2234 1723 2454 1793 ἀγάπης
2482 1721 2576 1774 τοῦ
2602 1721 2773 1790 Θεοῦ;
2806 1722 3009 1794 θλίψις,
3042 1724 3076 1794 ἢ
3114 1724 3468 1796 στενοχωρία,
3489 1727 3518 1797 ἢ
3540 1727 3745 1799 διωγμὸς,

459 1858 469 1869 κ
542 1810 769 1879 gustia?
801 1825 869 1864 an
900 1809 1255 1880 persecutio?
1282 1825 1351 1864 an
1395 1808 1604 1864 fames?
1632 1826 1703 1864 an
1736 1810 1955 1882 gladius
1984 1811 2070 1866 ὀἳ
2106 1831 2126 1864 ι

2236 1814 2269 1886 ἢ
2298 1814 2479 1885 λιμὸς,
2511 1813 2544 1885 ἢ
2579 1815 2875 1885 γυμνότης,
2918 1817 2951 1887 ἢ
2980 1816 3251 1880 κίνδυνος,
3278 1816 3311 1888 ἢ
3340 1818 3595 1890 μάχαιρας
3622 1840 3637 1871 ι
3671 1823 3749 1877 Kal

543 1902 717 1958 Infert
744 1917 759 1956 :
797 1920 814 1952 ι
844 1900 1045 1958 Certus
1070 1902 1223 1956 enim
1265 1917 1411 1965 sum,
1443 1901 1578 1972 quia
1609 1919 1791 1974 neque
1830 1919 2002 1965 mors.
2024 1919 2130 1959 ne-

541 2009 651 2064 que
680 1993 813 2060 vita,
866 2009 1047 2065 neque
1082 1993 1283 2064 angeli,
1319 2008 1499 2062 neque
1546 1995 1910 2065 principatus,
1947 2011 2131 2067 neque

542 2093 875 2156 potestates,
928 2101 1110 2155 neque
1159 2085 1442 2149 instantia,
1477 2102 1658 2157 neque
1709 2087 1915 2152 futura,
1947 2104 2132 2159 neque

544 2176 656 2230 nlla
701 2175 812 2230 alia
859 2183 1115 2230 creatura
1142 2174 1350 2245 poterit
1378 2191 1482 2231 nos
1509 2191 1766 2246 separare
1800 2193 1830 2231 a
1861 2177 2132 2233 charitate

542 2267 664 2333 Dei,
702 2281 827 2339 qua:
876 2274 963 2322 est
996 2265 1052 2321 iu
1083 2266 1307 2322 Christo
1340 2267 1469 2323 Jesn
1507 2268 1744 2323 Domino
1780 2277 1976 2324 nostro
1998 2269 2077 2323 “..
2104 2288 2123 2321 ι

540 2358 809 2414 Dominus
854 2373 1120 2429 quoque:
1158 2379 1175 2411 ι
1223 2359 1330 2425 Qui
1384 2359 1555 2415 habet
1603 2360 1862 2417 mandata
1901 2377 2023 2417 mea
2074 2371 2132 2418 et

538 2460 725 2509 servat
751 2466 839 2517 ea,
877 2450 968 2507 ille
997 2460 1085 2507 est
1107 2451 1203 2522 qui
1239 2450 1424 2523 diligit
1452 2467 1540 2509 me
1570 2469 1584 2506 :
1616 2452 1711 2523 qui
1737 2464 1922 2509 antem
1953 2453 2133 2527 diligit

540 2561 650 2611 me,
688 2543 951 2615 diligetur
979 2559 1010 2598 a
1044 2544 1205 2599 Patre
1240 2559 1387 2610 meo,
1420 2552 1478 2599 et
1507 2560 1608 2616 ego
1639 2544 1860 2616 diligam
1891 2561 2042 2612 eum,
2074 2556 2133 2602 et

540 2633 909 2689 nianifestabo
945 2633 997 2688 ei
1028 2634 1301 2704 meipsum
1336 2635 1402 2688 ι’.
1443 2654 1463 2687 ι
1503 2635 1638 2691 Vide
1679 2635 1771 2692 hic
1801 2654 1967 2708 quam
1994 2654 2127 2709 ope-

541 2727 750 2782 ratoria
788 2726 860 2781 sit
893 2741 1022 2796 erga
1054 2725 1229 2781 Deum
1259 2726 1534 2782 charitas!
1575 2726 1750 2797 ipsius
1793 2732 2011 2786 confert
2047 2730 2104 2785 di

538 2816 778 2871 incidant
817 2815 1191 2887 cognitionem
1229 2815 1396 2871 simul
1448 2824 1505 2872 et
1545 2819 1929 2889 cognoscentis
1974 2836 2130 2876 com-

537 2908 975 2965 mendationem.
1005 2908 1111 2974 Qui
1137 2906 1433 2963 sinceriter
1463 2910 1635 2965 Deum
1665 2909 1867 2982 diligit,
1896 2927 1954 2967 se
1978 2911 2128 2967 aliud

539 3001 680 3057 nihil
724 3000 880 3055 ducit
912 3014 1035 3055 esse
1094 3015 1257 3069 quam
1305 3008 1597 3067 externum
1645 3008 1701 3055 et
1745 3001 2018 3055 advenam
2072 3002 2127 3056 in

2234 1907 2533 1980 ἐπιφέρει·
2577 1928 2597 1959 ‹
2632 1909 2945 1979 Πέπεισμαι
2975 1909 3086 1981 γὰρ
3131 1910 3216 1964 ὅτι
3250 1909 3374 1963 οὔτε
3416 1911 3633 1979 θάνατος,
3660 1914 3748 1967 οὕτε

2233 1999 2370 2070 ζωὴ,
2403 1997 2529 2053 οὔτε
2573 2000 2819 2068 ἄγγελοι,
2851 1999 2977 2054 οὔτε
3008 2001 3199 2072 ἀρχαὶ,
3233 2001 3359 2056 οὒτε
3406 2003 3638 2069 ἐξουσίαι,
3660 2006 3749 2060 οὔτι

2233 2091 2528 2158 ἐνεστῶτα,
2558 2090 2684 2145 οὔτε
2730 2092 3018 2165 μέλλοντα,
3064 2091 3191 2146 οὔτε
3230 2106 3319 2157 τις
3340 2094 3508 2158 κτίσις
3531 2097 3667 2167 ἑτέρα
3688 2097 3751 2151 δυ-

2232 2187 2456 2253 νήσεται
2491 2185 2524 2254 ὴ
2533 2184 2639 2252 μᾶς
2663 2184 2896 2254 χωρίσαι
2926 2184 3035 2237 ἀπὸ
3060 2186 3158 2255 τῆς
3193 2186 3418 2255 ἀγάπης
3441 2186 3527 2240 τοῦ
3546 2187 3661 2241 Θεοῦ
3681 2192 3751 2259 τῆς

2232 2274 2291 2328 ὲν
2321 2272 2545 2346 Χριστῷ
2581 2274 2759 2347 Ἰησοῦ
2797 2274 2878 2346 τῷ
2922 2276 3114 2348 Κυρίῳ
3146 2278 3333 2347 ἡμῶν.
3366 2297 3384 2329 ι
3424 2277 3479 2332 '0
3497 2278 3549 2332 δὲ
3576 2279 3751 2349 Κύριος,

2237 2383 2256 2417 ι
2303 2366 2364 2417 ’0
2403 2365 2544 2435 ἔχων
2584 2364 2685 2429 τὰς
2714 2365 2938 2429 ἐντολάς
2971 2383 3096 2436 μου,
3129 2367 3226 2420 καὶ
3251 2366 3435 2438 τηρῶν
3455 2369 3626 2434 αὑτὰς,
3655 2371 3754 2422 ἐκεῖ·

2231 2442 2321 2521 νδς
2350 2458 2500 2511 ἐστιν
2526 2459 2555 2510 ὁ
2587 2457 2824 2526 ἀγαπῶν
2847 2474 2937 2529 με’
2964 2460 2994 2512 ὁ
3032 2456 3089 2511 δὲ
3125 2459 3364 2527 ἀγαπῶν
3395 2478 3484 2530 με,
3514 2460 3753 2533 ἀγαπηθή-

2233 2561 2387 2600 σεται
2430 2545 2536 2598 ῦπὸ
2565 2544 2662 2599 τοῦ
2714 2544 2937 2618 Πατρός
2957 2562 3083 2617 μου,
3119 2544 3283 2616 κάγὼ
3332 2547 3586 2618 ἀγαπήεω
3611 2549 3752 2610 αὑτὸν.

2231 2637 2326 2693 καὶ
2359 2637 2648 2708 ἐμφανίσω
2680 2635 2830 2709 αὐτῷ
2867 2637 3128 2707 ἐμαυτόν.
3164 2657 3184 2688 ι
3239 2638 3467 2701 Βλέπεις
3503 2639 3575 2691 ὃτι
3599 2639 3628 2703 ἡ
3654 2636 3753 2709 πρὸς

2228 2730 2364 2785 Θεὸν
2418 2730 2608 2801 ἀγάπη
2672 2728 2772 2799 τὴν
2816 2728 3123 2799 ἐμφάνειαν
3162 2729 3335 2783 αὐτοῦ
3374 2732 3464 2783 ml.
3492 2730 3581 2800 τὴν
3606 2731 3755 2783 ὑποδο-

2229 2825 2331 2895 χὴν
2356 2823 2606 2893 παρέχει.
2652 2822 2712 2875 ’0
2747 2822 3063 2894 εἰλικρινῶς
3101 2822 3339 2890 ἀγαπῶν
3361 2822 3448 2875 τὸν
3484 2806 3621 2886 Osiri,
3644 2821 3754 2885 ξένον

2229 2914 2422 2970 ἑαυτὸν
2455 2913 2552 2966 καὶ
2587 2913 2972 2984 παρεπίδημον
3000 2914 3117 2986 ἔχει
3153 2919 3213 2968 ὲν
3247 2914 3389 2985 τῷδε
3417 2915 3491 2986 τῷ
3515 2914 3619 2985 βίῳ·
3645 2916 3712 2967 ιιαέ
3736 2918 3756 2967 ὸ

2228 3006 2469 3069 τοιοῦτος
2498 3005 2599 3077 τὴν
2626 3006 2800 3077 καλὴν
2825 3006 3116 3062 ἀλλοίωσιν
3147 3007 3463 3078 ἠλλοίωταιο
3491 3007 3580 3060 καὶ
3602 3006 3695 3058 ὅσοι
3713 3005 3756 3055 τὸ

533 3091 655 3147 sita
687 3089 967 3162 praesenti.
1012 3088 1163 3145 Talis
1216 3090 1313 3160 qui
1373 3100 1481 3156 est,
1512 3091 1714 3146 decora
1773 3100 1830 3146 et
1889 3093 2126 3163 eleganti

2231 3098 2391 3167 ἅγιον
2432 3098 2529 3152 τοῦ
2565 3097 2805 3170 Χριστοῦ
2850 3099 3026 3170 ὄνομα
3057 3103 3115 3154 ὲν
3150 3099 3229 3169 τῷ
3263 3100 3416 3170 βάθει
3449 3099 3541 3169 τῆς
3581 3098 3759 3169 καρδίας

529 3158 869 3242 alteratioue
892 3184 1212 3239 immutatus
1235 3158 1341 3239 est.
1375 3183 1741 3254 Quotcunque
1769 3158 2127 3241 meditatitme

2231 3190 2412 3244 αὐτῶν
2454 3188 2758 3260 μελετῶσιν
2805 3189 3124 3254 ἀπαύστως,
3166 3185 3319 3245 οὗτοι
3352 3190 3444 3243 καὶ
3472 3190 3529 3243 τὸ
3566 3187 3666 3256 φῶς
3689 3187 3757 3238 αὺ-

533 3278 657 3349 jugi
698 3285 756 3332 et
791 3275 1067 3331 indefessa
1096 3276 1241 3330 intra
1274 3277 1462 3331 cordis
1492 3292 1744 3332 recessus
1780 3277 2007 3333 intimos
2036 3295 2129 3334 res

2231 3279 2326 3335 τοῦ
2358 3297 2491 3334 ποτε
2518 3282 2652 3351 όρᾷν
2674 3279 2956 3336 δύνανται.
2985 3282 3154 3352 Στενῇ
3178 3282 3292 3354 γὰρ
3324 3280 3551 3352 μερίμνῃ
3583 3279 3671 3331 ὑπὸ
3688 3279 3760 3349 τῆς

545 3369 727 3424 tinent
776 3379 1027 3423 sanctum
1079 3367 1288 3424 Christi
1336 3384 1535 3423 nomen
1577 3370 1745 3424 altius
1774 3368 2126 3441 impressum,

2231 3373 2473 3436 διανοίας
2520 3372 2923 3444 κρατούμενον,
2955 3376 3138 3429 πάντα
3180 3376 3279 3428 τὸν
3314 3374 3483 3446 ῥύπον
3508 3373 3598 3442 τῆς
3624 3368 3760 3441 ψυχῆς

545 3463 636 3517 isti
694 3460 1083 3532 splendilluam
1144 3460 1318 3531 ipsius
1371 3462 1554 3516 lucem
1616 3462 1870 3518 contueri
1922 3463 2129 3534 jugiter

2235 3467 2293 3518 ὲν
2345 3464 2602 3535 αἰσθήσει
2652 3464 2994 3534 καταφλέγει
3026 3466 3226 3537 ποῖ’λῇ.
3265 3466 3378 3518 Καὶ
3412 3466 3517 3535 γὰρ
3547 3480 3564 3513 ι
3592 3460 3647 3516 '0
3664 3459 3763 3519 Θεὸς

545 3561 765 3623 queunt
794 3571 807 3607 :
842 3551 1235 3622 in’quamlibet
1261 3551 1412 3606 enim
1438 3560 1667 3622 angusta
1699 3555 1903 3607 mentis
1932 3563 2129 3609 nostrae

2231 3555 2392 3627 ἡμῶν
2440 3554 2554 3628 πῦρ
2597 3556 3032 3621 καταναλίσκων,
3079 3579 3097 3609 ι
3162 3560 3354 3629 φησίν.
3393 3556 3547 3612 Ὅθεν
3590 3555 3670 3607 καὶ
3706 3552 3763 3613 είς

545 3646 813 3705 memoria
845 3653 1120 3701 retentum
1163 3660 1289 3698 cum
1322 3660 1488 3700 sensu
1540 3646 1716 3699 multo
1763 3645 1938 3719 ipsius
1982 3645 2128 3717 capi-

2234 3649 2457 3720 ἀγάπην
2495 3648 2720 3720 πολλὴν,
2762 3648 2864 3719 τὴν
2900 3649 3081 3719 ψυχὴν
3111 3649 3212 3719 τῆς
3240 3648 3438 3703 ἑαυτοῦ
3466 3647 3611 3717 δόξης
3635 3659 3767 3717 προσ·

548 3757 670 3796 nius
712 3740 1177 3811 experimentum,
1230 3747 1287 3793 et
1318 3753 1541 3793 omnem
1602 3738 1800 3793 anima;
1843 3738 2129 3794 sorditiem

2235 3740 2486 3796 καλεῖται
2518 3743 2546 3795 ὁ
2578 3743 2804 3814 Κύριος.
2855 3740 3026 3794 Οὐδὲν
3066 3739 3124 3794 δὲ
3164 3740 3342 3804 οὕτως
3387 3740 3656 3809 ἀναφλέγει
3696 3734 3766 3787 καὶ

548 3832 814 3889 interiore
869 3830 1090 3886 ﬂamma
1149 3831 1351 3886 exurit.
1417 3831 1633 3903 1240
1689 3831 1976 3903 Siquidem
2046 3832 2129 3888 vel

2237 3840 2379 3891 κινεῖ
2406 3836 2506 3907 τὴν
2529 3836 2759 3907 καρδίαν
2783 3837 2864 3900 είς
2887 3834 2986 3907 τὴν
3017 3834 3247 3906 ἀγάπην
3269 3835 3364 3889 τοῦ
3393 3832 3523 3888 Θεοῦ
3543 3832 3655 3902 ὡςή
3679 3827 3767 3882 θεο-

548 3936 689 3983 teste
713 3925 896 3998 Moyse
917 3942 931 3980 :
954 3943 972 3975 ι
998 3925 1144 3979 Deus
1171 3933 1363 3979 noster
1396 3924 1539 3995 ignis
1562 3940 1898 3980 consumens
1923 3927 2087 3981 est”.
2109 3946 2128 3979 ι

2235 3930 2414 4001 λογία.
2445 3930 2619 4002 Γεννᾷ
2647 3930 2757 4002 γὰρ
2782 3929 2924 3999 αῦτη
2952 3931 3055 3984 ὅσα
3082 3929 3186 4000 τῆς
3213 3928 3383 3984 αὐτοῦ
3407 3929 3626 4000 χάριτπ·
3648 3925 3766 3995 πρῶ-

550 4016 706 4075 Unde
740 4024 796 4071 et
832 4015 901 4070 ad
920 4014 1257 4070 charitatcm
1289 4014 1567 4084 copiosam
1595 4029 1709 4070 suae
1736 4014 1910 4086 ipsius
1948 4015 2129 4087 gloria

2236 4041 2309 4079 τα
2349 4024 2566 4077 πάντων
2619 4022 2718 4077 καὶ
2764 4022 2913 4092 δῶρα
2946 4024 3016 4093 τῇ
3042 4022 3190 4094 ψυχῇ
3234 4020 3517 4094 χαρίζεται
3557 4020 3639 4074 τοῦ
3664 4022 3766 4089 ἀγα-

548 4125 770 4166 omnem
803 4108 1043 4163 animam
1089 4102 1233 4161 accft
1276 4104 1540 4159 Dominus
1583 4116 1643 4160 et
1686 4106 1935 4161 advocat.
1987 4106 2129 4162 Nihil

2239 4114 2454 4178 πῶντος
2475 4114 2568 4167 τὸν
2594 4113 2750 4167 Θεὸν.
2777 4111 2859 4166 Τὰ
2889 4112 3100 4183 δάκρυα
3125 4112 3201 4177 ὡς
3233 4113 3358 4183 μέλι
3380 4111 3631 4182 γλυκάζον
3655 4114 3701 4164 ἐν
3716 4112 3763 4180 τῇ

548 4205 630 4259 sic
659 4202 729 4257 ad
761 4201 1116 4257 dilectionem
1169 4198 1267 4254 Dei
1315 4196 1563 4252 incendit
1595 4212 1692 4253 cor
1720 4205 1777 4252 et
1821 4208 2129 4269 promovet,

2239 4206 2438 4278 καρδίᾳ
2466 4205 2634 4259 αὐτοῦ
2664 4207 3156 4276 κατασπείροντος.
3192 4205 3271 4277 Τῇ
3301 4205 3448 4277 ψυχῇ
3485 4205 3583 4276 γὰρ
3606 4207 3688 4258 σὺν
3710 4204 3765 4271 τῷ

552 4306 612 4349 ιιι
647 4293 941 4363 theologia.
974 4291 1217 4345 Germen
1245 4290 1397 4344 enim
1429 4288 1547 4360 ipsa
1576 4303 1700 4343 cum
1732 4289 1805 4344 sit
1829 4290 2025 4360 gratia:
2046 4290 2129 4346 di-

2241 4298 2580 4370 ήγεμονικιῖ),
2615 4296 2910 4368 ἐνδελεχῶς
2953 4297 3116 4350 αὐτὸν
3154 4297 3371 4370 καθορᾷ
3394 4299 3480 4352 διὰ
3508 4298 3593 4352 τοῦ
3619 4296 3762 4349 πόθου.

549 4389 721 4453 vina),
773 4400 999 4456 prorsus
1053 4384 1297 4454 gratuito
1346 4382 1545 4437 animae
1594 4382 1807 4436 confert
1864 4382 2129 4453 primitias

2240 4390 2403 4462 Ψυχὴ
2447 4391 2506 4443 ὲν
2547 4392 2614 4460 τῇ
2658 4389 2851 4462 ἀγάπη
2898 4389 2992 4443 τοῦ
3032 4389 3169 4443 Θεοῦ
3204 4390 3602 4462 ἀγαλλιωμένη,
3630 4389 3679 4441 ὲν

549 4480 816 4550 quasdam
852 4485 908 4538 et
941 4476 1108 4532 dona.
1159 4474 1441 4545 Lacrymae
1473 4472 1768 4528 sinceriter
1799 4474 1972 4529 Deum
2005 4475 2129 4530 dili.

2242 4478 2424 4551 καιρῷ
2450 4479 2549 4549 τῆς
2580 4478 2686 4532 ὑπὸ
2714 4476 2810 4532 τοῦ
2850 4481 3107 4547 σώματος
3142 4478 3351 4545 ἐξόδου,
3374 4482 3434 4533 οὐ
3464 4480 3535 4551 μὴ
3563 4479 3764 4533 δειλιάπι

549 4570 732 4641 gentis
768 4566 927 4641 quasi
981 4565 1092 4630 mel
1136 4566 1403 4623 edulcans
1431 4564 1770 4635 eliquantur,
1818 4566 2047 4622 seminis
2078 4568 2129 4623 in

2241 4574 2334 4628 τὸν
2357 4573 2596 4644 ἄρχοντα
2613 4570 2708 4625 τοῦ
2735 4572 2900 4641 ἀέρος
2939 4572 3155 4640 τούτου,
3177 4572 3302 4628 οὔτε
3334 4573 3432 4640 τὰς
3459 4572 3677 4640 ἐξουσίας
3696 4567 3764 4623 τοῦ

550 4662 777 4720 modum
813 4658 1051 4732 dispersi
1088 4658 1146 4714 in
1194 4657 1363 4713 corde
1407 4657 1511 4713 viri
1551 4657 1730 4713 istius.
1777 4658 1973 4715 Anima
2002 4676 2129 4716 con-

2243 4664 2496 4727 σκότους,
2533 4662 2650 4717 ἀλλ’
2679 4664 2745 4716 ὲκ
2772 4666 2872 4734 τῆς
2898 4664 3126 4735 ἀγάπης
3167 4665 3270 4735 τῆς
3305 4667 3389 4729 είς
3417 4666 3563 4729 Θεὸν,
3594 4664 3745 4734 χαίρω

549 4758 799 4818 sentiens
816 4753 1034 4826 .jugiter
1066 4750 1309 4823 puritate
1343 4750 1568 4817 mentis,
1597 4750 1770 4807 Deum
1796 4753 2129 4824 contempla-

2245 4773 2313 4809 σα
2349 4754 2576 4810 ϊπταται
2613 4754 2712 4808 σὺν
2749 4756 2860 4818 τοῖς
2904 4755 3161 4825 ἀγγέλοις
3197 4756 3297 4828 τῆς
3346 4758 3579 4829 εἰρήνης,
3601 4756 3663 4818 ὡς
3689 4752 3765 4807 ἀπὸ

553 4842 643 4907 tur
685 4857 743 4906 et
780 4845 1045 4919 perspicit
1081 4842 1636 4915 internogdesiderio.
1672 4842 1869 4899 Anima
1910 4844 1964 4899 in
2005 4846 2129 4919 cha-

2245 4845 2402 4917 ξένης
2422 4847 2502 4909 είς
2532 4844 2600 4899 τὰ
2629 4846 2856 4900 οίκεῖα.ι
2881 4848 2925 4900 Τ
2928 4848 2992 4917 ὴν
3023 4848 3319 4920 ἐπιθυμίαν
3339 4849 3470 4919 γὰρ,
3502 4847 3666 4918 φησιν,
3688 4844 3763 4913 ἔχω

552 4945 717 5001 ritate
749 4940 844 4999 Dei
869 4939 1155 4996 exsultans
1196 4935 1473 5001 hilariter,
1497 4936 1552 4990 in
1580 4935 1814 4992 articulo
1841 4936 2022 4993 exitus
2052 4939 2129 4995 sui

2245 4938 2512 4994 ἀναλῦσαι
2546 4939 2653 4993 καὶ
2696 4939 2793 4993 σῦν
2841 4939 3065 5011 Χριστῷ
3095 4936 3257 4995 εἶναι.
3299 4961 3319 4995 ι
3362 4943 3591 5012 Ἐχουσα
3628 4936 3761 5007 γάρή

553 5053 584 5092 a
616 5049 869 5107 corpore.
902 5031 1057 5087 nullo
1086 5043 1289 5101 pavore
1316 5027 1692 5083 exterrebitur
1729 5029 2129 5085 circumstantis

2244 5032 2392 5103 ψυχὴ
2436 5033 2535 5102 τὴν
2590 5031 2835 5101 ἀγάπην,
2881 5031 2944 5084 τὸ
2995 5032 3275 5104 πλήρωμα
3308 5032 3403 5088 τοῦ
3438 5033 3611 5102 νόμου,
3640 5032 3687 5082 ὲν
3715 5028 3759 5094 τῇ

555 5142 614 5183 se
644 5122 914 5196 principis
940 5121 1092 5177 aeris
1112 5120 1300 5193 hujus,
1330 5134 1514 5191 neque
1543 5118 1867 5174 formidahit
1895 5130 2129 5191 potesta-

2243 5122 2525 5196 παρουσίᾳ
2574 5120 2669 5175 τοῦ
2725 5122 2929 5191 Κυρίου
2982 5121 3293 5192 ἁρπάζεται
3346 5126 3404 5177 ὲν
3454 5122 3675 5192 νεφέλαις
3707 5117 3761 5177 εἰς

557 5230 641 5274 tes
677 5214 1035 5271 tenebrarum
1084 5212 1306 5275 harum,
1357 5210 1455 5266 sed
1499 5209 1715 5265 fervida
1765 5210 1819 5265 in
1856 5210 2129 5268 Christum

2243 5216 2549 5285 ἀπάντησιν
2586 5212 2776 5267 αὐτοῦ.
2814 5215 3357 5282 Μικροῦδὲέλαθεν
3396 5218 3537 5286 ἡμᾶς
3568 5211 3759 5284 ὴάγάπη

554 5308 826 5366 charitate
863 5304 1225 5368 incalescens,
1262 5318 1375 5357 una
1403 5317 1528 5357 cum
1567 5301 1781 5370 angelis
1815 5302 1967 5371 pacis
2007 5318 2129 5357 evo-

2242 5306 2343 5373 τῆς
2382 5307 2440 5358 ὲν
2464 5307 2575 5366 τοῖς
2608 5303 2855 5375 ’ᾼσμασι
2915 5304 3017 5373 νύ,;
3031 5323 3137 5378 φης
3188 5307 3531 5379 Ἐκκλησίας,
3558 5300 3760 5370 καὶπρὸς

555 5399 731 5455 lahit:
768 5394 998 5468 perinde
1045 5404 1213 5464 atque
1256 5406 1289 5448 a
1333 5392 1628 5463 peregrino
1666 5393 1905 5463 hospitio
1938 5396 2129 5467 migra-

2243 5397 2335 5450 τὸν
2364 5395 2619 5466 Νυμφίον
2658 5396 2917 5467 Χριστόν.
2971 5398 3037 5451 Ὢ
3068 5398 3170 5468 τῆς
3215 5398 3450 5470 ζημίαςί
3483 5399 3628 5469 φησὶν
3664 5396 3760 5460 γὰρ.

559 5503 703 5561 tura,
738 5491 793 5547 in
830 5488 1120 5562 proprium
1148 5497 1201 5542 et
1236 5486 1516 5557 peculiare
1555 5500 1614 5539 se
1641 5485 1874 5556 recipiat
1906 5486 2129 5545 domici-

2253 5510 2272 5542 ι
2302 5489 2592 5561 Φιλησάτω
2624 5505 2692 5561 με
2718 5489 2827 5542 ἀπὸ
2871 5488 3192 5561 φιλημάτων
3224 5495 3486 5563 στόματος
3520 5486 3678 5543 αὑτοῦ.
3701 5484 3763 5536 ετ,

629 5690 677 5724 ³⁵
708 5690 850 5745 Pszil.
876 5705 1063 5761 CXVIII,
1094 5693 1185 5747 20.
1269 5682 1313 5728 ὴ
1347 5690 1482 5746 ibid.
1511 5690 1633 5747 103.
1710 5689 1758 5725 ³⁸
1784 5692 1948 5752 Prov.
1996 5712 2121 5751 xxiv

2231 5698 2266 5761 ἰ,
2295 5698 2379 5753 Η.
2453 5697 2496 5730 ³⁷
2525 5695 2542 5751 Ι
2568 5697 2728 5755 Joan.
2750 5712 2833 5760 ιν,
2867 5692 2951 5749 l6.
3032 5695 3082 5730 ³⁸
3115 5692 3316 5748 lJoan.
3342 5707 3415 5756 iv,
3446 5693 3523 5748 l0.
3573 5681 3753 5761 "licet.

565 5779 679 5828 \‘lll,
703 5762 790 5816 57.
856 5761 925 5791 ’³⁸
949 5760 1191 5819 ibiJ.28.
1222 5763 1266 5796 ³ο
1292 5762 1452 5820 Boni.
1482 5778 1599 5830 viil,
1630 5764 1719 5821 55.
1750 5804 1761 5837 ς
1799 5764 1844 5798 ³⁸
1868 5767 1997 5824 ibid.
2026 5767 2096 5824 38

2255 5754 2263 5761 ’
2302 5770 2344 5804 ³³
2374 5766 2531 5825 Joan.
2564 5754 2675 5839 πιν,
2705 5754 2832 5825 21(
2876 5767 2921 5801 ⁸³
2949 5765 3214 5833 Deut."!\',
3237 5764 3306 5820 Ξι
3341 5781 3357 5833 ;
3402 5754 3553 5822 Hebr.
3582 5774 3661 5822 xu,
3685 5754 3750 5807 99-
