4042 6450
394 394 531 466 18ἱ5

1232 395 1562 457 ‘HOMILIA
1603 392 1831 455 CXXX.
1855 416 1921 427 —
1964 389 2059 449 DE
2089 386 2349 447 REGNO
2379 382 2782 445 CUZLORUM.

3522 374 3658 438 l856

395 532 503 572 non
531 516 644 586 jam
669 512 913 569 hominis
941 510 1165 575 nomine
1191 506 1525 579 appellatur,
1554 502 1650 559 sed
1678 515 1873 556 omnes
1894 498 2118 553 nomine
2132 496 2348 551 Domini
2377 495 2548 549 nostri
2576 480 2705 549 Iesu
2723 492 2928 573 Christi
2957 490 3255 547 Christiani
3284 491 3652 544 nominamur.

402 627 420 657 ι
454 578 645 675 Neque
663 605 813 660 enim
848 610 935 657 est
967 600 1119 656 aliud
1155 613 1359 654 nomen
1387 596 1491 653 sub
1513 594 1655 650 cmlo
1682 592 1870 647 datum
1893 585 2249 651 hominibus,
2274 586 2328 640 in
2353 596 2466 655 quo
2488 590 2744 654 oporteat
2769 595 2871 635 nos
2894 580 3075 635 salvos
3096 578 3212 633 ﬁeri
3236 578 3333 644 ",i
3369 578 3474 632 nisi
3509 578 3660 631 Solus

397 674 663 756 Dominus
681 698 843 754 Iesus
871 695 1147 758 Christus,
1180 695 1236 747 in
1260 689 1496 764 gloriam
1521 690 1615 744 Dei
1647 687 1842 759 patris,
1874 699 1984 739 una
2008 697 2134 737 cum
2170 689 2365 736 sancto
2394 678 2607 749 Spiritu
2648 677 2703 731 in
2734 674 2955 730 saecula.
2983 674 3179 728 Amen.

468 788 605 856 Περὶ
645 786 743 856 μὲν
772 780 865 837 οὖν
900 784 1160 847 πίστεως,
1196 783 1367 851 ἤγουν
1391 780 1831 849 ὁμοουσιότητος,
1859 774 1974 826 Πα-
2005 802 2017 832 Α

2150 771 2228 825 Ac
2279 770 2348 825 de
2400 768 2506 825 ﬁde
2542 768 2767 839 quidem
2819 765 2936 821 sive
2985 765 3053 819 de
3085 764 3660 819 consubstantialilatc

398 881 545 949 τρὸς,
569 877 665 931 καὶ
690 875 823 930 Υίοῦ
849 876 945 929 καὶ
969 874 1125 942 ἁγίου
1156 872 1499 943 Πνεύματος.
1524 873 1581 923 ὲν
1613 871 1754 941 ἀρχῇ
1784 865 1875 920 τοῦ
1900 863 1979 935 βι-

400 968 552 1022 ϐλίου
570 965 882 1039 ἀρκούντως
904 964 1202 1035 ὲξεθέμεθα
1219 980 1232 993 ⁸
1261 963 1353 1016 νῦν
1368 963 1423 1016 δὲ
1440 962 1531 1017 διὰ
1551 963 1649 1031 τὴν
1665 960 1980 1032 κινηθεῖσαν

403 1066 634 1136 αἵρεσιν,
670 1062 808 1130 μετὰ
839 1056 1443 1136 παρῤησίαςόμολογοῦ
1454 1074 1553 1128 μεν
1586 1056 1679 1109 καὶ
1713 1052 1981 1125 κηρύττο-

406 1130 505 1225 pe}
542 1152 634 1206 τὸν
662 1151 868 1222 Κύριον
895 1130 1054 1220 ἡμῶν
1084 1130 1303 1220 Ἰησοῦν
1319 1151 1556 1221 Χριστὸν
1583 1148 1676 1202 τὸν
1714 1143 1983 1217 μονογενῆ

404 1243 531 1296 Υἱὺν
551 1241 646 1294 καὶ
658 1240 830 1306 Λόγον
852 1240 945 1292 τοῦ
965 1238 1197 1309 Πατρὸς,
1215 1238 1333 1307 φῶς
1351 1241 1416 1291 ὲκ
1432 1237 1778 1306 φωτὸς,Θεὺν
1799 1234 1985 1306 ἀληθι-

404 1334 491 1387 νὸν
505 1335 568 1385 ὲκ
580 1330 713 1384 Θεοῦ
730 1329 1007 1398 ἀληθινοῦ,
1026 1329 1375 1400 σαρκωθῆναί
1386 1346 1445 1381 τε
1459 1330 1552 1382 καὶ
1567 1327 1985 1399 ὲνανθρωπῆσαι

404 1427 469 1478 ἐκ
501 1424 641 1477 Πνεύ
651 1440 820 1493 ματος
838 1422 1020 1490 ἁγίου,
1046 1422 1140 1477 καὶ
1165 1424 1229 1476 ὲκ
1253 1421 1353 1491 τῆς
1372 1420 1534 1490 ἁγίας
1557 1420 1770 1487 ἐνδόξου
1796 1418 1989 1472 Θεοτό-

408 1533 524 1579 κου,
563 1517 656 1568 καὶ
689 1514 1079 1585 ’Δειπαρθένου
1115 1514 1353 1586 Μαρίας,
1380 1514 1514 1569 Θεὸν
1536 1510 1741 1569 τέλειον
1765 1512 1856 1566 τὸν
1892 1511 1989 1587 αύ-

408 1610 519 1670 τ“.ν,
546 1608 641 1659 καὶ
687 1606 974 1677 ἄνθρωπον
994 1606 1225 1672 τέλειον,
1251 1606 1347 1659 ἕνα
1384 1606 1480 1659 καὶ
1515 1606 1676 1678 μόνον
1704 1605 1829 1659 Υἱόν
1850 1621 1864 1635 ο
1894 1608 1990 1659 καὶ

410 1698 517 1768 πρὸ
544 1695 643 1765 τῆς
676 1695 1032 1765 σαρκώσεως,
1068 1697 1164 1749 καὶ
1189 1696 1325 1767 μετὰ
1353 1696 1458 1768 τὴν
1491 1686 1768 1769 σάρκωσιν
1791 1712 1804 1726 ·
1854 1698 1990 1767 ὁμο-

408 1787 588 1841 ούσιον
637 1785 715 1858 τῷ
766 1788 942 1857 Πατρὶ
988 1788 1130 1841 κατὰ
1152 1787 1253 1859 τὴν
1302 1787 1554 1858 Οεότητα,
1581 1790 1674 1843 καὶ
1705 1787 1992 1860 ὁμοούσιον

410 1881 542 1949 ἡμῖν
567 1879 709 1931 κατὰ
763 1879 863 1948 τὴν
895 1878 1324 1949 ἀνθρωπότητα’
1378 1879 1520 1932 κατὰ
1571 1878 1750 1933 πάντα
1807 1868 1992 1948 ὅμοιον

411 1970 566 2037 ἡμῖν,
621 1968 791 2038 χωρὶς
835 1967 1129 2036 ἁμαρτίας,
1181 1968 1476 2037 γενόμενον
1519 1968 1843 2040 ἄνθρωπον·
1885 1968 1994 2040 πρὸ

411 2055 627 2110 αίὼνων
655 2055 758 2125 μὲν
810 2056 875 2108 ὲκ
930 2054 1024 2108 τοῦ
1074 2053 1296 2127 Πατρδς
1335 2055 1665 2127 γεννηθέντα
1711 2055 1858 2125 κατὰ,
1895 2054 1993 2127 τὴν

2082 864 2263 919 Patris
2288 873 2345 917 ct
2374 861 2520 923 Filii,
2548 868 2602 915 et
2634 858 2878 929 Spiritus
2898 856 3098 917 sancti,
3125 855 3466 911 suﬁicicntcr
3497 871 3526 908 a
3559 870 3662 908 no-

2082 954 2170 1010 bis
2197 955 2359 1009 initio
2396 954 2525 1008 libri
2550 953 2762 1008 dictum
2788 959 2875 1005 cst
2906 969 2921 1005 :
2949 953 3062 1022 jam
3108 964 3244 1003 vero
3280 956 3507 1019 propter
3552 955 3665 1001 nas-

2084 1047 2274 1112 resim,
2302 1030 2426 1117 quae
2470 1053 2661 1100 exorta
2701 1052 2809 1111 est,
2840 1058 2965 1098 cum
3011 1041 3212 1096 ﬁducia
3248 1040 3579 1095 conﬁtemur
3615 1051 3667 1095 ct

2087 1138 2453 1210 praedicamus
2493 1136 2788 1191 Dominum
2844 1143 3096 1187 nostrum
3153 1132 3342 1187 Jcsum
3386 1128 3668 1185 Christum

2088 1230 2438 1300 unigenitum
2500 1227 2700 1282 Filium
2736 1234 2794 1280 et
2850 1223 3093 1279 Verbum
3149 1219 3353 1285 Patris,
3384 1221 3572 1274 lumen
3600 1220 3670 1273 de

2086 1322 2322 1390 lumine,
2354 1323 2527 1377 Deum
2558 1318 2770 1390 125,5
2815 1332 3006 1371 verum
3043 1314 3111 1369 de
3137 1315 3248 1369 Deo
3287 1328 3443 1377 vero,
3487 1313 3673 1367 incar-

2088 1424 2279 1475 natum
2306 1428 2426 1469 esse
2451 1422 2618 1482 atque
2648 1409 2931 1467 hominem
2964 1406 3169 1463 factum
3208 1422 3274 1461 ex
3300 1406 3512 1477 Spiritu
3548 1422 3678 1462 san-

2090 1514 2182 1563 cto
2215 1514 2272 1561 et
2314 1511 2507 1559 sancta
2554 1509 2610 1557 et
2658 1500 2900 1573 gloriosa
2933 1498 3031 1554 Dci
3062 1497 3339 1554 Genitrice
3364 1512 3427 1552 ac
3457 1513 3675 1567 semper

2093 1599 2318 1671 Virgine
2367 1596 2535 1652 Maria
2570 1613 2582 1650 :
2617 1580 2712 1666 qui
2768 1595 2886 1665 ipse
2940 1592 3222 1663 perfectus
3269 1592 3377 1647 fuit
3430 1591 3579 1647 Deus
3620 1598 3678 1644 et

2093 1691 2373 1764 perfectus
2428 1688 2616 1755 homo,
2652 1701 2799 1742 unus
2841 1694 2899 1741 et
2946 1684 3100 1740 solus
3132 1683 3310 1739 Filius
3340 1689 3395 1736 et
3421 1690 3549 1736 ante
3587 1679 3677 1733 in-

2094 1782 2495 1844 carnationem,
2526 1790 2583 1835 et
2637 1788 2761 1850 p05!
2816 1775 3284 1841 incarnationem,
3313 1772 3681 1829 consubstan-

2098 1874 2244 1930 tialis
2274 1874 2420 1929 Patri
2453 1872 2760 1929 secundum
2789 1869 3140 1926 divinitatem
3169 1909 3184 1933 ,
3213 1876 3269 1923 et
3309 1865 3680 1922 consubstan-

2098 1968 2245 2023 tialis
2272 1966 2436 2021 nobis
2470 1964 2777 2021 secundum
2808 1962 3213 2037 humanitatem
3246 1979 3259 2014 :
3293 1958 3493 2015 similis
3518 1958 3682 2012 nobis

2096 2074 2197 2130 per
2225 2058 2410 2114 omnia
2435 2057 2615 2113 factus
2640 2056 2830 2121 homo,
2866 2061 3095 2120 excepto
3122 2060 3349 2123 peccato
3379 2068 3392 2104 :
3424 2050 3519 2122 qui
3553 2059 3680 2106 ante

414 2145 645 2217 θεότητα
667 2162 683 2177 ⁸
724 2146 809 2198 ἐπ’
835 2146 1081 2217 ἐσχάτων
1108 2147 1167 2201 δὲ
1214 2149 1321 2201 τῶν
1365 2149 1591 2220 ἡμερῶν
1625 2148 1715 2201 τὸν
1742 2148 1903 2202 αὐτὸν
1928 2147 1997 2201 δι’

2103 2150 2298 2204 saecula
2322 2149 2547 2219 quidem
2572 2164 2640 2203 ex
2676 2148 2836 2203 Patre
2871 2156 3035 2201 natus
3060 2152 3147 2199 est
3191 2142 3500 2199 secundum
3534 2141 3681 2197 divi-

413 2237 588 2307 ἡμᾶς,
612 2236 709 2291 καὶ
736 2237 823 2289 διὰ
844 2237 944 2307 τὴν
977 2240 1256 2310 ἡμετέραν
1282 2239 1576 2310 σωτηρίαν,
1604 2240 1699 2293 καὶ
1722 2240 1821 2309 τῆς
1838 2240 1999 2307 ἁγίας

410 2328 678 2381 θεοτόκου
695 2328 792 2383 καὶ
807 2327 998 2382 Ἀειπα
1007 2330 1194 2399 ροένου
1208 2331 1394 2398 Μαρία
1408 2351 1419 2391 j
1431 2370 1446 2396 ,
1460 2330 1558 2384 ἕνα
1570 2332 1661 2384 καὶ
1676 2331 1833 2402 μόνον
1847 2331 1996 2396 Υἱὸν,

415 2421 475 2472 ἐν
524 2417 620 2472 δύο
663 2418 912 2489 φύσεσιν,
945 2420 1289 2492 ἁσυγχύτως,
1333 2422 1639 2493 ἀτρέπτως,
1677 2423 2002 2493 ἀδιαιρέτως

417 2512 839 2583 γνωριζόμενον.
857 2513 961 2566 Δύο
979 2514 1047 2581 γὰ
1055 2531 1087 2585 ρ
1105 2513 1294 2583 φύσεις
1316 2514 1578 2585 συνῆλθον
1598 2515 1855 2586 ἀλλήλαις
1876 2515 1999 2568 καθ’

415 2602 611 2656 ῑνωσιν
623 2603 781 2657 ἁδιάσ
789 2621 1008 2667 παστον,
1027 2605 1349 2675 ἀχώριστον,
1366 2605 1693 2676 ἀσύγχυτον,
1705 2606 1997 2677 ἄτρεπτον.

431 2695 494 2747 Ἦ
514 2695 621 2766 γὰρ
642 2694 801 2766 σὰρξ,
826 2695 962 2766 σάρξ
983 2697 1151 2761 ἐστιν,
1168 2696 1265 2749 iui
1288 2698 1350 2750 ού
1372 2697 1647 2769 θεότης,εί
1669 2698 1759 2750 καὶ
1778 2698 2002 2766 γέγονεν

417 2785 557 2837 Θεοῦ
590 2785 727 2854 σάρξ
750 2801 765 2815 ο
803 2786 1006 2854 ὁμοίως
1046 2788 1139 2840 καὶ
1166 2790 1195 2841 ὁ
1228 2789 1421 2857 Λόγος,
1456 2789 1588 2853 Θεός
1631 2790 1769 2854 ἐστι,
1809 2792 1903 2844 καὶ
1939 2790 2001 2844 οὐ

423 2875 581 2948 σὰρξ,
614 2879 663 2929 εί
684 2878 779 2930 καὶ
801 2877 936 2931 ίδίαν
965 2878 1263 2950 ἐποιήσατο
1282 2879 1379 2951 τὴν
1409 2880 1590 2950 σάρκα
1620 2881 2001 2951 οἰκονομικῶς.

422 2967 527 3021 Δύο
565 2967 746 3021 τοίνυν
776 2968 874 3034 τὰς
896 2969 1087 3040 φύσεις
1118 2972 1297 3042 φαμὲν
1330 2968 1499 3026 εἶναι·
1534 2974 1631 3027 ἕνα
1660 2973 1716 3026 δὲ
1743 2973 2002 3041 Χριστὸν,

423 3061 521 3115 καὶ
553 3061 702 3127 Υἱὸν,
730 3063 824 3116 καὶ
849 3062 1074 3132 Κύριον,
1093 3064 1183 3118 τὸν
1202 3064 1298 3120 τοῦ
1331 3066 1469 3120 Θεοῦ
1509 3067 1704 3135 Λόγον,
1735 3064 2006 3137 ὲνανθρω-

425 3153 677 3223 πήσαντα
711 3155 805 3207 καὶ
842 3157 1288 3226 σεσαρκωμένον.
1351 3158 1573 3232 Ἐπειδὴ
1605 3159 1854 3230 διάφοροι
1902 3158 2004 3229 μὲν

423 3245 483 3297 αἱ
525 3245 660 3316 πρὸς
708 3247 807 3316 τὴν
859 3245 1116 3319 ἀληθινὴν
1133 3249 1362 3319 ἑνότητα
1392 3250 1742 3321 συναχθεῖσαι
1780 3250 2001 3319 φύσεις’

423 3330 508 3401 εἷς
530 3336 586 3391 δὲ
621 3337 682 3404 ἐξ
707 3339 912 3410 ἀμφοῖν
935 3341 1172 3410 Χριστὸς
1202 3344 1295 3395 καὶ
1328 3342 1457 3404 Υἱός
1480 3358 1494 3372 ο
1518 3342 1616 3411 οὐχ
1658 3341 1733 3405 ὡς
1766 3341 1868 3412 τῆς
1894 3341 2006 3395 τῶν

426 3426 645 3499 φύσεων
662 3430 925 3503 διαφορᾶς
947 3432 1301 3505 ἀνῃρημένης
1326 3432 1413 3487 διὰ
1441 3434 1543 3505 τὴν
1563 3432 1781 3498 ἕνωσιν,
1804 3436 2005 3488 ἀποτε-

424 3520 673 3575 λεσασῶν
703 3521 760 3576 δὲ
794 3524 992 3594 μᾶλλον
1031 3526 1186 3596 ἡμῖν,
1225 3525 1318 3579 τὸν
1352 3523 1577 3596 Κύριον,
1611 3526 1704 3578 καὶ
1740 3526 1998 3596 Χριστὸν,

426 3610 525 3663 καὶ
592 3611 761 3678 Υίδν,
821 3612 1079 3684 θεότητός
1144 3631 1204 3667 τε
1273 3614 1369 3670 καὶ
1434 3614 1853 3686 ἀνθρωπότητος
1912 3614 2004 3670 διὰ

424 3701 530 3773 τῆς
559 3705 837 3775 ἁφράστου
875 3708 970 3761 καὶ
1013 3708 1376 3780 ἀπερινοήτου
1425 3707 1563 3779 πρὸς
1607 3689 1836 3779 ἑνότητα
1874 3724 2004 3761 συν-

423 3795 654 3867 δρομῆς.

427 3901 532 3962 per
581 3888 718 3945 nulli
771 3891 1158 3961 explicandum
1237 3903 1295 3948 et
1354 3893 1763 3964 incogitabilem
1817 3909 2047 3965 prorsus

429 3999 604 4039 unum
630 3985 928 4043 Dominum
961 3996 1019 4042 et
1052 3986 1332 4044 Christum
1355 3998 1412 4044 et
1439 3989 1660 4045 Filium.

504 4074 691 4140 υῦτως
729 4077 824 4128 καὶ
852 4077 1032 4147 ἡμεῖς,
1062 4079 1181 4150 ἦτοι
1210 4081 1242 4149 ἡ
1280 4079 1544 4152 καθολικὴ
1560 4080 1876 4153 Ἐκκλησία,
1912 4096 2005 4134 πι-

432 4168 720 4237 στεύομεν,
748 4167 822 4233 ὡς
839 4170 935 4223 καὶ
951 4171 1000 4223 οί
1027 4170 1251 4240 μεγάλοι
1275 4174 1565 4243 φωστῆρες
1582 4174 1675 4225 καὶ
1701 4170 2010 4225 διδάσκαλοι

429 4256 532 4324 τῆς
576 4257 857 4331 ἀληθείας,
926 4258 1247 4325 Ἀθανάσιος
1272 4302 1286 4327 ,
1318 4261 1625 4327 Βασίλειος,
1687 4261 2007 4334 Γρηγόριος,

428 4348 706 4420 Ἰωάννης,
724 4353 818 4405 καὶ
853 4350 1140 4421 Κύριλλος,
1169 4354 1196 4405 ὁ
1222 4351 1322 4422 τῆς
1351 4352 1745 4425 Ἀλεξανδρέων
1779 4352 2012 4423 μεγαλο-

430 4439 672 4505 πόλεως·
702 4441 795 4495 καὶ
821 4444 946 4507 τοὺς
974 4443 1050 4514 μὴ
1082 4441 1254 4506 οὕτως
1299 4444 1631 4513 φρονοῦντας
1671 4444 2015 4514 ἀποστρεφό-

432 4530 578 4600 μεθα
600 4533 694 4586 καὶ
711 4532 1201 4605 ἀναθεματίζομεν,
1220 4533 1358 4604 μετά
1373 4533 1480 4589 τῶν
1499 4535 2010 4606 ὑπογεγραμμένων

430 4621 701 4692 αἱρέσεων
733 4622 842 4677 τῶν
868 4625 1008 4694 μετᾶ
1040 4625 1136 4695 τὴν
1166 4625 1474 4695 παρουσίαν
1500 4624 1593 4680 τοῦ
1620 4626 1845 4696 Κυρίου,
1875 4626 2015 4680 κατὰ

425 4712 720 4782 ειαφόρους
737 4713 963 4784 καιροὺς
978 4731 1053 4767 πα
1063 4714 1397 4789 ραφυέντων·
1415 4707 1491 4767 ὧν
1512 4714 1582 4767 τὰ
1601 4714 1843 4785 ὀνόματά
1862 4716 2013 4767 ἐστιν

426 4804 606 4857 ταῦτα
619 4819 634 4833 ·
662 4805 1009 4875 Σιμωνιανοὶ,
1022 4807 1437 4879 Μενανδριανοὶ,
1455 4806 1828 4877 Σατορνιανοὶ,
1847 4806 2013 4859 Βασι-

2101 2243 2354 2307 nitatem,
2381 2239 2701 2296 novissimis
2750 2249 2938 2295 autem
2996 2237 3195 2293 diebus
3252 2236 3399 2292 idem
3454 2243 3684 2306 propter

2098 2349 2202 2389 nos
2231 2345 2287 2389 et
2321 2342 2551 2405 propter
2579 2330 2823 2387 nostram
2851 2322 3084 2386 salutem
3126 2347 3195 2386 ex
3231 2338 3423 2385 sancta
3451 2329 3542 2383 dei
3572 2328 3683 2383 Cc-

2101 2426 2304 2480 nitrice
2359 2440 2689 2495 semperque
2739 2424 2963 2494 Virgine
3019 2423 3185 2477 Maria
3216 2422 3425 2492 prodiit
3452 2437 3600 2477 unus
3626 2429 3686 2475 ct

2102 2516 2254 2571 solus
2286 2516 2478 2582 Filius,
2510 2515 2605 2587 qui
2635 2515 2689 2570 in
2720 2513 2936 2571 duabus
2983 2513 3200 2570 naturis
3245 2512 3558 2577 inconfuse,
3596 2512 3686 2566 in-

2104 2608 2468 2675 variabiliter,
2506 2608 2743 2675 indivise
2766 2606 3028 2663 inclaruit
3055 2615 3222 2677 atque
3265 2605 3509 2661 innotuit
3536 2604 3685 2660 orbi.

2103 2700 2236 2757 Duaa
2286 2696 2434 2756 enim
2492 2710 2724 2766 naturae,
2760 2700 2976 2778 unitate
3020 2713 3251 2769 prorsus
3286 2694 3683 2757 indissolubili.

2105 2792 2251 2848 inter
2284 2807 2406 2848 sese
2437 2799 2859 2847 convenerunt:
2894 2790 3108 2845 unitate
3131 2829 3146 2854 ,
3175 2790 3401 2859 inquam
3421 2828 3435 2853 ,
3464 2787 3686 2857 insepa-

2106 2884 2293 2949 rabiii,
2313 2883 2625 2948 inconfusa,
2652 2881 3007 2937 immutabili.
3026 2880 3168 2936 Caro
3192 2881 3340 2935 enim
3366 2895 3495 2935 caro
3521 2886 3688 2934 estet

2105 2991 2216 3033 non
2250 2977 2476 3032 Deitas:
2510 2975 2728 3031 tametsi
2782 2974 2927 3030 facta
2975 2956 3061 3028 est
3115 2973 3213 3028 Dei
3279 2987 3431 3035 caro,
3469 2970 3685 3025 etiamsi

2107 3068 2516 3140 dispensatorie
2574 3067 2854 3139 propriam
2910 3067 3019 3123 sibi
3080 3065 3217 3129 fecit
3276 3080 3397 3121 eam
3440 3079 3684 3120 carnem.

2107 3160 2253 3214 Duas
2281 3158 2466 3237 itaque
2492 3158 2821 3229 proﬁtemur
2852 3172 2975 3211 esse
3009 3164 3236 3210 naturas
3260 3172 3276 3221 ;
3307 3169 3478 3209 unum
3502 3161 3685 3208 autem

2107 3236 2411 3308 astruimus
2446 3266 2569 3307 esse
2622 3250 2929 3313 Christum,
2969 3247 3174 3303 Filium
3231 3236 3288 3302 et
3341 3246 3638 3302 Dominum
3670 3283 3686 3306 .

2107 3343 2206 3399 Dei
2224 3340 2503 3406 'Verbum,
2532 3326 2589 3397 et
2628 3341 2722 3411 qui
2774 3330 2953 3394 homo
2990 3340 3169 3393 factus
3226 3346 3331 3403 est,
3364 3346 3421 3392 et
3459 3352 3683 3391 carnem

2108 3435 2425 3505 assumpsit.
2454 3434 2576 3493 Jam
2629 3431 2851 3503 quando
2877 3430 3203 3486 diﬁ'erentes
3231 3429 3457 3500 quidem
3482 3428 3567 3482 has
3590 3443 3687 3482 ve-

2109 3527 2331 3583 rissima
2376 3526 2580 3582 unione
2617 3524 2855 3581 counita:
2885 3531 3018 3579 sunt
3050 3531 3284 3587 naturae,
3318 3537 3463 3577 unus
3501 3529 3688 3575 autem
3732 3554 3735 3561 -

2109 3633 2175 3675 ex
2208 3626 2442 3689 utraque
2474 3626 2667 3672 natura
2698 3613 2954 3671 Christus
2978 3620 3035 3670 et
3062 3613 3207 3669 idem
3241 3613 3436 3677 Filius,
3467 3626 3578 3666 non
3608 3611 3692 3667 sic

2113 3709 2315 3780 alioqui
2347 3717 2554 3766 asserta
2590 3698 3256 3765 naturarumdiﬁ'erentia
3276 3713 3505 3775 pr0pter
3535 3703 3690 3758 unio-

2114 3786 2265 3864 nem,
2296 3801 2475 3871 magis
2525 3808 2733 3865 autem,
2762 3802 2891 3869 quia
2933 3797 3030 3853 Dei
3072 3797 3428 3866 hominisque
3476 3804 3690 3849 naturae

2120 3907 2453 3961 concursum
2513 3888 2579 3944 ad
2639 3889 2787 3945 illam
2854 3889 3119 3953 unionem
3176 3889 3339 3944 nobis
3395 3885 3693 3958 perﬁciunt

2184 4074 2277 4131 Sic
2308 4088 2411 4128 nos
2438 4072 2554 4129 sive
2582 4070 2849 4126 catholica
2880 4070 3127 4126 Ecclesia
3159 4069 3461 4134 credimus,
3494 4085 3692 4140 quem—

2112 4164 2408 4219 admodum
2445 4170 2501 4217 et
2532 4177 2725 4232 magna
2754 4160 2852 4215 illa
2874 4161 3138 4217 Ecclesiae
3157 4159 3451 4214 luminaria
3476 4176 3541 4216 ac
3559 4161 3693 4217 doc-

2115 4265 2265 4330 tores
2322 4253 2593 4319 veritatis,
2630 4252 2987 4317 Athanasius,
3041 4251 3304 4318 Basilius,
3344 4250 3647 4323 Gregorius
3674 4294 3690 4318 ,

2114 4344 2634 4416 Joannes,Cyrillus
2672 4359 2884 4414 magnae
2913 4343 3419 4400 Alexandrinorum
3452 4344 3696 4401 civitatis

2116 4437 2645 4511 episcopusaQuare
2667 4436 2792 4491 illos
2832 4437 2926 4507 qui
2969 4446 3170 4507 praeter
3199 4436 3401 4492 horum
3438 4436 3696 4502 dogmata

2111 4538 2428 4595 senserunt,
2449 4544 2793 4594 aversamur,
2827 4527 3186 4599 repudiamus
3207 4539 3265 4584 et
3317 4544 3692 4592 exsecramur.

2111 4640 2238 4680 cum
2279 4608 2609 4694 subscriptis
2652 4622 2961 4678 haeresihus
2989 4638 3111 4693 qua:
3145 4622 3505 4678 succedancis
3554 4633 3693 4678 lem-

2110 4716 2344 4780 poribus
2367 4715 2585 4773 adnala:
2612 4720 2743 4769 sunt
2772 4721 2897 4783 post
2921 4714 3141 4769 Domini
3173 4713 3493 4767 adventum.
3528 4713 3691 4783 Ejus-

2107 4799 2250 4854 modi
2285 4799 2669 4854 hazreticorum
2704 4800 2921 4854 nomina
2952 4810 3077 4856 sunt
3104 4801 3253 4857 haec:
3286 4802 3334 4867 Ι,
3360 4800 3689 4860 Simoniani.

427 4896 663 4949 λιδιανοὶ
684 4936 700 4962 ,
730 4895 1050 4953 Νικολαϊτὰί
1077 4939 1093 4965 ,
1125 4899 1448 4963 Γνωστικοὶ,
1505 4897 2008 4969 Καρποκρατιανοὶ,

2105 4890 2656 4969 2,‘bleriaudriani._5,
2680 4889 3004 4947 Satorniaui.
3030 4893 3083 4959 4,
3107 4891 3443 4949 Basilidiani.
3469 4894 3693 4958 5,Nico-

432 4990 522 5057 Κη
532 4988 647 5059 ρινθ
656 4989 812 5055 ιανοὶ,
830 4988 1908 5062 Ναζωραῖοι,’Δ6ιωναῖοι,οῦαλεντιανοὶ,
1924 4989 2012 5041 Σε-

430 5081 1085 5153 κουνὸιανοὶπιολεμαῑοι,
1100 5083 1441 5152 Μαρκώσιοι,
1460 5082 1836 5153 Κολορϐάτιόι,
1854 5082 2016 5151 Ἦρα-

430 5170 742 5239 κλεωνίται,
769 5174 1000 5243 Ὀφῖται,
1042 5175 1295 5241 Καῗανοὶ,
1334 5174 1605 5246 Σηθιανοὶ,
1649 5172 2010 5246 ’Λρχοντικοὶ,

432 5261 823 5333 Κερδωνιανοὶ,
856 5265 1295 5337 Μαρκιωνισταὶ,
1325 5267 1730 5333 Λουκιανισταὶ,
1758 5264 2012 5318 Ἀπελιαο

428 5351 538 5417 vol,
558 5354 895 5425 Σευηριανοὶ,
909 5356 1185 5424 Τατιανοὶ,
1203 5357 1592 5428 Ἐγκρατισταὶ
1609 5359 1773 5423 ,κατὰ
1788 5358 2012 5430 Φρύγα-

430 5443 601 5511 στῶν,
620 5446 718 5500 καὶ
743 5447 1130 5502 Μοντανιστῶν
1161 5449 1257 5503 καὶ
1281 5434 1762 5519 Ἀσκοδρουγιτῶν,
1798 5452 2013 5504 [lamu-

429 5535 461 5599 ζ
473 5535 632 5600 ιανοὶ,
647 5537 683 5608 ἢ
697 5538 1178 5610 Πρισκιλλιανοὶ,οί
1192 5540 1616 5605 Κεκεντιλιανοὶ,
1628 5532 1708 5602 οἷς
1723 5540 2014 5594 συνάπτον·

427 5642 529 5681 ται
571 5627 945 5701 Ἀρτοτυρῑται
968 5673 983 5700 ,
1020 5630 1677 5706 Τεσσαρεσκαιδεκαττται
1699 5673 1713 5698 ,
1751 5632 1967 5686 Ἀλο-ωι
1995 5674 2009 5701 ,

507 5787 554 5818 ’⁸
579 5788 697 5841 Act.
719 5802 793 5851 tv,
820 5788 888 5845 12

2108 4985 2270 5043 iaitm.
2301 4987 2352 5047 ϐ,
2377 4967 2637 5040 Gnoslici.
2679 4987 2731 5047 7,
2755 4984 3192 5055 CarpOcratiani.
3237 4987 3291 5040 7'
3324 4986 3696 5056 Cerinthiani,

2109 5079 2162 5142 8,
2182 5078 2440 5134 N.~zara!i.
2464 5077 2517 5141 9,
2538 5077 2834 5151 Hebionaei.
2865 5080 3456 5155 10,Va|entiniani.li,
3484 5081 3698 5137 Secun-

2108 5173 2276 5226 diani.
2315 5172 2396 5235 l2,
2428 5172 2697 5227 Polcmzci.
2726 5173 2812 5240 l5,
2840 5171 3111 5241 Mercosii,
3144 5174 3231 5241 HV,
3255 5174 3575 5231 Colorhatii.
3604 5176 3692 5241 i3,

2113 5269 2526 5324 llcracleOnitte.
2559 5268 2649 5328 i6.
2682 5266 2914 5337 Oplrilae.
2943 5270 3030 5335 17,
3063 5269 3276 5327 Caiani.
3308 5269 3397 5336 l8,
3421 5268 3688 5326 Sethiani.

2114 5362 2201 5429 l9,
2233 5364 2575 5417 Archuntici.
2594 5361 3053 5428 20,Ccrdoniuni.
3073 5363 3164 5429 21,
3190 5362 3575 5420 Μσιΐςίοιιίδιῖε.
3599 5365 3692 5427 22!,

2118 5459 2463 5515 Lucianisue.
2510 5459 2601 5519 23.
2651 5459 2938 5527 Apelliani.
2991 5458 3081 5523 24,
3119 5457 3424 5513 Severimi.
3457 5459 3549 5521 25,
3585 5457 3694 5513 Ta-
3750 5438 3758 5452 ’

2121 5553 2274 5608 tiani.
2305 5553 2397 5619 26,
2429 5553 2739 5609 Encratitze.
2792 5552 2884 5618 9.7,
2934 5553 3195 5605 adversus
3247 5534 3579 5624 Phrygwas
3644 5562 3698 5605 ct

2121 5645 2500 5711 Montanistas,
2558 5646 3011 5713 Ascodrougclas.
3072 5642 3163 5707 28.
3228 5643 3541 5714 Ρυριιεξαηῑ.
3604 5642 3697 5707 '19,
