4042 6448
372 377 511 439 ί⁴ἓ49

1716 362 2317 438 EXOMOLOGESIS.

3492 364 3628 433 1830

367 495 609 565 κοδομὴν
666 496 729 547 ἐκ
781 494 916 548 Θεοῦ
952 494 1169 564 ἔχομεν,
1207 492 1387 547 οἰκίαν
1436 492 1853 563 ἀχειροποίητον
1888 491 1943 543 ἐν

2050 498 2106 544 et
2162 504 2392 559 regnum
2446 496 2499 543 et
2553 495 2820 557 poteStas,
2854 497 2911 542 et
2969 489 3229 558 majestas
3281 503 3468 556 regum
3531 489 3628 556 qui

366 587 480 647 τοῖς
504 586 775 656 οὐρανοῖς.
826 604 845 636 ι
888 587 998 639 Καὶ
1025 588 1053 638 ὁ
1084 587 1313 655 Πέτρος,
1363 603 1380 637 ι
1413 585 1601 649 Οὕτως
1632 585 1740 655 γὰρ
1788 588 1950 636 πλου-

368 677 505 740 σίως
553 678 1093 749 ἐπιχορηγηθήσεται
1122 680 1255 748 ἡμῖν
1285 677 1541 749 ήεῖσοδος
1581 678 1658 738 εἰς
1694 676 1792 745 τὴν
1822 674 1947 728 αἰώ-

366 785 481 820 νιον
525 766 802 837 βασιλείαν
840 767 931 820 τοῦ
968 768 1172 836 Κυρίου
1205 766 1362 838 ἡμῶν
1402 766 1577 832 Ἰησοῦ
1627 765 1885 837 Χριστοῦ.
1925 783 1943 816 ι

377 859 440 912 '0
454 859 509 912 δὲ
537 859 741 928 Κύριος
766 858 921 928 ἡμῶν
948 861 1041 911 καὶ
1061 859 1279 929 Σωτὴρ,
1303 878 1322 909 ι
1365 859 1431 911 Ἡ
1461 857 1728 929 βασιλεία,
1762 859 1947 926 φησιν,

364 950 476 1004 τῶν
506 950 752 1019 οὐρανῶν
783 950 1050 1021 βιάζεται,
1077 952 1172 1002 καὶ
1227 951 1446 1019 βιασταὶ
1484 949 1828 1021 ἁρπάζουσιν
1857 951 1952 1003 αὗ-

363 1042 490 1111 τήν.
515 1060 534 1092 ι
564 1042 672 1095 Καί
696 1057 707 1069 ·
752 1061 771 1092 ι
816 1042 881 1094 Ἡ
913 1042 1160 1111 βασιλεία
1183 1042 1292 1094 τῶν
1343 1042 1589 1112 οὐρανῶν
1624 1043 1772 1103 ἐντὸς
1797 1041 1950 1107 ὑμῶν

365 1133 541 1187 ἐστιν.
580 1153 600 1185 ο
633 1132 743 1186 Καὶ).
768 1134 950 1197 πάλιν,
993 1152 1011 1184 ι
1049 1133 1329 1204 Μακάριοι
1362 1135 1412 1187 oi
1443 1135 1649 1203 πτωχοὶ
1683 1133 1761 1205 τῷ
1788 1132 1951 1187 πνεύ-

369 1240 557 1291 ματι.»
581 1225 710 1287 Καὶ,
741 1243 760 1276 ι
782 1226 1060 1296 Μακάριοι
1080 1228 1128 1279 οἱ
1155 1226 1715 1295 δεδιωγμένοιὲνεκεν
1742 1226 1951 1278 δικαιο-

369 1316 658 1385 σύνης,ὃτι
686 1317 863 1370 αὐτῶν
881 1320 973 1370 ἐστ
983 1336 1031 1370 ιν
1055 1321 1087 1387 ἡ
1105 1318 1352 1388 βασιλεία
1373 1317 1484 1370 τῶν
1501 1317 1765 1388 οὐρανῶν.
1781 1337 1799 1368 ι
1821 1319 1950 1383 Καὶ,

374 1428 395 1460 ι
426 1409 594 1463 Δεῦτε
645 1409 700 1463 oi
741 1408 1100 1481 εὐλογημένοι
1153 1409 1250 1463 τοῦ
1282 1410 1497 1478 Πατρός
1531 1426 1657 1478 μου,
1694 1408 1954 1478 κληρονο-

369 1503 586 1570 μήσατε
615 1502 715 1573 τὴν
737 1501 1150 1571 ἡτοιμασμένην
1189 1501 1320 1573 ὑμῖν
1348 1500 1649 1571 βασιλείαν.
1693 1501 1951 1553 Ἀποστε-

366 1589 454 1644 λεϊ
479 1593 590 1662 γὰρ
610 1592 639 1645 ὀ
676 1591 805 1655 Υἱὸς
826 1592 918 1644 τοῦ
950 1592 1266 1662 ἀνθρώπου,
1292 1593 1420 1654 τοὺς
1466 1590 1733 1659 ἀγγέλους
1762 1588 1949 1654 αὑτοῦ,

367 1684 467 1737 καὶ
498 1685 719 1751 συνάξει
743 1686 809 1737 ἐκ
831 1684 932 1754 τῆς
963 1682 1239 1753 βασιλείας
1276 1680 1442 1737 αὑτοῦ
1473 1683 1653 1736 πάντα
1681 1682 1751 1736 τὰ
1789 1681 1954 1736 σκάν-

362 1777 525 1841 δαλα,
567 1780 661 1832 καί
687 1779 816 1841 τοὺς
834 1778 1129 1841 ποιοῦντας
1161 1776 1263 1847 τὴν
1318 1775 1571 1843 ἀνομίαν,
1604 1775 1698 1829 καὶ
1726 1773 1951 1845 βάλλου-

2052 581 2243 636 subter
2266 595 2430 634 omne
2460 582 2684 645 coelum,
2704 580 2829 634 data
2847 588 2977 634 sunt
2999 582 3206 635 sanctis
3229 581 3493 636 Altissimi
3511 583 3575 635 τί.
3606 602 3624 632 ι

2051 680 2108 726 et
2130 672 2423 727 Joannes:
2469 689 2487 721 ι
2530 670 2656 726 llaec
2714 680 2801 727 est
2849 672 3143 741 promissio
3167 688 3330 742 quam
3374 675 3632 743 promisit

2051 767 2234 831 nobis,
2256 767 2370 821 vita
2387 777 2592 822 aeterna
2616 768 2662 798 ⁷³
2684 786 2705 818 λι
2730 765 2939 837 1247
2960 767 3197 822 Paulus:
3223 786 3240 816 ι
3265 768 3464 823 Nostra
3489 784 3630 822 con-

2052 860 2296 915 versatio
2343 860 2400 914 in
2429 860 2587 914 cmlis
2614 868 2721 925 est,
2763 860 2910 914 unde
2940 860 3105 914 etiam
3146 860 3489 915 Salvatorem
3531 878 3627 915 ex-

2052 961 2373 1021 spectamus
2396 952 2687 1004 Dominum
2716 960 2970 1005 nostrum
2997 951 3183 1004 Jesum
3205 950 3513 1016 Christum,
3534 953 3629 1020 qui

2054 1044 2379 1099 reformabit
2403 1059 2606 1113 corpus
2634 1043 2966 1098 humilitatis
2991 1053 3195 1097 nostra:
3225 1043 3627 1113 Cnltﬂguratum

2052 1136 2272 1205 corpori
2312 1135 2448 1189 clari
2478 1136 2586 1189 atis
2619 1135 2841 1189 ευμεν.»
2864 1135 3073 1189 lterum
3093 1153 3105 1188 :
3126 1133 3266 1201 «Qui
3293 1134 3500 1204 "eripuit
3528 1151 3630 1189 nos

2053 1227 2122 1281 de
2170 1234 2441 1296 potestate
2487 1226 2840 1280 tenebrarum
2893 1235 2951 1280 et
2993 1214 3274 1280 transtulit
3308 1226 3363 1280 in
3398 1241 3628 1296 regnum

2055 1319 2178 1373 Filii
2210 1318 2531 1373 dilectionis
2557 1332 2673 1372 suae
2697 1317 2767 1371 ⁷⁸.
2803 1335 2927 1368 ›-‹
2964 1319 3197 1387 Propter
3215 1317 3361 1387 quod
3398 1333 3627 1388 regnum

2052 1410 2249 1465 stabile
2278 1422 2335 1464 et
2369 1409 2758 1464 inconcussum
2790 1409 3125 1479 accipientes
3146 1451 3158 1474 ,
3199 1409 3468 1464 habemus
3501 1426 3629 1480 gra-

2055 1501 2218 1566 tiam,
2246 1515 2346 1570 per
2379 1516 2545 1570 quam
2584 1500 2697 1555 Deo
2724 1500 2938 1569 placide
2971 1500 3331 1570 obsequimur
3359 1500 3629 1555 ".—Sci-

2052 1608 2178 1648 mus
2203 1593 2351 1646 enim
2380 1592 2511 1662 quia
2525 1592 2571 1647 si
2602 1592 3102 1648 terrestrisdomus
3125 1602 3313 1648 nostra
3346 1592 3512 1662 hujus
3541 1596 3634 1646 ha-

2052 1684 2341 1739 bitationis
2386 1683 2749 1750 dissolvatur,
2780 1677 2928 1754 quod
2955 1684 3379 1740 aediﬁcationem
3411 1699 3478 1738 ex
3518 1684 3631 1738 Deo

2054 1776 2345 1840 habemus,
2383 1776 2609 1830 domum
2654 1790 2764 1830 non
2820 1776 3213 1835 manufactam.
3258 1783 3525 1831 sternam
3575 1775 3627 1828 in

367 1884 457 1920 σιν
477 1870 676 1933 αὐτοὺς
724 1870 806 1932 είς
831 1868 930 1939 τὴν
972 1869 1206 1938 κάμινον
1245 1865 1341 1921 τοῦ
1374 1866 1568 1936 πυρός.
1609 1866 1745 1919 Τότε
1792 1865 1842 1918 οἱ
1871 1863 1943 1917 δί-

2056 1867 2212 1923 caelis
2237 1868 2303 1915 ".
2327 1886 2346 1919 ι
2384 1868 2584 1922 Petrus
2614 1869 2776 1923 item:
2807 1886 2826 1919 ι
2869 1868 2962 1923 Sic
2992 1868 3141 1923 enim
3160 1867 3507 1922 abundanter
3529 1866 3631 1921 ad-

363 1978 515 2013 καιοι
564 1961 940 2031 ἐκλάμψουσιν
983 1961 1058 2024 ὡς
1087 1963 1116 2015 ὁ
1145 1961 1298 2031 ἥλιος
1349 1961 1408 2011 ἐν
1451 1961 1519 2029 τῇ
1569 1957 1823 2029 βασιλείᾳ
1853 1957 1943 2010 τοῦ

2057 1959 2466 2014 ministrabitur
2491 1960 2652 2015 vobis
2678 1961 2939 2015 introitus
2986 1961 3045 2013 in
3081 1969 3347 2015 aeternum
3396 1975 3628 2029 regnum

365 2048 582 2122 Πατρὸς
630 2052 834 2105 αὐτῶν.
875 2072 892 2103 ι
928 2053 1052 2105 Ὅτι
1086 2050 1252 2104 αὑτοῦ
1286 2052 1431 2104 ἐστιν
1465 2052 1497 2119 ἡ
1549 2048 1823 2119 βασιλεία,
1854 2049 1943 2101 καὶ

2048 2051 2263 2105 Domini
2315 2052 2490 2106 nostri
2533 2052 2663 2107 Jesu
2691 2051 2897 2107 Christi
2927 2050 2993 2106 ⁷⁷.
3045 2071 3063 2102 ι
3109 2052 3375 2105 Dominus
3407 2066 3630 2120 quoque

358 2147 395 2214 ἠ
437 2144 687 2214 δύναμις,
708 2145 802 2197 καὶ
830 2147 861 2213 ὴ
892 2145 1019 2208 δόξα
1054 2144 1147 2197 τοῦ
1179 2144 1413 2214 Πατρὸς,
1435 2141 1644 2196 καὶτοῦ
1670 2141 1822 2205 Υἱοὺ,
1855 2139 1943 2192 καὶ

2047 2154 2257 2206 noster,
2283 2153 2340 2197 et
2399 2151 2603 2199 nostra:
2662 2145 2911 2199 omnium
2959 2145 3157 2199 salutis
3217 2142 3440 2206 vindex,
3504 2143 3624 2196 ait:

357 2240 461 2291 τοῦ
482 2241 638 2308 ἀγίου
656 2241 1263 2310 Πνεύματος,πάντοτε
1289 2239 1384 2292 νῦν
1434 2239 1528 2291 καὶ
1565 2237 1651 2290 ἀεὶ
1674 2279 1688 2303 ,
1737 2238 1831 2288 καὶ
1868 2238 1943 2297 είς

2051 2254 2070 2286 ‹
2109 2235 2356 2303 Regnum
2384 2235 2651 2288 caelorum
2673 2235 2782 2288 vim
2809 2235 3040 2305 patitur,
3063 2243 3120 2289 et
3149 2233 3378 2288 violenti
3408 2233 3630 2303 rapiunt

361 2335 494 2394 τοὺς
518 2332 722 2396 αἰῶνας
756 2333 862 2384 τῶν
897 2331 1126 2385 αἰώνων.
1178 2332 1372 2402 Ἀμήν.

2047 2326 2179 2380 illud
2213 2326 2279 2377 ⁷⁸.
2324 2345 2342 2377 ιι
2382 2326 2449 2379 Ει
2476 2343 2490 2379 :
2518 2345 2537 2376 ι
2558 2326 2806 2395 Regnum
2830 2328 3095 2381 caelorum
3120 2326 3265 2379 intra
3298 2340 3396 2379 vos
3412 2334 3496 2379 est
3521 2326 3621 2377 π.»

358 2420 628 2474 lterum:
683 2439 701 2471 ι
754 2420 906 2474 Beati
972 2435 1246 2490 pauperes
1305 2419 1506 2490 spiritu
1535 2419 1602 2482 δυ,
1639 2437 1656 2468 ι
1698 2425 1755 2471 et
1777 2416 1806 2467 ἰ
1851 2415 1953 2481 Qui
1990 2415 2429 2484 persecutionem
2483 2416 2772 2484 patiuntur
2822 2426 3048 2485 propter
3119 2417 3430 2486 justitiam,
3491 2432 3631 2485 quo-

358 2512 516 2564 niam
578 2511 822 2582 ipsorum
874 2521 959 2565 est
1019 2527 1251 2581 regnum
1313 2512 1581 2565 caelorum
1608 2508 1677 2561 ⁸⁸.
1719 2527 1737 2558 ι
1771 2508 1878 2561 Et:
1912 2526 1930 2559 ι
1964 2507 2174 2571 Venite,
2202 2506 2474 2561 benedicti
2506 2507 2686 2562 Patris
2719 2507 2846 2571 mei,
2879 2508 3156 2577 possidete
3186 2517 3437 2578 paratum
3468 2506 3628 2561 vobis

358 2623 601 2675 regnum
641 2622 672 2660 a
709 2606 1103 2660 constitutione
1129 2606 1322 2659 mundi
1344 2607 1410 2658 3'.
1445 2625 1552 2656 »--
1601 2624 1619 2655 c
1649 2604 1829 2658 Mittet
1871 2603 2018 2656 enim
2052 2602 2221 2656 Filius
2244 2601 2484 2656 hominis
2500 2604 2724 2671 angelos
2744 2619 2894 2667 suos,
2920 2602 3437 2673 etcongregabitde
3457 2616 3628 2672 regno

352 2718 470 2755 suo
507 2703 690 2756 omnia
719 2703 996 2767 scandala,
1037 2711 1093 2757 et
1126 2703 1218 2772 qui
1248 2702 1458 2757 faciunt
1496 2700 1846 2770 iniquitatem
1878 2716 1892 2750 :
1923 2707 1981 2752 et
2026 2697 2248 2751 mittent
2280 2713 2374 2752 eos
2404 2700 2462 2753 in
2489 2698 2766 2752 caminum
2790 2700 2952 2769 ignis.
2980 2699 3134 2752 Tunc
3167 2698 3298 2769 justi
3340 2696 3628 2767 fulgebunt

349 2798 515 2849 sicut
535 2797 614 2850 sol
650 2797 704 2850 in
728 2811 897 2865 regno
927 2797 1108 2850 Patris
1125 2811 1320 2850 eorum
1347 2795 1416 2848 ⁸⁸.
1456 2794 1499 2844 ι’
1530 2794 1637 2864 Ipsi
1675 2793 1823 2847 enim
1866 2801 1954 2845 est
1988 2805 2220 2858 regnum
2250 2800 2307 2844 et
2336 2791 2579 2861 potentia
2615 2799 2673 2844 et
2702 2792 2871 2860 gloria
2904 2790 3102 2853 Patris,
3130 2802 3185 2843 et
3214 2788 3373 2853 Filii,
3406 2796 3462 2842 ct
3500 2785 3626 2856 Spi-

353 2886 512 2940 ritus
539 2886 713 2940 sancti
737 2903 753 2950 ;
812 2886 990 2941 ubivis
1039 2888 1284 2941 locorum
1323 2894 1379 2941 et
1412 2901 1581 2951 nunc,
1610 2893 1665 2940 et
1686 2899 1924 2953 semper,
1953 2892 2008 2937 et
2043 2883 2094 2935 in
2118 2883 2316 2937 satcula
2345 2884 2636 2937 intermina
2659 2884 3005 2939 szeculorum.
3028 2882 3224 2936 Amen.

440 3029 480 3057 "
518 3026 650 3081 Dan.
682 3043 776 3091 vn,
800 3028 890 3093 21,
909 3027 1000 3091 22,
1023 3028 1113 3082 27.

347 3097 414 3127 ’⁷⁸
443 3096 488 3151 ll
526 3095 654 3151 Cor.
689 3113 742 3162 v,
776 3100 823 3151 l.
900 3099 942 3129 ⁷⁷
971 3099 1016 3152 ll
1040 3098 1185 3152 Petr.
1223 3115 1261 3163 ι,
1291 3099 1379 3152 ll.

345 3165 628 3221 "Matth.
658 3183 783 3233 xxv,
818 3168 907 3223 54.
984 3168 1031 3201 ⁸³
1052 3168 1241 3223 Matth.
1275 3184 1392 3232 xm,
1423 3167 1616 3230 41-43,

1223 3029 1268 3059 τ’
1295 3028 1497 3084 lJoan.
1523 3043 1580 3088 ιι,
1603 3024 1694 3080 25.

1801 3025 1847 3056 ⁷³
1881 3023 2024 3091 Phil.
2058 3039 2151 3087 ιιι,
2181 3022 2273 3087 20,
2307 3022 2398 3076 21.

1490 3097 1537 3143 ⁷⁸.
1560 3096 1750 3151 \lattb.
1782 3111 1855 3159 ιι,
1885 3093 1971 3147 12.

2510 3022 2555 3054 ⁷⁸
2588 3021 2805 3079 Coloss.
2837 3039 2880 3088 ι,
2902 3023 2990 3078 l3.
3089 3024 3129 3054 "

2510 3094 2568 3148 :l.
2670 3094 2716 3125 '°
2745 3092 2935 3148 Matth.
2971 3110 3003 3147 v
3029 3135 3042 3159 ,
3075 3092 3129 3148 5.

3089 3024 3135 3054 ⁷⁵
3160 3023 3345 3083 Hebr.
3367 3038 3441 3077 xtl
3463 3058 3505 3088 ,ν
3535 3021 3624 3075 28.

2078 3093 2124 3124 "’
2161 3093 2298 3147 Luc.
2331 3093 2568 3159 xvuﬂl.
2670 3094 2716 3125 '°
2745 3092 2935 3148 Matth.
2971 3110 3003 3147 v
3029 3135 3042 3159 ,
3075 3092 3129 3148 5.
3234 3094 3275 3125 ³⁸
3341 3092 3513 3160 ibid,”
3538 3091 3626 3148 10.

803 3457 1063 3544 ΠΕΡΙ
1137 3378 1838 3548 ΠΡΟΣΕΥΧΗΣ,
1911 3452 2106 3536 ΚΑΙ
2175 3441 3191 3536 ΕΞΟΜΟΛΟΙἮΣΕΩΣ.

983 3700 1929 3820 EXOMOLOGESIS
2013 3729 2110 3817 s.
2194 3712 2297 3821 ι).
2374 3720 3010 3817 ANTIOCHI.

432 4032 609 4103 Κύριε
630 4069 645 4092 ,
693 4030 721 4081 ὁ
751 4030 882 4093 Θεὸς
915 4030 943 4081 ὁ
970 4030 1388 4101 παντοκράτωρ,
1426 4032 1454 4085 ὁ
1487 4031 1660 4100 μέγας
1690 4035 1785 4087 καὶ
1811 4034 1943 4088 θαυ-

2120 4035 2374 4100 Domine,
2412 4035 2562 4090 Deus
2591 4033 2968 4105 omnipotens.
2997 4052 3228 4107 magnus
3267 4045 3323 4092 tu
3359 4048 3416 4093 et
3446 4040 3627 4095 admi-

339 4125 595 4198 μαστὸς,
633 4124 661 4175 ὁ
692 4123 984 4191 φυλάσσων
1013 4121 1111 4191 τὴν
1138 4122 1405 4193 διαθήκην
1435 4140 1552 4186 σου,
1586 4126 1679 4177 καὶ
1709 4126 1769 4179 τὸ
1796 4127 1943 4192 ἔλεός

335 4234 460 4277 σου
517 4218 631 4278 τοῖς
678 4212 936 4282 ἀγαπῶσί
984 4231 1044 4265 σε
1094 4213 1188 4267 καὶ
1224 4216 1337 4276 τοῖς
1369 4214 1702 4282 φυλάσσουσι
1731 4218 1830 4282 τὰς
1859 4220 1943 4271 ἐν.

328 4308 525 4368 στολάς
571 4323 665 4359 σου
685 4345 699 4369 ,
754 4304 1021 4375 μνήσθητι
1042 4303 1147 4357 τῶν
1170 4305 1470 4376 οἰκτιρμῶν
1495 4322 1589 4358 σου
1620 4307 1713 4360 καὶ
1732 4307 1940 4380 τάνέλέη

336 4416 482 4471 σου,
514 4398 596 4450 ὅτι
626 4398 733 4450 ἀπο
760 4396 852 4448 τοῦ
882 4395 1076 4457 αἰῶνος
1103 4397 1241 4447 εἰσίν
1261 4411 1274 4425 ⁸
1328 4398 1422 4450 καὶ
1471 4397 1547 4467 μὴ
1577 4397 1811 4471 ἐπιλάοῃ
1844 4404 1943 4468 τῆς

326 4489 634 4558 διαθήκης
685 4486 779 4539 σοῦ
826 4486 1034 4554 λέγων’
1095 4504 1112 4536 ι
1152 4486 1278 4538 Ἐὰν
1322 4486 1424 4548 τὰς
1466 4487 1685 4551 ἐντολάς
1716 4506 1823 4557 μου
1865 4490 1940 4561 μὴ

322 4581 660 4655 φυλάξητε,
694 4579 1068 4649 ἐπισκέψομαι
1096 4580 1154 4630 ἐν
1177 4579 1359 4649 ῥάϐδῳ
1384 4566 1737 4648 τὰς’ἀνομίας
1760 4582 1789 4633 ὑ
1799 4582 1939 4651 μῶν,

324 4675 458 4734 καὶ
507 4675 567 4726 ἐν
606 4673 827 4744 μάστιξι
871 4676 970 4735 τὰς
1000 4671 1209 4737 ἀδικίας
1239 4671 1394 4741 ὑμῶν
1415 4688 1428 4701 ο
1485 4672 1546 4724 τὸ
1574 4673 1630 4725 δὲ
1660 4673 1807 4737 ἐλεὸς
1837 4691 1938 4743 μου

317 4767 418 4823 οὐ
476 4764 554 4834 μὴ
601 4763 942 4818 διασκεδάσαι
973 4763 1065 4831 ἀφ’
1096 4761 1271 4831 ὑμῶν,
1310 4761 1407 4813 καὶ
1434 4760 1506 4813 τὰ
1530 4763 1940 4833 ἐκπορευόμενα

312 4857 445 4915 διὰ
501 4855 609 4913 τῶν
655 4853 881 4924 χειλέων
927 4871 1032 4924 μου
1081 4854 1141 4907 οὐ
1195 4852 1270 4922 μὴ
1305 4852 1615 4924 ἀθετήσω.»
1655 4855 1929 4928 Πιστωθή-

311 4963 543 5005 τωσαν
591 4946 641 4999 oi
690 4944 841 5012 λόγοι
884 4935 1008 5007 σου,
1041 4943 1288 4997 Δέσποτα
1317 4944 1520 5011 ἀγαθὲ,
1558 4945 1650 4997 καὶ
1678 4941 1810 5017 ἆρον
1838 4936 1939 5009 τὰς

317 5037 642 5111 ἁμαρτίας
670 5035 852 5106 ἡμῶν,
887 5038 915 5087 ὁ
944 5034 1248 5105 οἰκτίρμων
1290 5036 1384 5087 καὶ
1417 5036 1808 5106 μακρόθυμοςο
1856 5038 1940 5091 ὅτι

309 5130 441 5188 σοὶ
463 5168 480 5193 ,
527 5128 717 5201 Κυρίῳ
759 5126 837 5197 τῷ
877 5125 996 5196 Θεῷ
1026 5125 1182 5195 ἡμῶν
1204 5166 1221 5190 ,
1254 5129 1288 5198 ἡ
1322 5127 1659 5199 δικαιοσύνη.
1700 5130 1859 5200 Ἡμῖν
1883 5130 1941 5199 δὲ

309 5230 375 5296 ἡ
414 5220 653 5291 αἰσχύνη
683 5221 793 5273 τῶν
821 5218 1129 5291 προσώπων
1154 5208 1445 5289 ἐκάλυψεν,
1469 5220 1542 5283 ὡς
1565 5222 1751 5291 ἡμέρα
1776 5221 1938 5293 αὕτη,

309 5322 435 5374 ὅτι
490 5315 812 5384 ἡμάρτομεν
861 5312 1107 5366 ἐναντίον
1144 5329 1261 5376 σου,
1292 5313 1486 5384 Κύριε,
1524 5313 1619 5366 καὶ
1667 5315 1767 5368 οὐκ
1822 5315 1934 5368 είσ-

2046 4128 2262 4193 rabilis,
2293 4127 2390 4198 qui
2422 4125 2676 4182 custodis
2716 4135 3109 4183 testamentum
3140 4136 3297 4184 tuum
3320 4137 3378 4185 et
3400 4132 3623 4187 miseri—

2044 4221 2290 4275 cordiam
2348 4226 2498 4274 tuam
2539 4219 2628 4274 his
2669 4217 2765 4288 qui
2798 4227 2855 4274 te
2904 4220 3146 4290 diligunt
3202 4228 3260 4276 et
3299 4224 3624 4279 custodiunt

2043 4312 2301 4367 mandata
2341 4312 2470 4365 tual
2525 4311 2734 4376 Memor
2774 4319 2898 4366 esto
2944 4311 3361 4367 miserationum
3398 4322 3619 4369 tuarum

2041 4411 2098 4457 et
2122 4402 2366 4471 copiosae
2400 4399 2807 4456 misericordiae
2838 4408 2967 4464 tute,
3002 4415 3124 4470 quae
3150 4415 3180 4454 a
3226 4401 3433 4455 sazc-ulo
3467 4410 3615 4455 sunt.

2041 4495 2119 4549 Ne
2151 4493 2501 4549 obliviscaris
2544 4492 2861 4548 testamenti
2893 4493 2975 4546 ιιι-ἰ
3015 4531 3030 4555 .
3064 4492 3156 4563 qui
3203 4492 3392 4547 dixisti
3440 4511 3453 4546 :
3493 4513 3510 4545 ι
3559 4494 3618 4554 Si

2043 4585 2300 4640 mandata
2340 4599 2462 4637 mea
2492 4599 2605 4638 non
2639 4583 3039 4647 custodieritis,
3082 4583 3323 4638 visitabo
3361 4584 3418 4638 in
3465 4585 3618 4655 virga

2042 4678 2365 4748 iniquitates
2392 4684 2628 4743 vestras,
2663 4684 2725 4730 et
2752 4676 2810 4730 in
2837 4677 3168 4733 verberibus
3198 4677 3498 4748 injustitias
3526 4695 3623 4733 ve-

2040 4778 2184 4825 stras
2213 4787 2227 4822 :
2259 4768 2703 4823 misericordiam
2733 4775 2920 4822 autem
2946 4783 3125 4822 meam
3160 4784 3272 4824 non
3303 4770 3617 4841 dispergam

2042 4879 2073 4920 a
2107 4862 2265 4918 vobis
2298 4879 2310 4914 :
2347 4871 2407 4917 et
2436 4877 2559 4932 qua:
2590 4858 2903 4931 procedunt
2928 4876 3028 4930 per
3051 4860 3200 4916 labia
3230 4877 3374 4925 mea,
3405 4878 3514 4916 non
3543 4863 3623 4922 fa-

2041 4955 2184 5008 ciam
2221 4954 2380 5009 irrita
2421 4954 2487 5007 3‘.
2531 4972 2549 5004 ι
2594 4951 3007 5008 Conﬁrmentur
3047 4966 3338 5009 sermones
3381 4954 3471 5009 isti
3512 4957 3618 5019 tui,

2041 5044 2188 5099 [lere
2203 5043 2603 5114 benignissime
2624 5059 2636 5095 :
2663 5049 2721 5097 et
2741 5040 2894 5097 aufer
2926 5050 3152 5112 peccata
3169 5050 3381 5104 nostra,
3410 5044 3620 5114 quippe

2040 5135 2134 5206 qui
2190 5136 2484 5191 miserator
2518 5150 2579 5189 es
2620 5132 2978 5204 .longauimis.
3011 5133 3136 5189 Tibi
3179 5135 3332 5189 enim
3383 5136 3619 5191 Domino

2043 5231 2154 5284 Deo
2183 5238 2397 5293 nostro,
2425 5227 2681 5307 justitia;
2734 5228 2898 5283 nobis
2930 5240 3116 5284 autem
3166 5229 3418 5285 confusio
3450 5230 3620 5286 facies

2042 5328 2265 5375 nostras
2303 5319 2617 5388 adoperuit,
2652 5328 2714 5374 ut
2753 5319 2873 5374 haec
2919 5318 3041 5375 dies
3086 5320 3326 5389 probat:
3363 5323 3457 5392 qui
3493 5339 3622 5392 pec-

313 5431 371 5482 η
386 5407 675 5477 κούσαμεν
723 5408 823 5476 τῆς
854 5407 1039 5477 φωνῆς
1076 5424 1167 5460 σου
1189 5448 1205 5472 ,
1234 5406 1328 5461 τοῦ
1383 5408 1719 5478 πορεύεσθαι
1745 5412 1803 5463 ἐν
1825 5411 1936 5476 τοῖς

2046 5412 2290 5468 cavimus
2321 5427 2509 5467 coram
2540 5421 2612 5467 te.
2631 5412 3081 5483 Domine,neque
3108 5415 3495 5471 exaudivimus
3525 5432 3622 5468 vo-

309 5500 748 5577 προστὰγμασί
777 5517 893 5556 σου.
920 5494 1002 5562 οἷς
1031 5498 1242 5561 ἔδωκας
1269 5499 1410 5553 κατά
1441 5499 1731 5570 πρόσωπον
1755 5501 1931 5571 ἡμῶν.

331 5591 514 5651 ·Λ>.λ’
563 5591 909 5663 ὴθετήσαμέν
961 5608 1051 5653 σε,
1107 5591 1312 5662 Κύριε,
1362 5593 1391 5644 ὁ
1436 5591 1570 5655 Θεὸς
1616 5593 1804 5664 ἡμῶν,
1841 5596 1935 5648 καὶ

308 5681 621 5752 moneor,
666 5683 745 5744 εἰς
778 5682 922 5751 ἡμᾶς
964 5682 1031 5734 τὰ
1064 5682 1207 5735 κακὰ
1241 5681 1308 5735 τὰ
1340 5682 1552 5752 μεγάλα
1582 5682 1772 5737 ταῦτα.
1827 5685 1938 5738 Καὶ

402 5824 463 5863 δ”
497 5823 637 5882 Psul.
670 5840 921 5889 unum,
946 5821 1124 5878 ’52οὸ5.

2044 5518 2163 5558 cem
2204 5510 2377 5567 tuam,
2408 5510 2469 5556 ut
2515 5502 2930 5576 ambularemus
2960 5503 3013 5556 in
3046 5504 3323 5559 mandatis
3367 5506 3478 5561 tuis
3499 5523 3622 5575 qu-e

2012 5574 2017 5585 ’
2045 5593 2246 5648 dedisti
2274 5594 2327 5649 in
2356 5604 2658 5663 conspectu
2694 5574 2916 5651 nostro:
2948 5594 3044 5649 sed
3074 5574 3529 5666 contempsimus
3544 5608 3619 5660 ιιι,

2040 5685 2275 5739 Domine
2313 5686 2458 5740 Deus
2498 5695 2709 5753 noster,
2753 5702 2932 5757 eoque
2960 5687 3309 5743 cohaeserunt
3344 5690 3504 5746 nobis
3540 5691 3624 5745 iu-
