4042 6438
573 352 707 417 1851

1824 358 2191 418 ANTIOCHI
2234 339 2575 417 M‘ONACHI

3665 357 3767 422 185!

567 465 758 535 gentia
807 462 947 517 mala
990 463 1127 519 haec.
1163 464 1245 519 Ne
1287 465 1369 521 sic
1404 466 1629 536 quidem
1661 469 1922 523 conversi
1963 483 2154 523 sumus

2261 466 2371 520 οὐδ’
2403 465 2580 528 οὕτως
2614 466 2708 515 ἐπε
2721 463 3035 534 στρέψαμεν
3064 461 3296 531 φυλάξαι
3339 461 3405 518 τά
3433 467 3771 537 προστάγματα

569 557 638 613 ad
697 557 1008 613 custodiam
1058 557 1448 613 mandatorum
1496 566 1754 624 tuorum,
1804 558 2020 630 1248
2056 559 2155 615 sed

569 649 852 703 abivimus
866 649 1248 718 unusquisque
1277 650 1330 703 in
1354 664 1523 705 sensu
1555 650 1710 720 pravi
1737 650 1924 705 cordis
1951 652 2153 717 nostri,

570 748 632 796 ut
688 741 998 796 faceremus
1049 757 1173 811 quae
1217 740 1358 796 mala
1407 748 1536 795 sunt
1569 757 1757 797 coram
1807 744 1988 799 oculis
2020 745 2153 809 tuis,

574 834 828 888 Domine.

640 923 783 977 Ecce
827 921 1143 978 sanctuaria
1195 932 1383 983 nostra
1429 923 1548 979 haec
1581 923 1802 980 deserta
1835 943 1848 979 :
1882 925 2156 982 Divinitas

574 1013 685 1084 igni
713 1028 981 1068 succensa
1013 1021 1120 1078 est,
1161 1015 1402 1083 populus
1437 1014 1493 1067 in
1531 1015 1912 1084 captivitatem
1943 1018 2154 1074 abduc-

574 1113 684 1171 tus,
717 1104 846 1160 facti
874 1120 1066 1160 sumus
1108 1104 1162 1158 in
1187 1105 1549 1175 opprobrium
1578 1106 1662 1162 bis
1694 1108 1788 1178 qui
1822 1108 1877 1163 in
1909 1109 2152 1167 circuitu

572 1206 768 1253 nostro
792 1208 942 1252 sunt.
973 1198 1118 1252 Facti
1133 1213 1329 1254 sumus
1350 1200 1548 1254 subtus
1576 1210 1762 1255 etnon
1785 1217 1950 1272 supra
1975 1221 1989 1257 :
2021 1203 2153 1273 quia

573 1290 926 1359 peccavimus
957 1291 1057 1345 tibi
1098 1291 1334 1344 Domino
1365 1291 1477 1345 Deo
1517 1300 1731 1357 nostro,
1761 1308 1828 1346 eo
1861 1293 2010 1362 quod
2041 1310 2154 1350 non

2260 576 2355 612 σου
2375 575 2390 590 ·
2446 559 2562 613 ἀλλ’
2593 558 2871 629 ἐρχόμεθα
2902 558 3137 620 ἕκαστος
3184 560 3248 611 ἐκ
3277 557 3512 623 διανοίας
3537 561 3674 631 ἡμῶν
3699 567 3773 639 τῆς

2258 651 2503 721 πονηρᾶς
2550 652 2775 720 ποιῆσαι
2824 648 2894 703 τὰ
2936 648 3155 720 πονηρὲ
3208 651 3328 705 κατ’
3373 649 3647 723 ὀφθαλμῶν
3682 675 3773 724 σου,

2256 742 2455 816 Κύριε.

2327 926 2438 980 Καὶ
2472 925 2584 981 ίδοὺ
2616 925 2684 978 τὰ
2712 927 2841 993 ἅγια
2871 926 2902 994 ἡ
2914 925 3032 995 μῶν
3059 924 3264 996 ἔρημα,
3298 926 3397 979 καὶ
3426 926 3459 995 ἠ
3486 924 3630 989 πόλις
3654 930 3779 999 πυρί.

2256 1034 2491 1082 καυστος
2514 1059 2529 1083 ,
2585 1019 2681 1071 καὶ
2728 1019 2757 1071 ὁ
2802 1016 2931 1079 λαὸς
2976 1016 3354 1086 αίχμάλωτος.
3400 1018 3491 1070 καὶ
3524 1018 3778 1088 ἐγενόμεθα

2257 1109 2336 1171 είς
2385 1107 2691 1179 ὀνειδισμδν
2710 1149 2724 1173 ,
2784 1106 2881 1161 καὶ
2928 1106 3010 1169 είς
3044 1108 3247 1160 άσατον
3278 1109 3393 1170 τοῖς
3423 1106 3601 1177 κύκλῳ
3627 1109 3777 1178 ἡμῶν⁵

2256 1202 2350 1254 καὶ
2376 1201 2713 1271 ἐγενήθημεν
2736 1199 2840 1252 ὑπὸ
2865 1200 3042 1258 κάτω.
3081 1201 3173 1252 καὶ⁵
3198 1201 3298 1254 οὐκ
3321 1200 3525 1265 ἐπάνω,
3549 1201 3624 1253 ὄτι
3642 1202 3780 1272 ἡμάρ-

2254 1292 2423 1361 τομεν
2453 1310 2557 1350 σοι.
2591 1293 2784 1364 Κυρίῳ
2810 1293 2888 1365 τῷ
2914 1293 3036 1365 Θεῷ
3061 1293 3244 1366 ἡμῶν,
3270 1292 3410 1364 πρὸς
3431 1292 3492 1346 τὸ
3518 1290 3589 1363 μὴ
3607 1293 3780 1347 ἀκούειν

570 1379 884 1436 audivimus
923 1395 1113 1436 vocem
1163 1390 1337 1438 tuam.
1382 1380 1465 1437 Oh
1503 1383 1609 1439 hoc
1632 1384 1893 1454 expulisti
1938 1401 2061 1448 nos,
2098 1397 2154 1443 et

2261 1383 2356 1454 τῆς
2402 1383 2586 1454 φωνῆς
2623 1402 2738 1438 σου.
2788 1385 2887 1438 Διὰ
2914 1386 3073 1439 τοῦτο
3101 1384 3315 1441 άπώσιιῑ
3334 1385 3501 1456 ἡμᾶς,
3531 1386 3618 1438 καὶ⁸
3639 1386 3779 1440 καθεῖ-

571 1474 924 1529 commovisti
958 1483 1162 1530 terram
1214 1482 1272 1529 et
1315 1475 1662 1531 conturbasti
1703 1492 1849 1531 eam:
1878 1476 2153 1533 Ceterum

2261 1475 2344 1540 λες
2374 1477 2540 1545 ἡμᾶς,
2576 1478 2672 1531 καὶ
2705 1477 3020 1542 συνέσεισας
3048 1478 3148 1548 τὴν
3170 1479 3305 1549 γῆν,
3346 1477 3447 1530 καὶ
3470 1477 3783 1547 συνετάραξας

572 1574 628 1619 tu
655 1565 988 1637 longanimis
1014 1583 1139 1623 cum
1158 1567 1236 1623 sis
1254 1577 1310 1624 et
1335 1569 1575 1639 copiosae
1598 1569 1994 1626 misericordiae
2023 1586 2153 1627 sana

2261 1569 2449 1642 αὑτήν.
2496 1568 2637 1623 Ἀλλ’
2682 1569 2759 1634 ὡς
2812 1570 3170 1641 μακρόθυμος
3214 1571 3311 1624 καὶ
3344 1569 3635 1633 πολυὲλεος,
3668 1572 3785 1624 ίασαι

568 1658 940 1714 contritiones
977 1660 1119 1731 ejus,
1151 1661 1284 1730 quia
1313 1670 1589 1716 commota
1633 1672 1723 1717 est
1768 1663 2153 1720 vehementer.

2261 1662 2324 1716 τὰ
2351 1662 2742 1736 συντρίμματα
2764 1665 2957 1735 αὐτῆς,
2990 1665 3075 1718 ὅτι
3104 1663 3374 1733 ἐσαλεύθη
3406 1663 3617 1732 σφόδρα.
3632 1662 3685 1716 '0
3706 1665 3788 1734 γὰρ

568 1748 815 1820 Populus
857 1753 1007 1808 enim
1053 1762 1184 1809 tuus
1220 1762 1486 1825 expertus
1524 1767 1611 1810 est
1646 1755 1808 1822 dura,
1839 1772 2009 1827 super
2040 1773 2152 1829 quo

2261 1754 2389 1817 λαός
2436 1773 2528 1808 σου
2577 1756 2690 1808 ίδεν
2725 1756 2941 1826 σκληρά
2962 1799 2975 1823 ,
3029 1748 3091 1809 οὗ
3139 1756 3201 1809 τὸ
3233 1756 3533 1839 δνομάὶσου
3562 1753 3617 1809 τὸ
3644 1756 3789 1807 καινὸν

565 1814 775 1898 frustra
808 1844 1127 1900 invocatum
1173 1855 1260 1901 est
1292 1814 1496 1902 nomen
1537 1857 1715 1903 tuum.
1751 1814 1970 1920 Impleti
2023 1814 2153 1905 sunt

2261 1814 2623 1917 ἐπικέκληται
2659 1848 2747 1898 ἐπ’
2774 1814 2974 1902 αὐτόνί
3018 1814 3458 1919 Ἐπληρὼθησαν
3484 1847 3585 1917 γάρ
3609 1848 3649 1898 oi
3671 1846 3789 1912 λόγοι

566 1948 860 1991 sermones
914 1938 1314 2008 pr0phctarum
1380 1947 1604 1994 tuorum
1662 1956 1833 2011 super
1875 1957 1995 2007 nos,
2021 1943 2153 2013 quia

573 2046 591 2075 ι
635 2027 922 2085 Venerunt
950 2040 1144 2102 gentes
1180 2032 1235 2087 in
1266 2033 1653 2093 hereditatem
1709 2043 1881 2101 tuam,
1926 2044 1982 2090 et
2028 2036 2152 2107 pol-

566 2119 794 2183 luerunt
841 2123 1107 2193 templum
1147 2132 1302 2179 tuum
1349 2121 1419 2190 ⁸⁵,
1466 2143 1484 2176 ι
1545 2124 1600 2179 in
1654 2141 1767 2195 quo
1823 2126 2151 2198 mysterium

569 2207 874 2277 perfectum
899 2219 984 2267 est
1018 2213 1452 2283 dispensationis
1488 2215 1769 2287 Unigeniti
1795 2217 1899 2283 tui,
1927 2226 1984 2273 et
2020 2233 2150 2274 san-

566 2302 843 2357 ctuarium
875 2312 1030 2359 tuum
1067 2306 1178 2377 igni
1229 2308 1682 2375 succenderunt;
1719 2311 1853 2380 quin
1888 2321 1968 2375 et,
2003 2330 2021 2363 ι
2060 2310 2153 2368 Je-

569 2393 806 2448 rusalem
855 2408 1165 2465 posuerunt
1222 2400 1279 2454 in
1327 2415 1618 2470 pomorum
1670 2403 1979 2459 custodiam
2022 2405 2090 2460 “.
2127 2425 2146 2458 ι

567 2483 858 2540 Mnrticina
895 2502 1186 2543 servorum
1234 2499 1456 2546 tuorum
1489 2492 1543 2547 in
1577 2494 1764 2550 medio
1798 2496 1957 2567 juxta
1994 2513 2060 2552 ac
2094 2498 2148 2553 in

567 2573 804 2630 circuitu
834 2575 1140 2633 Jerusalem
1168 2580 1370 2648 passim
1400 2580 1631 2653 disiecta
1667 2595 1821 2649 sunt,
1847 2605 1866 2636 ι
1886 2587 2003 2642 Nec
2032 2592 2153 2641 erat

566 2666 661 2743 qui
688 2667 950 2736 sepeliret
978 2667 1025 2701 ³⁷
1058 2690 1077 2722 ι
1111 2669 1518 2740 Fortitudinem
1541 2684 1811 2741 nostram,
1851 2692 2151 2733 ornamen-

570 2765 686 2811 tum
721 2773 786 2812 ae
806 2758 1011 2819 decus:
1036 2762 1229 2817 salutis
1256 2764 1480 2835 inquam
1514 2777 1720 2822 nostrae
1748 2784 1925 2838 spem,
1950 2786 2149 2841 nempe

568 2861 789 2903 crucem
854 2849 1101 2918 Christi,
1139 2856 1414 2911 tradidisti
1469 2856 1595 2912 ﬁdei
1650 2858 1991 2916 adversariis
2045 2862 2146 2935 (l).

571 2937 722 2993 Facti
756 2956 951 2998 sumus
1012 2947 1377 3015 opprobrium
1429 2957 1539 3003 tam
1591 2950 1794 3006 vicinis
1838 2968 2003 3021 quam
2052 2954 2147 3023 qui

569 3029 893 3100 longissime
922 3032 1103 3090 dissiti
1146 3040 1295 3103 sunt,
1320 3039 1680 3097 subsannalio
1709 3051 1764 3097 et
1801 3042 2004 3099 derisio
2033 3060 2151 3100 om-

572 3121 740 3176 nibus
770 3125 1050 3194 gentibus.
1094 3130 1353 3185 Avertisti
1381 3132 1531 3187 enim
1567 3149 1669 3188 nos
1697 3141 1999 3190 retrorsum
2026 3145 2152 3207 post

2257 1936 2370 2004 τῶν
2421 1936 2719 2008 προφητῶν
2766 1953 2859 1991 σου
2910 1937 2996 2004 ἐφ’
3025 1937 3212 2008 ἡμᾶς,
3249 1938 3338 1990 ὅτι
3379 1935 3667 1988 «Ἦλθοσαν
3691 1935 3790 2005 ἔθνη

2258 2030 2339 2092 εἰς
2368 2027 2464 2099 τὴν
2494 2028 2862 2099 κληρονομίαν
2890 2046 2984 2082 σου
3005 2068 3019 2091 ,
3069 2030 3165 2084 καὶ
3193 2028 3435 2099 ἐμίαναν
3464 2027 3551 2081 τὸν
3576 2028 3691 2081 ναὸν
3717 2025 3787 2081 τον

2259 2119 2415 2189 ἅγιόν
2449 2137 2568 2183 σου,
2602 2140 2620 2173 ι
2658 2122 2718 2174 ἐν
2744 2113 2790 2188 ᾧ
2819 2120 2881 2174 τὸ
2909 2121 3009 2191 τῆς
3038 2120 3363 2190 οἰκονομίας
3392 2118 3488 2173 τοῦ
3522 2118 3792 2189 μονογενοῦς

2261 2227 2355 2264 σου
2393 2209 2518 2263 Υἱοῠ
2552 2210 3008 2282 ἐτελεσιουργήθη
3044 2213 3372 2282 μυστήριον,
3410 2212 3505 2265 καὶ
3535 2211 3793 2281 ἐνέπρησαν

2260 2308 2393 2379 πυρὶ
2423 2308 2483 2361 τὸ
2511 2308 2873 2378 άγιαστήριὸν
2898 2324 2992 2360 σου
3017 2347 3032 2368 ,
3071 2327 3091 2359 ‹
3129 2308 3242 2361 Καὶ
3270 2307 3464 2360 ἔθεντο
3493 2305 3792 2375 Ἰερουσαλὴμ

2260 2400 2338 2461 ὡς
2366 2399 2840 2473 ὀπωροφυλάκιον,
2872 2418 2890 2450 ι
2951 2400 3045 2452 καὶ
3078 2398 3147 2452 τά
3176 2399 3489 2469 θνησιμαῖα
3514 2398 3616 2451 τῶν
3635 2397 3794 2451 δούλων

2259 2512 2354 2549 σου
2372 2536 2390 2563 ,
2422 2496 2480 2548 ἐν
2514 2495 2664 2565 μέσῳ
2694 2495 2786 2548 καὶ
2813 2493 3000 2563 κύκλῳ
3032 2491 3399 2561 Ἰερουσαλήμ
3421 2506 3435 2520 ·
3498 2508 3516 2541 ι
3543 2487 3647 2541 Καὶ
3670 2487 3695 2539 ὀ
3719 2486 3796 2541 θά-

2259 2603 2412 2640 πτων
2442 2586 2545 2640 οὐκ
2570 2581 2661 2656 ἦν.
2688 2605 2708 2639 ι
2749 2584 2861 2640 Καὶ
2893 2584 2993 2654 τὴν
3026 2584 3181 2653 ἰσχὺν
3211 2582 3408 2652 ἡμῶν,
3441 2581 3534 2634 καὶ
3560 2578 3796 2648 καλλονὴν.

2257 2677 2352 2731 καὶ
2382 2676 2447 2730 τὸ
2474 2678 2748 2746 σωτήριον
2775 2675 2938 2745 ἡμῶν
2968 2674 3060 2728 τὸν
3088 2673 3333 2742 σταυρὸν
3360 2670 3460 2725 τοῦ
3487 2669 3704 2743 Χριστοῦ
3730 2685 3797 2724 σω

2257 2769 2588 2839 παρέδωκας
2618 2771 2733 2831 τοῖς
2761 2766 3128 2829 ὑπεναντίοις,
3155 2764 3253 2819 καὶ
3276 2762 3619 2834 ἐγενήθημεν
3639 2762 3800 2823 δνειδος

2257 2861 2369 2922 τοῖς
2405 2859 2642 2926 γείτοσιν
2676 2855 2835 2928 ἡμῶν
2858 2897 2873 2920 ,
2926 2857 3023 2911 καὶ
3068 2857 3181 2918 τοῖς
3214 2855 3443 2925 μακρὰν
3471 2850 3800 2924 μυκτηρισμδς

2257 2951 2353 3005 καὶ
2403 2950 2715 3020 χλευασμὸς
2769 2950 2907 3002 πᾶσι
2953 2951 3067 3012 τοῖς
3111 2946 3333 3009 ἔθνεσι,
3387 2944 3470 2998 ὅτι
3502 2942 3802 3011 άπέστρεψας

2257 3044 2406 3114 ἡμᾶς
2455 3043 2536 3106 είς
2576 3042 2644 3096 τὰ
2677 3041 2860 3095 ὀπίσω
2895 3039 3046 3111 παρᾶ
3078 3039 3206 3102 τοὺς
3235 3035 3476 3108 ἐχθροὺς
3501 3036 3668 3104 ἡμῶν.
3716 3031 3801 3087 Καὶ

2254 3134 2306 3186 oi
2344 3131 2629 3202 μισοῦντες
2661 3132 2809 3202 ἡμᾶς
2841 3129 3141 3201 διήρπαζον
3171 3129 3414 3190 ἑαυτοῖς.
3470 3126 3698 3187 Ἐδωκας
3719 3124 3801 3192 γὰρ

572 3212 828 3271 inimicos
862 3226 1105 3286 nostros,
1162 3228 1218 3276 et
1245 3223 1340 3292 qui
1371 3223 1611 3279 oderunt
1652 3241 1752 3282 nos
1773 3269 1786 3291 ,
1817 3226 2154 3298 diripiebant

2267 3226 2418 3296 ἡμᾶς
2474 3222 2552 3288 ὡς
2605 3222 2856 3295 πρόϐατα
2909 3221 3188 3293 βρώσεως,
3223 3218 3323 3273 καὶ
3381 3219 3441 3270 ἐν
3485 3218 3595 3280 τοῖς
3635 3215 3801 3268 ἔθνεσιν

542 3332 545 3335 ι
571 3305 931 3363 sibi.Deilisti
967 3325 1069 3364 nos
1106 3319 1365 3382 tanquam
1397 3330 1529 3369 oves
1557 3314 1625 3369 ad
1647 3331 1828 3372 escam
1859 3319 2155 3389 expositas,

571 3407 629 3453 et
654 3400 798 3454 inter
831 3408 1025 3472 gentes
1049 3401 1362 3474 dispersisti
1390 3421 1513 3462 nos.
1544 3405 1856 3464 Vendidisti
1891 3411 2155 3482 populum

576 3500 731 3546 tuum
767 3492 889 3547 sine
923 3494 1125 3564 pretio,
1157 3504 1215 3551 et
1259 3510 1370 3551 non
1402 3505 1523 3553 erat
1568 3500 1869 3556 multitudo
1907 3502 1964 3557 in
2003 3518 2160 3559 com-

574 3584 979 3641 mutationibus
1016 3587 1238 3643 nostris.
1273 3587 1576 3645 Tradidisti
1606 3607 1707 3648 nos
1739 3592 1792 3646 in
1824 3609 2019 3649 manus
2048 3594 2159 3649 ini-

576 3675 849 3731 micorum
880 3677 1158 3749 exlegum,
1188 3694 1254 3736 ac
1283 3683 1397 3752 regi
1425 3681 1640 3753 iniquo,
1674 3685 2035 3757 omniumque
2059 3688 2155 3758 qui

578 3783 678 3837 per
707 3769 1028 3824 universam
1062 3779 1264 3826 terram
1312 3771 1643 3842 gradiuntur
1675 3768 1838 3847 longe
1872 3777 2157 3848 malignis-

576 3860 716 3913 simo
744 3858 1002 3915 addixisti
1052 3876 1176 3916 nos.
1236 3862 1316 3917 Ne
1367 3863 1448 3919 sic
1481 3863 1704 3934 quidem
1746 3866 2023 3923 universis
2055 3867 2155 3924 ila-

575 3951 731 4019 gellis
766 3951 881 4007 tuis
919 3952 1098 4006 attriti
1138 3952 1481 4039 indoluimus
1528 3973 1542 4009 :
1584 3956 1723 4013 adeo
1761 3972 1954 4015 sensus
1977 3960 2154 4015 nostri

575 4039 744 4094 nimia
768 4040 1123 4097 contentione
1152 4057 1219 4097 ac
1244 4043 1428 4098 studio
1462 4043 1519 4100 in
1560 4047 1767 4101 malum
1796 4048 2155 4117 propendent

573 4130 820 4201 abusque
851 4131 1112 4202 pueritia.
1143 4132 1253 4188 Sed
1282 4141 1340 4189 et
1368 4134 1644 4191 ad.annos
1667 4138 1917 4207 provecti
1941 4137 2152 4205 viriles,

576 4223 630 4276 in
676 4222 993 4295 hujusmodi
1037 4224 1190 4280 vitiis
1231 4227 1398 4282 solito
1432 4228 1672 4298 amplius
1707 4229 2152 4286 occallescimus.

2260 3317 2582 3388 διέσπειρας
2605 3317 2776 3386 ἡμᾶς,
2795 3317 2888 3369 καὶ
2911 3314 3112 3370 ἀπέδου
3136 3315 3228 3368 τὸν
3249 3312 3387 3366 λαόν
3404 3328 3499 3365 σου
3515 3310 3638 3364 άνευ
3652 3306 3800 3377 τιμῆς,

2261 3410 2357 3464 καὶ
2384 3410 2484 3463 οὐκ
2506 3406 2574 3481 ἦν
2606 3408 2815 3480 πλῆθος
2844 3409 2904 3462 ἐν
2932 3410 3046 3473 τοῖς
3073 3405 3472 3474 άλαλάγμασιν
3496 3400 3665 3474 ήμῶν.
3689 3400 3803 3468 Παρ-

2264 3502 2472 3565 ἑδωκας
2517 3501 2630 3573 γὰρ
2679 3502 2828 3572 ἡμᾶς
2881 3502 2964 3564 είς
3004 3500 3201 3570 χεῖρας
3234 3495 3451 3568 ἐχθρῶν
3480 3493 3704 3563 ἀνόμων,
3732 3490 3804 3543 καὶ

2268 3593 2480 3666 βασιλεί
2503 3592 2673 3664 ἀδίκῳ
2703 3594 2799 3646 καὶ
2826 3590 3185 3663 πονηροτάτῳ
3212 3588 3370 3659 παρὰ
3399 3588 3580 3641 πᾶσαν
3597 3584 3689 3651 τὴν
3707 3580 3802 3651 γῆν·

2263 3688 2361 3741 καὶ
2410 3687 2467 3738 ἐν
2514 3684 2718 3749 πάσαις
2765 3685 2884 3747 ταῖς
2930 3680 3182 3753 μάστιξιν
3227 3680 3462 3744 ταύταις
3519 3677 3614 3731 οὐκ
3660 3669 3801 3726 ἐπανέ-

2265 3792 2467 3847 σαμεν,
2513 3774 2650 3828 διότι
2700 3772 2978 3843 ἐπιμελῶς
3007 3771 3239 3839 ἔγγυται
3272 3770 3305 3838 ἡ
3335 3769 3547 3822 διάνοια
3572 3762 3714 3834 ἡμῶν
3738 3758 3806 3813 ἐπὶ

2262 3865 2331 3920 τὰ
2364 3865 2605 3936 πονηρά,
2658 3866 2725 3918 ἐκ
2755 3863 3007 3933 νεότητος
3038 3861 3199 3932 ἡμῶν
3222 3876 3238 3891 ο
3303 3860 3408 3914 καὶ
3456 3855 3712 3928 περισσῶς
3738 3850 3805 3903 ἐπὶ

2261 3960 2374 4021 τοῖς
2405 3959 2597 4019 κακοῖς
2641 3954 3026 4028 ἀνδριούμεθα.
3062 3955 3275 4016 Ὄντως
3303 3952 3516 4013 δίκαιος
3539 3944 3616 4011 εί,
3646 3943 3803 4015 Κύριε,

2263 4049 2358 4103 ἐπὶ
2406 4049 2574 4102 πᾶσιν
2621 4042 2705 4112 οἷς
2748 4046 3014 4118 ἐποίησας
3056 4048 3209 4117 ἡμῖν.
3275 4043 3518 4113 Οἴδαμεν
3563 4038 3688 4107 γὰρ,
3739 4035 3799 4088 ὅτι

2263 4141 2321 4195 αἱ
2368 4140 2634 4213 ἁμαρτίαι
2673 4138 2832 4212 ήμῶν
2877 4138 3215 4210 ἀντέστησαν
3254 4138 3427 4207 ἡμῖν,
3460 4136 3545 4188 ὅτι
3575 4126 3743 4184 πολλαὶ
3766 4125 3805 4176 αἱ

2263 4231 2480 4303 ἀνομίαι
2510 4230 2669 4304 ἡμῶν
2703 4231 2908 4303 σφόδρα
2935 4229 3177 4284 ἐναντίον
3202 4245 3316 4286 σου,
3347 4226 3544 4295 Κύριε.

573 4317 810 4372 Prorsus
839 4315 1093 4382 Domine,
1129 4318 1315 4388 justus
1354 4320 1461 4384 tu,
1489 4318 1544 4373 in
1579 4319 1842 4374 omnibus
1887 4335 2011 4390 quae
2049 4320 2231 4378 fecisti
2271 4322 2467 4389 nobis;
2502 4335 2654 4378 nunc
2700 4312 2922 4377 demum
2963 4316 3199 4384 scimus,
3237 4317 3370 4388 quia
3406 4322 3627 4387 peccata
3659 4318 3804 4366 nostra

576 4416 691 4484 ipsa
725 4415 1051 4472 restiterunt
1080 4417 1239 4471 nobis
1274 4433 1290 4470 :
1326 4423 1552 4485 peccata
1581 4415 1730 4470 enim
1760 4426 1948 4471 nostra
1972 4416 2138 4473 nimis
2175 4434 2342 4489 quam
2372 4417 2546 4473 multa
2576 4417 2939 4473 increverunt
2963 4417 3020 4469 in
3044 4421 3346 4483 conspectu
3377 4422 3499 4474 tuo,
3528 4407 3752 4463 Domine.

645 4504 753 4560 Sed
776 4507 1157 4563 misericordia
1180 4515 1295 4571 tua,
1311 4506 1566 4572 Domine,
1582 4506 1853 4577 anticipet
1882 4516 2008 4573 nos,
2030 4510 2191 4579 quia.

572 4606 629 4651 tu
655 4597 709 4651 in
742 4598 923 4664 nobis,
946 4599 1200 4665 Domine,
1220 4608 1278 4654 et
1303 4615 1508 4654 nomen
1532 4609 1689 4655 tuum
1713 4609 1965 4656 sanctum
1998 4602 2160 4657 invo-

572 4701 756 4746 catum
786 4694 871 4747 est
898 4708 1068 4763 super
1098 4708 1219 4749 nos.
1245 4691 1504 4761 Quiescat
1533 4693 1808 4767 (obsecro)
1832 4694 1912 4749 ira
1940 4694 2147 4751 furoris

575 4783 674 4847 tui,
706 4792 763 4838 et
801 4798 872 4839 ne
903 4783 1218 4839 confundas
1241 4799 1346 4840 nos
1368 4776 1428 4839 in
1458 4783 1648 4852 tinem,
1675 4796 1859 4854 neque
1882 4784 2159 4840 memine-

574 4877 650 4931 ris
687 4875 1045 4946 iniquitatum
1093 4887 1412 4933 nostrarum
1460 4877 1836 4948 antiquarum,
1877 4892 1963 4942 ac,
2016 4893 2087 4934 ne
2130 4894 2162 4933 a

574 4967 736 5024 nobis
774 4968 999 5038 quidem
1047 4985 1245 5026 recens
1284 4971 1729 5037 commissarum,
1760 4985 1872 5025 neu
1904 4970 2164 5042 indignos

574 5077 674 5116 nos
724 5061 1056 5130 pronunties
1104 5063 1219 5118 tuis
1269 5060 1726 5119 miserationibus
1762 5079 1776 5116 :
1806 5062 1941 5133 quin
1971 5063 2157 5133 potius

577 5158 955 5224 reminiscere,
996 5157 1125 5227 quia
1154 5156 1289 5212 tanti
1318 5171 1421 5212 nos
1444 5155 1741 5212 aestimavit
1768 5162 1863 5211 tua
1895 5156 2152 5228 1)οηίεηί-

578 5258 680 5314 las,
718 5266 858 5319 quos
881 5249 1132 5320 pretioso
1160 5257 1256 5304 tuo
1281 5249 1552 5321 sanguine
1592 5250 1922 5306 redimercs.
1949 5251 2125 5307 Pecca

578 5339 780 5405 vimus,
830 5341 1051 5411 placare
1112 5340 1347 5396 Domine
1402 5359 1415 5396 :
1464 5342 1653 5411 inique
1711 5343 2032 5413 gessimus:
2067 5351 2160 5399 tua

577 5429 719 5483 Here
739 5428 1017 5485 condonet
1048 5429 1425 5502 indulgentia;
1457 5430 1814 5498 offendimus,
1842 5434 2164 5489 conciliator

578 5520 1022 5575 sancteJllustra
1055 5521 1247 5577 faciem
1274 5530 1446 5586 tuam,
1479 5522 1732 5590 Domine,
1766 5538 1939 5593 super
1968 5540 2162 5581 servos

650 5630 697 5663 "
724 5633 867 5690 Psal.
903 5651 1119 5702 Lxxvm,
1155 5638 1202 5690 Ι.
1279 5636 1325 5670 ⁸⁸
1360 5637 1496 5693 ibid.
1574 5637 1618 5671 "’
1650 5637 1852 5695 ihid.3.

2352 4509 2496 4564 Ἀλλ’
2543 4510 2575 4580 ἡ
2624 4505 2969 4580 ἐλεημοσύνη
3018 4522 3142 4568 σου,
3197 4503 3405 4574 Κύριε,
3461 4498 3704 4569 φθασάτω
3742 4493 3804 4558 ἐρ’

2265 4605 2450 4676 ἡμᾶς,
2511 4604 2593 4657 ὅτι
2647 4601 2713 4656 σὺ
2762 4603 2819 4653 ἐν
2860 4601 3015 4671 ἡμῖν,
3050 4597 3261 4669 Κύριε,
3313 4596 3416 4648 καὶ
3460 4593 3525 4646 τὸ
3554 4587 3710 4659 δνομά
3734 4602 3804 4676 σου

2263 4675 2326 4747 τὸ
2360 4693 2515 4763 ἅγιον
2559 4692 2922 4763 ἐπικέκληται
2956 4691 3042 4760 ἐφ’
3072 4689 3245 4759 ἡμᾶς.
3296 4685 3559 4739 Κόπασον
3587 4682 3648 4734 δι’
3673 4675 3803 4749 ὀργὴν

2266 4783 2440 4858 θυμοῦ
2494 4802 2627 4852 σου,
2681 4784 2778 4839 καὶ
2836 4783 2912 4856 μὴ
2960 4778 3334 4850 καταισχύνῃς
3366 4777 3522 4848 ἡμᾶς
3566 4776 3645 4838 εἰς
3666 4768 3800 4829 τέλος.

2270 4868 2407 4951 μηδὲ
2437 4878 2684 4950 μνησθῇς
2707 4876 2868 4948 ἡμῶν
2893 4872 3138 4945 ἀνομιῶν
3158 4868 3591 4964 ἀρχαίωνζμηδέ
3611 4860 3802 4964 προσῗάο

2265 4988 2395 5037 των,
2428 4969 2848 5042 μηδὲάναξίους
2872 4968 3067 5040 κρίνῃς
3088 4966 3239 5037 ἡμᾶς
3259 4963 3374 5017 τῶν
3397 4960 3796 5042 σῶνΩῖκτιρμΨ

2263 5061 2397 5118 ἀλλά
2430 5040 2751 5134 -μνήσθητιν
2813 5061 2896 5114 ὅτι
2941 5057 3018 5130 τῷ
3061 5056 3226 5128 τιμίῳ
3274 5053 3473 5125 αἵματι
3522 5067 3612 5106 σου
3650 5040 3799 5134 ὲξητίο

2267 5133 2638 5226 ρασαςίὴμᾶς.
2664 5150 3055 5224 Ἦμάρτομὰ,
3093 5147 3364 5218 ίλάσθητι,
3397 5144 3599 5215 Κύριε·
3637 5133 3800 5208 ὴνομῆ·

2265 5263 2480 5317 σαμεν.
2540 5243 2937 5318 συγχώρησον,
2989 5242 3279 5297 Δέσποταο
3342 5231 3798 5318 προσικρούσαμεν.

2257 5316 2604 5411 διαλλάγηθι,
2635 5316 2782 5407 ἆγιε,
2817 5337 2912 5391 καὶ
2932 5335 3222 5406 ἐπίφανον,
3248 5330 3443 5401 Κύριε,
3474 5327 3533 5381 τδ
3557 5316 3801 5411 πρόσωπίν

2272 5449 2366 5487 σου
2419 5407 2521 5486 ἐπὶ.
2562 5433 2686 5495 τοὺς
2736 5430 2795 5482 ἐν
2840 5428 3113 5497 ἀπαγωγῇ
3160 5423 3384 5487 δούλους
3427 5436 3519 5473 σου
3544 5458 3558 5480 ,
3608 5412 3705 5506 καὶ-

2266 5524 2418 5598 παρᾶ
2445 5524 2539 5578 σοῦ
2574 5522 2827 5596 βοήθειαν
2857 5518 3261 5586 ἐξαπέστειλον,
3289 5513 3500 5577 δυνατὲ,
3548 5506 3634 5565 καὶ
3655 5500 3801 5571 ἐξελοῦ

2104 5705 2335 5764 NOTAE.

659 5797 733 5863 (I)
766 5797 1097 5853 Antiochum
1136 5799 1337 5855 vixisse
1366 5800 1468 5856 sub
1502 5801 1757 5856 lleraclio
1781 5809 1835 5857 et
1866 5799 2135 5865 Cosdroa,
2165 5800 2249 5855 vel
2292 5799 2421 5853 hinc
2454 5796 2615 5852 liceat
2653 5795 2931 5867 colligere.
