4042 6446
333 355 477 422 1853

326 478 425 524 τὸν
454 473 582 525 λαόν
614 489 709 527 σου
745 474 809 528 ὲκ
843 474 1021 547 πάσης
1051 478 1425 549 ταλαιπωρίας

328 565 445 618 ἀπὸ
487 567 673 634 πάσης
709 569 1079 638 παρανομίας,
1114 572 1205 624 καὶ
1235 572 1298 625 ὲκ
1322 573 1505 644 χειρὸς
1534 572 1914 643 παρανομούν-

329 673 480 722 των,
535 658 632 711 καὶ
676 656 1065 722 διασκέδασον,
1114 661 1392 728 Δέσποτα,
1437 665 1616 718 πάντα
1647 663 1914 725 κίνδυνον,

326 749 425 803 διὰ
454 747 555 819 τὴν
584 750 951 823 σύσπλαχνξαν
982 770 1074 806 σου
1092 793 1108 816 ,
1144 754 1240 807 καὶ
1272 753 1348 826 μὴ
1373 756 1453 818 είς
1474 754 1628 818 τέλος
1658 753 1919 825 παραδῷς

328 841 437 911 τὴν
469 842 838 914 κληρονομίαν
867 862 964 899 σου
998 848 1079 909 είς
1103 846 1404 914 ἀπώλειαν,
1439 847 1529 900 διά
1559 848 1659 911 τὰς
1688 846 1921 918 ἀνομίας

330 933 528 1003 ἡμῶν,
578 934 714 989 ἀλλὰ
759 937 897 1007 ταχῦ
944 938 1510 1008 προκαταλαὸἐτωσαν
1555 941 1705 1011 ἡμᾶς
1750 941 1800 993 οἱ
1838 941 1920 995 οῖ-

331 1025 558 1096 κτιρμοί
605 1042 730 1094 σου,
780 1027 974 1099 Κύριε,
1005 1030 1034 1082 ὁ
1056 1028 1187 1093 Θεὸς
1214 1031 1406 1101 ἡμῶν,
1454 1031 1537 1085 ὅτι
1569 1030 1639 1085 τὰ
1669 1030 1793 1102 ὲλέη
1828 1047 1921 1084 σου

331 1114 436 1167 ἀπ’
469 1114 668 1179 αίῶνος
721 1118 812 1170 ἐπὶ
858 1119 958 1187 τὴν
1006 1118 1186 1173 κτίσιν
1227 1136 1345 1173 σου.
1388 1120 1498 1173 Καὶ
1533 1121 1596 1174 σὺ
1628 1119 1923 1189 καταφυγὴ

335 1206 562 1260 πάντων
588 1208 744 1277 ἡμῶν
774 1209 1071 1280 ἐγενήθης,
1126 1212 1221 1264 καὶ
1268 1213 1513 1282 σωτηρία
1540 1212 1649 1264 τῶν
1678 1211 1924 1276 ἐλπιζόν-

337 1322 451 1357 των
487 1304 579 1357 ἐπὶ
609 1304 688 1358 σέ.
742 1303 904 1357 Γενοῦ
937 1306 1088 1373 ἡμῖν,
1123 1303 1327 1373 Κύριε,
1362 1304 1573 1374 πύργος
1605 1302 1787 1373 ἰσχύος
1817 1302 1926 1356 ἀπὸ

343 1395 642 1464 προσώπου
691 1394 801 1448 τῶν
839 1396 1048 1466 ἐχθρῶν
1086 1396 1280 1467 ήμῶν,
1330 1396 1426 1449 καὶ
1460 1395 1534 1465 μὴ
1562 1398 1927 1465 συγχωρήσῃς

338 1487 645 1543 ἀπολέσθαι
677 1489 757 1549 εἰς
788 1491 975 1558 χεῖρας
1008 1487 1115 1540 τῶν
1148 1489 1223 1558 μὴ
1252 1488 1471 1542 εἰδότων
1498 1505 1581 1552 σε,
1608 1488 1785 1558 ψυχὰς
1841 1484 1928 1552 ἒξ-

338 1579 802 1648 ομολογουμένων
836 1597 938 1632 σοι.
964 1578 1054 1648 Μὴ
1085 1578 1371 1652 καταδέξῃ.
1397 1579 1592 1648 Κύριε,
1625 1576 1928 1648 ἀτιμασθῆ-

340 1688 438 1723 ναι
482 1671 580 1739 τὴν
623 1669 991 1742 κληρονομίαν
1015 1688 1112 1723 σου
1146 1670 1237 1723 ὑπ’
1266 1670 1452 1733 ἔθνους
1477 1669 1752 1733 άναιδοῦς,
1793 1666 1930 1721 ἀλλὰ

1678 364 2285 436 EXOMOLOGESIS.

3462 368 3595 434 1854

1444 522 1460 547 ,
1510 483 1603 536 καὶ
1634 481 1913 551 λύτρωσον
1943 522 1948 536 .

2047 495 2144 537 uos
2190 485 2285 554 qui
2321 485 2605 558 tyrannica
2657 485 3019 557 impressione
3059 492 3392 555 premuntur
3428 484 3603 538 inele-

2014 586 2265 644 menter;
2313 577 2528 651 1249
2556 593 2698 648 eque
2726 576 2866 635 solio
2897 577 3122 632 sublimi
3172 586 3268 631 tuo
3304 575 3493 630 emitte
3518 578 3605 629 eis

2016 677 2073 724 et
2113 685 2348 741 suggere
2380 670 2670 733 auxilium,
2702 687 2737 726 ο
2778 679 2996 740 potens,
3028 669 3292 738 pepulum
3331 677 3490 722 tuum
3529 666 3603 722 ab

2016 762 2166 816 omni
2199 762 2534 830 calamitate,
2589 763 2678 819 cui
2709 762 2913 818 misere
2964 761 3298 823 succumbit,
3333 759 3510 829 eripe,
3545 766 3602 813 et

2018 852 2089 907 ab
2122 853 2272 908 omni
2320 852 2458 923 legis
2491 862 2599 908 tua:
2628 851 3087 923 praevaricatione
3126 848 3410 911 redimite,
3458 858 3515 904 et
3567 864 3634 921 e_

2020 960 2187 1000 manu
2216 946 2705 1015 praevaricatorum
2738 943 2954 999 subduc
2984 943 3127 997 illos.
3157 942 3263 996 Per
3291 949 3399 995 tuae
3421 940 3606 994 visce-

2023 1051 2085 1090 ra
2130 1035 2357 1106 pietatis
2406 1046 2604 1092 excute
2657 1051 2686 1091 a
2735 1035 2919 1099 nobis,
2954 1034 3209 1096 Domine,
3242 1047 3307 1086 ac
3350 1032 3609 1100 disperge

2023 1126 2352 1196 impendens
2380 1142 2545 1181 omne
2591 1126 2718 1181 vitae
2767 1125 3102 1184 discrimen;
3141 1137 3323 1192 neque
3354 1121 3408 1174 in
3441 1120 3609 1174 finem

2025 1228 2173 1273 tuam
2214 1219 2359 1273 hanc
2390 1218 2770 1273 liaareditatem
2818 1216 3114 1271 tradideris
3162 1215 3217 1268 in
3276 1212 3609 1268 internecio-

2025 1327 2175 1375 ncm,
2207 1311 2424 1365 tametsi
2476 1319 2679 1365 nostrae
2720 1308 3041 1378 iniquitates
3076 1306 3128 1360 id
3161 1312 3609 1375 promereanlur.

2025 1401 2169 1468 Quin
2203 1402 2409 1472 potius,
2436 1410 2543 1457 tua:
2590 1416 2693 1456 nos
2730 1400 3037 1469 anticipent
3060 1395 3467 1459 miserationes,
3496 1395 3610 1448 Do-

2025 1495 2199 1559 mine,
2238 1495 2386 1549 Deus
2416 1502 2604 1547 noster
2638 1510 2650 1545 :
2683 1492 2903 1547 Etenim
2938 1506 2969 1544 a
3017 1490 3218 1544 saeculo
3257 1504 3366 1542 non
3398 1486 3609 1539 desinis

2027 1588 2265 1657 copiosa:
2292 1594 2348 1640 et
2375 1584 2735 1640 exuberantis
2766 1581 3162 1639 misericordia:
3199 1588 3307 1634 tuae
3346 1579 3488 1633 dona
3526 1577 3610 1631 ef-

2029 1678 2263 1734 fundere
2312 1678 2368 1731 in
2418 1691 2638 1731 omnem
2685 1682 2996 1729 creaturam
3049 1681 3220 1727 tuam.
3259 1670 3340 1724 Tu
3385 1669 3609 1738 quidem

343 1764 554 1825 κλῖνον,
579 1762 773 1832 Κύριε,
809 1762 870 1815 τὸ
899 1758 992 1825 οὖς
1021 1779 1139 1827 σου,
1171 1761 1267 1815 καὶ
1292 1761 1625 1824 ἐπάκουσον,
1659 1761 1752 1815 καὶ
1778 1759 1928 1814 ἔπιδε

2047 1771 2277 1826 δηιηὶιιητ
2303 1778 2554 1823 nostrum
2594 1767 2866 1837 refugium
2901 1764 3080 1819 factus
3106 1778 3197 1828 es;
3221 1770 3279 1816 et
3309 1761 3364 1815 in
3400 1771 3451 1814 te
3483 1774 3612 1828 spe-

344 1858 408 1922 ὲξ
444 1850 677 1927 οὐρανοῦ
711 1858 869 1925 ἁγίου
899 1874 994 1910 σου
1028 1858 1121 1910 ἐπὶ
1147 1856 1242 1911 τὸν
1256 1857 1577 1931 ⁵ἀφανισμὸν
1604 1857 1795 1928 ἡμῶν,
1835 1858 1932 1910 καὶ

343 1951 451 2019 τῆς
498 1949 708 2013 πόλεώς
754 1966 847 2002 σου
881 1947 1271 2020 Ἰερουσαλὴμ,
1329 1948 1415 2017 ἐφ’
1457 1944 1525 2019 ἦς
1571 1947 1934 2017 ἐπικέκληται

343 2044 414 2097 τὸ
441 2042 613 2115 ὄνομά
642 2060 735 2097 σου
765 2043 851 2096 ἐπ’
880 2044 1074 2114 αὐτῆς,
1102 2044 1197 2096 καὶ
1218 2041 1313 2095 ἐπὶ
1333 2040 1432 2113 τὴν
1461 2041 1791 2112 Ἐκκλησίαν
1816 2057 1931 2102 σου,

344 2136 422 2207 ἢν
465 2135 822 2207 ᾡκοδόμησας
875 2136 967 2189 ἐπὶ
1010 2134 1109 2206 τὴν
1149 2133 1397 2206 πέτραν,
1449 2132 1654 2201 λέγων’
1713 2152 1730 2183 ι
1762 2131 1934 2185 Πύλαι

342 2228 483 2299 ᾅδου
520 2230 580 2281 ού
616 2227 1038 2297 κατισχύσουσιν
1062 2227 1255 2297 αὐτῆς.
1285 2245 1304 2279 ι
1345 2225 1701 2286 Εἰσάκόυσον,
1738 2224 1933 2293 Κύριε,

344 2326 458 2393 τῆς
508 2322 821 2392 προσευχῆς
867 2321 977 2375 τῶν
1021 2319 1222 2374 δούλων
1255 2336 1350 2374 σου
1372 2360 1388 2385 ,
1445 2322 1536 2373 καί
1570 2319 1670 2386 τῆς
1699 2318 1938 2389 δεήσεως

344 2413 519 2484 ἡμῶν
546 2412 802 2467 ἑνώτισαι
827 2453 843 2478 ,
895 2412 990 2467 καὶ
1016 2411 1281 2480 ὲπίφανον
1307 2411 1369 2465 τὸ
1395 2410 1692 2481 πρόσωπόν
1720 2427 1814 2462 σου
1845 2409 1938 2462 ἐπὶ

345 2506 418 2556 τὸ
444 2502 697 2574 άγίασμά
727 2519 842 2567 σου,
880 2503 963 2555 ὅτι
998 2501 1100 2554 οὐκ
1124 2500 1217 2554 ἐπὶ
1241 2500 1360 2563 ταῖς
1383 2498 1759 2558 δικαιοσύναις
1778 2494 1938 2565 ἡμῶν

341 2593 698 2668 Θαρροῦντες
741 2592 1131 2665 προσφέρομεν
1165 2609 1247 2645 σοι
1279 2591 1379 2662 τὴν
1408 2590 1620 2644 ἱκεσίαν
1672 2587 1800 2659 (άιεῖ¹
1830 2586 1938 2654 γὰρ

344 2684 742 2759 παροξύνομεν
774 2702 832 2737 σε
847 2687 887 2749 ),
920 2683 1034 2736 ἀλλ’
1069 2681 1164 2736 ἐπὶ
1191 2682 1316 2745 τοὺς
1338 2678 1657 2749 οἱκτιρμούς
1682 2694 1797 2738 σου.
1827 2674 1939 2729 Κύ-

343 2797 483 2848 ριε,
532 2779 660 2840 τοὺς
710 2775 964 2840 πολλούς.
1020 2773 1378 2836 Εἰσάκουσον,
1416 2771 1621 2842 Κύριε,
1668 2768 1938 2836 ίλάσθητι.

341 2867 571 2937 Κύριε,
622 2866 891 2937 πρόσχες,
943 2867 1131 2932 φεῖσαι
1181 2863 1276 2917 τοῦ
1323 2862 1454 2916 λαοῦ
1485 2878 1616 2923 σου,
1669 2861 1940 2921 Δέσποτα,

349 2978 377 3011 ο
419 2960 533 3015 Καὶ
572 2959 647 3029 μὴ
677 2957 785 3028 δῷς
828 2958 927 3027 τὴν
961 2955 1329 3025 κληρονομίαν
1361 2971 1455 3007 σου
1488 2954 1568 3014 είς
1594 2950 1817 3013 ὄνειδος,
1849 2947 1942 3001 τοῦ

342 3053 674 3123 καταρᾶσαι
704 3050 876 3121 αὐτὴν
902 3049 1054 3116 ἔθνη,
1086 3051 1237 3110 ὅπως
1270 3047 1344 3118 μὴ
1368 3046 1620 3107 εἴπωσιν,
1653 3042 1764 3097 Ποῦ
1793 3045 1944 3095 ἐστιν

2035 1862 2274 1917 rantium
2306 1861 2515 1931 asylum
2544 1859 2803 1913 salutare.
2837 1857 2968 1914 Esto
2996 1856 3180 1919 nobis,
3213 1855 3468 1918 Domine,
3497 1861 3613 1907 tur-

2035 1955 2111 2010 ris
2142 1954 2483 2009 fortitudinis
2514 1968 2542 2006 a
2574 1952 2711 2007 facie
2739 1952 3089 2006 inimicorum
3116 1959 3468 2012 nostrorum;
3503 1964 3611 2002 neu

2036 2048 2186 2102 sinas
2216 2045 2283 2101 ad
2321 2045 2754 2101 internecionem
2791 2053 2849 2098 et
2883 2044 3095 2099 cladem
3137 2051 3440 2098 extremam
3471 2040 3614 2096 tradi

2036 2141 2090 2195 in
2111 2155 2302 2195 eorum
2333 2154 2532 2193 manus
2561 2137 2654 2208 qui
2688 2144 2739 2192 te
2766 2152 2875 2201 non
2911 2144 3207 2201 noverunt,
3244 2134 3455 2189 animas
3483 2148 3616 2187 con-

2037 2231 2311 2285 ﬁtentium
2335 2230 2473 2295 tibi;
2503 2244 2684 2298 neque
2715 2228 2968 2298 patiaris,
2996 2227 3249 2292 Domine,
3272 2234 3381 2280 tam
3414 2223 3615 2292 insigni

2039 2322 2341 2393 ignominia
2397 2321 2611 2391 aspergi
2670 2319 3049 2376 haereditatem
3083 2327 3229 2373 tuam
3277 2333 3305 2372 a
3346 2326 3507 2387 gente
3536 2315 3618 2371 sic

2038 2410 2231 2467 eli‘reni
2277 2420 2335 2465 et
2376 2409 2711 2480 impudenti.
2758 2408 2926 2479 Magis
2965 2417 3044 2473 tu,
3085 2407 3312 2469 inclina,
3359 2406 3615 2469 Domine,

2038 2518 2230 2559 aurem
2279 2510 2450 2567 tuam,
2479 2510 2535 2557 et
2567 2501 2765 2556 exaudi
2795 2516 2860 2556 ac
2903 2501 3120 2570 respice
3144 2500 3213 2555 de
3254 2500 3395 2554 coelo
3425 2508 3618 2552 sancto

2040 2604 2138 2650 tuo
2163 2595 2231 2649 ad
2260 2595 2405 2649 hanc
2446 2603 2691 2649 nostram
2733 2594 3191 2653 exinanitioncm,
3218 2593 3283 2648 ad
3307 2592 3620 2647 demolitio-

2040 2702 2166 2741 nem
2199 2694 2255 2740 et
2280 2684 2560 2741 excidium
2590 2685 2834 2739 civitatis
2863 2694 2971 2739 tua:
2999 2684 3306 2740 Jerusalem
3328 2726 3342 2748 ,
3374 2700 3475 2752 pro
3512 2699 3620 2750 qua

2043 2780 2362 2834 invocatum
2389 2786 2477 2833 est
2510 2793 2714 2831 nomen
2755 2785 2935 2841 tuum,
2967 2791 3135 2846 super
3163 2776 3334 2847 ipsam
3367 2786 3622 2829 cunctam

2044 2871 2348 2926 Ecclesiam
2381 2878 2533 2924 tuam
2564 2886 2580 2931 ξ
2620 2869 2776 2935 cujus
2798 2868 3267 2922 substructionem
3291 2884 3455 2936 supra
3490 2866 3625 2919 soli-

2038 2964 2169 3017 dam
2210 2972 2421 3030 petram
2457 2959 2765 3022 collocasti,
2790 2958 2984 3013 dicens
3013 2978 3026 3012 :
3063 2972 3087 3007 ἰ
3116 2960 3297 3013 Porta:
3326 2957 3485 3012 inferi
3515 2973 3627 3012 non

2046 3052 2424 3122 praevalebunt
2479 3050 2747 3106 adversus
2793 3066 2912 3105 eam
2948 3050 3014 3107 ιι.
3058 3070 3075 3102 ι
3109 3049 3343 3115 Exaudi,
3375 3049 3627 3112 Domine,

342 3149 385 3201 ὀ
416 3146 552 3209 Θεὸς
581 3143 754 3199 αὐτῶν
779 3160 828 3209 ς»
863 3143 1019 3214 Μηδὲ
1049 3142 1137 3195 διὰ
1163 3142 1262 3204 τὰς
1283 3138 1512 3208 ἀνομίας
1533 3137 1692 3209 ἡμῶν
1717 3135 1948 3205 βλασφη-

2050 3144 2359 3199 orationem
2394 3157 2680 3198 servorum
2737 3149 2997 3205 tuorum;
3051 3157 3328 3211 auresque
3372 3150 3495 3195 tuas
3540 3156 3631 3194 ac-

348 3237 519 3310 μηθῇ
543 3236 605 3290 τὸ
624 3235 797 3307 δνομά
816 3251 911 3288 σου
938 3235 997 3287 ὲν
1018 3235 1132 3297 τοῖς
1155 3232 1385 3290 ἔθνεσιν.
1418 3232 1531 3293 τοῖς
1555 3229 1627 3299 μὴ
1647 3226 1844 3282 εἰδόσιν
1866 3242 1944 3279 σε.

344 3330 493 3395 Σοὶ,
546 3327 740 3398 Κυρίῳ
783 3325 861 3397 τῷ
900 3324 1020 3395 Θεῷ
1060 3323 1237 3395 ἡμῶν,
1273 3324 1307 3391 ἡ
1339 3319 1653 3388 δικαιοσύνη
1678 3359 1693 3381 ,
1733 3319 1867 3387 ἡμῖν
1893 3315 1950 3369 δὲ

345 3424 401 3493 ἡ
432 3420 666 3491 αἰσχύνη
697 3419 806 3473 τῶν
833 3416 1145 3489 προσώπων
1174 3414 1282 3478 ἕως
1309 3412 1404 3465 τοῦ
1432 3411 1554 3465 νῦν*
1590 3411 1674 3464 ὅτι
1699 3408 1805 3471 ἕως
1829 3405 1953 3461 τού-

346 3531 481 3569 των
512 3514 614 3567 οὐκ
643 3502 1061 3579 ἐνετράπημεν,
1087 3506 1223 3560 διότι
1260 3501 1726 3575 σχληροτράχηλοί
1752 3503 1949 3571 ὲσμεψ

358 3625 394 3660 σ
447 3608 513 3661 Εἰ
555 3603 778 3671 ἀλλάξει
816 3600 1031 3665 Αίθίωψ
1073 3598 1136 3652 τὸ
1177 3597 1355 3668 δέρμα
1395 3593 1626 3657 αὑτοῦ,›
1666 3592 1761 3647 καὶ
1792 3592 1954 3662 ἡμεῖς

352 3700 477 3772 τὴν
521 3697 793 3766 κακίστην
840 3691 1170 3764 προαίρεσιν
1216 3686 1396 3759 ἡμῶν.
1457 3686 1645 3739 Πάντα
1694 3683 1763 3738 τὰ
1807 3681 1957 3772 κακά

354 3771 554 3848 ταῦτα
603 3784 767 3859 ἦλθεν
810 3784 897 3855 ἐφ’
927 3784 1111 3854 ἡμᾶς,
1158 3780 1254 3833 καὶ
1295 3778 1397 3831 οὐκ
1440 3776 1826 3847 ἑνετράπημεν
1857 3771 1953 3826 τοῦ

364 3880 756 3950 μετανοῆσαι,
812 3874 949 3930 ἀλλὰ
982 3873 1078 3926 καὶ
1113 3869 1539 3941 προσεθήκαμεν
1567 3866 1843 3936 ἁμαρτίας
1871 3863 1958 3933 ἐφ’

359 3970 655 4044 ἁμαρτίας
682 3966 864 4039 ἡμῶν,
899 3965 1022 4019 οὐδὲ
1055 3962 1361 4034 ἐδεήθημεν
1390 3958 1486 4011 τοῦ
1512 3956 1807 4029 προσώπου
1838 3972 1958 4021 σου,

364 4064 581 4135 Κύριε,
609 4060 706 4115 τοῦ
736 4057 1046 4127 ἀποστῆναι
1075 4054 1185 4108 τῶν
1210 4050 1587 4122 διανοημάτων
1609 4050 1709 4120 τῆς
1732 4048 1961 4119 καρδίας

366 4154 541 4237 ἡμῶν
590 4152 693 4223 τῆς
736 4150 1015 4218 πονηρᾶς·
1072 4145 1168 4200 καὶ
1213 4143 1617 4215 ἐγρηγόρησας,
1645 4139 1840 4237 Κύριε,
1868 4139 1962 4237 ἐπὶ

368 4230 497 4312 τοῖς
534 4248 728 4308 κακοῖς
768 4242 955 4312 ἡμῶν,
1006 4240 1103 4293 καὶ
1132 4237 1416 4307 ἐπήγαγες
1446 4233 1533 4302 ἐφ’
1560 4234 1707 4303 ἡμᾶς
1738 4231 1836 4301 τὴν
1862 4230 1960 4300 ῥά.

375 4342 512 4398 ὁδον
535 4338 630 4395 τοῦ
657 4336 832 4408 θυμοῦ
862 4351 988 4400 σου,
1023 4334 1103 4386 ὅτι
1130 4330 1337 4391 δίκαιος
1362 4323 1430 4394 εἴ,
1456 4325 1656 4397 Κύριε,
1686 4328 1743 4378 ὲν
1770 4325 1962 4389 πᾶσιν,

375 4437 471 4490 δτι
522 4431 624 4486 οὐκ
673 4426 994 4497 ἠκούσαμεν
1052 4420 1387 4490 τῆςφωνῆς
1434 4433 1568 4483 σου,
1635 4412 1964 4485 πορεύεσθαι

378 4531 445 4583 ἰν
471 4527 594 4587 ταῖς
618 4520 863 4581 ἐντολαῖς
890 4534 1005 4569 σου.
1043 4512 1206 4567 Ἀλλά
1232 4510 1347 4572 νῦν,
1371 4509 1565 4579 Κύριε,
1584 4509 1613 4561 ὁ
1632 4506 1766 4571 Θεὸς
1786 4506 1965 4578 ἡμῶν,

377 4619 445 4682 ac
484 4614 674 4686 ,ιρύσω
721 4612 787 4664 ἐκ
830 4609 931 4676 τῆς
975 4606 1188 4675 πλάνης
1219 4602 1330 4655 τῶν
1359 4600 1596 4654 εἰδώλων
1634 4602 1692 4652 ἐν
1723 4597 1971 4669 σημείοις

382 4709 487 4765 καὶ
510 4705 762 4777 τέρασιν,
792 4701 890 4757 καὶ
915 4699 1180 4767 ἐποίησας
1204 4694 1382 4764 ἑαυτῷ
1404 4692 1575 4763 ὄνομα
1602 4691 1709 4755 ἓως
1733 4690 1826 4745 τοῦ
1849 4689 1967 4754 νῦν,

382 4801 665 4857 κόπασον,
709 4796 920 4865 Κύριν
974 4792 1060 4845 ὅτι
1105 4786 1534 4856 κατελήφθημεν
1566 4784 1835 4853 ὁλιγοστοὶ
1876 4783 1972 4835 sit}.

382 4889 496 4957 γῆς
515 4928 531 4951 .
583 4885 677 4939 καὶ
722 4880 1063 4949 ἐγενήθημεν
1094 4878 1171 4941 ὡς
1199 4876 1501 4945 ἀκάθαρτοι
1554 4874 1754 4936 πάντες
1780 4874 1966 4943 ἡμεῖς,

396 4980 494 5041 Ὠς
530 4978 640 5047 γὰρ
688 4975 853 5045 ῥάκος
881 4970 1307 5039 ἀποκαθημένης
1354 4969 1386 5037 ἡ
1432 4965 1745 5035 δικαιοσύνη
1793 4963 1971 5035 ἡμῶν,

386 5068 490 5122 καὶ
522 5063 866 5137 ὲξερῤύημεν
913 5060 990 5122 ώς
1031 5058 1210 5128 φύλλα
1252 5058 1342 5111 διὰ
1370 5054 1767 5126 τὰςάμαρτίας
1791 5053 1971 5125 ἡμῶν.

391 5161 508 5214 Καὶ
537 5157 655 5223 νῦν,
687 5155 885 5228 Κύριε,
916 5153 1110 5223 Πατὴρ
1130 5150 1289 5221 ἡμῶν
1321 5151 1386 5203 σὺ
1411 5144 1483 5212 εἶ,
1511 5150 1676 5217 ἡμεῖς
1698 5146 1755 5200 δὲ
1780 5145 1973 5217 πηλὸς,

391 5253 537 5322 ἔργα
562 5247 763 5320 χειρῶν
802 5263 896 5299 σου
927 5243 1158 5305 πάντεςο
1213 5241 1289 5311 μῆ
1328 5238 1546 5311 ὀργίζου
1577 5239 1710 5309 ἡμῖν
1745 5238 1973 5309 σφόδρα,

391 5342 495 5397 καὶ
528 5341 603 5413 μῆ
631 5342 691 5394 ἐν
716 5338 898 5410 καιρῷ
930 5336 1177 5408 μνησθῇς
1205 5333 1491 5405 ἁμαρτιῶν
1512 5332 1691 5402 ἡμῶν,
1716 5331 1832 5385 ἀλλ’
1855 5332 1976 5385 irri-

2050 3236 2340 3291 eommoda
2380 3235 2585 3290 nostris
2626 3226 3135 3301 deprccationibusL
3180 3232 3397 3309 lllustra
3433 3231 3629 3285 faciem

2052 3336 2200 3382 tuam
2236 3342 2405 3396 super
2444 3328 2821 3383 sanctuarium
2868 3335 3024 3381 tuum
3053 3342 3067 3388 ;
3102 3340 3282 3394 neque
3310 3322 3458 3378 enim
3494 3322 3636 3376 ﬁdu-

2051 3421 2136 3476 cia
2187 3420 2411 3475 subnixi
2449 3420 2909 3490 iustiﬁcationum
2972 3425 3329 3485 nostrarum,
3387 3424 3632 3471 nostram

2058 3513 2203 3568 hanc
2244 3513 2706 3583 supplicationem
2739 3522 2845 3568 tuae
2874 3509 3144 3581 majestati
3176 3508 3464 3564 oﬂ‘erimus
3489 3507 3635 3579 (nam

2053 3622 2162 3679 qua
2192 3606 2373 3663 fronte
2404 3606 2456 3662 id
2494 3607 2701 3671 ausint,
2743 3605 2840 3676 qui
2874 3614 2928 3660 te
2956 3602 3280 3674 quotidiana
3318 3599 3638 3656 accessione

2054 3708 2406 3771 peccatorum
2426 3698 2771 3754 ‘exacerbant
2785 3697 2831 3767 ?)
2877 3696 3055 3767 magis
3088 3710 3224 3750 vero
3253 3693 3357 3749 sub
3382 3692 3638 3747 umbram

2056 3800 2275 3846 tuarum
2330 3790 2685 3861 confugimus
2756 3775 3200 3844 miserationum.
3259 3776 3443 3840 Multae
3489 3782 3639 3839 enim

2058 3894 2205 3947 sunt,
2228 3882 2721 3948 Domine,exaudi;
2748 3890 2890 3943 esto,
2915 3879 3165 3939 Domine.
3193 3876 3500 3951 placabilis,
3532 3875 3640 3931 Do-

2060 3977 2205 4030 mine
2237 3974 2462 4029 attende
2501 3990 2514 4025 :
2549 3988 2715 4044 parce
2745 3972 2908 4036 mihi,
2941 3970 3173 4027 Domine
3195 4010 3210 4035 ,
3255 3968 3465 4039 populo
3502 3974 3596 4020 tuo
3626 3980 3640 4018 :

2067 4086 2084 4116 ι
2121 4066 2189 4121 Ει
2232 4082 2301 4120 ne
2341 4065 2439 4120 des
2471 4063 2852 4119 hereditatem
2887 4070 3033 4116 tuam
3066 4062 3120 4115 in
3167 4059 3553 4131 opprobrium,
3583 4065 3645 4111 ut

2061 4155 2417 4209 dominentur
2456 4153 2508 4207 ei
2559 4162 2768 4225 gentes,
2796 4167 2866 4207 ne
2892 4150 3115 4222 quando
3158 4150 3346 4204 dicant
3376 4165 3390 4201 :
3426 4146 3531 4204 Ubi
3562 4153 3647 4201 est

2061 4248 2209 4303 Deus
2241 4262 2435 4301 eorum
2469 4244 2570 4299 "2
2612 4258 2632 4297 ι
2684 4245 2874 4314 Neque
2902 4253 3131 4314 propter
3184 4240 3504 4311 iniquitates
3547 4255 3648 4293 no-

2066 4346 2212 4392 stras
2253 4352 2497 4407 unquam
2545 4335 2872 4407 permiseris
2900 4343 2961 4389 ut
2985 4350 3186 4389 nomen
3215 4342 3369 4388 tuum
3398 4339 3648 4387 sanctum

2070 4426 2483 4495 blaspliemetur
2534 4424 2590 4478 in
2620 4422 2899 4495 gentibus,
2944 4438 3067 4493 quae
3107 4429 3162 4476 tc
3200 4436 3308 4474 non
3349 4425 3648 4473 noverunt.

2073 4517 2196 4571 Tibi
2230 4516 2463 4571 Domino
2512 4516 2627 4571 Deo
2665 4524 2864 4571 nostro
2918 4514 3135 4585 iustitia
3168 4553 3183 4576 ,
3244 4511 3408 4566 nobis
3466 4519 3651 4564 autem

2072 4607 2327 4662 centusio
2350 4606 2560 4669 vultus,
2582 4623 2756 4677 usque
2777 4607 2831 4661 in
2862 4623 3126 4678 prmsens.
3152 4606 3269 4661 Huc
3298 4604 3446 4660 enim
3479 4620 3653 4674 usque

2073 4697 2419 4767 negleximus
2446 4696 2514 4751 ad
2550 4705 2603 4751 te
2628 4698 2908 4762 converti;
2944 4698 3163 4752 callosas
3201 4696 3339 4750 adeo
3366 4711 3559 4751 sumus
3591 4710 3657 4749 ac

2072 4788 2340 4858 praedura:
2388 4788 2644 4843 cervicis.
2704 4807 2722 4839 ι
2768 4787 2826 4843 Si
2875 4788 3112 4842 mutabit
3156 4786 3411 4858 Ethiops
3454 4787 3654 4857 pellem

2075 4894 2233 4933 suam
2260 4880 2306 4911 '°
2332 4895 2347 4945 ;
2392 4898 2410 4930 ›
2444 4885 2501 4932 et
2530 4893 2631 4933 nos
2665 4878 2792 4933 vitae
2826 4878 3096 4933 hactenus
3123 4877 3363 4947 pessime
3394 4878 3658 4934 instituta:

2081 4970 2422 5039 propositum
2460 4969 2900 5024 immutabimus.
2937 4970 3103 5025 Plane
3148 4970 3293 5025 mala
3327 4969 3441 5025 lucc
3471 4971 3657 5023 omnia

2079 5062 2137 5116 in
2171 5076 2272 5117 nos
2314 5069 2607 5132 propterea
2641 5060 2959 5117 reciderunt
2998 5105 3014 5126 ,
3046 5077 3230 5132 neque
3270 5061 3350 5115 sic
3388 5060 3454 5115 ad
3482 5059 3659 5131 paeni-

2082 5154 2267 5208 tentiae
2291 5160 2513 5223 portum
2539 5169 2647 5210 nos
2665 5156 2980 5224 recepimus
3008 5166 3104 5210 aut
3133 5155 3467 5225 resipuimus
3497 5171 3512 5209 :
3547 5170 3661 5209 ma-

2082 5244 2166 5316 gis
2201 5243 2649 5314 veroprioribus
2675 5245 2920 5316 peccatis
2947 5255 3175 5316 peccata
3207 5245 3540 5317 adjecimus.
3579 5245 3659 5300 Ne

2082 5337 2165 5392 sic
2199 5335 2446 5407 quidem,
2476 5335 2730 5404 Domine,
2778 5338 3097 5409 rogavimus
3150 5337 3347 5394 faciem
3384 5347 3557 5405 tuam,
3602 5345 3663 5393 ut

392 5433 619 5503 ὅλεψον,
653 5432 846 5503 Κύριε,
884 5432 965 5484 ὅτι
993 5429 1120 5491 λαός
1147 5444 1241 5480 σου
1272 5426 1473 5487 πάντες
1503 5425 1687 5493 ἡμεῖς,
1726 5423 1791 5476 Ἢ
1822 5424 1948 5477 πόλι

2085 5430 2171 5484 vel
2215 5443 2338 5483 sero
2388 5443 2650 5485 avocares
2692 5446 2794 5486 nos
2822 5445 2853 5485 a
2883 5430 3315 5503 cogitationibus
3342 5431 3529 5487 cordis
3559 5445 3661 5488 no.

392 5524 498 5582 τοῦ
547 5526 702 5595 ἁγίου
751 5540 844 5577 σου
888 5522 1122 5591 ἐγενήθη
1168 5519 1403 5591 ἔρημος,
1458 5514 1554 5568 καὶ
1599 5516 1632 5584 ὴ
1674 5513 1801 5578 δόξα
1840 5514 1948 5567 Σιὼ

2085 5518 2183 5574 stri
2216 5517 2463 5589 pessimi.
2496 5518 2777 5590 Evigilasti
2805 5521 3049 5584 tandem,
3076 5522 3330 5589 Domine,
3371 5537 3662 5593 exsperre-

393 5617 637 5689 ιγινήθη
692 5618 1060 5688 πυρίκαυστος
1084 5655 1097 5676 ,
1153 5612 1245 5665 καὶ
1294 5610 1468 5664 πάντα
1504 5607 1574 5660 τὰ
1603 5606 1788 5672 ἔνδοξα
1818 5609 1948 5677 ἠμῶ

2088 5619 2209 5665 ctus
2244 5625 2412 5680 super
2450 5609 2672 5683 ﬂagitiis
2702 5614 2944 5680 nostris;
2984 5622 3045 5668 et
3074 5629 3241 5685 super
3268 5629 3368 5670 nos
3398 5613 3660 5669 iuduxisti

487 5798 534 5831 ⁸⁸
566 5796 753 5855 Matth.
786 5810 892 5859 xvi,
923 5795 1002 5846 l8.
1079 5791 1123 5821 “‘
1155 5793 1269 5847 ιορι
1325 5806 1381 5855 ιι,
1412 5793 1493 5847 Π.
1569 5794 1614 5824 ’⁸
1646 5791 1849 5846 Jerem.
1880 5807 1998 5857 xui,
2032 5794 2124 5848 95.
