4042 6456
572 402 708 467 Ῑκῦῧ

1524 402 1884 462 ANTIOCHI
1930 400 2277 459 ΜΟΝΑΟΠΙ
2336 376 2954 487 EXdMOLOtiESlS.

3675 402 3776 465 Ῑῖξρϐ

567 525 776 592 virgam
811 518 1016 572 furoris
1050 517 1165 580 tui;
1201 515 1472 586 siquidem
1498 515 1683 585 justus
1710 528 1790 576 es,
1811 513 2063 578 Domine,
2097 514 2150 567 in

2260 512 2557 565 συνέπεσεν
2578 554 2592 576 ,
2648 512 2742 564 καὶ
2788 511 2881 562 ἐπὶ
2914 513 3079 562 πᾶσιν
3105 508 3323 571 τούτοῑς
3354 510 3593 579 ἀνέσχον,
3626 514 3777 584 Κύριε,

567 611 829 667 omnibus
863 628 875 663 :
904 625 1013 664 non
1044 608 1194 663 enim
1222 606 1613 662 exaudivimus
1650 619 1839 658 vocem
1870 617 2048 669 tuam,
2092 615 2153 660 ut

569 719 669 775 per
713 703 855 757 viam
887 700 1272 755 mandatorum
1313 711 1538 753 tuorum
1575 696 2014 767 ingrederentur.
2044 697 2152 752 Sed

567 804 627 850 et
665 809 832 854 nunc.
869 792 1123 857 Domine,
1144 793 1292 846 Deus
1324 800 1535 855 noster,
1558 787 1773 858 1250
1798 787 2153 858 qimndoqui-

570 891 693 945 dem
727 891 780 943 in
809 888 981 959 signis
1012 896 1069 941 et
1104 887 1375 957 portentis
1402 886 1471 939 ab
1500 887 1694 940 insano
1734 899 1929 938 errore
1973 881 2152 935 idolo-

571 981 740 1034 lutiie
789 978 1116 1033 submovisti
1165 993 1286 1041 nos,
1329 977 1621 1046 fecistique
1664 976 1763 1029 libi
1796 975 1898 1046 ipsi
1949 989 2149 1028 nomen

571 1077 741 1141 usque
772 1073 825 1124 in
854 1086 1096 1141 praesens
1131 1087 1142 1122 :
1185 1070 1434 1139 quiesce,
1467 1069 1723 1133 obsecro,
1756 1067 2005 1122 Domine.
2046 1066 2153 1120 lm-

569 1163 767 1216 minnti
800 1163 948 1216 enim
978 1177 1171 1215 sumus
1198 1175 1368 1229 super
1409 1169 1633 1224 terram,
1668 1170 1726 1214 et
1757 1170 2016 1229 tanquam
2051 1158 2152 1211 im-

567 1255 759 1308 mundi
790 1268 982 1308 omnes
1017 1268 1118 1307 nos
1159 1251 1362 1307 affecti.
1394 1251 1561 1318 Quasi
1593 1252 1741 1306 enim
1775 1266 1993 1322 pannus
2025 1266 2150 1304 mu—

566 1347 719 1401 lieris
752 1353 1040 1401 menstruo
1089 1346 1361 1417 sanguine
1392 1345 1616 1400 ﬂuentis
1651 1345 1871 1417 justitia
1917 1354 2146 1399 nostra:

565 1439 728 1508 inque
755 1454 964 1493 morem
994 1438 1455 1493 mareescentium
1488 1438 1749 1494 foliorum
1783 1437 1887 1506 ipsi
1918 1436 2151 1491 deﬂuxio

567 1547 687 1586 mus
710 1540 937 1602 propter
976 1530 1304 1601 iniquitates
1337 1539 1556 1585 nostras
1585 1551 1598 1586 :
1624 1546 1738 1586 non
1767 1531 1923 1586 enim
1955 1545 2151 1599 super-

563 1635 668 1689 est,
700 1624 796 1694 qui
831 1622 1056 1678 invocet
1096 1638 1301 1678 nomen
1358 1631 1536 1678 tuum.
1596 1622 1738 1679 Sane
1784 1637 1952 1694 quam
2000 1624 2151 1695 juste

562 1715 815 1772 avertisti
862 1732 893 1771 a
934 1715 1098 1770 nobis
1130 1714 1328 1771 faciem
1360 1723 1530 1771 tuam.
1576 1716 1645 1771 Et
1688 1732 1860 1784 nunc,
1890 1717 2148 1795 Domine,

564 1810 726 1864 Pater
771 1816 962 1864 noster
1012 1817 1071 1863 tu
1118 1823 1219 1863 es:
1249 1823 1353 1863 nos
1380 1815 1563 1862 autem
1603 1808 1805 1875 lutum,
1837 1823 2004 1878 opera
2035 1823 2150 1863 ma-

2258 606 2353 657 καὶ
2381 603 2759 666 ἐταπείνωσας
2785 604 2930 673 ἡμᾶς
2961 603 3192 673 σσόῖρα.
3225 603 3309 655 ὃτι
3337 604 3436 655 οὐκ
3460 605 3780 677 ἐπορεύθημεν

2255 697 2314 750 ὲν
2359 695 2463 766 ξιδῷ
2506 696 2688 765 ἀγαθῇ
2716 736 2731 758 ,
2792 694 2910 746 ἀλλ’
2944 694 3122 746 ὀπίσω
3173 693 3281 747 τῶν
3326 694 3601 765 ἁμαρτιῶν
3628 698 3778 767 ἡμῶν·

2254 789 2391 844 ἀλλά
2422 791 2628 857 φεῖσαι,
2665 787 2838 857 Κύριε
2860 826 2875 850 ,
2926 786 3021 839 τοῦ
3065 785 3199 839 λαοῦ
3243 803 3361 850 σου,
3394 789 3486 840 καὶ
3515 788 3604 856 τῆς
3629 791 3782 862 xii-.95.

2252 879 2447 949 νομίας
2480 895 2574 931 σου
2595 920 2610 945 ,
2666 880 2759 930 καὶ
2794 876 2979 944 ἐξελοῦ
3008 878 3158 947 ἡμᾶς
3190 878 3252 929 ἐκ
3278 878 3464 947 χειρὸς
3494 878 3594 931 τῶν
3618 880 3785 953 ὲχθμῖιυ

2253 970 2437 1042 ήμῶν,
2468 971 2656 1025 ἕνεκεν
2689 968 2785 1023 τοῦ
2815 970 3082 1039 ὀνόματός
3112 986 3230 1032 σου,
3268 969 3358 1022 ῐνα
3390 969 3501 1039 γνῷ
3530 973 3664 1024 πᾶσα
3683 976 3711 1043 ἡ
3731 977 3783 1046 γῆ

2252 1065 2336 1119 ὅτι
2385 1065 2483 1128 σὺ,
2528 1064 2736 1134 Κύριε,
2781 1062 2810 1114 ό
2853 1061 2988 1124 Θεὸς
3026 1061 3208 1131 ἡμῶν,
3244 1060 3472 1123 δυνατὸς
3504 1063 3560 1115 ὲν
3588 1063 3782 1134 πολέμῳ,

2253 1158 2348 1211 καὶ
2397 1158 2448 1209 οἱ
2491 1153 2782 1226 οἰκτιρμοί,
2815 1171 2908 1206 σου
2952 1155 3033 1215 εἰς
3062 1153 3260 1221 γενεὰν
3286 1151 3384 1205 καὶ
3409 1153 3597 1220 γενεὰν
3618 1153 3783 1223 λαμῶ-

2252 1269 2438 1307 νουσιν
2485 1252 2567 1314 εἰς
2602 1250 2730 1303 λαὸν
2775 1248 3230 1320 ἀπεγνωσμένον.
3272 1247 3435 1301 Ἄλλά
3462 1249 3513 1299 τί
3537 1249 3785 1318 προσευξό.

2255 1348 2398 1420 μεθα
2441 1348 2607 1418 ἡμεῖς
2654 1347 2705 1399 οἱ
2746 1343 3088 1415 ἁμαρτωλοὶ,
3120 1343 3167 1396 ὣ
3190 1342 3441 1396 Δέσποτα
3464 1342 3783 1414 φιλάνθρωπα,

2251 1440 2375 1495 καθ’
2402 1439 2431 1492 ὃ
2461 1439 2541 1492 δεῖ
2588 1439 2691 1493 οὐκ
2718 1437 2944 1507 οἴδαμεν
2963 1475 2979 1503 ,
3015 1436 3087 1507 γῆ
3123 1435 3219 1488 καὶ
3252 1434 3449 1497 σποδὸς
3478 1435 3786 1507 ὑπάρχοντες.

2255 1534 2496 1604 Ἔχομεν
2540 1530 2598 1584 δὲ
2652 1530 3016 1601 Παράκλητον
3069 1528 3213 1599 ὑπὲρ
3247 1529 3412 1600 ἡμῶν
3445 1530 3573 1598 πρὸς
3601 1527 3688 1599 τὴν
3714 1530 3790 1600 σὴν

2249 1622 2567 1694 ἀγαθότητα
2596 1622 2688 1676 τὸν
2714 1622 2986 1693 ἄχραντον
3019 1637 3116 1674 σου
3145 1621 3329 1689 λόγον,
3362 1619 3425 1673 ὃν
3451 1620 3535 1672 διὰ
3556 1620 3792 1691 σπλάγχνα

2250 1716 2438 1779 ἐλέους
2472 1732 2567 1768 σου
2606 1713 2940 1778 ἀπέστειλας
2972 1711 3428 1768 ἀνακαλέσασθαι
3456 1712 3518 1765 τὸ
3546 1712 3659 1766 ἴδιον
3681 1713 3791 1767 πλό-

2253 1822 2389 1874 σμα,
2421 1804 2513 1858 τὸν
2540 1803 2920 1876 σαρκωθέντα,
2946 1803 3045 1857 καὶ
3074 1802 3473 1872 σταυρωθέντα
3499 1802 3630 1872 ὑπὲρ
3648 1804 3789 1872 ἡμῶν.

564 1917 735 1956 nuunt
768 1910 991 1955 tuarum
1035 1915 1158 1954 nos.
1201 1899 1280 1954 Ne
1309 1898 1567 1953 irascaris
1603 1898 1766 1953 nobis
1792 1898 1976 1964 valde,
2008 1914 2148 1973 neve

2252 1869 2423 1960 Ᾰὺτὸς
2452 1869 2741 1966 ὲξαλεξψας
2770 1896 2831 1949 τὸ
2858 1869 2983 1949 καθ’
3010 1894 3169 1965 ἡμῶν
3197 1869 3586 1965 χειρόγραφον,
3602 1869 3791 1964 iiut-695;

565 1994 620 2048 in
675 2005 923 2065 tempore
985 1992 1305 2047 memineris
1367 1998 1724 2063 peccatorum
1777 2000 2097 2047 nostrorum
2132 2008 2151 2071 ε.

563 2084 698 2155 quin
725 2085 910 2154 potius
925 2083 1071 2149 vide,
1088 2083 1341 2150 Domine,
1367 2082 1496 2153 quia
1523 2083 1764 2154 populus
1798 2091 1928 2138 tuus
1956 2098 2151 2138 omnes

564 2194 686 2233 nos.
714 2176 924 2234 Civitas
954 2176 1134 2232 sancti
1185 2176 1378 2246 templi
1428 2175 1508 2231 tui
1559 2175 1613 2230 in
1660 2176 2019 2239 solitudinem
2065 2191 2153 2230 re-

565 2270 724 2324 dacta
779 2277 884 2334 est,
920 2277 976 2322 et
1027 2267 1203 2339 gloria
1260 2269 1394 2323 Sion
1445 2268 1708 2322 incendio
1752 2268 2147 2338 conﬂagravit,

565 2358 839 2428 simulque
869 2364 1228 2412 monumenta
1260 2356 1449 2428 gloria:
1490 2367 1694 2412 nostrae
1724 2358 1981 2411 universa
2014 2374 2149 2413 con-

564 2452 843 2506 ciderunt.
880 2448 963 2503 Ad
1008 2450 1127 2503 haec
1165 2448 1334 2502 etiam
1375 2448 1563 2502 omnia
1607 2446 1826 2501 allisisti
1881 2462 2003 2511 nos,
2040 2447 2151 2500 Do-

566 2543 735 2608 mine,
760 2540 959 2603 valide,
979 2549 1035 2594 et
1058 2539 1363 2593 humiliasti
1390 2538 1767 2593 vehementer.
1784 2539 1975 2608 Neque
2001 2541 2149 2593 enim

566 2636 709 2688 viam
742 2633 1007 2687 inivimus
1030 2632 1155 2687 vita:
1185 2629 1457 2697 melioris,
1495 2631 1665 2701 magis
1698 2639 1883 2684 autem
1913 2647 2013 2701 per
2042 2632 2153 2686 cal-

567 2729 646 2781 les
685 2727 879 2781 devios
905 2767 919 2792 ,
978 2740 1179 2796 nempe
1218 2733 1344 2796 post
1396 2732 1623 2795 peccata
1673 2732 1885 2780 nostra.
1937 2726 2149 2790 Parce,

566 2820 819 2885 Domine,
844 2819 1049 2889 populo
1082 2827 1177 2874 tuo
1208 2831 1263 2873 et
1299 2817 1611 2873 hatreditati
1635 2826 1765 2885 tuae,
1796 2835 2009 2889 proque
2035 2820 2155 2890 glo...

568 2919 648 2971 ria
708 2915 953 2973 nominis
990 2915 1073 2969 tui
1114 2930 1248 2970 erue
1305 2930 1409 2974 nos
1464 2913 1533 2968 de
1583 2929 1749 2986 manu
1801 2913 2153 2968 inimicorum

568 3015 916 3071 nostrorum,
958 3012 1020 3059 ut
1064 3004 1286 3059 noverit
1316 3012 1465 3059 terra
1492 3003 1694 3069 omnis,
1716 3003 1845 3074 quia
1876 3012 1933 3058 tu
1964 3004 2152 3059 Domi-

566 3113 673 3151 nus
702 3096 848 3151 Deus
882 3102 1076 3150 noster
1117 3094 1174 3148 in
1217 3086 1363 3181 bello
1393 3104 1616 3166 potens,
1668 3102 1726 3150 et
1765 3095 2153 3167 miserationes

2250 1990 2475 2060 γέγονεν
2500 1989 2607 2044 τῶν
2626 1988 2914 2059 ἁμαρτιῶν
2937 1988 3118 2058 ήμῶν.
3134 1989 3248 2042 Καὶ
3264 1988 3327 2041 τὸ
3340 1987 3562 2057 Πνεῦμα
3580 1988 3633 2040 δέ
3656 2005 3734 2041 σου
3748 1991 3793 2042 τὸ

2251 2083 2410 2152 ἆγιον
2435 2085 2530 2137 καὶ
2571 2083 2704 2137 αὐτὸ
2741 2081 3064 2152 ἐντυγχάνει
3090 2081 3230 2152 ὑπὲρ
3252 2080 3438 2152 ἡμῶν,
3462 2082 3523 2134 οὐ
3557 2080 3791 2145 δουλικῶς,

2252 2177 2392 2231 ἀλλὰ
2426 2176 2751 2247 θεοπρεπῶς
2772 2219 2788 2242 ,
2845 2177 2941 2245 καὶ
2979 2174 3392 2246 φιλανθρώπως
3422 2174 3700 2245 κηδόμενον
3723 2176 3792 2227 τοῦ

2256 2268 2388 2322 ἰδίου
2435 2267 2757 2336 π).άσματός
2803 2283 2923 2319 σου.
2980 2265 3310 2337 Μνήσθητι,
3355 2259 3402 2318 ὧ
3438 2267 3690 2331 Δέσποτα,
3719 2266 3792 2337 τῆς

2252 2362 2524 2431 τοσαύτης
2553 2379 2649 2414 σου
2675 2361 2803 2432 περὶ
2822 2361 2971 2432 ἡμᾶς
2994 2361 3365 2429 ἀγαθότητος,
3385 2360 3479 2413 καὶ
3494 2358 3584 2415 τοῦ
3601 2362 3792 2430 σταυροῦ

2252 2455 2349 2510 τοῦ
2404 2454 2729 2526 μονογενοῦς
2777 2472 2872 2507 σου
2917 2453 3088 2520 Υἱοῦ,
3155 2453 3250 2507 καὶ
3300 2453 3655 2524 κατάπεμψον
3694 2455 3795 2523 ἡμῖν

2253 2550 2381 2612 τοὺς
2412 2546 2735 2617 οἰκτιρμούς
2762 2565 2858 2600 σου
2890 2538 2987 2601 καὶ
3015 2547 3117 2618 τὴν
3144 2546 3311 2618 χάριν
3334 2588 3351 2617 ,
3387 2548 3483 2601 καὶ
3512 2546 3604 2609 τὴν
3626 2547 3794 2616 δωρεὰν

2253 2642 2348 2697 τοῦ
2384 2642 2544 2711 ἁγίου
2573 2659 2669 2695 σου
2694 2639 3041 2710 Πνεύματος,
3079 2639 3167 2693 ἵνα
3195 2642 3264 2710 τῇ
3300 2638 3487 2712 ἀγαθῃ
3512 2638 3664 2693 αὑτοῦ
3686 2656 3795 2711 nap-

2254 2736 2415 2806 ουσία
2439 2735 2686 2804 όδηγήσῃ
2710 2735 2860 2804 ἡμᾶς
2889 2735 2970 2796 εις
2993 2732 3056 2785 τὸ
3082 2732 3151 2784 τά
3172 2733 3461 2803 εὐάρεστά
3484 2749 3562 2786 σοι
3582 2732 3795 2803 διαπράτ-

2253 2827 2476 2891 τεσθαι,
2531 2824 2628 2880 καὶ
2678 2827 2867 2896 τυχεῖν
2911 2825 3012 2895 τῆς
3053 2823 3283 2878 αἰωνίου
3327 2825 3496 2895 ζωῆς.
3533 2824 3700 2897 Ἡμεῖς
3723 2822 3795 2880 οὖν

2254 2921 2305 2973 οἱ
2348 2917 2592 2984 ἀνάξιοι,
2636 2917 2917 2981 Δέσποτα,
2967 2916 3308 2989 θαρροῦντες
3345 2916 3603 2989 αἰτοῦμεν
3630 2918 3705 2971 διὰ
3726 2918 3795 2971 τὸν

2255 3008 2481 3063 εἰπόντα
2526 3006 2757 3077 ἄχρονον
2798 3006 2929 3060 Υῑὸν
2981 3008 3078 3060 καὶ
3125 3007 3306 3076 Λόγον
3352 3007 3450 3062 σοῦ
3501 3007 3590 3061 τοῦ
3626 3007 3795 3079 Πατρὶς

2254 3088 2346 3153 τὸν
2385 3098 2595 3170 Κύριον
2635 3096 2793 3169 ήμῶν
2831 3096 3042 3169 Ἰησοῦν
3081 3098 3361 3171 Χριστόν·
3423 3119 3445 3153 ι
3480 3102 3696 3167 Αἰτεῖτε,
3725 3100 3796 3153 καὶ

568 3201 676 3245 tua:
704 3189 760 3243 in
794 3189 1212 3260 generationem
1242 3187 1751 3265 etgenerationem
1788 3198 2150 3257 perseverant

2253 3190 2539 3263 δοθήσεται
2583 3191 2750 3260 ὑμῖν·
2804 3186 3059 3261 ζητεῖτε,
3112 3191 3212 3245 καὶ
3249 3192 3555 3263 εὑρήσετε·
3589 3192 3795 3264 κρούετε,

565 3297 736 3352 super
765 3281 1033 3352 populum
1070 3292 1249 3348 tuum,
1279 3281 1347 3336 de
1388 3297 1447 3337 se
1487 3280 1697 3351 alioqui
1729 3279 1914 3353 minus
1939 3297 2152 3351 praesu-

566 3383 829 3429 mentem.
864 3372 1161 3440 Caaterum,
1198 3388 1231 3427 o
1264 3356 1554 3445 hominum
1587 3380 1803 3427 amator
1835 3372 2151 3427 clementis-

564 3465 725 3531 sime,
760 3464 895 3535 quid
926 3472 977 3521 te
1018 3480 1242 3520 oremus
1281 3474 1621 3536 peccatores,
1651 3473 1749 3519 aut
1784 3459 2151 3539 appreceinur

565 3557 728 3612 nobis
750 3557 1055 3613 secundum
1081 3557 1226 3629 quod
1250 3567 1491 3628 oportet,
1525 3558 1690 3629 plane
1723 3558 2021 3625 nescimus,
2053 3559 2149 3628 qui

565 3640 759 3707 sumus
795 3661 943 3707 terra
987 3661 1043 3708 et
1093 3652 1262 3719 cinis;
1289 3652 1559 3708 habemus
1593 3661 1777 3707 tamen
1818 3651 1963 3722 apud
1998 3663 2149 3706 tuam

565 3742 989 3814 benignitatem,
1046 3742 1139 3814 qui
1183 3759 1283 3814 pro
1321 3742 1483 3797 nobis
1542 3742 1859 3812 interpellet
1901 3759 1913 3794 :
1951 3758 2149 3811 nempe

564 3833 809 3889 Verbum
847 3842 1004 3891 tuum
1035 3835 1185 3889 nulla
1233 3849 1468 3905 prorsus
1486 3833 1778 3905 aspergine
1811 3834 2021 3904 peccati
2051 3833 2150 3888 de-

563 3925 892 3993 coloratum,
929 3943 1092 3999 quem
1121 3944 1219 3997 per
1244 3929 1592 4001 turcviscera
1621 3925 2013 3980 misericordize
2043 3924 2150 3978 mi-

563 4015 705 4081 sisti,
736 4030 899 4072 suum
932 4027 991 4071 ut
1021 4018 1229 4097 plasma
1275 4025 1567 4091 revocaret
1612 4016 1667 4070 in
1696 4018 1862 4071 viain.
1895 4015 2038 4070 Caro
2068 4015 2148 4071 la-

2252 3284 2348 3336 καὶ⁵
2387 3283 2746 3353 ἀνοιγήσεται
2788 3282 2945 3352 ὑμῖν.
2984 3282 3102 3347 Πᾶς
3136 3285 3249 3353 γὰρ
3283 3285 3315 3337 ό
3345 3284 3517 3338 αἰτῶν
3551 3285 3794 3355 λαμϐάνει.

2251 3376 2349 3430 καὶ
2368 3377 2394 3428 6
2419 3374 2601 3444 ζητῶν
2623 3374 2890 3445 εὑρίσκει,
2915 3376 3011 3428 καὶ
3032 3375 3115 3446 τῷ
3135 3374 3394 3446 κρούοντι
3421 3378 3755 3446 ἀνοιγήσεται.
3777 3392 3792 3425 ι

2253 3468 2362 3521 Καὶ
2392 3464 2557 3520 πάλιν
2582 3481 2598 3495 '
2658 3484 2676 3516 ι
2708 3465 2770 3518 Ei
2796 3461 2890 3520 οὖν
2916 3466 3076 3537 ὑμεῖς
3103 3469 3339 3537 πονηροὶ
3382 3468 3532 3532 ὄντες
3560 3464 3715 3522 οἴδατε
3735 3466 3797 3522 δό-

2256 3576 2404 3632 ματα
2435 3556 2621 3625 ἀγαθά
2646 3555 2850 3609 διδόναι
2877 3560 2990 3619 τοῖς
3013 3557 3227 3622 τέκνοις
3253 3560 3435 3629 ὑμῶν,
3465 3560 3611 3631 πόσῳ
3634 3559 3797 3630 μᾶλλον

2250 3652 2279 3703 ὁ
2306 3648 2498 3718 Πατὴρ
2532 3644 2685 3716 ὑμῶν
2732 3647 2761 3698 ό
2792 3645 3047 3717 οὐράνιος
3080 3647 3246 3701 δώσει
3282 3649 3513 3719 Πνεῦμα
3539 3649 3681 3717 ἅγιον
3707 3651 3794 3711 τοίς

2252 3740 2500 3796 αἰτοῦσιν
2530 3737 2724 3792 αὑτόνῐ
2752 3755 2772 3790 ι
2813 3738 2937 3791 Ὀτι
2974 3755 3059 3792 σοι
3095 3740 3295 3811 τρέπει
3328 3743 3483 3795 πᾶσα
3507 3738 3645 3805 δόξα,
3672 3739 3792 3810 τιμή.

2253 3834 2346 3887 καὶ⁵
2377 3829 2748 3902 προσκύνησις
2778 3827 2855 3899 τῷ
2881 3831 3075 3902 Πατρὶ,
3103 3834 3197 3886 καὶ
3223 3833 3302 3904 τῷ
3328 3835 3467 3907 Υἱῷ,
3492 3835 3670 3904 καὶτῷ
3686 3834 3794 3901 ἁγιῳ

2254 3924 2563 3994 Πνεῦματι,
2592 3920 2688 3974 νῦν
2722 3921 2813 3974 καὶ
2837 3922 2945 3989 ἀεὶ,
2977 3925 3072 3977 καὶ
3098 3926 3180 3988 εις
3204 3927 3335 3989 τοὺς
3358 3929 3558 3991 αἰῶνας
3578 3926 3674 3980 τῶν
3691 3926 3793 3979 ait}

2252 4032 2381 4068 νων.
2422 4013 2619 4085 Ἀμήν.

562 4115 689 4179 etus
725 4109 900 4164 nostri
928 4124 1092 4165 causa
1128 4125 1323 4180 passus
1351 4119 1439 4165 est
1468 4109 1622 4164 cruci
1685 4125 1744 4163 se
1815 4097 1978 4179 aﬂigi.
2036 4109 2087 4162 is
2151 4108 2394 4163 abolevit
2431 4109 2579 4178 quod
2622 4111 2918 4167 adversum
2972 4126 3075 4165 nos
3120 4119 3264 4177 erat,
3309 4110 3715 4182 chirographum
3737 4110 3788 4174 ",

563 4211 915 4270 peccatorum
946 4211 1264 4257 nostrorum
1297 4201 1477 4257 factus
1541 4201 1857 4271 propitiatio
1888 4203 1954 4253 ³³.
1989 4199 2094 4255 Sed
2128 4209 2185 4255 et
2222 4200 2487 4270 Spiritum
2553 4211 2806 4257 sanctum
2858 4212 3015 4259 tuum
3066 4202 3237 4257 totius
3283 4203 3589 4258 sanctitatis
3620 4200 3789 4256 infuso-

563 4308 681 4347 rctn
714 4293 883 4350 misit.
927 4293 996 4347 Et
1040 4294 1131 4354 hic
1160 4310 1260 4364 pro
1293 4292 1456 4349 nobis
1500 4307 1722 4361 quoque
1758 4291 2145 4361 interpellat”
2184 4306 2296 4345 non
2355 4291 2581 4360 quidem
2650 4294 2844 4348 servili
2887 4309 3064 4357 more,
3092 4293 3188 4348 sed
3228 4304 3402 4364 prout
3438 4303 3630 4349 tantam
3658 4292 3788 4347 adde-

565 4395 658 4441 ret
697 4389 1038 4458 maiestatem
1094 4397 1153 4443 et
1194 4395 1459 4443 consueta
1513 4386 1571 4441 in
1618 4400 1718 4440 nos
1762 4384 2141 4455 benignitate;
2182 4384 2270 4440 cui
2335 4385 2502 4439 etiam
2565 4403 2712 4440 cura:
2741 4398 2825 4442 est
2858 4397 3017 4443 tuum
3044 4387 3152 4442 hoc
3175 4389 3409 4457 plasma.
3441 4388 3574 4443 Here
3591 4388 3784 4453 mi,me-

562 4494 684 4533 mor
720 4487 838 4532 esto
867 4486 1030 4531 tanta:
1062 4478 1209 4532 illius
1237 4485 1344 4531 tua:
1369 4493 1496 4551 erga
1561 4492 1663 4531 nos
1692 4520 1701 4523 -
1734 4476 2061 4531 clementiae.
2123 4476 2319 4531 Crueis
2362 4477 2668 4532 ctianmum
2711 4479 3072 4534 reminiscere
3112 4478 3396 4550 Unigeniti
3443 4479 3541 4545 tui,
3564 4491 3614 4535 et
3642 4495 3669 4534 a
3697 4495 3786 4534 ma-

559 4570 854 4641 gnitudine
914 4566 1102 4637 glorise
1151 4576 1257 4622 tuae
1312 4568 1477 4622 nobis
1528 4567 1716 4621 emitte
1762 4566 2150 4621 m'serationes
2188 4575 2329 4631 tuas,
2385 4582 2568 4637 neque
2603 4585 2713 4623 non
2754 4570 2987 4638 gratiam
3022 4584 3088 4624 ac
3146 4568 3356 4624 donum
3387 4571 3558 4626 sancti
3593 4571 3662 4624 tui
3692 4568 3784 4640 Spi-

562 4662 702 4717 ritus
732 4679 744 4715 :
771 4659 864 4730 qui
889 4674 991 4713 suo
1018 4659 1085 4713 ad
1116 4675 1217 4713 nos
1238 4660 1480 4729 gratioso
1511 4658 1774 4723 adventu,
1817 4668 1969 4715 recta
2003 4659 2273 4729 provehat
2331 4658 2399 4713 ad
2463 4674 2529 4713 ea
2583 4662 2837 4731 exempla
2873 4679 3000 4733 qua:
3065 4662 3165 4718 tibi
3198 4679 3327 4718 eum
3358 4664 3552 4732 primis
3570 4664 3779 4733 placent:

558 4770 623 4807 ac
657 4751 880 4806 demum
910 4750 1077 4805 vitam
1115 4746 1263 4805 illam
1327 4750 1545 4821 assequi
1585 4767 2003 4820 prontereamur
2062 4758 2345 4806 aeternam.
2397 4751 2510 4806 Nos
2557 4751 2725 4822 igitur
2786 4753 2999 4824 indigni
3062 4754 3214 4819 licet,
3255 4770 3290 4809 ο
3336 4755 3582 4822 Domine,
3621 4754 3778 4810 ﬁducia

558 4857 741 4899 tamen
774 4841 997 4897 subnixi
1038 4850 1145 4897 tuae
1191 4843 1365 4898 solius
1389 4843 1609 4913 gratiae;
1645 4843 1887 4912 petimus
1916 4854 2143 4913 propter
2185 4843 2597 4897 immaculatum
2638 4844 2839 4913 Filium
2904 4863 2971 4901 ac
3029 4847 3272 4903 Verbum
3308 4849 3505 4915 Patris,
3537 4849 3777 4904 Dominum

554 4937 743 4992 Jesutn
799 4932 1081 4993 Christum
1118 4952 1131 4987 :
1164 4935 1259 5004 qui
1291 4935 1429 4989 dixit
1461 4952 1475 4988 :
1505 4960 1524 4987 σι
1564 4936 1770 5002 Petite,
1810 4946 1868 4992 et
1903 4935 2127 4991 dabitur
2180 4936 2341 4992 vobis
2373 4954 2386 4990 :
2418 4937 2672 5007 quaerite,
2696 4945 2755 4993 et
2788 4938 3086 4998 invenietis
3126 4959 3140 4994 :
3183 4943 3425 5013 pulsate,
3449 4951 3505 4999 et
3548 4943 3775 5012 aperietur

559 5025 736 5080 vobis.
803 5022 995 5080 Omnis
1050 5026 1199 5080 enim
1266 5027 1360 5098 qui
1427 5029 1586 5099 petit,
1629 5029 1832 5100 accipit
1864 5037 1959 5084 :et
1987 5028 2079 5097 qui
2123 5031 2346 5099 quaerit,
2386 5029 2620 5097 invenit,
2667 5038 2725 5085 et
2754 5031 3025 5101 .pulsanti
3066 5034 3354 5104 aperietur
3389 5037 3453 5089 νδ.
3488 5054 3507 5088 ι
3558 5035 3772 5091 lterum:

562 5139 581 5169 ι
623 5116 677 5170 Si
724 5115 888 5186 igitur
927 5131 1028 5172 vos
1066 5130 1191 5173 cum
1235 5118 1357 5173 sitis
1397 5121 1549 5188 mali,
1580 5121 1756 5176 nostis
1802 5120 1947 5176 dona
1985 5120 2130 5175 bona
2172 5120 2308 5177 dare
2368 5121 2496 5178 ﬁliis
2526 5123 2729 5179 vestris
2767 5134 3020 5195 :quanto
3052 5127 3226 5198 magis
3286 5128 3448 5183 Pater
3482 5137 3648 5182 vester
3691 5138 3772 5179 cte-

557 5204 712 5261 lestis
758 5206 910 5263 dabit
960 5205 1227 5280 Spiritum
1277 5220 1526 5267 sanctum
1563 5214 1881 5283 petentibus
1913 5228 1994 5271 se.
2047 5207 2115 5261 "l
2156 5232 2174 5265 ι
2220 5214 2411 5285 quue
2447 5222 2499 5271 te
2532 5216 2696 5273 decet
2729 5216 2905 5288 gloria
2943 5219 3144 5285 omnis,
3182 5221 3364 5277 honor
3416 5202 3768 5291 suspiciendas.

560 5302 611 5348 et
645 5295 873 5364 supplex
903 5299 1106 5364 cultus,
1132 5316 1165 5353 ο
1203 5299 1382 5366 Pater,
1416 5301 1541 5367 Fili,
1567 5308 1625 5357 et
1650 5300 1889 5372 Spiritus
1926 5308 2304 5369 sancte,nunc
2335 5309 2394 5358 et
2435 5320 2677 5376 semper,
2715 5313 2773 5361 et
2800 5305 2859 5362 in
2882 5308 3080 5364 saecula
3111 5312 3459 5368 mulorum.
3483 5313 3673 5367 Amen.

628 5453 671 5484 “
696 5452 910 5508 Coloss.
932 5467 990 5520 tt,
1016 5454 1109 5509 14:
1135 5458 1218 5512 “l
1250 5453 1402 5511 Joan.
1431 5471 1488 5521 ιι,
1515 5452 1570 5508 2.
1648 5455 1697 5489 ”
1722 5454 1893 5510 Hebr.
1915 5471 2010 5522 vn,
2038 5454 2129 5510 25.
2210 5457 2255 5490 “
2283 5456 2472 5513 Matth.
2515 5440 2615 5527 vn,
2630 5462 2682 5529 7,
2718 5460 2771 5516 8.
2849 5462 2896 5495 ”
2917 5462 3055 5519 Luc.
3087 5481 3161 5532 χι,
3204 5466 3295 5524 15.

2145 5720 2219 5741 ρ
