3888 6136
1123 316 1832 408 TRADI'I‘IO
1904 315 2762 409 CATHOLICA.

1337 473 1673 539 ,ςΔῖσΠΙιΑ
1725 474 1984 546 γι-γιι,
2029 476 2244 542 ANNI
2287 476 2566 539 561-614.

1580 750 2317 866 ELENCHUS

385 1047 883 1113 auc'ronuu
925 1048 1046 1111 ει·
1091 1049 1478 1112 omnem
1525 1051 1683 1128 om
1739 1052 1842 1114 IN
1891 1053 1920 1113 ι

1995 1053 2075 1114 )ο
2131 1052 2387 1112 ’1⁸0Μο
2438 1050 2802 1114 LXXXIX
2856 1051 3502 1117 CONTINENTUR
3517 1101 3530 1114 .

1745 1316 2139 1342 ψ

865 1534 926 1596 S.
972 1533 1464 1597 ANASTASIUS
1507 1535 1852 1607 SINAITA,
1894 1532 2456 1595 ANTIOCHENUS
2493 1531 3029 1594 PATRIARCHA.

325 1699 453 1760 Viae
488 1698 622 1760 Dux
656 1698 952 1760 adversus
981 1697 1352 1778 Acephalos,
1389 1715 1466 1758 ex
1505 1695 1781 1758 editione
1807 1695 2025 1762 Jacobi
2051 1694 2347 1757 Gretseri.

323 1801 709 1874 Qumstiones
738 1807 798 1861 et
825 1801 1294 1879 Responsiones
1319 1805 1574 1861 centum
1604 1799 2059 1878 quinquaginta
2087 1803 2377 1877 quatuor,
2410 1814 2488 1859 ex
2524 1796 2804 1876 ejusdem
2834 1793 3132 1858 editione.

322 1904 530 1966 Oratio
569 1904 647 1965 de
675 1921 849 1966 sacra
874 1903 1128 1982 Synaxi,
1161 1911 1222 1965 et
1250 1903 1329 1964 de
1361 1920 1487 1965 non
1511 1903 1879 1982 judicando.
1913 1902 2120 1982 deque
2151 1901 2518 1982 injuriarum
2545 1899 2884 1976 oblivione,
2922 1916 3001 1960 ex
3036 1898 3172 1960 edi-

400 2005 572 2066 tione
608 2004 918 2067 Francisci
946 2004 1320 2067 Combeﬁsii.

321 2107 816 2184 Anagogicarum
851 2107 1455 2187 contemplationum
1496 2106 1561 2168 in
1608 2108 2042 2169 Hexaemeron
2091 2107 2168 2168 ad
2201 2105 2617 2184 Theophilum
2666 2105 2809 2166 libri
2851 2103 3170 2177 undecim,

398 2209 635 2283 Latine,
667 2209 906 2270 incerto
943 2210 1309 2287 interprete,
1345 2223 1423 2270 ex
1455 2205 1846 2268 BibliOtheca
1873 2208 2124 2269 Patrum
2155 2205 2578 2283 Lugdunensi.

319 2344 397 2358 —-
426 2309 610 2371 Liber
658 2309 1099 2383 duodecimus,
1141 2309 1356 2370 Graece
1395 2313 1457 2370 et
1505 2308 1742 2384 Latine,
1788 2323 1865 2370 ex
1925 2305 2296 2370 recensione
2332 2305 2496 2367 Petri
2542 2304 2779 2379 Allixii,
2831 2305 3172 2384 interprete

398 2414 639 2476 Andrea
681 2413 962 2477 Dacerio.
1008 2431 1014 2440 '

316 2518 525 2581 Oratio
555 2518 617 2580 in
653 2518 962 2598 psalmum
998 2508 1088 2591 vi,
1121 2533 1200 2578 ex
1224 2516 1479 2578 Henrici
1508 2516 1733 2577 (lanisii
1770 2515 2105 2576 Thesauro.

317 2617 527 2678 Oratio
562 2618 755 2680 altera
783 2618 849 2678 in
879 2618 1115 2680 dictum
1151 2624 1462 2697 psalmum
1501 2635 1568 2678 v1
1595 2632 1674 2678 ex
1705 2616 1827 2680 alio
1866 2614 2106 2677 codice.

318 2718 409 2778 Ex
451 2733 743 2779 sermone
794 2718 861 2779 in
913 2716 1102 2792 illud,
1153 2719 1503 2780 Secundum
1540 2719 1890 2798 imaginem,
1935 2717 2348 2796 fragmentum
2374 2765 2391 2788 ,
2421 2715 2598 2796 juxta
2626 2715 2964 2778 editionem
3001 2714 3170 2778 card.

396 2819 619 2896 Angeli
653 2819 818 2880 Maii.

318 2923 536 2983 Sermo
573 2923 812 2996 tertius,
847 2939 925 2984 ex
960 2923 1236 2986 editione
1272 2927 1649 2988 Jos.—Mariae
1685 2926 2004 3001 Bandinii,
2038 2925 2396 3006 quemlege
2425 2925 2491 2986 in
2527 2925 2759 3004 praevio
2796 2925 3056 2989 Monito.

317 3024 544 3083 Contra
578 3020 836 3083 Arianos
872 3021 1238 3099 fragmenta,
1277 3041 1354 3085 ex
1386 3023 1761 3086 Collectione
1805 3024 2103 3086 Vaticana
2141 3023 2308 3087 card.
2343 3024 2507 3086 Maii.

318 3126 536 3202 Sermo
589 3124 655 3186 in
711 3125 1064 3198 defunctos,
1105 3143 1183 3188 ex
1235 3128 1509 3191 editione
1556 3128 2220 3192 Christiani-Friderici
2258 3128 2579 3204 Matthaaii,
2615 3146 2757 3191 cum
2789 3129 3166 3210 interpreta-

394 3228 568 3287 tione
601 3231 834 3288 nostra.
2406 3251 2410 3257 ι

319 3327 662 3408 Disputatio
693 3328 990 3390 adversus
1015 3328 1288 3392 Iudaeos.

1083 3492 1574 3555 ANASTASIUS
1611 3493 1635 3554 Ι
1680 3494 2242 3561 ANTIOCHENUS
2279 3493 2813 3555 PATRIARCHA.

319 3656 642 3719 Orationes
670 3656 950 3738 quinque
985 3655 1065 3718 de
1094 3656 1279 3720 rectis
1307 3657 1722 3736 dogmatibus,
1755 3658 1990 3733 Latine,
2028 3659 2374 3739 interprete
2402 3659 2732 3721 Francisco
2760 3657 3084 3721 Turriano.

323 3762 658 3823 Sermones
687 3766 980 3842 quatuor,
1009 3760 1352 3840 interprete
1384 3761 1713 3850 Francisco
1731 3762 2127 3839 Combeﬁsio,
2153 3779 2230 3825 ex
2255 3763 2532 3826 editione
2552 3763 2815 3857 Andreae
2841 3763 3164 3827 Gallandii.

1263 3924 1749 4021 ANASTASIUS
1795 3928 2046 3990 ABBAS
2088 3930 2149 3990 S.
2191 3928 2608 3990 EUTHYMII.

319 4080 592 4161 Epistola
620 4084 697 4146 ad
734 4082 1079 4147 monachos
1117 4083 1285 4163 apud
1317 4083 1576 4146 Calarim
1605 4085 2000 4164 constitutos.

1044 4243 1530 4305 ANASTASIUS
1573 4244 1657 4305 IV
1693 4243 2257 4307 ANTIOCHENUS
2298 4246 2834 4308 PATRIARCHA.

317 4407 426 4484 (De
458 4406 570 4466 hoc
604 4407 959 4482 Anastasio,
996 4408 1098 4469 cui
1131 4407 1420 4470 nonnulli
1449 4409 1760 4469 orationes
1795 4409 2093 4489 quasdam
2116 4412 2282 4471 inter
2309 4430 2500 4491 Opera
2523 4415 2590 4474 S.
2621 4415 2945 4477 Anastasii
2967 4418 3162 4494 primi

398 4510 537 4589 (col.
577 4509 746 4590 1389)
781 4513 978 4573 editas
1035 4512 1344 4587 tribuunt,
1376 4513 1516 4575 vide
1556 4513 1916 4576 Fabricium
1961 4516 2031 4576 in
2084 4517 2418 4582 Anastasio
2459 4521 2688 4598 primo,
2743 4521 2927 4602 hujus
2977 4523 3151 4585 volu-

392 4611 580 4672 minis
619 4612 735 4673 σοι.
772 4611 969 4691 1295.)

1124 4779 1574 4841 ANTIOCHUS
1612 4780 1898 4842 LAUBE
1934 4781 1996 4841 S.
2035 4780 2256 4843 SABZE
2291 4783 2749 4846 MONACHUS.

315 4943 659 5005 Pandectes
687 4944 1021 5023 Scripturaa
1059 4962 1272 5020 sacrae,
1311 4962 1385 5008 ex
1415 4946 1620 5008 Ducmi
1652 4947 2125 5028 Supplemento.

311 5043 802 5122 Exomologesis.

2374 5844 2607 5900 Parisiis.
2643 5879 2708 5886 -—
2740 5847 2813 5900 Ex
2850 5849 2986 5918 typis
3011 5849 3242 5905 MIGNE.

3256 1692 3368 1755 col.

3493 1696 3571 1756 35

3455 1796 3564 1858 327

3455 1999 3570 2061 825

3455 2201 3563 2262 851

3417 2406 3564 2470 1051

3420 2510 3568 2573 1077

3418 2609 3569 2672 1115

3419 2818 3569 2881 1143

3418 2922 3569 2985 1150

3418 3025 3568 3087 1179

3421 3226 3564 3289 1191

3417 3325 3566 3387 1203

3415 3657 3562 3720 1309

3415 3764 3556 3828 1361

3410 4089 3556 4152 1409

3401 4955 3549 5018 1415

3400 5057 3547 5119 1849
3634 5081 3646 5086 ·
