3888 6136
370 237 439 325 ετ
969 202 995 223 ’
1496 298 1507 310 .
1727 263 1877 323 mc.

2091 267 2297 328 [‘SERI
3558 274 3626 335 38

368 476 3694 549 ηηηπηπεεεεπεππεεπξεεεεεεεπεεεπεεεηεπεεπηε,

1471 743 2495 896 MAaCO‘VELseno

838 1035 1390 1107 REIPUBLICIE
1454 1043 2014 1106 AUGUSTANIE
2093 1046 2373 1109 DUUM‘

1644 1043 2014 1106 USTANIE
2093 1046 2577 1126 DUUMVIRO
2633 1054 3176 1132 AMPLISSJMO

1303 1332 1675 1400 JACOBUS
1702 1339 2210 1405 GRETSERUS
2249 1345 2427 1408 SOC.
2459 1348 2699 1412 JESU.

423 1741 602 1864 Venit
650 1749 924 1825 tandem,
969 1754 1369 1833 Nobilissime
1404 1764 1634 1844 Marce,
1668 1775 2030 1839 Anastasius
2058 1776 2316 1847 Sinaita.
2348 1779 2543 1853 Tuus,
2579 1796 2660 1849 an
2702 1779 2931 1855 meus?
2982 1783 3045 1845 Si
3110 1784 3354 1859 serius;
3415 1786 3606 1864 ἱεηο-

343 1860 504 1907 δοθδο
548 1849 834 1928 Longum
864 1855 989 1925 iter
1017 1866 1113 1927 est
1141 1878 1176 1923 a
1229 1872 1445 1929 monte
1510 1871 1678 1934 Sinai
1719 1877 1797 1939 ad
1829 1876 1943 1940 has
1968 1884 2217 1939 nostras
2247 1849 2413 1953 oras,
2447 1849 2658 1958 neque
2688 1880 2898 1954 unius,
2936 1883 3052 1944 sed
3080 1882 3363 1963 plurium
3414 1849 3597 1949 meri-

341 1949 500 2009 sium
529 1968 546 2024 ;
578 1970 783 2035 neque
820 1959 929 2021 tibi
977 1967 1230 2045 tumque
1286 1969 1689 2039 bibliothecae
1727 1998 1866 2043 sese
1905 1981 2128 2043 sistere
2158 1980 2357 2042 voluit
2381 1977 2762 2055 Anastasius,
2804 1985 2919 2045 nisi
2947 1986 3077 2064 jam
3120 1982 3355 2059 Latine,
3388 1988 3437 2049 si
3471 2007 3596 2051 non

342 2047 682 2129 eleganter,
726 2067 895 2122 certe
928 2063 1215 2143 ﬁdeliter,
1245 2070 1311 2139 in
1362 2072 1484 2136 hoc
1507 2094 1623 2138 suo
1662 2087 2010 2163 nostroque
2051 2090 2259 2162 Ὀδηγῷ
2294 2081 2470 2162 loqui
2498 2082 2741 2146 doctus.
2776 2047 3049 2157 Quodvnt
3101 2098 3603 2167 consequeretur

341 2166 514 2214 mora
546 2161 849 2239 temporis
887 2183 1013 2229 non
1044 2171 1287 2239 modica
1321 2191 1484 2255 opus
1512 2179 1670 2253 fuit;
1708 2161 2081 2262 praesertim,
2136 2202 2280 2248 cum
2316 2161 2401 2247 ini
2454 2202 2599 2247 eum
2661 2188 2897 2249 Latium
2952 2189 3181 2269 linguai
3232 2195 3596 2271 magistrum

337 2254 681 2374 incidisset,
723 2282 909 2342 quem
941 2270 1077 2332 aliae
1117 2279 1567 2356 occupationes
1594 2283 1679 2345 ita
1708 2254 2034 2362 distineat,
2066 2254 2135 2349 ut
2170 2287 2357 2351 horas
2388 2288 2691 2363 duntaxat
2738 2254 3373 2374 exceptasvet-quasi
3411 2296 3593 2358 furti-

337 2372 444 2416 vas
479 2358 709 2423 Graecis
741 2368 1068 2443 Latinitate
1097 2372 1454 2447 imbuendis
1482 2382 1854 2463 impendere
1886 2358 2097 2468 queat.
2130 2388 2307 2451 Nunc
2369 2388 2562 2468 igitur
2608 2358 2915 2469 Romana‘
2947 2394 3135 2456 verba
3200 2358 3474 2457 i‘ormare
3536 2404 3605 2457 et

338 2475 562 2525 sonare
616 2469 850 2544 peritus
882 2478 1261 2548 Anastasius.
1312 2488 1651 2564 Augustam
1703 2492 1781 2554 ad
1836 2500 1900 2555 te
1937 2493 2119 2556 laetus
2179 2495 2621 2575 proﬁciscitur,
2673 2503 2978 2576 tuumque
3034 2513 3268 2558 nomen
3327 2496 3467 2576 ipsa
3529 2495 3595 2558 in

335 2563 577 2678 fronte
602 2577 1039 2656 praescriptum
1070 2584 1250 2659 gerit,
1286 2597 1353 2650 ut
1396 2592 1603 2670 palam
1636 2600 1916 2671 testetur,
1950 2597 2049 2660 cui
2092 2563 2269 2661 sacer
2302 2598 2380 2661 sit
2409 2617 2480 2664 ac
2512 2563 2799 2671 devotus,
2833 2563 2895 2662 et
2923 2616 3045 2678 qua
3084 2563 3375 2661 clientela
3403 2599 3597 2661 fretus

333 2666 398 2730 in
429 2670 752 2748 publicum
784 2684 1105 2759 procedat,
1139 2691 1548 2771 certissimus,
1612 2717 1679 2761 se
1715 2702 2009 2767 universo
2048 2704 2435 2768 eruditorum
2490 2706 2684 2769 choro
2722 2705 2817 2768 vel
2861 2705 2979 2769 hac
3017 2706 3096 2768 de
3139 2723 3324 2768 causa
3354 2712 3595 2783 gratum

334 2782 796 2861 acceptumque
826 2781 985 2860 fore,
1028 2791 1200 2867 quod
1239 2793 1587 2862 clarissimo
1620 2805 1877 2867 nomine
1924 2813 2034 2871 tuo
2075 2807 2410 2886 insignitus
2463 2800 2654 2869 venit.
2715 2809 2865 2882 Quis
2921 2808 3103 2874 enim,
3137 2808 3204 2869 in
3265 2792 3595 2870 Germania

333 2886 571 2989 D-OSl-t'a,
639 2885 881 2989 Belgio,
911 2892 1108 2970 Italia,
1139 2897 1358 2973 Gallia,
1399 2909 1460 2963 et
1497 2904 1668 2981 alibi,
1703 2911 1812 2989 qui
1848 2912 2039 2974 Musis
2087 2920 2149 2975 et
2178 2885 2399 2977 litteris
2431 2930 2563 2977 non
2589 2914 2780 2976 modo
2813 2912 3284 2986 ammnioribus,
3318 2917 3381 2974 et
3423 2909 3584 2971 hila-

333 2980 630 3059 rioribus,
665 2987 776 3049 sed
805 2995 867 3052 et
896 2996 1318 3062 severioribus
1355 3001 1479 3064 illis
1528 3004 1682 3082 litet,
1722 2980 1832 3071 cui
1884 3010 2177 3079 Velserus
2230 3014 2328 3076 vel
2388 3032 2468 3077 ex
2511 3015 2784 3095 prOpriis
2836 3013 3302 3087 monumentis,
3366 3009 3465 3074 vel
3516 3027 3594 3071 ex

330 3084 599 3151 aliorum
632 3090 932 3161 relatione
962 3099 1327 3184 celebrique
1391 3106 1598 3185 fama;
1653 3112 1742 3177 vel
1790 3114 1975 3177 etiam
2034 3134 2113 3179 ex
2166 3118 2333 3181 ultro
2387 3119 2675 3200 citroque
2732 3119 2938 3223 missis
2997 3117 3278 3197 epistolis
3332 3132 3462 3180 non
3516 3114 3596 3176 sit

333 3192 797 3223 nnnn€c:--:.~.---
820 3197 852 3223 θ

332 3192 800 3268 cognitissimus
820 3197 852 3260 ?

406 3322 477 3382 In
516 3324 783 3403 Origene
811 3330 1179 3398 Adamantio
1232 3338 1348 3401 tria
1372 3345 1774 3408 commendat
1812 3349 2122 3412 Eusebius
2170 3351 2299 3432 (a):
2342 3352 2640 3432 primum,
2697 3352 2871 3432 quod
2908 3352 3271 3413 Graaoorum
3305 3347 3591 3430 philosos-

328 3427 441 3536 phi
472 3427 643 3508 (etin
676 3429 773 3494 his
800 3434 1288 3504 Christianorum
1353 3443 1554 3509 hostis
1594 3455 1655 3511 et
1689 3449 2031 3516 insectator
2050 3427 2396 3517 acerrimus
2422 3427 2866 3536 Porphyrius),
2897 3453 3039 3516 licet
3065 3470 3259 3516 avera
3286 3427 3589 3531 religione

327 3525 541 3602 alieni,
580 3531 940 3597 incredibili
971 3538 1256 3618 Origenis
1287 3546 1642 3613 eruditione
1673 3553 1995 3626 commoti,
2031 3554 2314 3633 ejusdem
2346 3525 2632 3619 crebram
2670 3555 3059 3617 mentionem
3092 3552 3265 3614 libris
3307 3552 3436 3615 suis
3483 3555 3588 3615 in-

329 3640 718 3709 sperserunt,
752 3652 829 3698 eo
857 3637 1002 3714 fine,
1046 3650 1113 3704 ut
1156 3643 1630 3713 lucubrationes
1662 3670 1808 3749 suas
1849 3655 2079 3718 illustri
2134 3657 2256 3737 hoc
2294 3658 2429 3722 sole
2494 3658 2899 3721 illustrarent.
2965 3658 3350 3734 Secundum,
3416 3661 3587 3751 quod

329 3732 620 3793 nonnulli
651 3735 992 3815 aliquando
1024 3741 1219 3806 libros
1249 3747 1361 3808 abs
1394 3767 1462 3810 se
1492 3737 1845 3821 elaboratus
1874 3756 1932 3819 ei
1986 3732 2382 3831 dedicarunt.
2422 3760 2725 3834 Tertium,
2763 3758 2933 3839 quod
2982 3760 3304 3823 interdum
3350 3746 3590 3838 vigilias

327 3846 470 3893 suas
510 3834 738 3910 eidem,
774 3847 1309 3925 tanquamjudici,
1343 3851 1577 3916 arbitro
1628 3862 1698 3918 et
1732 3857 1979 3920 doctori
2022 3861 2397 3937 censendas,
2434 3861 2860 3924 emendandas
2924 3858 3380 3941 poliendasque
3435 3862 3586 3923 sub-

322 3931 633 4012 jecerunt.
693 3942 840 4004 Hec
890 3945 1118 4026 triplex
1148 3951 1432 4030 Origenis
1467 3955 1605 4019 laus
1634 3976 1763 4021 non
1798 3961 2008 4033 minus
2036 3963 2103 4024 in
2142 3971 2227 4036 te,
2262 3931 2522 4030 nisime
2557 3966 2714 4028 fallit
2740 3931 3010 4040 animus,
3042 3965 3362 4046 competit.
3395 3967 3589 4038 Quam

324 4037 629 4118 frequens
656 4045 826 4106 enim
864 4049 1139 4113 nominis
1168 4061 1233 4113 et
1262 4054 1567 4119 doctrinm
1596 4066 1721 4121 tum
1753 4069 2273 4131 commemoratio
2331 4073 2394 4129 et
2433 4068 2799 4148 praedicatio
2826 4068 2891 4129 in
2948 4084 3165 4129 eorum
3194 4076 3586 4131 commenta-

326 4135 455 4211 riis,
515 4140 776 4218 qui-hoc
810 4149 1099 4227 tempore
1128 4149 1194 4213 in
1223 4160 1447 4216 senatu
1504 4156 1807 4221 litterario
1839 4162 1931 4223 vel
1990 4164 2196 4243 prima
2231 4166 2553 4241 subsellia,
2607 4165 2702 4229 vel
2734 4184 2769 4229 a
2815 4167 3034 4247 primis
3097 4167 3383 4246 proxima
3412 4216 3427 4242 ,
3490 4168 3584 4229 vel

324 4242 547 4305 saltem
601 4263 729 4309 non
769 4250 984 4314 inﬁma
1012 4262 1273 4332 tenent;
1307 4275 1582 4338 quorum
1619 4263 1812 4343 aliqui
1846 4266 2043 4345 paulo
2081 4269 2246 4349 plus,
2305 4271 2359 4332 si
2398 4277 2610 4333 tamen
2655 4242 2836 4351 plus:
2881 4272 2951 4333 in
3018 4242 3266 4352 pietatis
3325 4272 3586 4334 sincerte

327 4356 518 4403 sensu
546 4354 865 4429 gustuque
892 4360 1098 4415 tecum
1140 4360 1583 4435 consentiunt,
1617 4379 1689 4424 ac
1725 4380 1870 4427 cum
1909 4366 2176 4446 Origene
2225 4369 2637 4450 Porphyrius,
2670 4376 2731 4432 et
2760 4369 3002 4451 reliqua
3050 4388 3087 4432 a
3143 4370 3422 4449 legitimo
3476 4373 3585 4435 Dei

323 4443 497 4506 cultu
525 4445 875 4514 abhorrens
917 4453 1446 4536 phiIOSOphorum
1478 4464 1756 4552 caterva!
1795 4443 2097 4531 Nimirum
2127 4469 2262 4534 haac
2290 4443 2508 4534 solida;
2542 4443 2919 4535 eruditionis
2942 4480 3159 4536 natura
3191 4443 3308 4547 est,
3359 4479 3421 4535 et
3481 4474 3585 4539 hic

321 4658 570 4705 morum
602 4646 994 4714 humanitate
1032 4663 1093 4715 et
1122 4657 1484 4725 affabilitate
1520 4663 1877 4743 copuletur,
1900 4646 2279 4749 generisque
2307 4646 2670 4750 splendore,
2709 4678 2771 4733 et
2796 4646 3140 4735 functionis
3168 4673 3233 4735 in
3261 4646 3585 4754 repubiica

320 4747 811 4845 administranda
847 4757 1261 4837 amplitudine
1292 4773 1655 4829 exornetur.
1689 4770 1823 4831 Jam
1860 4789 2007 4834 vero
2036 4772 2089 4834 si
2128 4747 2289 4849 libri,
2332 4775 2482 4847 olim
2524 4771 2775 4854 Origeni
2818 4794 2853 4839 a
2905 4776 3304 4861 philosophis
3332 4795 3582 4851 nuncu-

320 4847 450 4925 pati
477 4842 911 4936 inscriptique,
957 4872 1402 4941 comparentur
1465 4886 1607 4931 cum
1636 4869 1759 4932 illis
1812 4872 1924 4950 qui
1954 4872 2066 4939 tibi
2111 4875 2269 4941 sacri
2304 4890 2366 4937 et
2400 4842 2729 4949 dicatifin
2756 4842 3071 4940 Musarum
3100 4842 3573 4959 Memoriaaque,

321 4955 388 5011 ut
410 4952 505 5014 'sic
546 4952 794 5035 loquar,
835 4966 1097 5055 templo,
1128 4970 1418 5048 suspensi
1453 4972 1772 5047 visuntur,
1838 4976 2050 5039 forsan
2082 4979 2362 5058 paucitas
2397 4981 2647 5043 illorum
2710 5000 2838 5062 prm
2886 4982 3115 5047 horum
3177 4952 3582 5048 multitudine

320 5074 449 5119 non
482 5057 711 5139 injuria
744 5064 933 5128 nobis.
970 5050 1318 5132 vilescerct.
1363 5073 1521 5135 Novi
1555 5076 1838 5157 insuper,
1877 5097 2004 5143 non
2054 5081 2276 5147 deesse
2340 5084 2511 5149 viros
2568 5087 2862 5148 omnibus
2926 5087 3274 5167 disciplinis
3329 5088 3582 5167 egregie

321 5162 629 5234 excultos,
664 5165 897 5246 quibus
950 5170 1173 5250 religio
1242 5174 1321 5236 sit
1376 5175 1634 5256 publico
1673 5196 1741 5242 se
1800 5190 1860 5244 et
1914 5185 2180 5265 cogitata
2253 5204 2388 5261 sua,
2448 5188 2499 5249 si
2535 5205 2679 5275 quae
2729 5189 2796 5261 in
2859 5162 3135 5259 chartam
3202 5162 3577 5263 retulerunt,

320 5265 711 5329 committere
736 5313 752 5341 ,
794 5269 913 5331 nisi
966 5270 1139 5350 prius
1176 5275 1473 5355 suffragio
1529 5284 1591 5340 et
1634 5280 1999 5358 gravissimo
2038 5291 2149 5346 tuo
2196 5285 2439 5364 judicio
2469 5265 2958 5355 rid-audendum
3039 5289 3359 5369 erigantur
3386 5297 3448 5353 et
3474 5290 3579 5352 in-

320 5366 617 5433 citentur.
656 5373 727 5434 Et
783 5391 905 5454 qua
936 5375 1051 5438 alia
1102 5377 1340 5441 ratione
1375 5379 1703 5445 doctorum
1763 5382 2091 5448 hominum
2147 5389 2497 5453 voluntates
2529 5398 2591 5454 et
2618 5392 2822 5456 studia
2883 5393 3044 5457 adeo
3104 5366 3581 5470 ti'bi'odcvincis,

402 5645 482 5716 (η)
523 5646 742 5722 Euscb.,
777 5654 870 5708 lib.
906 5670 955 5708 γι
991 5654 1134 5713 Hist.
1166 5661 1374 5728 calca”
1404 5680 1520 5734 mp.
1563 5664 1645 5716 l5.
