3888 6136
359 251 422 317 31
1750 268 2232 340 BREVIARIUM
3538 290 3607 352 3!

318 370 665 421 .successori
717 369 879 440 hujus
929 375 1100 428 nostri
1165 375 1436 432 Anastasii
1487 379 1692 433 tribuit.
1748 381 1935 437 Potius

361 461 693 514 credendum
731 462 930 533 Glycar,
962 475 1018 519 et
1055 468 1196 532 aliis,
1227 469 1319 536 qui
1352 469 1569 523 nomine
1609 469 1828 527 Sinaitrc
1856 474 1933 528 ci-

361 563 496 606 tant.
557 552 796 608 llabelut‘
841 556 1026 611 Graece
1077 559 1129 612 in
1160 559 1487 616 bibliotheca
1522 561 1778 618 Bavariea
1809 565 1932 620 cod.

359 644 486 701 202,
515 657 570 698 et
607 647 730 700 cod.
782 648 908 702 241.
947 648 1011 703 ll.
1049 649 1126 704 De
1161 654 1315 706 rectis
1352 651 1479 721 ﬁdei
1525 654 1811 710 Catholica:
1844 657 1936 710 do-

362 737 622 804 gmatibus
651 739 792 802 libri,
816 756 908 793 seu
937 742 1213 796 orationes
1240 760 1292 807 v,
1322 745 1615 814 interprete
1645 747 1936 805 Godel‘rido

364 825 669 881 Tilmanno.
703 828 928 883 Easdem
959 831 1084 884 olim
1127 827 1420 888 Latinitate
1451 837 1677 892 donavit
1713 837 1937 892 Franci-

364 934 490 970 scus
512 918 834 974 Turrianus.
859 921 965 975 Sed
988 925 1162 977 vcrsio
1182 925 1302 994 ejus
1322 927 1552 980 necdum
1577 929 1710 982 vidit
1739 929 1934 982 lucem.

361 1007 577 1064 Videbit
606 1012 902 1081 aliquando
930 1030 1050 1069 cum
1077 1015 1367 1072 Theodoro
1404 999 1721 1089 presbytero
1749 1020 1938 1075 Lauraa

362 1101 585 1168 Raithu,
625 1107 784 1173 cujus
837 1111 1302 1180 προπαρασκευὴν
1342 1103 1602 1167 adversus
1655 1114 1939 1169 haereticos

361 1194 502 1246 idem
539 1194 843 1251 Turriauus
889 1198 1182 1254 Latinitate
1229 1202 1470 1258 donavit.
1516 1203 1602 1259 ΙΙΙ.
1660 1203 1847 1258 Oratio
1878 1211 1939 1258 de

362 1303 516 1338 sacra
551 1285 895 1342 Eucharistia
931 1300 979 1343 et
1011 1292 1074 1345 de
1113 1309 1216 1345 non
1244 1293 1562 1356 iudicando,
1613 1295 1776 1366 deque
1805 1298 1940 1349 obli-

362 1377 508 1428 vione
535 1377 881 1445 injuriarum.
924 1379 1011 1434 IV.
1051 1381 1238 1436 Oratio
1273 1401 1362 1436 seu
1398 1383 1632 1437 Humilia
1656 1387 1706 1438 iu
1734 1396 1937 1439 sextum

362 1464 664 1528 Psalmum,
694 1471 851 1538 cujus
879 1473 1124 1526 meminit
1155 1472 1490 1541 Nicepliorus
1521 1476 1612 1529 lib.
1637 1493 1764 1530 xvm
1792 1479 1936 1530 Hist.

363 1559 683 1620 ccclesiasl.,
732 1577 870 1629 cap.‘
908 1563 994 1617 44,
1061 1562 1356 1634 Utramque
1423 1566 1594 1620 edidit
1657 1565 1842 1622 Graece
1887 1577 1941 1622 et

368 1646 560 1702 Latine
595 1649 653 1703 Ι).
686 1649 953 1706 Henricus
981 1653 1234 1709 Canisius
1266 1667 1412 1708 tonio
1445 1655 1506 1708 lil
1536 1658 1710 1726 Antiq.
1743 1655 1886 1710 Lect.

439 1741 484 1792 A
525 1742 814 1796 collectore
862 1743 1206 1801 Bibliotheca;
1265 1746 1363 1800 SS.
1419 1747 1640 1817 Patrum
1697 1765 1937 1805 comme-

365 1846 650 1888 morantur
677 1836 792 1890 hasc
832 1837 1190 1892 Anastasiana
1229 1839 1450 1894 inedita.
1485 1840 1671 1895 Oratio
1719 1843 1788 1896 ad
1827 1845 1937 1899 An-

367 1931 660 1994 tioclienos,
695 1933 746 1984 in
780 1931 1033 2002 ingressu
1066 1950 1166 1988 suo
1204 1935 1270 1989 ad
1310 1935 1679 2005 episcopatum
1716 1940 1936 2009 scripta,

364 2023 431 2074 de
460 2037 566 2090 qua
603 2021 964 2090 Nicephorus.
1001 2023 1186 2078 Oratio
1213 2028 1600 2096 paciﬁcatoria,
1646 2047 1806 2096 quam
1843 2033 1941 2084 tri-

365 2113 573 2179 gesimo
599 2114 760 2167 tertio
784 2129 928 2169 anno
957 2115 1011 2168 in
1035 2117 1216 2171 sedem
1239 2133 1392 2172 suam
1418 2123 1702 2178 restitutus
1730 2124 1939 2180 habuit.

370 2205 444 2258 De
477 2221 584 2274 qua
619 2207 759 2260 idem
797 2207 1157 2277 Nicephorus.
1201 2212 1278 2263 Ad
1315 2213 1644 2282 interrogata
1677 2229 1942 2271 monaste-

365 2299 568 2349 riorum
629 2299 814 2366 primm
863 2309 912 2351 et
945 2301 1189 2354 secunda:
1235 2300 1406 2371 Syria:
1448 2307 1828 2373 responsiones.
1862 2309 1942 2362 Ad

364 2389 714 2442 Antiochenos
760 2393 1176 2460 συντακτήριον,
1231 2409 1350 2457 seu,
1415 2397 1477 2448 de
1524 2397 1830 2464 disciplina.
1867 2400 1942 2453 De

366 2480 760 2535 constructione
779 2481 1006 2536 hominis
1031 2483 1154 2538 libri
1175 2486 1300 2538 duo.
1319 2486 1703 2556 Contemplatio
1722 2493 1941 2561 mystica

364 2574 669 2642 passionum
697 2572 922 2631 Christi.
959 2574 1276 2630 Encomium
1304 2577 1544 2648 Egypti.
1577 2581 1816 2646 Quaestio
1845 2584 1944 2635 atl-

364 2684 542 2720 νει-ειη
571 2684 656 2721 eos
681 2669 771 2736 qui
800 2670 853 2721 in
881 2669 1069 2723 diuinis
1107 2670 1287 2724 dicunt
1328 2681 1430 2725 tres
1455 2675 1732 2742 essentiqs.
1759 2673 1943 2730 Oratio

365 2760 430 2810 de
459 2757 881 2826 Resurrectione,
915 2778 1078 2830 quam
1112 2778 1254 2831 saepe
1287 2763 1414 2818 citat
1447 2764 1662 2835 Glycas.
1713 2765 1830 2821 Nec
1861 2775 1945 2820 est

367 2851 457 2904 illa
515 2869 636 2921 qua:
683 2855 933 2921 quintum
984 2855 1179 2908 librum
1227 2855 1294 2910 de
1336 2857 1497 2912 rectis
1549 2858 1670 2912 ﬁdei
1713 2859 1940 2928 dogma-

367 2943 514 2998 tibus
547 2945 794 3009 conlicit;
858 2961 978 2999 cum
1027 2947 1142 3000 loca
1190 2963 1310 3016 qua:
1352 2947 1546 3019 Glycas
1586 2951 1718 3004 citat
1761 2951 1816 3004 in
1877 2967 1940 3006 ea

365 3054 474 3092 non
503 3039 867 3094 inveniantur.
904 3040 1092 3094 Oratio
1123 3043 1183 3096 de
1208 3045 1677 3113 trans/ﬁguratione
1706 3045 1938 3100 Domini.

368 3128 584 3183 Citatur
615 3130 906 3198 aliquoties
932 3147 961 3185 a
986 3130 1195 3186 Joanne
1228 3133 1602 3205 Cyparissioto
1633 3136 1842 3192 Decade
1868 3155 1940 3201 Vl,

366 3237 488 3290 cap.
523 3222 576 3286 4,
615 3221 667 3284 5,
704 3223 757 3276 7.
787 3222 1046 3291 Ejusdem
1075 3225 1378 3278 orationem
1405 3227 1460 3278 in
1491 3243 1674 3280 novam
1707 3228 1943 3282 Domini-

368 3330 485 3365 eam
503 3323 555 3366 ct
574 3315 624 3365 in
643 3314 951 3382 Apostolum
969 3315 1256 3380 Thomam,
1276 3317 1406 3372 citat
1427 3318 1796 3374 Damascenus
1819 3337 1945 3374 ora-

372 3408 518 3457 tione
545 3405 701 3457 tcrtia
727 3405 791 3457 de
812 3405 1172 3474 Imaginibus.
1205 3408 1262 3459 lu
1281 3408 1515 3461 concilio
1534 3409 1704 3462 altero
1728 3407 1946 3464 Nicaeno

371 3503 477 3548 aet.
511 3495 568 3557 4,
606 3497 812 3550 mentio
849 3498 906 3550 tit
955 3499 1225 3554 sermonis
1273 3499 1337 3553 de
1385 3498 1638 3566 Sabbato,
1676 3501 1736 3553 Β.
1773 3500 1947 3557 Patris

369 3585 647 3639 Anastasii
702 3587 766 3639 ad
805 3585 1114 3641 Simeonem
1145 3589 1464 3658 episcopum
1495 3588 1858 3657 Bostrorum;
1892 3600 1950 3646 et

337 3668 340 3670 ’
370 3678 625 3745 epistolae,
662 3693 758 3748 per
791 3696 951 3750 quam
986 3683 1278 3750 respondet
1305 3682 1520 3738 cuidam
1549 3682 1614 3737 ad
1653 3683 1950 3740 dubitatio-

2039 403 2159 442 nem
2192 390 2506 458 quamdam,
2537 407 2603 448 ex
2626 407 2734 462 qua
2758 395 2999 464 expediri
3030 397 3301 466 cupiebat.
3329 399 3611 457 Sermonis

2035 482 2099 535 de
2161 481 2396 538 Sabbato
2443 485 2688 541 meminit
2743 487 2911 540 etiam
2951 487 3321 546 Damascenus
3365 495 3614 551 oratione

2037 579 2214 634 tertia.

2109 694 2166 747 In
2203 693 2389 748 codice
2415 694 2756 764 Augustano,
2788 712 2948 765 quem
2977 713 3146 767 supra
3173 699 3410 766 laudavi,
3454 710 3510 756 et
3557 703 3622 756 in

2037 802 2148 856 quo
2195 785 2416 856 Ὀδηγὸς
2461 786 2646 849 inest,
2711 787 3023 841 continetur
3089 789 3252 843 etiam
3319 793 3420 845 sub
3463 793 3612 846 Ana-

2038 876 2188 929 stasii
2210 877 2447 944 episcopi
2467 877 2866 946 'l‘heopolitani,
2893 893 2988 932 seu
3007 878 3358 947 Antiocheni,
3391 882 3613 936 nomine

2050 968 2339 1038 Ἐξήγησις
2371 967 2626 1038 περὶτῶν
2657 970 2714 1021 ἐν
2739 970 2959 1040 Περσίδι
2993 970 3378 1040 πραχθέντων·
3404 972 3614 1028 Relatio

2039 1059 2101 1111 de
2136 1068 2287 1111 rebus
2336 1061 2491 1126 gestis
2543 1061 2599 1112 in
2652 1058 2873 1126 Persia,
2921 1061 3180 1114 nimirum
3229 1063 3296 1116 de
3341 1063 3612 1134 discepta-

2042 1151 2186 1203 tione
2216 1150 2655 1204 Christiauoruui
2694 1152 2986 1220 praesulum
3025 1168 3150 1205 cum
3186 1153 3440 1220 ethnicis,
3466 1153 3615 1211 Gra-

2039 1242 2120 1294 cis
2141 1280 2156 1304 ,
2179 1249 2233 1294 et
2261 1239 2482 1306 Judaeis,
2504 1240 2687 1310 judice
2705 1241 3126 1309 Aplirodiasino,
3156 1242 3298 1309 regis
3321 1240 3612 1297 Persarum

2038 1332 2434 1400 archimagiro;
2484 1332 2571 1386 cui
2622 1334 2784 1386 etiam
2821 1333 3242 1387 se-Anastasius
3297 1333 3614 1390 interfuisse

2038 1424 2208 1490 dicit;
2255 1434 2308 1477 et
2356 1423 2574 1492 quidem
2621 1424 2797 1478 solum
2841 1439 2909 1477 ex
2948 1422 3178 1477 Romani
3240 1425 3454 1493 imperii
3497 1427 3616 1497 epi-

2041 1515 2241 1583 scopis.
2281 1513 2384 1569 Sed
2423 1515 2598 1569 oratio
2635 1515 2728 1568 illa
2759 1515 2867 1568 olet
2899 1516 3088 1569 nescio
3116 1516 3251 1584 quid
3283 1515 3627 1584 fabularum,

2043 1613 2102 1656 ut
2131 1602 2346 1657 dillicile
2378 1604 2585 1658 ereditu
2615 1598 2706 1669 sii,
2754 1618 2821 1658 ex
2869 1603 3146 1659 Anastasii
3194 1607 3367 1660 nostri
3400 1605 3618 1662 ollicina

2042 1695 2328 1763 prodiisse.
2348 1693 2776 1749 Exscribeudum
2795 1696 3010 1764 quidem
3031 1696 3279 1751 Graacum
3299 1709 3614 1754 contextum

2042 1801 2105 1839 ex
2150 1784 2474 1855 Augustano
2500 1786 2797 1854 exemplari
2828 1801 3170 1850 curaveram,
3217 1798 3270 1842 et
3316 1791 3380 1842 ad
3411 1790 3616 1844 versio-

2044 1892 2164 1929 nem
2204 1891 2288 1930 me
2325 1877 2706 1942 accinxeram;
2759 1876 2853 1932 sed
2898 1879 3241 1933 multitudine
3289 1880 3611 1935 mendorum

2042 1977 2097 2023 et
2141 1969 2445 2024 fabularum
2494 1970 2756 2035 otl‘ensus,
2810 1972 2968 2026 retuli
3009 1972 3239 2039 pedem;
3292 1987 3468 2042 neque
3519 1974 3614 2028 ulli

2043 2073 2174 2134 puto
2221 2065 2364 2119 hanc
2399 2064 2648 2135 διήγησιν
2676 2065 2792 2119 fore
2827 2065 3090 2136 perviam,
3134 2065 3238 2118 nisi
3279 2065 3616 2120 emendatio-

2044 2171 2179 2218 rem,
2223 2169 2320 2210 aut
2351 2157 2537 2226 plures
2563 2157 2967 2226 manuscriptos
2998 2156 3212 2211 codices
3236 2155 3503 2225 acquirat.
3540 2225 3544 2228 ﬁ

2117 2268 2346 2336 Scripsit
2393 2268 2532 2322 idem
2603 2268 2922 2322 Anastasius
2982 2267 3222 2334 librum,
3276 2281 3342 2320 an
3408 2267 3632 2321 libros?’

2045 2364 2235 2411 contra
2276 2354 2543 2411 Joannem
2570 2356 2930 2426 Philoponum
2953 2398 2968 2423 ,
2997 2359 3088 2426 qui
3126 2371 3223 2426 pro
3257 2356 3439 2410 Severi
3466 2365 3614 2410 secta

2043 2456 2099 2500 et
2129 2447 2344 2516 placitis
2384 2446 2700 2515 vulgaverat
2738 2447 2936 2501 librum
2965 2449 3148 2501 decem
3180 2447 3433 2516 capitulis
3463 2463 3616 2502 com-

2045 2539 2396 2609 prehensum,
2441 2547 2578 2593 teste
2604 2537 2912 2606 Nicephoro
2943 2539 3037 2592 lib.
3067 2555 3199 2594 xviri
3229 2539 3371 2594 Hist.
3406 2540 3615 2603 ουσιαι..

2046 2644 2166 2701 cap.
2195 2630 2285 2696 47,
2321 2643 2482 2697 quem
2511 2628 2896 2696 indigitaverat
2922 2627 3223 2699 διαιτητὴν,
3255 2631 3356 2684 hoc
3395 2643 3498 2697 est,
3527 2647 3618 2684 ar-

2048 2721 2243 2774 bitrum
2276 2721 2357 2774 vel
2377 2720 2649 2789 judicent;
2679 2719 2731 2772 in
2765 2734 2871 2788 quo
2902 2717 3233 2788 Philoponus
3254 2719 3614 2777 Palaemonem

2046 2815 2335 2884 quemdam
2361 2815 2588 2884 agebat,
2619 2823 2672 2867 et
2695 2821 2876 2882 partes
2906 2811 3283 2866 discordantes
3311 2811 3363 2864 in
3391 2825 3618 2865 concor-
3678 2828 3684 2834 ·

2048 2908 2194 2961 diam
2243 2907 2488 2975 redigere
2530 2905 2748 2959 volebat
2787 2904 2943 2958 irrito
2985 2911 3211 2968 conatu;
3261 2918 3435 2971 neque
3471 2903 3615 2957 cnim

2046 2997 2280 3052 haereses
2320 3012 2416 3066 per
2454 2996 2709 3059 haereses,
2761 3008 3086 3061 erroresque
3123 3008 3218 3062 per
3264 3007 3478 3046 errores
3531 3008 3616 3046 se-

2045 3089 2279 3154 dantur;
2316 3087 2460 3156 quod
2478 3094 2529 3140 et
2553 3085 2656 3154 hoc
2690 3095 2931 3153 tempore
2961 3097 2992 3136 a
3021 3083 3297 3136 nonnullis
3318 3083 3619 3153 διαιτηταῖς

2049 3189 2312 3234 tentatum
2339 3178 2599 3242 vidimus,
2636 3191 2741 3230 non
2761 3175 2970 3244 majore
2997 3188 3275 3228 successu.
3303 3173 3440 3227 Hinc
3462 3190 3616 3227 eum-

2047 3272 2170 3326 dem
2196 3272 2390 3325 librum
2413 3272 2577 3325 etiam
2600 3271 2725 3341 περὶ
2743 3269 3006 3332 ἐνώσεως,
3031 3268 3092 3322 de
3114 3269 3306 3322 unione
3324 3269 3633 3336 inscripse?

2047 3374 2152 3429 rat,
2178 3374 2313 3420 teste
2345 3363 2670 3434 Nicephoro.
2713 3363 2869 3417 Hunc
2897 3362 3096 3415 librum
3123 3376 3245 3415 cum
3285 3361 3375 3414 alii
3413 3359 3619 3414 refuta-

2047 3470 2217 3523 rttnt,
2271 3468 2384 3512 tum
2429 3459 2752 3514 Anastasius
2809 3463 3024 3519 noster;
3085 3457 3242 3526 cujus
3313 3455 3621 3508 lucubratio

2051 3552 2301 3618 utinam,
2359 3551 2406 3606 si
2447 3552 2662 3620 penitus
2719 3567 2826 3606 non
2883 3550 3074 3622 periit,
3137 3565 3202 3604 ex
3268 3547 3506 3603 tenebris
3565 3546 3620 3599 in

2050 3645 2225 3700 lucem
2279 3643 2622 3698 educeretur.

1161 4269 1649 4330 BREVIARIUM
1713 4271 1910 4330 VIT/E
1962 4270 2060 4329 ΕΤ
2112 4269 2388 4330 RERUM
2432 4268 2842 4329 GESTARUM

1335 4458 1636 4519 Anastasii
1678 4458 1926 4521 Sinaitae
1967 4455 2335 4537 patriarcha)
2375 4453 2772 4518 Antiocheni.

1600 4643 1869 4704 (Gretser.,
1894 4615 2078 4705 cppLi.
2117 4642 2240 4704 x1v,
2282 4639 2413 4702 tsi.)

457 4864 505 4922 ί.
551 4861 642 4922 Fit
684 4859 1022 4940 episcopus
1049 4855 1474 4920 Antiochenus
1502 4873 1672 4919 anno
1708 4856 1933 4918 Christi
1989 4874 2162 4918 anr.

455 4989 530 5048 ll.
578 4990 912 5067 Repugnat
939 4985 1250 5064 intrepide
1281 4984 1576 5046 haaretico
1607 4984 2180 5069 edictoJustiniani
2215 4985 2614 5065 imperatoris
2648 5002 2816 5050 anno
2864 4986 3085 5049 Christi
3133 5005 3345 5051 num.
3377 4989 3464 5051 De
3499 5007 3628 5068 quo

383 5089 522 5165 lege
569 5087 899 5164 Evagrium
937 5085 1046 5147 lib.
1091 5104 1177 5160 ιν,
1225 5103 1363 5165 cap.
1405 5084 1502 5145 38.

458 5215 696 5278 llI..Ab
727 5215 860 5293 ejus
909 5213 1148 5293 judicio
1207 5214 1415 5275 cancri
1460 5213 1794 5275 orthodoxi
1839 5212 2234 5292 pendebant,
2297 5221 2454 5276 teste
2494 5213 2796 5291 Evagrio,
2857 5214 3006 5293 quia
3043 5218 3103 5272 et
3145 5211 3518 5273 sanctissimi
3565 5219 3628 5272 et

380 5315 726 5379 doctissimi
762 5315 938 5410 fama
988 5314 1436 5375 celebrabatur.

460 5437 558 5496 IV.
611 5439 675 5496 [η
707 5436 994 5496 exsilium
1045 5435 1290 5514 ejicitur
1337 5452 1371 5495 a
1418 5435 1662 5496 Iustino
1701 5435 2082 5516 imperatore
2147 5455 2313 5498 anno
2360 5436 2578 5498 Christi
2631 5452 2876 5509 anxu,
2919 5434 3113 5514 idque
3167 5434 3520 5495 invidorum
3569 5441 3630 5494 et

392 5536 911 5599 calumniatorum
951 5537 1178 5598 studio.
1223 5537 1487 5597 Consule
1525 5537 1850 5613 Evagrium
1882 5539 1991 5600 lib.
2027 5558 2087 5612 v,
2131 5558 2268 5618 cap.
2306 5540 2361 5598 6.

471 5652 538 5710 ν.
583 5655 845 5715 Sanctus
899 5654 1236 5732 Gregorius
1285 5657 1542 5733 Magnus
1588 5656 1803 5716 institit
1848 5658 2012 5736 apud
2060 5659 2525 5736 imperatorem,
2581 5664 2646 5718 ut
2680 5655 3030 5717 Anastasius
3061 5647 3191 5715 sedi
3224 5649 3629 5713 Antiocheth
