3888 6136
263 265 356 325 33
1519 266 1710 329 γιΤιιΕ
1750 270 1798 327 S.

2007 269 2271 331 STASII.
2348 328 2357 337 .
2978 338 2983 341 .
3473 274 3542 338 34

269 384 739 456 restitueretur,
779 390 975 463 utque
1002 382 1239 444 interea
1284 380 1431 442 dum
1466 399 1564 442 res
1600 382 1951 453 coniicitur,
1996 383 2210 442 Romae
2247 386 2475 444 versari
2517 384 3002 463 permitteretur.
3038 390 3217 448 Anno
3251 388 3547 449 Redem--

270 483 479 564 ptoris
503 502 654 545 nxc.
685 484 841 546 Vide
870 484 1198 562 epistolam
1232 482 1266 544 6
1292 483 1431 545 libri
1460 482 1647 567 primi
1670 483 1862 561 Epist.
1887 483 2082 543 sancti
2103 484 2408 561 Gregorii,
2436 484 2542 563 qui
2570 488 2845 566 acceptis
2872 489 2950 550 ab
2973 486 3291 549 Anastasio
3320 486 3542 549 litteris

272 583 542 646 miriﬁce
571 602 639 647 se
668 583 1048 647 oblectatum
1083 590 1362 646 testatur.
1394 579 1768 661 Epistulam,
1814 582 2041 661 inquit,
2084 582 2490 645 beatitudinis
2522 594 2740 645 vestra-
2769 595 2837 645 ut
2865 588 3066 665 fessus
3105 586 3404 666 requiem,
3436 603 3539 645 sa-

271 683 470 745 lutem
507 704 694 766 eger,
723 688 959 765 fontem
989 687 1230 759 sitiens,
1266 702 1428 764 ager
1462 691 1727 744 wstuans
1756 685 1990 762 accepi,
2030 692 2148 745 etc.

355 810 459 871 VI.
504 811 864 890 Becuperat
902 808 1120 871 sedem
1149 824 1325 869 suam
1356 804 1810 867 Antiochenam
1847 821 2014 866 anno
2047 806 2260 867 salutis
2303 823 2499 867 nxcv.

355 938 488 996 VII.
533 932 891 996 Gratulatur
919 931 1012 993 illi
1046 937 1297 993 sanctus
1324 926 1662 1005 Gregorius
1689 928 1973 1004 Magnus.
2010 926 2164 988 Vide
2200 928 2308 989 lib.
2341 946 2406 988 1v
2434 928 2726 1007 Registri,
2759 929 2943 1008 epist.
2992 928 3089 989 37.

356 1058 516 1118 VIII.
558 1053 918 1116 Anastasius
951 1058 1184 1114 rectam
1214 1051 1586 1115 sententiam
1616 1050 1696 1112 de
1724 1051 2134 1130 processione
2172 1052 2437 1133 Spiritus
2466 1053 2663 1114 sancti
2693 1068 2771 1113 ex
2808 1053 2989 1113 Patre
3031 1059 3092 1113 et
3116 1052 3275 1115 Filio
3304 1058 3536 1115 tuetur.

274 1157 443 1220 Vide
483 1158 714 1217 Baron.
762 1168 931 1215 anno
958 1169 1182 1227 nxcm,
1228 1169 1294 1214 n.
1338 1151 1434 1212 47.
2053 1151 2057 1154 ’

356 1254 473 1340 IX.
507 1276 774 1356 Scripsit
802 1275 879 1337 ad
922 1281 1208 1337 sanctum
1243 1274 1614 1354 Gregorium
1642 1277 1957 1352 Magnum,
1993 1280 2054 1336 et
2085 1276 2574 1338 controversiam
2608 1275 2686 1337 de
2718 1275 2975 1337 nomine
3007 1275 3381 1339 universalis
3409 1292 3539 1339 non

274 1382 442 1443 adeo
481 1378 697 1455 magni
730 1377 1020 1439 aestimat.
1067 1381 1247 1439 Anno
1280 1378 1494 1456 gratiae
1528 1395 1767 1438 nxcvn.
3149 1386 3154 1391 '

353 1508 435 1567 Χ.
466 1507 759 1567 Monetur
786 1506 1145 1567 Anastasius
1179 1523 1215 1568 a
1260 1512 1476 1568 sancto
1515 1506 1816 1583 Gregorio
1895 1506 1974 1569 de
2019 1524 2201 1569 causa
2248 1505 2505 1569 Joannis
2557 1502 2926 1585 patriarcha)
2969 1500 3538 1580 ConstantinOpoli-

272 1607 447 1679 tani,
501 1606 617 1685 qui
667 1604 1209 1674 sibiuniversalis
1252 1605 1744 1685 appellationem
1793 1608 2143 1683 arrogabat.

354 1730 471 1791 XI.
510 1729 767 1790 Librum
807 1728 1007 1791 sancti
1039 1728 1345 1807 Gregorii,
1377 1728 1486 1807 qui
1522 1728 1848 1790 Pastorate
1879 1726 2263 1799 inscribitur,
2336 1725 2649 1788 transtulit
2691 1725 3048 1788 Anastasius
3096 1741 3172 1785 ex
3220 1720 3435 1784 Latino
3462 1719 3555 1784 in.

275 1833 566 1890 Graecum
605 1845 990 1890 sermonem.
1031 1830 1293 1890 Sanctus
1338 1829 1676 1906 Gregorius
1714 1827 1827 1889 lib.
1878 1846 1949 1902 x,
2002 1828 2188 1907 epist.
2231 1825 2328 1887 22.

353 1950 485 2010 XII.
527 1949 698 2011 Obiit
754 1949 1114 2011 Anastasius
1185 1965 1353 2011 anno
1401 1948 1646 2011 Domini
1692 1966 1931 2022 nxc1x,
1980 1948 2083 2011 cui
2133 1949 2198 2009 in
2257 1947 2702 2028 Martyrologio
2742 1950 3030 2010 Romano
3090 1945 3210 2010 hoc
3259 1940 3536 2019 elogium

278 2046 535 2129 ponitur
582 2047 660 2107 ad
710 2048 876 2108 diem
909 2065 1023 2108 xxx
1052 2047 1274 2127 Aprilis
1315 2069 1330 2109 :
1361 2046 1729 2121 Antiochiae,
1769 2047 1972 2109 sancti
2016 2047 2338 2108 Anastasii
2368 2049 2651 2122 Sinaitw,
2687 2047 2981 2126 episcopi.

720 2278 934 2311 ...ιφ
1026 2292 1107 2321 ζμ

1513 3596 1663 3682 vi»
2166 3598 2321 3692 γι)
