3888 6136
368 303 438 367 35
1507 322 1517 331 .
1572 275 1632 334 S.
1674 271 2079 333 ANASTASII
2119 268 2444 330 SINAIT/E
3510 264 3622 327 '36

374 433 671 461 εει-ετ.-

671 440 1251 458 ——-——._'-_..__:—:.:_;;r—v
1267 440 1360 453 νυ...-
1376 443 1536 451 υ--νοο-δ
1547 440 1880 450 -σ--ο--ν--ν--ιο-

3159 414 3608 430 M

1548 580 1772 669 ΤΟΥ
1815 582 1958 667 ΕΝ
2005 577 2373 719 ᾼΓΙΟΙΣ

774 731 2044 923 ΑΝΑΣΤΑΣΙΟΥ
2117 755 2125 762 ’
2190 752 3247 918 ΣΙΝΑΙΤΟΥ,,

1347 1035 1942 1095 ΑΝΤΙΟΧΕῙΑΣ
1999 1031 2570 1101 ΕΠΙΣΚΟΠΟΥ,

1595 1207 2350 1343 ΟΔΗΓΟΣ.

814 1681 950 1809 S.
1086 1677 2150 1806 ANASTASII
2269 1674 3223 1827 SINAITXE,

1546 1932 1887 1996 EPISCOPI
1941 1933 2424 2009 ANTIOCHENI,

357 2152 748 2302 WE
819 2151 1223 2305 DUX
1311 2145 2311 2302 ADVERSUS
2423 2144 3610 2360 ACEPHALOS.

1381 2412 1670 2484 (Gretser.,
1692 2416 1829 2485 Opp.
1862 2423 1900 2469 t.
1947 2411 2088 2478 XIV,
2120 2428 2175 2485 p.
2206 2414 2232 2469 i
2262 2413 2350 2469 ed.
2417 2413 2599 2485 mo.)

864 2718 999 2789 1—9
1043 2716 1430 2772 anrnzo.

426 2832 701 2904 Rogamus
724 2832 958 2889 lectores
985 2831 1149 2901 hujus
1180 2832 1301 2885 libri
1328 2871 1343 2897 ,
1379 2839 1438 2885 ut
1471 2831 1630 2886 nobis
1657 2832 1944 2904 ignoscant

353 2923 426 2978 ob
463 2926 644 2978 varias
674 2923 1044 2977 correctiones
1076 2921 1280 2991 passim
1316 2922 1611 2985 adhibitas,
1643 2931 1697 2978 et
1726 2933 1943 2993 propter

353 3015 701 3085 tautologias,
757 3029 1046 3083 rerumque
1077 3021 1132 3067 et
1168 3015 1460 3069 verborum
1491 3016 1810 3072 iterationes
1840 3034 1942 3074 sae-

352 3109 477 3178 pius
510 3107 835 3161 commissas
869 3124 882 3160 :
918 3122 1042 3160 nam
1083 3105 1387 3176 frequentia
1425 3110 1810 3178 aegritudinum
1838 3127 1940 3164 no-

354 3207 593 3259 strarum
643 3211 751 3249 non
806 3194 1035 3259 ferebat,
1090 3206 1150 3248 ut
1200 3195 1253 3249 in
1296 3196 1379 3250 his
1428 3212 1526 3265 pro
1566 3199 1733 3252 animi
1767 3201 1939 3254 nostri

354 3288 627 3344 sententia
671 3302 1039 3342 versaremur.
1082 3285 1188 3338 Par
1215 3287 1359 3339 enim
1394 3298 1497 3351 est,
1532 3288 1704 3358 utqui
1746 3289 1940 3359 hujus-

354 3382 503 3436 tnodi
536 3380 859 3436 Christiana:
901 3379 1180 3449 religionis
1230 3380 1578 3450 dogmatibus
1604 3384 1939 3452 explicandis

354 3487 575 3541 operam
605 3482 764 3526 naval
789 3510 806 3537 ,
833 3471 1017 3525 omnia
1049 3471 1103 3524 in
1136 3471 1354 3526 scitedis
1388 3483 1629 3534 annotet,
1666 3475 1937 3545 corrigat,

357 3567 523 3632 inque
560 3579 752 3618 versus
791 3562 1121 3632 di5tinguat;
1148 3571 1204 3618 et
1245 3572 1361 3616 tum
1402 3563 1644 3619 librariis
1674 3567 1941 3622 concinne

354 3665 688 3719 venusteque
745 3653 1167 3707 describendum
1225 3654 1421 3707 tradat.
1482 3653 1680 3709 Verum
1740 3664 1794 3710 et
1850 3656 1940 3709 hic

356 3745 615 3813 segnities
668 3751 725 3798 et
761 3743 1032 3797 lentitudo
1080 3759 1293 3809 eorum,
1353 3745 1447 3815 qui
1504 3762 1611 3799 una
1656 3746 1937 3801 nuliiscum

356 3838 619 3897 sentiunt,
665 3837 901 3891 debitam
947 3836 1242 3907 diligentiae
1290 3846 1345 3892 et
1392 3838 1675 3895 industriae
1720 3841 1938 3894 laudem

355 3929 562 3982 retulit.
614 3926 958 3996 Quapropter
1006 3928 1282 3983 schedula:
1330 3930 1449 3984 loco
1496 3930 1786 3994 tetradem,
1840 3946 1935 3985 seu

355 4017 765 4086 qnaternionem
789 4018 1260 4086 adepti,eumdem
1292 4019 1346 4072 in
1384 4019 1560 4074 lucem
1583 4019 1933 4093 proferimus.

1966 2724 2013 2780 Α

2625 2715 3029 2771 ΠΡΟΟΙΜΙΟΝ.

2114 2829 2545 2901 Παρακαλοῦμεν
2591 2830 2715 2894 τοὺς
2765 2828 3057 2901 μέλλοντας
3105 2831 3451 2903 ἐντυγχάνειν
3498 2831 3625 2905 τῇδε

2041 2922 2109 2992 τῇ
2147 2919 2313 2991 βίϐλῳ
2336 2918 2668 2992 συγγνώμην
2696 2921 3027 2992 ποιήσασθαι
3048 2922 3141 2974 ὲπὶ
3182 2926 3299 2987 ταῖς
3343 2923 3628 2988 πλείσταις

2041 3013 2100 3065 ὲν
2119 3013 2254 3084 αὐτῇ
2273 3010 2609 3084 διορθώσεσι,
2645 3012 2677 3083 ἢ
2702 3013 3076 3081 ταυτολογίαις
3095 3030 3109 3044 ·
3140 3013 3201 3066 τὸ
3242 3013 3350 3085 γὰρ
3388 3014 3626 3069 ἀδιάλει-

2043 3121 2175 3158 πτον
2188 3106 2297 3158 τῶν
2309 3104 2602 3158 ἀσθενειῶν
2613 3104 2672 3157 οὐ
2696 3103 3049 3177 συγχώρησεν
3070 3108 3201 3177 ἡμῖν
3218 3106 3275 3158 ἐν
3296 3107 3433 3177 αὐτῇ
3453 3124 3627 3160 κατα-

2044 3197 2255 3267 θυμίως
2311 3195 2645 3268 πράξασθαι.
2694 3198 2788 3250 Δεῖ
2837 3197 2946 3267 γὰρ
2992 3195 3062 3250 τὰ
3111 3198 3337 3252 τοιαῦτα
3386 3197 3625 3270 Χριστοῦ

2039 3286 2286 3356 δόγματα
2316 3286 2813 3359 προσχιδεύσασθαι
2839 3289 2934 3343 καὶ
2977 3287 3343 3360 διορθοῦσθαι,
3380 3291 3474 3344 καὶ
3514 3307 3629 3343 στι-

2041 3377 2325 3450 χίζεσθαι,
2355 3380 2448 3431 καὶ
2494 3375 2593 3431 εἷθ’
2644 3378 2818 3442 οὕτως
2847 3360 3363 3455 καλλιγραφεῖσθαι,
3398 3380 3533 3434 ἀλλὰ
3564 3381 3629 3434 τὸ

2043 3470 2306 3543 ῥᾴθυμον,
2354 3472 2450 3524 καὶ
2491 3470 2725 3539 ὀκνηρὸν
2774 3469 2885 3524 τῶν
2935 3471 3222 3542 ἡμετέρων
3271 3472 3622 3543 συμφρόνων.

2040 3562 2211 3633 αὐτὴν
2263 3562 2584 3633 πρέπουσαν
2615 3560 2954 3630 φιλοπονίαν,
2987 3563 3081 3616 καὶ
3136 3564 3374 3635 σπουδὴν
3402 3566 3460 3616 ὲν
3508 3563 3621 3624 τοῖς

2040 3653 2303 3716 τοιούτοις
2355 3652 2643 3723 κέκτηται.
2688 3652 2781 3706 Διδ
2821 3652 2943 3707 ἀντὶ
2984 3653 3203 3723 σχέδους
3246 3656 3348 3725 τὴν
3389 3653 3623 3724 τετράδα

2041 3744 2384 3814 κατέχοντες,
2422 3740 2596 3806 οὕτως
2617 3742 2935 3813 ὲξεθέμεθα.
2965 3741 3028 3796 El
3057 3743 3114 3796 δὲ
3140 3744 3236 3797 καὶ
3266 3744 3367 3796 οὐκ
3396 3744 3542 3806 εἰκὸς
3565 3741 3624 3797 ἓν

2039 3855 2146 3891 τινι
2188 3836 2352 3904 λόγῳ,
2401 3834 2435 3906 ἦ
2487 3836 2718 3907 νοήματι
2745 3836 3100 3907 ἀπρεπόντως
3141 3837 3462 3905 εἰρήκαμεν,
3495 3852 3621 3903 συγ-

2042 3927 2267 3996 γνώμην
2312 3925 2632 3997 αἰτούμεθα.
2678 3928 2856 3990 Μόνος
2891 3926 3001 3998 γὰρ
3040 3928 3334 3989 ἄπταιστος
3382 3928 3410 3979 ὁ
3467 3927 3625 3996 μόνος

2040 4020 2191 4083 Θεός.

356 4110 511 4177 Quod
545 4109 589 4163 si
624 4110 824 4163 alicubi
854 4110 1062 4180 aliquid
1088 4110 1449 4181 improbabile
1483 4120 1576 4166 aut
1634 4127 1664 4166 a
1729 4127 1860 4167 vero
1918 4128 2085 4168 sensu
2144 4125 2414 4171 remotum
2459 4111 2721 4180 diximus,
2769 4111 2984 4167 veniam
3023 4110 3339 4183 poscimus;
3371 4111 3622 4181 quando-

354 4202 574 4274 quidem
596 4200 747 4256 solns
783 4200 928 4256 Deus
953 4216 983 4255 a
1013 4201 1167 4271 lapsu
1196 4202 1458 4257 immunis
1487 4213 1589 4259 est.

423 4290 624 4346 Adlnee
649 4291 990 4345 obtestamur
1010 4305 1125 4358 eos,
1152 4292 1245 4362 qui
1274 4292 1477 4347 librum
1505 4293 1650 4348 hunc
1677 4291 1939 4348 transcri-

2112 4290 2257 4364 Πρὸς
2298 4289 2511 4351 τούτοις
2542 4287 2904 4359 δυσωποῦμεν
2934 4288 3026 4343 τὸν
3076 4289 3452 4360 μεταγράφειν
3497 4289 3625 4359 μὲλ-

352 4382 499 4452 ptnri
547 4379 718 4446 sunt,
756 4392 815 4437 ut
859 4392 915 4437 et
957 4382 1166 4438 scholia
1208 4383 1468 4453 adjiciant
1504 4402 1517 4437 :
1572 4394 1939 4453 accentusque

355 4482 609 4527 accurate
668 4474 983 4538 observent,
1026 4480 1081 4528 et
1123 4474 1346 4543 puncta,
1387 4485 1441 4529 et
1485 4476 1844 4545 semipuncta,
1886 4484 1941 4528 et

353 4565 471 4632 ipsa
516 4565 680 4619 etiam
729 4564 956 4626 soloeca,
997 4579 1094 4619 seu
1140 4564 1441 4620 soloecismi
1503 4566 1777 4636 specimen
1829 4579 1940 4633 prae

353 4670 414 4709 se
441 4654 702 4720 ferentia;
730 4654 859 4723 quia
893 4652 1031 4708 alias
1060 4670 1280 4725 quoque
1308 4656 1541 4725 imperiti
1582 4656 1805 4725 quidam
1842 4671 1940 4708 no-

354 4744 529 4797 strtim
577 4740 946 4811 dogmaticum
990 4752 1197 4797 tomum
1249 4745 1600 4815 blaspltemiis
1647 4746 1699 4798 in
1735 4745 1940 4800 descri-

355 4835 538 4904 ptione
557 4834 927 4903 oppleverant.

429 4964 673 5019 INDEX
692 4964 979 5040 EORUM,
1013 4966 1189 5034 QUJE
1213 4967 1761 5023 CONTINENTUR
1785 4968 1870 5022 IN

356 5058 741 5125 LIBRO,QUI
776 5062 1077 5123 ΟΔΗΓΟΣ,
1107 5058 1252 5116 HOC
1282 5061 1417 5117 EST
1478 5061 1615 5116 γιιλΕ
1650 5060 1939 5120 DUX,IN--

937 5153 1356 5210 SCRIBITUR.

358 5248 398 5301 l.
430 5246 746 5301 Protlieoria
776 5262 870 5301 seu
905 5247 1386 5317 praeconsideran'o
1415 5245 1614 5309 brevis,
1655 5247 1708 5298 in
1744 5246 1944 5314 quibus

426 5355 485 5394 se
505 5354 758 5393 exercere
779 5340 974 5394 debrat
991 5339 1078 5393 ille
1140 5339 1233 5408 qui
1254 5339 1320 5393 de
1338 5338 1535 5408 divina.
1549 5336 1653 5391 tidc
1687 5351 1833 5392 recte
1853 5352 1945 5391 co-

428 5430 565 5498 gitat
598 5430 893 5485 disserere.

360 5518 424 5573 ll.
472 5516 824 5576 Delinitiones
884 5520 1201 5591 dogmaticae
1247 5519 1549 5575 secundum
1595 5521 1940 5576 traditionem

431 5610 881 5667 ecclesiasticam.

2041 4381 2200 4436 λοντα
2238 4380 2581 4454 παραθέσθαι
2628 4382 2723 4436 καὶ
2760 4382 2829 4435 τὰ
2859 4380 3048 4452 σχόλια
3077 4396 3092 4412 ο
3122 4380 3536 4451 σημειώσασθαι
3568 4381 3625 4433 δὲ

2040 4472 2318 4543 ἐπιμελῶς
2365 4473 2460 4525 καὶ
2503 4473 2628 4535 τοὺς
2666 4472 2874 4536 τόνους,
2919 4473 3014 4526 καὶ
3053 4472 3309 4542 στιγμὰς,
3359 4474 3453 4526 καὶ
3494 4473 3624 4525 ὑπο-

2041 4564 2297 4635 στιγμὰς.
2336 4564 2429 4617 καὶ
2461 4564 2531 4619 τὰ
2562 4564 2800 4617 σόλοικα.
2828 4564 2936 4616 Καὶ
2961 4564 3070 4633 γὰρ
3090 4564 3277 4617 ἄλλοτέ
3313 4581 3457 4628 τινες
3485 4564 3626 4617 ἰδιῶ-

2040 4674 2129 4709 ται
2145 4656 2598 4727 μεταγράψαντες
2610 4658 2643 4726 ή
2654 4656 2769 4727 μῶν
2780 4656 2875 4724 δογ
2881 4673 2984 4726 ματ
2994 4657 3110 4710 ικὸν
3125 4657 3309 4728 τόμον,
3329 4658 3387 4724 ἐξ
3403 4657 3625 4725 ἀγνοίας

2048 4746 2404 4818 βλασφημιῶν
2431 4747 2594 4801 αὑτὸν
2633 4747 2975 4819 ἐπλήρωσαν.

2052 4973 2223 5025 ΤΑΔΕ
2266 4972 2485 5025 ΕΣΤΙΝ
2528 4971 2633 5024 EN
2678 4972 2774 5042 Τῌ
2814 4971 3032 5040 ΒΙΒΛῼ
3083 4970 3629 5042 ΤῌίΛΕΓΟΜΕΝῌ

2715 5063 2969 5132 amre.

2050 5242 2126 5295 A'.
2188 5243 2503 5314 Προθεωρέα
2551 5242 2671 5296 κατ’
2707 5244 2974 5313 ἐπιτομὴν
3020 5237 3094 5296 ὧν
3132 5243 3212 5295 δεῖ
3253 5242 3502 5307 ἔξασκεῖν
3536 5243 3627 5296 τὸν

2119 5337 2246 5405 περὶ
2272 5335 2507 5399 πίστεως
2526 5334 2663 5388 Θεοῦ
2698 5336 2879 5389 λαλεῖν
2900 5336 3079 5398 καλῶς
3108 5335 3449 5405 βουλόμενον.

2051 5515 2124 5568 B'.
2157 5516 2315 5587 Ὅροι
2334 5516 2655 5586 δογματικοὶ
2683 5516 2824 5571 κατὰ
2847 5516 2945 5587 τὴν
2968 5514 3427 5591 ἐκκλησιαστικὴν
3449 5512 3625 5583 παρά.

2125 5607 2289 5660 δοσιν.
