3888 6136
374 269 449 330 39
498 243 512 254 ’
974 330 979 333 ,
1571 279 1632 338 s.
1672 276 2071 339 ANASTASII
2108 276 2433 339 SINAITAZ
3557 282 3628 348 to

382 383 394 395 ’
437 410 563 450 eum
598 392 736 449 Filio
759 394 1073 450 incarnatos
1100 408 1241 451 esse.
1278 395 1346 449 At
1380 400 1507 449 ante
1542 390 1613 444 26
1644 388 1940 459 capitulum

2116 387 2177 440 τὸ
2205 388 2447 459 Πνεῦμα.
2485 388 2597 461 Πρὸ
2619 388 2677 442 δὲ
2710 389 2863 459 φίλου
2890 389 2985 443 τοῦ
3008 388 3086 444 κδ’
3094 432 3106 445 .
3149 391 3438 458 κεφαλαίου
3468 394 3631 468 εὑρή-

438 486 683 541 invenies
708 485 964 542 Scholion
1000 485 1066 541 de
1096 486 1216 541 solo
1245 483 1382 539 Filio
1405 482 1498 538 Dei
1534 482 1836 537 incaruato.

881 681 1112 739 CAPUT
1147 680 1437 737 PRIMUM.

370 796 564 851 Divina
592 796 878 867 adjuvaute
915 796 1113 865 gratia,
1137 794 1509 867 progymnqsia
1548 805 1948 867 seuuprteemer-

440 868 624 921 citatio
655 862 864 930 'brevis,
901 862 1167 919 instruens
1211 862 1488 934 quemlibet
1526 863 1860 934 studiosum,
1894 862 1950 912 in

438 939 630 999 quibus
672 953 785 1005 sese
824 951 1099 997 exercere,
1149 945 1199 987 et
1225 933 1457 1005 quorum
1489 933 1734 985 notitiam
1759 944 1951 1005 partire

434 1007 640 1061 debeat.
689 1004 1009 1058 Necessario
1041 1015 1220 1057 autem
1245 1001 1256 1005 ⁷
1279 1004 1622 1073 requiruntur
1657 1001 1949 1070 sequentia.

442 1114 513 1172 Ut
537 1122 663 1169 ante
689 1114 878 1169 omnia
912 1113 1080 1167 vitam
1106 1115 1393 1166 honestam
1413 1123 1742 1182 gravemque
1764 1106 1949 1171 ducat,

318 1270 333 1275 _
367 1218 423 1263 et
452 1206 710 1276 Spiritum
740 1214 989 1260 sanctum
1018 1202 1253 1258 incolam
1292 1201 1348 1254 in
1384 1200 1566 1253 animo
1593 1198 1808 1251 habeat.

442 1299 515 1352 Ut
543 1297 909 1361 deﬁnitiones,
957 1293 1230 1363 pmcipue
1260 1290 1436 1361 magis
1465 1288 1828 1352 necessarias,
1862 1301 1954 1340 ac-
1985 1336 1995 1348 ,

369 1399 554 1446 curate
580 1396 893 1458 perspectas
925 1386 1141 1440 habeat.

438 1478 509 1535 Ut
531 1494 690 1534 sensa
716 1487 769 1532 et
815 1466 1101 1547 opiniones
1129 1472 1574 1529 adversariorum
1619 1469 1952 1524 adamussim

369 1570 529 1633 sciat,
569 1582 871 1637 eorumque
903 1567 1105 1635 scripta
1128 1566 1344 1619 evolvat
1377 1582 1391 1619 :
1427 1564 1525 1633 ιι
1576 1562 1768 1617 crebro
1805 1560 1952 1615 enim

366 1675 433 1715 ex
466 1660 600 1729 ipsis
631 1657 912 1729 pudeﬁeri,
946 1666 1001 1711 et
1024 1658 1080 1710 iu
1106 1657 1364 1710 ruborem
1404 1656 1521 1709 dari
1552 1661 1830 1723 poterunt.

438 1830 511 1887 Ut
556 1846 679 1886 cum
717 1828 960 1900 profanis
1004 1837 1057 1883 et
1097 1828 1259 1884 fatuis
1308 1830 1654 1899 promiscue,
1693 1838 1745 1882 et
1776 1826 1951 1881 indis-

365 1924 693 1980 criminatim
748 1925 815 1976 de
885 1922 1157 1992 capitibus
1206 1920 1331 1975 ﬁdei
1409 1921 1463 1974 iu
1513 1929 1787 1974 certamen
1818 1935 1948 1985 tuon

364 2015 675 2078 descendat,
700 2015 794 2067 sed
826 2012 1016 2066 habito
1046 2013 1278 2079 delectu,
1311 2026 1435 2065 cum
1462 2011 1661 2081 quibus
1691 2018 1747 2064 et
1770 2025 1948 2079 quau-

363 2108 433 2161 do
455 2147 470 2165 .
507 2116 560 2160 et
592 2112 861 2175 quantum
903 2112 1140 2173 oportet.
1621 2159 1627 2166 ,

441 2194 507 2249 Ut
546 2210 766 2247 omnem
806 2192 1045 2247 divinam
1081 2190 1419 2260 Scripturam
1464 2205 1588 2244 cum
1625 2188 1824 2243 timore
1859 2187 1948 2241 Dei

362 2288 591 2351 lustret;
640 2302 747 2339 non
815 2284 1051 2353 maligna
1113 2294 1310 2346 mente,
1355 2283 1447 2336 sed
1502 2282 1554 2333 in
1608 2281 1952 2349 simplicitate

366 2378 546 2434 cordis
580 2395 594 2431 :
637 2392 814 2446 neque
844 2391 906 2430 ea
943 2390 1066 2443 quae
1098 2385 1318 2444 captum
1359 2384 1609 2427 nostrum
1651 2382 1949 2440 superant,

366 2486 595 2541 quaeque
635 2469 831 2523 divinae
871 2466 1088 2520 Littera:
1138 2475 1596 2534 suppresserunt,
1638 2464 1870 2518 scrutari
1897 2471 1952 2516 et

364 2572 704 2619 contrectare
738 2561 887 2613 velit.
939 2556 1055 2612 Hoc
1085 2556 1343 2611 nimirum
1378 2568 1488 2622 est,
1529 2575 1547 2607 ι
1576 2553 1650 2611 Os
1680 2571 1788 2609 non
1819 2569 1950 2609 con-

365 2652 604 2724 l'riugere
636 2652 693 2705 ἰ
730 2670 749 2702 ι
803 2650 906 2704 hoc
952 2658 1067 2712 est,
1115 2662 1223 2702 non
1274 2657 1493 2724 tangere
1542 2648 1698 2700 ﬁrma
1758 2655 1810 2700 et
1859 2661 1950 2700 so-

363 2722 499 2801 lida.
546 2740 616 2798 Ut
655 2756 777 2815 quas
818 2740 1038 2794 deﬁnite
1074 2740 1218 2794 dicta
1281 2722 1446 2801 sunt,
1490 2736 1560 2790 ab
1626 2734 1749 2790 aliis
1785 2737 1951 2789 inter-

363 2846 558 2892 noscat
585 2853 599 2887 :
647 2843 702 2888 et
752 2848 947 2888 rursus
968 2872 982 2897 ,
1021 2847 1142 2900 qua:
1171 2829 1396 2901 abusive
1420 2868 1435 2894 ,
1469 2843 1656 2897 quaeve
1689 2828 1950 2898 simplici-

366 2941 447 2985 ter
481 2945 495 2993 ;
543 2926 851 2997 cujusmodi
884 2925 1014 2978 illud
1047 2942 1062 2977 :
1102 2942 1119 2975 ι
1157 2922 1348 2978 Omnis
1382 2924 1546 2976 homo
1578 2921 1808 2976 mendax
1838 2925 1858 2953 ³
1884 2940 1898 2989 ;
1924 2941 1943 2972 ι

2122 494 2234 542 σεις
2264 479 2470 550 σκόλιον
2500 480 2625 551 περὶ
2653 479 2752 549 τῆς
2789 481 2914 549 μιᾶς
2937 479 3071 534 Θεοῦ
3100 481 3273 550 Λόγου
3309 484 3524 552 φύσεως
3548 503 3633 540 σε·-

2124 586 2309 641 σαρκω
2314 572 2502 643 μένης.

2471 683 2513 735 Κ
2525 684 2867 737 ΕΦΑΛΔΙΟΝ
2909 685 3206 740 ΠΡΩΤΟΝ.

2050 791 2282 869 Σὺνξξῷ
2314 793 2457 869 Θεῷ,
2498 797 2919 869 προγνμνασία
2943 798 3069 869 κατ’
3102 797 3421 869 ἐπιτομὴν,
3450 798 3633 869 cypa-

2120 860 2364 937 τίζουρςᾳ
2398 864 2521 937 τὸνμ
2536 860 2873 937 φιλόπονον
2918 867 3052 937 περὶ
3090 861 3177 921 ὧν
3206 860 3301 921 δεῖ
3336 860 3452 937 arpi)
3477 860 3633 925 Idr-

2120 947 2240 985 των
2268 932 2574 998 ἐξασκεῒν,
2607 935 2708 989 καί
2741 935 2857 1002 τὴν
2893 932 3134 1005 sibila-tr
3157 937 3342 1005 ἔχειν.

2122 1106 2249 1160 Ὅτι
2270 1109 2352 1162 δεῖ
2374 1113 2800 1184 προηγουμένως
2830 1113 2944 1184 βίον
2965 1116 3183 1187 σεμνὸν,
3204 1117 3299 1171 καὶ
3323 1118 3384 1172 τὸ
3404 1119 3633 1191 Πνεῦμα

2050 1197 2143 1251 τοῦ
2176 1198 2310 1252 Θεοῦ
2340 1199 2546 1254 ἔνοικον
2580 1202 2744 1272 ἔχειν.

2127 1289 2246 1343 Ὅτι
2277 1290 2356 1344 δεῖ
2385 1292 2510 1356 τοὺς
2535 1293 2826 1364 ὅρους,καὶ
2846 1294 3082 1365 μάλιστα
3114 1298 3239 1360 τοὺς
3268 1298 3632 1367 ἀναγκαιοτέ-

2054 1397 2182 1451 ρους
2210 1381 2538 1438 ἐπίστασθαι
2564 1387 2627 1437 ὲκ
2658 1386 2910 1458 στήθους.

2126 1472 2247 1525 Ὅτι
2277 1472 2358 1526 δεῖ
2394 1476 2684 1542 γινώσκειν
2710 1477 2853 1530 κατά
2880 1476 3168 1550 ἀκρίϐειαν
3200 1477 3272 1533 τὰ
3305 1481 3631 1552 φρονήματα

2051 1559 2162 1616 τῶν
2186 1562 2244 1629 ἐξ
2271 1564 2537 1631 ἐναντίας,
2571 1566 2666 1620 καὶ
2685 1568 2979 1635 ὲγκύπτειν
2998 1571 3120 1632 ταῖς
3136 1570 3342 1622 τούτων
3369 1574 3626 1642 γραφαῖς.

2053 1653 2318 1720 Πολλάκις
2349 1655 2456 1727 γάρ
2506 1655 2565 1721 ἐξ
2608 1659 2786 1712 αὐτῶν
2815 1659 3012 1723 αὐτοὺς
3058 1661 3440 1732 καταισχύνειν
3466 1663 3631 1719 δυνά-

1980 1729 2024 1786 Β
2055 1746 2216 1818 μεθα.

2126 1836 2247 1889 Ὅτι
2276 1837 2337 1891 οὐ
2368 1838 2450 1890 δεῖ
2479 1840 2591 1900 τοῖς
2625 1838 2913 1910 ἀμυήτοις,
2942 1821 3037 1895 καὶ
3061 1842 3291 1915 ἄφροσιν
3319 1844 3456 1909 ὅλως
3501 1862 3636 1907 συν-ι,

2049 1933 2357 2001 τυγχάνειν·
2394 1932 2508 1986 ἀλλ’
2542 1926 2624 1996 οἷς
2663 1933 2791 2005 χρὴ,
2828 1935 2921 1987 καὶ
2962 1934 3050 1987 ὅτε
3101 1933 3230 2005 χρὴ,
3261 1936 3356 1988 καὶ
3386 1935 3496 2006 ὅσῳ
3522 1934 3630 2008 χρὴ

2052 2040 2117 2074 πε
2128 2025 2178 2094 pl
2214 2023 2471 2087 πίστεως.

2124 2199 2245 2250 Ὅτι
2274 2199 2354 2251 δεῖ
2385 2199 2520 2267 μετᾶ
2550 2198 2715 2265 φόϐου
2748 2198 2884 2252 Θεοῦ
2917 2199 3064 2270 πάσῃ
3085 2200 3276 2270 Γραφῇ
3305 2201 3627 2269 ὲγκύπτειν,

2055 2290 2128 2359 μὴ
2164 2289 2506 2360 κακούργως,
2560 2290 2675 2343 ἀλλ’
2725 2292 2781 2343 ὲν
2833 2291 3095 2358 ἁπλότητι
3138 2291 3383 2360 καρδίας.
3421 2293 3628 2347 Ὅτιού

2048 2380 2132 2432 δεῖ
2180 2381 2250 2432 τά
2298 2380 2570 2451 βαθύτερα
2612 2380 2769 2451 ἡμῶν
2832 2379 3105 2453 ψηλαφᾷν,
3155 2381 3276 2435 οὐδὲ
3327 2382 3401 2435 τὰ
3440 2399 3631 2437 σεσιωο

2050 2470 2271 2540 πημένα
2327 2475 2395 2542 τῇ
2453 2456 2577 2543 θείᾳ
2629 2473 2843 2544 Γραφῇ.
2904 2473 3076 2526 Τοῦτο
3137 2473 3244 2545 γάρ
3294 2475 3432 2538 ἐστι,
3472 2492 3494 2526 ι
3536 2475 3631 2545 Μὴ

2051 2561 2358 2634 συντρίϐειν
2389 2562 2600 2629 ὀστοῦν,
2640 2582 2659 2615 ι
2716 2564 2981 2628 τουτέστι,
3021 2582 3040 2614 ι
3102 2563 3177 2633 μὴ
3225 2565 3491 2617 ἅπτεσθαι
3519 2565 3629 2619 τῶν

2052 2655 2307 2726 στερεῶν.
2339 2673 2357 2705 ι
2395 2654 2518 2708 Ὅτι
2564 2654 2644 2706 δεῖ
2688 2655 2997 2724 ἀνακρίνειν
3045 2653 3113 2707 τὰ
3161 2654 3446 2724 ὁριστικῶς
3477 2654 3630 2723 λεγόο

2054 2764 2212 2816 μενα,
2250 2748 2343 2800 καὶ
2373 2746 2535 2800 πάλιν
2557 2746 2624 2805 τὰ
2650 2747 2829 2815 μέσως
2851 2763 2965 2810 πως
2986 2763 3000 2777 ·
3033 2747 3126 2799 καὶ
3151 2746 3337 2808 πάλιν,
3366 2747 3435 2800 τὰ
3463 2764 3629 2799 κατα-
3682 2800 3687 2805 ,

2050 2835 2379 2905 χρηστικῶς,
2424 2835 2520 2888 καὶ
2552 2836 2795 2898 ἀκάκως.
2829 2828 2954 2888 Οἷόν
2979 2835 3099 2887 ἐστι
3120 2835 3180 2887 τὸ
3204 2835 3515 2905 λεγόμενον,
3544 2836 3627 2891 ὃτι

2055 2945 2073 2976 ι
2110 2928 2225 2990 Πᾶς
2251 2928 2533 2997 ἄνθρωπος
2560 2927 2821 2997 ψεύστης.
2859 2946 2879 2980 ι
2925 2928 3054 2993 Καὶ,
3091 2946 3109 2978 ι
3149 2929 3262 2980 Οὐκ
3294 2927 3409 2982 ἔστι
3456 2926 3625 2996 ποιῶν

365 3020 435 3074 Et
486 3035 500 3070 :
566 3035 584 3068 ι
632 3016 750 3071 Non
808 3022 892 3070 est
956 3017 1051 3084 qui
1116 3014 1282 3068 faciat
1338 3014 1536 3067 bonum
1570 3051 1585 3076 ,
1643 3026 1816 3082 usque
1880 3012 1942 3066 ad

2072 3015 2531 3088 [ρηστότητα,έως
2560 3011 2698 3080 ἑνός.
2744 3036 2762 3068 ι

366 3123 533 3164 unum
564 3108 606 3160 '.
643 3125 662 3159 ι

434 3198 694 3260 Noverit,
732 3193 1034 3249 Ecclesium
1085 3191 1406 3245 traditiones
1454 3190 1746 3244 nonnullas
1783 3188 1944 3243 etiam

364 3298 519 3344 extra
567 3287 908 3357 Seripturam
940 3284 1259 3352 accepisse;
1295 3283 1438 3352 quod
1474 3297 1645 3352 genus
1680 3299 1695 3335 :
1736 3296 1945 3335 sacram

364 3381 809 3438 communionem
850 3392 881 3430 a
925 3376 1131 3447 jejunis
1172 3376 1344 3445 accipi
1391 3375 1629 3441 debere;
1676 3389 1834 3428 orare
1879 3374 1947 3427 ad

364 3471 662 3534 orientem;
698 3466 986 3536 Deiparam
1025 3473 1148 3536 post
1192 3474 1407 3535 partum
1435 3478 1653 3535 quoque
1683 3464 1950 3519 mansisse

363 3561 631 3630 virginem
664 3576 682 3625 ;
715 3557 1072 3626 eamdemque
1099 3556 1154 3611 in
1189 3554 1444 3624 spelunca
1469 3555 1778 3624 peperisse;
1824 3562 1878 3609 et
1901 3554 1949 3608 si

364 3668 487 3723 qua:
512 3659 654 3706 sunt
680 3650 844 3720 hujus
869 3648 1087 3719 generis
1114 3647 1438 3701 traditiones
1469 3647 1607 3700 aliae.

368 3796 371 3805 ,
437 3743 587 3797 Sciat
634 3738 1027 3812 disputationis
1069 3738 1263 3793 modos
1321 3738 1463 3792 duos
1512 3750 1667 3801 esse;
1719 3733 1949 3789 alterum

344 3814 460 3902 oper
492 3831 788 3900 Scriptum
819 3827 1170 3894 testimonia;
1207 3826 1441 3879 alterum
1474 3840 1571 3894 per
1601 3823 1951 3893 probationes

363 3939 429 3981 ex
479 3923 614 3991 ipsis
660 3921 825 3976 rebus
874 3921 1116 3990 petitas:
1155 3917 1249 3986 qui
1298 3918 1494 3971 modus
1534 3917 1744 3969 ﬁrmior
1781 3924 1863 3969 est
1897 3922 1953 3968 et

362 4015 567 4068 verior,
615 4010 750 4065 Nam
807 4011 971 4077 verba
1014 4005 1339 4078 Scriptum.
1364 4009 1648 4076 depravari
1697 4013 1947 4076 possunt.

365 4104 633 4173 Quocirca
660 4103 842 4157 videre
871 4100 1035 4165 licet,
1072 4099 1234 4153 simul
1255 4108 1419 4177 atque
1448 4097 1765 4152 adversario
1801 4094 1951 4149 Scri-

363 4207 538 4268 pturae
566 4194 942 4251 testimonium
991 4192 1287 4259 objiciatur
1314 4229 1331 4256 ,
1381 4190 1451 4244 ab
1496 4188 1613 4259 ipso
1650 4188 1890 4244 vicissim
1922 4202 1954 4242 e

363 4289 593 4357 vestigio
631 4286 777 4340 aliud
822 4285 1193 4338 testimonium
1227 4281 1451 4351 produci
1479 4297 1496 4348 ;
1529 4282 1644 4335 sive
1674 4280 1745 4332 sit
1784 4279 1954 4333 luere-

2116 3194 2479 3263 Σημειωτέον,
2522 3192 2603 3245 ὅτι
2658 3191 2811 3255 τινάς
2837 3191 3170 3267 ’παραδόσεις
3213 3193 3307 3245 καὶ
3361 3192 3624 3264 ἀγράφως

2048 3283 2360 3355 παρέλαὸεν
2413 3284 2447 3353 ή
2488 3283 2780 3353 Ἐκκλησία
2805 3298 2819 3313 ⁸
2851 3279 2962 3337 οἷον
3009 3284 3069 3336 τὸ
3118 3285 3393 3336 κοινωνεῖν
3437 3300 3623 3355 νηστι-

2046 3377 2160 3430 κόν.
2193 3376 2303 3430 Καὶ
2352 3374 2412 3428 τὸ
2482 3374 2876 3446 προσεύχεσθαι
2927 3376 3067 3429 κατὰ
3139 3375 3441 3439 Ἀνατολάς.
3492 3376 3623 3443 Καὶ,

2046 3466 2128 3519 ὅτι
2162 3466 2424 3537 παρθένος
2445 3467 2626 3537 ἔμεινε
2662 3467 2797 3537 μετὰ
2832 3467 2990 3520 τόκον
3011 3469 3044 3537 ή
3074 3466 3352 3531 Θεοτόκος.
3380 3467 3511 3535 Καὶ,
3536 3468 3620 3522 ὅτι

2049 3555 2107 3609 ὲν
2137 3555 2383 3625 σπηλαίῳ
2406 3556 2575 3622 ἔτεκε,
2608 3557 2702 3610 καὶ
2730 3555 2893 3626 ’ἐτερα
2924 3556 3112 3610 πολλά.

2060 3751 2064 3756 ’
2119 3735 2319 3788 Σκοποὶ
2346 3734 2628 3800 διαλέξεως
2668 3735 2775 3787 είσὶ
2820 3734 2912 3787 δύο
2943 3750 2957 3764 ο
2986 3737 3014 3787 6
3058 3736 3156 3804 μὲν
3206 3734 3292 3789 διὰ
3327 3735 3620 3806 Γραφικῶν

2051 3828 2264 3898 ῥήσεων
2287 3844 2301 3858 ο
2323 3828 2352 3879 6
2382 3826 2438 3881 δὲ
2461 3827 2549 3880 διὰ
2576 3826 2980 3898 πραγματικῶν
3007 3827 3424 3898 παραστάσεων,
3447 3828 3506 3890 6;
3526 3828 3620 3881 καὶ

2054 3918 2426 3988 ἰσχυρότερος,
2454 3917 2549 3971 καὶ
2583 3917 2946 3989 ἀληθέστερός
2986 3918 3123 3970 ἐστι.
3155 3918 3237 3970 Τὰ
3271 3918 3369 3987 μὲν
3392 3919 3500 3989 γὰρ
3520 3919 3618 3990 ρη-

2053 4023 2196 4076 ματα
2233 4007 2341 4060 τῶν
2372 4009 2603 4079 Γραφῶν
2644 4008 2774 4071 ἴσως
2820 4006 3253 4065 ὕπονοθεύονται.
3283 4008 3444 4062 Ὅθεν
3473 4010 3620 4063 ἐστιν

2055 4098 2277 4161 ἰδέσθαι,
2302 4100 2385 4152 ὅτι
2435 4101 2483 4152 εί
2529 4101 2722 4170 χρῆσιν
2760 4099 3059 4169 προφέρεις
3087 4097 3165 4168 τῷ
3225 4100 3453 4169 ἐναντίῳ
3477 4137 3493 4163 ,
3515 4101 3619 4153 κά-

2051 4192 2226 4252 κεῖνος
2250 4189 2452 4252 εὐθέως
2481 4190 2675 4260 ἑτέραν
2704 4190 2899 4261 χρῆσιν
2928 4188 3211 4259 προφέρει,
3239 4188 3332 4240 καὶ
3361 4191 3390 4242 6
3412 4190 3620 4259 αἰρετιο

2052 4279 2168 4342 κὸς,
2191 4280 2286 4333 καὶ
2309 4281 2337 4333 6
2373 4280 2641 4343 Ἰουδαῖος.
2675 4280 2836 4333 Ὅθεν
2863 4282 2891 4333 6
2911 4280 3207 4350 δυνάμενος
3232 4278 3319 4331 διὰ
3358 4296 3620 4349 πραγμα-

364 4375 507 4429 ticus
534 4411 549 4435 ,
582 4373 696 4427 sive
743 4369 986 4425 Judaeus.
1038 4368 1380 4439 Quapropter
1418 4371 1465 4423 is
1488 4408 1504 4434 ,
1540 4368 1626 4423 cui
1671 4367 1816 4421 vires
1851 4366 1942 4422 hoc

2072 4364 2220 4418 πικῶν
2269 4365 2595 4431 ἀποδείξεων
2644 4366 2843 4439 μᾶλλον
2913 4366 3215 4431 δπλιζέσθω
3284 4367 3420 4438 πρὸς
3496 4369 3622 4433 τοὺς

364 4463 674 4517 concedunt
706 4501 722 4526 ,
776 4460 952 4529 magis
1018 4475 1077 4514 se
1130 4466 1304 4512 armet
1350 4468 1543 4513 contra
1600 4457 1942 4512 adversarios

364 4549 927 4607 demonstrationibus
992 4563 1059 4601 ex
1138 4549 1257 4618 ipsa
1323 4561 1505 4601 rerum
1586 4554 1781 4600 natura
1843 4546 1937 4600 de-

363 4642 619 4712 sumptis.

433 4735 781 4804 Exploratam
799 4734 996 4789 habeat
1027 4733 1556 4804 chrouographiam;
1585 4741 1638 4787 et
1665 4746 1773 4801 quo
1801 4743 1939 4786 tem-

256 4883 263 4891 ,
363 4843 496 4899 pore
522 4829 719 4883 vixerit
741 4829 827 4883 hic
855 4836 950 4882 aut
985 4828 1072 4881 ille
1092 4825 1251 4882 Pater
1278 4844 1293 4894 ;
1340 4827 1558 4895 quando
1589 4826 1703 4879 haec
1733 4834 1827 4879 aut
1849 4824 1939 4877 illa

364 4922 589 4976 haeresis
602 4921 891 4977 exstiterit.

435 5013 625 5085 Neque
669 5015 801 5068 illud
839 5010 1239 5084 ignorandum:
1271 5008 1678 5074 adversarium,
1718 5008 1939 5077 quando

365 5123 463 5178 per
513 5107 991 5176 interrogationem
1023 5106 1092 5158 ad
1129 5102 1407 5171 angustias
1436 5102 1687 5154 redactus
1712 5109 1815 5163 est,
1842 5114 1937 5153 co-

367 5201 509 5263 nari,
546 5200 652 5253 alia
690 5197 1118 5267 interrogatione
1155 5193 1456 5265 proiiosita,
1489 5193 1596 5247 alio
1627 5207 1937 5248 sermonem

366 5274 870 5357 transferrefQuod
904 5305 1010 5342 non
1045 5297 1128 5343 est
1160 5286 1518 5341 tolerandum.

434 5385 576 5437 Ante
621 5382 1040 5452 disputationem
1095 5380 1164 5434 ab
1210 5379 1525 5433 adversario
1568 5378 1937 5449 jurameutum

368 5475 657 5542 petendum
686 5484 808 5530 est:
866 5489 976 5544 quo
1023 5472 1344 5543 polliceatur
1375 5473 1526 5527 nullo
1554 5456 1720 5527 vei-bo
1750 5482 1937 5527 contra

368 5565 755 5620 conscientiam
787 5582 908 5621 sese
936 5575 1207 5622 acturum.

2047 4457 2339 4520 ἐναντίους.

2118 4747 2210 4798 Δεῖ
2241 4746 2333 4798 καὶ
2374 4746 2501 4809 τοὺς
2560 4746 2969 4817 χρονογράφους
3015 4744 3362 4803 ἐπίστασθαι.
3414 4742 3617 4808 καὶτὸ,

2047 4838 2189 4891 κατά
2226 4838 2410 4901 ποίους
2462 4839 2689 4909 καιροὺς
2744 4839 2773 4891 6
2820 4838 3029 4909 Πατὴρ,
3084 4837 3179 4890 καὶ
3226 4837 3355 4889 πότε
3402 4837 3436 4906 ἡ
3473 4836 3621 4889 δεῖνα

2045 4931 2253 5001 αἵρεσις
2282 4927 2369 5001 ἦν.
3359 4943 3364 4948 '

2114 5020 2207 5091 Μὴ
2232 5018 2541 5072 λανθανέτω
2573 5018 2630 5071 δὲ
2660 5019 2809 5088 ἡμᾶς
2836 5017 2972 5086 μηδὲ
2999 5016 3177 5081 τοῦτο,
3211 5017 3315 5080 ὅτι,
3333 5016 3470 5069 ὲπάν
3505 5031 3623 5069 στε-

2045 5109 2306 5179 νὼσωμεν
2336 5110 2403 5160 δι’
2425 5109 2745 5180 ἐρωτήσεως
2770 5108 2864 5161 τὸν
2889 5107 2957 5159 δι’
2986 5107 3257 5169 ἐναντίας,
3290 5106 3620 5175 ἀγωνίζεται

2047 5201 2182 5270 πρὸς
2208 5201 2400 5272 ἑτέραν
2440 5198 2727 5270 ἐρώτησιν
2756 5198 3083 5268 μετενέγκαι
3104 5196 3197 5251 τὸν
3222 5196 3400 5265 λόγον.
3441 5195 3620 5266 Ὅπερ

2044 5294 2105 5347 ού
2134 5294 2213 5347 δεῖ
2238 5292 2548 5363 ἀνέχεσθαι.

2120 5386 2241 5438 Ὅτι
2266 5385 2372 5457 χρὴ
2402 5384 2506 5455 πρὸ
2531 5385 2630 5455 τῆς
2660 5380 2947 5446 διαλέξεως
2978 5382 3229 5435 ἀπαιτεῖν
3255 5381 3419 5451 ὅρκον
3439 5378 3528 5433 τὸν
3559 5378 3619 5444 ἐξ

2045 5482 2316 5544 ἐναντίας,
2346 5480 2514 5533 ὅτιού
2547 5480 2854 5533 καταπατεῖ
2888 5477 2947 5533 τὸ
2978 5476 3108 5531 ῖδιον
3156 5474 3399 5538 συνειδὸς
3437 5474 3496 5526 ἐν
3521 5472 3618 5545 οἴῳ

2043 5570 2107 5641 δή
2142 5588 2271 5623 ποτε
2301 5572 2527 5641 ῥήματι,
2562 5563 2605 5636 ᾧ
2631 5568 2800 5623 λαλεῖ.

495 5674 665 5731 Exod.
703 5677 909 5744 xtt,&6.
984 5679 1004 5708 ²
1036 5676 1178 5732 l'sal.
1205 5692 1324 5741 cxv,
1369 5676 1419 5729 ll
1450 5696 1463 5742 ;
1498 5676 1655 5731 Rom.
1687 5692 1769 5741 ιιι,
1793 5675 1845 5730 4.
1924 5679 1942 5709 ³

2072 5679 2123 5733 ιΙ.
2152 5694 2271 5743 χιιι,
2304 5676 2549 5746 t;Rom.
2601 5692 2683 5745 ιιι,
2716 5676 2801 5728 ιιι.

3694 680 3739 747 {T
