4062 6142
409 294 516 359 665

1821 295 2342 369 QUESTIONES.

3568 313 3679 380 666

407 408 508 483 [ὡς
539 408 701 482 ἡμεῖς
725 408 1178 483 ἀνηστεύσαμεν].
1227 410 1316 466 Ἐν
1344 410 1404 466 δὲ
1435 410 1557 476 ταῖς
1601 409 1823 475 λοιπαῖς
1868 415 1985 477 ταῖς

2095 413 2300 473 diebus
2319 425 2448 474 ante
2480 418 2822 476 Parasceven
2848 435 3081 491 vespere
3104 420 3344 493 quilibet
3394 423 3677 492 comedat,

408 503 516 575 πρὸ
555 503 655 575 τῆς
678 503 1053 574 ’Παρασκευῆς
1092 503 1340 575 ἑσπέρας
1382 503 1615 570 ἔκαστος
1668 505 1920 572 ἐσθιέτω,
1957 507 1991 578 ἢ

405 598 553 661 ὅπως
571 596 639 652 ἂν
666 614 750 660 τις
781 596 1026 667 δύνηται,
1057 598 1165 651 ἀπὸ
1194 600 1294 669 τῆς
1322 598 1587 670 δευτέρας
1632 597 1827 671 μέχρις
1870 597 1995 655 ἁλε-

407 690 785 762 κτρυοφωνίας
832 688 1349 759 ἀπονηστιζόμενοι.
1390 690 1846 763 Ἐπιφωσκούσης
1878 689 1984 763 [δὲ]

410 786 542 855 μιᾶς
578 782 894 849 Σαὸὁάτων,
942 783 1069 854 ἥτις
1118 783 1238 836 ἐστὶ
1273 784 1556 855 Κυριακὴ,
1590 784 1700 839 ἀπὸ
1757 785 1994 855 ἑσπέρας

408 875 515 939 ἕως
555 868 1038 946 ἀλεκτρυοφωνίας
1081 873 1415 946 ἀγρυπνεῖτε
1452 882 1479 921 Β
1532 874 1987 946 προσευχόμενοι,

410 972 505 1023 καὶ
545 965 1011 1034 ἀναγινώσκοντες
1044 966 1137 1018 τὸν
1169 966 1355 1035 νόμον,
1390 965 1640 1029 καὶτοὺς
1681 966 1989 1035 προφήτας,

406 1061 649 1124 καὶτοὺς
675 1058 965 1128 Ψαλμοὺς,
997 1057 1191 1128 μέχρις
1223 1055 1691 1128 ἀλεκτρυοφωνῶν
1721 1055 1990 1125 κραυγῆς,

407 1150 507 1207 καὶ
542 1150 883 1218 παυσάμενοι
942 1149 1037 1223 τοῦ
1090 1147 1318 1212 πένθους
1379 1150 1562 1218 ὑμῶν,
1614 1146 1844 1218 δεήθητε
1897 1145 1991 1199 τοῦ

408 1241 568 1307 Θεοῦ,
594 1242 999 1312 ἐπιστραφῆναι
1046 1239 1137 1292 τὸν
1172 1239 1410 1311 Ἰσραὴλ,
1461 1240 1556 1295 καὶ
1608 1238 1793 1292 λαϐεῖν
1827 1237 1991 1291 αὑτὸν

412 1337 700 1406 μετανοίας
728 1335 918 1396 τόπον,
947 1331 1045 1384 καὶ
1077 1332 1174 1402 τῆς
1224 1332 1478 1394 ἀσεϐείας
1528 1331 1743 1402 ἄφεσιν.
1779 1330 1923 1383 Διότι
1963 1332 1992 1383 ὁ

409 1427 512 1499 μὲν
536 1425 833 1494 ἀλλόφυλος
863 1424 1082 1496 κριτὴς,
1114 1423 1409 1494 νιψάμενος
1445 1424 1543 1487 τὰς
1573 1426 1781 1494 χεῖρας.
1814 1419 1986 1475 εἶπεν·

376 1566 381 1569 .
410 1540 434 1573 ε
482 1519 684 1583 unus;
715 1520 834 1588 εἰμι
866 1517 975 1570 ἀπὸ
1004 1517 1099 1570 τοῦ
1130 1517 1362 1586 αἵματος
1392 1516 1489 1570 τοῦ
1518 1516 1729 1569 δικαίου
1752 1514 1945 1569 τούτου
1969 1528 1985 1546 ·

404 1612 563 1681 ὑμεῖς
592 1610 824 1681 ὄψεσθε·
866 1628 887 1663 ι
939 1612 969 1664 ό
1014 1608 1070 1662 δὲ
1123 1608 1344 1681 Ἰσραὴλ
1393 1609 1622 1680 ὲϐόησε’
1659 1628 1678 1661 ι
1723 1609 1797 1663 Τὸ
1848 1603 1988 1678 αἷμα

404 1704 574 1760 αὑτοῦ
607 1704 696 1773 ἐφ’
749 1704 921 1774 ἡμᾶς,
955 1702 1051 1758 καὶ
1098 1701 1196 1755 ἐπὶ
1244 1704 1312 1755 τὰ
1362 1701 1530 1754 τέκνα
1586 1699 1763 1772 ἡμῶν.
1802 1720 1822 1754 ι
1854 1701 1984 1755 Καί·

372 1824 381 1835 ~
408 1817 429 1851 ε
464 1796 580 1852 Οὐκ
608 1795 806 1866 ἔχομεν
831 1794 1078 1866 βασιλέα,
1109 1795 1159 1848 εί
1197 1793 1273 1865 μὴ
1304 1793 1584 1865 Καίσαρα.
1623 1812 1643 1846 ι

370 1918 375 1925 ’
488 1908 852 1973 ⁹ιΑναστάντος
903 1908 963 1962 δὲ
1007 1906 1104 1961 τοῦ
1152 1907 1387 1979 Κυρίου,
1431 1905 1839 1979 προσενέγκατε
1886 1904 1988 1987 τῂν

401 1998 595 2053 θυσίαν
622 1997 804 2069 ὑμῶν,
835 2000 965 2070 περὶ
994 1992 1063 2069 ἧς
1092 1999 1221 2069 ὑμῖν
1253 1997 1323 2052 δι’
1341 1999 1498 2069 ἡμῶν
1528 1997 1757 2065 ἐτάξατο
1788 1996 1983 2065 λέγων·

368 2118 373 2123 -
406 2110 426 2143 ε
468 2091 640 2143 Τοῦτο
663 2091 871 2143 ποιεῖτε
900 2091 981 2153 είς
1010 2087 1110 2159 τὴν
1139 2087 1281 2159 ἐμὴν
1307 2089 1634 2159 ἀνάμνησιν.
1670 2105 1690 2138 ι
1731 2087 1842 2140 Kal.
1874 2085 1986 2138 λοι-

400 2184 505 2235 πδν
538 2180 946 2252 ἀπονηστεύετε
990 2179 1411 2250 εὐφραινόμενοι
1463 2178 1559 2233 καὶ
1607 2175 1983 2247 ἑορτάζοντες,
2033 2220 2039 2226 .

333 2310 347 2322 ο
398 2277 485 2331 ὅτι
511 2273 770 2348 ἀρραϐὼν
798 2275 898 2346 τῆς
932 2275 1282 2335 ἀναστάσεως
1304 2271 1464 2343 ήμῶν
1502 2270 1712 2341 Ἰησοῦς
1751 2267 1985 2334 Χριστὸς

307 2361 310 2364 ’
404 2368 703 2437 ἐγήγερται
732 2366 800 2420 ἐκ
831 2364 1064 2437 νεκρῶν.
1096 2365 1206 2417 Kal.
1234 2363 1396 2418 τοῦτο
1440 2362 1571 2433 ὑμῖν
1613 2363 1730 2415 ἐστι
1753 2359 1986 2430 νόμιμον

400 2459 638 2526 αίὼνιον,
675 2458 911 2528 ἓωςτῆς
943 2456 1278 2521 συντελείας,
1314 2455 1509 2527 μέχρις
1550 2454 1617 2507 ἂν
1637 2453 1770 2527 ἔλθῃ
1804 2455 1833 2506 ό
1870 2453 1985 2507 Κύ-

403 2570 537 2623 ριος.
561 2553 673 2606 Καὶ
692 2549 1027 2613 πάλιν,’Δπδ
1055 2548 1156 2618 τῆς
1181 2548 1405 2620 πρώτης
1424 2544 1714 2631 Κυριακῆς
1744 2543 1984 2617 ἀριθμή-

401 2660 592 2706 σαντες
617 2636 845 2715 ήμέρας
861 2639 935 2712 μ’,
965 2640 1265 2712 ἐορτάσατε
1291 2639 1392 2710 τὴν
1425 2638 1619 2708 ἑορτὴν
1634 2638 1731 2708 τῆς
1759 2637 1986 2708 Ἀναλή-

396 2736 544 2804 eam;
565 2733 664 2787 τοῦ
700 2732 907 2803 Κυρίου
928 2747 942 2760 ο
976 2731 1100 2801 ἥτις
1135 2730 1245 2785 ἀπὸ
1286 2729 1387 2800 τῆς
1420 2728 1648 2799 πρώτης
1692 2728 1982 2798 Κυριακῆς

399 2824 747 2897 Πεντηκοστὴ
781 2823 1016 2892 γίνεται,
1058 2821 1220 2892 ἑορτὴ
1274 2819 1489 2890 μεγάλη
1523 2821 1652 2889 ὑμῖν
1689 2818 1849 2872 ἔστω.
1893 2818 1982 2873 Ἕν

399 2917 535 2986 αὐτῇ
569 2916 699 2985 γὰρ,
726 2914 845 2985 ὥρᾳ
865 2913 1049 2983 τρίτῃ,
1081 2911 1409 2964 ἀπέστειλεν
1431 2911 1510 2973 εἰς
1539 2911 1686 2980 ἡμᾶς
1715 2910 1744 2961 ὁ
1776 2908 1981 2980 Κύριος

390 3010 493 3079 τὴν
523 3010 735 3079 δωρεὰν
762 3006 857 3063 τοῦ
894 3007 1052 3074 ἁγίου
1086 3005 1425 3075 ηνεύματος.
1454 3005 1566 3058 Καὶ
1603 3005 1743 3074 μετά
1771 3004 1830 3057 τὸ
1852 3006 1977 3074 ἑορ-

342 3124 351 3129 -
391 3100 558 3154 τάσαι
591 3099 739 3167 ὑμᾶς
764 3099 863 3170 τὴν
892 3096 1295 3169 Πεντηιιοστὴν,
1321 3097 1620 3167 ἑορτάσατε
1658 3097 1789 3166 μίαν
1823 3095 1974 3149 ἑδδο-
2005 3114 2047 3171 c

396 3190 564 3261 μάδα,
598 3189 693 3244 καὶ
743 3188 860 3260 μετ’
915 3189 1136 3260 εκείνην
1183 3188 1556 3259 νηστεύσατε·
1596 3186 1806 3240 δίκαιον
1864 3188 1975 3258 γὰρ

391 3283 491 3343 καὶ
521 3280 923 3358 εὐφρανθῆναι,
970 3281 1073 3337 καὶ
1118 3281 1213 3336 ἐπὶ
1240 3283 1309 3353 τῇ
1360 3281 1426 3334 ὲκ
1476 3278 1613 3335 Θεοῦ
1645 3279 1848 3350 δωρεᾷ,
1881 3280 1977 3334 καὶ

390 3378 690 3451 νηστεῦσαι
717 3376 860 3448 μετὰ
887 3376 988 3447 τὴν
1013 3374 1196 3430 ἄνεσιν
1221 3374 1272 3428 δ.
1317 3373 1428 3427 Καὶ
1469 3374 1580 3443 γὰρ
1612 3372 1852 3443 Μωῦσῆς
1879 3373 1976 3426 καὶ

406 3469 591 3533 Ἠλίας
618 3470 949 3540 ὲνήστευσαν
971 3466 1189 3536 ἡμέρας
1218 3470 1295 3537 μ’,
1327 3463 1423 3518 καὶ
1447 3463 1646 3535 Δανιὴλ
1672 3462 1972 3532 ἑϐδομάδας

389 3564 540 3633 τρεῖς
570 3562 734 3632 ἄρτον
781 3557 1089 3629 ἐπιθυμιῶν
1144 3556 1245 3610 οὐκ
1293 3554 1488 3625 ἔφαγε,
1534 3552 1632 3609 καὶ⁵
1672 3552 1843 3625 κρέας
1878 3552 1975 3607 κα)⁵

390 3650 536 3720 οἶνος
563 3655 667 3708 ούκ
699 3649 950 3725 εἰσῆλθεν
984 3649 1067 3714 είς
1095 3647 1159 3701 τὸ
1192 3646 1367 3718 στόμα
1391 3644 1583 3706 αὐτοῦ.

459 3769 618 3825 Mevi
647 3767 704 3821 δί
729 3764 829 3837 τὴν
857 3761 1115 3835 νηστείαν
1138 3759 1370 3832 ταύτην,
1398 3761 1585 3814 πᾶσαν
1612 3757 1850 3830 τετράδα
1877 3756 1972 3811 καὶ

391 3859 748 3935 παρασκευὴν
777 3856 1194 3930 προστάσσομεν
1223 3854 1352 3920 ὑμῖν
1394 3851 1697 3923 νηστεύειν,
1750 3850 1844 3904 καὶ
1872 3847 1972 3935 τὴν

388 3952 711 4029 περισσείαν
740 3948 896 4020 ὑμῶν
923 3947 1025 4017 τῆς
1045 3945 1300 4018 νηστείας
1339 3943 1570 4014 πένησιν
1594 3943 1966 4013 ἐπιχορηγεῖν.

387 4038 507 4099 Πᾶν
537 4043 720 4115 μέντοι
749 4037 1027 4095 Σάσσατον
1055 4038 1188 4092 ἄνευ
1213 4034 1310 4089 τοῦ
1340 4034 1479 4101 ἐνὸς,
1521 4033 1616 4088 καὶ
1646 4034 1828 4087 πᾶσαν
1859 4034 1971 4086 Ku-

2098 514 2196 560 aut
2243 516 2411 576 prout
2451 508 2669 565 occasio
2715 507 2891 573 dabit,
2937 511 3151 582 jejunio
3196 527 3227 567 a
3266 513 3507 569 secunda
3536 514 3677 572 feria

2095 611 2275 667 usque
2299 597 2367 652 ad
2394 598 2734 669 gallicinium
2768 610 3072 673 protracto.
3100 601 3468 660 lllucescente
3491 613 3677 662 autem

2096 705 2206 745 una
2242 689 2630 757 Sabbatorum,
2658 707 2782 762 quae
2809 702 2895 750 est
2930 694 3241 761 Dominica,
3266 711 3297 750 a
3328 711 3558 766 vespera
3588 708 3680 752 us-

2095 796 2205 850 que
2260 782 2327 835 ad
2374 783 2498 852 galli
2549 794 2769 839 cantum
2805 785 3047 855 vigilate,
3071 789 3308 843 orationi
3364 800 3420 845 et
3451 791 3679 846 lectioni

2094 870 2233 942 legis
2257 888 2319 927 ac
2347 875 2738 944 prophetarum
2768 884 2826 932 et
2870 879 3238 943 Psalmornm,
3264 880 3538 939 instantes
3588 900 3681 939 us-

2097 978 2205 1032 que
2251 963 2318 1017 ad
2365 966 2721 1034 gallicinium,
2775 968 3040 1039 luctuque
3064 972 3255 1035 soluti,
3294 982 3482 1040 rogate
3501 973 3675 1028 Deum

2095 1063 2158 1109 ut
2182 1055 2346 1109 Israel
2368 1066 2698 1120 revertatur,
2731 1067 2789 1113 et
2818 1062 3056 1131 accipiat
3088 1064 3274 1119 locum
3303 1066 3671 1134 pmnitentiae,

2093 1154 2151 1199 et
2204 1146 2506 1216 impietatis
2560 1151 2958 1207 relaxationem
3028 1154 3302 1220 Quocirca
3352 1157 3523 1228 judex
3579 1158 3673 1213 ille

2093 1236 2423 1307 alienigena,
2460 1239 2591 1295 lotis
2653 1242 2930 1307 manibus,
2997 1245 3177 1301 dislt:
3220 1270 3237 1298 ι
3267 1248 3540 1305 lnnocens
3566 1266 3669 1321 ego

2092 1344 2213 1383 sum
2237 1346 2266 1384 a
2298 1333 2564 1401 sanguine
2598 1334 2735 1403 justi
2792 1336 2980 1408 hujus,
3040 1354 3138 1395 vos
3196 1341 3454 1399 videritis
3487 1345 3581 1397 ι’.»
3602 1345 3674 1400 At

2092 1418 2261 1474 Israel
2293 1421 2551 1477 clamavit
2578 1441 2591 1477 :
2627 1443 2646 1475 ε
2681 1426 2920 1497 Sanguis
2952 1428 3077 1499 ejus
3096 1445 3265 1500 super
3286 1447 3407 1497 nos,
3428 1441 3480 1497 et
3505 1449 3674 1504 super

2090 1511 2237 1567 ﬁlios
2266 1522 2486 1570 nostros
2541 1515 2586 1548 “
2606 1536 2626 1568 ι
2654 1517 2758 1572 Et:
2791 1537 2811 1571 ι
2833 1518 2956 1575 Non
3017 1521 3290 1579 habemus
3322 1540 3532 1596 regem,
3563 1525 3683 1581 nisi

2091 1600 2365 1659 Cassarum
2396 1605 2460 1660 ⁸³.
2481 1624 2501 1658 ι

2157 1890 2384 1948 Christo
2417 1901 2603 1949 autem
2655 1910 2724 1951 ex
2775 1896 3009 1952 mortuis
3057 1904 3415 1968 resurgente,
3472 1896 3671 1954 afferte

2090 1985 2418 2040 sacriﬁcium
2463 1994 2732 2053 vestrum,
2795 1988 2866 2043 de
2896 2004 3011 2060 quo
3051 1990 3219 2044 vobis
3267 2005 3368 2060 per
3415 2001 3670 2046 nostrum

2088 2079 2460 2135 ministerium
2484 2079 2593 2135 hoc
2621 2081 2921 2151 praecepit:
2964 2080 3124 2136 illoc
3169 2081 3335 2137 facite
3386 2080 3445 2135 in
3490 2097 3670 2137 meam

2087 2172 2674 2228 commemorationem
2698 2175 2762 2228 ".
2790 2192 2808 2224 ι
2844 2172 2940 2230 His
2999 2176 3241 2245 peractis
3273 2176 3473 2230 solvite
3524 2176 3669 2246 jeju-

2085 2263 2239 2319 nium
2270 2280 2393 2319 eum
2416 2266 2628 2332 laetitia,
2648 2272 2705 2322 et
2730 2265 2877 2321 diem
2900 2264 3102 2320 festum
3134 2269 3309 2337 agite;
3346 2269 3477 2338 quia
3505 2268 3669 2323 Jesus

2085 2355 2361 2421 Christus,
2387 2367 2589 2414 nostra:
2632 2358 3063 2415 resurrectionis
3109 2361 3332 2431 pignus,
3366 2375 3397 2415 a
3431 2362 3669 2419 mortuis

2086 2450 2412 2503 resurrexit.
2447 2450 2516 2503 Et
2543 2449 2649 2505 hoc
2687 2451 2794 2507 erit
2817 2451 2981 2506 vobis
3009 2448 3317 2522 legitimum
3370 2453 3669 2523 sempiter-

2084 2556 2241 2606 num,
2307 2556 2484 2612 usque
2532 2543 2598 2597 ad
2630 2544 3167 2600 consummationem
3222 2546 3438 2611 mundi,
3489 2561 3668 2616 usque

2084 2629 2216 2684 dum
2236 2630 2422 2685 veniat
2451 2630 2739 2686 Dominus.
2780 2632 2993 2689 Rursus
3020 2648 3035 2687 :
3066 2633 3112 2688 A
3167 2633 3344 2704 prima
3381 2635 3667 2690 Dominica

2082 2722 2391 2777 numeratis
2439 2724 2805 2794 quadraginta
2845 2724 3067 2792 diebus,
3129 2728 3407 2781 celebrate
3456 2726 3681 2782 festum

2080 2815 2440 2871 Ascensionis
2470 2817 2723 2883 Domini;
2754 2833 2878 2888 quae
2906 2826 3091 2873 autem
3123 2834 3154 2872 a
3174 2819 3350 2890 prima
3379 2820 3665 2875 Dominica

2034 2932 2037 2935 -
2080 2906 2538 2978 quinquagesima
2568 2917 2676 2972 est,
2712 2923 2778 2963 ea
2820 2910 2934 2965 erit
2969 2910 3130 2965 vobis
3178 2926 3375 2983 magna
3402 2908 3666 2981 solemni-

2082 3006 2182 3053 tas.
2228 2998 2284 3052 In
2319 2998 2422 3053 bac
2451 3000 2622 3063 enim,
2652 3001 2787 3054 hora
2821 3001 3008 3062 tertia.
3059 3001 3211 3056 misit
3241 3004 3294 3056 in
3333 3016 3436 3056 nos
3471 3001 3658 3056 Domi-

2080 3104 2187 3143 nus
2211 3087 2416 3144 donum
2470 3092 2647 3145 sancti
2692 3090 2951 3160 Spiritus.
2994 3092 3121 3146 Post
3148 3091 3487 3147 celebratam
3516 3091 3661 3147 l’en-

2079 3188 2329 3236 tccosten
2398 3183 2682 3238 celebrate
2733 3198 2898 3237 unam
2946 3183 3375 3250 bebdomadem,
3431 3194 3490 3238 et
3536 3191 3664 3254 post

2076 3274 2226 3328 illam
2276 3275 2522 3346 jejunate
2558 3295 2570 3327 ι
2609 3291 2710 3346 par
2743 3276 2891 3332 enim
2928 3284 3015 3332 est
3070 3285 3130 3332 et
3161 3277 3259 3332 Dei
3292 3294 3523 3333 munere
3565 3280 3662 3334 lat-

2079 3366 2203 3429 tari.
2232 3378 2289 3422 et
2313 3376 2435 3437 post
2461 3368 2849 3425 remissionem
2887 3370 3165 3441 jejunare.
3199 3371 3337 3427 Nam
3371 3372 3585 3444 Moyses
3602 3381 3661 3427 et

2075 3456 2222 3514 Elias
2238 3460 2562 3530 jejunarunt
2582 3462 2944 3534 quadraginta
2967 3462 3109 3529 dies,
3153 3473 3211 3519 et
3262 3465 3449 3520 Daniel
3480 3464 3660 3520 tribus

2073 3550 2239 3623 360
2269 3552 2593 3622 septimanis
2632 3569 2827 3623 panem
2878 3553 3285 3609 desideriorum
3332 3572 3444 3611 non
3501 3571 3660 3611 com-

2073 3644 2209 3708 edit,
2236 3652 2294 3699 et
2320 3659 2424 3700 nec
2438 3630 2567 3700 caro
2601 3660 2705 3702 nec
2740 3648 2929 3701 vinum
2966 3647 3023 3702 in
3052 3663 3116 3704 os
3140 3649 3262 3720 ejus
3293 3650 3543 3705 intravit.

2144 3756 2437 3813 Sancimus
2462 3767 2523 3813 ut
2558 3767 2684 3830 post
2727 3760 2834 3816 hoc
2861 3759 3136 3833 jejunium
3186 3763 3450 3819 omnibus
3498 3762 3655 3821 feriis

2072 3849 2286 3920 quartis
2311 3857 2367 3905 et
2392 3851 2565 3905 sextis
2585 3851 2894 3923 jejunetur,
2920 3861 2980 3909 et
3000 3861 3060 3907 ut
3087 3854 3141 3908 id
3168 3855 3316 3924 quod
3340 3856 3409 3911 de
3440 3857 3655 3928 jejunio

2071 3949 2325 4012 superest
2350 3942 2691 4013 pauperibus
2733 3954 3014 4017 erogetur.
3065 3943 3227 4002 Omni
3261 3945 3522 4010 Sabbato,
3558 3963 3657 4004 ex-

2072 4046 2232 4109 cepto
2260 4054 2393 4104 uno,
2423 4047 2483 4094 et
2530 4040 2682 4094 omni
2710 4040 2800 4096 die
2841 4040 3129 4098 Dominica
3170 4053 3479 4099 conventus
3524 4058 3653 4100 cum

389 4140 614 4211 ριακὴν,
654 4133 943 4195 τελοῦντες
999 4130 1243 4195 σύνοδον,
1301 4125 1688 4199 εὐφραίνεσθε.
1745 4126 1968 4197 Ἔνοχος

2084 4131 2436 4186 exsultatione
2452 4132 2758 4198 celebrate;
2779 4147 2904 4188 nam
2932 4132 3140 4204 peccati
3174 4150 3303 4190 reus
3320 4135 3428 4189 erit
3452 4136 3545 4205 qui
3562 4136 3653 4193 die

385 4231 496 4300 γάρ
531 4230 683 4283 ἐστιν
708 4227 989 4299 ἁμαρτίας
1014 4226 1043 4279 ό
1066 4223 1172 4306 τὴν
1188 4220 1483 4293 Κυριακὴν,
1506 4219 1805 4292 νηστεύων,
1837 4221 1967 4274 ἀνα-

2084 4223 2508 4295 )ominica,qute
2526 4212 2746 4280 estdies
2760 4225 3224 4289 Resurreetionis,
3258 4226 3343 4280 vel
3374 4226 3430 4280 in
3455 4226 3654 4282 Pente-

385 4323 631 4385 στάσεως
659 4319 875 4390 ἡμέραν
904 4314 1094 4383 οὖσαν,
1130 4315 1166 4387 ἢ
1199 4314 1301 4387 τὴν
1332 4314 1736 4385 Πεντηκοστὴν,
1766 4311 1803 4384 ἢ
1827 4311 1963 4376 ὅλως

2084 4325 2239 4382 reste,
2263 4318 2349 4372 vel
2377 4318 2485 4372 alio
2516 4333 2847 4388 quocunque
2868 4317 2958 4373 die
3005 4317 3239 4373 Domino
3267 4326 3456 4374 nostro
3470 4318 3652 4375 dicato

383 4409 600 4480 ἡμέραν
630 4407 826 4478 ἑορτῆς
863 4406 1071 4479 Κυρίου
1115 4403 1380 4474 κατηφιῖω
1399 4420 1412 4433 '
1442 4402 1820 4474 εὐφρανθῆναι
1851 4403 1961 4506 γάρ

2086 4410 2398 4481 ejuuaverit
2420 4408 2639 4480 (maesto
2665 4420 2721 4465 et
2745 4409 2800 4464 in
2833 4420 3036 4466 terram
3069 4409 3285 4493 dejecto
3312 4412 3463 4467 vultu
3497 4413 3648 4468 incc-

380 4500 464 4555 δεῖ
490 4502 552 4554 εν
576 4500 646 4554 αὐ
658 4500 791 4566 ταῖς,
816 4499 913 4553 καὶ
944 4499 1006 4552 οὐ
1032 4494 1323 4566 πενθῆσαι.
1356 4496 1424 4551 Δί
1449 4495 1508 4552 δὲ
1532 4496 1780 4566 νηστεῖαι
1807 4494 1962 4565 ὑμῶν

2084 4500 2460 4574 lens).La:tari
2487 4504 2635 4558 enim
2664 4504 2717 4558 in
2738 4504 2849 4561 illis
2873 4513 3108 4576 oportet,
3128 4521 3237 4560 non
3265 4505 3471 4577 lugere.
3490 4505 3646 4561 Festa

383 4593 460 4665 μὴ
485 4593 734 4648 εστωσαν
775 4590 917 4661 μετὰ
953 4590 1064 4646 τῶν
1093 4590 1440 4663 ὑποκριτῶν·
1489 4588 1816 4660 νηστεύουσι
1849 4586 1962 4657 γὰρ

2084 4609 2132 4648 tu
2141 4602 2247 4650 tem
2267 4584 2459 4648 nostra
2472 4608 2584 4649 non
2607 4594 2880 4651 obeantnr
2895 4611 3019 4651 cum
3047 4596 3347 4668 liypocritis
3366 4612 3381 4662 ;
3397 4596 3649 4667 jejunant

379 4684 791 4756 δευτέραν,’καὶ
817 4683 1099 4754 πέμπτην,
1126 4684 1220 4737 καὶ
1247 4682 1526 4737 Σάϐϐατον
1547 4696 1562 4711 ·
1593 4681 1757 4752 ὑμεῖς
1779 4679 1837 4734 δὲ
1864 4680 1965 4744 τὰς

2084 4684 2211 4739 enim
2251 4682 2387 4755 feria
2434 4685 2698 4750 secunda,
2726 4687 2941 4756 quinta,
2986 4697 3044 4743 et
3078 4686 3341 4742 Sabbato.
3373 4687 3481 4742 Vos
3512 4702 3648 4742 vero

383 4778 547 4833 πέντε
567 4794 633 4847 νη
642 4776 862 4831 στεύετε
888 4775 1124 4847 ἡμέρας,
1150 4775 1183 4847 ἢ
1203 4776 1440 4846 τετράδα
1460 4775 1557 4829 καὶ
1578 4774 1959 4846 παρασκευὴν,

2084 4776 2312 4849 ιιιίιιιιιιθ
2358 4774 2554 4831 diebus
2574 4778 2843 4848 jejunate,
2868 4779 2955 4834 vel
2981 4778 3120 4834 feria
3149 4787 3345 4850 quarta
3372 4786 3429 4834 et
3458 4786 3641 4846 sexta;

380 4872 464 4925 δτι
494 4872 562 4941 τῇ
596 4868 697 4940 μὶν
725 4866 944 4937 τετράδι
974 4869 1009 4938 ἠ
1039 4866 1183 4921 κατὰ
1228 4865 1324 4921 τοῦ
1380 4865 1592 4937 Κυρίου
1634 4864 1819 4935 κρίσις
1856 4863 1961 4919 ὑπὸ

2084 4866 2190 4939 [uia
2208 4866 2385 4923 Judaei
2419 4866 2558 4923 feria
2580 4879 2776 4940 quarta
2809 4880 2998 4926 contra
3021 4870 3313 4926 Dominum
3347 4864 3642 4932 consilium

378 4962 489 5016 τῶν
518 4959 794 5016 Ἰουδαίων
838 4957 1166 5029 ἑμελετήθη,
1206 4961 1275 5030 τῇ
1301 4958 1361 5013 δὲ
1399 4960 1749 5030 παρασκευῇ,
1783 4958 1867 5012 ὅτι
1901 4959 1959 5012 ὲν

2085 4962 2316 5015 nierunt
2335 4976 2351 5026 ;
2371 4959 2510 5017 feria
2539 4971 2724 5017 autem
2758 4963 3081 5033 sexta,quia
3113 4963 3169 5018 in
3186 4963 3290 5021 hac
3317 4978 3510 5034 passus
3534 4972 3639 5019 est.

380 5054 517 5123 αὐτῇ
552 5048 811 5105 πέπονθε.
849 5048 925 5102 Τὸ
952 5046 1228 5103 Σάϐϐατόν
1262 5047 1447 5119 μέντοι
1490 5048 1585 5101 καὶ
1613 5047 1715 5119 τὴν
1745 5048 1946 5119 Κυρια-

2084 5051 2357 5108 iabbatum
2382 5062 2441 5109 et
2462 5053 2800 5109 Dominieam
2834 5054 3026 5111 festive
3047 5055 3218 5122 obite,
3242 5055 3369 5126 quia
3396 5055 3532 5111 illud
3554 5063 3642 5110 est

381 5146 484 5211 χὴν
510 5140 824 5212 ὲορτάζετε,
855 5141 935 5195 ὅτι
982 5139 1046 5193 τὸ
1101 5139 1203 5210 μὲν
1246 5139 1614 5211 δημιουργίας
1642 5138 1794 5193 ἐστὶν
1824 5140 1960 5193 ὑπό-

2084 5152 2479 5200 nonumentum
2512 5145 2973 5210 creatiouis,b:ec
2994 5146 3442 5204 resurrectionis.
3466 5147 3638 5203 Porro

360 5222 487 5302 ’μνη
495 5249 592 5302 μα,
615 5233 651 5303 ἡ
675 5232 731 5286 δὲ
752 5231 1230 5293 ἀναστάσεως.Ἐν
1250 5229 1310 5284 δὲ
1341 5231 1503 5299 μόνον
1526 5230 1806 5285 Σάδδατον
1833 5232 1962 5300 ὑμῖν

2084 5249 2231 5289 mum
2262 5234 2610 5291 solummodo
2629 5234 2929 5291 Sabbatum
2957 5244 3072 5290 toto
3100 5251 3247 5291 anno
3267 5235 3426 5290 vobis
3444 5234 3634 5290 obser-

380 5324 703 5394 φυλακτεον,
736 5322 814 5386 ὡς
839 5325 1079 5393 είρηται.
1112 5324 1172 5377 ὲν
1201 5323 1312 5393 ὅλῳ
1340 5322 1419 5395 τῷ
1461 5321 1715 5395 ἐνιαυτῷ,
1760 5322 1823 5377 τδ
1860 5325 1960 5397 τῆς

2084 5327 2307 5384 randum
2332 5337 2439 5396 est,
2467 5344 2669 5399 nempe
2695 5329 2830 5384 illud
2853 5345 2965 5400 quo
2997 5329 3255 5387 Christus
3285 5329 3341 5399 in
3379 5327 3634 5401 sepulcro

442 5483 486 5518 ⁸³
525 5480 718 5538 Matth.
770 5496 936 5546 mu,
992 5479 1082 5535 24.
1160 5478 1204 5511 ιδ
1248 5478 1385 5535 ibid.
1434 5478 1527 5538 25.
1599 5481 1645 5513 ⁸⁸
1688 5479 1846 5535 Joan.
1892 5497 1981 5536 xxx

2084 5483 2129 5537 5.
2205 5483 2248 5515 "
2283 5483 2415 5538 Luc.
2475 5497 2604 5546 xxii,
2657 5480 2751 5548 19;
2798 5483 2815 5536 l
2857 5481 2981 5536 Cor.
3037 5498 3108 5546 XI,
3151 5482 3240 5544 Ἧι.
3297 5480 3388 5537 25.

1645 5621 1877 5678 VABIA’.
1902 5623 2333 5689 _l.ECT§0.\'F.5.-

455 5737 484 5784 ε
511 5736 933 5818 apsumi/73:.
1012 5741 1035 5779 δ
1074 5739 1386 5797 ἀνάστασιν.
