4062 6142
384 410 387 415 .
448 358 557 423 667

1658 354 1719 414 S.
1757 352 2159 415 ANASTASII
2200 354 2533 419 SINAITB

3590 304 3713 425 ἀδ

456 471 587 531 fuit:
619 469 676 524 in
699 469 803 526 hoc
825 469 973 525 enim
998 468 1249 541 jejunare
1263 466 1543 535 convenit,
1566 467 1663 522 sed
1688 482 1800 522 non
1826 466 2000 523 festun

2100 468 2224 523 ,τοῦ
2261 471 2468 543 Κυρίου
2495 466 2699 543 ταφῆς,
2739 467 2879 542 ὅπερ
2926 471 3209 543 νηστεύειν
3261 471 3563 544 προσῆκεν,
3592 472 3692 529 ἀλλ

449 578 612 635 agere
646 562 780 635 (49).

1074 675 1162 731 Ea:
1186 675 1393 731 Exodo.

517 768 587 823 Et
612 769 755 826 dixit
792 769 1062 824 Dominus
1089 766 1287 839 Moysi:
1325 786 1344 819 ι
1368 766 1619 838 Loquere
1652 767 1782 824 tiliis
1825 768 2019 834 Israel,

445 861 637 919 dicens
661 879 676 919 :
705 861 836 918 Tria
856 851 988 917 anni
1020 869 1266 932 tempora
1291 860 1426 915 mihi
1449 861 1740 917 observate
1770 878 1784 915 :
1820 860 2023 916 festum

437 970 760 1028 azymorum
795 955 851 1009 in
886 955 1066 1026 primo
1121 969 1333 1019 mense,
1362 970 1394 1009 a
1420 953 1637 1010 decimo
1665 963 1869 1024 quarto
1919 971 2021 1010 au-

442 1060 554 1107 tem
573 1049 698 1117 die;
731 1057 943 1120 septem
964 1048 1164 1103 diebus
1212 1047 1516 1103 comedetis
1538 1062 1729 1120 azyma
1775 1062 1903 1102 cum
1936 1047 2021 1103 la-

438 1142 622 1198 ctucis
657 1141 992 1214 agrestibus,
1023 1150 1081 1196 et
1111 1156 1252 1211 pane
1281 1139 1625 1196 atﬂictionis:
1657 1141 1712 1196 in
1759 1152 1828 1197 eo
1864 1140 2016 1195 enim

438 1235 648 1307 egressi
671 1236 806 1290 estis
825 1234 895 1290 de
916 1233 1151 1306 Egypto
1182 1233 1246 1289 υ.
1263 1252 1385 1286 ι-ι
1410 1234 1479 1288 Et
1497 1241 1787 1290 numerate
1805 1234 1966 1289 vobis
1986 1248 2018 1289 a

440 1324 673 1394 septima
696 1324 1041 1379 hebdomada
1082 1332 1296 1395 septem
1329 1310 1473 1379 totos
1498 1324 1618 1379 dies
1644 1325 2020 1397 quinquagin-

2129 561 2230 633 οὐχ
2268 560 2493 633 ἐορτάζε
2503 577 2572 616 ιν.

2705 679 2819 749 Τῆς
2862 678 3135 755 Ἔξδδου.

2198 772 2311 827 Καὶ
2365 768 2488 829 εἷπε
2539 773 2745 846 Κύριος
2804 772 2943 846 πρὸς
2990 771 3235 840 Μωσῆν·
3274 769 3565 843 «Ᾱὰλησον
3595 773 3712 837 τοίς

2128 866 2262 929 υἱοῖς
2300 866 2535 937 Ἰσραὴλ,
2561 867 2771 937 λέγων’
2824 865 2988 936 Τρεῖς
3028 863 3256 932 καιροὺς
3313 863 3409 916 τοῦ
3458 863 3707 917 ἐνιαυτοῦ

2124 953 2390 1023 φυλάξετε
2413 973 2524 1028 μοι·
2547 956 2647 1029 τὴν
2679 955 2873 1028 ἑορτὴν
2902 952 3013 1013 τῶν
3041 942 3171 1015 ίΔζύ
3179 970 3317 1024 μων,
3337 953 3396 1005 tv
3411 951 3489 1023 τῷ
3505 952 3702 1024 πρώτῳ

2126 1046 2280 1115 μηνὶ,
2312 1046 2422 1101 ἀπὸ
2449 1049 2550 1118 τῆς
2576 1044 3155 1117 τεσσαρακαιδεκάτης
3186 1043 3283 1097 τοῦ
3321 1044 3524 1115 μηνὸςο
3568 1044 3705 1116 ήμὲ-

2126 1153 2226 1209 ρας
2249 1137 2294 1203 C'.
2325 1139 2512 1193 ἐδεσθε
2536 1137 2722 1210 ἄζυμα
2753 1139 2847 1192 ἐπὶ
2871 1137 3137 1210 πικρίδων
3162 1137 3346 1208 ἄρτων
3370 1135 3663 1198 κακώσεως
3683 1151 3699 1166 ⁸

2121 1233 2179 1286 tv
2214 1233 2324 1304 γὰρ
2351 1233 2528 1305 τούτῳ
2576 1231 2833 1305 ἐξήλθετε
2887 1230 2948 1297 ἐξ
3006 1230 3307 1300 Αἰγύπτου.
3348 1249 3367 1282 ι
3414 1258 3485 1270 -
3539 1248 3556 1280 ι
3595 1229 3704 1282 Καὶ

2121 1326 2465 1397 ἁριθμήσατε
2493 1327 2621 1397 ὑμῖν
2648 1325 2756 1380 ἀπὸ
2780 1326 2881 1396 τῆς
2911 1324 3150 1394 ἑϐδόμης
3179 1321 3479 1392 ἑϐδομάδος
3507 1321 3648 1377 ἑπτὰ
3677 1321 3696 1361 ί

440 1428 517 1481 ta,
545 1426 604 1473 et
634 1404 829 1475 vocate
857 1433 985 1473 eum
1006 1417 1275 1489 inclytum
1304 1424 1361 1472 et
1380 1430 1635 1473 sanetum
1660 1419 1806 1475 diem
1843 1420 2000 1473 ¹⁸.»-

2119 1418 2448 1491 ὁλοκλήρους
2466 1421 2689 1490 ήμέρας
2718 1417 3085 1486 πεντήκοντα,
3107 1417 3202 1469 καί⁵
3227 1411 3701 1484 καλέσατειαύτὴν

444 1527 463 1560 ι
498 1508 568 1563 Et
600 1508 813 1563 decima
850 1518 1048 1579 quarta
1074 1509 1194 1564 dies
1223 1509 1430 1564 mensis
1463 1509 1705 1579 septimi,
1728 1526 1874 1565 anno
1902 1511 2017 1581 jam

438 1596 622 1653 media
649 1612 717 1652 ex
747 1605 905 1668 parte
948 1598 1160 1668 elapso,
1214 1595 1589 1652 celebrabitur
1643 1596 1764 1651 dies
1821 1597 2016 1667 propi-

436 1689 709 1754 tiationis,
739 1700 796 1747 et
824 1690 1025 1746 festum
1077 1691 1611 1754 Tabernaculorum,
1657 1690 1897 1762 inclytus
1958 1697 2016 1744 et

434 1790 663 1839 sanctus
698 1781 808 1837 erit
840 1783 1002 1838 vobis
1031 1783 1135 1838 iste
1165 1783 1305 1848 dies,
1330 1792 1387 1837 et
1417 1780 1782 1837 humiliabitis
1803 1783 2015 1836 animas
2048 1816 2088 1872 Β

437 1883 670 1930 vestras.
703 1875 896 1931 Omnis
929 1890 1062 1930 vero
1082 1875 1266 1929 anima
1300 1890 1424 1944 quae
1461 1890 1574 1929 non
1599 1874 2011 1940 bumiliabitur,

435 1964 712 2020 delebitur
735 1965 804 2021 de
838 1965 1045 2035 populo
1075 1980 1198 2019 suo.
1224 1965 1352 2020 Dies
1372 1974 1559 2021 autem
1589 1974 1802 2036 septem
1835 1963 2014 2020 addu-

390 2085 395 2089 -
434 2057 546 2114 cite
570 2057 912 2120 holocausta,
959 2057 1015 2111 in
1042 2056 1416 2112 tabernaculis
1466 2056 1805 2121 habitantes,
1834 2064 1896 2111 ut
1927 2056 2015 2111 vi-

429 2149 604 2204 deant
656 2149 1040 2220 generationes
1097 2157 1299 2204 vestra:
1336 2148 1483 2220 quod
1530 2149 1588 2203 in
1641 2148 2013 2206 tabernaculis

434 2239 690 2296 habitare
736 2240 844 2296 feci
904 2239 1049 2296 ﬁlios
1110 2240 1305 2308 Israel,
1333 2256 1462 2296 cum
1505 2255 1604 2297 eos
1636 2242 1935 2296 educerem
1977 2255 2010 2297 e

432 2342 578 2390 terra
605 2331 848 2406 Egypti.
878 2333 994 2405 Ego
1028 2332 1297 2388 Dominus
1323 2333 1470 2388 Deus
1516 2342 1703 2390 vester
1720 2335 1783 2388 “.
1806 2352 1826 2387 ι

502 2425 642 2481 Hinc
664 2425 886 2489 merito,
920 2433 983 2479 ut
1026 2424 1270 2489 videtur,
1307 2425 1474 2480 etiam
1504 2424 1653 2496 apud
1682 2441 1785 2481 nos
1819 2425 2011 2482 obser-

428 2525 633 2571 vantur
661 2525 775 2571 tres
795 2514 1394 2587 Quadragesimtel50),
1425 2532 1563 2588 quas
1598 2517 2008 2590 praesignabant

430 2609 525 2663 illa
557 2608 695 2663 festa
728 2607 1086 2664 Hebraeorum
1118 2625 1243 2680 qua:
1277 2610 1721 2667 additamentum
1760 2613 2005 2669 tricena-

429 2701 494 2755 rii
526 2702 743 2757 numeri
774 2703 927 2758 nullo
950 2703 1114 2758 modo
1143 2704 1467 2761 admittunt.

422 2814 583 2889 361
624 2813 938 2889 constitutio
973 2813 1514 2889 apostolorumuPctri
1558 2825 1609 2871 et
1640 2816 1802 2889 Pauli
1843 2817 2006 2889 (Con-

493 2885 833 2940 stitutionum
863 2886 1278 2956 apostolicarum
1313 2885 1412 2941 lib.
1447 2902 1562 2951 vut,
1599 2903 1722 2958 cap.
1746 2885 1859 2953 55).

495 2976 610 3048 Ego
636 2975 834 3032 Petrus
864 2985 921 3031 et
946 2977 1154 3033 Paulus
1182 2977 1571 3033 constituimus
1596 2987 1659 3034 ut
1693 2979 1841 3035 servi
1867 2996 2001 3053 ope-

423 3075 618 3122 rentur
639 3068 884 3138 quinque
900 3068 1036 3131 dies,
1058 3068 1297 3125 Sabbato
1311 3077 1498 3125 autem
1518 3078 1576 3127 et
1599 3070 1690 3126 die
1717 3072 2001 3131 Dominico

2119 1511 2327 1581 κλητὴν
2361 1511 2525 1579 ἁγίαν
2573 1507 2809 1581 ἡμέραν.
2849 1524 2869 1558 ι
2907 1536 2979 1547 --
3013 1506 3182 1559 «Καὶ
3227 1506 3295 1576 τῇ
3343 1502 3702 1557 πεντεκαιδε-

2118 1603 2262 1676 κάτῃ
2286 1601 2380 1656 τοῦ
2432 1600 2663 1672 ἑϐδόμου
2698 1599 2889 1673 μηνὸς,
2944 1595 3242 1670 μεσοῦντος
3295 1594 3391 1648 τοῦ
3426 1591 3696 1660 ἐνιαυτοῦ,

2097 1694 2299 1765 ’ήμέρα
2325 1691 2642 1761 ὲξιλασμοῦ,
2666 1692 2761 1746 καὶ
2776 1689 2940 1762 ἑορτὴ
2961 1687 3349 1758 Σκηνοπηγίας
3370 1684 3543 1757 κλητὴ
3569 1683 3699 1753 ἁγία

2117 1785 2272 1838 ἔσται
2306 1784 2456 1856 ὑμῖν,
2486 1783 2582 1837 καὶ
2607 1778 2978 1835 ταπεινώσετε
3008 1779 3107 1842 τὰς
3122 1776 3304 1848 ψυχᾲς
3332 1774 3509 1846 ὑμῶν.
3537 1774 3699 1828 Πᾶσα

2116 1879 2174 1933 δὲ
2200 1877 2371 1949 ψυχὴ,
2408 1877 2532 1948 ἦτις
2553 1877 2613 1930 οὐ
2644 1872 3146 1945 ταπεινωθήσεται,
3175 1866 3696 1939 ὲξολοθρευθήσεται

2117 1971 2182 2023 ὲκ
2217 1968 2314 2023 τοῦ
2342 1952 2474 2023 λαοῦ
2514 1967 2705 2039 αὐτῆς.
2747 1965 2993 2038 Ἡμέρας
3039 1963 3098 2019 δὲ
3141 1961 3187 2026 ζ’
3225 1958 3529 2034 προσάξετε
3573 1957 3695 2012 ὀλο-

2115 2058 2477 2129 καυτὼματα,
2511 2060 2570 2112 tv
2599 2057 2828 2127 σκηναῖς
2872 2050 3278 2116 κατοικοῦντες,
3322 2048 3472 2112 ὅπως
3511 2045 3695 2102 ἴδωσιν

2114 2151 2172 2205 αι
2196 2151 2383 2220 γενεαὶ
2408 2149 2588 2221 ὑμῶν,
2613 2149 2697 2203 ὅτι
2723 2150 2783 2202 tv
2815 2146 3042 2217 σκηναῖς
3070 2140 3368 2213 κατῴκησα
3394 2139 3522 2203 τοὺς
3543 2138 3692 2203 υἱοὺς

2125 2239 2342 2311 Ἰσραὴλ
2372 2241 2432 2294 tv
2467 2238 2547 2311 τῷ
2576 2239 2867 2308 ἐξαγαγεῖν
2897 2253 2964 2308 με
2988 2236 3052 2290 ἐκ
3077 2236 3181 2308 γῆς
3203 2230 3507 2303 Αἰγύπτου.
3548 2227 3692 2300 Ἐγὼ

2111 2332 2316 2405 Κύριος
2337 2334 2366 2385 ὁ
2390 2332 2524 2396 Θεὸς
2547 2332 2723 2403 ὑμῶν.
2760 2349 2780 2383 ι

2183 2424 2519 2491 Κάντεῦθεν,
2547 2424 2623 2491 ὡς
2656 2424 2824 2490 ἔοικε,
2869 2422 2966 2478 καὶ
3001 2419 3134 2501 παρέ
3163 2418 3299 2491 ἡμῖν
3325 2415 3555 2479 εἰκότως
3584 2430 3688 2483 φυο

2108 2518 2394 2574 λάττονται
2424 2521 2480 2574 αἱ
2507 2520 2657 2590 τρεῖς
2680 2511 3235 2587 Τεσσαρακοσταὶ,ἁς
3265 2506 3607 2582 προετύπουν
3631 2506 3689 2560 αι

2108 2611 2296 2681 ἑορταὶ
2322 2611 2553 2674 ἐκεῖναι,
2585 2609 2683 2663 καὶ
2719 2605 3041 2679 προσθήκην
3075 2602 3177 2657 τοῦ
3203 2597 3533 2674 τριακοστοῦ
3563 2597 3690 2669 ἀρι-

2108 2704 2248 2776 θμοῦ
2281 2703 2546 2774 μηδαμῶς
2567 2700 2973 2772 ὲπιδεχόμεναι.

2105 2797 2383 2887 Διάταέῖς
2426 2815 2544 2873 τῶν
2576 2818 2940 2873 ἀποστόλων
2987 2811 3217 2881 Πέτρου
3252 2807 3353 2863 καί
3415 2805 3683 2861 Παύλου.

2094 3046 2099 3053 _
2188 2978 2381 3049 Ἡμεῖς
2413 2975 2624 3059 Πέτρος
2649 2974 2743 3048 καὶ
2773 2972 2985 3056 Παῦλος
3014 2968 3416 3041 διαταττόμεθα
3434 2966 3684 3039 -ὲργὰζε-

2106 3070 2231 3126 σθαι
2258 3071 2387 3139 τοὺς
2410 3068 2629 3131 δούλους
2658 3059 2872 3138 ἡμέρας
2903 3063 2945 3118 ε’
2968 3106 2984 3132 ,
3016 3063 3315 3128 Σάϐϐατον,
3341 3062 3437 3116 καὶ
3468 3062 3685 3133 Κυρια-

418 3158 692 3215 ferientur
747 3160 801 3214 in
846 3159 1081 3217 ecclesia
1129 3168 1356 3230 propter
1400 3160 1712 3217 doctrinam
1747 3163 1991 3234 pietatis.

2105 3165 2207 3237 κὴν
2237 3142 2646 3235 σχολαζέτωσαν
2679 3163 2738 3214 tv
2765 3162 2831 3231 τῇ
2860 3158 3149 3229 ἐκκλησίᾳ,
3176 3155 3265 3209 διὰ
3285 3154 3385 3225 τὴν
3410 3153 3683 3208 διδασκα-

422 3251 722 3312 Sabbatum
761 3252 910 3307 enim
939 3252 1174 3309 dicimus
1196 3253 1403 3309 habere
1446 3255 1719 3310 rationem
1755 3258 1994 3319 creatio-

418 3342 508 3396 nis
529 3359 545 3408 ;
565 3343 712 3398 diem
741 3343 1110 3407 Dominicum,
1138 3344 1584 3403 resurrectionis.
1641 3346 1997 3418 Magnaheb-

362 3460 381 3473 ν
411 3432 655 3493 domade
707 3443 841 3500 tota,
887 3443 944 3490 et
985 3450 1050 3491 ea
1092 3450 1215 3506 qua:
1260 3436 1643 3509 subsequitur,
1694 3437 1990 3508 ferientur,

413 3526 678 3594 quoniam
704 3527 797 3582 illa
817 3534 903 3583 est
931 3528 1225 3598 passionis,
1257 3528 1377 3585 bare
1429 3532 1863 3589 resurrectionis
1900 3550 1993 3597 ar-

408 3625 760 3687 gumentum,
812 3629 1035 3690 etopus
1094 3628 1181 3676 est
1235 3628 1297 3675 ut
1321 3620 1592 3677 doceatur
1625 3625 1752 3694 quis
1797 3626 1991 3697 sitqui

416 3725 610 3778 passus
668 3720 754 3765 est
810 3718 867 3766 et
920 3711 1261 3777 resurrexit,
1325 3720 1382 3768 et
1430 3713 1555 3783 quis
1604 3715 1678 3771 sit
1743 3717 1839 3787 qui
1889 3733 1989 3774 ve-

414 3800 560 3855 :iam
614 3801 778 3857 nobis
835 3808 1131 3868 concessit,
1178 3820 1392 3875 nosque
1442 3820 1629 3861 secum
1676 3809 1986 3869 suscitavit.

410 3889 472 3944 lu
500 3891 839 3948 Ascensione
881 3894 1155 3950 ferientur
1191 3906 1421 3967 propter
1483 3898 1649 3954 tinem
1696 3900 1988 3973 dispensa-

414 3981 584 4035 tionis
634 3980 863 4037 Christi.
910 3984 971 4039 In
1022 3985 1352 4043 Pentecoste
1425 3988 1699 4047 ferientur
1762 4004 1989 4066 propter

409 4072 714 4129 adventum
776 4077 951 4132 sancti
1010 4077 1273 4149 Spiritus.
1343 4081 1404 4138 In
1460 4083 1639 4139 Natali
1713 4085 1988 4143 ferientur

406 4176 637 4238 pr0pter
669 4169 1013 4247 nativitatem
1063 4172 1227 4228 Verbi
1276 4190 1343 4229 ex
1401 4185 1589 4231 sancta
1648 4177 1889 4249 Virgine.
1929 4180 1986 4234 ln

405 4259 713 4331 Epiphania
748 4261 1039 4329 ferientur,
1067 4274 1356 4335 propterea
1387 4268 1532 4337 quod
1567 4269 1620 4322 iu
1650 4285 1710 4323 ea
1743 4270 1880 4325 facta
1915 4272 1987 4325 sit

401 4351 652 4405 ostensio
677 4351 885 4408 Christi
936 4355 1268 4422 divinitatis,
1316 4373 1443 4412 cum
1501 4361 1875 4414 testimonium
1930 4364 1983 4418 ei

2097 3256 2218 3310 λίαν
2252 3256 2352 3327 τῆς
2384 3253 2712 3326 Ἑκκλησίας
2740 3252 2881 3323 ὑπὲρ
2906 3252 3005 3321 τῆς
3034 3247 3421 3311 εὐσεϐείας.Τδ
3445 3245 3545 3317 μὲν
3571 3244 3682 3316 γὰρ

2098 3348 2377 3405 Σάϐϐατον
2427 3348 2654 3418 εἴπομεν
2694 3342 3249 3415 δημιουργίαςνλόγον
3280 3339 3428 3410 ἔχειν
3449 3354 3463 3369 ο
3492 3337 3593 3409 τὴν
3622 3337 3683 3390 δὲ

2095 3442 2403 3514 Κυριακὴν,
2441 3439 2816 3502 ἀναστάσεως.
2848 3438 2962 3508 Τὴν
3011 3437 3069 3489 δὲ
3125 3432 3370 3504 μεγάλην
3408 3428 3681 3500 ἑϐδομάδα

2046 3522 2049 3525 ἢ
2097 3534 2301 3597 πᾶσαν,
2333 3530 2427 3586 καὶ
2457 3530 2557 3603 τὴν
2593 3529 2712 3602 μετ’
2741 3527 2913 3599 αὐτὴν
2970 3525 3338 3595 ἁργείτωσαν,
3368 3522 3451 3576 ὅτι
3497 3521 3532 3591 ή
3579 3517 3680 3590 μὲν

2095 3623 2303 3687 πάθους
2332 3624 2470 3688 ἐστὶ,
2503 3624 2538 3694 ή
2579 3622 2636 3675 δὲ
2694 3619 3071 3681 ἀναστάσεως,
3104 3616 3201 3670 καὶ
3225 3613 3384 3686 χρεία
3416 3612 3681 3667 διδασκα-

2093 3717 2236 3780 λίας,
2269 3714 2357 3779 τίς
2391 3717 2421 3769 ὸ
2448 3713 2658 3779 παθὼν,
2688 3712 2784 3767 καὶ
2809 3709 3206 3774 ἀναστάςο·τίς
3237 3709 3266 3761 ὁ
3290 3707 3677 3787 συγχωρήσας.

2094 3810 2312 3882 Τρίτον,
2371 3809 2470 3880 τὴν
2507 3805 2803 3877 Ἀνάληψιν
2847 3804 3212 3876 ἁργείτωσαν,
3248 3793 3348 3854 ’διὰ
3398 3799 3463 3884 eo
3498 3799 3677 3868 πέρας

2091 3899 2192 3970 τῆς
2220 3902 2301 3963 εἰς
2333 3898 2572 3972 Χριστὸν
2618 3897 2951 3967 οἰκονομίας.
2984 3896 3098 3965 Τὴν
3141 3888 3529 3961 Πεντηκοστὴν
3577 3889 3678 3959 ἀρ-

2091 3991 2382 4059 γείτωσαν,
2416 3990 2505 4045 διὰ
2532 3990 2634 4061 τὴν
2660 3987 2967 4060 παρουσίαν
2993 3984 3088 4040 τοῦ
3120 3984 3278 4053 ἁγίου
3314 3980 3636 4051 Πνεύματος
3657 3995 3675 4012 ο

2089 4082 2187 4155 τήν
2216 4082 2502 4137 Γενέθλιον
2536 4080 2908 4152 ἁργείτωσαν,
2937 4078 3026 4134 διὰ
3059 4076 3120 4132 τδ
3146 4080 3203 4130 tv
3236 4076 3375 4145 αὐτῇ
3410 4073 3676 4143 γεννηθῆ-

2088 4192 2178 4230 ναι
2198 4175 2290 4229 τὸν
2311 4173 2406 4229 τοῦ
2430 4172 2570 4228 Θεοῦ
2586 4173 2760 4241 Λόγον
2788 4174 2853 4225 ὲκ
2877 4172 2977 4242 τῆς
3000 4165 3418 4240 Παρθένου.Τὴν
3442 4163 3675 4233 Ἐπιφά-

2088 4285 2240 4322 νειαν
2265 4267 2633 4338 ἀργειτωσαν,
2652 4265 2741 4318 διὰ
2772 4264 2833 4316 τὸ
2864 4265 2922 4318 tv
2941 4261 3083 4332 αὐτῇ
3110 4256 3384 4324 ἀνάδειξιν
3418 4254 3672 4326 γενέσθαι

2086 4354 2188 4425 τῆς
2215 4354 2308 4409 τοῦ
2338 4355 2580 4427 Χριστοῦ
2609 4354 2888 4425 θεότητος,
2918 4356 3373 4426 μαρτυρήσαντος
3397 4353 3545 4422 αὐτῷ
3576 4352 3670 4406 τοῦ

402 4441 642 4510 praebuit
690 4443 851 4499 Pater
906 4446 960 4500 in
1028 4447 1379 4517 baptismate,
1444 4458 1501 4505 et
1558 4452 1873 4508 Paraclctus
1926 4455 1982 4509 in

2100 4449 2303 4520 [ἰατρὸς
2336 4450 2396 4504 tv
2423 4448 2504 4519 τῷ
2545 4448 2906 4521 βαπτίσματι,
2940 4448 3041 4502 καὶ
3085 4448 3182 4502 τοῦ
3224 4448 3586 4519 Παρακλήτου
3613 4448 3671 4498 ὲν

400 4533 589 4600 specie
640 4534 910 4591 columba:
966 4537 1231 4595 indicavit
1281 4544 1652 4611 praesentibus
1700 4561 1827 4599 eum
1887 4548 1978 4602 cui

2100 4538 2222 4592 εῖδει
2256 4541 2591 4611 περιστερᾶς
2625 4537 3011 4605 ὑποδείξαντος
3058 4541 3172 4601 τοῖς
3219 4537 3531 4608 παριστῶσι
3580 4536 3691 4616 τὸν*

401 4622 596 4679 (latum
627 4635 711 4680 est
763 4629 1162 4684 testimonium.
1218 4633 1846 4705 Diebus'Apostolorum
1902 4637 1982 4693 fe-

402 4714 654 4780 rientur;
688 4717 912 4776 fuerunt
943 4722 1088 4777 enim
1132 4726 1299 4780 vestri
1331 4727 1587 4783 doctores
1630 4730 1685 4783 in
1736 4728 1979 4797 Christo,

398 4813 459 4859 et
491 4805 699 4876 Spiritu
735 4821 927 4866 sancto
949 4828 1046 4868 vos
1073 4813 1283 4886 dignati
1313 4826 1459 4872 sunt.
1501 4817 1703 4872 Preces
1733 4818 1979 4890 peragite

400 4911 584 4966 mane,
615 4911 671 4956 et
695 4901 830 4958 hora
855 4904 1038 4970 tertia,
1093 4915 1269 4974 sexta,
1300 4924 1469 4973 nona,
1515 4909 1757 4978 vesperi,
1809 4920 1867 4965 et
1922 4911 1976 4964 in

2086 4630 2527 4701 μαρτυρηθέντα.
2552 4628 2664 4693 Τὰς
2693 4630 2906 4700 ἡμέρας
2936 4629 3047 4683 τῶν
3083 4627 3282 4697 Ἀγίων
3323 4627 3670 4682 Ἀποστόλων

2084 4726 2465 4796 (Ιιργείτωσαν⁸
2501 4724 2814 4779 διδάσκαλοι
2849 4724 2959 4796 γὰρ
2991 4723 3148 4795 ὑμῶν
3178 4726 3259 4788 είς
3293 4722 3532 4794 Χριστὸν
3573 4739 3670 4792 γε·

2085 4818 2297 4887 γόνασι,
2336 4817 2435 4870 καὶ
2465 4816 2785 4884 Πνεύματος
2819 4818 2978 4886 ἁγίου
3006 4819 3151 4889 ὑμᾶς
3178 4817 3443 4886 ἠξίωσαν.
3487 4817 3668 4889 Εὐχὰς

2085 4908 2141 4962 δὲ
2175 4907 2476 4962 ὲπιτελεῖτε
2510 4908 2734 4980 δρθρου,
2783 4910 2878 4963 καὶ
2915 4909 3131 4983 τρίτης,
3181 4908 3278 4964 καὶ
3325 4909 3515 4980 ἕκτης,
3572 4907 3668 4963 καὶ

473 5035 514 5066 ⁸⁷
564 5034 736 5091 Exod.
779 5053 929 5104 nm,
969 5041 1057 5106 14,
1100 5041 1186 5097 15.
1267 5042 1310 5074 ⁸⁸
1347 5018 1725 5109 Levit..xmt,
1777 5045 1866 5110 15,
1912 5045 1998 5100 16.

2100 5047 2116 5078 ³
2150 5045 2283 5101 ibid.
2332 5047 2533 5116 passim
2580 5065 2611 5104 a
2650 5064 2813 5104 versu
2840 5049 2909 5105 27
2954 5046 3022 5104 ad
3054 5048 3144 5104 15.

1678 5156 1912 5213 VARUE
1951 5158 2354 5216 LECTIONES.

472 5244 489 5285 ί
524 5242 756 5300 Videtur
778 5244 1111 5311 redundare,
1145 5248 1361 5303 tametsi
1388 5248 1664 5319 interpres
1687 5252 1981 5321 expressit.

1934 5365 2141 5422 NOTle
2152 5411 2163 5422 .

489 5455 578 5529 μιν)
607 5456 779 5513 Caute
809 5457 963 5529 lege;
990 5474 1115 5513 nam
1141 5457 1256 5514 haec
1285 5467 1414 5517 sunt
1442 5475 1472 5515 e
1501 5462 1607 5516 ritu
1635 5461 1968 5519 Graecanico.

396 5523 533 5580 Vide
567 5541 754 5591 supra,
786 5523 902 5583 not.
927 5528 1016 5583 t8.
1939 5536 1949 5546 ‘

471 5593 1281 5685 sibinvelint,
1332 5602 1457 5685 quis
1508 5602 1978 5685 lacilc_explice_t‘f

396 5660 740 5736 Montaniana.
753 5667 884 5721 olim
913 5676 1026 5724 tres
1041 5660 1494 5736 Quadragesimas
1517 5660 1845 5729 servabant:
1873 5676 1976 5730 nisi

400 5730 768 5808 forteauctor
799 5735 906 5792 iste
936 5730 1193 5808 respiciat
1221 5757 1251 5796 a

399 5813 526 5903 rum
554 5801 796 5872 jejunia;
823 5801 1057 5876 quorum
1084 5826 1252 5885 unum
1277 5814 1551 5885 antecedit
1580 5815 1807 5883 Pascha,
1840 5817 1979 5873 alte-

1333 5743 1435 5797 tria
1466 5745 1732 5799 solemnia
1761 5745 1981 5801 Crwco-
2010 5777 2015 5781 -

2081 5482 2199 5541 rum
2238 5465 2289 5541 in
2323 5468 2565 5541 Augusto
2594 5468 3037 5541 Assumptionem
3061 5471 3120 5525 Β.
3146 5471 3404 5541 Virginis.
3440 5473 3661 5527 tertium

2079 5536 2429 5610 Nativilateni
2460 5536 3046 5610 Domini.int—anquam
3078 5541 3146 5596 de
3187 5536 3418 5595 numero
3446 5542 3659 5597 dierum

2082 5606 2247 5680 hujus
2279 5607 2513 5680 duplicis
2544 5609 2738 5680 jejunii
2773 5606 2919 5665 inter
2964 5626 3022 5665 se
3073 5610 3245 5666 Crtcci
3278 5627 3388 5666 non
3428 5627 3662 5666 consen-

2082 5676 2244 5730 tiunt.
2281 5676 2564 5770 1Hervetuas
2598 5676 2770 5770 forti}
2800 5680 3101 5770 tria‘lcsta,
3137 5682 3278 5737 forte
3311 5681 3494 5770 legit}
3526 5682 3660 5734 Τέσ-

2086 5764 2252 5816 caput,
2277 5749 2486 5872 top;a';.
2519 5749 2625 5806 Sed
2651 5750 2773 5807 cod.
2806 5759 2996 5808 noster
3017 5766 3273 5824 expresse
3301 5771 3312 5808 :
3346 5749 3510 5823 Τρεῖς
3538 5767 3658 5807 τεσ-

2088 5834 2366 5872 σαβακοστ
2407 5835 2455 5872 ε.

2088 5834 2455 5890 σαρακοστας.
