4062 6142
369 230 476 289 (75

1539 214 1600 274 S.
1641 210 2040 272 ANASTASII
2085 211 2412 272 SINAI'LE

2688 158 2719 173 ν-
2730 157 2775 172 .n:
2783 157 2818 174 n‘-

3517 213 3625 279 676

370 343 442 398 tis
462 342 541 408 ⁸¹;
577 358 595 390 ι
624 337 882 409 quoniam
937 334 1183 388 omnium
1239 330 1407 388 etiam
1435 328 1704 384 Dominus
1755 326 1929 381 dilexi

2049 325 2309 398 λεύσητε·
2342 348 2362 379 ι
2413 331 2516 394 ὅτι,
2559 327 2654 382 καί
2702 328 2730 381 ὁ
2782 328 2999 382 πάντων
3025 323 3303 399 Δεσπότης
3336 331 3624 403 ηγάπησεν

368 448 491 489 eam
539 450 554 486 :
592 438 677 484 est
711 430 858 483 enim
901 434 1108 498 mystes
1148 423 1244 478 Dei
1286 421 1551 482 scientiae,
1581 429 1635 474 et
1667 416 1944 473 inventrix

369 539 598 595 operum
638 523 778 592 ejus.
1197 579 1219 602 ἢ

448 635 467 667 ι
512 614 653 680 Quid
702 623 884 667 autem
931 617 1016 662 est
1059 600 1326 676 sapientia
1373 603 1563 666 ditius,
1593 618 1716 671 qua:
1757 600 1942 654 omnia

370 705 663 779 operatur?
695 724 711 754 ι
751 704 818 756 ΕΙ.
851 719 863 755 :
905 720 922 751 ι
960 699 1015 753 Si
1045 699 1170 766 quis
1197 697 1376 766 diligit
1409 694 1699 765 justitiam,
1727 694 1942 748 labores

368 799 488 870 ejus
516 805 644 852 sunt
667 795 898 848 virtutes
927 807 940 843 :
971 788 1295 859 sapientiam
1317 787 1487 850 enim,
1515 795 1570 840 et
1593 786 1938 855 prudentiam

367 891 550 951 docet,
575 898 633 943 et
675 885 940 957 justitiam
989 892 1046 935 et
1093 880 1494 939 fortitudinem,
1541 879 1700 949 365
1739 879 1941 946 quibus

367 979 506 1035 nihil
540 987 624 1032 est
649 973 966 1030 hominibus
995 971 1046 1023 in
1087 970 1197 1022 vita
1240 970 1449 1023 utilius.
1489 969 1544 1022 Si
1591 969 1715 1036 quis
1757 977 1940 1020 autem

365 1072 530 1128 etiam
572 1070 746 1140 diligit
788 1079 1035 1136 magnam
1079 1077 1262 1116 rerum
1327 1059 1755 1130 experientiam,
1788 1059 1941 1112 novit

365 1167 566 1236 prisca,
589 1173 644 1218 et
672 1164 854 1216 futura
892 1157 1153 1228 exquirit.
1180 1155 1296 1209 Scit
1329 1155 1585 1223 strophas
1619 1154 1934 1217 verborum,

365 1267 421 1312 et
451 1257 754 1311 solutiones
801 1253 1173 1320 mnigmatum,
1232 1249 1383 1317 signa
1420 1257 1474 1299 et
1503 1246 1752 1315 prodigia
1795 1261 1937 1314 pra:-

366 1347 565 1408 noscit,
607 1355 664 1398 et
710 1351 941 1396 eventus
983 1348 1288 1406 temporum
1311 1337 1377 1389 δ’.
1417 1356 1434 1386 ι

437 1435 705 1490 Similiter
742 1431 934 1486 Sirach
978 1442 1197 1497 quoque
1239 1427 1376 1480 dicit
1414 1443 1426 1477 :
1479 1445 1497 1476 ι
1542 1426 1686 1479 Deus
1725 1425 1937 1479 creavit

364 1529 729 1598 sapientiam,
777 1532 833 1577 et
888 1520 1264 1590 suppeditabit
1315 1535 1433 1574 eam
1490 1519 1557 1572 iis
1610 1518 1703 1586 qui
1756 1518 1935 1587 ipsum

262 1651 269 1658 -
363 1617 684 1686 diligunt".
714 1635 731 1666 ι
765 1615 834 1668 Ει
862 1631 875 1665 :
917 1632 934 1663 ι
969 1611 1024 1665 Si
1055 1609 1382 1680 concupiisti
1409 1610 1753 1678 sapientiam,
1779 1624 1934 1662 serva
1967 1630 1971 1686 ς

362 1676 638 1771 mandata,
671 1713 728 1760 et
768 1707 913 1759 Deus
954 1703 1050 1757 tibi
1094 1676 1621 1772 suppeditabit—eam
1642 1700 1708 1753 “.
1744 1719 1761 1750 ι
1805 1700 1874 1754 Et
1917 1719 1930 1753 :
1968 1676 2009 1734 Β

368 1817 389 1850 ι
420 1799 544 1862 Fili,
568 1814 598 1851 a
621 1799 911 1868 juventute
939 1804 1030 1848 tua
1053 1795 1193 1863 elige
1223 1791 1592 1861 disciplinam,
1617 1799 1673 1846 et
1700 1791 1935 1860 amplius

363 1894 610 1948 invenies
648 1889 994 1961 sapientiam.
1028 1887 1310 1956 Tanquam
1355 1894 1538 1939 autem
1583 1884 1677 1953 qui
1721 1892 1839 1939 arat
1877 1895 1936 1939 et

360 1986 454 2056 qui
484 1984 742 2048 seminat,
769 1981 970 2035 accede
994 1979 1060 2033 ad
1088 1994 1232 2041 eam,
1256 1985 1312 2032 et
1336 1985 1592 2045 exspecta
1617 1976 1792 2030 bonos
1815 1977 1934 2048 ejus

360 2077 592 2130 fructus.
634 2075 768 2129 Nam
805 2073 859 2126 in
895 2071 1216 2141 operatione
1249 2071 1369 2139 ejus
1404 2083 1596 2138 parum
1630 2067 1928 2134 laborabis,

359 2175 418 2222 et
467 2168 578 2222 cito
628 2165 886 2221 comedes
935 2163 1182 2233 germina
1235 2163 1374 2232 ejus.
1420 2161 1595 2228 Quam
1641 2161 1799 2214 valde
1846 2169 1933 2215 est

358 2274 552 2329 aspera
584 2258 839 2314 indoctis,
861 2264 918 2310 et
941 2271 1050 2308 non
1077 2262 1260 2309 manet
1285 2255 1341 2308 in
1364 2255 1478 2324 ipsa
1505 2269 1700 2309 excors
1721 2255 1786 2307 ".
1818 2273 1836 2306 ι
1863 2283 1934 2296 --

365 2372 385 2404 ι
437 2350 716 2422 Sapientia
756 2350 903 2404 enim
949 2347 1255 2402 secundum
1299 2347 1417 2417 ejus
1456 2361 1690 2409 nomen,
1727 2354 1786 2400 et
1820 2361 1932 2401 non

356 2453 443 2500 est
489 2443 678 2498 multis
726 2440 1034 2495 manifesta.
1083 2438 1224 2492 Audi
1273 2453 1432 2509 ergo,
1480 2437 1589 2502 ﬁli,
1639 2447 1694 2492 et
1740 2438 1932 2508 excipe

360 2550 536 2588 meam
572 2532 925 2597 sententiam,
953 2539 1010 2585 et
1038 2545 1108 2584 ne
1142 2529 1690 2603 recusesconsilium
1725 2545 1928 2585 meum.

354 2627 444 2688 Et,
469 2625 706 2679 lmmitte
734 2623 902 2693 pedes
923 2631 1047 2678 tuos
1081 2621 1135 2676 in
1168 2620 1463 2690 compedes
1477 2622 1616 2692 ejus,
1642 2631 1698 2676 et
1727 2622 1782 2676 in
1813 2616 1933 2691 ejds

355 2726 608 2784 torquem
639 2714 839 2768 collum
875 2722 1050 2768 tuum.
1077 2713 1335 2782 Suppone
1362 2709 1748 2775 bumerum,et
1773 2721 1932 2782 porta

352 2819 496 2868 eam,
524 2811 580 2858 et
620 2819 730 2857 non
758 2803 1051 2873 appelletis
1074 2802 1142 2856 ad
1168 2802 1388 2858 vincula
1417 2803 1558 2872 ejus.
1582 2801 1719 2857 Tota
1749 2803 1931 2858 anima

353 2896 557 2950 accede
587 2896 652 2949 ad
685 2895 855 2959 illam,
882 2903 938 2949 et
963 2904 1074 2949 tota
1103 2896 1307 2950 virtute
1340 2905 1429 2949 tua
1462 2911 1620 2949 serva
1647 2895 1763 2951 vias
1787 2897 1928 2967 ejus.

2045 421 2245 492 αὐτήν·
2286 420 2480 490 μύστις
2517 421 2626 489 γάρ
2669 422 2787 473 ἐστι
2831 421 2929 491 τῆς
2977 421 3072 474 τοῦ
3119 421 3254 475 Θεοῦ
3288 423 3622 496 ἐπιστήμης,

2044 511 2140 564 καὶ
2171 512 2380 581 αίρέτις
2412 512 2520 566 τῶν
2550 511 2727 583 ἔργων
2765 511 2953 566 αὑτοῦ.

2122 603 2225 655 (Τί
2257 603 2314 656 δὲ
2345 603 2537 672 σοφίας
2586 602 3008 674 πλουσιώτερον,
3042 604 3142 674 τῆς
3171 605 3348 659 πάντα
3385 607 3618 677 ἐργαζο-

2047 693 2248 763 μένης;
2275 714 2292 745 ι
2336 694 2443 748 Καί
2465 711 2477 725 ·
2522 713 2542 746 ι
2574 696 2634 747 El
2681 695 3032 765 δικαιοσύνην
3064 698 3254 768 ἀγαπᾷ
3294 716 3399 763 τις,
3433 700 3483 752 οἱ
3518 701 3620 753 πό-

2043 802 2123 838 νοι
2154 786 2324 854 αὐτῆς
2381 789 2520 839 εἰσὶν
2552 786 2776 856 ἀρεταί·
2815 786 3171 858 σωφροσύνην
3197 788 3305 859 γὰρ
3345 790 3441 843 καὶ
3481 791 3616 859 φρό-

2042 895 2198 947 νησιν
2223 877 2550 941 ἐκδιδάσκει,
2580 881 2674 930 καὶ
2701 879 3072 948 δικαιοσύνην,
3105 882 3198 933 καὶ
3227 881 3501 950 ἀνδρείαν,
3539 876 3615 935 ὧν

2042 967 2460 1038 χρησιμώτερον
2507 969 2661 1022 ούδέν
2695 969 2844 1022 ἐστιν
2869 971 2935 1022 ἐν
2967 969 3066 1040 βίῳ
3095 971 3432 1041 ἀνθρώποις.
3466 976 3522 1026 ΕΞ
3560 976 3616 1028 δὲ

2042 1061 2131 1112 καὶ
2168 1061 2527 1130 πολυπειρίαν
2551 1062 2706 1114 ποθεῖ
2731 1080 2816 1124 τις
2841 1076 2888 1127 κ,
2920 1058 3029 1115 οἶδε
3067 1064 3135 1117 τὰ
3166 1066 3390 1134 ἀρχαῖα,
3423 1067 3516 1118 καὶ
3547 1071 3616 1120 τά

2044 1153 2309 1222 μέλλοντα
2329 1153 2599 1218 είκάζειγ.
2647 1145 2973 1207 Ἐπίσταται
3006 1156 3246 1226 στροφὰς
3275 1157 3468 1225 λόγων,
3521 1161 3614 1212 καὶ

2039 1242 2220 1307 λύσεις
2271 1245 2615 1313 αἰνιγμάτων
2655 1262 2668 1274 ·
2703 1249 2909 1314 σημεῖα
2973 1248 3074 1301 καὶ
3112 1248 3317 1320 τέρατα
3350 1251 3616 1322 προγινώ-

2040 1351 2179 1399 σκει,
2213 1335 2306 1388 καὶ
2337 1337 2592 1398 ἐκϐάσεις
2622 1338 2828 1407 καιρῶν
2859 1339 2946 1390 καὶ
2977 1341 3202 1409 χρόνων.

2109 1427 2220 1479 Καὶ
2256 1429 2468 1499 ,Σειράχ
2524 1428 2583 1481 δὲ
2635 1429 2900 1493 ὡσαύτως
2941 1432 3112 1502 φησί’
3151 1433 3398 1504 «Κύριος
3427 1434 3613 1490 ἔκτισε

2039 1521 2254 1588 σοφίαν,
2284 1521 2377 1572 καὶ
2406 1521 2705 1590 χορηγήσει
2730 1521 2900 1590 αὐτὴν
2925 1525 3037 1586 τοῖς
3075 1525 3363 1590 ἀγαπῶσιν
3391 1526 3606 1581 αὐτόν.»

2041 1609 2169 1662 Καί*
2205 1627 2224 1660 ι
2255 1610 2316 1662 Et
2341 1609 2702 1679 ἐπεθύμησας
2753 1611 2965 1680 σοφίαν,
3005 1612 3336 1683 διατήρησον
3369 1615 3607 1682 ἐντολάς,

2038 1703 2132 1755 καὶ
2166 1700 2374 1772 Κύριος
2425 1704 2726 1774 χορηγήσει
2778 1720 2859 1757 σοι
2886 1703 3078 1774 αὑτήν.
3104 1723 3122 1755 ι
3163 1704 3300 1757 Καί’
3341 1726 3358 1756 ι
3384 1705 3614 1774 Τέκνον,

2036 1794 2102 1845 ἐκ
2133 1793 2387 1864 νεότητός
2442 1811 2537 1846 σου
2588 1793 2876 1859 ἐπίλεξαιι
2903 1794 3172 1861 παιδείαν,
3223 1796 3318 1848 καὶ
3360 1795 3465 1860 ἕως
3513 1814 3613 1850 πο-

2035 1885 2167 1939 λιῶν
2189 1898 2214 1926 ι
2266 1886 2522 1957 εὑρήσεις
2558 1887 2770 1954 σοφίαν.
2817 1885 2912 1950 Ὧς
2951 1889 2978 1940 ὀ
3035 1888 3324 1958 ἀροτριῶν,
3357 1891 3452 1942 καὶ
3478 1890 3553 1953 ὡς
3583 1893 3612 1943 ὁ

2037 1977 2278 2048 σπείρων
2327 1977 2594 2048 πρόσελθε
2635 1979 2792 2049 αὐτῇ,
2825 1980 2920 2032 καὶ
2951 1980 3186 2048 ἀνάμενε
3216 1981 3341 2043 τοὺς
3369 1980 3612 2048 ἀγαθοὺς

2037 2072 2288 2138 καρποὺς
2317 2069 2510 2140 αὐτῆς.
2561 2069 2649 2123 Ἐν
2684 2071 2794 2140 γάρ
2837 2073 2905 2141 τῇ
2947 2072 3184 2140 ἐργασίᾳ
3222 2071 3391 2142 αὐτῆς
3430 2073 3612 2138 ὀλίγον

2037 2162 2451 2227 κοπιάσεις,καὶ
2471 2163 2610 2232 ταχὺ
2634 2162 2871 2231 φάγεσαι
2893 2162 3002 2216 τῶν
3029 2165 3387 2234 γεννημάτων
3411 2165 3602 2234 αὐτῆς.

2047 2255 2134 2317 Ὦς
2159 2256 2390 2326 τραχεῖά
2441 2255 2556 2308 ἐστι
2608 2255 2813 2326 σφόδρα
2843 2257 2956 2318 τοῖς
2984 2255 3353 2320 ἀπαιδεύτοις,
3388 2257 3484 2309 καὶ
3510 2257 3612 2310 οὐκ

2036 2349 2267 2416 ἐμμενεῖ
2281 2348 2418 2417 αὐτῇ
2436 2347 2713 2418 ἁκάρδιος.
2744 2366 2866 2398 i—i
2900 2347 3070 2416 Σοφία
3104 2348 3212 2418 γὰρ
3233 2349 3374 2400 κατά
3406 2348 3464 2402 τὸ
3487 2349 3610 2401 δνο-

2039 2457 2114 2510 μα
2141 2441 2314 2509 αὐτῆς
2343 2442 2459 2492 ἐστι
2493 2441 2587 2493 καὶ
2622 2441 2682 2492 ού
2707 2439 2922 2502 πολλοῖς
2945 2441 3062 2491 ἐστι
3092 2439 3320 2510 φανερά.
3344 2439 3610 2494 ’Ἄκουσον

2033 2527 2148 2598 οὖν,
2185 2532 2398 2598 τέκνον,
2434 2531 2530 2585 καὶ
2559 2530 2773 2596 ἐκδεξαι
2813 2531 2912 2600 τὴν
2965 2529 3195 2601 γνώμην
3245 2547 3370 2600 μου,
3403 2531 3499 2583 καὶ
3531 2530 3607 2601 μὴ

2035 2622 2338 2677 ἀπαναίνου
2363 2621 2464 2692 τὴν
2500 2621 2809 2692 συμϐουλήν
2848 2638 2970 2692 μου..
2997 2623 3125 2685 Καὶ,
3158 2623 3451 2692 Είσένεγκε
3481 2624 3608 2686 τοὺς

2034 2714 2202 2776 πόδας
2235 2730 2329 2766 σου
2356 2714 2436 2777 είς
2461 2714 2586 2776 τοὺς
2618 2713 2830 2777 πόδαςὶι
2857 2714 3049 2784 αὐτῆς,
3082 2715 3176 2768 καὶ
3206 2717 3286 2779 εἰς
3307 2716 3399 2768 τὸν
3428 2716 3608 2770 κλοιὸν

2033 2806 2205 2876 αὐτῆς
2235 2805 2327 2860 τὸν
2356 2805 2629 2876 τράχηλον
2676 2822 2792 2858 σου.
2843 2805 3078 2868 ’Υπόθες
3119 2823 3214 2860 σου
3247 2807 3338 2861 τὸν
3372 2808 3539 2878 νόμον
3554 2819 3602 2876 ε,

2034 2899 2126 2951 καὶ
2154 2896 2422 2967 βάστασον
2453 2897 2644 2968 αὐτὴν,
2693 2895 2897 2967 καὶμὴ
2943 2896 3312 2968 προσοχθίσῃς
3360 2901 3484 2961 τοῖς,
3525 2900 3608 2954 δε-

354 2987 646 3057 lnvestiga,
669 2997 725 3041 et
746 3003 951 3056 quaere,
973 2995 1028 3040 et
1050 3002 1349 3056 cognosces
1371 3001 1514 3050 eam,
1537 2987 1758 3057 votique
1784 3003 1929 3042 com-

2036 2993 2191 3072 σμοῖς
2219 2990 2412 3060 αὐτῆς.
2457 2990 2546 3042 Ἐν
2575 2989 2726 3061 πάσῃ
2747 2990 2813 3059 τῇ
2840 2988 2991 3059 ψηχῇ
3020 3005 3116 3042 σου
3145 2989 3412 3060 πρόσελθε
3445 2991 3606 3062 αὐτῇ,

354 3095 454 3150 pos
476 3080 671 3140 factus,
693 3092 760 3132 ne
783 3077 1000 3132 dimitte
1022 3093 1164 3132 eam.
1184 3077 1244 3132 In
1269 3078 1584 3133 novissimis
1604 3080 1753 3133 enim
1777 3080 1929 3136 inve-

357 3173 475 3227 nies
510 3171 759 3240 requiem
791 3170 930 3242 ejus,
955 3179 1012 3225 et
1042 3178 1398 3225 convertetur
1428 3171 1529 3225 tibi
1565 3172 1620 3225 in
1655 3173 1923 3229 laetitiam.

351 3263 409 3319 Si
461 3261 722 3315 dilexeris
773 3275 929 3323 eam,
977 3266 1034 3314 et
1078 3275 1267 3315 aurem
1328 3270 1478 3316 tuam
1535 3259 1922 3331 inclin’averis,

350 3353 572 3423 sapiens
604 3352 736 3424 eris.
765 3352 824 3406 In
860 3351 1214 3406 multitudine
1242 3353 1688 3422 presbyterorum
1720 3364 1834 3420 sta;
1871 3366 1926 3412 et

352 3445 398 3500 si
433 3444 560 3514 quis
594 3443 833 3512 sapiens,
862 3441 939 3496 illi
977 3441 1290 3496 adhaeresoe
1319 3461 1337 3512 ;
1383 3457 1600 3497 omnem
1630 3445 1700 3500 de
1724 3445 1926 3520 divinis

354 3537 521 3591 rebus
557 3535 979 3605 explicationem
1007 3533 1188 3596 audi,
1231 3541 1288 3588 et
1331 3535 1604 3603 parabolae
1648 3539 1926 3607 sapientes

355 3643 463 3682 non
509 3626 774 3696 effugiant
821 3633 894 3679 te.
939 3625 996 3679 Si
1041 3624 1248 3680 videris
1299 3625 1634 3695 sapientem,
1678 3627 1926 3684 diluculo

351 3719 530 3773 adeas
557 3733 716 3781 eum,
747 3715 1052 3786 et-gradus
1101 3717 1367 3771 ostiorum
1414 3717 1534 3786 ejus
1573 3725 1786 3778 exterat
1828 3735 1925 3790 pes

353 3819 499 3864 tuus.
528 3809 829 3864 Considera
865 3807 921 3862 in
955 3808 1228 3863 mandatis
1271 3809 1510 3873 Domini,
1541 3819 1595 3866 et
1625 3809 1680 3865 in
1715 3828 1921 3881 praece-

350 3899 460 3968 ptis
497 3898 618 3969 ejus
657 3898 924 3953 meditare
957 3913 1197 3967 semper.
1226 3897 1347 3966 Ipse
1381 3899 1528 3953 enim
1561 3899 1800 3953 ﬁrmabit
1829 3915 1924 3954 eor

352 3995 539 4051 tuum,
577 3997 634 4041 et
673 3986 1012 4043 desiderium
1061 3987 1344 4056 sapientia:
1386 3987 1611 4042 dabitur
1655 3988 1754 4043 tibi
1779 3989 1845 4041 ".
1899 4011 1916 4040 ι

349 4077 420 4132 Et
459 4095 474 4131 :
518 4096 538 4128 ι
587 4077 667 4133 Ne
712 4079 1023 4150 sapientum
1069 4079 1417 4135 narrationes
1455 4081 1730 4151 negligas,
1766 4093 1822 4136 et
1866 4083 1920 4135 in

350 4169 659 4240 proverbiis
693 4184 885 4223 eorum
927 4181 1167 4235 versare,
1191 4173 1452 4240 quoniam
1491 4173 1562 4227 ab
1597 4173 1708 4229 illis
1743 4175 1922 4230 disces

350 4259 694 4331 disciplinam
719 4261 785 4315 ³⁷.
824 4278 844 4314 ι
888 4261 958 4317 Et
1001 4279 1014 4314 :
1069 4281 1088 4313 ι
1142 4262 1222 4318 Ne
1256 4264 1537 4320 seniorum
1577 4268 1921 4323 narrationes

2034 3069 2128 3135 καὶ
2160 3083 2217 3134 ἐν
2260 3080 2356 3151 ὅλῃ
2405 3082 2470 3150 τῇ
2518 3079 2746 3149 δυνάμει
2778 3095 2872 3132 σου
2920 3081 3258 3152 συντήρησον
3297 3080 3398 3144 τὰς
3453 3081 3608 3146 ὀδοὺς

2032 3173 2224 3244 αὐτῆς.
2255 3172 2612 3242 Ἐξιχνίασον,
2651 3167 2745 3224 καὶ
2789 3172 3046 3242 ζήτησον,
3097 3176 3190 3227 καὶ
3235 3173 3608 3245 γνωσθήσεται

2037 3283 2141 3328 σοι.
2178 3266 2274 3320 καὶ
2325 3263 2603 3335 ἐγκρατὴς
2628 3264 2942 3336 γενόμενος,
2979 3265 3054 3336 μὴ
3077 3265 3222 3336 ἀφῇς
3253 3267 3441 3338 αὐτήν.
3491 3268 3607 3322 Ἐπ’

2033 3359 2277 3429 ἐσχάτων
2315 3359 2424 3428 γὰρ
2470 3358 2725 3428 εὑρήσεις
2773 3356 2873 3427 τὴν
2925 3357 3234 3412 ἀνάπαυσιν
3284 3357 3478 3428 αὐτῆς,
3512 3359 3608 3414 καὶ

2035 3448 2412 3521 στραφήσεταί
2442 3465 2526 3501 σοι
2572 3450 2652 3511 εἰς
2686 3446 3048 3520 εὐφροσύνην.
3094 3448 3221 3502 Ἐὰν
3262 3445 3360 3503 οὖν
3384 3451 3608 3522 ἀγαπή-

2034 3556 2134 3613 σῃς
2171 3539 2358 3611 αὐτὴν,
2390 3540 2484 3594 καὶ
2513 3538 2702 3613 κλίνης
2741 3540 2804 3594 τὸ
2847 3536 2941 3604 οὖς
2989 3556 3108 3606 σου,
3144 3542 3309 3611 σοφὸς
3349 3542 3470 3616 ἔσῃ.
3519 3543 3606 3597 Ἐν

2032 3631 2228 3703 πλήθει
2265 3631 2326 3685 δὲ
2371 3631 2762 3702 πρεσϐυτέρων
2813 3631 3010 3703 στῆθι·
3045 3633 3141 3687 καὶ
3171 3631 3272 3707 [εἴ]
3309 3651 3394 3697 τις
3421 3635 3603 3703 σοφὸς,

2033 3723 2182 3792 αὐτῷ
2222 3722 2692 3796 προσκολλήθητι.·
2750 3725 2935 3778 πᾶσαν
2965 3725 3220 3795 διήγησιν
3279 3726 3432 3782 θείαν
3483 3727 3606 3782 θέλε
3663 3747 3671 3753 ‘

2031 3819 2373 3886 ἀκροᾶσθαι·
2412 3817 2507 3868 καὶ
2557 3816 2849 3886 παροιμίαι
2897 3819 3169 3882 συνέσεως
3207 3820 3282 3889 μὴ
3337 3820 3607 3889 ἐκφευγέ-

2030 3909 2211 3963 τωσὰν
2245 3925 2328 3961 σε.
2374 3908 2501 3962 Ἐὰν
2554 3909 2668 3981 ἴδῃς
2691 3909 2863 3977 ἄνδρα
2893 3910 3117 3963 συνετὸν
3163 3911 3383 3982 ὃρθριζε
3403 3911 3432 3953 δ
3468 3912 3605 3984 πρὸς

2031 4000 2211 4065 αὑτὸν,
2245 3999 2339 4053 καὶ
2372 3999 2614 4068 βαθμοὺς
2659 3998 2840 4070 θυρῶν
2879 3999 3046 4052 αὑτοῦ
3088 4002 3388 4070 ἐκτριϐέτω
3415 4004 3444 4056 6
3468 4003 3604 4067 ποῦς

2033 4112 2149 4148 σου.
2182 4091 2409 4147 Διανοοῦ
2459 4094 2518 4145 ἐν
2564 4095 2676 4155 τοῖς
2720 4093 3106 4162 προστάγμασι
3137 4092 3369 4165 Κυρίου,
3409 4096 3502 4150 καὶ
3542 4097 3604 4149 ἐν

2029 4189 2147 4250 ταῖς
2179 4184 2420 4246 ἐντολαῖς
2452 4182 2616 4237 αὐτοῦ
2655 4182 2863 4254 μελέτα
2888 4184 3204 4247 διαπαντός.
3264 4185 3436 4249 Αὐτὸς
3491 4187 3602 4257 γὰρ

2031 4275 2280 4346 στηρίξει
2304 4274 2406 4344 τὴν
2435 4273 2663 4346 καρδίαν
2715 4289 2830 4340 σου,
2864 4275 2958 4327 καὶ
3002 4276 3035 4346 ή
3083 4274 3351 4347 ἐπιθυμία
3405 4277 3600 4345 σοφίας

348 4368 597 4424 spernas,
627 4353 731 4424 ipsi
766 4353 913 4408 enim
948 4353 1265 4409 didicerunt
1295 4370 1326 4408 a
1361 4355 1612 4426 patribus
1649 4356 1852 4412 suis“.
1893 4376 1913 4410 ι

2034 4385 2118 4422 σου
2153 4363 2438 4438 δοθήσεται
2469 4379 2572 4417 σοι.
2596 4378 2617 4415 ›
2648 4362 2792 4416 Καί·
2827 4380 2848 4415 σ
2872 4365 2964 4436 Μὴ
3003 4365 3240 4440 παρίδῃς
3285 4365 3600 4438 διηγήματα

347 4446 417 4500 Ει
454 4465 470 4501 :
516 4464 536 4499 ι
576 4447 661 4502 Ab
700 4446 833 4516 ipsis
871 4445 1053 4502 disces
1091 4446 1453 4512 intellectum,
1479 4456 1535 4501 et
1579 4448 1634 4501 in
1671 4456 1921 4518 tempore

345 4545 658 4607 opportuno
697 4536 829 4590 dare
868 4551 1194 4605 responsum
1213 4536 1330 4589 ".‘i
1379 4537 1446 4590 Et
1485 4553 1499 4590 :
1548 4554 1568 4587 ι
1613 4537 1691 4592 Nc
1728 4539 1919 4608 probi—

348 4627 480 4681 beas
513 4641 824 4682 sermonem
857 4626 912 4680 in
952 4634 1200 4695 tempore
1228 4628 1450 4693 salutis;
1482 4643 1547 4682 ex
1576 4631 1924 4686 sermonibus

344 4717 494 4771 enim
525 4725 890 4786 cognoscetur
920 4717 1211 4786 sapientia,
1243 4727 1300 4773 et
1331 4719 1620 4790 disciplina
1660 4721 1714 4776 in
1751 4722 1923 4778 verbo

348 4809 545 4877 linguae
563 4808 630 4860 “.
669 4825 689 4859 ι
726 4807 794 4862 Ει
825 4823 839 4860 :
880 4825 900 4858 ι
939 4807 994 4862 Si
1030 4807 1128 4861 tibi
1162 4818 1248 4863 est
1281 4811 1614 4874 intellectus,
1644 4815 1916 4883 responde

346 4899 632 4970 proximo;
692 4900 777 4954 sin
831 4898 1054 4964 minus,
1111 4917 1308 4957 manus
1361 4911 1454 4958 tua
1509 4905 1583 4959 sit
1638 4920 1804 4975 super
1853 4922 1916 4962 os

345 5001 502 5046 tuum
522 4991 589 5045 ⁸⁵³.
625 5009 646 5043 ι
699 4993 766 5047 Et
815 5011 830 5047 :
884 5011 904 5043 ι
953 4993 1034 5049 Ne
1074 4995 1428 5050 contradicas
1467 4997 1722 5063 veritati,
1751 5007 1807 5053 et
1847 5000 1914 5054 de

345 5083 712 5140 ineruditione
751 5092 843 5139 tua
882 5084 1221 5142 confundere
1241 5087 1307 5140 ".
1342 5106 1363 5139 ι
1403 5088 1471 5142 Ει
1514 5106 1525 5141 :
1574 5107 1594 5139 ο
1637 5089 1912 5156 Quemad-

424 5232 482 5303 "_
504 5231 634 5303 Sap.
658 5250 730 5296 Vi,
751 5232 841 5288 ‘22.

338 5301 389 5373 ἒξ
407 5301 548 5357 ibid.
580 5301 683 5373 per
723 5311 918 5359 totum.
995 5305 1038 5336 "
1067 5303 1235 5358 Eccli.
1265 5323 1380 5370 viii,
1403 5305 1457 5360 9.

345 5370 393 5400 “
421 5370 600 5436 Eccli.
626 5389 700 5438 tv,
732 5373 820 5428 50.

944 5234 989 5265 δ’
1037 5234 1164 5300 Sap.
1208 5251 1305 5294 vn,
1338 5244 1394 5290 et
1436 5253 1548 5298 vni,
1585 5239 1818 5339 passim.

995 5303 1212 5339 unm];
1403 5305 1437 5339 ο
1560 5309 1580 5339 ιι
1644 5310 1756 5339 ;ι.;.ι

1931 5247 1975 5278 ⁵³
2013 5245 2184 5301 Eccli.
2234 5263 2272 5306 ι,
2300 5247 2352 5311 1,
2391 5243 2476 5300 l0.

1644 5310 1777 5364 ibid.
1827 5313 1910 5366 Η.

2076 5314 2209 5372 ibid.
2243 5310 2344 5370 l2.
2425 5316 2470 5349 ⁶⁶
2501 5314 2673 5370 Eccli.
2713 5332 2785 5377 iv,
2834 5315 2923 5379 ‘28,
2955 5315 3044 5370 29.
3123 5316 3163 5347 °'
3205 5314 3375 5370 Eccli.
3412 5331 3463 5380 ν,
3498 5315 3587 5370 ﬂ.

2027 4458 2228 4529 σοφῶν,
2266 4456 2365 4511 καὶ
2392 4459 2451 4510 ἐν
2483 4458 2606 4519 ταῖς
2655 4457 2978 4527 παροιμίαις
3018 4458 3200 4512 αὐτῶν
3227 4461 3596 4529 ἀναστρέφου,

2022 4554 2103 4608 ὃτι
2132 4551 2263 4621 παρ’
2293 4549 2472 4604 αὐτῶν
2504 4547 2725 4623 μαθήσῃ
2759 4550 3029 4605 παιδείαν.
3059 4569 3079 4604 ι
3109 4550 3254 4606 Καί·
3292 4571 3313 4604 ι
3332 4553 3423 4624 Μὴ
3457 4554 3598 4607 ἀπό-

2025 4663 2130 4721 σχῃ
2154 4658 2177 4686 ο
2205 4647 2522 4717 διηγήματα
2563 4645 2865 4715 γερόντωνο
2902 4643 2996 4697 καὶ
3054 4645 3163 4716 γὰρ
3192 4646 3350 4700 αὐτοὶ
3393 4647 3598 4717 ἔμαθον

2026 4739 2176 4809 παρά
2220 4736 2328 4790 τῶν
2384 4735 2638 4804 πατέρων
2691 4733 2889 4788 αὐτῶν.
2920 4753 2939 4786 i
2973 4735 3126 4788 Καίί
3147 4748 3164 4767 ο
3203 4754 3224 4786 ι
3247 4737 3384 4807 Παρ’
3415 4737 3596 4791 αὐτῶν

2029 4821 2248 4899 μαθήσῃ
2278 4825 2516 4889 σύνεσιν,
2550 4826 2645 4879 καὶ
2701 4827 2761 4877 ἐν
2787 4825 2966 4897 καιρῷ
3014 4826 3205 4897 χρείας
3240 4827 3423 4881 δοῦναι
3451 4829 3594 4882 ἀπόο

2023 4933 2274 4988 κρισιν.»
2330 4915 2474 4968 Καί·
2544 4913 2678 4985 «Μὴ
2743 4913 2994 4986 κωλύσῃς
3055 4916 3277 4984 λόγιονσ
3308 4920 3366 4972 ἐν
3418 4922 3620 4990 καιρῷι·

2023 5007 2330 5079 σωτηρίαςο
2369 5009 2435 5060 ἐκ
2480 5005 2590 5078 γὰρ
2619 5006 2792 5074 λόγων
2837 5009 3214 5078 γνωσθήσεται
3265 5012 3448 5078 σοφία,
3499 5017 3616 5066 κάλ’

2025 5099 2239 5153 παιδεία
2297 5101 2355 5152 ἐν
2410 5101 2615 5169 ῥήματι
2659 5098 2934 5170 γλώσσης.
2963 5119 2982 5151 ι
3044 5094 3187 5155 καί’
3222 5121 3240 5154 ι
3270 5104 3331 5156 ΕΞ
3361 5104 3479 5158 εστι
3509 5121 3593 5160 σοι

2583 5246 2630 5276 ⁸⁵
2659 5244 2827 5300 Eccli.
2858 5261 2932 5308 vi,
2954 5246 3042 5304 54.
3107 5297 3110 5300 ,
3153 5246 3200 5278 ⁵⁸
3235 5238 3370 5299 ibid.
3398 5244 3589 5306 18-21.

1610 5495 1842 5552 \‘ARIIE
1885 5499 2290 5556 LECTIONES.

409 5612 437 5672 Ξ
465 5602 652 5669 ἀγαπᾷ
687 5621 787 5663 τις.
863 5612 890 5650 1
919 5602 1184 5672 ἐπιζητεῖ.
1267 5614 1288 5640 ι
1322 5605 1585 5672 ἐπίλεξοτι.

863 5612 890 5650 1
919 5602 1184 5675 ἐπιζητεῖ.

345 5666 368 5706 ι
399 5666 524 5722 ὅτι(
583 5674 608 5710 ε
633 5666 821 5743 λόγοι.

1675 5621 1699 5648 ⁸
1739 5611 1974 5666 πλείονα.

2090 5615 2115 5652 b
2147 5615 2241 5676 τὰς
2273 5613 2456 5702 πέδας.
2538 5624 2558 5653 ε
2594 5607 2772 5684 ὦμον.
2835 5612 2861 5653 δ
2893 5612 3162 5684 δρθρισαι.
3281 5625 3304 5655 ο
3344 5615 3582 5689 ἁστόχει.
