4062 6142
1045 142 1081 148 ..
1115 147 1172 185 '2'.
1201 146 1230 181 »ἶ
1285 148 1328 182 ΚΤ,

412 199 522 265 ῑῖἿ

1796 196 2314 270 ΟΗΔΕΒΤΙΟΝΕΞ.

3567 207 3682 271 678

417 321 658 382 σύνεσις,
704 312 1044 386 ἁποκρίθητι
1092 312 1169 385 τῷ
1209 311 1438 383 πλησίον
1462 327 1474 344 ’
1508 312 1557 365 εί
1589 312 1644 366 δὲ
1685 312 1781 385 μή,
1823 316 1988 386 ήχείρ

2100 316 2548 403 modumdomus
2575 320 2961 385 exterminata,
2995 321 3076 377 sic
3106 322 3272 376 stulto
3301 321 3591 392 sapientia.
3617 335 3680 380 et

417 433 511 468 σου
551 411 692 466 ἔστω
717 409 814 464 ἐπὶ
840 407 919 479 τῷ
942 406 1174 478 στόματί
1203 424 1318 461 σου.
1339 425 1358 458 ι
1389 405 1498 460 Καί
1521 427 1534 440 ο
1573 425 1590 459 ι
1616 408 1706 478 Μή
1741 407 1991 478 ἀντίλεγε

412 511 480 580 τῇ
517 505 770 576 ἀληθείᾳ,
801 503 896 557 καὶ
929 501 1060 571 περὶ
1089 500 1186 570 τῆς
1241 499 1601 563 ἀπαιδευσίας
1653 516 1747 552 σου
1796 501 1991 570 ἐντρα-

415 591 691 670 πήθητιδ.
729 611 748 647 ι
779 592 919 647 Καί·
967 611 984 643 ι
1009 591 1223 662 Ὠσπερ
1252 585 1400 653 οἶκος
1429 590 1820 660 ἠφανισμένος.
1849 590 1992 643 οὕτω

419 688 585 762 μωρῷ
634 685 817 756 σοφία,
872 685 968 738 καλ
1018 683 1222 751 γνῶσις
1253 684 1520 754 ἀσυνέτῳ.
1569 681 1979 747 Ἀδιεξόδευτοιὶ

414 783 582 851 λόγοι,
619 797 712 834 και
747 778 954 846 ἔγκατα
999 773 1206 846 μωροῦ,
1238 775 1459 843 ἀγγεῖον
1509 775 1989 845 συντετριμμένον,

411 877 508 932 καὶ
537 877 722 928 πᾶσαν
758 869 984 940 γνῶσιν,
1022 869 1083 921 οὐ
1125 867 1530 938 συγκρατήσειο
1573 867 1668 920 καὶ
1699 868 1758 920 οὐ
1804 867 1991 937 χρείαν

411 968 525 1039 εχει
556 965 749 1034 σοφίας
777 961 962 1032 ἐνδεὴς
983 959 1194 1030 φρενῶν
1215 975 1229 990 ο
1261 957 1458 1028 μᾶλλον
1479 958 1588 1028 γὰρ
1612 959 1802 1026 ἄγεται
1827 960 1898 1028 ἀφ
1908 975 1992 1028 ρο-

414 1056 580 1130 σύνῃο
614 1057 709 1110 καὶ
743 1053 850 1108 ἀπὸ
879 1052 1147 1121 στόματος
1205 1049 1387 1120 μωροῦ
1416 1049 1990 1120 ἁποδοκιμασθήσεται

412 1149 698 1222 παραϐολή
718 1165 731 1176 ·
756 1148 817 1199 ού
847 1146 955 1216 γάρ
993 1143 1067 1215 μὴ
1089 1142 1220 1214 εἴπῃ
1243 1142 1413 1213 αὐτὴν
1446 1145 1502 1195 ὲν
1531 1142 1708 1212 καιρῷ
1742 1143 1932 1212 αὐτῆς.
1964 1161 1982 1192 ι

408 1244 549 1299 Καίο
613 1241 846 1294 «Ἔστιν
889 1240 948 1290 ὲν
1006 1235 1184 1306 καιρῷ
1238 1235 1379 1304 ἀνὴρ
1432 1234 1728 1304 παιδευτὴς
1778 1233 1989 1286 πολλῶν

410 1337 504 1391 καὶ⁵
557 1336 627 1407 τῇ
686 1332 795 1403 ἰδίᾳ
845 1329 993 1400 ψυχῇ
1027 1329 1174 1380 ἐστιν
1207 1326 1498 1396 ἄχρηστος.
1526 1345 1545 1376 ›
1604 1325 1711 1378 Καί
1736 1340 1749 1355 °
1791 1343 1808 1376 ‹
1837 1325 1989 1377 Ἔστι

397 1423 766 1498 ’σοφιζόμενος
823 1426 881 1477 ὲν
933 1421 1112 1489 λόγοις
1178 1419 1405 1489 μισητός
1442 1434 1454 1446 ·
1514 1417 1576 1470 οὐ
1652 1416 1763 1487 γὰρ
1829 1415 1987 1487 ἐδόθη

412 1521 560 1591 αύτῷ
589 1518 740 1589 παρὰ
788 1513 993 1582 Κυρίου
1039 1512 1259 1582 χάρις.»
1301 1508 1435 1562 Καίο
1483 1509 1689 1578 «Σοφία
1730 1508 1987 1561 ταπεινοῦ

2107 410 2337 465 scientia
2372 410 2672 480 insipienti.
2701 411 3125 482 lnexplicabiles
3158 422 3288 467 sunt
3314 415 3435 484 ejus
3461 430 3678 470 sermo-

2099 519 2229 568 nes,
2272 512 2327 558 et
2369 504 2582 558 viscera
2628 505 2778 558 stulti
2821 505 2972 560 velut
3019 519 3116 558 vas
3161 506 3532 571 confractum,
3572 523 3684 563 nec

2099 595 2424 663 sapientiam
2467 594 2773 650 continebit
2819 613 2830 648 :
2880 612 2981 650 nec
3029 598 3236 667 indiget
3272 599 3474 652 mentis
3516 599 3684 670 inops

2099 687 2401 757 sapientia;
2445 689 2621 758 magis
2662 689 2811 741 enim
2858 689 3085 743 ducitur
3127 691 3472 760 insipientia,
3508 700 3565 747 et
3609 694 3679 747 ab

2099 796 2194 834 ore
2228 781 2386 834 stulti
2420 781 2811 850 reprobabitur
2838 782 3131 851 parabola;
3165 800 3273 838 non
3306 785 3454 839 enim
3489 787 3673 855 profe-

2101 879 2186 924 ret
2222 887 2340 924 eam
2383 871 2438 925 in
2485 881 2732 941 tempore
2773 882 3088 942 opportuno
3109 875 3172 927 ⁸³.
3208 894 3226 926 ›
3267 875 3333 928 Ει
3372 893 3384 927 :
3431 895 3448 926 ε
3493 877 3585 930 Est
3621 877 3678 930 in

2098 963 2514 1031 opportunitate
2540 964 2634 1032 qui
2669 964 2875 1018 multos
2905 966 3145 1025 erudiat.
3174 968 3372 1022 anima:
3401 984 3534 1023 vero
3565 986 3679 1024 suae

2099 1052 2318 1106 inutilis
2355 1053 2515 1106 sit“.
2555 1073 2573 1105 ι
2611 1054 2678 1108 Εῑ
2716 1073 2728 1108 :
2773 1075 2791 1106 i
2837 1057 2928 1110 Est
2966 1057 3129 1128 366
3163 1060 3418 1115 eruditus
3458 1061 3512 1114 in
3556 1078 3677 1114 ser-

2097 1142 2388 1204 monibus,
2422 1143 2518 1211 qui
2549 1143 2776 1197 odiosus
2816 1145 2914 1211 sit;
2961 1162 3070 1200 non
3105 1149 3252 1201 enim
3287 1149 3410 1203 data
3445 1159 3528 1203 est
3559 1151 3607 1205 ei
3645 1167 3675 1205 a

2096 1231 2330 1286 Domino
2369 1234 2544 1303 gratia
2566 1234 2630 1286 ⁸⁵.
2668 1255 2684 1285 ι
2725 1236 2793 1289 Ει
2828 1254 2840 1288 :
2886 1257 2902 1288 ε
2945 1236 3226 1307 Sapientia
3260 1241 3488 1295 humilis
3522 1243 3673 1295 exal-

2097 1323 2237 1378 tabit
2268 1333 2434 1394 caput
2468 1325 2612 1394 ejus,
2641 1334 2697 1379 et
2728 1328 2781 1380 in
2818 1328 3001 1382 medio
3039 1340 3351 1400 magnaium
3387 1321 3683 1388 constituet

2096 1431 2222 1470 eum
2244 1417 2310 1470 ⁶⁶.
2348 1438 2366 1470 ι
2404 1419 2472 1471 Et
2505 1436 2516 1470 :
2558 1436 2575 1468 ι
2616 1418 2815 1472 Beatus
2843 1420 2924 1473 vir
2951 1422 3043 1489 qui
3077 1422 3130 1475 in
3165 1427 3433 1492 sapientia
3466 1429 3674 1482 morie-

2097 1516 2209 1574 tur,
2234 1516 2289 1562 et
2315 1509 2409 1577 qui
2437 1509 2492 1562 in
2522 1509 2804 1565 intellectu
2835 1528 2935 1566 suo
2963 1514 3202 1569 disseret
3224 1517 3289 1570 ".
3323 1538 3342 1570 ι

413 1613 691 1684 ἀνυψώσει
717 1607 961 1678 κεφαλὴν
989 1602 1180 1665 αὑτοῦ,
1226 1601 1322 1655 καὶ
1360 1603 1418 1654 ὲν
1455 1601 1604 1672 μέσῳ
1650 1603 1992 1671 μεγιστάνων
2031 1599 2244 1655 καθίσει
2287 1603 2472 1657 αὐτόν.
2499 1621 2517 1655 ι
2553 1603 2693 1656 Καί·
2759 1624 2776 1656 ι
2801 1605 3087 1675 Μακάριος
3134 1608 3293 1679 ἀνὴρ,
3330 1610 3388 1674 ὃς
3415 1614 3472 1663 ἐν
3511 1614 3674 1683 σοφίᾳ

411 1710 744 1778 τελευτήσει,
813 1703 905 1757 καὶ
935 1702 992 1764 ὃς
1033 1702 1092 1754 ὲν
1122 1700 1338 1754 συνέσει
1361 1697 1528 1751 αὐτοῦ
1562 1697 1993 1769 διαλεχθήσεται.
2021 1716 2040 1749 ι

485 1800 596 1854 Καὶ
619 1781 798 1851 ’ταῦτα
832 1795 930 1865 μὲν
964 1795 1093 1864 περὶ
1116 1793 1219 1863 τῆς
1247 1791 1481 1864 ἀληθοῦς
1513 1791 1726 1861 σοφίας,
1757 1793 1852 1846 καὶ
1879 1793 1988 1846 τῶν

2165 1793 2235 1848 Ει
2273 1793 2390 1848 hac
2429 1794 2498 1849 de
2540 1809 2672 1849 vera
2713 1795 3009 1865 sapientia,
3035 1797 3265 1867 ejusque
3305 1798 3560 1854 alumnis.
3597 1801 3674 1856 Dc

412 1890 618 1960 ταύτης
660 1885 961 1958 τροφίμων.
1028 1884 1163 1955 Περὶ
1223 1882 1281 1937 at
1328 1884 1427 1954 τῆς
1467 1882 1846 1953 ψευδωνύμου,
1892 1883 1988 1936 καὶ

411 1977 521 2039 τῶν
545 1982 718 2052 αὐτῆς
755 1979 1118 2045 διδασκάλων,
1145 1978 1220 2041 ῶς
1248 1993 1414 2048 φησιν
1441 1977 1469 2030 ό
1511 1976 1800 2035 Ἀπότολος
1819 1992 1832 2008 ·
1871 1994 1889 2026 ι
1922 1975 1988 2028 Ἠ

413 2079 523 2148 γὰρ
560 2074 722 2144 σοφία
745 2071 840 2125 τοῦ
869 2072 1076 2139 κόσμου
1103 2070 1320 2129 τούτου,
1361 2067 1542 2138 μωρία
1571 2067 1722 2139 παρὰ
1762 2065 1840 2137 τῷ
1868 2066 1987 2138 Θεῷ

413 2171 546 2224 ἔστι.
577 2168 893 2235 Γέγραπται
921 2163 1050 2232 γάρ·
1066 2161 1125 2213 Ὀ
1146 2159 1512 2230 δρασσόμενος
1541 2159 1667 2221 τοὺς
1698 2159 1894 2226 σοφοὺς
1927 2158 1986 2210 ὲν

411 2263 480 2330 τῇ
525 2254 839 2326 πανουργίᾳ
869 2251 1068 2305 αὐτῶν.
1112 2251 1223 2304 Καὶ
1263 2249 1449 2302 πάλιν·
1482 2248 1687 2320 Κύριος
1727 2247 1986 2316 γινώσκει

411 2353 536 2414 τοὺς
577 2345 966 2417 διαλογισμοὺς
1011 2343 1122 2397 τῶν
1169 2342 1368 2412 σοφῶν,
1414 2345 1496 2396 ὅτι
1537 2346 1644 2396 etot
1693 2342 1932 2411 μάταιοι.
1961 2360 1979 2393 ι

413 2441 554 2496 Kai'
586 2439 930 2500 «Φάσκοντες
959 2429 1100 2488 εἶναι
1133 2435 1309 2504 σοφοὶ,
1346 2433 1766 2505 ἐμωράνθησαν.
1791 2452 1809 2485 ι
1839 2432 1981 2485 Καί·

421 2556 439 2587 ‹
468 2535 807 2605 Γέγραπται,
852 2527 1064 2583 Ἀπολῶ
1109 2528 1209 2598 τὴν
1253 2526 1445 2594 σοφίαν
1494 2525 1603 2578 τῶν
1657 2525 1854 2595 σοφῶν,
1891 2525 1986 2578 καὶ

412 2625 510 2696 τὴν
545 2622 761 2676 σύνεσιν
792 2618 901 2673 τῶν
939 2616 1175 2670 συνετῶν
1207 2612 1476 2684 ἀθετήσω.
1509 2613 1619 2666 Ποῦ
1656 2614 1852 2683 σοφός;
1882 2612 1984 2666 ποῦ

411 2712 817 2784 Γραμματεύς;
868 2709 970 2764 ποῦ
1028 2705 1334 2776 συζητητὴς
1379 2705 1474 2758 τοῦ
1514 2706 1711 2768 αἰῶνος
1755 2705 1984 2771 τούτου;

412 2806 548 2875 Οὐχὶ
587 2803 872 2874 ἐμώρανεν
908 2800 936 2852 ὁ
961 2799 1094 2861 Θεὸς
1131 2796 1230 2866 τὴν
1263 2797 1459 2865 σοφίαν
1483 2795 1578 2850 τοῦ
1624 2796 1830 2865 κόσμου
1860 2795 1986 2848 τού-

410 2915 537 2963 τους
586 2897 807 2967 Ἐπειδὴ
841 2895 951 2965 γὰρ
991 2895 1049 2947 ἐν
1080 2894 1150 2964 τῇ
1198 2893 1364 2960 σοφίᾳ
1390 2888 1485 2942 τοῦ
1512 2888 1672 2952 Θεοῦ,
1705 2891 1806 2942 οὐκ
1846 2888 1988 2956 ἔγνω

410 2993 439 3045 ό
472 2991 678 3061 κόσμος
723 2987 812 3042 διὰ
857 2986 959 3056 τῆς
1014 2985 1209 3053 σοφίας
1260 2983 1350 3036 τὸν
1403 2981 1556 3036 Θεόν.
1587 3001 1606 3034 ι
1643 2981 1784 3036 Καίο
1819 3000 1836 3033 σ
1863 2981 1989 3034 Βλέ-

412 3100 566 3149 πετε,
601 3083 674 3154 μή
699 3098 784 3144 τις
825 3080 972 3150 ὑμᾶς
1019 3077 1172 3132 ἔσται
1199 3079 1226 3132 ὁ
1263 3077 1598 3144 συλαγωγῶν
1645 3075 1734 3128 διὰ
1768 3073 1869 3143 τῆς
1901 3090 1988 3142 φι-

2051 1959 2054 1962 Α
2090 1884 2211 1938 falsi
2251 1894 2435 1940 autem
2477 1887 2720 1941 nominis
2759 1888 3054 1956 sapientia,
3084 1889 3315 1958 ejusque
3354 1891 3676 1949 doctoribus

2089 1977 2229 2032 dicit
2253 1978 2550 2047 Apostolus
2574 1995 2614 2031 θ-
2636 1997 2653 2029 (
2687 1978 2968 2047 Sapientia
3002 1980 3166 2050 hujus
3196 1981 3388 2034 mundi
3423 1991 3507 2035 est
3531 1985 3674 2037 stnl-

2089 2067 2212 2123 titia
2238 2070 2382 2140 apud
2410 2070 2604 2124 Deum.
2633 2069 2913 2140 Scriptum
2945 2081 3030 2125 est
3055 2072 3206 2126 enim
3246 2091 3256 2124 :
3289 2071 3674 2143 Comprehen-

2089 2159 2216 2214 dam
2261 2161 2542 2230 sapientes
2583 2162 2641 2216 in
2677 2163 2882 2217 astutia
2924 2179 3138 2218 eorum.
3171 2163 3376 2217 lterum
3425 2183 3439 2219 :
3483 2165 3674 2220 Domi-

2087 2269 2194 2308 nus
2242 2255 2348 2309 seit
2392 2256 2758 2326 cogitationes
2805 2257 3158 2326 sapientum,
3204 2258 3465 2326 quoniam
3509 2273 3679 2314 vanas

2089 2345 2298 2400 sunt“.
2349 2366 2367 2398 ι
2411 2346 2480 2400 Ει
2513 2363 2525 2399 :
2575 2364 2593 2397 ι
2632 2347 2887 2402 Dicentes
2913 2363 2970 2402 se
3007 2362 3130 2402 esse
3167 2348 3466 2417 sapientes,
3517 2351 3676 2404 stulti

2086 2434 2217 2491 facti
2258 2437 2472 2491 sunt“.
2509 2455 2527 2488 ι
2556 2467 2627 2476 --
2660 2457 2678 2488 ι
2713 2437 2990 2507 Scriptum
3023 2448 3152 2500 est:
3186 2439 3414 2493 Perdam
3449 2443 3656 2510 sapien-

2089 2529 2220 2582 tiam
2271 2529 2618 2597 sapientum,
2665 2537 2722 2582 et
2769 2529 3193 2598 intelligentiuin
3243 2530 3674 2602 intelligentiam

2087 2620 2342 2676 abolebo.
2382 2620 2489 2675 Ubi
2532 2620 2789 2689 sapiens?
2828 2620 2921 2674 ubi
2961 2619 3191 2675 Scriba?
3234 2621 3326 2676 ubi
3373 2623 3677 2692 inquisitor

2088 2712 2252 2782 hujus
2293 2711 2514 2766 saeculi?
2553 2711 2635 2765 An.
2674 2726 2785 2764 non
2829 2710 3120 2765 infatuavit
3157 2713 3300 2766 Deus
3341 2715 3675 2782 sapientiam

2089 2803 2279 2857 mundi
2302 2803 2502 2874 hujus?
2525 2803 2784 2872 quoniam
2816 2803 2871 2856 in
2904 2804 3171 2872 sapientia
3201 2805 3294 2859 Dei
3327 2821 3436 2858 non
3467 2821 3672 2876 cogno-

2087 2895 2166 2951 vit
2186 2895 2426 2950 mundus
2448 2911 2546 2965 per
2567 2894 2892 2965 sapientiam
2917 2894 3090 2948 Deum
3116 2895 3216 2948 “‘.
3253 2915 3271 2946 ι
3303 2895 3372 2950 Et
3397 2914 3408 2948 :
3439 2913 3456 2946 ι
3479 2896 3679 2950 Videte

2089 3005 2160 3044 ne
2194 2988 2322 3058 quis
2356 3003 2454 3042 vos
2488 2987 2727 3057 decipiat
2761 3003 2859 3057 per
2891 2987 3329 3057 philosophiam,
3361 2996 3417 3042 et
3453 2988 3676 3041 inanem

2091 3078 2382 3142 fallaciam,
2411 3078 2718 3134 secundum
2751 3076 3100 3132 traditionem
3134 3077 3446 3140 hominum,
3472 3091 3674 3131 secun-

410 3174 690 3244 λοσοφίας,
750 3172 844 3226 καὶ
897 3172 1062 3241 κενῆς
1111 3169 1348 3246 ἀπάτης,
1379 3167 1528 3222 κατὰ
1546 3167 1645 3238 τὴν
1691 3165 1988 3237 παράδοσιν

2092 3178 2223 3226 dum
2253 3171 2524 3226 elementa
2554 3169 2746 3224 mundi
2769 3171 2835 3224 ⁷ο.
2873 3189 2893 3222 ι

411 3267 520 3322 τῶν
550 3263 874 3338 ἀνθρώπων,
911 3262 1054 3316 κατὰ
1084 3261 1149 3316 τὰ
1178 3262 1415 3331 στοιχεῖα
1445 3260 1538 3313 τοῦ
1566 3259 1795 3329 κόσμου.
1826 3275 1844 3308 ι

493 3357 768 3420 Ὡσαύτως
816 3353 947 3425 γοῦν
973 3355 1068 3408 καὶ
1112 3355 1141 3408 ό
1189 3353 1352 3422 σοφὸς
1397 3351 1648 3421 Σολομὼν
1683 3367 1816 3420 φησι
1864 3348 1993 3420 περὶ

410 3448 591 3504 αὐτῶν
615 3464 631 3482 ο
677 3467 696 3500 ι
720 3448 958 3502 Μάταιοι
991 3447 1089 3517 μὲν
1117 3444 1226 3516 γάρ
1262 3443 1443 3514 φύσει,
1473 3438 1555 3507 οἷς
1594 3443 1827 3513 πάρεστι
1855 3439 1990 3494 Θεοῦ

411 3541 679 3611 ἀγνωσία,
701 3541 795 3593 καὶ
824 3541 888 3593 ἐκ
920 3538 1030 3592 τῶν
1055 3537 1356 3608 ὁρωμένων
1394 3535 1617 3605 ἀγαθῶν
1643 3537 1742 3590 οὐκ
1767 3534 1990 3604 ἴσχυσαν

409 3631 610 3687 εἰδέναι
660 3631 754 3685 τὸν
798 3629 927 3683 ὄντα
952 3643 967 3658 ⁸
1029 3626 1090 3681 οὗ
1105 3643 1152 3680 τε
1207 3628 1320 3690 τοῖς
1370 3625 1552 3696 ἔργοις
1605 3623 1987 3696 προσέχοντες,

410 3727 732 3794 ιπέγνωσαν
769 3725 936 3780 αὑτὸν
969 3721 1223 3792 τεχνίτην
1247 3736 1263 3750 ο
1292 3719 1467 3789 ἀλλ’ἢ
1517 3717 1653 3790 πῦρ,
1686 3717 1720 3788 ἢ
1747 3715 1987 3786 πνεῦμα,

408 3818 442 3890 ﬁ
475 3817 694 3887 ταχινὸν
723 3813 889 3886 ἀέρα,
931 3812 964 3882 ἢ
1002 3810 1199 3865 κύκλον
1233 3808 1472 3880 ἄστρων,
1501 3806 1734 3878 ἢβίαιον
1765 3804 1989 3876 ῦδωρ,ἢ

410 3908 706 3980 φωστῆρας
743 3903 998 3979 ούρανοῦ,
1049 3901 1350 3974 πρυτάνεις
1403 3899 1612 3970 κόσμου
1691 3898 1788 3952 καὶ
1831 3896 1990 3960 θεοὺς

408 4005 690 4073 ἐνόμισαν.
727 4002 834 4056 Καὶ
851 3999 962 4072 γάρ
993 3999 1149 4053 αὐτοὶ
1169 3999 1307 4068 τάχα
1351 3996 1661 4051 πλανῶνται
1716 3995 1854 4048 Θεδν
1888 3994 1989 4064 ζη-

408 4095 650 4157 τοῦντες,
665 4093 758 4146 καὶ
784 4090 1032 4154 θέλοντες
1054 4089 1254 4160 εὑρεῖν.
1299 4088 1390 4140 Ἕν
1412 4087 1516 4158 γὰρ
1535 4089 1646 4148 τοῖς
1669 4083 1851 4156 ἔργοις
1880 4084 1990 4138 τῶν

411 4187 610 4262 χειρῶν
634 4183 814 4239 αὐτῶν
836 4181 1322 4252 ἀναστρεφόμενοι,
1366 4178 1702 4250 διερευνῶσι.
1733 4196 1856 4230 ι-ι
1879 4178 1988 4230 Τα-

369 4284 381 4349 ῤ
413 4280 676 4349 λαίπωροι
698 4276 777 4340 δὲ,
799 4275 894 4329 καὶ
927 4275 986 4327 ἐν
1004 4273 1216 4344 νεκροῖς
1237 4273 1293 4324 αί
1319 4271 1534 4334 ἐλπίδες
1562 4269 1766 4324 αὐτῶν.
1795 4287 1814 4320 ι
1841 4269 1950 4323 Καί
1971 4285 1988 4301 ο

328 4321 384 4498 ᾗ
414 4391 433 4423 ι
465 4321 668 4434 Σποὲδς
699 4370 732 4441 ή
762 4367 959 4439 καρδία
1019 4321 1202 4420 αὐτῶν
1223 4404 1238 4430 ,
1271 4367 1364 4417 καὶ
1411 4365 1515 4434 γῆς
1563 4361 1917 4433 εὐτελεστέρα
1955 4361 1988 4431 ή

410 4465 566 4498 εὶς-ι.-
592 4460 772 4498 nam...
819 4459 914 4498 νηὶ
963 4455 1136 4498 πηλοῦ
1181 4454 1506 4498 baud-nan:
1541 4455 1570 4498 ὁ
1625 4453 1737 4498 ﬁlo:
1778 4452 1982 4498 αὐτῶν-

410 4465 566 4528 ἐλπὶς
591 4460 791 4526 αὐτῶν,
819 4459 916 4514 καὶ
963 4455 1136 4528 πηλοῦ
1181 4454 1506 4526 ἀτιμότερος
1541 4455 1570 4509 ὁ
1623 4453 1737 4525 βίος
1778 4452 1984 4521 αὐτῶν,

411 4557 492 4611 ὅτι
519 4554 794 4626 ἠγνόησαν
821 4534 914 4606 τόν
953 4550 1268 4620 Ποιήσαντα
1293 4546 1510 4610 αὐτούς.
1532 4565 1552 4599 ι

408 4673 738 4730 Βασιλείου
757 4671 827 4724 ἐκ
853 4667 962 4724 τοῦ
1004 4669 1092 4734 εις
1127 4665 1244 4733 τὴν
1265 4662 1464 4740 ἀρχὴν
1490 4663 1608 4719 τῶν
1633 4663 1987 4734 Παροιμιῶν.

2019 4506 2066 4564 ι)

2165 3349 2379 3407 Similia
2407 3349 2664 3405 Salomon
2697 3367 2710 3404 :
2750 3368 2768 3400 ι
2803 3348 2941 3404 Vani
2973 3356 3104 3404 sunt
3133 3356 3354 3413 natura,
3382 3348 3437 3403 in
3470 3348 3680 3418 quibus

2093 3461 2204 3501 non
2255 3445 2448 3500 subest
2487 3443 2718 3499 scientia
2764 3443 2880 3506 Dei,
2911 3451 2968 3498 et
3011 3441 3080 3496 de
3122 3441 3212 3496 his
3251 3457 3373 3512 qua:
3415 3441 3676 3496 videntur

2093 3538 2267 3602 bona,
2319 3553 2429 3593 non
2491 3544 2794 3606 potuerunt
2853 3534 3162 3605 intelligere
3221 3550 3346 3589 eum
3407 3535 3500 3604 qui
3558 3543 3672 3600 est;

2092 3644 2274 3698 neque
2309 3627 2574 3697 operibus
2605 3624 2956 3681 attendentes
2993 3634 3340 3695 agnoverunt
3370 3625 3496 3694 quis
3526 3633 3676 3680 esset

2093 3722 2323 3787 artifex;
2357 3719 2452 3775 sed
2498 3729 2593 3774 aut
2631 3719 2835 3790 ignem,
2869 3726 2964 3772 aut
2993 3717 3274 3787 spiritum,
3311 3723 3407 3770 aut
3442 3718 3676 3770 citatum

2093 3826 2300 3875 aerem,
2337 3820 2434 3865 aut
2469 3825 2661 3881 gyrum
2703 3809 3010 3874 stellarum,
3047 3815 3143 3862 aut
3179 3806 3408 3861 nimiam
3448 3821 3671 3875 aquam.

2095 3905 2180 3960 vel
2206 3903 2503 3958 luminaria
2529 3902 2653 3956 caeli
2684 3909 2934 3956 rectores
2957 3897 3109 3954 orbis
3129 3905 3430 3962 terrarum,
3455 3907 3514 3952 et
3537 3897 3676 3954 deos

2091 3999 2447 4064 putaverunt.
2470 3990 2540 4045 Et
2563 3990 2618 4043 hi
2645 3988 2879 4043 fortasse
2905 3995 3115 4053 errant,
3140 3987 3313 4042 Deum
3337 3996 3669 4057 quaerentes,

2091 4092 2146 4139 et
2169 4083 2418 4138 volentes
2445 4079 2713 4134 invenire.
2740 4078 2959 4133 Etenim
2991 4093 3118 4133 cum
3145 4079 3198 4132 in
3229 4077 3494 4148 operibus
3522 4077 3676 4133 illius

2091 4178 2518 4237 conversentur,
2552 4169 2931 4239 inquirunt",
2969 4186 2989 4220 ι
3027 4178 3139 4224 etc.
3175 4186 3193 4219 ι
3233 4168 3484 4224 infelices
3518 4175 3668 4234 sunt,

2091 4273 2147 4319 et
2173 4264 2316 4317 inter
2343 4271 2594 4316 mortuos
2623 4275 2749 4330 spes
2780 4259 3004 4314 illorum
3037 4267 3122 4313 est
3143 4258 3209 4313 τ’.
3251 4277 3269 4310 ι
3304 4259 3371 4313 Ει
3405 4276 3418 4312 :
3461 4279 3479 4310 ι
3517 4257 3675 4314 Cinis

2091 4371 2188 4410 cor
2219 4370 2434 4417 eorum,
2485 4367 2612 4424 spes
2638 4367 2830 4407 eorum
2866 4357 3014 4406 terra
3053 4350 3272 4416 vanior,
3311 4358 3367 4405 et
3397 4350 3510 4404 vita
3545 4350 3671 4404 illo-

2093 4445 2352 4500 rumluto
2386 4442 2794 4507 inhonoratior,
2814 4440 2944 4511 quia
2977 4440 3373 4511 ignoraverunt
3403 4437 3670 4495 Condito.

2093 4555 2210 4595 rem
2246 4551 2407 4594 suum
2427 4537 2494 4591 ".
2529 4555 2548 4589 ›

2339 4676 2423 4731 Ea:
2455 4673 2656 4729 Basilio
2684 4673 2741 4727 in
2772 4671 2982 4725 initium
3011 4669 3432 4725 Proverbiorum.

481 4769 556 4821 υύ
585 4764 693 4837 χρὴ
730 4765 847 4828 τοῖς
898 4752 1122 4832 τυχοῦσι
1176 4757 1370 4812 ἑαυτὸν
1400 4756 1720 4828 μαθήμασιν
1747 4756 1988 4811 ’ἐπιϐάλ-

2165 4764 2286 4818 Non
2316 4770 2536 4834 oportet
2559 4777 2618 4817 se
2645 4759 3013 4830 ad'quaslibet
3036 4757 3292 4815 conferre
3317 4758 3671 4828 disciplinas;

405 4863 540 4919 λειν,
573 4860 709 4913 ἀλλὰ
741 4859 946 4927 γνῶναι
1003 4857 1101 4927 τὴν
1148 4857 1577 4928 χρησιμωτάτην
1631 4856 1880 4911 παιδείαν
1928 4854 1988 4908 οὐ

2096 4856 2192 4912 sed
2227 4856 2583 4910 utilissimam
2609 4869 2772 4909 nosse
2803 4852 3147 4922 disciplinam
3177 4867 3286 4906 non
3319 4868 3512 4922 parum
3540 4851 3673 4906 facit

414 4953 620 5024 μικράν
653 4952 789 5022 πρὸς
820 4949 1115 5021 σωτηρίαν.
1148 4949 1268 5002 Εἰσὶ
1297 4949 1408 5021 γάρ
1438 4966 1582 5012 τινες
1615 4950 1648 5020 ἢ
1673 4949 1988 5019 γεωμετρίᾳ

2098 4949 2166 5003 ad
2194 4949 2450 5004 salutem.
2472 4945 2735 5002 Nonnulli
2761 4945 2912 5001 enim
2939 4945 3023 4999 vel
3051 4935 3366 5016 geometriae
3388 4952 3669 5007 vacantes,

412 5045 789 5114 σχολάζοντες,
841 5043 910 5114 ῆν
966 5041 1190 5111 ἐξεῦρον
1231 5041 1542 5111 Αἰγύπτιοι,
1574 5042 1606 5113 ἢ
1637 5041 1984 5113 ἀστρολογίᾳ,

2095 5058 2260 5113 quam
2305 5045 2639 5096 invenerunt
2671 5037 2916 5111 Egypti,
2949 5049 3046 5094 aut
3083 5037 3412 5107 astrologia,
3449 5051 3574 5107 qure
3614 5036 3671 5090 in

410 5140 478 5208 τῇ
525 5137 678 5210 παρὰ
724 5135 836 5190 τῶν
877 5133 1164 5188 Χαλδαίων
1201 5135 1569 5207 τετιμημένῃ,
1597 5134 1631 5204 ἢ
1673 5135 1812 5198 ὅλως
1857 5135 1987 5204 περὶ

2094 5134 2316 5189 honore.
2345 5132 2450 5188 fuit
2474 5130 2620 5202 apud
2664 5131 2977 5195 Chaldaeos,
3023 5129 3130 5193 vel,
3170 5137 3232 5183 ut
3275 5127 3672 5188 semeldieam,

479 5292 528 5325 “
561 5292 731 5348 Eccli.
767 5307 880 5358 xxi,
924 5293 1012 5358 17,
1061 5292 1162 5358 2!;
1203 5308 1305 5356 .xx,
1348 5290 1445 5362 2‘2.
1467 5361 1480 5362 ί
1513 5251 1761 5362 «δεξεμ,
1794 5303 1988 5362 xxxvii1

2091 5287 2124 5362 ι.
2202 5287 2248 5362 ff
2277 5287 2410 5362 i_bi_d.
2439 5287 2528 5343 24.
2595 5288 2652 5362 f“
2681 5288 2851 5362 Eccl}.
2889 5304 2962 5352 xi,
3001 5287 3051 5341 ί.
3094 5356 3108 5362 _
3154 5287 3201 5362 ξ’
3225 5283 3394 5362 Εξοοίὶ.
3437 5280 3676 5362 x_t_v..2_3_.

411 5349 1513 5503 Ricarég,ignominiane.
1590 5357 2123 5423 "‘lCor‘.i,i9-2|.
2204 5357 2246 5388 το
2271 5357 2482 5414 Coloss.
2508 5374 2566 5424 ιν,
2595 5357 2646 5412 8.
2724 5349 3210 5428 "sunmus,
3245 5354 3379 5421 6,7.
3457 5349 3671 5405 πίω.

1687 5545 1929 5600 ῊΒΙᾸΞ
1963 5544 2369 5601 ιεοτιοκεδ.

478 5641 511 5682 δ
541 5641 824 5705 άπαιδείας
850 5659 942 5696 σου
976 5639 1294 5720 ὲντράπηθι.
1382 5639 1398 5678 ί
1434 5635 1818 5704 ἁδιεξέταςτοι.
