4062 6142
386 323 493 401 679

1557 338 1617 397 S.
1657 335 2059 400 ANASTASII
2097 332 2427 396 SINAITIB

3485 333 3487 335 ’
3543 341 3648 404 6⁸0

387 453 536 506 circa
564 447 765 520 figuras
787 457 843 502 et
868 449 1112 515 umbras,
1134 458 1190 503 et
1214 465 1396 503 rerum
1424 447 1957 518 meteorologicarun

2079 447 2337 517 σχήματα
2363 445 2458 498 καὶ
2500 443 2657 509 σκιὰς
2689 443 2786 499 καὶ
2823 445 3256 516 μετεωρολογίας
3291 443 3528 516 Ιἔχοντες,
3551 449 3645 518 τῆ,

385 538 859 607 contemplatione
886 538 1047 609 367
1073 539 1347 608 occupati,
1373 537 1682 591 divinorum
1714 537 1965 606 eloquio-

2070 539 2135 590 ἐκ
2162 537 2271 592 τῶν
2302 538 2460 592 Οείων
2497 537 2695 606 λογίων
2736 538 3072 601 παιδεύσεως
3127 539 3429 609 ὑπερεῖδον.
3483 541 3642 596 Ἀλλὰ

385 648 510 688 rum
556 629 930 685 eruditionem
976 632 1354 700 neglexerunt.
1391 629 1496 684 Sed
1547 641 1604 684 et
1646 630 1879 699 poetica,
1910 636 1957 696 cl

2069 630 2162 683 xui
2197 629 2475 702 ποιητικὴ,
2508 632 2601 683 καὶ
2628 632 2916 703 ῥητορικὴ,
2955 632 3051 686 καὶ
3080 633 3115 703 ἡ
3157 632 3266 686 τῶν
3297 636 3648 704 σοφισμάτων

386 722 698 785 rhetorica,
735 730 792 775 et
832 721 1234 791 sophismatum
1283 721 1529 776 inventio
1571 721 1774 775 mullos
1800 736 1965 776 occu-

386 825 546 886 patos
584 824 904 874 tenuerunt,
931 830 1166 882 quorum
1206 815 1434 868 materia
1474 823 1558 868 est
1591 813 1960 868 mendacium.

384 906 576 973 Neque
641 906 790 958 enim
857 905 1074 973 poetica
1141 904 1447 959 consistere
1511 913 1694 974 potest
1756 904 1965 974 absque

384 998 590 1057 fabula.
619 1014 796 1067 neque
828 997 1105 1051 rhetorica
1136 999 1345 1067 absque
1374 1008 1490 1052 arte
1519 999 1760 1063 dicendi,
1783 1013 1965 1067 neque

387 1091 688 1160 sophistica
755 1090 962 1158 absque
1029 1089 1430 1159 paralogismis.
1494 1090 1764 1156 Quoniam
1833 1105 1964 1160 ergo

383 1185 540 1238 multi
577 1192 804 1252 propter
827 1183 1060 1236 nimium
1090 1181 1334 1236 studium
1366 1181 1512 1251 quod
1547 1181 1600 1234 in
1631 1181 1700 1236 iis
1727 1192 1961 1251 ponunt,

379 1277 749 1346 neglexerunt
780 1274 875 1330 Dei
909 1275 1304 1343 cognitionem,
1336 1275 1392 1328 in
1427 1273 1593 1328 rebus
1618 1273 1775 1327 vanis
1807 1289 1961 1328 scru-

384 1367 568 1422 tandis
620 1376 1114 1431 consenescentes;
1167 1365 1477 1420 necessaria
1525 1375 1611 1421 est
1657 1365 1962 1435 disciplinae

378 1459 613 1528 agnitio,
641 1447 708 1514 ad
749 1459 1116 1530 ellugiendam
1156 1459 1381 1513 stultam
1419 1467 1475 1512 et
1511 1456 1731 1512 noxiam
1769 1457 1960 1527 sopbi-

380 1549 595 1603 sticam.

517 1659 603 1714 Ea:
629 1658 871 1730 Theologi
903 1661 1143 1714 oratione
1173 1658 1227 1714 in
1259 1657 1476 1730 plagam
1503 1660 1806 1729 grandinis.

446 1772 630 1826 Prima
661 1772 931 1842 sapientia
961 1783 1065 1836 est,
1110 1773 1436 1842 sapientiam
1493 1773 1549 1826 in
1585 1788 1842 1828 sermone
1885 1788 1948 1828 ac
1987 1791 2028 1846 Β

377 1862 681 1918 dictionum
724 1864 989 1933 strophis,
1022 1873 1187 1933 atque
1223 1864 1557 1920 adulterinis
1585 1874 1641 1919 et
1678 1879 1950 1933 superva-

376 1953 564 2007 caneis
606 1952 1077 2022 disputationibus
1106 1954 1415 2022 aspernari.
1451 1952 1583 2007 Mihi
1613 1961 1796 2008 autem
1839 1953 1950 2007 uti-

376 2058 504 2100 nam
543 2045 728 2112 potius
757 2043 1002 2113 quinque
1052 2044 1224 2100 verba
1263 2060 1388 2100 cum
1433 2043 1729 2114 prudentia
1762 2043 1953 2114 eloqui

377 2135 677 2204 contingat.
709 2151 872 2205 quam
915 2145 1170 2191 sexcenta
1206 2137 1262 2190 in
1295 2136 1485 2207 lingua
1519 2145 1593 2191 et
1625 2151 1762 2192 voce
1804 2136 1960 2193 tubae

375 2223 652 2292 obscura!
683 2224 836 2280 Hauc
873 2241 978 2296 ego
1001 2225 1329 2295 sapientiam
1361 2226 1546 2290 laudo,
1572 2226 1715 2280 hanc
1737 2225 1950 2293 ample-

375 2325 517 2380 ctor,
557 2331 655 2386 per
691 2333 855 2387 quam
881 2317 1155 2388 ignobiles
1176 2318 1412 2390 gloriam
1465 2317 1748 2372 consecuti
1797 2324 1950 2382 sunt,

374 2413 432 2460 et
466 2405 534 2460 ad
569 2422 733 2476 quam
785 2407 823 2461 ii
871 2407 968 2484 qui
1019 2409 1172 2462 nullo
1229 2408 1284 2462 in
1327 2407 1512 2478 pretio
1541 2417 1700 2462 erant
1732 2406 1952 2462 caeteris

374 2497 585 2566 praelati
636 2505 788 2560 sunt,
827 2506 1039 2553 etcum
1093 2513 1204 2567 qua
1260 2497 1566 2568 piscatores
1626 2497 1952 2554 universum

373 2588 562 2644 orbem
601 2589 886 2660 Evangelii
927 2590 1166 2644 vinculis
1196 2599 1456 2660 tanquam
1505 2590 1719 2646 retibus
1773 2589 1954 2659 impli-

374 2688 633 2743 cuerunt,
669 2697 734 2736 ac
757 2697 853 2750 per
875 2689 1318 2735 consummatum
1353 2681 1805 2737 etabbreviatum
1831 2696 1956 2736 ver-

372 2769 504 2824 bum
545 2772 870 2841 sapientiam
897 2787 1018 2827 eam
1070 2788 1193 2842 qua:
1235 2772 1542 2828 destruitur
1579 2784 1949 2844 superarunt;

374 2877 555 2930 neque
582 2863 728 2917 enim
760 2864 853 2933 qui
885 2864 940 2918 in
979 2880 1234 2920 sermone
1258 2865 1479 2935 sapiens
1515 2873 1634 2930 est,
1682 2865 1775 2920 hic
1815 2865 1954 2920 mihi

375 2955 596 3024 sapiens
617 2966 725 3021 est,
753 2973 857 3011 nec
879 2957 976 3028 qui
1000 2958 1298 3013 volubilem
1314 2958 1536 3028 quidem
1563 2957 1828 3028 linguam,
1851 2957 1954 3012 im-

375 3046 620 3116 peritum
644 3057 826 3101 autem
852 3049 1095 3102 animum
1133 3049 1322 3113 habet,
1355 3050 1464 3104 illis
1513 3049 1706 3119 utique
1771 3050 1955 3118 sepul-

2068 720 2286 793 εὖρεοις
2321 723 2551 786 πολλοὺς
2583 723 2989 795 ἀπησχόλησεν,
3027 724 3174 777 τῶνιι
3204 723 3304 796 ὕλη
3331 728 3425 780 καὶ
3452 727 3647 797 ᾴεῦδής

2067 816 2234 869 ἐστιν.
2265 814 2403 867 Οὔτε
2432 815 2541 885 γὰρ
2562 815 2823 886 ποιητικὴ
2856 817 3120 885 συστῆναι
3151 815 3373 870 δύναται
3401 819 3643 876 ἄνευτοΰ

2070 907 2263 977 μύθου,
2290 906 2414 959 οὔτε
2441 907 2708 977 ῥητορικὴ
2734 906 2860 960 ἄνευ
2889 908 2987 976 τῆς
3019 910 3077 960 ἐν
3105 907 3183 978 τῷ
3217 907 3396 976 λέγειν
3426 910 3642 981 τέχνης,

2065 996 2189 1050 οὔτε
2234 995 2522 1065 σοφιστικὴ
2567 997 2697 1050 ἄνευ
2735 996 2842 1049 τῶν
2869 996 3322 1067 παραλογισμῶν.
3373 996 3525 1049 Ἐπεὶ
3551 996 3643 1052 οὖν

2066 1085 2234 1155 πολλὴ
2269 1085 2396 1154 περὶ
2426 1083 2599 1136 ταῦτα
2631 1083 2857 1154 σπουδὴ,
2886 1087 2988 1154 τῆς
3035 1086 3166 1154 περὶ
3205 1083 3340 1137 Θεοῦ
3390 1085 3641 1152 γνώσεως

2064 1175 2472 1246 κατημέλησαν,
2511 1175 2569 1228 ἐν
2606 1176 2671 1246 τῇ
2706 1173 2813 1226 τῶν
2862 1173 3111 1243 ματαίων
3165 1175 3362 1246 ἐρεύνῃ
3403 1192 3642 1247 καταγη-

2064 1268 2356 1338 ράσαντες,
2387 1265 2662 1334 ἀναγκαία
2690 1267 2724 1337 ὴ
2748 1253 2848 1336 τῆς
2875 1265 3123 1330 παιδείας
3156 1267 3476 1333 ἐπίγνωσις,
3507 1259 3644 1337 πρός

2062 1375 2127 1428 γε
2152 1361 2251 1430 τὴν
2292 1357 2582 1428 ἀποφυγὴν
2629 1357 2732 1429 τῆς
2763 1357 2992 1428 ἀνοήτου
3027 1357 3123 1410 καὶ
3167 1356 3440 1428 βλαϐερᾶς
3488 1375 3644 1427 σοφι-

2064 1467 2264 1514 στειας.

1996 1631 2009 1641 ’
2065 1642 2176 1698 Τοῦ
2190 1643 2485 1712 Θεολόγου
2505 1642 2573 1696 ἐκ
2590 1642 2698 1696 τοῦ
2715 1646 2802 1711 είς
2825 1643 2940 1713 τὴν
2962 1645 3211 1714 πληγὴν
3229 1645 3342 1715 τῆς
3356 1647 3638 1716 χαλάζης.

2130 1754 2300 1824 Σοφία
2321 1753 2538 1824 πρώτη,
2569 1755 2764 1825 σοφίας
2788 1756 3064 1828 ύπερορᾷν
3089 1759 3190 1828 τῆς
3213 1760 3271 1811 ἐν
3291 1759 3437 1830 λόγῳ
3455 1760 3640 1831 κειμέ-

2057 1869 2174 1924 νης,
2211 1847 2319 1905 ’καὶ
2361 1855 2626 1921 στροφαῖς
2658 1851 2880 1924 λέξεων.
2931 1853 3028 1905 καὶ
3061 1855 3182 1928 ταῖς
3230 1853 3513 1924 κιϐδήλοις
3546 1853 3640 1908 καὶ

2000 1946 2006 1951 ”
2057 1943 2342 2014 περιτταῖς
2367 1941 2731 1996 ἀντιθέσεσιν.
2770 1942 2926 2012 Ἐμοὶ
2947 1943 3017 1996 δὲ’
3033 1945 3246 2012 γένοιτο
3270 1945 3429 1997 πέντε
3450 1944 3641 2007 λόγους

2058 2033 2117 2086 ἐν
2148 2032 2415 2104 ἐκκλησίᾳ
2439 2032 2678 2102 λαλῆσαι
2717 2033 2856 2102 μετὰ
2885 2034 3176 2098 συνέσεως.
3225 2034 3258 2107 ἢ
3298 2036 3524 2108 μυρίους
3554 2035 3643 2088 λόε-

2057 2146 2190 2200 γους
2221 2130 2278 2181 ἐν
2305 2127 2527 2199 γλώσσῃ
2573 2129 2669 2180 καὶ
2696 2130 2848 2199 φωνῇ
2883 2129 3186 2198 σάλπιγγος
3217 2130 3437 2200 ἀσήμῳ.
3491 2130 3636 2183 Ταύ-

2056 2236 2159 2291 την
2205 2220 2411 2275 ἐπαινῶ
2456 2219 2556 2291 τὴν
2604 2219 2796 2287 σοφίαν
2843 2219 2954 2289 ἐγώ
2979 2237 2998 2292 °_
3051 2219 3256 2290 ταύτην
3295 2220 3638 2291 ἀσπάζομαι,

2057 2313 2126 2367 δι’
2163 2308 2232 2386 ἧς
2283 2314 2499 2380 ἀγενεῖς
2541 2311 2932 2384 ἐδοξάσοησαν,
2988 2313 3070 2376 είς
3109 2313 3177 2384 ἢν
3221 2312 3639 2383 ἐξουδενωμένοι

2059 2406 2548 2478 προετιμήθησαν,
2603 2406 2700 2459 καὶ
2749 2404 2868 2476 μεθ’
2894 2399 2963 2478 ἦς
3008 2405 3111 2476 τὴν
3151 2405 3482 2475 οἰκουμένην
3511 2405 3641 2474 ὅλην

2057 2501 2170 2562 τοῖς
2204 2497 2300 2552 τοῦ
2333 2496 2668 2566 Εὑαγγελίου
2700 2497 2921 2568 δεσμοῖς
2953 2498 3330 2569 ὲσαγήνευσαν
3353 2513 3367 2529 ·
3405 2497 3483 2568 τῷ
3513 2514 3636 2551 συν-

2058 2591 2434 2662 τετελεσμένῳ
2458 2591 2604 2661 λόγῳ
2637 2591 2737 2662 τὴν
2763 2591 3220 2662 καταργουμένην
3250 2591 3444 2661 σοφίαν
3477 2592 3637 2661 νική-

2062 2701 2278 2747 σαντες.
2312 2684 2450 2737 υύδέ
2475 2684 2586 2755 γὰρ
2615 2686 2643 2738 ὀ
2669 2685 2729 2738 ἐν
2753 2683 2899 2755 λόγῳ
2929 2683 3092 2750 σοφὸς
3115 2679 3269 2747 οὗτος
3295 2683 3418 2754 ἐμοὶ
3444 2684 3636 2752 σοφός·

2059 2776 2168 2830 οὐδ’
2203 2777 2353 2840 ὅστις
2400 2775 2653 2844 γλῶσσαν
2699 2774 2799 2847 μὲν
2845 2773 3147 2846 εὔστροφον
3186 2773 3322 2845 ἔχει,
3373 2774 3640 2846 dium-5t

2061 2868 2408 2933 ἀπαίδευτον,
2443 2867 2636 2939 ὥσπερ
2663 2868 2771 2922 τῶν
2794 2867 3001 2937 τάφων,
3031 2869 3146 2921 ὅσοι
3171 2867 3240 2920 τὰ
3268 2865 3465 2932 ἔξωθεν
3485 2866 3639 2930 ὄντες

2061 2959 2356 3028 εὐπρεπεῖς
2410 2958 2507 3012 καὶ
2555 2959 2771 3028 ὡραῖοι,
2837 2957 3044 3029 μυδῶσι
3093 2959 3309 3029 νεκροῖς
3357 2959 3426 3012 τὰ
3467 2957 3635 3021 ἔνδον,

2061 3052 2156 3104 καὶ
2187 3049 2389 3120 πολλὴν
2429 3048 2696 3104 δυσωδίαν
2755 3046 3280 3120 περικαλύπτουσιν.
3323 3045 3464 3100 Ἀλλ’
3492 3045 3639 3108 ὅστις

376 3139 488 3194 cris
521 3154 630 3194 non
654 3139 942 3203 absimilis,
975 3155 1117 3209 qum,
1154 3156 1279 3197 cum
1309 3140 1446 3195 foris
1497 3141 1728 3210 pulchra
1767 3150 1824 3195 et
1849 3141 1946 3195 de-

2056 3144 2214 3212 ὀλίγα
2263 3142 2362 3214 μὲν
2413 3140 2547 3212 περὶ
2593 3141 2797 3211 ἀρετῆς
2843 3139 3173 3208 φθέγγεται,
3225 3136 3399 3192 πολλὰ
3427 3137 3507 3197 δὲ,
3553 3131 3638 3200 οἷς

375 3246 505 3286 cora
557 3231 686 3293 sint,
717 3233 866 3288 intus
891 3241 1074 3286 tamen
1124 3233 1488 3287 cadaveribus
1522 3242 1757 3297 scatent,
1787 3242 1952 3304 atque

375 3322 655 3393 ingentem
699 3322 932 3379 fetorem
995 3320 1207 3395 tegunt.
1263 3324 1468 3378 Verum
1512 3324 1559 3378 is
1593 3323 1946 3394 demum-qui

373 3413 641 3485 loquitur,
677 3431 852 3485 pauca
907 3416 974 3471 de
1027 3417 1264 3481 virtute,
1307 3426 1568 3471 caeterum
1602 3433 1702 3487 per
1729 3434 1793 3473 ea
1826 3434 1949 3488 qua:

372 3506 507 3576 agit,
543 3509 714 3562 multa
749 3502 1123 3574 demonstrat,
1148 3525 1212 3564 ac
1265 3509 1426 3564 tidem
1456 3517 1516 3565 et
1561 3511 1948 3566 auctoritatem

372 3601 617 3656 sermoni
643 3616 745 3656 suo
775 3616 875 3671 per
902 3601 1069 3656 vitam
1100 3601 1382 3657 conciliat.
1419 3601 1772 3656 Prarstantior
1823 3601 1950 3672 qui-

371 3691 518 3753 dem.
553 3708 678 3747 meo
702 3694 937 3765 judicio."
961 3703 1048 3749 est
1081 3693 1441 3764 pulchritudo
1469 3693 1562 3747 illa
1592 3708 1714 3764 quae
1769 3695 1951 3749 oculis

374 3785 644 3848 cernitur,
693 3802 858 3854 quam
889 3801 1012 3854 qua:
1035 3799 1291 3840 sermone
1324 3784 1594 3866 pingitur;
1633 3793 1692 3838 et
1741 3784 1950 3842 divitia:

2057 3234 2274 3304 ἐνεργεῖ
2318 3230 2752 3302 παραδεικνυσι,
2804 3229 2900 3284 καὶ
2944 3229 3004 3282 τὸ
3045 3227 3362 3295 ἀξιόπιστον
3389 3225 3465 3297 τῷ
3491 3225 3636 3296 λόγῳ

2057 3326 2149 3382 διὰ
2198 3323 2293 3378 τοῦ
2344 3323 2460 3394 βίου
2513 3322 2862 3393 προστίθησι.
2920 3322 3189 3392 Κρεῖσσον
3225 3319 3336 3389 γὰρ
3383 3319 3508 3388 ἐμοὶ
3540 3317 3634 3370 εύ-

2061 3415 2269 3488 μορφία
2301 3413 2652 3486 θεωρουμένη
2701 3414 2804 3482 τῆς
2843 3413 2988 3484 λόγῳ
3015 3411 3504 3483 ζωγραφουμένης,
3541 3407 3635 3463 καὶ

2059 3507 2313 3574 πλοῦτον,
2335 3507 2394 3560 ὃν
2420 3507 2478 3560 αἱ
2501 3508 2684 3576 χεῖρες
2704 3505 2942 3576 ἔχουσιν,
2965 3503 3000 3575 ἢ
3023 3504 3082 3557 ὃν
3103 3502 3288 3574 ὄνειρα
3313 3501 3630 3574 πράττουσι,
3690 3554 3692 3556 ,

2059 3601 2156 3655 καὶ
2179 3599 2364 3670 σοφία,
2395 3599 2496 3668 οὐχ
2524 3600 2559 3668 ἡ
2589 3596 2735 3670 λόγῳ
2761 3596 3208 3668 λαμπρυνομένη,
3232 3594 3398 3666 ἀλλ’ἢ
3421 3593 3509 3648 διὰ
3528 3591 3636 3645 τῶν

2058 3693 2238 3766 ἔργων
2290 3691 2650 3763 ἑλεγχομὲνη.
2716 3689 2943 3758 Σύνίεσις
2991 3688 3050 3742 δὲ
3105 3688 3286 3759 ἀγαθὴ
3339 3689 3473 3741 πᾶσι
3524 3685 3635 3748 τοῖς

2059 3785 2304 3840 ποιοῦσιν
2333 3785 2530 3853 αὐτὴν.
2570 3782 2686 3836 ἀλλ’
2709 3782 2770 3834 ού
2799 3783 2912 3844 τοῖς
2940 3778 3322 3849 κηρύττουσιν.

371 3890 512 3947 quas
549 3892 746 3931 manus
777 3886 989 3940 tenent,
1023 3891 1186 3944 quam
1217 3890 1355 3945 quas
1405 3875 1619 3929 Somnia
1651 3874 1948 3946 ellingunt;
1987 3886 2045 3931 ct
2099 3874 2371 3946 sapientia
2401 3888 2524 3943 quae
2551 3887 2652 3941 per
2690 3884 2916 3941 cperam
2977 3869 3413 3931 demonstratur,
3465 3879 3630 3934 quam

371 3982 496 4036 quae
524 3983 776 4021 sermone
799 3969 938 4022 nitet
958 3982 1022 4022 ac
1047 3965 1384 4037 Splendescit
1411 3984 1425 4018 :
1450 3965 1768 4022 intellectus
1791 3967 1944 4024 enim
1983 3968 2163 4023 bonus
2190 3967 2452 4023 omnibus
2479 3963 2819 4022 facientibus
2836 3977 2986 4026 eum,
3041 3975 3150 4015 non
3186 3968 3372 4014 autem
3434 3955 3631 4029 praedi-

372 4057 649 4111 cantibus.

2242 4171 2354 4239 Τοῦ
2380 4171 2590 4236 αὐτοῦ,
2621 4170 2689 4222 ἐκ
2721 4168 2827 4223 τοῦ
2857 4165 3056 4240 [κατὰ]
3106 4165 3455 4220 Ἰουλιανοῦ.

2125 4280 2242 4343 Σὺν,
2274 4279 2338 4332 τὸ
2375 4276 2720 4348 Ἰεῖλληνίζειν.
2759 4276 2879 4329 είπέ
2913 4293 3032 4346 μοις
3081 4273 3147 4328 Τί
3171 4274 3259 4335 ’δές
3281 4275 3342 4328 οὐ
3372 4275 3618 4330 Φοινίκωδ

513 4172 767 4244 Ejusdem
795 4173 879 4244 (ea;
904 4173 1165 4230 In‘vectiva
1196 4175 1393 4248 prima)
1425 4180 1478 4232 in
1505 4175 1806 4232 lulianum.

445 4287 588 4354 Quid
617 4288 726 4342 ais?
749 4287 925 4342 Tuum
953 4297 1038 4343 est
1074 4289 1347 4344 Graecari?
1367 4290 1551 4357 Quid?
1571 4291 1765 4346 Nonne
1790 4289 1952 4354 Phai-

371 4382 557 4436 nicum
598 4392 725 4436 sunt
754 4381 973 4447 littera},
1001 4383 1109 4446 vel,
1143 4391 1204 4437 ut
1241 4383 1527 4440 nonnullis
1554 4383 1754 4453 placet,
1789 4380 1952 4452 Egy-

2056 4371 2120 4424 τὰ
2167 4371 2500 4442 γράμματα,
2535 4370 2618 4432 ώς.
2645 4368 2701 4422 δέ
2743 4383 2913 4432 τινες,
2949 4367 3057 4420 τῶν
3082 4364 3489 4437 Αἰγυπτίων..ῆ
3523 4365 3628 4420 τῶν

371 4472 632 4541 ptiorum,
660 4478 755 4524 aut
783 4471 868 4526 his
898 4473 1081 4525 adhuc
1115 4471 1512 4541 sapientiorum
1566 4470 1945 4535 Hebrworum,

2056 4463 2138 4518 ῐτι
2191 4462 2398 4517 τούτων
2450 4462 2775 4533 σοφωτέρων
2820 4460 3087 4516 Ἰουδαίων
3111 4457 3167 4523 ¹;
3227 4459 3278 4514 οῖ
3321 4459 3418 4514 καὶ
3465 4457 3632 4526 πλαξὶ

369 4561 462 4632 qui
494 4561 660 4616 etiam
677 4561 850 4631 legem
870 4561 924 4616 in
942 4561 1142 4616 tabulis
1164 4579 1194 4616 a
1211 4561 1323 4618 Deo
1348 4561 1672 4633 inscriptam
1689 4577 1808 4618 esse
1820 4577 1949 4632 per-

2056 4553 2451 4624 θεοχαράκτοις
2498 4553 2845 4623 ἐγγραφῆναι
2909 4551 3004 4606 τὸν
3058 4551 3289 4622 νόμονη
3331 4550 3441 4604 ’τοῦ
3492 4550 3630 4605 Θεοῦ

370 4667 597 4707 suasum
623 4653 868 4707 habent?
903 4651 1106 4713 Tuum,
1135 4653 1318 4709 Attice
1345 4652 1523 4724 loqui,
1569 4668 1865 4709 numerare
1891 4660 1949 4708 et

2056 4642 2408 4707 πιστεύουσις
2445 4640 2568 4704 Σὺν,
2599 4641 2662 4695 τὸ
2693 4640 3056 4707 ’Δττικίζειη
3090 4641 3152 4694 τὸ
3179 4639 3436 4713 ἀριθμεῖν
3453 4640 3511 4694 δὲ
3537 4641 3633 4705 καὶ

371 4745 562 4816 digitis
577 4752 901 4815 supputare,
919 4745 1340 4801 mensuraeitem
1355 4755 1412 4801 et
1439 4744 1723 4816 pondera?
1751 4745 1948 4802 Nonne

2056 4734 2365 4804 λογίζεσθαι
2414 4733 2703 4797 δακτύλοις
2758 4732 2936 4804 μέτρα
2983 4748 3044 4784 τε
3072 4731 3169 4786 καὶ
3202 4731 3480 4801 στάθμαςς
3517 4731 3633 4785 Οὐκ

370 4836 826 4894 Eubmorum?Si
861 4837 1030 4892 modo
1068 4837 1317 4894 Eubmus
1350 4845 1480 4895 erat
1523 4838 1614 4894 ille
1647 4840 1948 4894 multarum

2056 4826 2348 4894 Εὺῦοέων;
2404 4826 2580 4896 Εἴπερ
2617 4824 2858 4889 Εὐϐοεὺς
2889 4824 2920 4876 ὁ
2970 4822 3328 4893 Παλαμήδης,
3361 4825 3390 4876 ὁ
3419 4821 3631 4875 πολλῶν

370 4941 565 4982 rerum
586 4925 844 4982 inventor
860 4924 1206 4994 Palamedes,
1225 4926 1558 4997 invidiaque
1570 4925 1644 4982 ob
1662 4926 1719 4982 id
1736 4928 1950 4997 appeti-

2056 4920 2303 4994 εὑρετὴς,
2341 4919 2436 4973 καὶ
2464 4917 2560 4982 διὰι
2576 4916 2740 4972 τοῦτο
2763 4909 3077 4986 ἐπίφθονος.
3113 4915 3190 4970 Si
3220 4914 3291 4968 τὰ
3317 4914 3627 4985 ποιήματας

371 5027 485 5074 tus.
527 5016 644 5072 'l‘ua
663 5025 796 5085 sunt
816 5016 1108 5088 poemata?
1127 5017 1272 5086 Quid
1291 5016 1315 5071 ἲ
1349 5016 1434 5074 An
1457 5032 1571 5072 non
1597 5017 1787 5088 potius
1807 5033 1947 5074 anus

2056 5007 2122 5071 ’Ν
2173 5013 2266 5076 δίς
2324 5012 2388 5066 οὐ
2435 5014 2536 5082 τῆς
2584 5009 2754 5082 γραὸς
2789 5007 3012 5079 -μᾶλλον
3061 5006 3340 5078 ἐκείνης,,ῆ
3367 5005 3460 5060 τὸν
3483 4999 3632 5076 ὦμον

368 5109 522 5167 illius
544 5094 826 5181 quacum
841 5110 1068 5181 quidam
1079 5108 1430 5168 eoneitatiori
1445 5121 1636 5181 gressu
1657 5123 1724 5165 ex
1749 5110 1944 5164 adver-

2057 5106 2335 5162 σεισθεῖσα
2353 5103 2509 5176 παρὰ
2520 5097 2666 5168 τινος
2691 5103 2962 5166 συντόνως
2987 5099 3430 5170 ἀντιπαριόντος,
3451 5098 3526 5165 ὡς
3546 5098 3635 5152 λό-

366 5217 432 5259 so
447 5201 1106 5275 lncedens,368ipsius
1119 5203 1416 5259 humerum
1445 5201 1821 5256 concussisset
1838 5200 1940 5269 (sic

2056 5215 2172 5268 γος,
2228 5191 2330 5251 εἶτ’
2368 5197 2730 5268 ἐνυσρίζουσα
2771 5193 2852 5265 τῷ
2891 5192 3106 5265 σφοδρῷ
3135 5193 3234 5264 τῆς
3263 5191 3462 5262 ὁρμῆς,
3502 5189 3631 5254 ἔπος

367 5294 519 5351 enim
549 5289 827 5362 narrant),
859 5293 1086 5364 ipsaque
1105 5300 1296 5363 postea
1321 5305 1450 5346 eum
1469 5288 1738 5345 conviciis
1761 5291 1944 5345 inces-

2056 5292 2357 5364 ἐφθέγγετο
2380 5327 2396 5356 ,
2450 5289 2544 5344 καὶ
2585 5287 2746 5343 τοῦτο
2769 5283 3088 5358 ἀρέσαν,τῷ
3115 5283 3305 5356 νεανίᾳ
3334 5283 3456 5337 λίαν
3473 5321 3490 5347 ,
3537 5283 3634 5335 καὶ

367 5377 538 5455 seret,
589 5389 832 5462 impetus
888 5384 1238 5443 vehementia
1283 5399 1505 5439 carmen
1541 5381 1755 5439 eﬂudit.
1788 5381 1944 5449 Quod

2057 5383 2492 5456 φιλοπονώτερον
2534 5379 2836 5455 μτρηθέν,
2879 5378 2980 5451 τὴν
3023 5375 3335 5448 θαυμασίαν
3366 5391 3461 5430 σου
3498 5374 3633 5430 ταύ-

367 5497 496 5538 cum
517 5481 708 5554 iuveni
733 5479 898 5535 valde
915 5476 1214 5540 arrisisset,
1237 5481 1403 5544 atque
1429 5472 1744 5530 accuratius
1766 5474 1826 5530 in
1845 5489 1950 5528 nu-

2056 5491 2154 5545 την
2201 5471 2692 5546 ἐδημιούργησαςυ
2738 5469 2978 5540 ποίησιν.
3033 5465 3176 5524 Αὐτὸ
3208 5467 3286 5543 δὲ,
3329 5465 3495 5520 πόθεν
3525 5481 3630 5534 σοι,

1679 5625 1917 5684 VARUS
1951 5627 2354 5686 LECTIONES.

438 5744 466 5786 ι
495 5739 593 5804 ὧν.
675 5745 691 5783 ι
732 5743 1016 5814 Ἐϐραίων.
1089 5750 1128 5779 ³
1163 5744 1334 5811 παρὰ.
1414 5747 1442 5776 ι
1473 5738 1893 5812 ἐδημιούργησε.
