4062 6142
356 309 483 373 ’683

1547 296 1609 355 S.
1652 294 2052 355 ANASTASII
2092 294 2438 356 SINAITKE.

3530 293 3643 358 68!

379 441 531 491 nem,
566 432 623 478 et
644 421 839 476 itidem
864 418 985 490 ejus
1008 413 1418 487 providentiam
1449 411 1676 483 exponit
1699 410 1958 467 Salomon

2084 428 2185 464 ιυσι
2242 408 2450 472 κακούς
2497 424 2558 461 τε
2615 407 2705 461 καὶ
2754 405 3019 474 ἀγαθούς.
3051 425 3069 458 ι
3104 403 3250 475 Πλὴν
3276 405 3370 469 οὓς
3407 422 3469 474 γε
3502 411 3519 443 ι
3552 407 3646 459 τοῦ

380 518 574 573 dicens
608 532 621 569 :
656 533 674 566 ι
714 512 772 568 In
809 511 958 566 omni
990 511 1113 564 loco
1146 506 1292 589 oculi
1335 504 1552 560 Domini
1599 502 1962 558 considerant

380 611 555 666 malos
581 616 637 663 et
662 607 842 661 bonos
867 604 931 657 ".
970 622 986 654 ι
1018 602 1289 657 Cteterum
1314 598 1381 653 de
1416 596 1668 651 moribus
1694 596 1960 666 majorem

382 716 571 757 curam
605 697 794 770 gessit,
827 703 883 750 et
914 693 1020 748 alia
1076 691 1301 762 quidem
1347 688 1585 759 plurima
1628 686 1871 743 suadens
1906 692 1963 739 et

384 792 731 864 praecipiens,
767 787 1041 859 praecipue
1071 794 1257 839 autem
1286 781 1354 837 de
1391 781 1729 851 disciplinis,
1765 792 1962 847 nempe

383 884 530 955 quod
594 883 839 936 animum
886 877 1059 947 magis
1105 875 1432 945 alﬂiguntct
1466 879 1763 926 conterunt
1797 883 1963 938 quam

385 978 604 1049 juvant,
637 973 828 1026 dicens
862 988 875 1024 :
911 989 929 1021 ι
954 970 1031 1023 Ne
1056 968 1252 1022 festina
1278 966 1332 1019 in
1354 980 1450 1019 ore
1477 972 1591 1027 tuo,
1612 973 1667 1016 et
1695 977 1789 1015 cor
1812 972 1963 1014 tuum

384 1085 494 1125 non
520 1074 785 1138 properet
826 1062 1027 1118 efferre
1075 1073 1388 1115 sermonem
1427 1072 1456 1110 a
1491 1056 1630 1110 facie
1669 1054 1786 1117 Dei,
1830 1068 1968 1122 quo-

385 1163 536 1217 niam
558 1161 707 1215 Deus
734 1168 821 1212 est
852 1157 907 1210 in
939 1154 1078 1209 ctelo
1109 1166 1358 1213 sursum,
1390 1156 1447 1203 et
1476 1157 1534 1203 tu
1556 1149 1611 1202 in
1635 1154 1784 1201 terra
1808 1144 1968 1199 deor-

387 1268 530 1306 sum.
572 1251 873 1318 Propterea
916 1247 1028 1300 sint
1074 1242 1245 1296 verba
1274 1252 1362 1294 tua
1389 1253 1601 1310 pauca;
1639 1245 1769 1291 sunt
1817 1233 1967 1287 cnim

385 1346 560 1401 multa
596 1342 762 1397 verba
786 1334 1210 1408 multiplicautia
1237 1333 1537 1387 vanitatem
1574 1328 1639 1382 "".
1679 1347 1696 1379 ι
1727 1326 1967 1381 Nimium

387 1436 830 1494 autemstudium
846 1440 903 1487 et
929 1427 1175 1483 discendi
1202 1424 1539 1480 desiderium
1568 1436 1692 1475 esse
1720 1418 1968 1479 noxium,

388 1534 551 1587 docet
580 1530 669 1583 his
696 1525 879 1582 verbis
908 1540 921 1577 :
956 1542 973 1573 ‹
1013 1521 1090 1575 Ne
1118 1519 1193 1573 sis
1225 1518 1457 1571 nimium
1504 1515 1709 1584 justus,
1743 1520 1828 1566 est
1885 1518 1971 1563 et-

387 1626 535 1681 enim
558 1618 853 1694 justusqui
878 1616 1028 1686 perit
1056 1613 1110 1667 in
1136 1610 1351 1683 justitia
1380 1624 1478 1665 sua
1509 1607 1574 1659 ⁷⁸.
1614 1625 1632 1656 ι

461 1716 673 1772 lndicat
703 1711 871 1764 etiam
902 1704 1185 1777 quomodo
1240 1716 1307 1754 ex
1351 1698 1677 1754 curiositate
1714 1704 1770 1749 et
1798 1693 1973 1749 nimio

2069 501 2262 574 ἠθικοῦ
2316 501 2517 572 μᾶλλον
2567 500 2881 571 ἐπεμελήθη
2930 499 3168 570 τρόπου,
3220 499 3506 570 παραινῶν
3553 499 3651 569 μὲν

2068 599 2165 652 καὶ
2182 598 2317 655 ἄλλα
2334 598 2585 664 πλεῖστα,
2603 596 2921 667 ἐξαιρετώτε
2931 613 3021 667 ρον
3033 594 3090 648 δὲ
3108 593 3316 666 περὶτὰ
3332 593 3650 665 μαθήματα,

2069 692 2152 746 ὅτι
2179 690 2451 762 ἐπιτρίϐει
2480 691 2580 762 τὴν
2603 688 2785 760 ψυχὴν
2818 686 3042 758 μᾶλλον,
3070 687 3103 758 ἢ
3140 685 3363 756 ὠφελεῖ,
3395 685 3650 753 φάσκων

2077 804 2096 837 ι
2125 785 2217 854 Μὴ
2246 782 2443 836 σπεῦδε
2477 782 2567 834 ἐπὶ
2593 780 2823 851 στόματί
2846 797 2965 843 σου,
2995 768 3088 832 καὶ
3115 775 3315 847 κα”ρδίὰ
3337 793 3431 829 σου
3464 775 3538 846 μὴ
3561 792 3657 828 τα-

2071 876 2289 947 χυνάτω
2335 873 2430 928 τοῦ
2476 873 2789 941 ἐξενεγκεῖν
2835 871 2994 940 λόγον
3050 870 3161 925 ἀπὸ
3209 868 3506 938 προσώπου
3561 866 3655 919 τοῦ

2046 967 2244 1032 οΘεοῦ,
2267 969 2348 1021 ὅτι
2378 968 2405 1018 ὁ
2429 965 2562 1027 Θεὸς
2593 966 2654 1017 ἐν
2680 963 2758 1034 τῷ
2781 962 2997 1035 οὐρανῷ
3023 961 3157 1023 ἄνω,
3196 959 3287 1012 καὶ
3316 959 3382 1011 σὺ
3417 959 3474 1010 ἐν
3497 960 3561 1028 τῇ
3586 958 3656 1026 γῇ

2074 1062 2246 1114 κάτω.
2300 1057 2397 1112 Διά
2432 1056 2593 1111 τοῦτο
2640 1055 2886 1109 ἔστωσαν
2922 1055 2972 1107 οἱ
3000 1055 3150 1122 λόγοι
3183 1069 3277 1105 σου
3305 1051 3510 1118 ὀλίγοι·
3551 1050 3659 1101 εἰσὶ

2074 1149 2184 1220 γὰρ
2233 1148 2385 1216 λόγοι
2429 1147 2614 1200 πολλοὶ
2661 1144 3030 1216 πληθύνοντες
3074 1142 3437 1213 ματαιότητα.
3469 1157 3486 1188 ι
3551 1138 3660 1190 Καὶ

2049 1189 2217 1310 ,ότινὴ
2243 1189 2385 1307 ἄκραν
2411 1237 2616 1308 σπουδὴ
2640 1238 2734 1291 καὶ
2755 1189 3061 1307 ίριλομαθία
3074 1189 3656 1302 ιἐπισλαδξλςῂγίνεται,
3692 1189 3711 1265 ξ

2075 1334 2322 1390 διδάσκει
2348 1333 2555 1401 λέγων·
2614 1349 2632 1382 ι
2658 1330 2752 1402 Μὴ
2780 1330 2933 1399 γίνου
2967 1328 3178 1390 δίκαιος
3203 1323 3369 1378 πολύ”
3406 1322 3523 1376 ἔστι
3552 1322 3660 1393 γὰρ

2076 1425 2455 1498 ἀπολλύμενος
2485 1427 2542 1479 ἐν
2567 1423 2764 1493 δικαίῳ
2790 1419 3016 1475 αὐτοῦ.»

2162 1691 2627 1763 Ἐπισημαίνεται
2675 1688 2731 1742 δὲ
2788 1687 2913 1741 τίνα
2957 1684 3161 1758 τρόπον
3218 1683 3300 1746 είς
3345 1646 3661 1749 περιουσίας

389 1808 573 1864 studio
601 1803 932 1874 sapientiam
960 1797 1221 1866 indagare
1262 1807 1573 1863 aggressus,
1632 1790 1689 1842 in
1716 1787 1973 1856 impieta-

2084 1786 2423 1859 ἑπιχειρίσας
2447 1782 2784 1854 φείσασθαιιι
2815 1780 2908 1834 ἐπὶ⁹
2932 1778 3033 1851 τὴν
3057 1775 3317 1831 ἀσέϐειαν
3343 1773 3660 1838 ἐξώκειλεν

392 1915 500 1956 tem
536 1897 816 1959 inciderit,
845 1905 1058 1960 nosque
1108 1895 1170 1941 ut
1197 1884 1548 1940 attendamus
1580 1891 1768 1935 monet
1817 1894 1885 1933 ne
1918 1880 1977 1933 in

391 1993 528 2050 illud
557 1992 743 2062 ipsum
802 1983 1126 2040 barathrum
1173 1969 1505 2041 incidamus,
1559 1973 1752 2028 dicens
1787 1988 1801 2024 :
1843 1989 1862 2022 ι
1896 1970 1976 2024 Ne

393 2087 519 2157 plus
546 2081 728 2152 sapias
765 2090 931 2148 quam
969 2084 1194 2137 necesse
1217 2077 1323 2133 est,
1361 2081 1431 2121 ne
1464 2080 1495 2119 a
1524 2073 1676 2118 recta
1706 2061 1795 2116 via
1816 2074 1977 2115 exor-

393 2179 597 2239 bitans,
630 2174 684 2226 in
717 2168 1056 2238 impietatem
1092 2162 1345 2216 ineurras
1368 2159 1437 2210 ⁷⁸.
1480 2174 1498 2207 ι

464 2237 613 2323 Dicit
647 2237 815 2317 etiam
863 2257 933 2311 de
961 2250 1282 2308 lubricitate
1309 2261 1446 2317 erga
1481 2240 1746 2297 mulieres
1781 2256 1795 2294 :
1826 2257 1846 2290 ι
1879 2237 1974 2292 ln-

392 2361 519 2418 vcni
558 2354 889 2413 amariorem
917 2361 1086 2417 supra
1141 2348 1377 2396 mortem
1410 2335 1793 2406 impudentem
1851 2346 1977 2384 mu-

395 2457 609 2514 lierem,
646 2463 769 2519 qua:
789 2451 873 2500 est
903 2440 1087 2511 captio
1117 2447 1174 2493 et
1195 2450 1395 2506 sagena
1426 2431 1612 2487 cordis
1637 2430 1704 2481 ⁸ο.
1751 2447 1770 2479 ι

467 2540 725 2600 Ostendit
756 2537 1007 2603 insuper,
1036 2530 1339 2583 humanam
1384 2531 1642 2577 naturam
1672 2532 1783 2572 non
1815 2529 1979 2586 posse

396 2632 662 2705 001150(ίυῖ
695 2634 1007 2684 accuratam
1047 2628 1107 2676 et
1133 2626 1380 2674 exactam
1408 2613 1800 2669 universorum
1825 2622 1981 2662 eom-

399 2698 830 2805 prehensienem
859 2733 873 2769 :
901 2735 919 2767 ι
956 2714 1100 2777 Vidi,
1136 2709 1339 2779 inquit,
1372 2705 1627 2760 universa
1650 2716 1819 2772 opera
1857 2698 1979 2763 Dei,

399 2788 456 2876 2-;
486 2813 735 2873 intellexi
770 2807 921 2880 quod
975 2803 1228 2859 omnium
1262 2811 1492 2868 Operum
1523 2794 1620 2849 Dei
1663 2793 1831 2846 homo
1856 2788 1988 2843 nul-

398 2915 509 2970 lam
539 2906 717 2979 possit
751 2877 1001 2956 invenire
1032 2894 1303 2949 rationem
1335 2894 1531 2943 eorum
1562 2898 1684 2954 quae
1714 2882 1853 2935 ﬁunt
1879 2877 1983 2934 sub

402 2974 635 3062 sole.-Et
672 3002 882 3067 quanto
913 2982 1420 3062 plus'laboraverit
1469 2980 1538 3034 ad
1595 2974 1982 3047 quaerendum,

405 3104 563 3153 tanto
592 3093 778 3164 minus
835 3083 1086 3140 inveniet
1108 3079 1179 3133 °‘.
1236 3094 1257 3129 ι
1292 3074 1477 3142 Quare
1526 3082 1724 3140 sapere
1764 3070 1987 3136 oportet

403 3193 472 3247 ad
496 3158 883 3247 sobrietatem,
905 3190 1011 3232 nec
1033 3170 1267 3228 nimium
1295 3165 1584 3235 indulgere
1608 3158 1818 3217 sciendi
1837 3155 1984 3211 desi-
2014 3149 2056 3207 C

405 3285 582 3343 derio.

761 3391 979 3451 Max-imi
1004 3404 1065 3442 ea:
1096 3383 1337 3440 Asceticis
1365 3375 1642 3447 capitibus.

478 3518 688 3575 Natura
721 3527 821 3567 sua
852 3505 1084 3579 pulchra
1106 3508 1191 3556 est
1219 3495 1474 3558 scientia,
1513 3489 1659 3546 sicut
1691 3483 1903 3539 sanitas
1933 3486 1990 3533 et

414 3612 637 3672 divitiae,
669 3605 765 3663 sed
797 3570 1081 3658 contraria
1111 3591 1370 3665 pluribus
1404 3598 1569 3655 quam
1614 3581 1732 3634 hate
1766 3570 1991 3672 pro‘fue:

413 3714 562 3760 runt.
597 3699 756 3755 Malis
783 3695 933 3750 enim
965 3704 1074 3745 non
1101 3694 1253 3741 recte
1284 3681 1435 3737 cedit
1469 3673 1726 3737 scientia,
1773 3664 1992 3724 etiamsi

412 3798 487 3851 sit
536 3796 705 3852 bona.
746 3797 807 3843 ut
836 3786 1044 3841 dictum
1090 3785 1195 3842 est,
1250 3783 1469 3845 natura.
1502 3764 1773 3823 Similiter
1809 3767 1990 3814 autem

410 3902 593 3958 neque
634 3882 865 3943 sanitas,
884 3888 1064 3942 neque
1084 3866 1313 3929 divitite,
1346 3875 1529 3930 neque
1568 3852 1781 3914 latitia,
1813 3862 1993 3958 neque

413 3940 605 4050 ξίοῖῑυ.
633 3974 822 4039 Neque
851 3940 1086 4019 enin—liis
1114 3957 1326 4011 utiliter
1354 3957 1608 4006 utuntur.
1643 3942 1797 4000 Unde
1818 3940 1953 3994 dicit
1978 3956 1991 3990 :

421 4033 445 4122 ID
484 4065 768 4136 lnsipienti
796 4074 907 4114 non
938 4053 1256 4111 conducunt
1293 4044 1508 4101 deliciae
1528 4042 1596 4095 ⁸⁸.
1632 4057 1651 4089 ι
1702 4033 1994 4090 Contraria

416 4167 583 4238 igitur
616 4160 700 4215 eis
724 4152 1008 4212 eveniunt.

948 4274 955 4279 '
1043 4258 1125 4314 E1
1157 4255 1383 4311 Isidoro.

488 4377 962 4454 Quemadmodum
997 4380 1176 4428 tutum
1202 4382 1315 4422 non
1346 4372 1431 4419 est
1461 4367 1523 4415 ut
1554 4372 1680 4414 cum
1738 4355 1860 4409 viro
1894 4366 1999 4421 pu-

2082 1884 2178 1936 καὶ
2229 1881 2516 1950 ἐφίστησιν
2564 1879 2712 1947 ἡμᾶς
2743 1873 3058 1944 προσέχειν,
3106 1872 3254 1934 ὅπως
3309 1868 3384 1938 μὴ
3412 1866 3493 1937 τῷ
3516 1865 3666 1936 αὐτῷ

2074 1974 2473 2043 ὑποπέσωμεν,
2502 1971 2699 2038 λέγων·
2738 1989 2756 2021 ι
2781 1968 2875 2041 Μὴ
2898 1964 3123 2035 σοφίζου
3153 1958 3411 2034 περισσὰ,
3438 1959 3513 2029 μή
3535 1974 3664 2011 ποτε

2083 2066 2359 2131 ἐκκλίνας,
2395 2062 2691 2135 ἀσεϐήσῃς.
2722 2079 2740 2113 ι

2156 2248 2320 2316 Λέγει
2348 2245 2407 2300 δὲ
2439 2244 2532 2299 καὶ
2560 2243 2691 2315 περὶ
2715 2240 2810 2296 τοῦ
2836 2238 3052 2294 ὀλίσθου
3081 2237 3175 2291 τοῦ
3204 2236 3342 2308 πρὸς
3366 2234 3665 2303 γυναῖκας’

2091 2362 2109 2395 ι
2139 2336 2312 2412 Εὗρον
2358 2338 2688 2408 πικρότερον
2721 2335 2862 2406 ὑπὲρ
2892 2332 2985 2387 τὸν
3013 2324 3246 2387 θάνατον
3279 2330 3380 2400 τὴν
3406 2329 3664 2397 γυναῖκα,

2084 2437 2208 2508 ἥτις
2237 2432 2356 2487 ἐστὶ
2386 2431 2643 2503 θήρευμα
2676 2426 2771 2482 καὶ
2814 2427 3028 2497 σαγήνη
3060 2423 3313 2494 καρδίας.
3358 2440 3377 2473 ι

2159 2527 2271 2583 Καὶ
2321 2526 2384 2579 τδ
2450 2524 2742 2593 ἀνέφικτον
2784 2520 2842 2573 δέ
2893 2521 2958 2590 τῇ
3000 2517 3319 2588 ἀνθρωπίνῃ
3363 2516 3525 2585 φύσει
3568 2514 3670 2583 τῆς

2086 2620 2196 2674 τῶν
2224 2618 2362 2673 ὅλων
2401 2613 2638 2686 ἀληθοῦς
2685 2611 3049 2682 καταλήψεως
3080 2609 3405 2679 παρίστησι,
3454 2605 3630 2672 λέγων
3650 2620 3665 2634 ·

2094 2713 2267 2767 «Ἴδον
2298 2710 2592 2779 σύμπαντα
2621 2707 2689 2759 τὰ
2714 2704 2998 2774 ποιήματα
3024 2700 3117 2755 τοῦ
3141 2699 3300 2763 Θεοῦ,
3326 2701 3408 2751 ὃτι
3430 2698 3491 2750 οὐ
3512 2697 3672 2766 δυνή-

2092 2819 2246 2856 σεται
2276 2799 2563 2870 ἄνθρωπος
2590 2797 2773 2867 εὑρεῖν
2820 2795 2918 2847 σὺν
2947 2793 3007 2847 τὸ
3039 2795 3249 2862 ποίημα
3277 2789 3339 2843 τὸ
3367 2788 3670 2858 πεποιημέ-

2091 2912 2180 2949 νον
2211 2893 2318 2947 ὐπὸ
2356 2893 2448 2945 τὸν
2484 2889 2658 2960 ἥλιον.
2689 2888 2834 2941 Ὀσα
2868 2885 2934 2939 ἂν
2971 2884 3223 2956 μοχθήσῃ
3254 2881 3541 2951 ἄνθρωπος
3571 2877 3669 2930 τοῦ

2060 2998 2067 3005 '
2092 2985 2349 3057 ζητῆσαι,
2365 2984 2457 3037 καὶ
2476 2982 2646 3052 οὺχεὺ
2655 2980 2830 3052 ρήσει.
2843 2978 3014 3032 »Ὀπε
3021 2993 3054 3049 ρ
3070 2973 3354 3046 νηστεύειν
3370 2971 3670 3044 προσῆκεν,

2093 3078 2209 3133 ἀλλ’
2227 3077 2327 3148 οὐχ
2356 3073 2657 3148 ἑορτάξειν.

2230 3369 2506 3439 Μαξίμου
2534 3370 2600 3422 ἐκ
2631 3366 2748 3422 τῶν
2783 3358 3146 3432 Ἀσκητικῶν
3171 3358 3537 3430 κεφαλαίων.

2166 3486 2322 3556 Καλὴ
2366 3486 2422 3538 δέ
2476 3486 2626 3537 ἐστιν
2680 3486 2714 3555 ἡ
2764 3477 3305 3549 ἀνάγνωσις-φύσει,
3356 3474 3546 3542 ὥσπερ
3578 3471 3674 3525 καὶ

2094 3579 2254 3645 ὑγεία
2276 3618 2291 3643 ,
2355 3578 2449 3630 καὶ
2498 3575 2758 3639 πλοῦτος,
2813 3573 2952 3630 ἀλλὰ
2979 3570 3238 3626 τάναντία
3261 3569 3391 3633 τοὺς
3421 3564 3672 3627 πολλοὺς,

2094 3673 2127 3744 ἢ
2181 3669 2410 3725 τοιαῦτα
2451 3669 2649 3740 ὤνησε.
2712 3670 2837 3731 Τοῖς
2872 3669 2983 3738 γὰρ
3026 3665 3253 3735 φαύλοις
3282 3663 3316 3732 ἡ
3342 3661 3542 3729 γνῶσις
3573 3656 3677 3709 οὐκ

2095 3766 2175 3825 εἰς
2205 3763 2368 3816 καλὸν
2403 3759 2712 3836 συμϐαίνει,
2750 3761 2799 3812 εί
2829 3758 2924 3812 καὶ
2955 3756 3141 3826 φύσει,
3176 3753 3252 3817 ὼς
3281 3753 3521 3823 εἴρηται,
3546 3748 3678 3809 ¹ἐστὶ⁵

2096 3855 2258 3925 καλὴ,
2294 3854 2442 3923 ὅμως
2468 3853 2547 3920 δὲ,
2580 3852 2702 3906 οὗτε
2735 3851 2916 3921 ὑγεία,
2948 3849 3073 3903 οὗτε
3099 3846 3347 3909 πλοῦτος.
3376 3843 3505 3897 ούτε
3532 3843 3679 3913 χαρὰ

2098 3950 2190 4000 καὶ
2224 3946 2372 4012 δόξα.
2434 3945 2508 3998 Οὐ
2550 3944 2657 4015 γὰρ
2703 3941 3092 4013 συμφερόντως
3120 3937 3329 3999 τούτοις
3356 3937 3675 4005 κέχρηνται.

2100 4039 2264 4093 Ὅθεν
2297 4037 2461 4107 φησίν
2482 4053 2495 4067 ·
2561 4056 2579 4086 ι
2617 4036 2692 4089 Οὐ
2728 4034 2996 4105 συμφέρει
3027 4032 3221 4102 ἄφρονι
3248 4028 3449 4098 τρυφή.
3478 4046 3495 4077 ι
3541 4028 3682 4092 Ἄρα

2099 4126 2192 4185 οὖν
2223 4128 2487 4183 τάναντία
2514 4127 2723 4190 τούτοις
2756 4124 3067 4196 συμϐαίνει.

2380 4236 2680 4306 ’Ῑσιδὼρου
2710 4237 2776 4290 ἐκ
2805 4235 2923 4290 τῶν
2947 4231 3412 4290 Ἀποστολικῶν.

2176 4353 2389 4423 Ὥσπερ
2434 4351 2491 4404 δὲ
2543 4351 2644 4403 οὐκ
2689 4349 2928 4417 ἀσφαλὲς
2975 4348 3113 4418 μετὰ
3148 4348 3389 4417 μαχίμου
3427 4345 3685 4413 διοδεύειν

422 4495 590 4553 gnaee
620 4478 726 4531 iter
759 4468 991 4526 faciatis
1017 4464 1110 4533 qui
1143 4455 1560 4515 caretmdibus;
1590 4449 1753 4520 370
1781 4447 1855 4500 ita
1887 4458 1984 4496 nor

2105 4444 2391 4513 ἀοίκητον,
2448 4441 2619 4503 οὕτως
2667 4443 2767 4494 ούιι
2808 4439 3031 4511 εὐχερὲς
3079 4441 3213 4511 πρὸς
3260 4439 3443 4509 ἀμαθῆ
3493 4437 3685 4506 λόγους

2193 4537 2216 4548 δ
2358 4552 2389 4553 κ
2455 4534 2623 4553 θίνΙῙ-γ
2646 4552 2649 4553 ν
2676 4551 2685 4553 ,
2710 4551 2719 4553 ,
2782 4536 2793 4553 1
2832 4533 2907 4553 ..ιγ
2959 4535 3017 4553 _-1
3044 4550 3060 4553 _
3102 4532 3242 4553 _.'_-_
3296 4531 3515 4553 9-.-.ᾼ.---
3547 4531 3647 4553 ---Α

421 4537 507 4624 cst
541 4566 699 4620 facile
751 4576 878 4615 eum
928 4555 1153 4610 indocto
1200 4562 1425 4603 movere
1456 4544 1628 4599 verba
1682 4537 1995 4595 doctrinm:

423 4661 515 4716 hic
552 4657 699 4711 enim
727 4644 988 4707 omnibus
1015 4645 1232 4701 viribus
1256 4650 1442 4695 utetur
1470 4645 1664 4715 contra
1708 4632 1889 4686 solum
1944 4636 2003 4681 et

378 4806 381 4811 .
423 4753 495 4809 ab
548 4747 809 4805 omnibus
836 4742 1117 4797 desertum
1144 4777 1158 4801 ,
1207 4737 1252 4791 si
1285 4733 1588 4805 quidquam
1633 4727 1681 4795 ei
1725 4726 2001 4794 ingratum

376 4894 385 4923 ι
425 4845 635 4901 dictum
660 4847 754 4895 aut
781 4837 986 4891 factum
1010 4831 1217 4895 fuerit;
1265 4828 1357 4882 ille
1389 4833 1576 4879 autem
1609 4830 1819 4873 temere
1878 4828 2005 4869 cum

376 4906 385 5007 ξ
426 4933 708 5005 imperitia
731 4930 853 5001 ejus
871 4925 1043 4980 verba
1068 4917 1435 4988 facit;omnia
1462 4913 1611 4969 enim
1647 4910 1818 4966 totius
1852 4906 2007 4961 orbis

425 4999 743 5082 testimonia
759 4999 981 5091 refugit,
1014 5030 1215 5084 nempe
1238 5021 1295 5066 et
1338 5020 1626 5065 sermones
1656 4999 2003 5074 pliilOSOpbi-

392 5112 395 5121 λ
426 5135 543 5183 cos,
585 5124 642 5172 et
670 5131 737 5171 ex
781 5113 987 5167 virtute
1022 5109 1292 5163 actiones.
1352 5100 1506 5157 Solet
1535 5096 1684 5153 enim
1715 5109 1909 5163 magna
1939 5107 2008 5146 ex

429 5219 586 5284 parte
624 5208 802 5264 audax
819 5220 941 5261 esse.
971 5211 1029 5256 et
1060 5201 1308 5257 animosa
1336 5188 1645 5264 ignorantia
1682 5188 1733 5256 (a
1759 5199 1868 5250 qua
1902 5199 2007 5238 nos

429 5299 656 5357 liberari
684 5290 1051 5361 Studeamus).

499 5466 546 5496 ⁷⁸
569 5463 732 5518 Prov.
764 5475 855 5522 xv,
887 5458 941 5513 5.
1014 5453 1060 5485 ’⁷⁷
1083 5448 1269 5522 Eccle.
1325 5462 1377 5503 ν.
1416 5442 1553 5522 με.

430 5536 474 5569 ⁸¹
504 5511 732 5593 Ec—cles.
752 5511 866 5585 {mi
897 5511 998 5578 ⁷17.
1074 5521 1118 5553 ⁸³
1144 5520 1303 5573 Prov.
1347 5531 1474 5579 xm,
1509 5511 1591 5565 16.

2101 4537 2320 4606 κινῆσαι
2350 4534 2688 4596 παιδεύσεως
2708 4551 2721 4564 ·
2773 4536 2800 4585 ὁ
2829 4533 2927 4602 μὲν
2958 4535 3065 4601 γὰρ
3097 4532 3246 4602 πάσῃ
3290 4531 3519 4601 δυνάμει
3546 4531 3685 4601 χρή-

2102 4645 2256 4681 σεται
2290 4629 2374 4681 ἐπ’
2396 4628 2610 4699 ἐρήμῳ,
2643 4625 2696 4678 εἴ
2721 4643 2772 4678 τι
2801 4626 2909 4678 τῶν
2943 4626 3042 4677 οὐκ
3069 4624 3218 4695 αύτῴ
3247 4624 3416 4693 φίλων
3442 4624 3683 4694 λεχθείη,

2101 4722 2134 4794 ἢ
2169 4720 2463 4789 πραχθείη·
2512 4721 2539 4771 ὁ
2568 4719 2625 4771 δὲ
2658 4719 2782 4787 είκῆ
2814 4719 2993 4771 πάντα
3019 4717 3167 4788 λέγει
3199 4719 3338 4789 πρὸς
3382 4717 3482 4785 τὴν
3523 4715 3688 4771 αὑτοῦ

2104 4817 2465 4870 ἀπαιδευσίαν
2493 4831 2504 4843 ·
2572 4815 2748 4867 πάντα
2778 4813 2890 4884 γὰρ
2927 4811 3165 4866 ἐκκλίνει
3208 4811 3309 4882 τῆς
3338 4811 3688 4881 οἰκουμένης,

2108 4911 2201 4963 καὶ¹
2251 4909 2443 4975 λόγους
2491 4907 2846 4975 φιλοσόφους,
2907 4906 3004 4958 καὶ
3051 4904 3302 4975 ἀνδρείας
3342 4903 3686 4973 φιλαρέτους.

2110 5000 2259 5054 Φιλεῖ
2285 5001 2391 5069 γὰρ
2411 5041 2424 5065 ,
2466 4999 2543 5061 ὡς
2570 4999 2639 5051 τὰ
2670 4998 2860 5060 πολλὰ,
2914 4996 3262 5066 ἀνδρίζεσθαι
3292 4997 3325 5068 ἡ
3355 4995 3545 5065 ἀλογία
3586 4989 3692 5065 (ἧς

2114 5092 2544 5163 ἐλευθερωθῆναι
2577 5092 2967 5161 σπουδάσωμεν
2985 5094 3023 5159 ).

1656 5438 2024 5501 "Eccle.vn,
2060 5438 2146 5502 te,
2204 5438 2286 5491 ιτ.
2387 5437 2431 5468 τθ
2464 5435 2595 5490 ibid.
2626 5442 2681 5488 et
2719 5433 2877 5487 Rom.
2907 5447 3001 5496 xu,
3045 5429 3098 5483 5.
3172 5426 3435 5483 "Eccle.
3488 5382 3697 5490 agar.

1716 5626 1954 5687 νΑῐιιΑς
1994 5622 2395 5683 LECTIONES.

507 5738 536 5808 9
565 5738 705 5807 πλην
734 5751 819 5805 γε.
894 5745 921 5773 ιι
956 5728 1280 5800 σοφίσασθαι
