4062 6142
415 245 519 312 687

1617 257 1677 316 S.
1716 257 2116 320 ANASTASII
2142 259 2483 323 'SINAITIE

3559 279 3675 345 BS8

491 381 510 414 ι
532 361 602 417 Et
627 369 779 429 sunt,
799 357 1001 431 inquit,
1026 362 1270 418 eunuchi
1290 364 1385 434 qui
1405 365 1631 421 castrati
1648 375 1777 421 sunt
1807 368 1875 422 ab
1898 369 1995 422 ho-

2136 459 2146 462 -
2176 389 2195 423 ι
2218 372 2330 462 Kal.
2355 374 2483 462 εἰσὶ,
2514 376 2701 446 φησιν,
2733 377 2995 450 εὐνοῦχοι,
3025 382 3075 435 οἳ
3104 382 3209 438 ὐπδ
3237 385 3345 440 τῶν
3372 387 3674 462 ἀνθρώπων

417 455 662 512 minibus
694 456 760 509 ".
804 454 1054 526 iNempe
1088 455 1185 525 qui
1210 457 1436 512 castrati
1466 467 1599 513 sunt
1645 458 1715 513 ab
1748 459 1993 514 homini-

414 548 521 604 bus
540 547 609 603 ad
637 562 798 602 usum
830 562 1019 618 regum
1058 555 1154 602 aut
1205 548 1539 618 principum.
1573 549 1806 617 Quidam
1845 553 1993 607 enim

412 641 635 699 barbari
659 655 817 711 reges
849 648 943 694 aut
973 639 1277 709 principes.
1310 650 1535 711 propter
1573 641 1898 714 zelotypiam
1937 652 1995 699 et

415 735 763 807 suspiciones
800 749 931 804 erga
961 748 1090 787 suas
1125 748 1345 798 uxores,
1384 750 1590 803 pueros
1620 736 1804 791 adhuc
1836 738 1992 793 valde

416 818 639 884 teneros
662 832 947 890 castraut;
983 832 1044 877 ut
1066 839 1193 878 cum
1228 823 1297 878 ad
1339 825 1562 880 virilem
1613 835 1829 882 aetatem
1867 845 1994 899 per-

414 920 689 984 venerint,
717 932 913 972 eorum
951 916 1079 972 lidei
1118 932 1246 985 suas
1268 917 1626 972 committant
1667 934 1885 973 uxores.
1926 920 1994 975 Et

415 1012 532 1066 haec
578 1011 745 1080 hujus
777 1008 1133 1064 castrationis
1186 1011 1342 1083 origo
1391 1009 1495 1064 fuit
1541 1019 1598 1064 et
1622 1026 1809 1087 causa.
1838 1011 1992 1068 Unde

413 1104 656 1159 arbitror
714 1102 857 1171 forte
911 1100 1178 1170 appellari
1238 1101 1528 1157 eunuchos
1595 1119 1661 1158 ex
1715 1119 1783 1158 eo
1842 1104 1991 1173 quod

402 1199 571 1253 bona:
588 1196 791 1251 mentis
805 1202 902 1250 aut
919 1194 1174 1267 benevoli
1198 1209 1317 1248 esse
1339 1195 1576 1263 possint.
1598 1195 1798 1249 ablatis
1820 1211 1992 1249 mem-

412 1289 551 1345 bris.

488 1401 507 1433 ι
540 1381 609 1435 Ει
642 1388 791 1440 sunt,
829 1377 1033 1443 inquit,
1092 1375 1338 1431 eunuchi
1378 1376 1472 1446 qui
1505 1392 1565 1432 se
1610 1386 1994 1433 castraverunt

412 1481 640 1544 propter
658 1485 888 1541 regnum
913 1468 1009 1523 Dei
1042 1468 1109 1521 ⁸⁷.
1147 1488 1170 1521 ἰ
1206 1467 1274 1521 Hi
1302 1477 1432 1522 sunt
1454 1468 1706 1538 praclari
1732 1467 1989 1538 apostoli,

409 1576 468 1619 et
494 1564 587 1635 qui
609 1563 872 1631 deinceps
892 1560 1117 1615 fuerunt
1144 1559 1386 1631 virgines
1412 1569 1469 1616 et
1498 1561 1754 1616 monachi
1783 1581 1795 1614 :
1827 1560 1993 1623 Joan-

406 1671 513 1713 nes
552 1653 775 1725 quidem
809 1661 867 1706 et
915 1650 1158 1707 Iacobus
1185 1649 1283 1704 lilii
1314 1650 1587 1715 Zebedaai,
1623 1652 1717 1722 qui
1770 1666 1990 1706 manse—

2096 459 2549 533 εὐνουχίσθησαν.
2577 483 2597 516 ι
2634 466 2697 519 Oi
2726 466 2835 538 γὰρ
2865 469 2969 522 ὐπὸ
3002 470 3112 524 τῶν
3145 473 3450 545 ἀνθρώπων
3475 459 3675 535 *εὐνου-

2095 550 2380 644 χισθέντες
2422 554 2586 609 ἕνεκα
2617 563 2867 628 χρήσεως
2899 560 3203 634 βασιλικῆς,
3248 566 3280 638 ἢ
3320 568 3672 644 άρχοντικῆς.

2095 641 2419 715 Βουλόμενοι
2445 648 2560 717 γάρ
2597 664 2743 713 τινες
2784 651 2894 706 τῶν
2927 651 3221 727 βαρϐάρων
3266 658 3528 727 βασιλεῖς,
3579 641 3676 718 καὶ

2094 737 2354 808 ἄρχοντες
2401 740 2732 813 ζηλοτυπίας
2759 748 2920 818 χάριν
2943 788 2958 811 ,
2993 751 3086 803 καὶ
3118 752 3371 818 ὑπονοίας
3404 755 3506 826 τῆς
3539 759 3675 830 πρὸς

2093 830 2192 893 τὰς
2227 832 2360 897 ἰδίας
2394 836 2661 905 γαμετὰς,
2691 839 2772 892 ἔτι
2809 841 3002 910 κομιδῆ
3040 843 3191 907 νέους
3218 846 3346 909 τοὺς
3367 849 3561 911 παῖδας
3591 849 3678 903 εὐο

2097 922 2430 992 νουχίζουσι,
2470 928 2608 999 πρὸς
2651 929 2713 982 τὸ
2751 931 3142 1004 άνὸρυνθέντας
3191 939 3543 994 πιστεύεσθαι
3573 940 3675 1007 τὰς

2093 1017 2363 1107 γαμετάς.
2404 1020 2714 1091 Καὶούτως
2761 1026 2820 1076 ὲν
2862 1025 2942 1097 τῷ
2997 1028 3188 1099 κόσμῳ
3219 1030 3445 1099 γέγονεν
3478 1035 3511 1104 ἡ
3543 1032 3671 1107 περὶ

2093 1106 2282 1161 τούτου
2327 1110 2494 1163 αιτία.
2530 1111 2694 1166 Ὅθεν
2747 1115 3003 1187 εὐνοῦχον
3065 1120 3548 1190 ἐτυμολογεῖσθαι,
3596 1106 3669 1190 ώς

2093 1192 2271 1266 οἶμαι,
2308 1200 2419 1254 ἀπὸ
2472 1201 2567 1256 τοῦ
2597 1204 2801 1260 εὐνοεῖν
2846 1207 3106 1265 δύνασθαι
3155 1214 3535 1285 ἀφῃρημένων
3563 1217 3671 1270 τῶν

2098 1289 2299 1359 μελῶν.
3210 1282 3217 1293 ἶ
3336 1282 3366 1285 Ἴ

2172 1400 2191 1433 ι
2232 1383 2343 1437 Καὶ
2390 1385 2531 1451 eici,
2590 1390 2743 1460 φησὶ,
2788 1389 3062 1461 εὐνοῦχοι,
3103 1393 3300 1458 οἵτινες
3352 1395 3671 1466 εὐνούχισαν

2095 1472 2328 1537 ἑαυτοὺς
2362 1476 2452 1531 διὰ
2487 1479 2584 1550 τὴν
2624 1479 2904 1549 βασιλείαν
2932 1482 3043 1536 τῶν
3075 1485 3346 1555 οὐρανῶν.
3381 1505 3400 1538 ι
3434 1481 3595 1540 Οὗτοι
3612 1489 3671 1542 δέ

2095 1565 2235 1620 εἰσιν
2254 1568 2305 1629 oi
2322 1572 2559 1636 γενναῖοι
2589 1572 2898 1638 ἀπόστολοι,
2920 1576 3012 1628 καὶ
3040 1575 3089 1627 οἱ
3119 1576 3356 1646 καθεξῆς
3383 1579 3665 1647 παρθένοι,

2094 1657 2191 1711 καὶ
2233 1660 2580 1728 μονάζοντες.
2631 1664 2884 1737 Ἰωάννης
2939 1666 3040 1736 μὲν
3092 1667 3223 1739 γάρ,
3254 1670 3354 1723 ’καὶ
3388 1669 3665 1735 Ίάκωῦος.

411 1754 543 1801 runt
576 1744 631 1799 in
664 1740 1004 1813 virginitate,
1033 1749 1090 1794 et
1119 1754 1300 1808 neque
1319 1739 1389 1793 ab
1412 1739 1732 1795 hominibus
1749 1753 1877 1793 sunt
1900 1756 1991 1795 ca-

2099 1750 2200 1803 υίοὶ
2232 1751 2520 1806 Ζεϐεδαίου
2561 1755 2845 1823 μείναντες
2892 1759 2950 1812 ἐν
2980 1761 3046 1830 τῇ
3081 1750 3369 1833 παρθενίᾳ,
3393 1764 3490 1816 καὶ
3530 1765 3667 1834 μήτε

412 1835 591 1897 strati,
621 1849 802 1909 neque
851 1831 1136 1903 conjuncti
1185 1830 1567 1895 matrimonio,
1591 1831 1689 1886 sed
1721 1831 1992 1886 adversus

412 1942 634 1985 carnem
666 1924 904 1979 mirabili
933 1931 1158 1993 peracto
1188 1921 1515 1987 certamine,
1560 1921 1728 1993 hujus
1778 1930 1991 1976 castra-

413 2020 585 2077 tiouis
614 2019 846 2089 gloriam
877 2026 936 2072 et
983 2030 1247 2071 coronam
1290 2015 1626 2069 retulerunt.
1689 2014 1819 2067 Post
1853 2014 1991 2067 istos

413 2120 550 2184 quot
582 2111 753 2166 millia
782 2110 837 2164 in
863 2108 1072 2176 mundo
1094 2107 1459 2165 monasticam
1484 2106 1654 2160 vitam
1679 2106 1916 2176 agentia,
1936 2110 1994 2159 et

412 2191 788 2276 virginitatem
809 2199 1146 2263 exercentia,
1180 2200 1431 2255 eamdem
1471 2206 1811 2267 acceperunt
1849 2211 1994 2250 mer-

412 2297 603 2354 cedem
631 2297 645 2349 l
676 2293 770 2364 qui
797 2292 1022 2363 quidem
1048 2307 1176 2347 cum
1207 2290 1502 2345 mulierum
1531 2287 1857 2357 corporibus
1882 2301 1993 2339 non

413 2397 545 2446 sunt
573 2385 873 2449 commisti,
908 2384 1006 2439 sed
1048 2384 1103 2438 in
1130 2382 1538 2454 perfectissimo
1568 2380 1870 2435 certamine
1893 2378 1991 2432 de-

413 2489 722 2544 certarunt,
767 2479 914 2533 sicut
946 2476 1098 2533 Eiias
1148 2482 1208 2530 et
1249 2474 1443 2532 Daniel
1498 2474 1553 2528 in
1607 2470 1783 2527 veteri
1827 2479 1994 2526 testa-

412 2581 626 2633 mento.
655 2579 713 2626 et
736 2570 831 2626 alii
861 2568 1043 2625 multi.

484 2664 591 2720 Sed
625 2662 914 2719 sciendum
945 2669 1030 2716 est
1065 2659 1238 2730 quod,
1298 2668 1499 2730 preter
1545 2656 1817 2712 nefarium
1864 2669 1993 2725 pes-

392 2758 568 2814 sima:
596 2754 953 2811 castrationis
982 2753 1170 2809 scelus
1221 2766 1336 2822 quo
1368 2766 1428 2807 se
1478 2750 1837 2819 obstringunt
1884 2755 1993 2801 tam

413 2848 511 2919 qui
564 2853 809 2911 castrant
835 2860 1004 2915 quam
1053 2843 1150 2914 qui
1194 2850 1508 2898 castrantur
1539 2839 1756 2907 miseri,
1787 2838 1992 2893 nullam

415 2938 663 2996 habituri
703 2937 816 2991 sint
858 2935 1174 2991 mercedem
1203 2942 1300 2990 aut
1327 2933 1583 3005 gratiam,
1631 2946 1701 2987 eo
1744 2930 1892 3002 quod
1924 2928 1995 2985 ab

415 3045 523 3089 usu
566 3042 809 3084 venereo
831 3027 1181 3093 abstineant;
1241 3027 1376 3096 quin
1415 3025 1577 3080 ambo
1615 3037 1787 3079 unum
1815 3021 1994 3077 idem-

416 3137 526 3194 que
558 3120 831 3193 judicium
862 3119 1150 3182 subibunt,
1178 3118 1269 3172 ille
1288 3116 1536 3187 quidem,
1560 3122 1625 3169 ut
1639 3113 1734 3185 qui
1754 3114 1996 3183 seipsum

418 3216 622 3270 damno
654 3210 945 3266 an‘ecerit:
976 3209 1089 3274 hic,
1123 3197 1367 3278 M372
1398 3206 1494 3277 qui
1515 3206 1827 3276 proximum
1867 3219 1995 3259 cor-

417 3303 930 3375 ruperit;suntque
981 3300 1156 3355 divini
1189 3299 1377 3369 operis
1427 3307 1485 3352 et
1517 3312 1632 3352 sua:
1662 3297 1859 3351 animae
1898 3296 1988 3351 in-

417 3397 728 3452 sidiatores.
788 3392 1103 3459 Quinetiam
1150 3391 1277 3446 talis
1336 3391 1632 3445 eunuchus
1692 3390 1997 3444 vehemen-

420 3486 563 3541 tiore
604 3483 857 3540 libidinis
900 3491 1039 3538 aestu
1097 3482 1557 3548 inﬂammabitur,
1612 3490 1671 3536 et
1718 3492 1998 3552 praeterea

416 3586 703 3634 evertetur
735 3584 935 3630 natura
977 3581 1035 3631 et
1073 3583 1282 3630 mente.
1316 3575 1453 3629 Nam
1493 3573 1726 3645 Sapiens
1775 3589 1999 3644 quoque

411 3671 629 3745 judicat
682 3670 845 3726 talem
875 3683 906 3723 a
942 3666 1132 3739 pravis
1180 3664 1477 3722 desideriis
1534 3681 1647 3720 non
1696 3665 1995 3731 abstinere,

417 3764 515 3820 sed
545 3779 657 3819 non
687 3776 850 3833 posse
885 3758 954 3815 ad
986 3773 1106 3814 rem
1139 3757 1419 3827 conferre.
1443 3756 1588 3814 Dicit
1608 3757 1758 3812 enim
1785 3775 1799 3811 :
1833 3776 1850 3807 ι
1884 3755 1997 3811 Cu-

417 3858 624 3928 piditas
678 3852 923 3911 eunuchi
980 3851 1337 3922 devirginans
1373 3849 1841 3905 adolescentulam
1863 3890 1877 3914 ,
1913 3857 2000 3903 est

419 3950 569 4005 sicut
591 3948 735 4002 bona
764 3946 942 4001 aliusa
970 3944 1054 3999 ori
1084 3944 1295 4008 clauso,
1324 3949 1421 3997 aut
1446 3957 1575 3998 esca
1609 3942 1860 4012 apposita
1907 3956 1999 3996 se-

422 4037 640 4106 pulcro,
700 4043 797 4089 aut
819 4033 1012 4089 libatio
1039 4032 1183 4093 facta
1209 4031 1377 4087 idolo.
1413 4030 1603 4100 Neque
1634 4031 1782 4085 enim
1810 4045 1998 4085 come-

409 4129 522 4190 dit,
577 4141 756 4196 neque
803 4125 1105 4192 odoratur;
1169 4122 1253 4177 sic
1310 4122 1604 4179 eunuchus
1659 4122 2000 4192 amplectens

418 4218 711 4290 virginem,
739 4220 795 4272 et
819 4217 1106 4288 suspirans
1137 4214 1204 4269 ⁸⁸.
1235 4233 1256 4269 ι
1289 4213 1549 4270 Salomon
1580 4223 1788 4281 autem,
1815 4230 1997 4286 repn-

379 4376 382 4380 ,
424 4325 584 4366 mens
612 4324 810 4366 eorum
845 4308 1269 4380 turpitudinem,
1301 4308 1440 4364 dicit
1472 4325 1486 4363 :
1534 4327 1553 4360 ι
1590 4305 1791 4363 Beatus
1822 4322 2002 4361 eunu-

2095 1840 2187 1893 ὐπ’
2216 1841 2521 1914 ἀνθρώπων
2561 1846 3020 1917 εὐνουχισθέντες,
3057 1853 3199 1923 μήτε
3234 1853 3340 1925 μὴν
3374 1854 3671 1923 συναφθένο

2091 1949 2186 1996 τες
2236 1936 2424 2007 γάμῳ,
2469 1938 2606 1994 ἀλλὰ
2650 1943 2789 1995 κατὰ
2834 1943 2935 2013 τῆς
2986 1945 3189 2016 σαρκὸς
3239 1947 3665 2018 ἀγωνισάμενοι.

2094 2023 2414 2094 θαυμασίως
2440 2031 2500 2081 τὸ
2530 2029 2682 2094 κλέος
2713 2032 2814 2101 τῆς
2845 2034 3131 2105 εὐνουχίας
3163 2036 3391 2107 ταύτης,
3434 2040 3530 2091 καὶ
3561 2038 3669 2092 τῶν

2095 2118 2377 2185 στεφάνων
2415 2120 2815 2192 ἐπηνέγκαντο.
2850 2126 2986 2180 Μετ’
3013 2127 3213 2192 αὐτοὺς
3241 2129 3299 2183 δὲ
3327 2129 3440 2182 ὅσοι
3472 2133 3669 2202 μυριά-

2092 2205 2200 2260 δων
2253 2209 2312 2261 ὲν
2361 2210 2438 2281 τῷ
2471 2212 2662 2283 κόσμῳ
2694 2214 3144 2284 παρθενεύοντες,
3186 2220 3283 2271 καὶ
3318 2218 3667 2288 μονάζοντες,

2092 2298 2186 2352 τὸν
2222 2300 2386 2354 αὐτὸν
2421 2303 2612 2372 μισθὸν
2652 2306 3064 2378 ἐκληρώσαντο·
3095 2310 3294 2374 οἵτινες
3327 2310 3545 2382 σώμασι
3574 2330 3670 2382 γυ·

2094 2392 2298 2443 ναικᾶν
2334 2393 2434 2446 οὐκ
2464 2394 2757 2464 ἐμίγησαν,
2789 2397 2903 2451 ἀλλ’
2924 2398 3166 2470 ἦθλησαν
3203 2401 3379 2470 ἀγῶνι
3402 2402 3673 2457 τελειοτάη

2093 2495 2191 2550 τῳ,
2225 2479 2302 2543 ὼς
2335 2483 2429 2535 καὶ
2451 2485 2479 2537 ό
2515 2485 2722 2552 Ἠλίας,
2766 2488 2863 2542 καὶ
2902 2491 3104 2562 Δανιὴλ
3134 2494 3192 2543 ὲν
3214 2494 3281 2562 τῇ
3312 2491 3541 2563 παλαιᾷ,
3575 2495 3671 2547 καὶ

2093 2569 2244 2623 ἄλλοι
2273 2572 2480 2629 πολλοί.

2134 2692 2142 2696 -
2165 2663 2311 2734 Πλὴν
2348 2666 2431 2718 δτι
2474 2667 2570 2721 καὶ
2598 2669 2658 2721 τὸ
2687 2670 2944 2742 ἀθέμιτον
2971 2674 3069 2745 τῆς
3096 2676 3367 2749 κακίστης
3387 2680 3669 2753 εὐνουχίας

2096 2755 2423 2824 ἐργάζονται
2478 2761 2529 2812 oi
2567 2761 2938 2835 ταλαίπωροι,
2993 2769 3087 2821 καὶ¹
3129 2769 3321 2824 οὐδένα
3377 2772 3573 2843 μισθὸν
3635 2776 3668 2845 ἢ

2097 2848 2257 2917 χάριν
2310 2847 2518 2918 ἔχουσι,
2562 2851 2651 2905 διὰ
2695 2855 2795 2925 τὴν
2850 2858 3064 2928 ἀποχὴν
3098 2860 3199 2930 τῆς
3229 2862 3500 2936 τοσαύτης
3535 2869 3672 2937 χρή-

2098 2954 2256 3003 σεως
2291 2940 2363 2995 ἓν·
2401 2942 2459 2996 δὲ
2502 2945 2596 2998 καὶ
2632 2945 2693 2999 τὸ
2726 2947 2859 3000 αὐτὸ
2895 2951 3247 3022 κριθήσονται
3291 2955 3615 3028 ἀμφότεροι,
3644 2962 3673 3013 ό

2102 3029 2221 3099 μὲν,
2256 3030 2331 3097 ὼς
2374 3033 2587 3087 ἑαυτὸν
2612 3035 3025 3109 λυμαινόμενος·
3053 3045 3084 3097 ό
3117 3043 3177 3096 δὲ
3208 3045 3283 3108 ὡς
3322 3046 3412 3100 τὸν
3446 3051 3675 3118 πλησίον

2098 3119 2450 3213 διαφθείρων.
2490 3127 2793 3184 Ἐπίόουλοι
2826 3131 2935 3201 γὰρ
2966 3132 3069 3204 τῆς
3105 3135 3199 3189 τοῦ
3233 3137 3369 3191 Θεοῦ
3411 3140 3673 3213 δημιουρ-

2097 3212 2242 3281 γίας,
2274 3215 2369 3269 καὶ
2399 3217 2499 3288 τῆς
2543 3219 2741 3292 ἑαυτῆς
2778 3221 3413 3303 ψυχῆςάπεδείχθησαν,
3457 3212 3676 3287 Ἐπιθυ-

2100 3306 2203 3379 μίᾳ
2230 3307 2288 3360 δὲ
2316 3312 2681 3384 περισσοτέρᾳ
2715 3316 2743 3367 ὁ
2768 3316 3008 3380 τοιοῦτος
3047 3320 3422 3389 ἐνεχθήσεται,
3454 3325 3548 3377 καὶ
3576 3324 3675 3396 τὴν

2098 3401 2282 3469 φύσιν,
2314 3401 2411 3455 καὶ
2442 3403 2542 3475 τὴν
2579 3404 2829 3476 γνώμην,
2875 3409 3011 3479 πρὸς
3048 3405 3271 3476 τούτοις
3305 3414 3678 3489 παρατραπῆ-

2100 3507 2274 3549 σεται.
2303 3490 2414 3547 Καὶ
2447 3494 2556 3567 γὰρ
2585 3496 2780 3565 ἄγεται
2820 3500 2971 3571 παρὰ
3016 3501 3094 3572 τῷ
3139 3504 3322 3575 Σοτρῷ,
3347 3508 3449 3561 οὐκ
3476 3511 3679 3579 ἀπεχό-

2102 3600 2262 3654 μενος
2287 3585 2388 3655 τῆς
2412 3587 2731 3658 ἐπιθυμίας,
2773 3592 2909 3646 ἀλλὰ
2952 3595 3029 3665 μὴ
3056 3595 3358 3667 δυνάμενος
3388 3602 3557 3673 αὐτὴν
3583 3605 3678 3658 ὲκ·-

2098 3675 2333 3731 τελέσαι.
2374 3679 2512 3750 Φησὶ
2554 3680 2687 3753 γάρ’
2730 3701 2748 3734 ι
2799 3684 3099 3757 Ἐπιθυμίσ,
3144 3690 3403 3761 εὐνούχου
3429 3693 3679 3763 ἀποπαρ-

2100 3767 2334 3822 θενῶσαι
2363 3771 2602 3835 νεάνιδα,
2635 3774 2729 3839 καὶ
2760 3776 2952 3849 ὥσπερ
2990 3780 3170 3848 ἀγαθὰ
3199 3784 3546 3856 ὲκκεχυμένα
3582 3789 3679 3842 ἐπὶ

2101 3860 2332 3931 στόματι
2368 3864 2766 3938 κεκλεισμένῳ,
2791 3868 2823 3939 ἢ
2849 3869 3123 3941 ἐδέσματα
3157 3872 3464 3945 βρωμάτων
3496 3895 3678 3949 παραο

2100 3950 2332 4047 κείμενα
2365 3955 2475 4047 Δἐπὶ
2517 3958 2694 4029 τάφῳ,
2723 3959 2755 4029 ἢ
2793 3964 3083 4033 κάρπωσις
3117 3967 3320 4040 εἰδώλῳ
3344 3987 3359 4002 ι
3394 3971 3517 4026 οὒτε
3567 3976 3678 4047 γὰρ

2099 4041 2298 4136 εδεται,
2330 4042 2454 4099 οὗτε
2496 4047 2850 4119 ὀσφραίνεται
2871 4070 2885 4084 ο
2915 4055 3086 4121 οὕτως
3122 4059 3377 4131 εὐνοῦχος
3405 4041 3680 4136 περιλαμί-

2101 4133 2281 4226 θάνων
2334 4137 2631 4208 παρθένον,
2677 4144 2772 4196 καὶ
2806 4146 3098 4211 στενάζων.
3157 4169 3178 4203 ι
3231 4152 3288 4205 Ὀ
3315 4152 3370 4207 δὲ
3402 4133 3673 4226 Σολομῶν,

2102 4225 2442 4281 ἀναστέλλων
2468 4230 2649 4285 αὐτῶν
2678 4233 2781 4304 τὴν
2819 4239 3212 4309 αίσχρουργίαν
3238 4245 3392 4312 φησί·
3433 4265 3452 4299 ι
3482 4249 3678 4303 Μακά-

2104 4332 2228 4411 ριος-
2248 4319 2525 4411 εὐνοῦχος,
2550 4324 2580 4376 ὁ
2620 4324 2694 4397 μὴ
2725 4326 3101 4400 ἐργασάμενος
3124 4333 3196 4386 ἐν
3220 4337 3365 4406 χειρὶ
3396 4339 3677 4411 άνόμημα,

418 4403 559 4458 chus
589 4401 685 4477 qui
717 4416 831 4455 non
870 4409 1136 4472 operatur
1170 4399 1229 4455 in
1258 4414 1427 4454 manu
1451 4398 1659 4466 scelus,
1689 4414 1871 4469 neque
1900 4415 1995 4454 co-

2107 4406 2243 4475 μηδὲ
2273 4409 2603 4482 ἐνθυμηθεὶς
2652 4398 2795 4472 κατά
2824 4418 2916 4472 τοῦ
2941 4398 3150 4494 Κυρίου
3180 4398 3414 4496 πονηρά.
3448 4447 3468 4480 ι
3491 4398 3681 4501 ὶισίῥάζ

418 4496 557 4567 gitat
598 4494 741 4549 mala
767 4493 1034 4555 adversus
1064 4492 1361 4548 Dominum
1380 4491 1449 4546 ".
1486 4510 1507 4545 ι
1537 4491 1733 4562 iniqua
1782 4507 1916 4562 ergo
1942 4502 1998 4549 et

420 4585 760 4641 daemonium
811 4593 899 4638 est
947 4581 1222 4654 ejusmodi
1254 4581 1508 4652 operatio
1538 4591 1596 4636 et
1631 4584 1997 4650 consuetudo,

419 4686 478 4731 et
506 4677 624 4745 lege
647 4674 743 4730 Dei
772 4674 1093 4744 rejicienda,
1112 4681 1182 4730 et
1200 4672 1253 4729 ei
1292 4673 1523 4728 adversa
1572 4689 1586 4726 :
1644 4672 1818 4742 legem
1848 4675 1999 4730 enim

422 4771 608 4823 ferens
659 4767 879 4822 dicebat
914 4758 1229 4822 Dominus:
1269 4787 1288 4817 ι
1327 4765 1448 4821 Non
1490 4767 1739 4832 intrabit,
1790 4768 1883 4836 qui
1917 4776 2004 4824 est

364 4854 375 4933 ί
421 4859 613 4912 fractis
646 4858 941 4922 testiculis,
972 4865 1071 4912 aut
1100 4857 1195 4928 qui
1227 4865 1314 4914 est
1340 4858 1580 4921 excisus,
1602 4858 1655 4911 in
1686 4857 2000 4925 ecclesiam,

422 4950 489 5004 ad
522 4951 743 5004 tertiam
778 4958 872 5005 aut
897 4957 1151 5020 quartam
1183 4949 1598 5021 generationem
1628 4950 1698 5016 κς
1734 4969 1753 5002 ι
1781 4958 1838 5005 et
1865 4951 2004 5007 dans

420 5051 758 5112 praeceptum
794 5041 863 5096 de
896 5041 1186 5098 sacriﬁciis
1212 5041 1351 5098 dicit
1387 5059 1402 5096 :
1435 5060 1453 5094 ι
1486 5042 1625 5096 Eum
1668 5043 1757 5096 cui
1784 5044 2003 5100 contusi

422 5142 553 5191 sunt
587 5135 850 5198 testiculi,
884 5142 981 5191 aut
1007 5134 1101 5205 qui
1133 5142 1220 5189 est
1265 5139 1544 5199 exsectus,
1571 5135 1637 5189 ad
1671 5135 1841 5190 altare
1887 5152 1998 5192 non

421 5227 712 5281 adducetis
756 5227 1012 5291 Domino,
1073 5225 1335 5298 quoniam
1369 5225 1451 5281 eis
1479 5224 1624 5281 inest
1653 5229 1903 5292 macula,
1945 5238 2002 5283 et

421 5332 535 5373 non
566 5318 892 5374 admittetur
921 5320 991 5372 οι.
1031 5337 1050 5370 ι

492 5456 542 5493 ⁸⁸
636 5457 828 5521 Matth.
854 5473 970 5521 xix,
1002 5458 1089 5512 12.
1181 5458 1225 5489 ⁸⁷
1254 5457 1393 5512 ibid.

422 5524 469 5556 "
499 5523 679 5580 Lavit.
714 5542 840 5592 xm,
860 5527 950 5583 26.

1499 5460 1545 5491 ⁸⁸
1574 5459 1741 5515 Εροίί.
1800 5481 1890 5532 ιιι,
1923 5467 1995 5535 2;
2030 5485 2151 5537 xxx,
2206 5473 2294 5538 18,
2329 5475 2415 5541 l9,
2464 5477 2555 5533 21.

2106 4515 2272 4570 νομος
2320 4504 2523 4567 τοίνυν,
2556 4507 2651 4561 καὶ
2680 4508 3043 4583 δαιμονιώδης
3084 4516 3121 4584 ἠη
3150 4516 3376 4588 τοιαύτη
3422 4519 3679 4591 ἐργασία,

2098 4592 2203 4645 ,καὶ
2239 4595 2552 4664 νομοθεσία,
2599 4602 2696 4655 καὶ
2749 4601 2830 4672 τῷ
2880 4604 3031 4675 νόμῳ
3063 4605 3156 4660 τοῦ
3187 4607 3323 4661 Θεοῦ
3352 4611 3683 4682 ἀπόϐλητος.

2109 4684 2203 4736 καὶ
2232 4685 2528 4752 ἀντίθετος.
2564 4693 2673 4744 Καὶ
2701 4694 2812 4764 γὰρ
2843 4696 3150 4768 νομοθετῶν
3186 4703 3217 4754 ὁ
3263 4700 3419 4768 Θεὸς,
3464 4705 3682 4773 ἐλεγενο

2114 4779 2277 4866 «λυύκ
2316 4781 2684 4838 εἰσελεύσεται
2714 4785 2938 4851 θλασίας
2967 4790 3064 4845 καὶ
3091 4792 3545 4866 ἀποκεκομμένος
3603 4801 3688 4864 είς

2107 4863 2255 4921 οἷκον
2280 4882 2307 4912 ι
2337 4873 2687 4942 [inpiam-tn!
2731 4878 2942 4950 τρίτην,
2983 4884 3079 4936 καὶ
3117 4863 3617 4959 τετάρτην-γενεάν.

2108 4960 2222 5013 Καὶ
2255 4962 2417 5016 πάλιν
2452 4965 2581 5035 περὶ
2612 4967 2813 5023 θυσιῶν
2852 4972 3251 5045 ἐντελλόμενος,
3285 4979 3454 5050 φησι·
3491 5000 3511 5033 ι
3547 4982 3686 5036 Θλα-

2112 5051 2253 5145 σ-ίαν,
2291 5057 2383 5110 καὶ
2426 5058 2689 5129 ὲκτομίαν
2731 5065 2812 5126 είς
2861 5065 3250 5142 θυσιαστήριον
3287 5073 3352 5126 οὐ
3383 5075 3686 5145 προσάξετε

2110 5143 2322 5218 Κυρίῳ,
2352 5147 2437 5201 ὃτι
2476 5149 2666 5221 μῶμος
2717 5155 2775 5205 ἐν
2820 5156 3024 5225 αὐτοῖς,
3057 5160 3152 5214 καὶ
3181 5161 3245 5216 οὐ
3272 5143 3683 5236 δεχθῆσονται.»

2653 5479 2698 5514 ⁸⁸
2723 5481 2849 5551 Sap.
2877 5498 2956 5547 ιιι,
2981 5482 3063 5539 Η.
3174 5486 3219 5517 ’⁸
3250 5485 3407 5544 Deut.
3441 5500 3590 5552 nm,
3630 5485 3685 5543 l.

1723 5603 1958 5661 VARUE
1985 5607 2387 5668 LECTIONES.

498 5692 529 5723 ι
552 5685 868 5751 ἐκκλησίαν.
