4062 6142
2439 190 2442 192 ~
2465 182 2519 201 μσς

345 293 445 356 (ἷξε
1534 307 1595 366 5.
1635 305 1972 366 ΑΝΑΞΤΛΒ
1985 306 2034 363 il
2078 308 2404 369 ΞῙΝΑΙΤίΕ
3503 309 3612 374 692

339 408 468 470 bos.
503 411 634 468 licet
667 412 746 466 illi
790 413 1165 484 princidantur
1181 431 1412 481 cornua,
1445 431 1557 470 non
1586 396 1930 472 tanien-sub-

2038 420 2154 472 Κᾶν
2176 431 2199 459 ε
2227 420 2337 491 γὰρ
2363 423 2392 474 ὁ
2411 419 2735 492 κερατιστὴς
2767 418 2894 490 βοῦς
2913 419 3255 492 ἀποτμηθεὶς
3281 420 3348 474 τά
3375 423 3612 494 κέρατα,

341 503 474 558 latis
532 506 802 562 cornibus
862 523 1047 578 equus
1093 507 1348 574 edicitur,
1381 509 1480 564 sed
1519 509 1704 564 adhuc
1746 517 1931 564 manet

2038 513 2153 583 οὐχὶ
2172 515 2239 584 τῇ
2255 513 2545 584 ἀφαιρέσει
2561 512 2668 566 τῶν
2688 513 2934 581 κεράτων
2952 512 3122 578 ἵππος
3141 513 3380 582 ἐγένετο,
3399 514 3516 568 ἀλλ’
3529 515 3615 572 ἔτι

345 595 472 657 bos.
507 600 764 668 quamvis
792 601 1062 656 cornibus
1093 611 1314 668 careat;
1341 603 1416 656 ita
1447 611 1506 656 et
1527 617 1646 658 mas
1671 601 1936 656 abseissis

343 691 682 758 genitalibus
702 691 982 756 munibus,
1012 707 1077 747 ea
1115 702 1300 748 tamen
1335 693 1683 748 mutilatione
1703 709 1815 746 non
1847 700 1935 748 est

344 785 527 838 factus
555 785 756 838 mulier
777 825 792 850 ,
829 785 923 842 sed
961 786 1144 840 adhuc
1170 795 1368 840 natura
1391 803 1489 842 sua
1531 802 1647 840 mas
1668 795 1751 840 est
1781 787 1933 860 (licet

345 877 596 946 partibus
633 879 744 934 illis
787 882 1020 944 careat),
1051 889 1109 934 et
1151 879 1428 937 obnoxius
1470 879 1760 950 cupiditati
1799 895 1934 934 con-

341 971 649 1038 junctionis
671 987 940 1027 venerem.
973 973 1332 1042 Quapropter
1367 973 1683 1028 vehementi
1720 972 1932 1026 insania

344 1063 610 1132 abreptus
636 1063 703 1118 ad
739 1079 1092 1132 congressum
1137 1064 1270 1127 ruit,
1300 1072 1357 1118 et
1389 1065 1642 1133 quamvis
1669 1079 1734 1120 ea
1778 1072 1931 1133 parte

345 1171 453 1222 qua
512 1155 728 1211 misera:
759 1158 1036 1212 violentus
1084 1157 1355 1212 incumbit
1387 1153 1507 1212 eam
1543 1173 1654 1210 non
1684 1171 1930 1211 corrum-

343 1254 458 1315 pat,
497 1247 612 1317 ipse
638 1257 818 1303 tamen
841 1266 905 1304 ac
935 1250 978 1304 si
999 1249 1331 1318 corruperit,
1361 1249 1435 1302 ita
1452 1248 1676 1303 sceleris
1697 1247 1934 1318 imagine

345 1338 580 1395 affectus
610 1349 714 1396 est.
770 1342 901 1396 Eam
937 1358 1069 1396 vero
1103 1341 1172 1396 ad
1209 1351 1498 1412 peccatum
1545 1340 1932 1394 vehementius

347 1429 596 1490 irritans.
636 1439 811 1486 totum
849 1433 1072 1501 quidem
1123 1437 1435 1504 corrumpit
1487 1433 1757 1498 animum,
1809 1448 1932 1487 cor-

345 1537 559 1592 pusque
583 1525 650 1577 ad
670 1526 1046 1593 corruptionis
1075 1527 1259 1580 a‘ctum
1283 1521 1642 1580 vehementer
1665 1525 1930 1580 incendit.

347 1615 503 1685 Stepe
537 1617 702 1670 etiam
725 1617 989 1672 dentibus
1019 1620 1173 1673 carni
1223 1619 1556 1674 concubitus
1585 1618 1790 1681 inﬁxis,
1839 1619 1932 1672 ra-'

345 1707 494 1762 hiem
534 1724 642 1778 qua
689 1708 914 1773 ardent,
944 1709 1224 1763 morsibus
1258 1709 1633 1763 manifestam.
1663 1706 1932 1773 Quocirca

345 1799 620 1855 abscissos
649 1817 679 1854 a
715 1801 1076 1870 temperantia
1100 1800 1325 1855 laudare
1347 1817 1456 1854 non
1479 1800 1770 1854 convenit:
1801 1799 1932 1870 quia

343 1907 523 1961 neque
541 1907 736 1960 equos,
767 1891 914 1961 quod
943 1891 1206 1946 cornibus
1238 1907 1346 1944 non
1383 1890 1582 1944 feriant
1618 1889 1931 1954 laudamus,

344 1981 442 2038 sed
471 1985 516 2039 si
553 1985 802 2038 calcibus
829 1986 1104 2039 neminem
1132 1983 1296 2055 374.
1322 1983 1611 2054 impctant,
1651 1991 1784 2036 tunc
1811 1982 1932 2052 ιθυτ

342 2077 574 2142 damus;
611 2077 783 2130 boves
809 2092 943 2132 vero
972 2092 1080 2130 non
1111 2085 1444 2146 cornupetas
1487 2073 1934 2129 mansuetudinis

342 2171 518 2238 gratia
553 2170 904 2240 suscipimus.
939 2170 1056 2224 Non
1090 2169 1237 2223 enim
1263 2185 1376 2238 quo
1412 2169 1648 2238 quisque
1691 2181 1799 2222 non
1835 2181 1934 2236 po-

342 2272 470 2324 test,
504 2263 598 2317 scd
635 2279 764 2332 quo.
801 2277 926 2315 eum
965 2263 1160 2331 possit,
1198 2278 1306 2314 non
1348 2260 1416 2314 ad
1442 2260 1700 2332 iniuriam
1728 2259 1926 2322 utitur,

343 2331 699 2410 admirationi
752 2354 1007 2409 habetur.
1045 2353 1385 2408 Exscindaut
1412 2331 1581 2422 igitur
1620 2351 1713 2404 isti
1763 2351 1931 2405 etiam

342 2448 557 2510 oculos,
596 2447 862 2517 linguam,
887 2461 1100 2502 manus.
1139 2445 1328 2515 pedes,
1363 2453 1420 2497 et
1450 2457 1614 2497 aures
1645 2442 1928 2519 obturem,

341 2556 412 2596 ne
439 2540 570 2610 quid
618 2540 816 2594 horum
859 2541 952 2594 liat
992 2538 1203 2608 peccati
1241 2537 1702 2600 instrumentum,
1727 2531 1929 2589 secun-

342 2633 474 2688 dum
504 2634 738 2688 istorum
764 2631 1255 2688 existimationem.

617 2825 1177 2932 QUIERTIO
1255 2826 1645 2914 LXVII.

346 2955 618 3024 Quonzodo
649 2957 718 3011 sit
756 2955 1158 3025 intelligendum
1193 2954 1328 3008 illud
1363 2971 1432 3025 τι
1469 2953 1646 3025 Videte
1680 2968 1745 3006 ne
1775 2968 1929 3006 serm-

607 3026 847 3082 dulizetis
880 3023 1046 3080 unum
1076 3043 1140 3079 ea:
1167 3027 1244 3079 his
1269 3024 1473 3096 pusillis
1499 3026 1544 3055 "3
1565 3023 1592 3076 ?
1621 3044 1638 3074 ι

806 3140 1187 3196 RESPONSIO
1218 3139 1482 3206 BASILH.

418 3235 770 3291 Scandalizat
817 3234 944 3306 quis
1002 3235 1196 3294 alium,
1253 3233 1702 3302 quandocumque
1768 3230 1935 3286 dictis

345 3329 574 3385 faetisve
603 3329 782 3399 legem
814 3327 1006 3388 vioiat,
1043 3333 1100 3380 et
1123 3325 1376 3394 exemplo
1409 3339 1512 3377 sun
1543 3323 1711 3377 alium
1745 3323 1812 3377 ad
1857 3323 1935 3377 le—

346 3423 429 3489 gis
460 3420 822 3475 violationem
863 3418 1076 3473 inducit
1104 3435 1117 3470 :
1153 3426 1215 3472 ut
1245 3432 1474 3486 serpens
1513 3417 1706 3479 Evam,
1739 3424 1796 3472 ct
1822 3415 1934 3470 Eva

343 3512 639 3577 Adamum,
672 3512 758 3566 vel
785 3493 1010 3581 quando
1050 3509 1305 3579 prohibet
1337 3509 1563 3578 exsequi
1596 3508 1935 3562 voluntatem

346 3606 474 3672 Dei;
511 3613 572 3659 ut
612 3605 810 3658 Petrus
844 3603 1170 3665 Dominmn,
1203 3601 1423 3672 quando
1463 3601 1602 3654 dixit
1642 3617 1654 3654 :
1686 3621 1704 3652 ι
1739 3600 1934 3670 Propi-

347 3698 459 3752 tius
505 3707 626 3752 esto
672 3697 794 3760 tibi,
831 3695 1085 3760 Domine,
1125 3711 1234 3748 non
1281 3693 1391 3748 erit
1419 3692 1526 3748 hoc
1559 3692 1736 3747 tibi“.
1771 3711 1792 3744 ι
1831 3693 1934 3748 Cui

346 3800 462 3844 tum
495 3791 704 3844 dictum
739 3799 862 3845 est:
898 3807 916 3840 ι
960 3787 1109 3844 Vade
1140 3795 1268 3856 post
1297 3801 1404 3850 me,
1441 3784 1662 3849 Satana,
1699 3787 1934 3841 scanda-

346 3883 461 3936 lum
496 3898 555 3936 es
587 3881 744 3945 mihi,
767 3881 896 3950 quia
928 3895 1036 3934 non
1062 3879 1211 3949 sapis
1239 3893 1304 3932 ea
1345 3892 1465 3947 quae
1501 3877 1596 3931 Dei
1638 3886 1788 3942 sunt,
1837 3879 1933 3934 sed

346 3989 470 4042 quae
525 3973 810 4026 hominum
829 3972 897 4026 9‘.
931 3991 949 4024 ι
991 3970 1084 4026 Vel
1138 3970 1362 4040 quando
1407 3969 1640 4024 aediﬁcat
1687 3969 1934 4025 animum

347 4065 612 4121 imbecilli
645 4065 710 4119 ad
741 4063 948 4134 aliquid
981 4079 1176 4119 eorum
1199 4079 1322 4134 quae
1349 4062 1519 4118 vetita
1548 4070 1705 4128 sunt;
1734 4077 1937 4117 conve-

345 4158 567 4212 nienter
602 4157 677 4212 illi
724 4157 872 4228 quod
927 4157 1192 4227 scriptum
1237 4165 1323 4212 est
1370 4155 1440 4210 ab
1471 4155 1736 4225 Apostolo
1769 4173 1782 4208 :
1821 4176 1841 4204 ι
1875 4153 1933 4210 Si

345 4249 470 4318 quis
497 4247 704 4303 viderit
735 4255 808 4312 te,
859 4247 955 4318 qui
996 4247 1171 4304 habes
1204 4246 1517 4314 scientiam,
1565 4246 1620 4299 in
1649 4244 1824 4314 idolio
1849 4261 1937 4300 re-

347 4343 724 4406 cumbentem,
754 4359 938 4398 nonne
961 4343 1305 4399 conscientia
1335 4344 1478 4414 ejus,
1510 4355 1636 4394 cum
1673 4339 1746 4394 sit
1778 4337 1934 4393 infir-

346 4451 455 4494 ma.
477 4435 845 4490 :edilieabitur
874 4435 942 4490 ad
975 4435 1421 4490 manducandum
1451 4431 1758 4503 idolothyta
1779 4431 1869 4484 "‘2
1909 4451 1928 4482 ι

345 4529 562 4596 Quibus
601 4545 728 4582 mox
770 4529 1061 4598 adjungit:
1099 4546 1118 4578 ι
1160 4526 1510 4596 Quapropter
1535 4524 1581 4580 si
1611 4538 1932 4580 escascan-

347 4621 549 4674 dalitat
579 4619 802 4672 fratrem
847 4635 1066 4682 meum,
1121 4634 1230 4672 non
1271 4617 1618 4672 manducabo
1648 4631 1842 4671 carnes
1875 4615 1932 4670 in

345 4719 637 4767 aztcrnun,
669 4723 738 4762 ne
780 4707 1005 4764 fratrem
1039 4704 1691 4761 meumscandalizem".
1730 4723 1748 4756 ι

418 4799 608 4854 Oritur
639 4807 822 4854 autem
857 4798 1178 4854 scandalum
1213 4797 1472 4868 pluribus
1499 4812 1568 4852 ex
1597 4796 1800 4852 causis.
1830 4795 1930 4852 Vel

347 4891 497 4946 enim
524 4892 594 4945 ab
627 4905 695 4944 eo
729 4891 822 4960 qui
861 4890 1198 4946 scandalizat
1227 4888 1548 4944 scandalum
1578 4887 1846 4952 nascitur,
1877 4895 1934 4943 et

347 4983 456 5036 hoc
487 4981 657 5036 variis
684 4981 880 5038 modis.
926 4981 1015 5036 Fit
1057 4981 1205 5036 enim
1245 4977 1544 5049 aliquando
1582 4993 1649 5033 ex
1697 4977 1931 5044 malitia,

347 5065 645 5142 aliquando
675 5087 742 5125 ex
767 5069 1040 5141 imperitia
1083 5069 1250 5140 hujus
1280 5069 1366 5122 vel
1401 5066 1572 5121 illius.
1622 5065 1720 5120 llle
1755 5066 1929 5120 .etiam

348 5165 442 5234 qui
492 5163 942 5230 scandalizatur,
974 5161 1198 5233 quando
1244 5175 1433 5215 veram
1483 5169 1540 5214 et
1567 5158 1928 5214 orthodoxam

349 5257 656 5312 doctrinam
683 5257 914 5328 proponi
949 5257 1120 5318 videt,
1142 5253 1368 5310 malitiae
1394 5267 1507 5306 sua:
1537 5251 1930 5306 abundantiam

348 5349 637 5404 evidenter
680 5349 1016 5405 manifestat.
1072 5347 1224 5402 idem
1270 5343 1543 5414 contingit
1596 5345 1654 5399 in
1715 5343 1930 5398 rebus:

347 5442 435 5497 vel
463 5443 609 5496 enim
637 5457 761 5497 cum
805 5441 1069 5498 mandata
1103 5439 1200 5494 Dei
1233 5451 1444 5505 servas,
1471 5446 1568 5491 aut
1601 5436 1690 5492 bis
1723 5453 1846 5506 qua:
1873 5435 1931 5490 in

351 5626 399 5661 ,τ
752 5575 906 5627 3W".
936 5557 1009 5624 δῖ
1061 5557 1224 5612 Marc.
1281 5572 1356 5623 ιιι,
1395 5555 1496 5623 ιι;
1535 5554 1671 5612 Luc.
1711 5572 1841 5622 xm,
1867 5555 1922 5610 2.

2033 600 2161 675 βοῦς
2183 597 2320 671 ἐστι,
2355 605 2461 660 κᾶν
2493 605 2567 676 μὴ
2594 603 2696 677 ἔχῃ
2727 607 2796 658 τά
2823 605 3053 677 κέραταυ
3090 603 3234 659 οὕτω
3263 606 3354 659 καὶ
3379 609 3408 660 ό
3433 605 3613 679 ἄρσην

2033 694 2451 764 ἀποκζψὰμενος
2466 695 2535 749 τὰ
2553 697 2720 766 μορία
2736 698 2934 761 πάντα,
2953 696 3016 749 οὐ
3034 698 3101 766 τῇ
3117 695 3405 766 ἀφαιρέσει
3419 697 3611 765 γέγονε

2031 790 2192 858 γυνὴ,
2218 788 2332 842 ἀλλ’
2361 787 2446 842 ἔτι
2480 788 2655 860 ἄρσην
2686 789 2804 842 ἐστὶ
2834 791 2902 860 τῇ
2937 788 3119 856 φύσει,
3149 789 3256 842 κᾶν
3292 788 3370 858 μὴ
3401 788 3500 860 ἔχῃ
3541 789 3613 844 τὰ

2037 882 2220 952 μόρια,
2262 881 2354 934 καὶ
2406 885 2472 952 τῇ
2522 880 2790 952 ἐπιθυμία
2819 881 2915 934 τοῦ
2959 881 3164 945 πάθους
3189 879 3610 950 δεδουλωμένος.

2033 974 2198 1026 Ὅθεν
2242 974 2348 1026 ὑπὸ
2373 975 2611 1044 σφοδρᾶς
2647 974 2842 1046 μανίας
2871 973 3187 1044 ἑλκόμενος,
3215 975 3310 1026 καὶ
3346 975 3485 1046 πρὸς
3513 974 3614 1046 τὴν

2035 1065 2358 1136 συμπλοκὴν
2383 1065 2592 1135 ὁρμῶν,
2621 1064 2726 1124 κᾶν
2759 1065 2834 1136 μὴ
2862 1065 3060 1136 φθείρῃ
3093 1065 3173 1136 τῷ
3202 1064 3357 1135 μέρει
3391 1065 3610 1137 ἐκείνῳ,

2033 1159 2092 1210 ὲν
2122 1149 2165 1224 ᾧ
2197 1155 2556 1226 παρθενοχλεῖ
2587 1159 2653 1225 τῇ
2714 1155 3070 1226 ταλαιπώρῳ,
3097 1157 3266 1225 ὅμως,
3291 1156 3456 1219 αὐτὸς
3512 1157 3612 1226 μὲν

2033 1251 2108 1314 ὡς
2141 1249 2368 1320 φθείρας
2392 1289 2406 1313 ,
2441 1251 2541 1322 τὴν
2577 1249 2873 1318 ἐπιθυμίαν
2905 1249 3080 1313 οὕτως
3117 1249 3224 1303 ὑπὸ
3258 1248 3360 1318 τῆς
3404 1263 3612 1318 φαντα-

2035 1343 2158 1404 σίας
2200 1341 2492 1407 διάκειται,
2533 1341 2633 1410 τὴν
2661 1339 2720 1394 δὲ
2758 1340 2896 1412 πρός
2927 1341 3024 1412 τὴν
3045 1341 3323 1411 ἁμαρτίαν
3353 1342 3611 1412 πικρότε-

2037 1451 2128 1502 ρον
2160 1431 2443 1503 ἐρεθίζων,
2488 1431 2698 1502 φθείρει
2741 1432 2842 1502 μὲν
2869 1431 2990 1486 ὃ).ον
3019 1433 3110 1485 τὸν
3145 1432 3288 1492 νοῦν,
3311 1433 3372 1484 τὺ
3414 1432 3470 1485 δὲ
3503 1432 3614 1484 σῶ-

2037 1544 2114 1594 μα
2149 1527 2288 1596 πρὸς
2330 1527 2432 1596 τὴν
2472 1526 2575 1596 τῆς
2636 1527 2842 1596 φθορᾶς
2871 1525 3144 1596 ἑξοιστροί
3170 1525 3388 1596 πρᾶξιν.
3419 1525 3512 1578 Διὸ
3549 1525 3614 1597 δὴ

2036 1617 2128 1670 καὶ
2173 1619 2288 1681 τοῖς
2325 1615 2509 1671 ὀδοῦσι
2535 1615 2820 1682 πολλάκις,
2851 1615 2927 1680 ὡς
2974 1617 3041 1686 τῇ
3079 1617 3245 1687 σαρκὶ
3272 1619 3372 1685 τῆς
3413 1615 3613 1687 μίξεως

2035 1711 2134 1783 τήν
2167 1711 2373 1765 λύσσαν
2399 1715 2512 1772 τοῖς
2535 1709 2811 1781 δήγμασιν
2843 1709 3052 1780 ἀγρίως
3081 1709 3461 1783 ἐμφαίνοντες.
3492 1708 3614 1762 Tol-

2039 1782 2134 1856 νυν
2186 1788 2320 1874 μηδὲ
2361 1804 2452 1856 ἐπὶ
2483 1802 2810 1874 σωφροσύνῃ
2837 1800 3180 1855 ἐπαινεῖσθαι
3199 1782 3469 1871 προσῄκει
3487 1801 3613 1864 τοὺς

2037 1895 2522 1964 ἀποκοπτομὲνους
2545 1895 2615 1949 τὰ
2649 1896 2834 1966 μόρια·
2859 1894 2980 1948 οὐδὲ
3009 1893 3118 1966 γὰρ
3139 1894 3268 1958 τοὺς
3287 1893 3509 1957 ἵππους,
3537 1892 3612 1954 ὡς

2039 1985 2118 2056 μὴ
2165 1985 2556 2057 κερατίζοντας
2611 1984 2977 2056 ἐπαινοῦμεν,
3031 1984 3172 2048 ἀλλ’,
3211 1985 3259 2037 εί
3309 1983 3382 2054 μὴ
3428 1981 3611 2036 λακτί-

2036 2080 2242 2146 ζουσιν,
2269 2079 2630 2148 ὲπαινέσομεν
2653 2093 2666 2107 ’
2689 2079 2814 2141 τοὺς
2841 2077 2898 2131 δὲ
2935 2077 3064 2148 βόας
3097 2076 3173 2147 μὴ
3204 2073 3613 2147 κερατίζοντας,

2033 2173 2134 2242 τῆς
2162 2171 2503 2244 ἡμερότητος
2545 2171 2940 2240 ἀποδεξόμεθα.
2977 2171 3050 2224 Οὐ
3091 2169 3201 2239 τὰρ
3237 2169 3299 2220 ὲν
3335 2160 3380 2234 ᾧ
3423 2165 3498 2238 μὴ
3523 2165 3616 2218 δύο

2033 2283 2215 2329 ναται,
2250 2263 2366 2316 ἀλλ’
2396 2265 2453 2318 ὲν
2480 2257 2524 2333 ᾧ
2560 2263 2880 2334 δυνάμενος,
2912 2263 3014 2316 οὐκ
3047 2263 3127 2324 είς
3164 2259 3382 2314 ἀδικίαν
3413 2258 3618 2329 κεχρῆο

2036 2357 2184 2424 σθαι,
2210 2349 2539 2412 ἐπαινεῖται.
2577 2357 3005 2426 Ἐκκοψὰτωσαν
3031 2351 3126 2409 οὖν
3153 2355 3244 2408 καὶ
3268 2357 3395 2416 τοὺς
3415 2351 3616 2421 ὀφθαλ-

2037 2451 2192 2518 μοὺς,
2221 2451 2315 2500 καὶ
2365 2449 2464 2517 τὴν
2495 2448 2748 2516 γλῶσσαν
2773 2487 2788 2510 ,
2826 2447 3014 2518 χεῖράς
3043 2463 3126 2508 τε,
3160 2445 3255 2498 καὶ
3308 2443 3497 2510 πόδας,
3521 2441 3617 2496 καὶ

2033 2541 2132 2611 τὴν
2161 2541 2328 2610 ἀκοὴν
2354 2540 2798 2603 ἐπιϐυσάτωσαν,
2831 2539 2918 2592 ἵνα
2951 2538 3125 2610 μηδὲν
3154 2536 3358 2591 τούτων
3383 2537 3618 2606 ὄργανον

2032 2631 2306 2704 ἁμαρτίας
2345 2633 2594 2704 γένηται,
2633 2629 2776 2685 κατά
2805 2629 2904 2702 τὴν
2943 2629 3124 2685 αὐτῶν
3155 2629 3438 2685 ὑπόνοιαν.

2275 2853 2290 2858 “
2417 2843 2950 2931 ΕΡΩΤΗΣΙΣ
3014 2833 3199 2930 ΞΖύ

3014 2901 3088 2930 Η

2031 2961 2166 3030 Πῶς
2211 2960 2468 3032 Μητέρα·
2513 2963 2584 3032 τῷ
2604 2977 2618 2992 ο
2657 2979 2676 3012 ι
2743 2961 2941 3030 Ὁρᾶτε
2965 3002 2981 3024 ,
3029 2961 3113 3029 μὴ
3155 2958 3614 3028 mem-6111mm"

2373 3032 2480 3087 ἕνα
2509 3031 2629 3085 τῶν
2660 3032 2899 3102 μικρῶν
2939 3032 3211 3098 rogitem;
3247 3049 3269 3082 ι

2428 3145 2803 3202 ΑιιοκΡιΣιΣ
2835 3144 3226 3198 ΒΑΣιΑΕιυΥ.
3548 3207 3554 3212 ς

2113 3239 2470 3304 Σκανδαλίζει
2501 3243 2598 3311 μέν
2619 3257 2706 3304 τις
2729 3239 3065 3311 παρανομῶν
3089 3236 3260 3307 λόγῳ,
3281 3235 3314 3307 ἢ
3335 3233 3499 3306 ἔργῳ,
3521 3235 3620 3288 καὶ

2041 3336 2230 3406 ἓτερον
2277 3334 2416 3405 πρὶς
2463 3332 2697 3403 ἀνομίαν
2727 3333 2962 3399 ὲνάγων,
3006 3330 3083 3394 ὡς
3113 3333 3142 3384 ὁ
3173 3329 3297 3398 ὄφις
3323 3328 3422 3397 τὴν
3450 3325 3618 3389 Εὔαν,

2041 3425 2137 3477 καὶ
2165 3426 2198 3495 ὴ
2231 3423 2346 3478 Εὕα
2370 3423 2462 3476 τὸν
2495 3422 2688 3492 Ἀδὰμ,
2722 3421 2756 3492 ἢ
2789 3419 3016 3475 κωλύων
3050 3423 3276 3491 ποιῆσαι
3303 3419 3366 3472 τὸ
3401 3417 3621 3488 θέλημα

2041 3515 2136 3570 τοῦ
2168 3513 2328 3582 Θεοῦ,
2352 3514 2428 3577 ὡς
2456 3514 2486 3568 ὁ
2518 3515 2724 3584 Πέτρος
2759 3513 2850 3566 τὸν
2880 3511 3106 3584 Κύριον,
3137 3511 3308 3564 εἰπών
3330 3525 3342 3540 ·
3375 3528 3396 3562 ι
3431 3511 3622 3574 Ἵλεώς

2045 3627 2148 3673 σοι,
2187 3607 2486 3680 Κύριε,“οὺ
2535 3605 2612 3676 μὴ
2656 3604 2810 3658 ἔσται
2849 3620 2936 3658 σοι
2971 3603 3152 3657 τοῦτο.
3195 3621 3234 3655 ι.
3260 3601 3368 3655 Καὶ
3405 3600 3622 3660 ἀκούει,

2050 3723 2068 3754 ι
2082 3703 2297 3770 Ὕπαγε
2323 3699 2498 3752 ὀπίσω
2524 3715 2624 3768 μου
2649 3697 2882 3758 Σατανᾶ,
2905 3693 3199 3749 σκάνδαλόν
3235 3710 3338 3763 μου
3361 3687 3432 3746 εἳ·
3455 3691 3536 3746 ὅτι
3557 3692 3619 3746 οἰ

2042 3795 2260 3864 φρονεῖς
2293 3789 2364 3845 τά
2389 3789 2482 3844 τοῦ
2512 3787 2670 3855 θεοῦ,
2707 3787 2846 3840 ἀλλά
2875 3787 2943 3840 τὰ
2977 3787 3087 3839 τῶν
3128 3783 3448 3856 ἀνθρώπων.
3491 3801 3512 3836 ι
3547 3785 3622 3837 Ἣ

2041 3883 2342 3953 οἰκοδομῶν
2373 3883 2436 3936 τὸ
2468 3881 2724 3953 φρόνημα
2748 3878 2844 3933 τοῦ
2892 3877 3274 3942 ἀσθενοῦντος,
3304 3872 3387 3940 ἐῖς
3426 3893 3481 3930 τι
3513 3876 3624 3930 τῶν

2043 3971 2533 4044 ἀπηγορευμένων,
2565 3969 2640 4032 ὡς
2676 3969 2846 4039 φησιν
2865 3969 2896 4020 ό
2931 3965 3278 4028 ’Δπόστολοςο
3309 3983 3330 4016 ι
3379 3963 3508 4018 Ἐἀν
3534 3979 3620 4026 τις

2045 4066 2128 4137 ιδῃ
2157 4082 2216 4118 σε
2239 4063 2332 4118 τὸν
2362 4063 2556 4133 ἔχοντα
2587 4059 2787 4130 γνῶσιν
2821 4059 2880 4112 ἐν
2910 4056 3164 4127 εἰδωλείῳ
3199 4055 3618 4126 κατακείμενον.

2043 4159 2165 4229 οὐχὶ
2184 4159 2218 4228 ἡ
2247 4154 2556 4225 συνείδησις
2573 4147 2748 4209 ,αὐτοῦ
2787 4148 3050 4212 ἀσθενοῦς
3077 4148 3230 4212 ὄντος
3254 4145 3615 4216 οίκοδομηθήο

2045 4266 2202 4304 σεται
2231 4249 2311 4312 είς
2337 4246 2401 4301 τὸ
2437 4245 2507 4298 τὰ
2533 4241 2862 4298 εἰδωλόθυτα
2900 4239 3102 4294 ἐσθίειν
3125 4256 3143 4306 ;
3169 4258 3189 4292 ι
3242 4239 3333 4292 Ἐν
3361 4231 3442 4301 οἷς
3480 4236 3588 4290 ὲπά

2042 4359 2171 4410 γει·
2209 4360 2228 4392 ι
2267 4338 2486 4408 Διόπερ,
2517 4337 2566 4390 εί
2591 4333 2798 4406 βρῶμα
2847 4329 3194 4400 σκανδαλίζει
3238 4329 3331 4384 τὸν
3391 4327 3625 4394 ἀδελφόν

2047 4453 2170 4506 μου,
2199 4435 2264 4487 οὐ
2295 4433 2370 4504 μὴ
2417 4431 2576 4501 φάγω
2612 4429 2752 4500 κρέα
2782 4427 2876 4490 ,εἰς
2908 4424 2999 4481 τὸν
3049 4423 3245 4486 αἰῶνα,
3287 4423 3376 4477 ἵνα
3419 4419 3498 4493 μὴ
3527 4419 3624 4474 τὸν

2041 4524 2268 4595 ἀδελφόν
2305 4541 2406 4592 μου
2432 4519 2790 4576 σκανδαλίσω.
2830 4539 2850 4572 ι
3527 4545 3531 4549 -

2111 4788 2328 4843 Γίνεται
2358 4787 2415 4841 δὲ
2447 4784 2510 4839 τὸ
2541 4783 2836 4838 σκάνδαλον
2867 4781 3007 4837 κατά
3035 4781 3286 4843 πλείονας
3315 4777 3511 4842 αἰτίας.
3548 4777 3619 4830 ’Ἡ

2039 4883 2148 4952 γὰρ
2175 4881 2323 4952 παρὰ
2349 4879 2443 4932 τὸν
2475 4877 2898 4940 σκανδαλίζοντα
2917 4865 2978 4928 ct
3003 4870 3447 4937 σκανδαλίζεσθαι
3479 4887 3618 4938 συμ-

2041 4976 2240 5038 ϐαίνει,
2263 4974 2358 5028 καὶ
2383 4975 2441 5027 ὲν
2465 4973 2676 5035 τούτοις
2704 4971 2868 5025 πάλιν
2893 4971 3190 5040 διαφόρως.
3223 4967 3359 5021 Ποτὲ
3385 4965 3484 5036 μὲν
3508 4963 3620 5032 γὰρ

2039 5068 2182 5122 κατὰ
2215 5063 2449 5126 κακίαν,
2497 5063 2629 5116 ποτε
2673 5061 2730 5114 δὲ
2766 5059 2910 5114 κατά
2956 5058 3236 5130 ἀπειρίαν,
3267 5056 3302 5127 ἢ
3341 5055 3552 5110 τούτου.
3581 5053 3621 5124 ἢ

2039 5157 2272 5212 ἐκείνου.
2305 5155 2466 5208 Ἔστι
2493 5153 2537 5206 δ’
2567 5153 2657 5207 ὅτε
2704 5154 2761 5206 ὲν
2799 5153 2864 5222 τῇ
2895 5149 3190 5221 ὀρθοτομίᾳ
3233 5147 3329 5200 τοῦ
3369 5145 3552 5214 λόγου,
3584 5145 3622 5214 ἡ

2039 5248 2150 5302 τῶν
2191 5244 2700 5315 ’σκανδαλιζομένων
2725 5285 2741 5310 ,
2783 5242 2952 5296 κακία
3006 5240 3335 5312 ἐκδηλοτὲρα
3385 5237 3618 5309 γίνεται.

2041 5343 2153 5396 Καὶ
2191 5342 2248 5393 ἐν
2286 5341 2399 5402 τοῖς
2449 5337 2740 5408 πράγμασι
2790 5335 2834 5389 δ’
2864 5333 3096 5404 ὁμοίως·
3151 5331 3184 5402 ἦ
3237 5332 3346 5401 γὰρ
3398 5325 3620 5396 ἐντολὴν

2042 5433 2180 5488 Θειῦ
2216 5431 2531 5496 ποιοῦντος,
2575 5429 2609 5500 ἢ
2661 5431 2774 5490 τοῖς
2827 5427 2886 5480 ὲν
2937 5425 3156 5496 ἐξουσίᾳ
3203 5422 3477 5493 κειμένοις
3531 5419 3618 5472 ἐπ’

2025 5553 2072 5587 ’³
2103 5553 2290 5610 Matth.
2333 5569 2444 5621 va,
2491 5551 2584 5607 2‘2.
2659 5551 2705 5584 "
2739 5547 2878 5604 ibid.
2913 5546 3006 5604 2'5.
3071 5545 3117 5579 ”
3146 5543 3167 5602 Ι
3193 5543 3322 5602 Cor.
3360 5555 3478 5607 vui,
3531 5538 3619 5596 i0.

1661 5697 1893 5751 νειμ-ιζ
1939 5693 2338 5748 LVIIT-UNiCS.

435 5785 577 5847 τὼν
