  <div class='ocr_page' id='page_1' title='image "/cluster/home/n/w/nwhite01/storage/ocr_20150623/89/mdp.39015008868328/371.png"; bbox 0 0 4062 6142; ppageno 0'>
   <div class='ocr_carea' id='block_1_1' title="bbox 1539 255 2412 337">
    <p class='ocr_par' dir='ltr' id='par_1_1' title="bbox 1539 255 2412 337">
     <span class='ocr_line' id='line_1_1' title="bbox 1539 255 2412 337; baseline 0.015 -23"><span class='ocrx_word' id='word_1_1' title='bbox 1539 255 1600 316; x_wconf 87' lang='lat' dir='ltr'><strong>s.</strong></span> <span class='ocrx_word' id='word_1_2' title='bbox 1639 257 2040 337; x_wconf 75' lang='lat' dir='ltr'><strong>ANASTASII</strong></span> <span class='ocrx_word' id='word_1_3' title='bbox 2083 263 2412 331; x_wconf 66' lang='lat' dir='ltr'><strong>SINAIT/E</strong></span> 
     </span>
    </p>
   </div>
   <div class='ocr_carea' id='block_1_2' title="bbox 3498 283 3603 355">
    <p class='ocr_par' dir='ltr' id='par_1_2' title="bbox 3498 283 3603 355">
     <span class='ocr_line' id='line_1_2' title="bbox 3498 283 3603 355; baseline 0 0"><span class='ocrx_word' id='word_1_4' title='bbox 3498 283 3603 355; x_wconf 65' lang='grc'><strong>696</strong></span> 
     </span>
    </p>
   </div>
   <div class='ocr_carea' id='block_1_3' title="bbox 336 354 1914 458">
    <p class='ocr_par' dir='ltr' id='par_1_3' title="bbox 336 354 1914 433">
     <span class='ocr_line' id='line_1_3' title="bbox 336 354 1914 433; baseline 0.011 -26"><span class='ocrx_word' id='word_1_5' title='bbox 336 367 423 410; x_wconf 83' lang='lat' dir='ltr'><strong>tes</strong></span> <span class='ocrx_word' id='word_1_6' title='bbox 470 357 525 411; x_wconf 89' lang='lat' dir='ltr'><strong>in</strong></span> <span class='ocrx_word' id='word_1_7' title='bbox 572 354 736 412; x_wconf 88' lang='lat' dir='ltr'><strong>nobis</strong></span> <span class='ocrx_word' id='word_1_8' title='bbox 772 355 926 426; x_wconf 89' lang='lat' dir='ltr'><strong>ipsis,</strong></span> <span class='ocrx_word' id='word_1_9' title='bbox 962 358 1061 415; x_wconf 86' lang='lat' dir='ltr'><strong>sed</strong></span> <span class='ocrx_word' id='word_1_10' title='bbox 1109 359 1164 413; x_wconf 90' lang='lat' dir='ltr'><strong>in</strong></span> <span class='ocrx_word' id='word_1_11' title='bbox 1214 361 1349 427; x_wconf 86' lang='lat' dir='ltr'><strong>Deo,</strong></span> <span class='ocrx_word' id='word_1_12' title='bbox 1377 363 1473 433; x_wconf 89' lang='lat' dir='ltr'><strong>qui</strong></span> <span class='ocrx_word' id='word_1_13' title='bbox 1518 367 1723 421; x_wconf 76' lang='lat' dir='ltr'><strong>excitat</strong></span> <span class='ocrx_word' id='word_1_14' title='bbox 1777 385 1914 423; x_wconf 89' lang='lat' dir='ltr'><strong>mor-</strong></span> 
     </span>
    </p>
   </div>
   <div class='ocr_carea' id='block_1_4' title="bbox 2018 354 3617 458">
    <p class='ocr_par' dir='ltr' id='par_1_4' title="bbox 2027 354 3617 458">
     <span class='ocr_line' id='line_1_4' title="bbox 2027 354 3617 458; baseline 0.016 -32"><span class='ocrx_word' id='word_1_15' title='bbox 2027 391 2226 444; x_wconf 65' lang='lat' dir='ltr'><strong>mpev,</strong></span> <span class='ocrx_word' id='word_1_16' title='bbox 2265 378 2353 431; x_wconf 77' lang='grc' dir='ltr'>ἵνα</span> <span class='ocrx_word' id='word_1_17' title='bbox 2390 378 2465 449; x_wconf 83' lang='grc' dir='ltr'>μὴ</span> <span class='ocrx_word' id='word_1_18' title='bbox 2510 380 2835 446; x_wconf 81' lang='grc' dir='ltr'>πεποιθότες</span> <span class='ocrx_word' id='word_1_19' title='bbox 2883 378 3034 454; x_wconf 80' lang='grc' dir='ltr'>ὦμεν</span> <span class='ocrx_word' id='word_1_20' title='bbox 3081 387 3169 457; x_wconf 79' lang='grc' dir='ltr'><strong>ἐφ’</strong></span> <span class='ocrx_word' id='word_1_21' title='bbox 3217 391 3452 458; x_wconf 75' lang='grc' dir='ltr'>ἑαυτοῖς,</span> <span class='ocrx_word' id='word_1_22' title='bbox 3494 398 3617 452; x_wconf 77' lang='grc' dir='ltr'>ἀλλ’·</span> 
     </span>
    </p>
   </div>
   <div class='ocr_carea' id='block_1_5' title="bbox 334 444 1919 525">
    <p class='ocr_par' dir='ltr' id='par_1_5' title="bbox 334 444 1919 525">
     <span class='ocr_line' id='line_1_5' title="bbox 334 444 1919 525; baseline 0.009 -27"><span class='ocrx_word' id='word_1_23' title='bbox 334 444 547 500; x_wconf 81' lang='lat' dir='ltr'><strong>tuos”.</strong></span> <span class='ocrx_word' id='word_1_24' title='bbox 587 464 606 495; x_wconf 77' lang='grc' dir='ltr'><strong>ι</strong></span> <span class='ocrx_word' id='word_1_25' title='bbox 671 446 789 501; x_wconf 85' lang='lat' dir='ltr'><strong>Tali</strong></span> <span class='ocrx_word' id='word_1_26' title='bbox 848 450 1137 518; x_wconf 88' lang='lat' dir='ltr'><strong>proposito</strong></span> <span class='ocrx_word' id='word_1_27' title='bbox 1195 460 1252 505; x_wconf 85' lang='lat' dir='ltr'><strong>et</strong></span> <span class='ocrx_word' id='word_1_28' title='bbox 1304 451 1561 509; x_wconf 70' lang='lat' dir='ltr'><strong>instituto</strong></span> <span class='ocrx_word' id='word_1_29' title='bbox 1617 457 1919 525; x_wconf 87' lang='lat' dir='ltr'><strong>plurimum</strong></span> 
     </span>
    </p>
   </div>
   <div class='ocr_carea' id='block_1_6' title="bbox 333 537 1919 613">
    <p class='ocr_par' dir='ltr' id='par_1_6' title="bbox 333 537 1919 613">
     <span class='ocr_line' id='line_1_6' title="bbox 333 537 1919 613; baseline 0.008 -21"><span class='ocrx_word' id='word_1_30' title='bbox 333 537 598 593; x_wconf 77' lang='lat' dir='ltr'><strong>conducit</strong></span> <span class='ocrx_word' id='word_1_31' title='bbox 627 537 680 593; x_wconf 90' lang='lat' dir='ltr'><strong>in</strong></span> <span class='ocrx_word' id='word_1_32' title='bbox 720 538 821 613; x_wconf 85' lang='lat' dir='ltr'><strong>Dei</strong></span> <span class='ocrx_word' id='word_1_33' title='bbox 850 548 1126 609; x_wconf 63' lang='lat' dir='ltr'><strong>praecepta</strong></span> <span class='ocrx_word' id='word_1_34' title='bbox 1154 542 1361 598; x_wconf 81' lang='lat' dir='ltr'><strong>ardens</strong></span> <span class='ocrx_word' id='word_1_35' title='bbox 1389 545 1659 610; x_wconf 88' lang='lat' dir='ltr'><strong>studium,</strong></span> <span class='ocrx_word' id='word_1_36' title='bbox 1689 556 1745 602; x_wconf 91' lang='lat' dir='ltr'><strong>et</strong></span> <span class='ocrx_word' id='word_1_37' title='bbox 1770 550 1919 604; x_wconf 81' lang='lat' dir='ltr'><strong>insa-</strong></span> 
     </span>
    </p>
   </div>
   <div class='ocr_carea' id='block_1_7' title="bbox 333 620 1920 702">
    <p class='ocr_par' dir='ltr' id='par_1_7' title="bbox 333 620 1920 702">
     <span class='ocr_line' id='line_1_7' title="bbox 333 620 1920 702; baseline 0.008 -20"><span class='ocrx_word' id='word_1_38' title='bbox 333 630 521 685; x_wconf 84' lang='lat' dir='ltr'><strong>tiabile</strong></span> <span class='ocrx_word' id='word_1_39' title='bbox 551 630 891 684; x_wconf 83' lang='lat' dir='ltr'><strong>desiderium</strong></span> <span class='ocrx_word' id='word_1_40' title='bbox 927 651 940 685; x_wconf 92' lang='lat'>:</span> <span class='ocrx_word' id='word_1_41' title='bbox 975 649 1086 700; x_wconf 88' lang='lat' dir='ltr'><strong>quo</strong></span> <span class='ocrx_word' id='word_1_42' title='bbox 1114 634 1208 702; x_wconf 90' lang='lat' dir='ltr'><strong>qui</strong></span> <span class='ocrx_word' id='word_1_43' title='bbox 1246 644 1487 702; x_wconf 89' lang='lat' dir='ltr'><strong>tenetur,</strong></span> <span class='ocrx_word' id='word_1_44' title='bbox 1536 640 1586 692; x_wconf 90' lang='lat' dir='ltr'><strong>ei</strong></span> <span class='ocrx_word' id='word_1_45' title='bbox 1636 620 1707 694; x_wconf 85' lang='lat' dir='ltr'><strong>ne</strong></span> <span class='ocrx_word' id='word_1_46' title='bbox 1763 650 1920 697; x_wconf 74' lang='lat' dir='ltr'><strong>vacat</strong></span> 
     </span>
    </p>
   </div>
   <div class='ocr_carea' id='block_1_8' title="bbox 331 721 1918 798">
    <p class='ocr_par' dir='ltr' id='par_1_8' title="bbox 331 721 1918 798">
     <span class='ocr_line' id='line_1_8' title="bbox 331 721 1918 798; baseline 0.009 -25"><span class='ocrx_word' id='word_1_47' title='bbox 331 721 556 790; x_wconf 87' lang='lat' dir='ltr'><strong>quidem</strong></span> <span class='ocrx_word' id='word_1_48' title='bbox 588 723 802 793; x_wconf 81' lang='lat' dir='ltr'><strong>erigere</strong></span> <span class='ocrx_word' id='word_1_49' title='bbox 846 723 1090 778; x_wconf 85' lang='lat' dir='ltr'><strong>animum</strong></span> <span class='ocrx_word' id='word_1_50' title='bbox 1124 725 1193 778; x_wconf 86' lang='lat' dir='ltr'><strong>ad</strong></span> <span class='ocrx_word' id='word_1_51' title='bbox 1234 741 1298 781; x_wconf 83' lang='lat' dir='ltr'><strong>ea</strong></span> <span class='ocrx_word' id='word_1_52' title='bbox 1328 744 1449 798; x_wconf 65' lang='lat' dir='ltr'><strong>qua:</strong></span> <span class='ocrx_word' id='word_1_53' title='bbox 1486 738 1616 785; x_wconf 91' lang='lat' dir='ltr'><strong>sunt</strong></span> <span class='ocrx_word' id='word_1_54' title='bbox 1648 732 1771 786; x_wconf 88' lang='lat' dir='ltr'><strong>usui</strong></span> <span class='ocrx_word' id='word_1_55' title='bbox 1798 748 1918 787; x_wconf 91' lang='lat' dir='ltr'><strong>cor-</strong></span> 
     </span>
    </p>
   </div>
   <div class='ocr_carea' id='block_1_9' title="bbox 331 830 478 884">
    <p class='ocr_par' dir='ltr' id='par_1_9' title="bbox 331 830 478 884">
     <span class='ocr_line' id='line_1_9' title="bbox 331 830 478 884; baseline 0.014 -18"><span class='ocrx_word' id='word_1_56' title='bbox 331 830 478 884; x_wconf 78' lang='lat' dir='ltr'><strong>pert.</strong></span> 
     </span>
    </p>
   </div>
   <div class='ocr_carea' id='block_1_10' title="bbox 631 913 1558 1053">
    <p class='ocr_par' dir='ltr' id='par_1_10' title="bbox 631 913 1558 1053">
     <span class='ocr_line' id='line_1_10' title="bbox 631 913 1558 1053; baseline 0.002 -17"><span class='ocrx_word' id='word_1_57' title='bbox 631 948 1194 1053; x_wconf 71' lang='lat' dir='ltr'><strong>QUIESTIO</strong></span> <span class='ocrx_word' id='word_1_58' title='bbox 1234 913 1558 1040; x_wconf 76' lang='lat' dir='ltr'><strong>LXX.</strong></span> 
     </span>
    </p>
   </div>
   <div class='ocr_carea' id='block_1_11' title="bbox 331 1097 1916 1175">
    <p class='ocr_par' dir='ltr' id='par_1_11' title="bbox 331 1097 1916 1175">
     <span class='ocr_line' id='line_1_11' title="bbox 331 1097 1916 1175; baseline 0.004 -23"><span class='ocrx_word' id='word_1_59' title='bbox 331 1098 602 1164; x_wconf 79' lang='lat' dir='ltr'><strong>Quomodo</strong></span> <span class='ocrx_word' id='word_1_60' title='bbox 639 1108 715 1153; x_wconf 77' lang='lat' dir='ltr'><strong>est</strong></span> <span class='ocrx_word' id='word_1_61' title='bbox 745 1097 1160 1175; x_wconf 63' lang='lat' dir='ltr'><strong>intelligendum</strong></span> <span class='ocrx_word' id='word_1_62' title='bbox 1191 1099 1330 1175; x_wconf 56' lang='lat' dir='ltr'><strong>illud</strong></span> <span class='ocrx_word' id='word_1_63' title='bbox 1346 1118 1406 1175; x_wconf 59' lang='lat' dir='ltr'><strong>.‘g</strong></span> <span class='ocrx_word' id='word_1_64' title='bbox 1449 1101 1627 1156; x_wconf 79' lang='lat' dir='ltr'><strong>Nolite</strong></span> <span class='ocrx_word' id='word_1_65' title='bbox 1645 1104 1916 1175; x_wconf 82' lang='lat' dir='ltr'><strong>judicare,</strong></span> 
     </span>
    </p>
   </div>
   <div class='ocr_carea' id='block_1_12' title="bbox 718 1170 1455 1239">
    <p class='ocr_par' dir='ltr' id='par_1_12' title="bbox 718 1170 1455 1239">
     <span class='ocr_line' id='line_1_12' title="bbox 718 1170 1455 1239; baseline 0.001 -16"><span class='ocrx_word' id='word_1_66' title='bbox 718 1180 765 1223; x_wconf 88' lang='lat' dir='ltr'><strong>et</strong></span> <span class='ocrx_word' id='word_1_67' title='bbox 794 1186 898 1222; x_wconf 83' lang='lat' dir='ltr'><strong>non</strong></span> <span class='ocrx_word' id='word_1_68' title='bbox 919 1170 1295 1239; x_wconf 76' lang='lat' dir='ltr'><strong>judicubimini</strong></span> <span class='ocrx_word' id='word_1_69' title='bbox 1320 1171 1359 1201; x_wconf 86' lang='grc'><strong>¹²</strong></span> <span class='ocrx_word' id='word_1_70' title='bbox 1383 1172 1405 1224; x_wconf 87' lang='lat'><strong>?</strong></span> <span class='ocrx_word' id='word_1_71' title='bbox 1436 1192 1455 1223; x_wconf 73' lang='grc' dir='ltr'><strong>ι</strong></span> 
     </span>
    </p>
   </div>
   <div class='ocr_carea' id='block_1_13' title="bbox 926 1280 1326 1337">
    <p class='ocr_par' dir='ltr' id='par_1_13' title="bbox 926 1280 1326 1337">
     <span class='ocr_line' id='line_1_13' title="bbox 926 1280 1326 1337; baseline 0.005 -2"><span class='ocrx_word' id='word_1_72' title='bbox 926 1280 1326 1337; x_wconf 73' lang='lat' dir='ltr'><strong>RESPONSIO.</strong></span> 
     </span>
    </p>
   </div>
   <div class='ocr_carea' id='block_1_14' title="bbox 397 1372 1926 1448">
    <p class='ocr_par' dir='ltr' id='par_1_14' title="bbox 397 1372 1926 1448">
     <span class='ocr_line' id='line_1_14' title="bbox 397 1372 1926 1448; baseline 0.004 -21"><span class='ocrx_word' id='word_1_73' title='bbox 397 1373 562 1443; x_wconf 78' lang='lat'><strong>376</strong></span> <span class='ocrx_word' id='word_1_74' title='bbox 584 1372 721 1430; x_wconf 89' lang='lat' dir='ltr'><strong>Cum</strong></span> <span class='ocrx_word' id='word_1_75' title='bbox 745 1373 1324 1442; x_wconf 87' lang='lat' dir='ltr'><strong>Dominusaliqnando</strong></span> <span class='ocrx_word' id='word_1_76' title='bbox 1344 1376 1491 1431; x_wconf 80' lang='lat' dir='ltr'><strong>dicat</strong></span> <span class='ocrx_word' id='word_1_77' title='bbox 1512 1395 1524 1429; x_wconf 92' lang='lat'>:</span> <span class='ocrx_word' id='word_1_78' title='bbox 1545 1396 1562 1426; x_wconf 75' lang='grc' dir='ltr'><strong>ι</strong></span> <span class='ocrx_word' id='word_1_79' title='bbox 1584 1378 1765 1433; x_wconf 89' lang='lat' dir='ltr'><strong>Nolite</strong></span> <span class='ocrx_word' id='word_1_80' title='bbox 1781 1380 1926 1448; x_wconf 90' lang='lat' dir='ltr'><strong>judi-</strong></span> 
     </span>
    </p>
   </div>
   <div class='ocr_carea' id='block_1_15' title="bbox 328 1466 1923 1536">
    <p class='ocr_par' dir='ltr' id='par_1_15' title="bbox 328 1466 1923 1536">
     <span class='ocr_line' id='line_1_15' title="bbox 328 1466 1923 1536; baseline 0.004 -18"><span class='ocrx_word' id='word_1_81' title='bbox 328 1480 474 1527; x_wconf 84' lang='lat' dir='ltr'><strong>care,</strong></span> <span class='ocrx_word' id='word_1_82' title='bbox 509 1474 565 1518; x_wconf 84' lang='lat' dir='ltr'><strong>et</strong></span> <span class='ocrx_word' id='word_1_83' title='bbox 593 1482 699 1518; x_wconf 81' lang='lat' dir='ltr'><strong>non</strong></span> <span class='ocrx_word' id='word_1_84' title='bbox 723 1466 1105 1534; x_wconf 77' lang='lat' dir='ltr'><strong>judicabimiui</strong></span> <span class='ocrx_word' id='word_1_85' title='bbox 1131 1484 1144 1531; x_wconf 92' lang='lat'><strong>;</strong></span> <span class='ocrx_word' id='word_1_86' title='bbox 1173 1484 1189 1515; x_wconf 73' lang='grc' dir='ltr'><strong>ι</strong></span> <span class='ocrx_word' id='word_1_87' title='bbox 1212 1468 1508 1536; x_wconf 80' lang='lat' dir='ltr'><strong>aliquando</strong></span> <span class='ocrx_word' id='word_1_88' title='bbox 1536 1478 1719 1523; x_wconf 86' lang='lat' dir='ltr'><strong>autem</strong></span> <span class='ocrx_word' id='word_1_89' title='bbox 1746 1488 1759 1522; x_wconf 91' lang='lat'><strong>:</strong></span> <span class='ocrx_word' id='word_1_90' title='bbox 1785 1490 1802 1520; x_wconf 75' lang='grc' dir='ltr'><strong>ι</strong></span> <span class='ocrx_word' id='word_1_91' title='bbox 1826 1471 1923 1525; x_wconf 86' lang='grc' dir='ltr'>.1ιι-</span> 
     </span>
    </p>
   </div>
   <div class='ocr_carea' id='block_1_16' title="bbox 326 1557 1924 1629">
    <p class='ocr_par' dir='ltr' id='par_1_16' title="bbox 326 1557 1924 1629">
     <span class='ocr_line' id='line_1_16' title="bbox 326 1557 1924 1629; baseline 0.004 -19"><span class='ocrx_word' id='word_1_92' title='bbox 326 1566 473 1610; x_wconf 83' lang='lat' dir='ltr'><strong>stum</strong></span> <span class='ocrx_word' id='word_1_93' title='bbox 494 1558 766 1625; x_wconf 88' lang='lat' dir='ltr'><strong>judiciqu</strong></span> <span class='ocrx_word' id='word_1_94' title='bbox 788 1557 1028 1627; x_wconf 86' lang='lat' dir='ltr'><strong>jndicate</strong></span> <span class='ocrx_word' id='word_1_95' title='bbox 1051 1558 1093 1589; x_wconf 76' lang='grc'>⁸³</span> <span class='ocrx_word' id='word_1_96' title='bbox 1112 1575 1125 1622; x_wconf 88' lang='grc'>;</span> <span class='ocrx_word' id='word_1_97' title='bbox 1142 1577 1161 1609; x_wconf 71' lang='grc' dir='ltr'><strong>ι</strong></span> <span class='ocrx_word' id='word_1_98' title='bbox 1186 1574 1294 1612; x_wconf 93' lang='lat' dir='ltr'><strong>non</strong></span> <span class='ocrx_word' id='word_1_99' title='bbox 1315 1560 1679 1629; x_wconf 83' lang='lat' dir='ltr'><strong>prohibemur</strong></span> <span class='ocrx_word' id='word_1_100' title='bbox 1698 1562 1924 1617; x_wconf 90' lang='lat' dir='ltr'><strong>omnino</strong></span> 
     </span>
    </p>
   </div>
   <div class='ocr_carea' id='block_1_17' title="bbox 323 1649 1915 1723">
    <p class='ocr_par' dir='ltr' id='par_1_17' title="bbox 323 1649 1915 1723">
     <span class='ocr_line' id='line_1_17' title="bbox 323 1649 1915 1723; baseline 0.004 -23"><span class='ocrx_word' id='word_1_101' title='bbox 323 1649 595 1717; x_wconf 85' lang='lat' dir='ltr'><strong>judicare,</strong></span> <span class='ocrx_word' id='word_1_102' title='bbox 642 1650 739 1704; x_wconf 89' lang='lat' dir='ltr'><strong>sed</strong></span> <span class='ocrx_word' id='word_1_103' title='bbox 765 1650 1058 1703; x_wconf 87' lang='lat' dir='ltr'><strong>erudimur</strong></span> <span class='ocrx_word' id='word_1_104' title='bbox 1098 1666 1262 1705; x_wconf 89' lang='lat' dir='ltr'><strong>nosse</strong></span> <span class='ocrx_word' id='word_1_105' title='bbox 1295 1652 1668 1707; x_wconf 80' lang='lat' dir='ltr'><strong>ditferentiam</strong></span> <span class='ocrx_word' id='word_1_106' title='bbox 1699 1654 1915 1723; x_wconf 77' lang='lat' dir='ltr'><strong>iudicii.</strong></span> 
     </span>
    </p>
   </div>
   <div class='ocr_carea' id='block_1_18' title="bbox 325 1740 1915 1810">
    <p class='ocr_par' dir='ltr' id='par_1_18' title="bbox 325 1740 1915 1810">
     <span class='ocr_line' id='line_1_18' title="bbox 325 1740 1915 1810; baseline 0.005 -19"><span class='ocrx_word' id='word_1_107' title='bbox 325 1740 719 1806; x_wconf 77' lang='lat' dir='ltr'><strong>Quamobrem,</strong></span> <span class='ocrx_word' id='word_1_108' title='bbox 753 1742 796 1795; x_wconf 89' lang='lat' dir='ltr'><strong>si</strong></span> <span class='ocrx_word' id='word_1_109' title='bbox 831 1742 1149 1810; x_wconf 84' lang='lat' dir='ltr'><strong>estaliquid</strong></span> <span class='ocrx_word' id='word_1_110' title='bbox 1192 1743 1468 1799; x_wconf 88' lang='lat' dir='ltr'><strong>incertum</strong></span> <span class='ocrx_word' id='word_1_111' title='bbox 1499 1753 1555 1799; x_wconf 86' lang='lat' dir='ltr'><strong>et</strong></span> <span class='ocrx_word' id='word_1_112' title='bbox 1588 1760 1699 1799; x_wconf 88' lang='lat' dir='ltr'><strong>non</strong></span> <span class='ocrx_word' id='word_1_113' title='bbox 1732 1745 1915 1799; x_wconf 64' lang='lat' dir='ltr'><strong>mani-</strong></span> 
     </span>
    </p>
   </div>
   <div class='ocr_carea' id='block_1_19' title="bbox 322 1833 1917 1903">
    <p class='ocr_par' dir='ltr' id='par_1_19' title="bbox 322 1833 1917 1903">
     <span class='ocr_line' id='line_1_19' title="bbox 322 1833 1917 1903; baseline 0.001 -16"><span class='ocrx_word' id='word_1_114' title='bbox 322 1833 551 1897; x_wconf 79' lang='lat' dir='ltr'><strong>festum,</strong></span> <span class='ocrx_word' id='word_1_115' title='bbox 587 1849 700 1887; x_wconf 93' lang='lat' dir='ltr'><strong>non</strong></span> <span class='ocrx_word' id='word_1_116' title='bbox 751 1842 971 1902; x_wconf 82' lang='lat' dir='ltr'><strong>oportet</strong></span> <span class='ocrx_word' id='word_1_117' title='bbox 1014 1834 1270 1903; x_wconf 78' lang='lat' dir='ltr'><strong>judicare</strong></span> <span class='ocrx_word' id='word_1_118' title='bbox 1314 1834 1565 1899; x_wconf 75' lang='lat' dir='ltr'><strong>fratrem,</strong></span> <span class='ocrx_word' id='word_1_119' title='bbox 1616 1835 1917 1891; x_wconf 89' lang='lat' dir='ltr'><strong>sicutdicit</strong></span> 
     </span>
    </p>
   </div>
   <div class='ocr_carea' id='block_1_20' title="bbox 321 1928 1955 2001">
    <p class='ocr_par' dir='ltr' id='par_1_20' title="bbox 321 1928 1955 2001">
     <span class='ocr_line' id='line_1_20' title="bbox 321 1928 1955 2001; baseline 0.004 -20"><span class='ocrx_word' id='word_1_120' title='bbox 321 1928 620 1995; x_wconf 78' lang='lat' dir='ltr'><strong>Apostolus</strong></span> <span class='ocrx_word' id='word_1_121' title='bbox 654 1945 666 1978; x_wconf 91' lang='lat'><strong>:</strong></span> <span class='ocrx_word' id='word_1_122' title='bbox 706 1946 725 1977; x_wconf 85' lang='grc'><strong><em>‹</em></strong></span> <span class='ocrx_word' id='word_1_123' title='bbox 757 1928 939 1982; x_wconf 87' lang='lat' dir='ltr'><strong>Nolite</strong></span> <span class='ocrx_word' id='word_1_124' title='bbox 974 1937 1101 1983; x_wconf 87' lang='lat' dir='ltr'><strong>ante</strong></span> <span class='ocrx_word' id='word_1_125' title='bbox 1142 1937 1359 1999; x_wconf 91' lang='lat' dir='ltr'><strong>tempus</strong></span> <span class='ocrx_word' id='word_1_126' title='bbox 1399 1931 1672 2000; x_wconf 87' lang='lat' dir='ltr'><strong>judicare,</strong></span> <span class='ocrx_word' id='word_1_127' title='bbox 1704 1932 1917 2001; x_wconf 84' lang='lat' dir='ltr'><strong>quoad-</strong></span> <span class='ocrx_word' id='word_1_128' title='bbox 1948 1985 1955 1989; x_wconf 77' lang='grc'>,</span> 
     </span>
    </p>
   </div>
   <div class='ocr_carea' id='block_1_21' title="bbox 324 2018 1916 2097">
    <p class='ocr_par' dir='ltr' id='par_1_21' title="bbox 324 2018 1916 2097">
     <span class='ocr_line' id='line_1_21' title="bbox 324 2018 1916 2097; baseline 0.004 -28"><span class='ocrx_word' id='word_1_129' title='bbox 324 2035 499 2086; x_wconf 69' lang='grc' dir='ltr'>ιιειιιο</span> <span class='ocrx_word' id='word_1_130' title='bbox 538 2018 725 2097; x_wconf 47' lang='lat' dir='ltr'><strong>veniat</strong></span> <span class='ocrx_word' id='word_1_131' title='bbox 777 2018 1067 2083; x_wconf 87' lang='lat' dir='ltr'><strong>Dominus,</strong></span> <span class='ocrx_word' id='word_1_132' title='bbox 1111 2026 1169 2073; x_wconf 90' lang='lat' dir='ltr'><strong>et</strong></span> <span class='ocrx_word' id='word_1_133' title='bbox 1215 2019 1548 2073; x_wconf 87' lang='lat' dir='ltr'><strong>illuminabit</strong></span> <span class='ocrx_word' id='word_1_134' title='bbox 1591 2021 1916 2077; x_wconf 87' lang='lat' dir='ltr'><strong>abscondita</strong></span> 
     </span>
    </p>
   </div>
   <div class='ocr_carea' id='block_1_22' title="bbox 327 2107 1910 2169">
    <p class='ocr_par' dir='ltr' id='par_1_22' title="bbox 327 2107 1910 2169">
     <span class='ocr_line' id='line_1_22' title="bbox 327 2107 1910 2169; baseline 0.006 -11"><span class='ocrx_word' id='word_1_135' title='bbox 327 2107 707 2169; x_wconf 72' lang='lat' dir='ltr'><strong>tenebrarum,</strong></span> <span class='ocrx_word' id='word_1_136' title='bbox 733 2116 788 2161; x_wconf 95' lang='lat' dir='ltr'><strong>et</strong></span> <span class='ocrx_word' id='word_1_137' title='bbox 825 2107 1200 2163; x_wconf 76' lang='lat' dir='ltr'><strong>manifestabit</strong></span> <span class='ocrx_word' id='word_1_138' title='bbox 1234 2110 1466 2165; x_wconf 86' lang='lat' dir='ltr'><strong>consilia</strong></span> <span class='ocrx_word' id='word_1_139' title='bbox 1494 2112 1747 2167; x_wconf 91' lang='lat' dir='ltr'><strong>cordium</strong></span> <span class='ocrx_word' id='word_1_140' title='bbox 1779 2112 1841 2167; x_wconf 75' lang='lat'><strong>“&#39;.</strong></span> <span class='ocrx_word' id='word_1_141' title='bbox 1891 2133 1910 2166; x_wconf 71' lang='grc' dir='ltr'><strong>ι</strong></span> 
     </span>
    </p>
   </div>
   <div class='ocr_carea' id='block_1_23' title="bbox 325 2198 1917 2271">
    <p class='ocr_par' dir='ltr' id='par_1_23' title="bbox 325 2198 1917 2271">
     <span class='ocr_line' id='line_1_23' title="bbox 325 2198 1917 2271; baseline 0.006 -19"><span class='ocrx_word' id='word_1_142' title='bbox 325 2198 422 2252; x_wconf 70' lang='grc' dir='ltr'><strong>Βινὶ</strong></span> <span class='ocrx_word' id='word_1_143' title='bbox 462 2208 645 2254; x_wconf 88' lang='lat' dir='ltr'><strong>autem</strong></span> <span class='ocrx_word' id='word_1_144' title='bbox 677 2200 977 2255; x_wconf 88' lang='lat' dir='ltr'><strong>defendere</strong></span> <span class='ocrx_word' id='word_1_145' title='bbox 1002 2201 1211 2271; x_wconf 88' lang='lat' dir='ltr'><strong>judicia</strong></span> <span class='ocrx_word' id='word_1_146' title='bbox 1240 2212 1326 2258; x_wconf 83' lang='lat' dir='ltr'><strong>est</strong></span> <span class='ocrx_word' id='word_1_147' title='bbox 1354 2205 1657 2261; x_wconf 84' lang='lat' dir='ltr'><strong>necessitas</strong></span> <span class='ocrx_word' id='word_1_148' title='bbox 1686 2205 1917 2261; x_wconf 88' lang='lat' dir='ltr'><strong>inevita-</strong></span> 
     </span>
    </p>
   </div>
   <div class='ocr_carea' id='block_1_24' title="bbox 328 2292 1917 2363">
    <p class='ocr_par' dir='ltr' id='par_1_24' title="bbox 328 2292 1917 2363">
     <span class='ocr_line' id='line_1_24' title="bbox 328 2292 1917 2363; baseline 0.006 -17"><span class='ocrx_word' id='word_1_149' title='bbox 328 2292 478 2357; x_wconf 72' lang='lat' dir='ltr'><strong>liiiis,</strong></span> <span class='ocrx_word' id='word_1_150' title='bbox 516 2309 588 2349; x_wconf 90' lang='lat' dir='ltr'><strong>ne</strong></span> <span class='ocrx_word' id='word_1_151' title='bbox 632 2293 686 2347; x_wconf 93' lang='lat' dir='ltr'><strong>in</strong></span> <span class='ocrx_word' id='word_1_152' title='bbox 716 2296 835 2363; x_wconf 89' lang='lat' dir='ltr'><strong>ejus</strong></span> <span class='ocrx_word' id='word_1_153' title='bbox 868 2294 1004 2348; x_wconf 84' lang='lat' dir='ltr'><strong>iram</strong></span> <span class='ocrx_word' id='word_1_154' title='bbox 1035 2294 1268 2350; x_wconf 87' lang='lat' dir='ltr'><strong>incidas.</strong></span> <span class='ocrx_word' id='word_1_155' title='bbox 1317 2297 1462 2351; x_wconf 87' lang='lat' dir='ltr'><strong>Dicit</strong></span> <span class='ocrx_word' id='word_1_156' title='bbox 1494 2297 1644 2351; x_wconf 89' lang='lat' dir='ltr'><strong>enim</strong></span> <span class='ocrx_word' id='word_1_157' title='bbox 1676 2317 1689 2353; x_wconf 92' lang='lat'><strong>:</strong></span> <span class='ocrx_word' id='word_1_158' title='bbox 1726 2318 1743 2349; x_wconf 78' lang='grc' dir='ltr'><strong>ι</strong></span> <span class='ocrx_word' id='word_1_159' title='bbox 1781 2301 1917 2354; x_wconf 82' lang='lat' dir='ltr'><strong>Pec-</strong></span> 
     </span>
    </p>
   </div>
   <div class='ocr_carea' id='block_1_25' title="bbox 328 2385 1913 2459">
    <p class='ocr_par' dir='ltr' id='par_1_25' title="bbox 328 2385 1913 2459">
     <span class='ocr_line' id='line_1_25' title="bbox 328 2385 1913 2459; baseline 0.006 -22"><span class='ocrx_word' id='word_1_160' title='bbox 328 2395 544 2437; x_wconf 77' lang='lat' dir='ltr'><strong>cantem</strong></span> <span class='ocrx_word' id='word_1_161' title='bbox 571 2399 756 2438; x_wconf 88' lang='lat' dir='ltr'><strong>coram</strong></span> <span class='ocrx_word' id='word_1_162' title='bbox 789 2385 1050 2439; x_wconf 87' lang='lat' dir='ltr'><strong>omnibus</strong></span> <span class='ocrx_word' id='word_1_163' title='bbox 1079 2402 1250 2457; x_wconf 78' lang='lat' dir='ltr'><strong>argue</strong></span> <span class='ocrx_word' id='word_1_164' title='bbox 1275 2388 1337 2440; x_wconf 80' lang='lat'><strong>”.</strong></span> <span class='ocrx_word' id='word_1_165' title='bbox 1381 2408 1399 2439; x_wconf 77' lang='grc' dir='ltr'><strong>ι</strong></span> <span class='ocrx_word' id='word_1_166' title='bbox 1433 2388 1549 2445; x_wconf 90' lang='lat' dir='ltr'><strong>Nisi</strong></span> <span class='ocrx_word' id='word_1_167' title='bbox 1571 2390 1695 2459; x_wconf 88' lang='lat' dir='ltr'><strong>quis</strong></span> <span class='ocrx_word' id='word_1_168' title='bbox 1720 2392 1913 2447; x_wconf 88' lang='lat' dir='ltr'><strong>eadem</strong></span> 
     </span>
    </p>
   </div>
   <div class='ocr_carea' id='block_1_26' title="bbox 326 2478 1916 2550">
    <p class='ocr_par' dir='ltr' id='par_1_26' title="bbox 326 2478 1916 2550">
     <span class='ocr_line' id='line_1_26' title="bbox 326 2478 1916 2550; baseline 0.005 -20"><span class='ocrx_word' id='word_1_169' title='bbox 326 2478 376 2530; x_wconf 81' lang='lat' dir='ltr'><strong>fa</strong></span> <span class='ocrx_word' id='word_1_170' title='bbox 401 2478 534 2531; x_wconf 55' lang='lat' dir='ltr'><strong>&#39;iens</strong></span> <span class='ocrx_word' id='word_1_171' title='bbox 560 2493 682 2546; x_wconf 76' lang='lat' dir='ltr'><strong>quze</strong></span> <span class='ocrx_word' id='word_1_172' title='bbox 709 2479 870 2546; x_wconf 80' lang='lat' dir='ltr'><strong>is&#39;qui</strong></span> <span class='ocrx_word' id='word_1_173' title='bbox 905 2488 1216 2541; x_wconf 85' lang='lat' dir='ltr'><strong>accusatur,</strong></span> <span class='ocrx_word' id='word_1_174' title='bbox 1257 2494 1365 2534; x_wconf 92' lang='lat' dir='ltr'><strong>non</strong></span> <span class='ocrx_word' id='word_1_175' title='bbox 1394 2482 1569 2550; x_wconf 88' lang='lat' dir='ltr'><strong>possit</strong></span> <span class='ocrx_word' id='word_1_176' title='bbox 1598 2483 1775 2537; x_wconf 85' lang='lat' dir='ltr'><strong>libere</strong></span> <span class='ocrx_word' id='word_1_177' title='bbox 1805 2484 1916 2538; x_wconf 84' lang='lat' dir='ltr'><strong>fra-</strong></span> 
     </span>
    </p>
   </div>
   <div class='ocr_carea' id='block_1_27' title="bbox 324 2571 1913 2647">
    <p class='ocr_par' dir='ltr' id='par_1_27' title="bbox 324 2571 1913 2647">
     <span class='ocr_line' id='line_1_27' title="bbox 324 2571 1913 2647; baseline 0.005 -23"><span class='ocrx_word' id='word_1_178' title='bbox 324 2582 465 2626; x_wconf 59' lang='lat' dir='ltr'><strong>trem</strong></span> <span class='ocrx_word' id='word_1_179' title='bbox 503 2571 773 2642; x_wconf 80' lang='lat' dir='ltr'><strong>judicare.</strong></span> <span class='ocrx_word' id='word_1_180' title='bbox 818 2571 960 2625; x_wconf 90' lang='lat' dir='ltr'><strong>Dicit</strong></span> <span class='ocrx_word' id='word_1_181' title='bbox 1000 2572 1149 2625; x_wconf 88' lang='lat' dir='ltr'><strong>enim</strong></span> <span class='ocrx_word' id='word_1_182' title='bbox 1191 2573 1462 2629; x_wconf 89' lang='lat' dir='ltr'><strong>Dominus</strong></span> <span class='ocrx_word' id='word_1_183' title='bbox 1496 2592 1510 2630; x_wconf 69' lang='grc' dir='ltr'><strong>ι</strong></span> <span class='ocrx_word' id='word_1_184' title='bbox 1556 2593 1574 2625; x_wconf 82' lang='grc' dir='ltr'><strong>ι</strong></span> <span class='ocrx_word' id='word_1_185' title='bbox 1612 2576 1762 2646; x_wconf 89' lang='lat' dir='ltr'><strong>Ejiee</strong></span> <span class='ocrx_word' id='word_1_186' title='bbox 1797 2577 1913 2647; x_wconf 89' lang='lat' dir='ltr'><strong>pri-</strong></span> 
     </span>
    </p>
   </div>
   <div class='ocr_carea' id='block_1_28' title="bbox 326 2663 1913 2740">
    <p class='ocr_par' dir='ltr' id='par_1_28' title="bbox 326 2663 1913 2740">
     <span class='ocr_line' id='line_1_28' title="bbox 326 2663 1913 2740; baseline 0.006 -24"><span class='ocrx_word' id='word_1_187' title='bbox 326 2678 473 2717; x_wconf 70' lang='lat' dir='ltr'><strong>mum</strong></span> <span class='ocrx_word' id='word_1_188' title='bbox 505 2663 720 2719; x_wconf 85' lang='lat' dir='ltr'><strong>trabem</strong></span> <span class='ocrx_word' id='word_1_189' title='bbox 748 2679 816 2718; x_wconf 80' lang='lat' dir='ltr'><strong>ex</strong></span> <span class='ocrx_word' id='word_1_190' title='bbox 842 2664 1006 2718; x_wconf 88' lang='lat' dir='ltr'><strong>oculo</strong></span> <span class='ocrx_word' id='word_1_191' title='bbox 1038 2673 1132 2718; x_wconf 94' lang='lat' dir='ltr'><strong>tuo</strong></span> <span class='ocrx_word' id='word_1_192' title='bbox 1152 2705 1165 2728; x_wconf 94' lang='lat'><strong>,</strong></span> <span class='ocrx_word' id='word_1_193' title='bbox 1198 2674 1255 2719; x_wconf 89' lang='lat' dir='ltr'><strong>et</strong></span> <span class='ocrx_word' id='word_1_194' title='bbox 1287 2672 1419 2722; x_wconf 92' lang='lat' dir='ltr'><strong>tunc</strong></span> <span class='ocrx_word' id='word_1_195' title='bbox 1458 2666 1692 2737; x_wconf 82' lang='lat' dir='ltr'><strong>aspicies</strong></span> <span class='ocrx_word' id='word_1_196' title='bbox 1713 2668 1913 2740; x_wconf 82' lang='lat' dir='ltr'><strong>ejicere</strong></span> 
     </span>
    </p>
   </div>
   <div class='ocr_carea' id='block_1_29' title="bbox 322 2756 1375 2812">
    <p class='ocr_par' dir='ltr' id='par_1_29' title="bbox 322 2756 1375 2812">
     <span class='ocr_line' id='line_1_29' title="bbox 322 2756 1375 2812; baseline 0.001 -2"><span class='ocrx_word' id='word_1_197' title='bbox 322 2760 592 2812; x_wconf 60' lang='lat' dir='ltr'><strong>festucam</strong></span> <span class='ocrx_word' id='word_1_198' title='bbox 620 2771 688 2811; x_wconf 76' lang='lat' dir='ltr'><strong>ex</strong></span> <span class='ocrx_word' id='word_1_199' title='bbox 721 2756 885 2812; x_wconf 86' lang='lat' dir='ltr'><strong>oculo</strong></span> <span class='ocrx_word' id='word_1_200' title='bbox 918 2756 1111 2811; x_wconf 79' lang='lat' dir='ltr'><strong>fratris</strong></span> <span class='ocrx_word' id='word_1_201' title='bbox 1138 2758 1221 2811; x_wconf 89' lang='lat' dir='ltr'><strong>tui</strong></span> <span class='ocrx_word' id='word_1_202' title='bbox 1246 2758 1311 2811; x_wconf 77' lang='grc'><strong>⁸⁸.</strong></span> <span class='ocrx_word' id='word_1_203' title='bbox 1355 2777 1375 2810; x_wconf 71' lang='grc' dir='ltr'><strong>ι</strong></span> 
     </span>
    </p>
   </div>
   <div class='ocr_carea' id='block_1_30' title="bbox 640 2957 1575 3029">
    <p class='ocr_par' dir='ltr' id='par_1_30' title="bbox 640 2957 1575 3029">
     <span class='ocr_line' id='line_1_30' title="bbox 640 2957 1575 3029; baseline 0.004 -18"><span class='ocrx_word' id='word_1_204' title='bbox 640 2957 726 3011; x_wconf 79' lang='lat' dir='ltr'><strong>Ea:</strong></span> <span class='ocrx_word' id='word_1_205' title='bbox 750 2957 1120 3029; x_wconf 75' lang='lat' dir='ltr'><strong>Clu&#39;ysostomo</strong></span> <span class='ocrx_word' id='word_1_206' title='bbox 1156 2961 1211 3013; x_wconf 82' lang='lat' dir='ltr'><strong>in</strong></span> <span class='ocrx_word' id='word_1_207' title='bbox 1240 2960 1575 3016; x_wconf 65' lang='lat' dir='ltr'><strong>Matt/meum.</strong></span> 
     </span>
    </p>
   </div>
   <div class='ocr_carea' id='block_1_31' title="bbox 2022 468 3612 560">
    <p class='ocr_par' dir='ltr' id='par_1_31' title="bbox 2022 468 3612 560">
     <span class='ocr_line' id='line_1_31' title="bbox 2022 468 3612 560; baseline 0.016 -42"><span class='ocrx_word' id='word_1_208' title='bbox 2022 468 2115 520; x_wconf 76' lang='grc' dir='ltr'>ἐπὶ</span> <span class='ocrx_word' id='word_1_209' title='bbox 2145 468 2222 537; x_wconf 79' lang='grc' dir='ltr'>τῷ</span> <span class='ocrx_word' id='word_1_210' title='bbox 2254 469 2394 540; x_wconf 83' lang='grc' dir='ltr'>Θεῷ,</span> <span class='ocrx_word' id='word_1_211' title='bbox 2435 470 2513 541; x_wconf 83' lang='grc' dir='ltr'>τῷ</span> <span class='ocrx_word' id='word_1_212' title='bbox 2537 473 2804 544; x_wconf 76' lang='grc' dir='ltr'><strong>ἐγείροντι</strong></span> <span class='ocrx_word' id='word_1_213' title='bbox 2856 478 2984 542; x_wconf 79' lang='grc' dir='ltr'>τοὺς</span> <span class='ocrx_word' id='word_1_214' title='bbox 3043 483 3290 553; x_wconf 83' lang='grc' dir='ltr'>νεκρούς.</span> <span class='ocrx_word' id='word_1_215' title='bbox 3329 503 3348 537; x_wconf 83' lang='grc'>›</span> <span class='ocrx_word' id='word_1_216' title='bbox 3417 486 3612 560; x_wconf 83' lang='grc' dir='ltr'><strong>Βοηθεῐ</strong></span> 
     </span>
    </p>
   </div>
   <div class='ocr_carea' id='block_1_32' title="bbox 2020 558 3609 647">
    <p class='ocr_par' dir='ltr' id='par_1_32' title="bbox 2020 558 3609 647">
     <span class='ocr_line' id='line_1_32' title="bbox 2020 558 3609 647; baseline 0.016 -38"><span class='ocrx_word' id='word_1_217' title='bbox 2020 558 2077 609; x_wconf 84' lang='grc' dir='ltr'>δὲ</span> <span class='ocrx_word' id='word_1_218' title='bbox 2106 561 2172 630; x_wconf 82' lang='grc' dir='ltr'>τῇ</span> <span class='ocrx_word' id='word_1_219' title='bbox 2202 560 2428 633; x_wconf 82' lang='grc' dir='ltr'>τοιαύτῃ</span> <span class='ocrx_word' id='word_1_220' title='bbox 2456 566 2775 636; x_wconf 77' lang='grc' dir='ltr'>προαιρέσει</span> <span class='ocrx_word' id='word_1_221' title='bbox 2812 569 2908 622; x_wconf 80' lang='grc' dir='ltr'>καὶ</span> <span class='ocrx_word' id='word_1_222' title='bbox 2959 573 2993 639; x_wconf 83' lang='grc' dir='ltr'><strong>ἠ</strong></span> <span class='ocrx_word' id='word_1_223' title='bbox 3054 574 3185 644; x_wconf 76' lang='grc' dir='ltr'>περὶ</span> <span class='ocrx_word' id='word_1_224' title='bbox 3232 577 3331 642; x_wconf 75' lang='grc' dir='ltr'><strong>τὰς</strong></span> <span class='ocrx_word' id='word_1_225' title='bbox 3383 558 3609 647; x_wconf 75' lang='grc' dir='ltr'>ἐντολὰς</span> 
     </span>
    </p>
   </div>
   <div class='ocr_carea' id='block_1_33' title="bbox 2019 649 3608 743">
    <p class='ocr_par' dir='ltr' id='par_1_33' title="bbox 2019 649 3608 743">
     <span class='ocr_line' id='line_1_33' title="bbox 2019 649 3608 743; baseline 0.018 -42"><span class='ocrx_word' id='word_1_226' title='bbox 2146 651 2280 743; x_wconf 44' lang='grc' dir='ltr'>θεοῦ</span> <span class='ocrx_word' id='word_1_227' title='bbox 2308 653 2572 726; x_wconf 83' lang='grc' dir='ltr'><strong>διάπυρος</strong></span> <span class='ocrx_word' id='word_1_228' title='bbox 2602 658 2832 731; x_wconf 80' lang='grc' dir='ltr'>σπουδὴ,</span> <span class='ocrx_word' id='word_1_229' title='bbox 2875 661 2972 715; x_wconf 74' lang='grc' dir='ltr'><strong>καὶ</strong></span> <span class='ocrx_word' id='word_1_230' title='bbox 2987 664 3281 735; x_wconf 75' lang='grc' dir='ltr'><strong>ἀκόρεστος</strong></span> <span class='ocrx_word' id='word_1_231' title='bbox 3303 670 3569 743; x_wconf 77' lang='grc' dir='ltr'>ἐπιθυμία</span> <span class='ocrx_word' id='word_1_232' title='bbox 3589 688 3608 707; x_wconf 70' lang='grc'><strong>⁸</strong></span> 
     </span>
    </p>
   </div>
   <div class='ocr_carea' id='block_1_34' title="bbox 2022 736 3607 837">
    <p class='ocr_par' dir='ltr' id='par_1_34' title="bbox 2022 736 3607 837">
     <span class='ocr_line' id='line_1_34' title="bbox 2022 736 3607 837; baseline 0.016 -44"><span class='ocrx_word' id='word_1_233' title='bbox 2022 741 2115 807; x_wconf 86' lang='grc' dir='ltr'><strong>ἀφ’</strong></span> <span class='ocrx_word' id='word_1_234' title='bbox 2150 736 2218 813; x_wconf 83' lang='grc' dir='ltr'>ἧς</span> <span class='ocrx_word' id='word_1_235' title='bbox 2246 747 2274 797; x_wconf 99' lang='lat'><strong>6</strong></span> <span class='ocrx_word' id='word_1_236' title='bbox 2302 747 2618 817; x_wconf 77' lang='grc' dir='ltr'>κρατηθεὶς,</span> <span class='ocrx_word' id='word_1_237' title='bbox 2651 750 2771 804; x_wconf 78' lang='grc' dir='ltr'>οὐδὲ</span> <span class='ocrx_word' id='word_1_238' title='bbox 2813 752 3014 825; x_wconf 74' lang='grc' dir='ltr'>σχολὴν</span> <span class='ocrx_word' id='word_1_239' title='bbox 3058 755 3184 826; x_wconf 76' lang='grc' dir='ltr'>ἄγει</span> <span class='ocrx_word' id='word_1_240' title='bbox 3228 736 3607 837; x_wconf 75' lang='grc' dir='ltr'>μετεωρισθῆ-</span> 
     </span>
    </p>
   </div>
   <div class='ocr_carea' id='block_1_35' title="bbox 2020 837 2971 915">
    <p class='ocr_par' dir='ltr' id='par_1_35' title="bbox 2020 837 2971 915">
     <span class='ocr_line' id='line_1_35' title="bbox 2020 837 2971 915; baseline 0.015 -30"><span class='ocrx_word' id='word_1_241' title='bbox 2020 850 2108 886; x_wconf 86' lang='grc' dir='ltr'><strong>ναι</strong></span> <span class='ocrx_word' id='word_1_242' title='bbox 2132 837 2262 906; x_wconf 71' lang='grc' dir='ltr'>περὶ</span> <span class='ocrx_word' id='word_1_243' title='bbox 2288 838 2387 902; x_wconf 87' lang='grc' dir='ltr'><strong>τάς</strong></span> <span class='ocrx_word' id='word_1_244' title='bbox 2413 841 2730 911; x_wconf 83' lang='grc' dir='ltr'>σωματικὰς</span> <span class='ocrx_word' id='word_1_245' title='bbox 2763 845 2971 915; x_wconf 83' lang='grc' dir='ltr'>χρείας.</span> 
     </span>
    </p>
   </div>
   <div class='ocr_carea' id='block_1_36' title="bbox 2435 990 3164 1083">
    <p class='ocr_par' dir='ltr' id='par_1_36' title="bbox 2435 990 3164 1083">
     <span class='ocr_line' id='line_1_36' title="bbox 2435 990 3164 1083; baseline 0.012 -11"><span class='ocrx_word' id='word_1_246' title='bbox 2435 990 2967 1082; x_wconf 82' lang='grc' dir='ltr'><strong>ΕΡΩΤΗΣῘΣ</strong></span> <span class='ocrx_word' id='word_1_247' title='bbox 3044 994 3164 1083; x_wconf 89' lang='grc' dir='ltr'><strong>Ο’.</strong></span> 
     </span>
    </p>
   </div>
   <div class='ocr_carea' id='block_1_37' title="bbox 2018 1118 3604 1214">
    <p class='ocr_par' dir='ltr' id='par_1_37' title="bbox 2018 1118 3604 1214">
     <span class='ocr_line' id='line_1_37' title="bbox 2018 1118 3604 1214; baseline 0.02 -42"><span class='ocrx_word' id='word_1_248' title='bbox 2018 1118 2153 1186; x_wconf 83' lang='grc' dir='ltr'><strong>Πῶς</strong></span> <span class='ocrx_word' id='word_1_249' title='bbox 2197 1124 2453 1191; x_wconf 78' lang='grc' dir='ltr'>νοητέον</span> <span class='ocrx_word' id='word_1_250' title='bbox 2500 1131 2571 1183; x_wconf 84' lang='grc' dir='ltr'>τό</span> <span class='ocrx_word' id='word_1_251' title='bbox 2613 1147 2627 1162; x_wconf 78' lang='grc' dir='ltr'><strong>ο</strong></span> <span class='ocrx_word' id='word_1_252' title='bbox 2664 1150 2684 1183; x_wconf 79' lang='grc' dir='ltr'><strong>ι</strong></span> <span class='ocrx_word' id='word_1_253' title='bbox 2729 1135 2830 1214; x_wconf 65' lang='grc' dir='ltr'><strong>Μὴ</strong></span> <span class='ocrx_word' id='word_1_254' title='bbox 2848 1138 3157 1214; x_wconf 49' lang='grc' dir='ltr'>μρίνετε,</span> <span class='ocrx_word' id='word_1_255' title='bbox 3198 1141 3296 1196; x_wconf 75' lang='grc' dir='ltr'>καὶ</span> <span class='ocrx_word' id='word_1_256' title='bbox 3359 1143 3433 1198; x_wconf 83' lang='grc' dir='ltr'>οὐ</span> <span class='ocrx_word' id='word_1_257' title='bbox 3470 1142 3604 1213; x_wconf 63' lang='grc' dir='ltr'><strong>μὴ(</strong></span> 
     </span>
    </p>
   </div>
   <div class='ocr_carea' id='block_1_38' title="bbox 2701 1211 3044 1274">
    <p class='ocr_par' dir='ltr' id='par_1_38' title="bbox 2701 1211 3044 1274">
     <span class='ocr_line' id='line_1_38' title="bbox 2701 1211 3044 1274; baseline 0 -14"><span class='ocrx_word' id='word_1_258' title='bbox 2701 1211 2940 1273; x_wconf 78' lang='grc' dir='ltr'><strong>κριθῆτε</strong></span> <span class='ocrx_word' id='word_1_259' title='bbox 2964 1226 2986 1274; x_wconf 85' lang='grc'><strong><em>;</em></strong></span> <span class='ocrx_word' id='word_1_260' title='bbox 3023 1227 3044 1260; x_wconf 71' lang='grc' dir='ltr'><strong>ι</strong></span> 
     </span>
    </p>
   </div>
   <div class='ocr_carea' id='block_1_39' title="bbox 2628 1315 3024 1375">
    <p class='ocr_par' dir='ltr' id='par_1_39' title="bbox 2628 1315 3024 1375">
     <span class='ocr_line' id='line_1_39' title="bbox 2628 1315 3024 1375; baseline 0.018 -7"><span class='ocrx_word' id='word_1_261' title='bbox 2628 1315 3024 1375; x_wconf 80' lang='grc' dir='ltr'><strong>ΔΠΟΚΡΙΣΙΣ.</strong></span> 
     </span>
    </p>
   </div>
   <div class='ocr_carea' id='block_1_40' title="bbox 2095 1394 3606 1484">
    <p class='ocr_par' dir='ltr' id='par_1_40' title="bbox 2095 1394 3606 1484">
     <span class='ocr_line' id='line_1_40' title="bbox 2095 1394 3606 1484; baseline 0.015 -38"><span class='ocrx_word' id='word_1_262' title='bbox 2095 1394 2201 1448; x_wconf 86' lang='grc' dir='ltr'>Τοῦ</span> <span class='ocrx_word' id='word_1_263' title='bbox 2232 1398 2441 1468; x_wconf 78' lang='grc' dir='ltr'>Κυρίου</span> <span class='ocrx_word' id='word_1_264' title='bbox 2482 1404 2613 1457; x_wconf 85' lang='grc' dir='ltr'>ποτὲ</span> <span class='ocrx_word' id='word_1_265' title='bbox 2643 1406 2897 1473; x_wconf 74' lang='grc' dir='ltr'>λέγοντος</span> <span class='ocrx_word' id='word_1_266' title='bbox 2918 1426 2932 1439; x_wconf 74' lang='grc' dir='ltr'><strong><em>ο</em></strong></span> <span class='ocrx_word' id='word_1_267' title='bbox 2967 1430 2987 1461; x_wconf 75' lang='grc' dir='ltr'><strong>ι</strong></span> <span class='ocrx_word' id='word_1_268' title='bbox 3015 1412 3106 1484; x_wconf 84' lang='grc' dir='ltr'><strong>Μὴ</strong></span> <span class='ocrx_word' id='word_1_269' title='bbox 3135 1413 3385 1484; x_wconf 74' lang='grc' dir='ltr'>κρίνετε,</span> <span class='ocrx_word' id='word_1_270' title='bbox 3415 1415 3512 1469; x_wconf 81' lang='grc' dir='ltr'>καὶ</span> <span class='ocrx_word' id='word_1_271' title='bbox 3543 1416 3606 1469; x_wconf 79' lang='grc' dir='ltr'><strong>ού</strong></span> 
     </span>
    </p>
   </div>
   <div class='ocr_carea' id='block_1_41' title="bbox 2028 1486 3606 1578">
    <p class='ocr_par' dir='ltr' id='par_1_41' title="bbox 2028 1486 3606 1578">
     <span class='ocr_line' id='line_1_41' title="bbox 2028 1486 3606 1578; baseline 0.011 -36"><span class='ocrx_word' id='word_1_272' title='bbox 2028 1486 2101 1555; x_wconf 81' lang='grc' dir='ltr'>μὴ</span> <span class='ocrx_word' id='word_1_273' title='bbox 2142 1489 2168 1527; x_wconf 69' lang='grc'>⁸</span> <span class='ocrx_word' id='word_1_274' title='bbox 2194 1491 2418 1560; x_wconf 83' lang='grc' dir='ltr'>κριθῆτε</span> <span class='ocrx_word' id='word_1_275' title='bbox 2449 1508 2463 1522; x_wconf 80' lang='grc'><strong><em>⁸</em></strong></span> <span class='ocrx_word' id='word_1_276' title='bbox 2501 1513 2520 1545; x_wconf 83' lang='grc'><strong>›</strong></span> <span class='ocrx_word' id='word_1_277' title='bbox 2553 1498 2683 1550; x_wconf 85' lang='grc' dir='ltr'>ποτὲ</span> <span class='ocrx_word' id='word_1_278' title='bbox 2716 1498 2794 1564; x_wconf 84' lang='grc' dir='ltr'>δὲ,</span> <span class='ocrx_word' id='word_1_279' title='bbox 2828 1521 2848 1552; x_wconf 71' lang='grc' dir='ltr'><strong>ι</strong></span> <span class='ocrx_word' id='word_1_280' title='bbox 2881 1501 2994 1572; x_wconf 83' lang='grc' dir='ltr'><strong>Τὴν</strong></span> <span class='ocrx_word' id='word_1_281' title='bbox 3025 1503 3246 1558; x_wconf 78' lang='grc' dir='ltr'>δικαίαν</span> <span class='ocrx_word' id='word_1_282' title='bbox 3271 1506 3457 1577; x_wconf 79' lang='grc' dir='ltr'><strong>κρίσιν</strong></span> <span class='ocrx_word' id='word_1_283' title='bbox 3482 1507 3606 1578; x_wconf 82' lang='grc' dir='ltr'>κρε-</span> 
     </span>
    </p>
   </div>
   <div class='ocr_carea' id='block_1_42' title="bbox 2025 1590 3606 1668">
    <p class='ocr_par' dir='ltr' id='par_1_42' title="bbox 2025 1590 3606 1668">
     <span class='ocr_line' id='line_1_42' title="bbox 2025 1590 3606 1668; baseline 0.016 -39"><span class='ocrx_word' id='word_1_284' title='bbox 2025 1595 2174 1645; x_wconf 87' lang='grc' dir='ltr'>νατε,</span> <span class='ocrx_word' id='word_1_285' title='bbox 2215 1599 2234 1631; x_wconf 74' lang='grc' dir='ltr'><strong>ι</strong></span> <span class='ocrx_word' id='word_1_286' title='bbox 2267 1590 2785 1656; x_wconf 75' lang='grc' dir='ltr'>προσταράσσοντος</span> <span class='ocrx_word' id='word_1_287' title='bbox 2818 1590 2868 1658; x_wconf 68' lang='grc' dir='ltr'><strong>δ,</strong></span> <span class='ocrx_word' id='word_1_288' title='bbox 2918 1595 3039 1665; x_wconf 73' lang='grc' dir='ltr'><strong>οὐχὶ</strong></span> <span class='ocrx_word' id='word_1_289' title='bbox 3076 1596 3140 1649; x_wconf 81' lang='grc' dir='ltr'>τὸ</span> <span class='ocrx_word' id='word_1_290' title='bbox 3186 1598 3398 1668; x_wconf 86' lang='grc' dir='ltr'>κρίνειν</span> <span class='ocrx_word' id='word_1_291' title='bbox 3442 1600 3606 1653; x_wconf 77' lang='grc' dir='ltr'>καθὸο</span> 
     </span>
    </p>
   </div>
   <div class='ocr_carea' id='block_1_43' title="bbox 2026 1668 3606 1754">
    <p class='ocr_par' dir='ltr' id='par_1_43' title="bbox 2026 1668 3606 1754">
     <span class='ocr_line' id='line_1_43' title="bbox 2026 1668 3606 1754; baseline 0.015 -35"><span class='ocrx_word' id='word_1_292' title='bbox 2026 1668 2118 1721; x_wconf 88' lang='grc' dir='ltr'><strong>λου</strong></span> <span class='ocrx_word' id='word_1_293' title='bbox 2145 1670 2493 1742; x_wconf 86' lang='grc' dir='ltr'>κωλυόμεθα,</span> <span class='ocrx_word' id='word_1_294' title='bbox 2522 1677 2658 1730; x_wconf 84' lang='grc' dir='ltr'>ἀλλὰ</span> <span class='ocrx_word' id='word_1_295' title='bbox 2678 1679 2945 1750; x_wconf 74' lang='grc' dir='ltr'>διαφορὰν</span> <span class='ocrx_word' id='word_1_296' title='bbox 2975 1685 3213 1754; x_wconf 84' lang='grc' dir='ltr'>κρίσεως</span> <span class='ocrx_word' id='word_1_297' title='bbox 3239 1687 3439 1741; x_wconf 77' lang='grc' dir='ltr'>εἰδέναι</span> <span class='ocrx_word' id='word_1_298' title='bbox 3473 1706 3606 1742; x_wconf 85' lang='grc' dir='ltr'>παι-</span> 
     </span>
    </p>
   </div>
   <div class='ocr_carea' id='block_1_44' title="bbox 2020 1754 3605 1848">
    <p class='ocr_par' dir='ltr' id='par_1_44' title="bbox 2020 1754 3605 1848">
     <span class='ocr_line' id='line_1_44' title="bbox 2020 1754 3605 1848; baseline 0.017 -43"><span class='ocrx_word' id='word_1_299' title='bbox 2020 1754 2307 1826; x_wconf 86' lang='grc' dir='ltr'>δευόμεθα.</span> <span class='ocrx_word' id='word_1_300' title='bbox 2348 1759 2510 1815; x_wconf 81' lang='grc' dir='ltr'>Ὥστε</span> <span class='ocrx_word' id='word_1_301' title='bbox 2540 1765 2589 1817; x_wconf 84' lang='grc' dir='ltr'>εί</span> <span class='ocrx_word' id='word_1_302' title='bbox 2648 1766 2747 1837; x_wconf 83' lang='grc' dir='ltr'>μὲν</span> <span class='ocrx_word' id='word_1_303' title='bbox 2796 1769 2990 1842; x_wconf 76' lang='grc' dir='ltr'>ἄδηλόν</span> <span class='ocrx_word' id='word_1_304' title='bbox 3039 1773 3093 1825; x_wconf 91' lang='grc' dir='ltr'><strong>τί</strong></span> <span class='ocrx_word' id='word_1_305' title='bbox 3151 1776 3321 1840; x_wconf 78' lang='grc' dir='ltr'>ἐστιν,</span> <span class='ocrx_word' id='word_1_306' title='bbox 3385 1778 3446 1829; x_wconf 82' lang='grc' dir='ltr'><strong>ού</strong></span> <span class='ocrx_word' id='word_1_307' title='bbox 3498 1779 3605 1848; x_wconf 82' lang='grc' dir='ltr'>χρὴ</span> 
     </span>
    </p>
   </div>
   <div class='ocr_carea' id='block_1_45' title="bbox 2020 1848 3606 1939">
    <p class='ocr_par' dir='ltr' id='par_1_45' title="bbox 2020 1848 3606 1939">
     <span class='ocr_line' id='line_1_45' title="bbox 2020 1848 3606 1939; baseline 0.016 -40"><span class='ocrx_word' id='word_1_308' title='bbox 2020 1848 2230 1939; x_wconf 85' lang='grc' dir='ltr'>κρίνειν</span> <span class='ocrx_word' id='word_1_309' title='bbox 2254 1851 2347 1906; x_wconf 75' lang='grc' dir='ltr'>τὸν</span> <span class='ocrx_word' id='word_1_310' title='bbox 2374 1853 2627 1926; x_wconf 80' lang='grc' dir='ltr'>ἀδελφὸν,</span> <span class='ocrx_word' id='word_1_311' title='bbox 2659 1857 2737 1922; x_wconf 83' lang='grc' dir='ltr'>ὥς</span> <span class='ocrx_word' id='word_1_312' title='bbox 2771 1878 2941 1931; x_wconf 81' lang='grc' dir='ltr'>φησιν</span> <span class='ocrx_word' id='word_1_313' title='bbox 3006 1866 3035 1918; x_wconf 88' lang='lat'><strong>6</strong></span> <span class='ocrx_word' id='word_1_314' title='bbox 3101 1865 3427 1930; x_wconf 78' lang='grc' dir='ltr'>Ἀπόστολος</span> <span class='ocrx_word' id='word_1_315' title='bbox 3474 1870 3606 1939; x_wconf 78' lang='grc' dir='ltr'>περὶ</span> 
     </span>
    </p>
   </div>
   <div class='ocr_carea' id='block_1_46' title="bbox 2018 1937 3645 2026">
    <p class='ocr_par' dir='ltr' id='par_1_46' title="bbox 2018 1937 3645 2026">
     <span class='ocr_line' id='line_1_46' title="bbox 2018 1937 3645 2026; baseline 0.015 -36"><span class='ocrx_word' id='word_1_316' title='bbox 2018 1937 2126 1992; x_wconf 84' lang='grc' dir='ltr'><strong>τῶν</strong></span> <span class='ocrx_word' id='word_1_317' title='bbox 2156 1941 2414 1996; x_wconf 82' lang='grc' dir='ltr'><strong>τοιούτων</strong></span> <span class='ocrx_word' id='word_1_318' title='bbox 2445 1960 2460 1975; x_wconf 85' lang='grc'><strong>·</strong></span> <span class='ocrx_word' id='word_1_319' title='bbox 2497 1964 2517 1996; x_wconf 80' lang='grc' dir='ltr'><strong>ι</strong></span> <span class='ocrx_word' id='word_1_320' title='bbox 2554 1947 2645 2018; x_wconf 86' lang='grc' dir='ltr'><strong>Μὴ</strong></span> <span class='ocrx_word' id='word_1_321' title='bbox 2668 1949 2776 2020; x_wconf 80' lang='grc' dir='ltr'>πρὸ</span> <span class='ocrx_word' id='word_1_322' title='bbox 2796 1953 2987 2023; x_wconf 82' lang='grc' dir='ltr'>καιροῦ</span> <span class='ocrx_word' id='word_1_323' title='bbox 3012 1970 3066 2006; x_wconf 88' lang='grc' dir='ltr'><strong>τι</strong></span> <span class='ocrx_word' id='word_1_324' title='bbox 3114 1956 3351 2026; x_wconf 83' lang='grc' dir='ltr'><strong>κρίνετε,</strong></span> <span class='ocrx_word' id='word_1_325' title='bbox 3404 1958 3510 2023; x_wconf 76' lang='grc' dir='ltr'>ἕως</span> <span class='ocrx_word' id='word_1_326' title='bbox 3538 1937 3605 2017; x_wconf 76' lang='grc' dir='ltr'><strong>ἀν</strong></span> <span class='ocrx_word' id='word_1_327' title='bbox 3638 1992 3645 1997; x_wconf 78' lang='grc'><strong><em>-</em></strong></span> 
     </span>
    </p>
   </div>
   <div class='ocr_carea' id='block_1_47' title="bbox 2017 2030 3604 2117">
    <p class='ocr_par' dir='ltr' id='par_1_47' title="bbox 2017 2030 3604 2117">
     <span class='ocr_line' id='line_1_47' title="bbox 2017 2030 3604 2117; baseline 0.014 -35"><span class='ocrx_word' id='word_1_328' title='bbox 2017 2030 2196 2102; x_wconf 73' lang='grc' dir='ltr'>ἔλθῃὸ</span> <span class='ocrx_word' id='word_1_329' title='bbox 2223 2033 2446 2104; x_wconf 83' lang='grc' dir='ltr'>Κύριος,</span> <span class='ocrx_word' id='word_1_330' title='bbox 2480 2039 2573 2091; x_wconf 79' lang='grc' dir='ltr'>καὶ</span> <span class='ocrx_word' id='word_1_331' title='bbox 2604 2042 2834 2107; x_wconf 80' lang='grc' dir='ltr'><strong>φωτίσει</strong></span> <span class='ocrx_word' id='word_1_332' title='bbox 2860 2043 2931 2098; x_wconf 82' lang='grc' dir='ltr'><strong>τὰ</strong></span> <span class='ocrx_word' id='word_1_333' title='bbox 2959 2047 3182 2117; x_wconf 85' lang='grc' dir='ltr'>κρυπτά</span> <span class='ocrx_word' id='word_1_334' title='bbox 3214 2049 3312 2101; x_wconf 88' lang='grc' dir='ltr'><strong>τοῦ</strong></span> <span class='ocrx_word' id='word_1_335' title='bbox 3353 2050 3604 2116; x_wconf 80' lang='grc' dir='ltr'>σκότους,</span> 
     </span>
    </p>
   </div>
   <div class='ocr_carea' id='block_1_48' title="bbox 2017 2125 3604 2211">
    <p class='ocr_par' dir='ltr' id='par_1_48' title="bbox 2017 2125 3604 2211">
     <span class='ocr_line' id='line_1_48' title="bbox 2017 2125 3604 2211; baseline 0.014 -37"><span class='ocrx_word' id='word_1_336' title='bbox 2017 2125 2113 2177; x_wconf 75' lang='grc' dir='ltr'>καὶ</span> <span class='ocrx_word' id='word_1_337' title='bbox 2150 2126 2454 2196; x_wconf 76' lang='grc' dir='ltr'>φανερώσει</span> <span class='ocrx_word' id='word_1_338' title='bbox 2495 2131 2594 2194; x_wconf 79' lang='grc' dir='ltr'><strong>τὰς</strong></span> <span class='ocrx_word' id='word_1_339' title='bbox 2622 2132 2819 2200; x_wconf 84' lang='grc' dir='ltr'>βουλὰς</span> <span class='ocrx_word' id='word_1_340' title='bbox 2854 2135 2966 2190; x_wconf 83' lang='grc' dir='ltr'><strong>τῶν</strong></span> <span class='ocrx_word' id='word_1_341' title='bbox 3029 2140 3286 2211; x_wconf 77' lang='grc' dir='ltr'>καρδιῶν.</span> <span class='ocrx_word' id='word_1_342' title='bbox 3326 2161 3346 2194; x_wconf 75' lang='grc' dir='ltr'><strong>ι</strong></span> <span class='ocrx_word' id='word_1_343' title='bbox 3411 2142 3494 2196; x_wconf 81' lang='grc' dir='ltr'><strong>Τὰ</strong></span> <span class='ocrx_word' id='word_1_344' title='bbox 3545 2141 3604 2196; x_wconf 85' lang='grc' dir='ltr'>δὲ</span> 
     </span>
    </p>
   </div>
   <div class='ocr_carea' id='block_1_49' title="bbox 2015 2217 3600 2307">
    <p class='ocr_par' dir='ltr' id='par_1_49' title="bbox 2015 2217 3600 2307">
     <span class='ocr_line' id='line_1_49' title="bbox 2015 2217 3600 2307; baseline 0.015 -39"><span class='ocrx_word' id='word_1_345' title='bbox 2015 2217 2111 2270; x_wconf 86' lang='grc' dir='ltr'><strong>τοῦ</strong></span> <span class='ocrx_word' id='word_1_346' title='bbox 2154 2218 2289 2271; x_wconf 88' lang='grc' dir='ltr'>Θεοῦ</span> <span class='ocrx_word' id='word_1_347' title='bbox 2342 2223 2589 2292; x_wconf 79' lang='grc' dir='ltr'>κρίματα</span> <span class='ocrx_word' id='word_1_348' title='bbox 2641 2227 2897 2292; x_wconf 77' lang='grc' dir='ltr'>ἐκδικεῖν,</span> <span class='ocrx_word' id='word_1_349' title='bbox 2942 2231 3318 2307; x_wconf 78' lang='grc' dir='ltr'><strong>ἀπαραίτητος</strong></span> <span class='ocrx_word' id='word_1_350' title='bbox 3360 2236 3600 2307; x_wconf 85' lang='grc' dir='ltr'>ἀνάγκη,</span> 
     </span>
    </p>
   </div>
   <div class='ocr_carea' id='block_1_50' title="bbox 2017 2310 3601 2400">
    <p class='ocr_par' dir='ltr' id='par_1_50' title="bbox 2017 2310 3601 2400">
     <span class='ocr_line' id='line_1_50' title="bbox 2017 2310 3601 2400; baseline 0.014 -39"><span class='ocrx_word' id='word_1_351' title='bbox 2017 2310 2105 2363; x_wconf 83' lang='grc' dir='ltr'>ἵνα</span> <span class='ocrx_word' id='word_1_352' title='bbox 2160 2312 2232 2381; x_wconf 81' lang='grc' dir='ltr'>μὴ</span> <span class='ocrx_word' id='word_1_353' title='bbox 2281 2316 2680 2392; x_wconf 87' lang='grc' dir='ltr'>συναπολαύσῃ-</span> <span class='ocrx_word' id='word_1_354' title='bbox 2717 2321 2820 2389; x_wconf 79' lang='grc' dir='ltr'>τῆς</span> <span class='ocrx_word' id='word_1_355' title='bbox 2867 2324 3036 2394; x_wconf 78' lang='grc' dir='ltr'>ὀργῆς</span> <span class='ocrx_word' id='word_1_356' title='bbox 3086 2327 3437 2395; x_wconf 76' lang='grc' dir='ltr'>αύτοῦ.Φησὶ</span> <span class='ocrx_word' id='word_1_357' title='bbox 3468 2330 3601 2400; x_wconf 86' lang='grc' dir='ltr'>γὰρ,</span> 
     </span>
    </p>
   </div>
   <div class='ocr_carea' id='block_1_51' title="bbox 2016 2402 3604 2494">
    <p class='ocr_par' dir='ltr' id='par_1_51' title="bbox 2016 2402 3604 2494">
     <span class='ocr_line' id='line_1_51' title="bbox 2016 2402 3604 2494; baseline 0.014 -40"><span class='ocrx_word' id='word_1_358' title='bbox 2016 2402 2106 2455; x_wconf 77' lang='grc' dir='ltr'><strong>τὸν</strong></span> <span class='ocrx_word' id='word_1_359' title='bbox 2131 2404 2519 2474; x_wconf 79' lang='grc' dir='ltr'>ἁμαρτάνοντα</span> <span class='ocrx_word' id='word_1_360' title='bbox 2575 2410 2809 2465; x_wconf 81' lang='grc' dir='ltr'>ἐνώπιον</span> <span class='ocrx_word' id='word_1_361' title='bbox 2850 2414 3070 2470; x_wconf 84' lang='grc' dir='ltr'>πάντων</span> <span class='ocrx_word' id='word_1_362' title='bbox 3132 2419 3404 2490; x_wconf 71' lang='grc' dir='ltr'>ἐλέγχειν,</span> <span class='ocrx_word' id='word_1_363' title='bbox 3462 2422 3604 2494; x_wconf 75' lang='grc' dir='ltr'>πλὴν</span> 
     </span>
    </p>
   </div>
   <div class='ocr_carea' id='block_1_52' title="bbox 2016 2495 3602 2585">
    <p class='ocr_par' dir='ltr' id='par_1_52' title="bbox 2016 2495 3602 2585">
     <span class='ocr_line' id='line_1_52' title="bbox 2016 2495 3602 2585; baseline 0.007 -39"><span class='ocrx_word' id='word_1_364' title='bbox 2016 2495 2065 2547; x_wconf 79' lang='grc' dir='ltr'>εἰ</span> <span class='ocrx_word' id='word_1_365' title='bbox 2098 2495 2172 2564; x_wconf 87' lang='grc' dir='ltr'>μή</span> <span class='ocrx_word' id='word_1_366' title='bbox 2201 2511 2287 2558; x_wconf 88' lang='grc' dir='ltr'><strong>τις</strong></span> <span class='ocrx_word' id='word_1_367' title='bbox 2325 2497 2394 2548; x_wconf 82' lang='grc' dir='ltr'>τὰ</span> <span class='ocrx_word' id='word_1_368' title='bbox 2424 2497 2565 2551; x_wconf 74' lang='grc' dir='ltr'>αὐτὰ</span> <span class='ocrx_word' id='word_1_369' title='bbox 2600 2499 2772 2555; x_wconf 82' lang='grc' dir='ltr'>ποιῶν</span> <span class='ocrx_word' id='word_1_370' title='bbox 2802 2503 2879 2574; x_wconf 81' lang='grc' dir='ltr'>τῷ</span> <span class='ocrx_word' id='word_1_371' title='bbox 2910 2506 3319 2581; x_wconf 79' lang='grc' dir='ltr'><strong>ἐγκαλουμένῳ,</strong></span> <span class='ocrx_word' id='word_1_372' title='bbox 3347 2512 3602 2585; x_wconf 72' lang='grc' dir='ltr'>άπαρῤη.</span> 
     </span>
    </p>
   </div>
   <div class='ocr_carea' id='block_1_53' title="bbox 2017 2586 3603 2676">
    <p class='ocr_par' dir='ltr' id='par_1_53' title="bbox 2017 2586 3603 2676">
     <span class='ocr_line' id='line_1_53' title="bbox 2017 2586 3603 2676; baseline 0.013 -38"><span class='ocrx_word' id='word_1_373' title='bbox 2017 2586 2237 2650; x_wconf 83' lang='grc' dir='ltr'>σίαστος</span> <span class='ocrx_word' id='word_1_374' title='bbox 2276 2589 2359 2660; x_wconf 79' lang='grc' dir='ltr'><strong>είη</strong></span> <span class='ocrx_word' id='word_1_375' title='bbox 2389 2589 2528 2660; x_wconf 79' lang='grc' dir='ltr'>πρὸς</span> <span class='ocrx_word' id='word_1_376' title='bbox 2566 2592 2625 2643; x_wconf 76' lang='grc' dir='ltr'>τὸ</span> <span class='ocrx_word' id='word_1_377' title='bbox 2651 2593 2859 2664; x_wconf 86' lang='grc' dir='ltr'>κρίνειν</span> <span class='ocrx_word' id='word_1_378' title='bbox 2890 2599 2986 2651; x_wconf 78' lang='grc' dir='ltr'>τὸν</span> <span class='ocrx_word' id='word_1_379' title='bbox 3027 2599 3277 2669; x_wconf 80' lang='grc' dir='ltr'>ἀδελφόν.</span> <span class='ocrx_word' id='word_1_380' title='bbox 3312 2604 3451 2673; x_wconf 80' lang='grc' dir='ltr'><strong>Φησὶ</strong></span> <span class='ocrx_word' id='word_1_381' title='bbox 3494 2604 3603 2676; x_wconf 79' lang='grc' dir='ltr'><strong>γὰρ</strong></span> 
     </span>
    </p>
   </div>
   <div class='ocr_carea' id='block_1_54' title="bbox 2013 2676 3603 2758">
    <p class='ocr_par' dir='ltr' id='par_1_54' title="bbox 2013 2676 3603 2758">
     <span class='ocr_line' id='line_1_54' title="bbox 2013 2676 3603 2758; baseline 0.011 -31"><span class='ocrx_word' id='word_1_382' title='bbox 2013 2676 2042 2727; x_wconf 87' lang='lat'><strong>6</strong></span> <span class='ocrx_word' id='word_1_383' title='bbox 2086 2676 2290 2746; x_wconf 81' lang='grc' dir='ltr'>Κύριος</span> <span class='ocrx_word' id='word_1_384' title='bbox 2326 2693 2340 2758; x_wconf 59' lang='grc' dir='ltr'><strong>ἡ</strong></span> <span class='ocrx_word' id='word_1_385' title='bbox 2405 2696 2424 2728; x_wconf 79' lang='grc' dir='ltr'><strong>ι</strong></span> <span class='ocrx_word' id='word_1_386' title='bbox 2465 2678 2720 2733; x_wconf 72' lang='grc' dir='ltr'><strong>ἜκϐαλεΔ</strong></span> <span class='ocrx_word' id='word_1_387' title='bbox 2766 2681 2986 2753; x_wconf 84' lang='grc' dir='ltr'>πρῶτον</span> <span class='ocrx_word' id='word_1_388' title='bbox 3029 2684 3128 2755; x_wconf 84' lang='grc' dir='ltr'>τὴν</span> <span class='ocrx_word' id='word_1_389' title='bbox 3184 2687 3342 2742; x_wconf 80' lang='grc' dir='ltr'>δοκὸν</span> <span class='ocrx_word' id='word_1_390' title='bbox 3390 2690 3456 2742; x_wconf 86' lang='grc' dir='ltr'>ἐκ</span> <span class='ocrx_word' id='word_1_391' title='bbox 3506 2690 3603 2744; x_wconf 84' lang='grc' dir='ltr'><strong>τοῦ</strong></span> 
     </span>
    </p>
   </div>
   <div class='ocr_carea' id='block_1_55' title="bbox 2014 2766 3603 2848">
    <p class='ocr_par' dir='ltr' id='par_1_55' title="bbox 2014 2766 3603 2848">
     <span class='ocr_line' id='line_1_55' title="bbox 2014 2766 3603 2848; baseline 0.011 -29"><span class='ocrx_word' id='word_1_392' title='bbox 2014 2766 2298 2839; x_wconf 75' lang='grc' dir='ltr'><strong>ὀφθαλμοῦ</strong></span> <span class='ocrx_word' id='word_1_393' title='bbox 2367 2785 2485 2831; x_wconf 88' lang='grc' dir='ltr'>σου,</span> <span class='ocrx_word' id='word_1_394' title='bbox 2547 2771 2641 2825; x_wconf 75' lang='grc' dir='ltr'>καὶ</span> <span class='ocrx_word' id='word_1_395' title='bbox 2693 2772 2817 2826; x_wconf 87' lang='grc' dir='ltr'>τότε</span> <span class='ocrx_word' id='word_1_396' title='bbox 2871 2775 3190 2848; x_wconf 64' lang='grc' dir='ltr'>διαϐλὲψεις</span> <span class='ocrx_word' id='word_1_397' title='bbox 3236 2780 3493 2836; x_wconf 81' lang='grc' dir='ltr'>ἐκϐαλεῖν</span> <span class='ocrx_word' id='word_1_398' title='bbox 3540 2783 3603 2837; x_wconf 78' lang='grc' dir='ltr'><strong>τὸ</strong></span> 
     </span>
    </p>
   </div>
   <div class='ocr_carea' id='block_1_56' title="bbox 2015 2861 3385 2941">
    <p class='ocr_par' dir='ltr' id='par_1_56' title="bbox 2015 2861 3385 2941">
     <span class='ocr_line' id='line_1_56' title="bbox 2015 2861 3385 2941; baseline 0.012 -30"><span class='ocrx_word' id='word_1_399' title='bbox 2015 2861 2229 2931; x_wconf 82' lang='grc' dir='ltr'>κάρφος</span> <span class='ocrx_word' id='word_1_400' title='bbox 2260 2862 2323 2913; x_wconf 79' lang='grc' dir='ltr'>ἐκ</span> <span class='ocrx_word' id='word_1_401' title='bbox 2354 2861 2449 2913; x_wconf 88' lang='grc' dir='ltr'><strong>τοῦ</strong></span> <span class='ocrx_word' id='word_1_402' title='bbox 2489 2862 2775 2935; x_wconf 73' lang='grc' dir='ltr'><strong>ὀφθαλμοῦ</strong></span> <span class='ocrx_word' id='word_1_403' title='bbox 2805 2867 2900 2921; x_wconf 91' lang='grc' dir='ltr'><strong>τοῦ</strong></span> <span class='ocrx_word' id='word_1_404' title='bbox 2938 2869 3169 2941; x_wconf 84' lang='grc' dir='ltr'>ἀδελφοῦ</span> <span class='ocrx_word' id='word_1_405' title='bbox 3209 2889 3325 2927; x_wconf 89' lang='grc' dir='ltr'>σου.</span> <span class='ocrx_word' id='word_1_406' title='bbox 3365 2892 3385 2926; x_wconf 76' lang='grc' dir='ltr'><strong>ι</strong></span> 
     </span>
    </p>
   </div>
   <div class='ocr_carea' id='block_1_57' title="bbox 2123 2973 3494 3046">
    <p class='ocr_par' dir='ltr' id='par_1_57' title="bbox 2123 2973 3494 3046">
     <span class='ocr_line' id='line_1_57' title="bbox 2123 2973 3494 3046; baseline 0.01 -19"><span class='ocrx_word' id='word_1_407' title='bbox 2123 2973 2237 3028; x_wconf 79' lang='grc' dir='ltr'>Τοῦ</span> <span class='ocrx_word' id='word_1_408' title='bbox 2284 2977 2720 3046; x_wconf 80' lang='grc' dir='ltr'>Χρυσοστόμου</span> <span class='ocrx_word' id='word_1_409' title='bbox 2764 2980 2832 3034; x_wconf 83' lang='grc' dir='ltr'>ἐκ</span> <span class='ocrx_word' id='word_1_410' title='bbox 2858 2982 2965 3037; x_wconf 82' lang='grc' dir='ltr'><strong>τοῦ</strong></span> <span class='ocrx_word' id='word_1_411' title='bbox 2993 2984 3144 3037; x_wconf 78' lang='grc' dir='ltr'>κατὰ</span> <span class='ocrx_word' id='word_1_412' title='bbox 3170 2987 3494 3041; x_wconf 78' lang='grc' dir='ltr'>Ματθαῖον.</span> 
     </span>
    </p>
   </div>
   <div class='ocr_carea' id='block_1_58' title="bbox 394 3044 1914 3153">
    <p class='ocr_par' dir='ltr' id='par_1_58' title="bbox 394 3044 1913 3137">
     <span class='ocr_line' id='line_1_58' title="bbox 394 3044 1913 3137; baseline 0.003 -32"><span class='ocrx_word' id='word_1_413' title='bbox 394 3049 546 3105; x_wconf 84' lang='lat' dir='ltr'><strong>Multi</strong></span> <span class='ocrx_word' id='word_1_414' title='bbox 600 3066 666 3104; x_wconf 78' lang='lat' dir='ltr'><strong>ex</strong></span> <span class='ocrx_word' id='word_1_415' title='bbox 722 3050 1119 3119; x_wconf 86' lang='lat' dir='ltr'><strong>insipientibus</strong></span> <span class='ocrx_word' id='word_1_416' title='bbox 1170 3044 1529 3108; x_wconf 59' lang='lat' dir='ltr'><strong>saecularibus</strong></span> <span class='ocrx_word' id='word_1_417' title='bbox 1568 3055 1683 3137; x_wconf 27' lang='lat' dir='ltr'><strong>&#39;hoc</strong></span> <span class='ocrx_word' id='word_1_418' title='bbox 1734 3055 1913 3109; x_wconf 88' lang='lat' dir='ltr'><strong>solent</strong></span> 
     </span>
    </p>
   </div>
   <div class='ocr_carea' id='block_1_59' title="bbox 2018 3044 3600 3153">
    <p class='ocr_par' dir='ltr' id='par_1_59' title="bbox 2088 3064 3600 3153">
     <span class='ocr_line' id='line_1_59' title="bbox 2088 3064 3600 3153; baseline 0.01 -34"><span class='ocrx_word' id='word_1_419' title='bbox 2088 3064 2260 3121; x_wconf 89' lang='grc' dir='ltr'>Τοῦτο</span> <span class='ocrx_word' id='word_1_420' title='bbox 2299 3068 2484 3120; x_wconf 81' lang='grc' dir='ltr'>πολλοὶ</span> <span class='ocrx_word' id='word_1_421' title='bbox 2517 3069 2625 3122; x_wconf 85' lang='grc' dir='ltr'>τῶν</span> <span class='ocrx_word' id='word_1_422' title='bbox 2666 3072 2923 3143; x_wconf 84' lang='grc' dir='ltr'><strong>ἀφρόνων</strong></span> <span class='ocrx_word' id='word_1_423' title='bbox 2965 3077 3271 3153; x_wconf 82' lang='grc' dir='ltr'>κοσμικῶν,</span> <span class='ocrx_word' id='word_1_424' title='bbox 3302 3078 3438 3148; x_wconf 80' lang='grc' dir='ltr'>πρὸς</span> <span class='ocrx_word' id='word_1_425' title='bbox 3472 3080 3600 3144; x_wconf 77' lang='grc' dir='ltr'>τοὺς</span> 
     </span>
    </p>
   </div>
   <div class='ocr_carea' id='block_1_60' title="bbox 321 3130 1912 3215">
    <p class='ocr_par' dir='ltr' id='par_1_60' title="bbox 321 3130 1912 3215">
     <span class='ocr_line' id='line_1_60' title="bbox 321 3130 1912 3215; baseline 0.005 -20"><span class='ocrx_word' id='word_1_426' title='bbox 321 3145 600 3215; x_wconf 67' lang='lat' dir='ltr'><strong>prmcipue</strong></span> <span class='ocrx_word' id='word_1_427' title='bbox 636 3143 816 3198; x_wconf 86' lang='lat' dir='ltr'><strong>facere</strong></span> <span class='ocrx_word' id='word_1_428' title='bbox 841 3142 1111 3198; x_wconf 84' lang='lat' dir='ltr'><strong>adversus</strong></span> <span class='ocrx_word' id='word_1_429' title='bbox 1149 3147 1473 3200; x_wconf 83' lang='lat' dir='ltr'><strong>monachos.</strong></span> <span class='ocrx_word' id='word_1_430' title='bbox 1502 3130 1735 3212; x_wconf 79' lang='lat' dir='ltr'><strong>Quando</strong></span> <span class='ocrx_word' id='word_1_431' title='bbox 1758 3147 1912 3203; x_wconf 78' lang='lat' dir='ltr'><strong>vide-</strong></span> 
     </span>
    </p>
   </div>
   <div class='ocr_carea' id='block_1_61' title="bbox 322 3237 1912 3309">
    <p class='ocr_par' dir='ltr' id='par_1_61' title="bbox 322 3237 1912 3309">
     <span class='ocr_line' id='line_1_61' title="bbox 322 3237 1912 3309; baseline 0.003 -18"><span class='ocrx_word' id='word_1_432' title='bbox 322 3241 431 3293; x_wconf 73' lang='lat' dir='ltr'><strong>rint</strong></span> <span class='ocrx_word' id='word_1_433' title='bbox 461 3237 701 3306; x_wconf 79' lang='lat' dir='ltr'><strong>aliquem</strong></span> <span class='ocrx_word' id='word_1_434' title='bbox 725 3252 794 3291; x_wconf 78' lang='lat' dir='ltr'><strong>ex</strong></span> <span class='ocrx_word' id='word_1_435' title='bbox 842 3237 1133 3291; x_wconf 85' lang='lat' dir='ltr'><strong>monachis</strong></span> <span class='ocrx_word' id='word_1_436' title='bbox 1169 3238 1375 3293; x_wconf 83' lang='lat' dir='ltr'><strong>habere</strong></span> <span class='ocrx_word' id='word_1_437' title='bbox 1403 3238 1613 3307; x_wconf 87' lang='lat' dir='ltr'><strong>aliquid</strong></span> <span class='ocrx_word' id='word_1_438' title='bbox 1650 3255 1912 3309; x_wconf 80' lang='lat' dir='ltr'><strong>superva—</strong></span> 
     </span>
    </p>
   </div>
   <div class='ocr_carea' id='block_1_62' title="bbox 322 3328 1909 3401">
    <p class='ocr_par' dir='ltr' id='par_1_62' title="bbox 322 3328 1909 3401">
     <span class='ocr_line' id='line_1_62' title="bbox 322 3328 1909 3401; baseline 0.003 -20"><span class='ocrx_word' id='word_1_439' title='bbox 322 3344 577 3391; x_wconf 70' lang='lat' dir='ltr'><strong>caneum,</strong></span> <span class='ocrx_word' id='word_1_440' title='bbox 612 3328 663 3382; x_wconf 89' lang='lat' dir='ltr'><strong>ei</strong></span> <span class='ocrx_word' id='word_1_441' title='bbox 704 3328 881 3397; x_wconf 81' lang='lat' dir='ltr'><strong>legem</strong></span> <span class='ocrx_word' id='word_1_442' title='bbox 909 3328 1184 3399; x_wconf 87' lang='lat' dir='ltr'><strong>objiciunt</strong></span> <span class='ocrx_word' id='word_1_443' title='bbox 1231 3330 1597 3393; x_wconf 89' lang='lat' dir='ltr'><strong>Dominicam,</strong></span> <span class='ocrx_word' id='word_1_444' title='bbox 1639 3346 1765 3386; x_wconf 89' lang='lat' dir='ltr'><strong>cum</strong></span> <span class='ocrx_word' id='word_1_445' title='bbox 1805 3331 1909 3401; x_wconf 90' lang='lat' dir='ltr'><strong>ipsi</strong></span> 
     </span>
    </p>
   </div>
   <div class='ocr_carea' id='block_1_63' title="bbox 320 3419 1913 3491">
    <p class='ocr_par' dir='ltr' id='par_1_63' title="bbox 320 3419 1913 3491">
     <span class='ocr_line' id='line_1_63' title="bbox 320 3419 1913 3491; baseline 0.001 -16"><span class='ocrx_word' id='word_1_446' title='bbox 320 3419 749 3476; x_wconf 84' lang='lat' dir='ltr'><strong>innumerabilia</strong></span> <span class='ocrx_word' id='word_1_447' title='bbox 799 3430 1070 3489; x_wconf 89' lang='lat' dir='ltr'><strong>usurpeut</strong></span> <span class='ocrx_word' id='word_1_448' title='bbox 1107 3429 1163 3476; x_wconf 87' lang='lat' dir='ltr'><strong>et</strong></span> <span class='ocrx_word' id='word_1_449' title='bbox 1208 3420 1550 3491; x_wconf 86' lang='lat' dir='ltr'><strong>possideant.</strong></span> <span class='ocrx_word' id='word_1_450' title='bbox 1580 3421 1651 3475; x_wconf 90' lang='lat' dir='ltr'><strong>Et</strong></span> <span class='ocrx_word' id='word_1_451' title='bbox 1680 3422 1726 3476; x_wconf 91' lang='lat' dir='ltr'><strong>si</strong></span> <span class='ocrx_word' id='word_1_452' title='bbox 1753 3422 1913 3477; x_wconf 82' lang='lat' dir='ltr'><strong>vide-</strong></span> 
     </span>
    </p>
   </div>
   <div class='ocr_carea' id='block_1_64' title="bbox 321 3511 1911 3589">
    <p class='ocr_par' dir='ltr' id='par_1_64' title="bbox 321 3511 1911 3589">
     <span class='ocr_line' id='line_1_64' title="bbox 321 3511 1911 3589; baseline 0.002 -23"><span class='ocrx_word' id='word_1_453' title='bbox 321 3514 436 3567; x_wconf 89' lang='lat' dir='ltr'><strong>rint</strong></span> <span class='ocrx_word' id='word_1_454' title='bbox 467 3527 596 3568; x_wconf 83' lang='lat' dir='ltr'><strong>eum</strong></span> <span class='ocrx_word' id='word_1_455' title='bbox 645 3526 870 3567; x_wconf 87' lang='lat' dir='ltr'><strong>sumere</strong></span> <span class='ocrx_word' id='word_1_456' title='bbox 903 3511 1229 3566; x_wconf 88' lang='lat' dir='ltr'><strong>alimentum</strong></span> <span class='ocrx_word' id='word_1_457' title='bbox 1260 3512 1425 3589; x_wconf 87' lang='lat' dir='ltr'><strong>paulo</strong></span> <span class='ocrx_word' id='word_1_458' title='bbox 1457 3513 1687 3576; x_wconf 86' lang='lat' dir='ltr'><strong>lautius,</strong></span> <span class='ocrx_word' id='word_1_459' title='bbox 1728 3522 1786 3568; x_wconf 91' lang='lat' dir='ltr'><strong>et</strong></span> <span class='ocrx_word' id='word_1_460' title='bbox 1817 3530 1911 3570; x_wconf 88' lang='lat' dir='ltr'><strong>co-</strong></span> 
     </span>
    </p>
   </div>
   <div class='ocr_carea' id='block_1_65' title="bbox 320 3604 1909 3676">
    <p class='ocr_par' dir='ltr' id='par_1_65' title="bbox 320 3604 1909 3676">
     <span class='ocr_line' id='line_1_65' title="bbox 320 3604 1909 3676; baseline 0.004 -20"><span class='ocrx_word' id='word_1_461' title='bbox 320 3605 558 3676; x_wconf 79' lang='lat' dir='ltr'><strong>piosius,</strong></span> <span class='ocrx_word' id='word_1_462' title='bbox 602 3605 807 3660; x_wconf 88' lang='lat' dir='ltr'><strong>acriter</strong></span> <span class='ocrx_word' id='word_1_463' title='bbox 839 3604 1284 3674; x_wconf 86' lang='lat' dir='ltr'><strong>reprehendunt,</strong></span> <span class='ocrx_word' id='word_1_464' title='bbox 1334 3618 1460 3658; x_wconf 92' lang='lat' dir='ltr'><strong>cum</strong></span> <span class='ocrx_word' id='word_1_465' title='bbox 1511 3605 1616 3675; x_wconf 85' lang='lat' dir='ltr'><strong>ipsi</strong></span> <span class='ocrx_word' id='word_1_466' title='bbox 1660 3606 1909 3676; x_wconf 89' lang='lat' dir='ltr'><strong>quotidie</strong></span> 
     </span>
    </p>
   </div>
   <div class='ocr_carea' id='block_1_66' title="bbox 322 3695 1907 3767">
    <p class='ocr_par' dir='ltr' id='par_1_66' title="bbox 322 3695 1907 3767">
     <span class='ocr_line' id='line_1_66' title="bbox 322 3695 1907 3767; baseline 0.001 -16"><span class='ocrx_word' id='word_1_467' title='bbox 322 3697 670 3752; x_wconf 57' lang='lat' dir='ltr'><strong>ixebrientur</strong></span> <span class='ocrx_word' id='word_1_468' title='bbox 728 3705 787 3751; x_wconf 90' lang='lat' dir='ltr'><strong>et</strong></span> <span class='ocrx_word' id='word_1_469' title='bbox 832 3695 1191 3765; x_wconf 88' lang='lat' dir='ltr'><strong>crapulentur</strong></span> <span class='ocrx_word' id='word_1_470' title='bbox 1225 3696 1573 3751; x_wconf 81' lang='lat' dir='ltr'><strong>:nescientes</strong></span> <span class='ocrx_word' id='word_1_471' title='bbox 1602 3696 1751 3767; x_wconf 91' lang='lat' dir='ltr'><strong>quod</strong></span> <span class='ocrx_word' id='word_1_472' title='bbox 1782 3713 1907 3754; x_wconf 89' lang='lat' dir='ltr'><strong>cum</strong></span> 
     </span>
    </p>
   </div>
   <div class='ocr_carea' id='block_1_67' title="bbox 322 3786 1905 3860">
    <p class='ocr_par' dir='ltr' id='par_1_67' title="bbox 322 3786 1905 3860">
     <span class='ocr_line' id='line_1_67' title="bbox 322 3786 1905 3860; baseline 0.002 -19"><span class='ocrx_word' id='word_1_473' title='bbox 322 3788 563 3858; x_wconf 71' lang='lat' dir='ltr'><strong>propriis</strong></span> <span class='ocrx_word' id='word_1_474' title='bbox 591 3787 837 3858; x_wconf 88' lang='lat' dir='ltr'><strong>peccatis</strong></span> <span class='ocrx_word' id='word_1_475' title='bbox 872 3786 1142 3857; x_wconf 89' lang='lat' dir='ltr'><strong>majorem</strong></span> <span class='ocrx_word' id='word_1_476' title='bbox 1165 3786 1346 3857; x_wconf 77' lang='lat' dir='ltr'><strong>ignem</strong></span> <span class='ocrx_word' id='word_1_477' title='bbox 1378 3786 1510 3842; x_wconf 87' lang='lat' dir='ltr'><strong>hinc</strong></span> <span class='ocrx_word' id='word_1_478' title='bbox 1536 3789 1641 3843; x_wconf 88' lang='lat' dir='ltr'><strong>sibi</strong></span> <span class='ocrx_word' id='word_1_479' title='bbox 1672 3803 1905 3860; x_wconf 83' lang='lat' dir='ltr'><strong>congre-</strong></span> 
     </span>
    </p>
   </div>
   <div class='ocr_carea' id='block_1_68' title="bbox 320 3881 1904 3953">
    <p class='ocr_par' dir='ltr' id='par_1_68' title="bbox 320 3881 1904 3953">
     <span class='ocr_line' id='line_1_68' title="bbox 320 3881 1904 3953; baseline 0.001 -20"><span class='ocrx_word' id='word_1_480' title='bbox 320 3892 486 3951; x_wconf 66' lang='lat' dir='ltr'><strong>grnt,</strong></span> <span class='ocrx_word' id='word_1_481' title='bbox 553 3890 609 3939; x_wconf 90' lang='lat' dir='ltr'><strong>et</strong></span> <span class='ocrx_word' id='word_1_482' title='bbox 654 3894 923 3953; x_wconf 68' lang='lat' dir='ltr'><strong>praetcrea</strong></span> <span class='ocrx_word' id='word_1_483' title='bbox 967 3897 1029 3937; x_wconf 86' lang='lat' dir='ltr'><strong>se</strong></span> <span class='ocrx_word' id='word_1_484' title='bbox 1085 3881 1307 3951; x_wconf 84' lang='lat' dir='ltr'><strong>privent</strong></span> <span class='ocrx_word' id='word_1_485' title='bbox 1361 3882 1513 3937; x_wconf 84' lang='lat' dir='ltr'><strong>omni</strong></span> <span class='ocrx_word' id='word_1_486' title='bbox 1562 3881 1904 3937; x_wconf 83' lang='lat' dir='ltr'><strong>defensione.</strong></span> 
     </span>
    </p>
   </div>
   <div class='ocr_carea' id='block_1_69' title="bbox 319 3972 1906 4046">
    <p class='ocr_par' dir='ltr' id='par_1_69' title="bbox 319 3972 1906 4046">
     <span class='ocr_line' id='line_1_69' title="bbox 319 3972 1906 4046; baseline -0.001 -16"><span class='ocrx_word' id='word_1_487' title='bbox 319 3976 478 4030; x_wconf 60' lang='lat' dir='ltr'><strong>l’nde</strong></span> <span class='ocrx_word' id='word_1_488' title='bbox 520 3974 805 4046; x_wconf 78' lang='lat' dir='ltr'><strong>subjungit</strong></span> <span class='ocrx_word' id='word_1_489' title='bbox 848 3974 1117 4029; x_wconf 84' lang='lat' dir='ltr'><strong>Dominus</strong></span> <span class='ocrx_word' id='word_1_490' title='bbox 1152 3992 1166 4028; x_wconf 92' lang='lat'><strong>:</strong></span> <span class='ocrx_word' id='word_1_491' title='bbox 1198 3993 1217 4025; x_wconf 78' lang='grc' dir='ltr'><strong>ι</strong></span> <span class='ocrx_word' id='word_1_492' title='bbox 1250 3972 1394 4041; x_wconf 87' lang='lat' dir='ltr'><strong>Quid</strong></span> <span class='ocrx_word' id='word_1_493' title='bbox 1436 3974 1596 4031; x_wconf 79' lang='lat' dir='ltr'><strong>vides</strong></span> <span class='ocrx_word' id='word_1_494' title='bbox 1638 3975 1906 4030; x_wconf 86' lang='lat' dir='ltr'><strong>festucam</strong></span> 
     </span>
    </p>
   </div>
   <div class='ocr_carea' id='block_1_70' title="bbox 323 4065 1927 4132">
    <p class='ocr_par' dir='ltr' id='par_1_70' title="bbox 323 4065 1927 4132">
     <span class='ocr_line' id='line_1_70' title="bbox 323 4065 1927 4132; baseline 0.001 -12"><span class='ocrx_word' id='word_1_495' title='bbox 323 4069 376 4121; x_wconf 91' lang='lat' dir='ltr'><strong>in</strong></span> <span class='ocrx_word' id='word_1_496' title='bbox 412 4067 574 4121; x_wconf 90' lang='lat' dir='ltr'><strong>oculo</strong></span> <span class='ocrx_word' id='word_1_497' title='bbox 598 4066 782 4122; x_wconf 89' lang='lat' dir='ltr'><strong>fratris</strong></span> <span class='ocrx_word' id='word_1_498' title='bbox 808 4066 911 4132; x_wconf 83' lang='lat' dir='ltr'><strong>t’ui,</strong></span> <span class='ocrx_word' id='word_1_499' title='bbox 943 4065 1002 4120; x_wconf 90' lang='lat' dir='ltr'><strong>in</strong></span> <span class='ocrx_word' id='word_1_500' title='bbox 1031 4073 1127 4121; x_wconf 87' lang='lat' dir='ltr'><strong>tuo</strong></span> <span class='ocrx_word' id='word_1_501' title='bbox 1150 4075 1336 4122; x_wconf 86' lang='lat' dir='ltr'><strong>autem</strong></span> <span class='ocrx_word' id='word_1_502' title='bbox 1361 4068 1523 4123; x_wconf 86' lang='lat' dir='ltr'><strong>oculo</strong></span> <span class='ocrx_word' id='word_1_503' title='bbox 1547 4067 1764 4123; x_wconf 91' lang='lat' dir='ltr'><strong>trabem</strong></span> <span class='ocrx_word' id='word_1_504' title='bbox 1796 4083 1927 4122; x_wconf 90' lang='lat' dir='ltr'><strong>non.</strong></span> 
     </span>
    </p>
   </div>
   <div class='ocr_carea' id='block_1_71' title="bbox 321 4159 798 4215">
    <p class='ocr_par' dir='ltr' id='par_1_71' title="bbox 321 4159 798 4215">
     <span class='ocr_line' id='line_1_71' title="bbox 321 4159 798 4215; baseline -0.006 -1"><span class='ocrx_word' id='word_1_505' title='bbox 321 4159 643 4215; x_wconf 85' lang='lat' dir='ltr'><strong>consideras</strong></span> <span class='ocrx_word' id='word_1_506' title='bbox 657 4159 698 4190; x_wconf 82' lang='lat'><strong>&quot;’</strong></span> <span class='ocrx_word' id='word_1_507' title='bbox 721 4159 745 4213; x_wconf 89' lang='lat'><strong>?</strong></span> <span class='ocrx_word' id='word_1_508' title='bbox 780 4179 798 4211; x_wconf 74' lang='grc' dir='ltr'><strong>ι</strong></span> 
     </span>
    </p>
   </div>
   <div class='ocr_carea' id='block_1_72' title="bbox 575 4309 1610 4419">
    <p class='ocr_par' dir='ltr' id='par_1_72' title="bbox 575 4309 1610 4419">
     <span class='ocr_line' id='line_1_72' title="bbox 575 4309 1610 4419; baseline -0.009 -14"><span class='ocrx_word' id='word_1_509' title='bbox 575 4309 1142 4419; x_wconf 68' lang='grc' dir='ltr'><strong>ΟυλΕΞΊῚΟ</strong></span> <span class='ocrx_word' id='word_1_510' title='bbox 1219 4313 1610 4399; x_wconf 82' lang='lat' dir='ltr'><strong>LXXI.‘</strong></span> 
     </span>
    </p>
   </div>
   <div class='ocr_carea' id='block_1_73' title="bbox 321 4442 1900 4537">
    <p class='ocr_par' dir='ltr' id='par_1_73' title="bbox 321 4442 1900 4537">
     <span class='ocr_line' id='line_1_73' title="bbox 321 4442 1900 4537; baseline -0.003 -18"><span class='ocrx_word' id='word_1_511' title='bbox 321 4466 592 4531; x_wconf 68' lang='lat' dir='ltr'><strong>Quomodo</strong></span> <span class='ocrx_word' id='word_1_512' title='bbox 616 4475 691 4521; x_wconf 76' lang='lat' dir='ltr'><strong>est</strong></span> <span class='ocrx_word' id='word_1_513' title='bbox 732 4465 1135 4537; x_wconf 79' lang='lat' dir='ltr'><strong>intelligendum</strong></span> <span class='ocrx_word' id='word_1_514' title='bbox 1162 4478 1179 4517; x_wconf 92' lang='lat'><strong><em>:</em></strong></span> <span class='ocrx_word' id='word_1_515' title='bbox 1195 4480 1229 4537; x_wconf 75' lang='lat'><strong>_¢</strong></span> <span class='ocrx_word' id='word_1_516' title='bbox 1266 4461 1517 4537; x_wconf 60' lang='lat' dir='ltr'><strong>Qrateue</strong></span> <span class='ocrx_word' id='word_1_517' title='bbox 1560 4442 1900 4531; x_wconf 50' lang='grc' dir='ltr'>ταράσσειιά</span> 
     </span>
    </p>
   </div>
   <div class='ocr_carea' id='block_1_74' title="bbox 717 4530 1515 4605">
    <p class='ocr_par' dir='ltr' id='par_1_74' title="bbox 717 4530 1515 4605">
     <span class='ocr_line' id='line_1_74' title="bbox 717 4530 1515 4605; baseline -0.006 -16"><span class='ocrx_word' id='word_1_518' title='bbox 717 4535 817 4605; x_wconf 74' lang='lat' dir='ltr'><strong>ﬁat</strong></span> <span class='ocrx_word' id='word_1_519' title='bbox 841 4530 1032 4599; x_wconf 69' lang='lat' dir='ltr'><strong>hieme,</strong></span> <span class='ocrx_word' id='word_1_520' title='bbox 1065 4543 1159 4587; x_wconf 84' lang='lat' dir='ltr'><strong>aut</strong></span> <span class='ocrx_word' id='word_1_521' title='bbox 1185 4530 1415 4587; x_wconf 85' lang='lat' dir='ltr'><strong>Sabbato</strong></span> <span class='ocrx_word' id='word_1_522' title='bbox 1434 4531 1515 4584; x_wconf 68' lang='lat'><strong>&quot;2</strong></span> 
     </span>
    </p>
   </div>
   <div class='ocr_carea' id='block_1_75' title="bbox 932 4646 1337 4705">
    <p class='ocr_par' dir='ltr' id='par_1_75' title="bbox 932 4646 1337 4705">
     <span class='ocr_line' id='line_1_75' title="bbox 932 4646 1337 4705; baseline -0.007 -1"><span class='ocrx_word' id='word_1_523' title='bbox 932 4646 1337 4705; x_wconf 84' lang='lat' dir='ltr'><strong>RESPONSIO.</strong></span> 
     </span>
    </p>
   </div>
   <div class='ocr_carea' id='block_1_76' title="bbox 392 4736 1896 4803">
    <p class='ocr_par' dir='ltr' id='par_1_76' title="bbox 392 4736 1896 4803">
     <span class='ocr_line' id='line_1_76' title="bbox 392 4736 1896 4803; baseline -0.002 -8"><span class='ocrx_word' id='word_1_524' title='bbox 392 4738 704 4795; x_wconf 80' lang='lat' dir='ltr'><strong>Notandum</strong></span> <span class='ocrx_word' id='word_1_525' title='bbox 764 4749 852 4795; x_wconf 86' lang='lat' dir='ltr'><strong>est</strong></span> <span class='ocrx_word' id='word_1_526' title='bbox 882 4739 1058 4794; x_wconf 91' lang='lat' dir='ltr'><strong>Deum</strong></span> <span class='ocrx_word' id='word_1_527' title='bbox 1109 4754 1222 4794; x_wconf 85' lang='lat' dir='ltr'><strong>non</strong></span> <span class='ocrx_word' id='word_1_528' title='bbox 1264 4736 1461 4792; x_wconf 83' lang='lat' dir='ltr'><strong>fecisse</strong></span> <span class='ocrx_word' id='word_1_529' title='bbox 1500 4736 1764 4803; x_wconf 88' lang='lat' dir='ltr'><strong>hiemem,</strong></span> <span class='ocrx_word' id='word_1_530' title='bbox 1799 4745 1896 4792; x_wconf 91' lang='lat' dir='ltr'><strong>aut</strong></span> 
     </span>
    </p>
   </div>
   <div class='ocr_carea' id='block_1_77' title="bbox 321 4828 1906 4902">
    <p class='ocr_par' dir='ltr' id='par_1_77' title="bbox 321 4828 1906 4902">
     <span class='ocr_line' id='line_1_77' title="bbox 321 4828 1906 4902; baseline 0 -15"><span class='ocrx_word' id='word_1_531' title='bbox 321 4833 615 4887; x_wconf 61' lang='lat' dir='ltr'><strong>sabbatum</strong></span> <span class='ocrx_word' id='word_1_532' title='bbox 668 4831 875 4886; x_wconf 88' lang='lat' dir='ltr'><strong>malum</strong></span> <span class='ocrx_word' id='word_1_533' title='bbox 903 4850 917 4886; x_wconf 89' lang='lat'><strong>:</strong></span> <span class='ocrx_word' id='word_1_534' title='bbox 950 4832 1217 4902; x_wconf 88' lang='lat' dir='ltr'><strong>scriptum</strong></span> <span class='ocrx_word' id='word_1_535' title='bbox 1251 4839 1338 4886; x_wconf 91' lang='lat' dir='ltr'><strong>est</strong></span> <span class='ocrx_word' id='word_1_536' title='bbox 1357 4829 1505 4884; x_wconf 89' lang='lat' dir='ltr'><strong>enim</strong></span> <span class='ocrx_word' id='word_1_537' title='bbox 1540 4847 1554 4884; x_wconf 87' lang='lat'><strong>:</strong></span> <span class='ocrx_word' id='word_1_538' title='bbox 1588 4848 1607 4880; x_wconf 78' lang='grc' dir='ltr'><strong>ι</strong></span> <span class='ocrx_word' id='word_1_539' title='bbox 1636 4828 1906 4887; x_wconf 68' lang='lat' dir='ltr'><strong>Estatem</strong></span> 
     </span>
    </p>
   </div>
   <div class='ocr_carea' id='block_1_78' title="bbox 319 4923 1904 4989">
    <p class='ocr_par' dir='ltr' id='par_1_78' title="bbox 319 4923 1904 4989">
     <span class='ocr_line' id='line_1_78' title="bbox 319 4923 1904 4989; baseline 0.001 -10"><span class='ocrx_word' id='word_1_540' title='bbox 319 4936 377 4980; x_wconf 77' lang='lat' dir='ltr'><strong>ri.</strong></span> <span class='ocrx_word' id='word_1_541' title='bbox 426 4942 524 4981; x_wconf 83' lang='lat' dir='ltr'><strong>ver</strong></span> <span class='ocrx_word' id='word_1_542' title='bbox 577 4935 634 4979; x_wconf 90' lang='lat' dir='ltr'><strong>tu</strong></span> <span class='ocrx_word' id='word_1_543' title='bbox 687 4925 935 4980; x_wconf 88' lang='lat' dir='ltr'><strong>formasti</strong></span> <span class='ocrx_word' id='word_1_544' title='bbox 960 4925 1022 4978; x_wconf 72' lang='grc' dir='ltr'><strong>η.</strong></span> <span class='ocrx_word' id='word_1_545' title='bbox 1065 4924 1173 4979; x_wconf 66' lang='lat' dir='ltr'><strong>tln</strong></span> <span class='ocrx_word' id='word_1_546' title='bbox 1219 4923 1403 4978; x_wconf 88' lang='lat' dir='ltr'><strong>hieme</strong></span> <span class='ocrx_word' id='word_1_547' title='bbox 1454 4929 1640 4977; x_wconf 88' lang='lat' dir='ltr'><strong>autem</strong></span> <span class='ocrx_word' id='word_1_548' title='bbox 1690 4938 1904 4989; x_wconf 92' lang='lat' dir='ltr'><strong>sumus,</strong></span> 
     </span>
    </p>
   </div>
   <div class='ocr_carea' id='block_1_79' title="bbox 319 5016 1903 5090">
    <p class='ocr_par' dir='ltr' id='par_1_79' title="bbox 319 5016 1903 5090">
     <span class='ocr_line' id='line_1_79' title="bbox 319 5016 1903 5090; baseline -0.001 -16"><span class='ocrx_word' id='word_1_549' title='bbox 319 5020 545 5090; x_wconf 80' lang='lat' dir='ltr'><strong>quando</strong></span> <span class='ocrx_word' id='word_1_550' title='bbox 577 5020 763 5075; x_wconf 83' lang='lat' dir='ltr'><strong>carnis</strong></span> <span class='ocrx_word' id='word_1_551' title='bbox 797 5018 1259 5090; x_wconf 86' lang='lat' dir='ltr'><strong>perturbationes</strong></span> <span class='ocrx_word' id='word_1_552' title='bbox 1307 5017 1470 5072; x_wconf 89' lang='lat' dir='ltr'><strong>nobis</strong></span> <span class='ocrx_word' id='word_1_553' title='bbox 1515 5016 1903 5085; x_wconf 89' lang='lat' dir='ltr'><strong>dominantur;</strong></span> 
     </span>
    </p>
   </div>
   <div class='ocr_carea' id='block_1_80' title="bbox 320 5109 1906 5182">
    <p class='ocr_par' dir='ltr' id='par_1_80' title="bbox 320 5109 1906 5182">
     <span class='ocr_line' id='line_1_80' title="bbox 320 5109 1906 5182; baseline -0.001 -15"><span class='ocrx_word' id='word_1_554' title='bbox 320 5122 377 5167; x_wconf 81' lang='lat' dir='ltr'><strong>et</strong></span> <span class='ocrx_word' id='word_1_555' title='bbox 430 5112 485 5166; x_wconf 89' lang='lat' dir='ltr'><strong>in</strong></span> <span class='ocrx_word' id='word_1_556' title='bbox 542 5112 793 5179; x_wconf 86' lang='lat' dir='ltr'><strong>sabbato,</strong></span> <span class='ocrx_word' id='word_1_557' title='bbox 846 5111 1070 5182; x_wconf 89' lang='lat' dir='ltr'><strong>quando</strong></span> <span class='ocrx_word' id='word_1_558' title='bbox 1119 5109 1292 5166; x_wconf 75' lang='lat' dir='ltr'><strong>vitam</strong></span> <span class='ocrx_word' id='word_1_559' title='bbox 1340 5119 1587 5166; x_wconf 89' lang='lat' dir='ltr'><strong>nostram</strong></span> <span class='ocrx_word' id='word_1_560' title='bbox 1620 5109 1906 5165; x_wconf 88' lang='lat' dir='ltr'><strong>&#39;tradimus</strong></span> 
     </span>
    </p>
   </div>
   <div class='ocr_carea' id='block_1_81' title="bbox 320 5205 1902 5278">
    <p class='ocr_par' dir='ltr' id='par_1_81' title="bbox 320 5205 1902 5278">
     <span class='ocr_line' id='line_1_81' title="bbox 320 5205 1902 5278; baseline -0.003 -15"><span class='ocrx_word' id='word_1_561' title='bbox 320 5208 456 5263; x_wconf 88' lang='lat' dir='ltr'><strong>otio.</strong></span> <span class='ocrx_word' id='word_1_562' title='bbox 490 5207 626 5262; x_wconf 90' lang='lat' dir='ltr'><strong>Dicit</strong></span> <span class='ocrx_word' id='word_1_563' title='bbox 657 5207 840 5278; x_wconf 83' lang='lat' dir='ltr'><strong>itaque</strong></span> <span class='ocrx_word' id='word_1_564' title='bbox 879 5229 888 5261; x_wconf 92' lang='lat'><strong>:</strong></span> <span class='ocrx_word' id='word_1_565' title='bbox 923 5226 941 5257; x_wconf 75' lang='grc' dir='ltr'><strong>ι</strong></span> <span class='ocrx_word' id='word_1_566' title='bbox 977 5206 1181 5261; x_wconf 90' lang='lat' dir='ltr'><strong>Beatus</strong></span> <span class='ocrx_word' id='word_1_567' title='bbox 1213 5205 1303 5261; x_wconf 88' lang='lat' dir='ltr'><strong>ille</strong></span> <span class='ocrx_word' id='word_1_568' title='bbox 1349 5221 1545 5261; x_wconf 85' lang='lat' dir='ltr'><strong>servus</strong></span> <span class='ocrx_word' id='word_1_569' title='bbox 1582 5220 1747 5276; x_wconf 91' lang='lat' dir='ltr'><strong>quem</strong></span> <span class='ocrx_word' id='word_1_570' title='bbox 1778 5221 1902 5260; x_wconf 90' lang='lat' dir='ltr'><strong>cum</strong></span> 
     </span>
    </p>
   </div>
   <div class='ocr_carea' id='block_1_82' title="bbox 317 5299 1655 5371">
    <p class='ocr_par' dir='ltr' id='par_1_82' title="bbox 317 5299 1655 5371">
     <span class='ocr_line' id='line_1_82' title="bbox 317 5299 1655 5371; baseline -0.002 -16"><span class='ocrx_word' id='word_1_571' title='bbox 317 5300 535 5357; x_wconf 73' lang='lat' dir='ltr'><strong>venerit</strong></span> <span class='ocrx_word' id='word_1_572' title='bbox 559 5301 847 5365; x_wconf 89' lang='lat' dir='ltr'><strong>Dominus,</strong></span> <span class='ocrx_word' id='word_1_573' title='bbox 885 5299 1160 5354; x_wconf 78' lang='lat' dir='ltr'><strong>invenerit</strong></span> <span class='ocrx_word' id='word_1_574' title='bbox 1188 5299 1507 5371; x_wconf 82' lang='lat' dir='ltr'><strong>vigilantem</strong></span> <span class='ocrx_word' id='word_1_575' title='bbox 1528 5300 1594 5353; x_wconf 84' lang='grc'><strong>²⁰.</strong></span> <span class='ocrx_word' id='word_1_576' title='bbox 1636 5318 1655 5352; x_wconf 81' lang='grc'>›</span> 
     </span>
    </p>
   </div>
   <div class='ocr_carea' id='block_1_83' title="bbox 394 5437 1369 5503">
    <p class='ocr_par' dir='ltr' id='par_1_83' title="bbox 394 5437 1369 5503">
     <span class='ocr_line' id='line_1_83' title="bbox 394 5437 1369 5503; baseline -0.001 -10"><span class='ocrx_word' id='word_1_577' title='bbox 394 5437 436 5470; x_wconf 80' lang='grc'>¹¹</span> <span class='ocrx_word' id='word_1_578' title='bbox 464 5437 508 5493; x_wconf 90' lang='lat' dir='ltr'><strong>ll</strong></span> <span class='ocrx_word' id='word_1_579' title='bbox 534 5437 664 5494; x_wconf 80' lang='lat' dir='ltr'><strong>Cor.</strong></span> <span class='ocrx_word' id='word_1_580' title='bbox 686 5455 723 5503; x_wconf 84' lang='grc' dir='ltr'><strong>ι,</strong></span> <span class='ocrx_word' id='word_1_581' title='bbox 757 5437 810 5491; x_wconf 85' lang='lat'><strong>9.</strong></span> <span class='ocrx_word' id='word_1_582' title='bbox 893 5437 936 5468; x_wconf 82' lang='lat'>”</span> <span class='ocrx_word' id='word_1_583' title='bbox 970 5437 1158 5492; x_wconf 80' lang='lat' dir='ltr'><strong>Matth.</strong></span> <span class='ocrx_word' id='word_1_584' title='bbox 1189 5454 1284 5500; x_wconf 73' lang='grc' dir='ltr'><strong>γη,</strong></span> <span class='ocrx_word' id='word_1_585' title='bbox 1318 5440 1369 5493; x_wconf 77' lang='grc'><strong>1.</strong></span> 
     </span>
    </p>
   </div>
   <div class='ocr_carea' id='block_1_84' title="bbox 2020 3160 3601 3231">
    <p class='ocr_par' dir='ltr' id='par_1_84' title="bbox 2020 3160 3601 3231">
     <span class='ocr_line' id='line_1_84' title="bbox 2020 3160 3601 3231; baseline 0.008 -19"><span class='ocrx_word' id='word_1_586' title='bbox 2020 3160 2351 3229; x_wconf 75' lang='grc' dir='ltr'>μοναχικοὺς</span> <span class='ocrx_word' id='word_1_587' title='bbox 2369 3160 2666 3231; x_wconf 78' lang='grc' dir='ltr'>ἐξαιρέτως</span> <span class='ocrx_word' id='word_1_588' title='bbox 2686 3166 2861 3216; x_wconf 86' lang='grc' dir='ltr'>ποιεῖν</span> <span class='ocrx_word' id='word_1_589' title='bbox 2878 3164 3156 3225; x_wconf 72' lang='grc' dir='ltr'>εἰώθασιν.</span> <span class='ocrx_word' id='word_1_590' title='bbox 3187 3169 3422 3224; x_wconf 84' lang='grc' dir='ltr'>Ὀπόταν</span> <span class='ocrx_word' id='word_1_591' title='bbox 3443 3171 3601 3226; x_wconf 82' lang='grc' dir='ltr'>ἴδωσι</span> 
     </span>
    </p>
   </div>
   <div class='ocr_carea' id='block_1_85' title="bbox 2016 3251 3599 3329">
    <p class='ocr_par' dir='ltr' id='par_1_85' title="bbox 2016 3251 3599 3329">
     <span class='ocr_line' id='line_1_85' title="bbox 2016 3251 3599 3329; baseline 0.01 -27"><span class='ocrx_word' id='word_1_592' title='bbox 2016 3251 2125 3304; x_wconf 83' lang='grc' dir='ltr'>τῶν</span> <span class='ocrx_word' id='word_1_593' title='bbox 2165 3251 2415 3322; x_wconf 81' lang='grc' dir='ltr'>μοναχῶν</span> <span class='ocrx_word' id='word_1_594' title='bbox 2457 3270 2600 3318; x_wconf 88' lang='grc' dir='ltr'>τινα,</span> <span class='ocrx_word' id='word_1_595' title='bbox 2656 3256 2911 3327; x_wconf 80' lang='grc' dir='ltr'>περιττὸν</span> <span class='ocrx_word' id='word_1_596' title='bbox 2951 3259 3147 3329; x_wconf 75' lang='grc' dir='ltr'>ἔχοντά</span> <span class='ocrx_word' id='word_1_597' title='bbox 3172 3258 3248 3325; x_wconf 77' lang='grc' dir='ltr'><strong>τι,</strong></span> <span class='ocrx_word' id='word_1_598' title='bbox 3282 3262 3374 3316; x_wconf 83' lang='grc' dir='ltr'><strong>τὸν</strong></span> <span class='ocrx_word' id='word_1_599' title='bbox 3403 3263 3599 3317; x_wconf 80' lang='grc' dir='ltr'>δεσπο-</span> 
     </span>
    </p>
   </div>
   <div class='ocr_carea' id='block_1_86' title="bbox 2016 3335 3597 3426">
    <p class='ocr_par' dir='ltr' id='par_1_86' title="bbox 2016 3335 3597 3426">
     <span class='ocr_line' id='line_1_86' title="bbox 2016 3335 3597 3426; baseline 0.009 -31"><span class='ocrx_word' id='word_1_600' title='bbox 2016 3344 2168 3398; x_wconf 84' lang='grc' dir='ltr'>τικὸν</span> <span class='ocrx_word' id='word_1_601' title='bbox 2200 3344 2350 3415; x_wconf 85' lang='grc' dir='ltr'><strong>αύτῷ</strong></span> <span class='ocrx_word' id='word_1_602' title='bbox 2376 3346 2773 3413; x_wconf 85' lang='grc' dir='ltr'>προϐάλλονται</span> <span class='ocrx_word' id='word_1_603' title='bbox 2800 3350 2986 3420; x_wconf 85' lang='grc' dir='ltr'>νόμον,</span> <span class='ocrx_word' id='word_1_604' title='bbox 3006 3353 3164 3406; x_wconf 71' lang='grc' dir='ltr'>αὐτοὶ</span> <span class='ocrx_word' id='word_1_605' title='bbox 3202 3335 3372 3426; x_wconf 85' lang='grc' dir='ltr'>μυρία</span> <span class='ocrx_word' id='word_1_606' title='bbox 3405 3357 3597 3410; x_wconf 88' lang='grc' dir='ltr'>πλεον-</span> 
     </span>
    </p>
   </div>
   <div class='ocr_carea' id='block_1_87' title="bbox 2015 3433 3601 3518">
    <p class='ocr_par' dir='ltr' id='par_1_87' title="bbox 2015 3433 3601 3518">
     <span class='ocr_line' id='line_1_87' title="bbox 2015 3433 3601 3518; baseline 0.008 -30"><span class='ocrx_word' id='word_1_607' title='bbox 2015 3433 2323 3498; x_wconf 84' lang='grc' dir='ltr'>εκτοῦντες.</span> <span class='ocrx_word' id='word_1_608' title='bbox 2354 3434 2475 3489; x_wconf 79' lang='grc' dir='ltr'>Κᾶν</span> <span class='ocrx_word' id='word_1_609' title='bbox 2524 3437 2710 3491; x_wconf 78' lang='grc' dir='ltr'>ἴδωσιν</span> <span class='ocrx_word' id='word_1_610' title='bbox 2757 3438 2922 3494; x_wconf 86' lang='grc' dir='ltr'>αύτδν</span> <span class='ocrx_word' id='word_1_611' title='bbox 2957 3442 3353 3516; x_wconf 82' lang='grc' dir='ltr'>δαψιλεστέρας</span> <span class='ocrx_word' id='word_1_612' title='bbox 3392 3449 3601 3518; x_wconf 75' lang='grc' dir='ltr'>τροφῆς</span> 
     </span>
    </p>
   </div>
   <div class='ocr_carea' id='block_1_88' title="bbox 2015 3521 3600 3606">
    <p class='ocr_par' dir='ltr' id='par_1_88' title="bbox 2015 3521 3600 3606">
     <span class='ocr_line' id='line_1_88' title="bbox 2015 3521 3600 3606; baseline 0.007 -25"><span class='ocrx_word' id='word_1_613' title='bbox 2015 3525 2423 3593; x_wconf 83' lang='grc' dir='ltr'>ἀπολαύσαντα,</span> <span class='ocrx_word' id='word_1_614' title='bbox 2448 3521 2964 3606; x_wconf 73' lang='grc' dir='ltr'>πικροὶκατήγοροι</span> <span class='ocrx_word' id='word_1_615' title='bbox 2997 3535 3237 3603; x_wconf 88' lang='grc' dir='ltr'>γίνονται</span> <span class='ocrx_word' id='word_1_616' title='bbox 3261 3577 3278 3601; x_wconf 93' lang='grc'>,</span> <span class='ocrx_word' id='word_1_617' title='bbox 3300 3537 3452 3592; x_wconf 77' lang='grc' dir='ltr'>αὐτοὶ</span> <span class='ocrx_word' id='word_1_618' title='bbox 3475 3537 3600 3592; x_wconf 86' lang='grc' dir='ltr'>καθ’</span> 
     </span>
    </p>
   </div>
   <div class='ocr_carea' id='block_1_89' title="bbox 2017 3618 3600 3697">
    <p class='ocr_par' dir='ltr' id='par_1_89' title="bbox 2017 3618 3600 3697">
     <span class='ocr_line' id='line_1_89' title="bbox 2017 3618 3600 3697; baseline 0.008 -26"><span class='ocrx_word' id='word_1_619' title='bbox 2017 3619 2256 3690; x_wconf 79' lang='grc' dir='ltr'>ἑκάστην</span> <span class='ocrx_word' id='word_1_620' title='bbox 2285 3618 2499 3690; x_wconf 75' lang='grc' dir='ltr'>ἡμέραν</span> <span class='ocrx_word' id='word_1_621' title='bbox 2535 3620 2848 3690; x_wconf 81' lang='grc' dir='ltr'>μεθύοντες,</span> <span class='ocrx_word' id='word_1_622' title='bbox 2878 3627 2973 3679; x_wconf 79' lang='grc' dir='ltr'>καὶ</span> <span class='ocrx_word' id='word_1_623' title='bbox 3003 3628 3419 3697; x_wconf 66' lang='grc' dir='ltr'>κραιπαλῶντες</span> <span class='ocrx_word' id='word_1_624' title='bbox 3450 3647 3463 3661; x_wconf 90' lang='grc'><strong>·</strong></span> <span class='ocrx_word' id='word_1_625' title='bbox 3498 3631 3600 3684; x_wconf 77' lang='grc' dir='ltr'>οὐκ</span> 
     </span>
    </p>
   </div>
   <div class='ocr_carea' id='block_1_90' title="bbox 2016 3702 3600 3791">
    <p class='ocr_par' dir='ltr' id='par_1_90' title="bbox 2016 3702 3600 3791">
     <span class='ocr_line' id='line_1_90' title="bbox 2016 3702 3600 3791; baseline 0.009 -31"><span class='ocrx_word' id='word_1_626' title='bbox 2016 3707 2242 3774; x_wconf 84' lang='grc' dir='ltr'>εἰδότες,</span> <span class='ocrx_word' id='word_1_627' title='bbox 2289 3711 2373 3762; x_wconf 83' lang='grc' dir='ltr'>ὅτι</span> <span class='ocrx_word' id='word_1_628' title='bbox 2423 3711 2562 3779; x_wconf 87' lang='grc' dir='ltr'><strong>μετά</strong></span> <span class='ocrx_word' id='word_1_629' title='bbox 2613 3702 2725 3766; x_wconf 84' lang='grc' dir='ltr'>τῶν</span> <span class='ocrx_word' id='word_1_630' title='bbox 2771 3712 2918 3768; x_wconf 71' lang='grc' dir='ltr'>ἰδίων</span> <span class='ocrx_word' id='word_1_631' title='bbox 2960 3717 3375 3788; x_wconf 79' lang='grc' dir='ltr'>ἁμαρτημάτων</span> <span class='ocrx_word' id='word_1_632' title='bbox 3413 3720 3600 3791; x_wconf 77' lang='grc' dir='ltr'>μεῖζον</span> 
     </span>
    </p>
   </div>
   <div class='ocr_carea' id='block_1_91' title="bbox 2015 3801 3600 3880">
    <p class='ocr_par' dir='ltr' id='par_1_91' title="bbox 2015 3801 3600 3880">
     <span class='ocr_line' id='line_1_91' title="bbox 2015 3801 3600 3880; baseline 0.006 -27"><span class='ocrx_word' id='word_1_633' title='bbox 2015 3801 2228 3866; x_wconf 77' lang='grc' dir='ltr'>ἑαυτοῖς</span> <span class='ocrx_word' id='word_1_634' title='bbox 2251 3801 2501 3856; x_wconf 74' lang='grc' dir='ltr'>ἐντεῦθεν</span> <span class='ocrx_word' id='word_1_635' title='bbox 2531 3802 2947 3875; x_wconf 78' lang='grc' dir='ltr'>συναθροίζουσι</span> <span class='ocrx_word' id='word_1_636' title='bbox 2992 3807 3052 3860; x_wconf 78' lang='grc' dir='ltr'>τὸ</span> <span class='ocrx_word' id='word_1_637' title='bbox 3091 3808 3225 3879; x_wconf 88' lang='grc' dir='ltr'>πῦρ,</span> <span class='ocrx_word' id='word_1_638' title='bbox 3269 3810 3366 3864; x_wconf 74' lang='grc' dir='ltr'>καὶ</span> <span class='ocrx_word' id='word_1_639' title='bbox 3415 3810 3600 3880; x_wconf 80' lang='grc' dir='ltr'>πάσης</span> 
     </span>
    </p>
   </div>
   <div class='ocr_carea' id='block_1_92' title="bbox 2016 3895 3599 3975">
    <p class='ocr_par' dir='ltr' id='par_1_92' title="bbox 2016 3895 3599 3975">
     <span class='ocr_line' id='line_1_92' title="bbox 2016 3895 3599 3975; baseline 0.004 -26"><span class='ocrx_word' id='word_1_640' title='bbox 2016 3897 2244 3959; x_wconf 78' lang='grc' dir='ltr'>ἑαυτοὺς</span> <span class='ocrx_word' id='word_1_641' title='bbox 2276 3895 2676 3968; x_wconf 80' lang='grc' dir='ltr'>ἀποστεροῦσιν</span> <span class='ocrx_word' id='word_1_642' title='bbox 2707 3898 3038 3968; x_wconf 78' lang='grc' dir='ltr'>ἀντιλογίας.</span> <span class='ocrx_word' id='word_1_643' title='bbox 3070 3900 3265 3975; x_wconf 45' lang='grc' dir='ltr'><strong>⁵Ὅθεν</strong></span> <span class='ocrx_word' id='word_1_644' title='bbox 3287 3901 3486 3971; x_wconf 76' lang='grc' dir='ltr'>ἐπάγει</span> <span class='ocrx_word' id='word_1_645' title='bbox 3512 3901 3599 3956; x_wconf 79' lang='grc' dir='ltr'><strong>λέ-</strong></span> 
     </span>
    </p>
   </div>
   <div class='ocr_carea' id='block_1_93' title="bbox 2015 3988 3599 4068">
    <p class='ocr_par' dir='ltr' id='par_1_93' title="bbox 2015 3988 3599 4068">
     <span class='ocr_line' id='line_1_93' title="bbox 2015 3988 3599 4068; baseline 0.006 -27"><span class='ocrx_word' id='word_1_646' title='bbox 2015 4006 2127 4058; x_wconf 87' lang='grc' dir='ltr'><strong>γων</strong></span> <span class='ocrx_word' id='word_1_647' title='bbox 2181 3988 2210 4041; x_wconf 93' lang='lat'><strong>6</strong></span> <span class='ocrx_word' id='word_1_648' title='bbox 2250 3988 2462 4061; x_wconf 75' lang='grc' dir='ltr'>Κύριος</span> <span class='ocrx_word' id='word_1_649' title='bbox 2489 4003 2504 4019; x_wconf 82' lang='grc'><em>’</em></span> <span class='ocrx_word' id='word_1_650' title='bbox 2557 4007 2576 4040; x_wconf 79' lang='grc' dir='ltr'><strong>ι</strong></span> <span class='ocrx_word' id='word_1_651' title='bbox 2606 3990 2673 4043; x_wconf 91' lang='grc' dir='ltr'><strong>Τί</strong></span> <span class='ocrx_word' id='word_1_652' title='bbox 2735 3990 2958 4063; x_wconf 82' lang='grc' dir='ltr'>βλέπεις</span> <span class='ocrx_word' id='word_1_653' title='bbox 3009 3993 3069 4047; x_wconf 83' lang='grc' dir='ltr'>τὸ</span> <span class='ocrx_word' id='word_1_654' title='bbox 3107 3996 3318 4066; x_wconf 81' lang='grc' dir='ltr'>κάρφος</span> <span class='ocrx_word' id='word_1_655' title='bbox 3340 3996 3407 4049; x_wconf 81' lang='grc' dir='ltr'><strong>τὺ</strong></span> <span class='ocrx_word' id='word_1_656' title='bbox 3439 3995 3497 4049; x_wconf 78' lang='grc' dir='ltr'>ὲν</span> <span class='ocrx_word' id='word_1_657' title='bbox 3519 3995 3599 4068; x_wconf 85' lang='grc' dir='ltr'><strong>τῷ</strong></span> 
     </span>
    </p>
   </div>
   <div class='ocr_carea' id='block_1_94' title="bbox 2012 4080 3597 4161">
    <p class='ocr_par' dir='ltr' id='par_1_94' title="bbox 2012 4080 3597 4161">
     <span class='ocr_line' id='line_1_94' title="bbox 2012 4080 3597 4161; baseline 0.005 -27"><span class='ocrx_word' id='word_1_658' title='bbox 2012 4080 2278 4152; x_wconf 85' lang='grc' dir='ltr'>ὀφθαλμῷ</span> <span class='ocrx_word' id='word_1_659' title='bbox 2299 4081 2392 4135; x_wconf 87' lang='grc' dir='ltr'><strong>τοῦ</strong></span> <span class='ocrx_word' id='word_1_660' title='bbox 2428 4081 2660 4150; x_wconf 69' lang='grc' dir='ltr'>ἀδελφοῦ</span> <span class='ocrx_word' id='word_1_661' title='bbox 2693 4100 2808 4150; x_wconf 90' lang='grc' dir='ltr'>σου,</span> <span class='ocrx_word' id='word_1_662' title='bbox 2830 4083 2929 4157; x_wconf 78' lang='grc' dir='ltr'>τὴν</span> <span class='ocrx_word' id='word_1_663' title='bbox 2957 4085 3015 4139; x_wconf 81' lang='grc' dir='ltr'>δὲ</span> <span class='ocrx_word' id='word_1_664' title='bbox 3040 4087 3098 4140; x_wconf 80' lang='grc' dir='ltr'><strong>ὲν</strong></span> <span class='ocrx_word' id='word_1_665' title='bbox 3121 4086 3198 4159; x_wconf 81' lang='grc' dir='ltr'><strong>τῷ</strong></span> <span class='ocrx_word' id='word_1_666' title='bbox 3230 4087 3306 4160; x_wconf 82' lang='grc' dir='ltr'><strong>σῷ</strong></span> <span class='ocrx_word' id='word_1_667' title='bbox 3334 4087 3597 4161; x_wconf 83' lang='grc' dir='ltr'>ὀφθαλμῷ</span> 
     </span>
    </p>
   </div>
   <div class='ocr_carea' id='block_1_95' title="bbox 2013 4173 2667 4240">
    <p class='ocr_par' dir='ltr' id='par_1_95' title="bbox 2013 4173 2667 4240">
     <span class='ocr_line' id='line_1_95' title="bbox 2013 4173 2667 4240; baseline 0.002 -14"><span class='ocrx_word' id='word_1_668' title='bbox 2013 4173 2169 4227; x_wconf 74' lang='grc' dir='ltr'>δοκὸν</span> <span class='ocrx_word' id='word_1_669' title='bbox 2198 4174 2260 4227; x_wconf 86' lang='grc' dir='ltr'><strong>ού</strong></span> <span class='ocrx_word' id='word_1_670' title='bbox 2292 4176 2608 4240; x_wconf 84' lang='grc' dir='ltr'>κατανοεῖς;</span> <span class='ocrx_word' id='word_1_671' title='bbox 2647 4195 2667 4227; x_wconf 73' lang='grc' dir='ltr'><strong>ι</strong></span> 
     </span>
    </p>
   </div>
   <div class='ocr_carea' id='block_1_96' title="bbox 2396 4311 3187 4414">
    <p class='ocr_par' dir='ltr' id='par_1_96' title="bbox 2396 4311 3187 4414">
     <span class='ocr_line' id='line_1_96' title="bbox 2396 4311 3187 4414; baseline -0.005 -1"><span class='ocrx_word' id='word_1_672' title='bbox 2396 4326 2933 4414; x_wconf 84' lang='grc' dir='ltr'><strong>ΕΡΩΤΗΣΙΣ</strong></span> <span class='ocrx_word' id='word_1_673' title='bbox 2998 4311 3187 4414; x_wconf 81' lang='grc' dir='ltr'><strong>ΟΑ’.</strong></span> 
     </span>
    </p>
   </div>
   <div class='ocr_carea' id='block_1_97' title="bbox 2011 4440 3715 4539">
    <p class='ocr_par' dir='ltr' id='par_1_97' title="bbox 2011 4440 3715 4539">
     <span class='ocr_line' id='line_1_97' title="bbox 2011 4440 3715 4539; baseline 0.001 -18"><span class='ocrx_word' id='word_1_674' title='bbox 2011 4466 2143 4535; x_wconf 77' lang='grc' dir='ltr'>Πῶς</span> <span class='ocrx_word' id='word_1_675' title='bbox 2159 4467 2410 4539; x_wconf 78' lang='grc' dir='ltr'>νοητέον</span> <span class='ocrx_word' id='word_1_676' title='bbox 2432 4466 2499 4539; x_wconf 65' lang='lat' dir='ltr'><strong>td</strong></span> <span class='ocrx_word' id='word_1_677' title='bbox 2518 4484 2530 4497; x_wconf 88' lang='grc'><strong>·</strong></span> <span class='ocrx_word' id='word_1_678' title='bbox 2570 4485 2588 4519; x_wconf 80' lang='grc' dir='ltr'><strong>ι</strong></span> <span class='ocrx_word' id='word_1_679' title='bbox 2621 4465 2898 4539; x_wconf 72' lang='grc' dir='ltr'>Εὔξιισθε</span> <span class='ocrx_word' id='word_1_680' title='bbox 2910 4465 3011 4539; x_wconf 70' lang='grc' dir='ltr'><strong>μὴ</strong></span> <span class='ocrx_word' id='word_1_681' title='bbox 3046 4467 3324 4539; x_wconf 78' lang='grc' dir='ltr'>γενέσθαι</span> <span class='ocrx_word' id='word_1_682' title='bbox 3342 4467 3457 4537; x_wconf 80' lang='grc' dir='ltr'><strong>τὴν</strong></span> <span class='ocrx_word' id='word_1_683' title='bbox 3481 4485 3596 4539; x_wconf 59' lang='lat' dir='ltr'><strong>pv-</strong></span> <span class='ocrx_word' id='word_1_684' title='bbox 3711 4440 3715 4442; x_wconf 8' lang='grc' dir='ltr'><strong>ἡ</strong></span> 
     </span>
    </p>
   </div>
   <div class='ocr_carea' id='block_1_98' title="bbox 2225 4535 3387 4607">
    <p class='ocr_par' dir='ltr' id='par_1_98' title="bbox 2225 4535 3387 4607">
     <span class='ocr_line' id='line_1_98' title="bbox 2225 4535 3387 4607; baseline 0.002 -17"><span class='ocrx_word' id='word_1_685' title='bbox 2225 4538 2344 4607; x_wconf 74' lang='grc' dir='ltr'><strong>τὴν</strong></span> <span class='ocrx_word' id='word_1_686' title='bbox 2369 4535 2539 4607; x_wconf 82' lang='grc' dir='ltr'><strong>ὑμῶν</strong></span> <span class='ocrx_word' id='word_1_687' title='bbox 2562 4536 2876 4607; x_wconf 82' lang='grc' dir='ltr'>χειμῶνος,</span> <span class='ocrx_word' id='word_1_688' title='bbox 2902 4536 2939 4605; x_wconf 83' lang='grc' dir='ltr'><strong>ἢ</strong></span> <span class='ocrx_word' id='word_1_689' title='bbox 2969 4538 3036 4591; x_wconf 77' lang='grc' dir='ltr'><strong>ἐν</strong></span> <span class='ocrx_word' id='word_1_690' title='bbox 3055 4535 3342 4606; x_wconf 78' lang='grc' dir='ltr'>Σαϐϐάτῳ</span> <span class='ocrx_word' id='word_1_691' title='bbox 3366 4555 3387 4604; x_wconf 87' lang='grc'><em>;</em></span> 
     </span>
    </p>
   </div>
   <div class='ocr_carea' id='block_1_99' title="bbox 2036 4653 3573 4708">
    <p class='ocr_par' dir='ltr' id='par_1_99' title="bbox 2036 4653 3573 4708">
     <span class='ocr_line' id='line_1_99' title="bbox 2036 4653 3573 4708; baseline 0 -2"><span class='ocrx_word' id='word_1_692' title='bbox 2036 4690 2039 4693; x_wconf 95' lang='grc'><strong><em>-</em></strong></span> <span class='ocrx_word' id='word_1_693' title='bbox 2599 4653 2991 4708; x_wconf 81' lang='grc' dir='ltr'><strong>ΔΠΟΚΡΙΣΙΣ.</strong></span> <span class='ocrx_word' id='word_1_694' title='bbox 3005 4673 3025 4706; x_wconf 76' lang='grc' dir='ltr'><strong>ι</strong></span> <span class='ocrx_word' id='word_1_695' title='bbox 3566 4690 3573 4697; x_wconf 75' lang='grc' dir='ltr'><strong>ο</strong></span> 
     </span>
    </p>
   </div>
   <div class='ocr_carea' id='block_1_100' title="bbox 2083 4746 3598 4819">
    <p class='ocr_par' dir='ltr' id='par_1_100' title="bbox 2083 4746 3598 4819">
     <span class='ocr_line' id='line_1_100' title="bbox 2083 4746 3598 4819; baseline -0.001 -18"><span class='ocrx_word' id='word_1_696' title='bbox 2083 4746 2453 4819; x_wconf 83' lang='grc' dir='ltr'>Σημειωτὲον,</span> <span class='ocrx_word' id='word_1_697' title='bbox 2484 4746 2566 4801; x_wconf 87' lang='grc' dir='ltr'><strong>δτι</strong></span> <span class='ocrx_word' id='word_1_698' title='bbox 2594 4746 2845 4817; x_wconf 85' lang='grc' dir='ltr'>χειμῶνα</span> <span class='ocrx_word' id='word_1_699' title='bbox 2870 4749 2899 4802; x_wconf 91' lang='lat'><strong>6</strong></span> <span class='ocrx_word' id='word_1_700' title='bbox 2928 4747 3059 4812; x_wconf 82' lang='grc' dir='ltr'><strong>Θεὸς</strong></span> <span class='ocrx_word' id='word_1_701' title='bbox 3092 4748 3147 4818; x_wconf 78' lang='grc' dir='ltr'><strong>(ἦ</strong></span> <span class='ocrx_word' id='word_1_702' title='bbox 3179 4747 3463 4803; x_wconf 87' lang='grc' dir='ltr'>σάϐϐατον</span> <span class='ocrx_word' id='word_1_703' title='bbox 3491 4764 3565 4801; x_wconf 89' lang='grc' dir='ltr'><strong>κα</strong></span> <span class='ocrx_word' id='word_1_704' title='bbox 3586 4779 3598 4791; x_wconf 77' lang='grc' dir='ltr'><strong><em>ο</em></strong></span> 
     </span>
    </p>
   </div>
   <div class='ocr_carea' id='block_1_101' title="bbox 2014 4835 3598 4911">
    <p class='ocr_par' dir='ltr' id='par_1_101' title="bbox 2014 4835 3598 4911">
     <span class='ocr_line' id='line_1_101' title="bbox 2014 4835 3598 4911; baseline -0.001 -20"><span class='ocrx_word' id='word_1_705' title='bbox 2014 4835 2131 4910; x_wconf 83' lang='grc' dir='ltr'>κὸν)</span> <span class='ocrx_word' id='word_1_706' title='bbox 2167 4838 2268 4891; x_wconf 81' lang='grc' dir='ltr'>οὐκ</span> <span class='ocrx_word' id='word_1_707' title='bbox 2326 4838 2571 4909; x_wconf 75' lang='grc' dir='ltr'>ἐποίησε.</span> <span class='ocrx_word' id='word_1_708' title='bbox 2624 4837 2937 4907; x_wconf 79' lang='grc' dir='ltr'>Γέγραπται</span> <span class='ocrx_word' id='word_1_709' title='bbox 2982 4840 3128 4911; x_wconf 88' lang='grc' dir='ltr'>γάρ·</span> <span class='ocrx_word' id='word_1_710' title='bbox 3203 4838 3442 4909; x_wconf 75' lang='grc' dir='ltr'>ιΘέρος,</span> <span class='ocrx_word' id='word_1_711' title='bbox 3503 4838 3598 4891; x_wconf 80' lang='grc' dir='ltr'><strong>καὶ</strong></span> 
     </span>
    </p>
   </div>
   <div class='ocr_carea' id='block_1_102' title="bbox 2016 4928 3599 5002">
    <p class='ocr_par' dir='ltr' id='par_1_102' title="bbox 2016 4928 3599 5002">
     <span class='ocr_line' id='line_1_102' title="bbox 2016 4928 3599 5002; baseline -0.001 -18"><span class='ocrx_word' id='word_1_712' title='bbox 2016 4931 2115 5002; x_wconf 74' lang='grc' dir='ltr'>ἔαρ</span> <span class='ocrx_word' id='word_1_713' title='bbox 2151 4931 2215 4983; x_wconf 79' lang='grc' dir='ltr'>σὺ</span> <span class='ocrx_word' id='word_1_714' title='bbox 2257 4928 2499 4994; x_wconf 81' lang='grc' dir='ltr'>ἔπλασας</span> <span class='ocrx_word' id='word_1_715' title='bbox 2527 4930 2685 4986; x_wconf 80' lang='grc' dir='ltr'>αὐτά.</span> <span class='ocrx_word' id='word_1_716' title='bbox 2722 4950 2740 4982; x_wconf 73' lang='grc' dir='ltr'><strong>ι</strong></span> <span class='ocrx_word' id='word_1_717' title='bbox 2786 4932 2876 4984; x_wconf 89' lang='grc' dir='ltr'><strong>Ἐν</strong></span> <span class='ocrx_word' id='word_1_718' title='bbox 2899 4932 3134 5002; x_wconf 78' lang='grc' dir='ltr'>χειμῶνι</span> <span class='ocrx_word' id='word_1_719' title='bbox 3164 4930 3220 4984; x_wconf 81' lang='grc' dir='ltr'>δέ</span> <span class='ocrx_word' id='word_1_720' title='bbox 3244 4933 3437 5000; x_wconf 74' lang='grc' dir='ltr'>ἐσμεν,</span> <span class='ocrx_word' id='word_1_721' title='bbox 3467 4930 3599 4983; x_wconf 81' lang='grc' dir='ltr'>ὅταν</span> 
     </span>
    </p>
   </div>
   <div class='ocr_carea' id='block_1_103' title="bbox 2014 5021 3599 5098">
    <p class='ocr_par' dir='ltr' id='par_1_103' title="bbox 2014 5021 3599 5098">
     <span class='ocr_line' id='line_1_103' title="bbox 2014 5021 3599 5098; baseline 0.001 -21"><span class='ocrx_word' id='word_1_722' title='bbox 2014 5023 2082 5077; x_wconf 73' lang='grc' dir='ltr'>τὰ</span> <span class='ocrx_word' id='word_1_723' title='bbox 2112 5022 2259 5094; x_wconf 88' lang='grc' dir='ltr'>πάθη</span> <span class='ocrx_word' id='word_1_724' title='bbox 2290 5023 2389 5093; x_wconf 82' lang='grc' dir='ltr'>τῆς</span> <span class='ocrx_word' id='word_1_725' title='bbox 2433 5023 2635 5094; x_wconf 77' lang='grc' dir='ltr'>σαρκὸς</span> <span class='ocrx_word' id='word_1_726' title='bbox 2689 5024 2993 5098; x_wconf 79' lang='grc' dir='ltr'>δυναστεύῃ</span> <span class='ocrx_word' id='word_1_727' title='bbox 3050 5025 3106 5078; x_wconf 80' lang='grc' dir='ltr'><strong>ὲν</strong></span> <span class='ocrx_word' id='word_1_728' title='bbox 3156 5027 3289 5095; x_wconf 83' lang='grc' dir='ltr'>ἡμῖν</span> <span class='ocrx_word' id='word_1_729' title='bbox 3321 5040 3336 5056; x_wconf 77' lang='grc' dir='ltr'><strong>ο</strong></span> <span class='ocrx_word' id='word_1_730' title='bbox 3392 5021 3488 5075; x_wconf 79' lang='grc' dir='ltr'><strong>καὶ</strong></span> <span class='ocrx_word' id='word_1_731' title='bbox 3538 5023 3599 5078; x_wconf 76' lang='grc' dir='ltr'><strong>ἐν</strong></span> 
     </span>
    </p>
   </div>
   <div class='ocr_carea' id='block_1_104' title="bbox 2017 5112 3594 5188">
    <p class='ocr_par' dir='ltr' id='par_1_104' title="bbox 2017 5112 3594 5188">
     <span class='ocr_line' id='line_1_104' title="bbox 2017 5112 3594 5188; baseline -0.001 -22"><span class='ocrx_word' id='word_1_732' title='bbox 2017 5112 2298 5183; x_wconf 75' lang='grc' dir='ltr'>σαϐϐάτῳ,</span> <span class='ocrx_word' id='word_1_733' title='bbox 2351 5114 2482 5167; x_wconf 81' lang='grc' dir='ltr'>ὅταν</span> <span class='ocrx_word' id='word_1_734' title='bbox 2527 5115 2585 5166; x_wconf 82' lang='grc' dir='ltr'><strong>ὲν</strong></span> <span class='ocrx_word' id='word_1_735' title='bbox 2620 5114 2791 5185; x_wconf 74' lang='grc' dir='ltr'>ἀργίᾳ</span> <span class='ocrx_word' id='word_1_736' title='bbox 2822 5114 2921 5188; x_wconf 80' lang='grc' dir='ltr'>τὴν</span> <span class='ocrx_word' id='word_1_737' title='bbox 2946 5113 3090 5184; x_wconf 79' lang='grc' dir='ltr'>ζωὴν</span> <span class='ocrx_word' id='word_1_738' title='bbox 3118 5113 3272 5184; x_wconf 73' lang='grc' dir='ltr'>ἡμῶν</span> <span class='ocrx_word' id='word_1_739' title='bbox 3299 5112 3594 5184; x_wconf 79' lang='grc' dir='ltr'>παραπέμ-</span> 
     </span>
    </p>
   </div>
   <div class='ocr_carea' id='block_1_105' title="bbox 2019 5204 3595 5279">
    <p class='ocr_par' dir='ltr' id='par_1_105' title="bbox 2019 5204 3595 5279">
     <span class='ocr_line' id='line_1_105' title="bbox 2019 5204 3595 5279; baseline 0 -19"><span class='ocrx_word' id='word_1_740' title='bbox 2019 5224 2232 5276; x_wconf 86' lang='grc' dir='ltr'>πωμεν.</span> <span class='ocrx_word' id='word_1_741' title='bbox 2261 5207 2352 5260; x_wconf 80' lang='grc' dir='ltr'>Διό</span> <span class='ocrx_word' id='word_1_742' title='bbox 2377 5224 2540 5279; x_wconf 77' lang='grc' dir='ltr'>φησιν</span> <span class='ocrx_word' id='word_1_743' title='bbox 2590 5227 2608 5259; x_wconf 77' lang='grc' dir='ltr'><strong>ι</strong></span> <span class='ocrx_word' id='word_1_744' title='bbox 2640 5208 2929 5279; x_wconf 81' lang='grc' dir='ltr'>Μακάριος</span> <span class='ocrx_word' id='word_1_745' title='bbox 2980 5210 3009 5261; x_wconf 88' lang='lat'><strong>6</strong></span> <span class='ocrx_word' id='word_1_746' title='bbox 3059 5206 3268 5275; x_wconf 87' lang='grc' dir='ltr'>δοῦλος,</span> <span class='ocrx_word' id='word_1_747' title='bbox 3320 5206 3380 5261; x_wconf 81' lang='grc' dir='ltr'>ὃν</span> <span class='ocrx_word' id='word_1_748' title='bbox 3423 5204 3595 5260; x_wconf 77' lang='grc' dir='ltr'>ἐλθὼν</span> 
     </span>
    </p>
   </div>
   <div class='ocr_carea' id='block_1_106' title="bbox 2016 5298 3038 5372">
    <p class='ocr_par' dir='ltr' id='par_1_106' title="bbox 2016 5298 3038 5372">
     <span class='ocr_line' id='line_1_106' title="bbox 2016 5298 3038 5372; baseline 0 -21"><span class='ocrx_word' id='word_1_749' title='bbox 2016 5300 2045 5351; x_wconf 88' lang='lat'><strong>6</strong></span> <span class='ocrx_word' id='word_1_750' title='bbox 2076 5298 2282 5370; x_wconf 82' lang='grc' dir='ltr'>Κύριος</span> <span class='ocrx_word' id='word_1_751' title='bbox 2317 5300 2542 5371; x_wconf 85' lang='grc' dir='ltr'>εὑρήσει</span> <span class='ocrx_word' id='word_1_752' title='bbox 2573 5299 2976 5372; x_wconf 79' lang='grc' dir='ltr'>γρηγοροῦντα.</span> <span class='ocrx_word' id='word_1_753' title='bbox 3018 5318 3038 5351; x_wconf 75' lang='grc' dir='ltr'><strong>ι</strong></span> 
     </span>
    </p>
   </div>
   <div class='ocr_carea' id='block_1_107' title="bbox 1471 5432 1914 5507">
    <p class='ocr_par' dir='ltr' id='par_1_107' title="bbox 1471 5438 1914 5503">
     <span class='ocr_line' id='line_1_107' title="bbox 1471 5438 1914 5503; baseline -0.007 -10"><span class='ocrx_word' id='word_1_754' title='bbox 1471 5438 1514 5471; x_wconf 81' lang='grc'>¹³</span> <span class='ocrx_word' id='word_1_755' title='bbox 1540 5438 1699 5493; x_wconf 84' lang='lat' dir='ltr'><strong>Joau.</strong></span> <span class='ocrx_word' id='word_1_756' title='bbox 1737 5454 1831 5503; x_wconf 77' lang='grc' dir='ltr'><strong>γη,</strong></span> <span class='ocrx_word' id='word_1_757' title='bbox 1862 5440 1914 5490; x_wconf 66' lang='grc' dir='ltr'><strong>⁵ὶέ</strong></span> 
     </span>
    </p>
   </div>
   <div class='ocr_carea' id='block_1_108' title="bbox 2018 5432 3593 5507">
    <p class='ocr_par' dir='ltr' id='par_1_108' title="bbox 2030 5432 3593 5507">
     <span class='ocr_line' id='line_1_108' title="bbox 2030 5432 3593 5507; baseline -0.001 -14"><span class='ocrx_word' id='word_1_758' title='bbox 2030 5438 2074 5469; x_wconf 73' lang='grc'><strong>¹²⁵</strong></span> <span class='ocrx_word' id='word_1_759' title='bbox 2105 5438 2124 5492; x_wconf 90' lang='grc' dir='ltr'><strong>Ι</strong></span> <span class='ocrx_word' id='word_1_760' title='bbox 2163 5437 2290 5493; x_wconf 91' lang='lat' dir='ltr'><strong>Cor.</strong></span> <span class='ocrx_word' id='word_1_761' title='bbox 2323 5455 2395 5503; x_wconf 82' lang='grc' dir='ltr'><strong>ιν,</strong></span> <span class='ocrx_word' id='word_1_762' title='bbox 2428 5438 2482 5494; x_wconf 83' lang='grc'><strong>5.</strong></span> <span class='ocrx_word' id='word_1_763' title='bbox 2562 5438 2649 5494; x_wconf 78' lang='grc'><strong>’³1</strong></span> <span class='ocrx_word' id='word_1_764' title='bbox 2681 5437 2824 5492; x_wconf 92' lang='lat' dir='ltr'><strong>Tim.</strong></span> <span class='ocrx_word' id='word_1_765' title='bbox 2856 5454 2909 5502; x_wconf 80' lang='grc' dir='ltr'>ν,</span> <span class='ocrx_word' id='word_1_766' title='bbox 2941 5437 3031 5493; x_wconf 72' lang='lat'><strong>20.</strong></span> <span class='ocrx_word' id='word_1_767' title='bbox 3113 5437 3156 5469; x_wconf 84' lang='grc'><strong>¹⁶</strong></span> <span class='ocrx_word' id='word_1_768' title='bbox 3184 5435 3376 5493; x_wconf 84' lang='lat' dir='ltr'><strong>Matth.</strong></span> <span class='ocrx_word' id='word_1_769' title='bbox 3401 5450 3496 5505; x_wconf 80' lang='lat' dir='ltr'><strong>vn,</strong></span> <span class='ocrx_word' id='word_1_770' title='bbox 3524 5432 3593 5507; x_wconf 74' lang='lat'><strong>5;</strong></span> 
     </span>
    </p>
   </div>
   <div class='ocr_carea' id='block_1_109' title="bbox 320 5506 3134 5575">
    <p class='ocr_par' dir='ltr' id='par_1_109' title="bbox 320 5506 3134 5575">
     <span class='ocr_line' id='line_1_109' title="bbox 320 5506 3134 5575; baseline 0 -12"><span class='ocrx_word' id='word_1_771' title='bbox 320 5506 458 5564; x_wconf 80' lang='lat' dir='ltr'><strong>Luc.</strong></span> <span class='ocrx_word' id='word_1_772' title='bbox 492 5525 565 5574; x_wconf 77' lang='lat' dir='ltr'><strong>vr,</strong></span> <span class='ocrx_word' id='word_1_773' title='bbox 595 5508 682 5563; x_wconf 73' lang='grc'><strong>42.</strong></span> <span class='ocrx_word' id='word_1_774' title='bbox 766 5509 807 5540; x_wconf 79' lang='grc'><strong>⁸⁷</strong></span> <span class='ocrx_word' id='word_1_775' title='bbox 848 5508 1038 5565; x_wconf 85' lang='lat' dir='ltr'><strong>Matth.</strong></span> <span class='ocrx_word' id='word_1_776' title='bbox 1082 5509 1191 5563; x_wconf 89' lang='lat' dir='ltr'><strong>loc.</strong></span> <span class='ocrx_word' id='word_1_777' title='bbox 1227 5508 1440 5568; x_wconf 76' lang='lat' dir='ltr'><strong>eit.3.&quot;</strong></span> <span class='ocrx_word' id='word_1_778' title='bbox 1470 5508 1665 5564; x_wconf 85' lang='lat' dir='ltr'><strong>Matth.</strong></span> <span class='ocrx_word' id='word_1_779' title='bbox 1703 5524 1845 5572; x_wconf 81' lang='lat' dir='ltr'><strong>xxw,</strong></span> <span class='ocrx_word' id='word_1_780' title='bbox 1877 5507 1969 5561; x_wconf 73' lang='lat'><strong>&#39;20.</strong></span> <span class='ocrx_word' id='word_1_781' title='bbox 2040 5508 2083 5539; x_wconf 77' lang='grc'><strong>¹⁹</strong></span> <span class='ocrx_word' id='word_1_782' title='bbox 2129 5509 2268 5564; x_wconf 85' lang='lat' dir='ltr'><strong>Psal.</strong></span> <span class='ocrx_word' id='word_1_783' title='bbox 2294 5525 2479 5575; x_wconf 73' lang='lat' dir='ltr'><strong>Lxxm,</strong></span> <span class='ocrx_word' id='word_1_784' title='bbox 2515 5510 2598 5564; x_wconf 82' lang='lat' dir='ltr'><strong>i7.</strong></span> <span class='ocrx_word' id='word_1_785' title='bbox 2675 5509 2720 5542; x_wconf 84' lang='lat'><strong>&#39;°</strong></span> <span class='ocrx_word' id='word_1_786' title='bbox 2751 5508 2886 5565; x_wconf 90' lang='lat' dir='ltr'><strong>Luc.</strong></span> <span class='ocrx_word' id='word_1_787' title='bbox 2922 5524 3014 5575; x_wconf 81' lang='lat' dir='ltr'><strong>xu,</strong></span> <span class='ocrx_word' id='word_1_788' title='bbox 3045 5507 3134 5563; x_wconf 75' lang='lat'><strong>37.</strong></span> 
     </span>
    </p>
   </div>
   <div class='ocr_carea' id='block_1_110' title="bbox 1603 5625 2294 5683">
    <p class='ocr_par' dir='ltr' id='par_1_110' title="bbox 1603 5625 2294 5683">
     <span class='ocr_line' id='line_1_110' title="bbox 1603 5625 2294 5683; baseline 0.001 -3"><span class='ocrx_word' id='word_1_789' title='bbox 1603 5626 1840 5682; x_wconf 62' lang='lat' dir='ltr'><strong>&quot;Allle</strong></span> <span class='ocrx_word' id='word_1_790' title='bbox 1885 5625 2294 5683; x_wconf 63' lang='lat' dir='ltr'><strong>LECTIONES.</strong></span> 
     </span>
    </p>
   </div>
   <div class='ocr_carea' id='block_1_111' title="bbox 397 5707 1628 5792">
    <p class='ocr_par' dir='ltr' id='par_1_111' title="bbox 397 5707 1628 5792">
     <span class='ocr_line' id='line_1_111' title="bbox 397 5707 1628 5792; baseline 0.006 -28"><span class='ocrx_word' id='word_1_791' title='bbox 397 5707 417 5750; x_wconf 75' lang='grc' dir='ltr'>ί</span> <span class='ocrx_word' id='word_1_792' title='bbox 454 5710 540 5766; x_wconf 71' lang='grc' dir='ltr'><strong>ἵνα</strong></span> <span class='ocrx_word' id='word_1_793' title='bbox 568 5714 661 5784; x_wconf 82' lang='grc' dir='ltr'><strong>μή.</strong></span> <span class='ocrx_word' id='word_1_794' title='bbox 746 5724 770 5764; x_wconf 72' lang='grc' dir='ltr'>ι</span> <span class='ocrx_word' id='word_1_795' title='bbox 796 5715 885 5770; x_wconf 73' lang='grc' dir='ltr'>ἵνα</span> <span class='ocrx_word' id='word_1_796' title='bbox 919 5718 1018 5790; x_wconf 87' lang='grc' dir='ltr'><strong>μή.</strong></span> <span class='ocrx_word' id='word_1_797' title='bbox 1106 5719 1133 5759; x_wconf 77' lang='grc' dir='ltr'>ιι</span> <span class='ocrx_word' id='word_1_798' title='bbox 1169 5718 1628 5792; x_wconf 70' lang='grc' dir='ltr'>προστάσσοντος.</span> 
     </span>
    </p>
   </div>
   <div class='ocr_carea' id='block_1_112' title="bbox 1711 5716 2058 5791">
    <p class='ocr_par' dir='ltr' id='par_1_112' title="bbox 1711 5716 2058 5791">
     <span class='ocr_line' id='line_1_112' title="bbox 1711 5716 2058 5791; baseline 0.003 -20"><span class='ocrx_word' id='word_1_799' title='bbox 1711 5716 1724 5758; x_wconf 80' lang='grc' dir='ltr'>ί</span> <span class='ocrx_word' id='word_1_800' title='bbox 1766 5716 2058 5791; x_wconf 82' lang='grc' dir='ltr'>μοναχούς.</span> 
     </span>
    </p>
   </div>
  </div>
