4062 6142
417 303 526 368 699

1612 314 1671 373 S.
1716 314 2109 374 ANASTASII
2151 310 2471 377 SlNAlT.‘E

3548 319 3576 374 'l
3587 318 3658 374 UO

418 421 583 473 ciunt.
617 416 787 472 illud:
819 417 1029 475 «Hodie
1069 436 1284 476 mecum
1333 422 1447 478 eris
1484 423 1538 476 in
1574 424 1906 493 paradiso“,
1953 431 1979 479 ἰ

2090 428 2166 490 τὸ,
2196 445 2213 475 ι
2258 428 2508 497 Σήμερον
2564 425 2682 496 μετ’
2706 424 2840 495 ἐμοῦ
2886 424 2986 496 ἔσῃ
3038 425 3095 476 ὲν
3139 422 3214 493 τῷ
3248 423 3593 493 παραδείσῳ,
3632 437 3655 473 1

417 510 665 565 dicentes
702 511 848 579 quod
887 512 1005 567 sine
1047 515 1373 582 corporibus
1396 515 1591 570 animae
1613 517 1885 586 recipiunt
1908 534 1991 573 re-

419 601 856 655 lnunerationes.
879 602 1164 673 Ingressus
1180 613 1263 659 est
1289 607 1748 675 enim,inquiunt,
1771 608 1910 663 latro
1933 610 1989 663 in

417 690 875 758 paradisummon
898 709 1019 748 cum
1053 711 1305 765 corpore.
1325 697 1480 753 Unde
1521 700 1741 768 planum
1774 701 1844 754 sit
1878 716 1989 755 non

416 793 537 833 esse
594 784 1096 847 resurrectionem,
1129 787 1286 854 quasi
1344 788 1519 841 sancti
1585 789 1987 844 beatitudinem

414 884 524 925 non
581 886 993 945 consequantur
1016 890 1166 934 oante
1221 896 1569 937 communem
1625 882 1990 937 resurrectio-

414 976 562 1015 nem.
614 966 695 1017 An
734 980 865 1019 vero
912 969 1131 1035 quando
1181 971 1471 1039 Oportebat
1497 965 1719 1041 quidem
1751 982 1985 1037 certare,

414 1053 539 1122 plus
576 1054 796 1111 sudoris
832 1059 1042 1127 accepit
1076 1074 1276 1129 corpus
1303 1078 1316 1114 :
1343 1062 1564 1131 quando
1606 1072 1789 1117 autem
1845 1072 1987 1118 tem-

415 1157 519 1208 pus
558 1152 643 1197 est
697 1160 1062 1214 coronarum,
1094 1152 1208 1204 sola
1252 1161 1550 1207 coronatur
1595 1154 1817 1209 anima?
1864 1154 1986 1209 Non

416 1233 577 1287 audis
624 1236 858 1291 Paulum
907 1238 1181 1294 dicentem
1218 1259 1230 1294 :
1267 1262 1284 1292 ο
1322 1242 1548 1313 Oportet
1578 1260 1680 1299 nos
1710 1246 1827 1300 sisti
1859 1255 1985 1301 ante

395 1325 654 1379 tribunal
709 1325 963 1394 Christi,
1020 1339 1079 1384 ut
1130 1332 1331 1386 referat
1388 1335 1798 1404 unusquisque,
1865 1351 1987 1405 qua:

413 1418 581 1486 gessit
606 1432 704 1487 per
738 1434 939 1488 corpus
956 1421 1031 1471 ’τι
1058 1422 1188 1487 (5‘2).
1214 1423 1288 1477 De
1310 1437 1377 1477 eo
1399 1438 1533 1494 ergo
1555 1425 1704 1495 quod
1736 1425 1985 1480 futurum

411 1511 497 1557 est
535 1505 741 1574 absque
794 1508 903 1562 ulla
955 1510 1393 1565 contradictiOne
1436 1512 1574 1567 dixit
1610 1514 1874 1570 Dominus
1903 1516 1984 1569 la-

413 1594 557 1648 troni
596 1612 608 1647 :
649 1614 666 1647 (
710 1596 884 1651 Hodie
941 1614 1156 1653 mecum
1187 1601 1298 1655 eris
1338 1602 1395 1655 in
1441 1603 1736 1671 paradiso;
1783 1623 1802 1655 ι
1842 1605 1986 1660 sicut

410 1685 574 1739 etiam
606 1686 741 1741 dicit
771 1688 902 1742 alibi
944 1705 957 1740 :
1007 1708 1025 1739 ι
1053 1687 1155 1754 Qui
1191 1706 1301 1743 non
1334 1692 1511 1746 credit
1536 1693 1592 1746 in
1613 1693 1813 1748 Filium
1833 1734 1847 1756 ,
1873 1696 1982 1765 jam

405 1777 682 1846 judicatus
734 1788 820 1833 est
846 1781 911 1834 ".
950 1799 968 1830 ι
1004 1779 1169 1849 Αιηυί
1216 1782 1459 1836 nondum
1497 1792 1581 1837 est
1629 1785 1999 1849 resurrectio,

410 1883 590 1936 neque
620 1869 877 1937 punitio;
916 1871 1193 1939 quomodo
1237 1888 1369 1941 ergo
1391 1874 1504 1943 jam
1547 1883 1632 1929 est
1661 1875 1982 1946 judicatus?

408 1958 647 2015 Omnino
687 1977 787 2031 per
813 1971 1123 2031 peccatum.
1162 1965 1225 2019 Et
1260 1981 1454 2022 rursus
1483 1983 1497 2020 :
1531 1985 1550 2018 ‹
1589 1965 1693 2033 Qui
1728 1969 1906 2024 credit
1926 1970 1981 2023 in

409 2052 632 2118 Filium,
665 2054 881 2108 transiit
917 2070 948 2108 a
989 2064 1165 2111 morte
1199 2057 1265 2111 ad
1304 2058 1474 2112 vitam
1507 2060 1570 2113 ”.
1618 2078 1637 2109 ›
1673 2059 1792 2113 Νοη
1825 2060 1980 2126 dixit,

411 2143 697 2208 transibit,
729 2143 826 2198 sed
851 2147 1082 2209 transiit,
1118 2145 1191 2209 de
1237 2147 1305 2200 iis
1353 2163 1475 2216 quae
1521 2148 1641 2203 sine
1701 2150 1984 2203 contradi-

410 2233 594 2286 ctione
618 2243 881 2289 eventura
910 2235 1040 2290 sunt
1069 2244 1326 2306 tanquam
1358 2239 1425 2292 de
1450 2240 1561 2309 jam
1598 2239 1757 2295 factis
1807 2226 1987 2310 loqui-

412 2332 523 2378 tur.
551 2323 627 2379 lta
658 2326 825 2381 etiam
856 2329 1110 2397 praedixit
1157 2330 1355 2385 latroni
1403 2331 1554 2400 quod
1594 2333 1826 2386 omnino
1866 2341 1987 2388 erat

410 2415 677 2470 futurum.
703 2418 920 2472 Etenim
973 2420 1172 2475 medici
1219 2421 1440 2489 quando
1477 2422 1721 2478 viderint
1747 2424 1986 2492 aliquem

412 2507 780 2577 deploratum,
816 2509 1008 2564 dicunt
1070 2527 1193 2565 eum
1244 2513 1352 2581 jam
1406 2528 1532 2568 esse
1587 2525 1987 2580 mortuum,et

412 2613 534 2653 esse
575 2599 977 2667 cadaver,licet
1024 2617 1150 2656 eum
1189 2602 1612 2660 videantadhuc
1640 2606 1936 2675 spirantem
1967 2624 1982 2673 ;

414 2697 471 2745 et
490 2692 766 2760 quomodo
796 2692 886 2748 ille
916 2709 1025 2747 non
1057 2680 1221 2751 habet
1244 2710 1392 2764 spem
1423 2695 1636 2760 salutis,
1662 2706 1718 2750 et
1737 2707 1987 2753 mortuus

415 2789 499 2835 est
525 2782 777 2850 medicis,
817 2784 894 2838 ita
920 2784 1087 2838 etiam
1114 2786 1254 2841 latro
1276 2828 1290 2850 ,
1321 2788 1580 2856 quoniam
1614 2803 1724 2843 non
1756 2790 1990 2858 amplius

415 2876 768 2941 exspectabat
868 2878 1107 2932 reditum
1189 2879 1258 2933 ad
1340 2880 1647 2948 interitum,
1708 2870 1989 2952 ingressus

415 2975 501 3020 est
553 2969 868 3036 paradisum
928 2976 1205 3028 sententia
1268 2976 1467 3045 (55),
1531 2991 1642 3030 non
1699 2976 1990 3045 experien-

418 3059 513 3112 tia.
547 3060 624 3114 Ita
683 3063 850 3116 etiam
909 3063 1082 3119 Adam
1141 3066 1349 3120 audivit
1377 3084 1391 3120 :
1424 3087 1441 3118 ι
1474 3065 1592 3133 Quo
1614 3067 1703 3121 die
1730 3068 1988 3122 comede-

417 3152 542 3207 ritis
564 3169 632 3207 ex
661 3154 834 3225 ligno,
869 3166 1047 3211 morte
1090 3158 1400 3212 moriemini
1429 3159 1494 3213 ³ο.
1532 3178 1550 3210 ι
1583 3158 1725 3226 Quid
1776 3159 1940 3229 igitur
1966 3160 1990 3212 ’ἒ
2016 3125 2058 3182 C

415 3242 687 3306 Comedit,
717 3254 774 3300 et
800 3257 1051 3302 mortuus
1078 3250 1205 3303 est?
1238 3251 1593 3318 Nequaquam
1623 3266 1638 3314 ;
1679 3250 1815 3303 vixit
1843 3249 1990 3304 enim

415 3352 591 3391 annos
641 3347 949 3409 nongentos
1039 3350 1095 3395 et
1160 3343 1376 3412 triginta
1427 3350 1551 3411 post
1606 3342 1759 3395 illum
1823 3342 1989 3396 diem.

416 3428 705 3495 Quomodo
724 3446 858 3503 ergo
883 3432 1187 3488 dixitDeus
1218 3452 1231 3487 :
1267 3452 1284 3483 ‹
1329 3434 1450 3502 Ipso
1471 3434 1561 3489 die
1597 3433 1984 3488 morieminih

417 3525 713 3585 sententia,
746 3540 860 3579 non
885 3526 1250 3594 experientia.
1284 3526 1362 3579 lta
1395 3526 1529 3580 mihi
1568 3526 1813 3595 intellige
1842 3533 1899 3579 et
1923 3525 1991 3579 de

415 3615 655 3683 latrone,
682 3624 977 3687 propterea
1007 3618 1153 3687 quod
1191 3619 1436 3673 nondum
1468 3627 1552 3673 est
1601 3627 1815 3687 tempus
1864 3612 1995 3686 ope-

416 3726 540 3763 rum
600 3713 1086 3766 remunerationis.
1139 3712 1282 3765 Dicit
1348 3711 1495 3764 enim
1567 3711 1864 3779 Apostolus
1923 3708 1992 3763 de

411 3802 624 3873 justis:
666 3822 685 3854 ι
725 3804 793 3858 Et
841 3805 897 3858 hi
948 3819 1141 3859 omnes
1198 3802 1514 3859 testimonio
1576 3802 1700 3856 ﬁdei
1752 3800 1989 3871 probati,

415 3910 526 3948 non
587 3905 920 3964 acceperunt
977 3896 1480 3965 repromissiunem,
1515 3895 1627 3948 Deo
1678 3909 1793 3963 pro
1830 3893 1993 3947 nobis

416 3985 617 4039 melius
651 3986 855 4055 aliquid
880 3987 1203 4055 providente
1224 4031 1237 4052 ,
1266 3995 1327 4039 ut
1361 4001 1470 4040 non
1516 3985 1633 4039 sine
1669 3984 1830 4038 nobis
1864 3999 1994 4038 con-

418 4085 829 4131 summarentur
860 4076 926 4129 δι.
964 4095 983 4128 ι

706 4187 786 4242 Ea:
805 4187 1045 4259 Theologi
1060 4189 1297 4242 oratione
1319 4189 1370 4242 in
1397 4186 1708 4243 Cwsarium.

487 4279 618 4334 Post
670 4280 835 4334 etiam
880 4278 1180 4348 aliquanto,
1223 4294 1347 4332 eum
1403 4286 1689 4347 cognatam
1749 4289 1991 4337 carnem,

417 4385 543 4425 cum
575 4385 682 4440 qua
711 4369 779 4423 de
801 4369 1006 4423 divinis
1032 4368 1410 4438 pbilosophata
1432 4378 1534 4430 est,
1566 4381 1595 4419 a
1615 4374 1759 4420 terra
1781 4378 1902 4433 quae
1939 4370 1996 4417 et

2092 516 2489 586 προϐάλλονται
2521 556 2536 580 ,
2573 516 2820 585 λέγοντες
2851 516 2931 569 ὅτι
2984 515 3107 585 δίχα
3154 515 3260 567 τῷν
3310 514 3578 582 σωμάτων
3605 515 3659 567 αῖ

2089 607 2257 678 ψυχαὶ
2310 607 2758 677 ἀπολαμϐάνουσι
2811 608 2914 670 τὰς
2961 605 3219 677 ἀμοιϐάς.
3246 605 3478 675 Εἰσῆλθε
3514 604 3656 676 γὰρ,

2092 701 2278 770 φησὶν,
2306 702 2332 753 6
2363 700 2563 771 λῃστὴς
2596 702 2674 763 είς
2701 700 2790 753 τὸν
2820 699 3175 769 παράδεισον,
3207 699 3268 750 ού
3302 697 3442 766 μετὰ
3475 695 3663 759 σώμα-

2087 807 2203 853 τος,
2243 791 2337 842 καὶ
2391 790 2567 859 δῆλον,
2593 789 2668 853 ὡς
2702 790 2968 859 σωμάτων
3013 789 3308 867 ἀνάστασις
3349 788 3450 840 οὐκ
3489 789 3659 840 ἔστιν.

2090 879 2245 943 Εἶτα.
2281 883 2410 934 ὅταν
2444 880 2458 919 ι
2488 881 2588 952 μὲν
2614 880 2978 946 ἀγωνίζεσθαι
3004 880 3134 941 ἔδει,
3160 878 3222 932 τὸ
3249 878 3411 931 πλέον
3441 878 3662 941 ἐδέξατο

2089 970 2197 1023 τῶν
2257 971 2496 1041 ἱδρώτων
2547 970 2608 1023 τὸ
2661 970 2824 1038 σῶμα
2853 986 2868 1001 ·
2901 970 2989 1021 ὅτε
3019 969 3075 1021 δὲ
3113 969 3396 1035 στεφάνων
3446 968 3655 1036 καιρὸς,

2091 1064 2225 1132 μόνη
2259 1063 2404 1133 ψυχὴ
2445 1060 2806 1130 στεφανοῦται
2835 1078 2851 1128 ;
2901 1061 3017 1114 Οὐκ
3072 1060 3291 1121 ἀκούεις
3325 1058 3418 1111 τοῦ
3450 1059 3660 1111 Παύλου

2087 1154 2358 1222 λέγοντος,
2389 1156 2470 1206 ὅτι
2506 1173 2523 1205 ι
2564 1153 2917 1223 Παραστῆναι
2945 1154 3091 1221 ἡμᾶς
3114 1152 3193 1202 δεῖ
3219 1149 3297 1219 τῷ
3328 1150 3533 1220 βήματι
3564 1148 3658 1201 τοῦ

2086 1245 2347 1316 Χριστοῦ,
2391 1266 2409 1297 ι
2455 1247 2541 1298 ἵνα
2588 1246 2885 1315 κομίσηται
2930 1244 3169 1305 ἕκαστος
3235 1242 3302 1294 τὰ
3351 1241 3439 1294 διὰ
3476 1253 3516 1280 ω
3568 1238 3662 1292 τοῦ

2089 1336 2376 1405 σώματος;
2405 1338 2518 1390 καίο
2548 1339 2637 1390 Δεῖ
2652 1337 2713 1388 τὸ
2746 1335 2940 1403 θνητὸν
2971 1332 3128 1387 τοῦτο
3169 1330 3494 1385 ἐνδύσασθαι
3526 1330 3661 1383 ἀθα-

2087 1428 2276 1481 νασίαν
2295 1447 2308 1495 ;
2325 1427 2559 1482 »Οὐκοῦν
2582 1428 2709 1497 περὶ
2728 1427 2820 1479 τού
2845 1426 3183 1496 empse-cm;
3209 1423 3492 1494 μέλλοντος
3519 1422 3663 1490 γίνεο

2088 1519 2231 1582 σθαι,
2260 1515 2411 1572 εἶπεν
2468 1521 2496 1572 6
2548 1520 2754 1588 Κύριος
2812 1517 2891 1587 τῷ
2938 1517 3146 1586 λῃστῇ·
3187 1534 3205 1564 ί
3245 1514 3493 1584 Σήμερον
3545 1511 3662 1582 μετ’

2087 1613 2221 1682 ἐμοῦ
2255 1612 2354 1683 ἔσῃ
2383 1615 2440 1665 ἐν
2483 1611 2561 1681 τῷ
2616 1611 2928 1683 παραδείσῳ
2954 1627 2966 1639 ο
3014 1628 3032 1661 ›
3069 1605 3254 1669 καθὼς
3295 1608 3390 1658 καὶ
3427 1604 3659 1674 ἀλλαχοῦ

2089 1721 2251 1772 φησιν
2278 1721 2291 1734 ο
2327 1723 2345 1755 ι
2386 1702 2446 1755 '0
2478 1703 2756 1756 πιστεύων
2791 1705 2873 1765 εἰς
2895 1704 2986 1755 τὸν
3011 1701 3160 1764 Υἱὸν,
3194 1700 3295 1771 ἥδη
3323 1699 3590 1767 κέκριται.
3638 1716 3657 1747 ι

2030 1786 2066 1838 Β
2102 1796 2285 1847 Καίτοι
2321 1796 2474 1847 οὔπω
2495 1796 2811 1858 ἀνάστασις,
2847 1792 2966 1846 οὐδὲ
3002 1793 3243 1855 κόλασις,
3284 1790 3398 1852 πῶς
3424 1786 3518 1842 οὖν
3557 1788 3659 1859 ἤδη

2084 1886 2380 1955 κέκριταις
2421 1884 2556 1937 Ἀπὸ
2601 1887 2699 1955 τῆς
2731 1885 3005 1954 ἁμαρτίας
3031 1884 3266 1944 πάντως.
3291 1881 3402 1935 Καὶ
3443 1881 3603 1934 πάλιν
3640 1896 3655 1909 ο

2092 1992 2108 2024 σ
2134 1975 2191 2027 Ὀ
2220 1973 2490 2027 πιστεύων
2513 1976 2592 2037 εἰς
2622 1974 2713 2026 τὸν
2740 1974 2865 2027 Υίὸν
2899 1972 3270 2044 μεταϐέϐηκεν
3291 1974 3353 2023 ὲσέ
3380 1969 3472 2022 τοῦ
3495 1968 3663 2021 Gaud-

2084 2082 2175 2118 του
2227 2068 2306 2128 είς
2363 2065 2460 2135 τὴν
2517 2063 2683 2134 ζωήν.
2720 2085 2738 2116 ι
2770 2064 2878 2117 Καὶ
2924 2065 3024 2119 οὐκ
3068 2061 3188 2116 εἷπε
3214 2104 3229 2126 ,
3269 2063 3660 2131 μεταϐήσεται,

2083 2155 2217 2208 ἀλλὰ
2244 2157 2665 2223 μεταϐέϐηκεν,
2696 2155 2802 2206 τῶν
2828 2154 3143 2225 ,μελλόντων
3178 2153 3523 2223 ἀντιρῤήτως
3553 2153 3652 2203 ὲκ-

2085 2248 2362 2316 εὴσεσοσιι.
2397 2249 2472 2310 ὡς
2511 2249 2915 2317 γεγενημένων,
2956 2244 3120 2314 λέγει.
3155 2244 3311 2299 Οὕτω
3337 2246 3430 2295 καὶ
3459 2242 3537 2312 τῷ
3561 2244 3654 2313 λῃ-

2087 2341 2184 2406 στῇ
2208 2340 2436 2405 προεῖπε
2457 2339 2519 2389 τὸ
2542 2337 2758 2400 πάντως
2776 2336 3051 2406 ἐσόμενον.
3090 2333 3192 2388 Καὶ
3221 2336 3329 2403 γὰρ
3347 2333 3442 2386 καὶ
3462 2332 3658 2402 ίατροὶ,

2085 2429 2223 2480 ἐπὰν
2266 2428 2415 2480 ἴδωσί
2473 2444 2594 2481 τινα
2647 2426 3114 2496 ἀπεγνωσμένον,
3183 2424 3432 2491 λέγουσιν
3469 2461 3485 2483 .
3518 2422 3657 2490 Ἤδη

2085 2519 2366 2587 τέθνηκεν,
2401 2519 2495 2571 καὶ
2542 2518 2747 2587 νεκρός·
2791 2519 2948 2581 ἐστι,
2977 2515 3154 2570 καίτοι
3216 2511 3660 2592 ἐμπνέοντα-ἐτι

2090 2609 2379 2680 βλέποντες
2407 2625 2420 2639 ⁸
2458 2610 2553 2661 καὶ
2580 2607 2770 2677 ὥσπερ
2798 2607 3005 2669 ἐκεῖνος
3039 2602 3313 2673 σωτηρίας
3342 2602 3534 2655 ἐλπίδα
3557 2599 3663 2653 οὐκ

2089 2702 2219 2771 ἔχει,
2249 2703 2343 2754 καὶ
2388 2701 2615 2769 τέθνηκε
2650 2701 2762 2762 τοῖς
2806 2699 3036 2767 ἰατροῖς,
3064 2696 3206 2749 οὕτω
3240 2695 3330 2748 καὶ
3367 2695 3395 2747 6
3439 2690 3659 2765 λῃστὴς,

2088 2794 2273 2861 ἐπειδὴ
2338 2791 2665 2862 προσδοκίαν
2717 2789 2898 2844 οὐκέτι
2941 2783 3084 2858 εἶχεν
3130 2784 3480 2855 ὑποστροφῆς
3526 2783 3666 2852 πρὸς

2091 2884 2385 2945 ἀπώλειαν,
2422 2882 2771 2951 εἰσελήλυθεν
2820 2881 2899 2943 είς
2939 2879 3030 2932 τὸν
3073 2878 3398 2950 παράδεισον
3432 2879 3496 2945 τῇ
3524 2877 3663 2928 ἀπο-

2090 2978 2273 3045 φάσει,
2298 2976 2356 3027 ού
2404 2977 2472 3045 τῇ
2512 2974 2697 3044 πείρᾳ.
2753 2970 2911 3025 Οὕτω
2972 2971 3066 3023 καὶ
3122 2973 3151 3022 6
3192 2969 3363 3037 Ἀδὰμ
3405 2968 3660 3038 ἡκοοσεν,

2098 3087 2115 3119 ι
2155 3064 2231 3138 ’ᾟ
2258 3068 2301 3120 δ’
2339 3065 2403 3119 ἂν
2448 3064 2633 3136 ἡμέρᾳ
2684 3063 2896 3133 φάγητε
2940 3062 3046 3115 ἀπὸ
3086 3059 3177 3114 τοῦ
3242 3059 3420 3124 ξύλου,
3449 3056 3667 3125 θανάτῳ
3745 3134 3752 3141 ι

2092 3152 2469 3208 ἀποθανεῖσθε.
2518 3171 2536 3204 ι
2570 3153 2689 3205 Ὀτι
2728 3152 2820 3206 οὖν
2860 3152 2997 3220 αύτῇ
3032 3153 3096 3219 τῇ
3129 3149 3313 3219 ἡμέρᾳ
3362 3145 3661 3214 τέθνηκενς

2092 3242 2365 3312 οὐδαμῶς.
2397 3241 2599 3310 "EC-nos
2623 3244 2732 3311 γὰρ
2760 3241 2854 3310 ἐτη
2879 3240 3173 3308 τριάκοντα
3199 3238 3294 3291 καὶ
3326 3235 3612 3288 ἐννακόσια
3644 3273 3661 3299 ,

2096 3335 2235 3406 μετὰ
2263 3333 2360 3404 τὴν
2387 3334 2599 3403 ἡμέραν
2621 3334 2852 3401 ἐκείνην.
2877 3331 3015 3394 -Πῶς
3038 3326 3130 3384 οὖν
3156 3328 3309 3382 εἶπεν
3339 3332 3366 3381 6
3395 3327 3548 3391 Θεὸς,
3574 3328 3664 3380 ὅτι

2099 3442 2118 3475 ι
2155 3425 2300 3493 Λύτῇ
2354 3427 2419 3493 τῇ
2465 3423 2647 3493 ἡμέρᾳ
2678 3419 3075 3484 ἀποθανεῖσθες
3118 3439 3138 3471 ι
3171 3421 3235 3488 τῇ
3268 3417 3560 3485 ἀποφάσει,
3602 3416 3664 3467 οὔ

2092 3519 2158 3585 τῇ
2196 3516 2376 3586 πείρᾳ.
2410 3515 2567 3567 Οὕτω
2602 3530 2691 3584 μοι
2723 3513 2832 3565 νόει
2863 3512 2954 3564 καὶ
2987 3512 3117 3581 περὶ
3138 3510 3231 3563 τοῦ
3250 3507 3450 3581 λῃστοῦ
3484 3525 3494 3537 ·
3528 3507 3662 3559 διότι

2093 3607 2244 3660 ούπω
2292 3607 2479 3676 καιρὸς
2511 3606 2611 3674 τῆς
2659 3604 2768 3657 τῶν
2818 3603 2994 3673 ἔργων
3033 3602 3463 3662 ἁνταποδόσεως.
3519 3600 3663 3667 Φησὶ

2093 3701 2202 3769 γὰρ
2237 3700 2264 3750 ὁ
2307 3697 2629 3757 Ἀπόστοὶος
2679 3695 2809 3765 περὶ
2840 3695 2948 3747 τῶν
2990 3693 3217 3746 δικαίων
3248 3708 3262 3722 ⁸
3313 3694 3473 3745 (οΚαὶ
3515 3684 3667 3743 οὗτοι

2094 3794 2294 3849 πάντες
2323 3784 2759 3860 μαρτυρηθέντες
2784 3789 2872 3841 διὰ
2901 3791 3003 3857 τῆς
3040 3787 3296 3852 πίστεως,
3336 3788 3435 3839 οὐκ
3474 3785 3665 3853 ὲκομί-
3718 3857 3722 3860 γ

2096 3901 2257 3935 σαντο
2281 3884 2378 3951 τὴν
2409 3880 2763 3948 ἐπαγγελίαν,
2800 3879 2892 3932 τοῦ
2918 3879 3051 3935 Θεοῦ
3082 3879 3327 3949 κρεῖττόν
3354 3897 3408 3930 τι
3441 3879 3669 3939 προῆλεο

2093 3974 2361 4045 φαμένου,
2396 3974 2480 4028 ἵνα
2506 3973 2581 4044 μὴ
2616 3974 2786 4043 χωρὶς
2818 3972 2974 4041 ἡμῶν
3004 3970 3385 4024 τελειωθῶσιν.
3434 3992 3450 4022 ι

2270 4185 2380 4239 Τοῦ
2427 4184 2722 4254 Θεολόγου
2764 4184 2833 4237 ἐκ
2865 4184 2972 4237 τοῦ
3023 4188 3109 4249 εἰς
3136 4182 3490 4252 Καισάρων.

2167 4277 2378 4347 Μικρὸν
2436 4276 2493 4328 δὲ
2563 4275 2823 4346 ὕστερον,
2886 4275 2979 4328 καὶ
3030 4275 3089 4327 τὸ
3119 4275 3379 4342 συγγενὲς
3442 4276 3668 4345 σαρκίον

2096 4365 2443 4422 ἀπολαϐοῦσα
2468 4368 2501 4437 ἡ
2546 4367 2715 4436 ψυχὴ,
2831 4366 2901 4419 τὰ
2946 4366 3154 4419 ἐκεῖθεν
3183 4365 3666 4435 συνεφιλοσόφησε,

418 4462 666 4527 dederat,
683 4470 740 4516 et
755 4462 809 4516 in
835 4461 993 4516 [idem
1016 4460 1179 4531 379
1197 4467 1503 4528 acceperat,
1531 4456 1804 4526 receperit
1828 4455 1990 4526 (quod

2101 4460 2252 4530 παρὰ
2283 4459 2505 4534 τῆςικαὶ
2536 4457 2825 4524 δοκούσης,
2851 4458 2946 4510 καὶ
2977 4457 3364 4526 πιστευθείσης
3395 4458 3516 4524 γῆς,
3541 4458 3672 4526 τρό-

419 4576 530 4628 quo
577 4560 741 4613 modo
793 4559 906 4624 ﬁat,
942 4559 990 4613 is
1031 4559 1185 4613 novit
1217 4558 1310 4627 qui
1343 4574 1404 4611 ea
1439 4557 1584 4611 inter
1612 4571 1670 4610 se
1700 4553 1992 4625 conjunxit

419 4657 583 4717 atque
611 4648 918 4716 disjuaxit),
952 4656 1064 4701 tum
1085 4663 1204 4701 eam
1237 4660 1457 4715 quoque
1497 4644 1563 4697 ad
1598 4642 1784 4713 gloriae
1827 4642 1993 4696 caele-

297 4766 319 4778 -
420 4742 524 4794 stis
553 4738 928 4793 hereditatem
982 4753 1169 4791 secum
1214 4737 1600 4790 admissuram.
1636 4733 1705 4787 Et
1730 4731 1989 4801 quemad~

421 4830 647 4884 modum
708 4829 780 4884 ob
831 4837 1038 4883 natura:
1103 4828 1545 4898 coniunx-tionem
1620 4839 1988 4880 aerumnarum

421 4920 599 4992 ipsius
629 4921 902 4991 particeps
938 4920 1146 4983 fuerat,
1169 4921 1249 4973 sic
1273 4918 1437 4972 etiam
1457 4917 1830 4988 jucundilates
1866 4930 1993 4970 suas

518 5078 564 5109 ’⁸
590 5076 880 5135 Luexxm,
906 5076 995 5129 43.

428 5147 472 5182 ³⁸
501 5147 669 5203 llebr.
692 5164 764 5211 si,
787 5148 876 5211 59,
906 5146 995 5200 40.

1100 5075 1145 5105 ’⁷
1174 5073 1216 5127 11
1247 5073 1370 5127 Cor.
1417 5088 1469 5135 Υ,
1508 5070 1605 5136 ἰο;
1634 5070 2012 5131 Remum”).

2100 4540 2220 4615 πον,
2252 4547 2363 4604 οἷον
2415 4545 2556 4604 οἶδεν
2612 4552 2641 4603 6
2690 4549 2863 4603 ταῦτα
2906 4550 3215 4619 συστήσας,
3271 4550 3366 4602 καὶ
3413 4549 3673 4615 διαλύσας

2096 4641 2247 4706 Θεὸς,
2282 4640 2456 4711 τούτῳ
2498 4640 2934 4709 συγκληρονομεῖ
2977 4639 3079 4706 τῆς
3104 4638 3315 4692 ἐκεῖθεν
3341 4635 3516 4704 δόξης.
3557 4639 3672 4691 Καὶ.

2097 4732 2350 4802 καθάπερ
2398 4731 2507 4784 τῶν
2551 4730 2861 4800 μοχθηρίων
2919 4729 3084 4783 αὐτοῦ
3152 4728 3380 4797 μετέσχε
3437 4728 3523 4780 διὰ
3570 4730 3671 4799 τὴν

2100 4824 2399 4893 συμφυΐαν,
2430 4821 2573 4874 οὕτω
2604 4822 2696 4873 καὶ
2724 4821 2833 4873 τῶν
2867 4821 3115 4890 τερπνῶν
3151 4820 3350 4888 ὲαυτῆς
3380 4819 3674 4890 μεταδίδω-

2102 4932 2206 4975 σιν,
2233 4915 2351 4966 ὅλον
2387 4916 2463 4975 εἰς
2499 4914 2699 4982 ἑαυτὴν
2731 4911 3073 4972 ἀναλώσασα,
3109 4913 3202 4964 καὶ
3253 4911 3521 4980 γενομένη
3572 4912 3671 4962 σὺν

2121 5069 2163 5097 ’³³
2190 5067 2345 5120 ,1.κω.
2389 5084 2464 5130 tu,
2518 5067 2599 5121 i8.
2709 5068 2751 5100 ⁸⁸
2790 5066 2947 5122 Joan.
2978 5082 3028 5129 ν,
3058 5066 3146 5120 9.4.
3253 5066 3297 5097 ³ο
3336 5064 3468 5120 Gen.
3500 5081 3554 5129 ιι,
3588 5066 3666 5118 l7.

1722 5233 1951 5289 VAltlAS
1980 5233 2380 5288 LEC'l'iilﬁl‘Iﬁ.

498 5331 519 5377 ι
547 5337 658 5391 ὅτε.
735 5343 774 5366 ³
803 5332 926 5388 [δια.

1931 5416 2155 5473 ΝΟΤίΕ.

435 5519 638 5581 nandi,
697 5524 1009 5571 sanctorum
1080 5511 1291 5566 animas
1355 5524 1645 5581 corporum
1707 5510 1997 5581 ξνσὶστασιν

429 5577 768 5656 exspectare,
803 5595 864 5640 ut
897 5584 1081 5656 divina
1117 5582 1279 5656 simul
1308 5580 1567 5656 beatitate
1603 5582 1895 5656 fruantur;
1936 5577 1990 5656 in

433 5648 593 5721 quam
630 5648 952 5708 sententiam
998 5653 1160 5709 ivisse
1210 5650 1525 5707 Anastasius
1565 5648 1784 5703 videtur
1818 5649 1908 5703 hic
1939 5654 1994 5700 ct

436 5727 578 5780 alibi.
618 5724 932 5792 ιΛιΑῑιιιΝκ.)

2179 5505 2287 5575 (32)
2322 5504 2535 5570 Oportet
2566 5503 2905 5573 rorruptibile
2938 5505 3032 5558 Ιιοε
3066 5504 3285 5557 induere
3314 5505 3674 5575 incorruptio-

2106 5595 2219 5629 m'm
2254 5578 2291 5635 (I
2323 5576 2450 5628 Cor.
2485 5592 2570 5637 xv,
2602 5577 2714 5640 b5).

2177 5647 2283 5711 (35)
2314 5646 2448 5709 lno,
2490 5646 2670 5698 statim
2704 5653 2761 5697 ut
2792 5652 3041 5699 mortuus
3064 5651 3167 5710 est,
3203 5645 3395 5699 eodem
3423 5646 3507 5704 die
3537 5643 3672 5700 vidit

2102 5718 2245 5771 clare
2279 5714 2518 5771 divinam
2542 5715 2855 5769 essentiam.
