4062 6142
363 302 482 371 703

595 417 1212 561 cuiusne
1285 449 1655 539 LXXV.

380 590 525 645 Unde
545 594 697 646 homo
730 605 1004 662 cognoscat
1035 613 1161 650 num
1194 598 1249 651 in
1288 600 1399 667 ipso
1430 601 1624 655 habitet
1658 603 1892 659 Christus
1919 609 1943 659 ?

964 781 1007 834 Π
1018 781 1360 839 ESPONSIO.

443 866 685 935 Quaestio
704 868 821 924 hac
847 870 1042 926 similis
1061 882 1145 926 est
1174 873 1252 928 illi
1272 891 1377 944 qua
1401 877 1526 946 quis
1542 893 1608 933 ex
1630 891 1943 951 praegnante

374 958 575 1014 femina
610 969 1028 1029 percontaretur
1061 965 1206 1019 unde
1239 967 1377 1020 sciat
1406 983 1465 1022 se
1507 969 1560 1023 in
1606 979 1765 1026 utero
1813 988 1947 1027 con-

373 1053 603 1121 rupisse.
636 1054 1106 1119 Quemadmodum
1141 1057 1307 1125 igitur
1340 1058 1428 1113 illa
1456 1078 1597 1131 opus
1622 1079 1731 1117 non
1780 1064 1945 1119 habet

378 1153 432 1197 ut
468 1144 537 1198 ab
592 1145 700 1197 alio
754 1145 809 1198 id
857 1145 1055 1210 discat,
1104 1149 1307 1218 quippe
1335 1167 1457 1219 quae
1483 1168 1547 1206 ex
1592 1154 1768 1223 seipsa
1805 1164 1860 1210 et
1891 1157 1945 1210 in

376 1233 553 1301 seipsa
600 1234 772 1297 novit,
805 1249 870 1287 ex
928 1239 1336 1305 compressione
1385 1251 1797 1296 menstruorum
1829 1286 1842 1308 ,
1877 1261 1945 1299 ex

377 1323 774 1378 subsaltatione
828 1324 1071 1390 infantis,
1103 1338 1160 1381 et
1206 1344 1271 1382 ex
1331 1330 1664 1387 abstinentia
1697 1350 1728 1387 a
1757 1335 1948 1389 multis

376 1413 693 1475 esculentis,
726 1428 844 1467 sese
879 1417 1196 1484 coocepisse
1228 1435 1241 1482 ;
1271 1419 1342 1472 ita
1373 1428 1428 1473 et
1455 1423 1636 1475 anima
1665 1438 1805 1491 opus
1838 1440 1948 1478 non

378 1503 545 1557 habet
573 1504 641 1557 ab
667 1505 773 1558 alio
799 1506 1009 1559 discere
1029 1509 1248 1576 quando
1272 1511 1526 1568 Christus
1555 1530 1652 1583 per
1682 1515 1949 1584 Spiritum

1563 327 1621 387 s.
1662 327 2059 388 ANASTASH
2098 330 2421 420 summa

1968 444 2010 499 Α
2108 485 2112 487 .

3503 337 3608 405 ’ἴω

2394 474 2746 560 ΕΡΩΤΗ
2760 478 2924 562 ΣΙΣ
2984 470 3174 563 ΟΕ.

2045 609 2224 665 Ὅθεν
2297 610 2599 688 γινώσκει-
2632 616 2682 688 d_
2721 614 3031 688 ἅνθρωπος
3085 619 3132 670 ει
3177 619 3497 688 ἐνοίκησεν
3541 619 3611 675 ἐν

2410 688 2415 693 ’
2532 682 2692 749 αὐτῷ
2747 686 2780 736 ὀ
2831 686 3124 753 Χριστός;

2630 800 3019 855 ΑΠΟΚΡΙΣΙΣ.

2115 887 2285 942 Τοῦτο
2311 889 2372 942 τὸ
2402 888 2673 960 ἐρώτημαλ
2692 891 2877 959 ὅμοιόν
2902 893 3019 943 ἐστι
3045 890 3138 944 τοῦ
3172 892 3485 963 ἐρωτῶντος
3512 895 3620 963 τὴν

2047 977 2242 1047 ἔγκυον
2282 983 2536 1047 γυναῖκα,
2591 981 2672 1033 ὃτι
2729 981 2898 1034 Πόθεν
2937 977 3082 1044 οἶδας
3129 984 3175 1034 εἰ
3221 983 3509 1047 συνέλαϐες
3554 986 3615 1038 ἑν

2047 1072 2244 1140 γαστρί
2272 1072 2518 1142 ;Ὢσπερ
2572 1070 2667 1125 οὖν
2713 1073 2898 1141 ἐκείνη
2943 1074 3004 1126 οὐ
3049 1073 3219 1125 δεῖται
3267 1074 3611 1143 παρ’ὲτέρου

2048 1146 2443 1227 γνῶναίτοῦτο
2477 1177 2490 1192 ο
2519 1162 2635 1215 ἀλλ’
2664 1162 2803 1230 αὐτὴ
2828 1161 2886 1226 ἐξ
2912 1163 3083 1232 αὐτῆς
3111 1158 3250 1216 οἶδεν
3278 1166 3334 1215 ὲν
3362 1163 3524 1232 αὐτῇ,
3550 1163 3615 1218 ἐκ

2049 1266 2107 1304 τε
2139 1251 2233 1318 τῆς
2256 1251 2557 1321 ἁναστολῆς
2576 1250 2685 1306 τῶν
2721 1253 2990 1323 αἱμάτων,
3023 1252 3087 1305 ἐκ
3127 1269 3185 1304 τε
3217 1252 3325 1304 τῶν
3350 1252 3493 1306 ἔνδον
3518 1253 3614 1308 τοῦ

2053 1337 2286 1408 βρέφους
2313 1342 2724 1410 σκιρτημάτων,
2757 1339 2819 1394 ἔκ
2850 1358 2908 1394 τε
2939 1341 3125 1394 λοιπὸν
3150 1343 3245 1395 καὶ
3283 1342 3383 1410 τῆς
3402 1343 3616 1412 ἀποχῆς

2048 1430 2156 1482 τῶν
2203 1430 2412 1483 πολλῶν
2460 1430 2789 1501 βρωμάτων,
2819 1432 2900 1484 ὃτι
2930 1431 3219 1485 συνέλαϐεν
3239 1449 3254 1464 ο
3286 1432 3433 1486 οὓτω
3462 1435 3554 1486 καὶ
3577 1432 3615 1499 ἡ

2051 1519 2196 1590 ψυχὴ
2216 1522 2276 1573 ού
2299 1521 2467 1575 δεῖται
2501 1522 2629 1591 παρ’
2665 1522 2858 1592 ἑτέρου·
2893 1523 3104 1592 μαθεζν,
3136 1523 3297 1593 ἡνίκα
3343 1525 3616 1591 ἐνοικήσει

378 1608 625 1651 sanctum
659 1600 712 1652 in
759 1600 874 1670 ipsa
916 1603 1168 1669 habitet;
1209 1622 1330 1659 mox
1367 1608 1513 1660 enim
1539 1618 1594 1663 et
1638 1611 1753 1679 ipsa
1803 1611 1953 1666 videt

2059 1612 2329 1682 ὑΧριστὺς
2361 1615 2418 1665 ἐν
2444 1612 2579 1683 αὐτῇ
2608 1613 2695 1666 διὰ
2718 1611 2857 1667 Πνεύ
2867 1630 3033 1683 ματος
3066 1615 3219 1680 ἁγίου
3244 1631 3260 1659 '.
3291 1613 3489 1676 εὐθέως
3510 1615 3619 1682 γὰρ

379 1686 625 1755 impuros
683 1690 861 1743 ﬂuxus
915 1708 1209 1759 pravarum
1251 1697 1602 1752 alfectionum
1648 1716 1716 1754 ex
1784 1717 1949 1770 prava

2059 1702 2149 1754 καὶ
2175 1702 2311 1772 αὐτὴ
2343 1704 2445 1773 ὁρᾷ
2490 1704 2558 1756 τὰ
2611 1703 2898 1773 ἀκάθαρτα
2949 1704 3157 1772 αἵματα
3193 1704 3301 1757 τῶν
3327 1698 3468 1757 κατὰ
3492 1722 3617 1757 συν-

378 1779 784 1835 consuetudine
841 1791 1130 1837 manantes
1152 1785 1272 1839 sisti
1316 1802 1380 1841 ac
1417 1789 1724 1858 comprimi.
1759 1801 1815 1844 et
1853 1809 1949 1846 va-

2059 1792 2245 1862 ήθειαν
2286 1793 2457 1860 αὐτῆς
2507 1790 2698 1849 παθῶν
2740 1786 3206 1863 ἀναστελλόμενα,
3236 1792 3332 1846 καὶ⁵
3365 1792 3465 1862 τὴν
3507 1792 3617 1844 τῶν

379 1869 588 1922 riorum
638 1871 889 1924 ciborum
941 1875 1334 1942 appetitionem
1372 1879 1650 1948 sepiri,et
1700 1881 1950 1936 dulcedi-

379 1976 507 2013 nem
559 1961 854 2030 voluptatis
900 1978 1068 2032 super
1111 1968 1293 2020 omnia
1353 1969 1484 2022 odio
1548 1970 1788 2026 haberi:
1823 1966 1952 2027 dul-

379 2048 518 2108 cedo
569 2051 715 2104 enim
764 2054 940 2107 mellis
976 2057 1123 2109 omni
1166 2059 1467 2128 przegnanti
1517 2062 1732 2116 mulieri
1778 2063 1953 2117 invisa

381 2144 486 2194 est.
524 2140 752 2207 Quando
808 2144 974 2213 igitur
997 2146 1175 2200 anima
1219 2147 1518 2204 Christiani
1544 2153 1673 2207 talia
1701 2153 1756 2206 in
1780 2168 1839 2209 sc
1863 2169 1956 2207 ar-

381 2242 642 2299 gumenta
691 2243 747 2288 et
800 2237 954 2305 signa
983 2238 1364 2306 deprehendit,
1403 2250 1535 2297 tunc
1573 2251 1629 2299 et
1664 2244 1778 2314 ipsa
1829 2261 1953 2300 cum

383 2324 653 2392 propheta
713 2324 954 2394 Spiritus
1002 2329 1173 2384 divini
1225 2333 1387 2400 pleno
1445 2338 1763 2401 constituta,
1823 2339 1958 2394 dicit

384 2413 452 2468 ad
510 2415 721 2468 Deum:
759 2436 776 2467 ι
817 2418 1048 2487 Propter
1105 2422 1356 2475 timorem
1404 2433 1580 2488 tuum,
1621 2427 1872 2489 Domine,
1901 2429 1956 2483 in

388 2511 545 2558 utero
609 2504 943 2575 accepimus,
974 2516 1029 2562 et
1073 2504 1489 2579 parturivimus,
1530 2518 1958 2585 etpeperimus

386 2591 656 2662 Spiritum
713 2597 909 2652 salutis
967 2606 1091 2662 tum,
1118 2616 1280 2669 quem
1335 2602 1566 2657 iecimus
1625 2622 1791 2675 super
1851 2617 1960 2663 ter-

385 2703 500 2740 ram
530 2688 596 2742 ⁸⁸.
641 2706 659 2738 ι
699 2690 868 2746 POrro
893 2691 1001 2746 hoc
1033 2694 1150 2747 veri
1185 2691 1482 2749 Christiani
1511 2696 1773 2755 indicium
1812 2715 1955 2765 esse,

386 2776 515 2830 audi
563 2778 878 2847 Apostolum
934 2781 1253 2838 dicentem:
1294 2803 1312 2836 ι
1346 2785 1429 2841 Αη
1481 2802 1593 2841 non
1629 2774 1975 2859 cognoscitis»

387 2868 770 2938 vosmetipsos,
789 2872 916 2940 quia
933 2870 1191 2930 Christus
1216 2875 1382 2932 Jesus
1409 2878 1466 2931 in
1497 2878 1655 2932 vobis
1679 2882 1808 2935 est?
1852 2882 1957 2936 nisi

387 2955 532 3011 forte
575 2960 948 3029 reprobiestis
968 2963 1032 3017 ³⁸.
1061 2982 1082 3015 ι

644 3168 1202 3271 QU/ESTIO
1276 3175 1698 3262 LXXVI.

389 3311 531 3368 Num
566 3317 733 3388 possit
746 3318 861 3384 quis
882 3317 1145 3386 explicare
1167 3336 1229 3374 ea
1257 3339 1275 3371 ι
1303 3320 1433 3386 Qua:
1466 3338 1558 3375 nec
1593 3310 1771 3376 oculus
1810 3325 1957 3388 vidit,

463 3399 591 3505 2:18;“
612 3386 762 3492 ἐξανιεὶς
810 3388 1050 3455 audivit,
1086 3406 1179 3443 nec
1212 3390 1267 3444 in
1306 3407 1395 3444 cor
1441 3392 1665 3446 hominis
1717 3386 1960 3448 ascende;

680 3495 692 3505 .
718 3474 737 3505 ι

680 3474 737 3507 Ξ)

980 3570 1380 3630 RESPONSIO.

464 3651 757 3709 Nonnullis
781 3672 891 3711 non
920 3660 1098 3714 solum
1130 3662 1246 3718 haec
1273 3665 1567 3734 explicare,
1592 3667 1687 3722 sed
1708 3676 1764 3728 et
1782 3669 1962 3739 possi-

391 3737 521 3795 dere
553 3757 875 3800 concessum
910 3755 1014 3815 est,
1039 3750 1108 3806 de
1140 3753 1341 3822 quibus
1369 3754 1622 3811 Christus
1649 3758 1727 3812 ait
1755 3737 1816 3812 τί(
1850 3760 1964 3831 Ego

388 3840 447 3885 et
474 3832 635 3889 Pater
687 3839 993 3907 veniemus,
1019 3850 1077 3897 et
1124 3846 1465 3902 mansionem
1510 3850 1653 3920 apud
1701 3850 1849 3920 ipsos
1882 3852 1964 3907 fa-

391 3923 601 3979 ciemus
642 3927 685 3958 "
721 3944 736 3991 ;
778 3947 797 3979 »
832 3930 925 3986 ubi
949 3933 1095 3987 enim
1125 3935 1377 3993 Christus
1409 3940 1681 3996 inhabitat
1705 3952 1761 3998 et
1790 3944 1964 3999 inam-

392 4012 566 4077 bulat,
586 4018 764 4073 omnis
786 4021 972 4078 itidem
991 4026 1230 4096 cognitio
1248 4028 1538 4086 inhabitat.
1555 4032 1708 4088 Scire
1729 4050 1965 4105 namque

391 4116 631 4174 Oportet,
663 4109 730 4165 de
759 4115 1077 4182 praeteritis,
1113 4117 1218 4173 hoc
1245 4128 1351 4183 est,
1389 4121 1457 4176 de
1482 4122 1667 4190 iustis,
1697 4125 1791 4194 qui
1839 4134 1964 4182 ante

388 4194 671 4255 Christum
699 4202 976 4271 vixerunt,
1002 4205 1213 4264 dictum
1236 4226 1356 4267 esse
1390 4229 1404 4266 :
1438 4230 1457 4263 ι
1488 4213 1620 4280 Quae
1637 4216 1831 4272 oculus
1854 4232 1965 4273 non

393 4286 577 4355 vidit,
628 4308 807 4364 neque
854 4299 1004 4354 auris
1051 4302 1262 4358 audivit
1297 4305 1341 4336 ³³
1372 4346 1386 4369 ,
1427 4326 1445 4358 ι
1476 4322 1657 4377 neque
1714 4309 1961 4376 videbit;

1985 3086 2030 3145 C

2052 1882 2259 1935 πολλῶν
2313 1881 2615 1953 βρωμάτων
2667 1880 2846 1952 ὄρεξιν
2887 1884 3203 1953 παυομένην
3224 1923 3239 1947 ,
3263 1884 3356 1936 καὶ
3387 1884 3621 1952 μάλιστα

2050 1973 2149 2044 τὴν
2174 1972 2486 2042 γλυκύτητα
2521 1974 2620 2042 τῆς
2656 1972 2848 2043 ἡδονῆς
2876 1974 3017 2046 ὑπὲρ
3044 1975 3223 2027 πάντα
3265 1976 3616 2044 μισουμένηνο

2055 2064 2259 2136 μισητὴ
2306 2064 2414 2135 γὰρ
2466 2065 2614 2136 πάσῃ
2680 2065 2864 2135 ἐγκύῳ
2930 2068 3151 2134 γυναικὶ
3184 2067 3217 2135 ἡ
3252 2066 3347 2120 τοῦ
3405 2067 3621 2135 μέλιτος

2053 2155 2328 2225 γλυκύτης
2394 2136 2763 2225 καθέστηκεν.
2808 2157 2937 2209 Ὅτε
3005 2152 3099 2209 οὖν
3164 2156 3337 2211 ταῦτα
3402 2159 3498 2212 καὶ
3553 2159 3622 2211 τὰ

2055 2248 2276 2303 τοιαῦτα
2304 2250 2581 2319 τεκμήρια
2602 2248 2697 2302 καὶ
2738 2248 2993 2319 σύσσημα
3023 2251 3079 2303 ὲν
3107 2250 3272 2321 ἑαυτῇ
3299 2252 3332 2320 ἠ
3362 2251 3506 2320 ψυχὴ
3527 2248 3621 2303 τοῦ

2055 2340 2382 2411 Χριστιανοῦ
2446 2340 2749 2409 θεάσηται,
2803 2340 2924 2409 τότε
2990 2341 3085 2394 καὶ
3138 2341 3277 2411 αὑτὴ
3339 2342 3477 2411 μετὰ
3529 2341 3622 2395 τοῦ

2058 2430 2337 2501 προφήτου
2388 2431 2846 2501 Πνευματοφόρου
2894 2431 3151 2502 γινομένη
3182 2431 3327 2499 λέγει
3366 2432 3503 2501 πρὸς
3532 2432 3625 2485 τὸν

2057 2520 2190 2573 θεόν
2215 2537 2228 2551 ο
2271 2538 2289 2570 ι
2327 2519 2424 2572 Διά
2469 2519 2560 2570 τὸν
2595 2518 2760 2587 φόϐον
2788 2535 2904 2580 σου,
2942 2518 3133 2588 Κύριε,
3168 2521 3226 2570 ὲν
3272 2521 3468 2587 γαστρὶ
3502 2517 3626 2577 ἐλά-

2059 2611 2245 2680 ϐομεν,
2277 2610 2371 2664 καὶ
2425 2610 2788 2680 ὠδινήσαμεν,
2830 2611 2925 2662 καὶ
2967 2610 3229 2679 ὲτέκομεν
3267 2609 3486 2680 πνεῦμα
3520 2625 3626 2662 σω-

2059 2698 2255 2769 τηρίας
2296 2698 2478 2764 σου,ὃ
2518 2699 2854 2768 ἐποιήσαμεν
2901 2699 2994 2751 ἐπὶ
3049 2698 3148 2765 τῆς
3204 2698 3324 2766 γῆς.
3357 2716 3376 2749 ι
3424 2696 3624 2750 Ὄτιδὲ

2058 2784 2213 2837 τοῦτό
2282 2776 2400 2836 ἐστι
2471 2784 2747 2854 σύσσημον
2809 2784 2905 2838 τοῦ
2971 2785 3201 2856 ἀληθοῦς
3270 2786 3622 2856 Χριστιανοῦ,

2059 2875 2288 2929 ἄκουσον
2325 2873 2537 2926 Παύλου
2571 2872 2664 2927 τοῦ
2692 2873 2990 2927 ἀποστόλου
3037 2874 3294 2941 λέγοντος
3322 2891 3336 2904 ·
3373 2891 3393 2925 ι
3434 2873 3503 2926 Ἢ
3527 2873 3626 2926 οὐκ

2060 2966 2450 3032 ἐπιγινώσκετε
2485 2976 2506 3003 ⁸
2529 2966 2611 3018 ὅτι
2652 2965 2861 3036 Ἰησοῦς
2889 2965 2917 3018 ό
2948 2966 3180 3036 Χριστὸς
3204 2967 3346 3020 οἰκεῖ
3376 2967 3434 3018 ἐν
3461 2965 3625 3034 ὖμῖνς

2060 3060 2108 3111 εἰ
2140 3058 2269 3127 μήτι
2293 3058 2399 3128 ἄρα
2430 3057 2683 3127 ἀδόκιμοί
2709 3059 2851 3112 ἐστε.
2897 3074 2916 3108 ι

2397 3198 2927 3285 ΕΡΩΊῊΣΙΣ
2992 3197 3208 3289 017'.

2061 3332 2317 3400 Adtfatal
2367 3332 2910 3400 τιςίὲξηγήσασθαι
2936 3348 2952 3364 ·
2983 3352 3003 3384 ι
3041 3333 3110 3386 Ἀ
3163 3327 3467 3400 ὀφθαλμός
3517 3331 3629 3400 οὐκ

2130 3398 2268 3470 εἶδε,
2297 3402 2393 3455 καὶ
2424 3398 2534 3468 οὖς
2572 3398 2682 3456 οὐκ
2712 3402 2966 3470 ἤκουσε,
2992 3401 3090 3456 καὶ
3110 3398 3499 3469 ἐπῑκαρδίαν·
3529 3399 3632 3454 άν-

2132 3469 2364 3541 θρώπου
2394 3473 2504 3526 οὐκ
2528 3471 2713 3540 ἀνέϐη
2732 3469 2752 3537 ζ
2770 3490 2788 3522 ι
3375 3498 3381 3505 -

2255 3649 2268 3661 _
2488 3606 2494 3614 -
2652 3581 3039 3657 Anoxprziz.
3119 3630 3123 3635 .
3340 3625 3344 3629 .

2136 3675 2212 3726 Οὐ
2271 3673 2429 3743 μόνον
2482 3674 2860 3745 ἐξηγήσασθαι
2914 3673 3085 3727 ταῦτά
3124 3688 3272 3731 τινες
3296 3670 3630 3754 ἠξιώθησαν,

2065 3764 2201 3818 ἀλλὰ
2223 3764 2317 3818 καὶ
2344 3764 2669 3835 κτήσασθαι.
2698 3765 2832 3835 Περὶ
2859 3757 2935 3818 ὧν
2956 3766 2985 3817 ὁ
3018 3763 3253 3835 Χριστὸς
3310 3760 3487 3828 εἶπεν,
3549 3762 3630 3817 ὅτι

2071 3874 2090 3908 ι
2138 3855 2504 3925 Ἐλευσόμεθα
2562 3853 2674 3922 ἐγὼ
2732 3854 2828 3909 καὶ
2875 3854 3063 3925 Πατὴρ
3092 3893 3106 3916 ,
3145 3854 3239 3906 καὶ
3291 3851 3459 3923 μονὴν
3499 3849 3630 3922 παρ’

2065 3948 2245 4009 αὐτοῖς
2280 3946 2620 4017 ποιησόμεθα
2645 3963 2657 3976 ·
2701 3966 2720 3998 ι
2759 3947 2892 4000 ὅπου
2932 3948 3040 4016 γὰρ
3070 3948 3098 3999 ό
3136 3945 3369 4015 Χριστὸς
3430 3944 3634 3997 ὲνοικετ

2064 4039 2159 4094 καὶ
2185 4040 2569 4109 ὲμπεριπατεί,
2596 4038 2689 4092 καὶ
2727 4039 2875 4092 πᾶσα
2897 4038 3098 4107 γνῶσις
3118 4038 3380 4092 κατοικεῖ.
3419 4035 3631 4090 Ειδέναι

2064 4133 2173 4200 γὰρ
2217 4132 2504 4201 προσήκει,
2535 4131 2618 4184 ὅτι
2662 4131 2792 4200 περὶ
2840 4130 3287 4200 παρῳχηκότων;
3321 4126 3464 4182 τοῦτ’
3490 4125 3629 4190 ἐστι,

2064 4219 2172 4272 τῶν
2197 4219 2303 4289 πρὸ
2328 4218 2565 4289 Χριστοῦ
2599 4218 2846 4281 δικαίων,
2889 4220 3008 4272 ἐστὶ
3034 4218 3093 4271 τὸ
3128 4217 3417 4288 εἰρημένον
3453 4232 3467 4249 ο
3504 4234 3527 4270 ι
3563 4215 3635 4273 ’Δ

2065 4310 2342 4380 ὀφθαλμὸς
2393 4311 2492 4364 οὐκ
2553 4306 2680 4375 εἶδε,
2737 4311 2829 4364 καὶ
2876 4305 2970 4374 οὖς
3020 4309 3419 4379 οὐκ·ῆκουσε,
3460 4327 3478 4360 ι
3508 4305 3634 4360 οὔτε

389 4388 555 4481 prout
575 4380 827 4441 Christus
848 4387 1017 4444 dicit:
1052 4409 1071 4441 ι
1110 4392 1264 4447 Multi
1287 4396 1568 4466 prophetae
1588 4406 1644 4452 et
1671 4415 1829 4469 reges
1860 4416 1957 4455 vo-

2067 4403 2254 4471 ὄψεται
2283 4419 2297 4433 ·
2329 4401 2518 4473 ὥσπερ
2558 4404 2587 4455 ό
2614 4398 2861 4471 Χριστός’
2886 4405 3068 4471 φησιν,
3102 4402 3185 4454 ὅτι
3218 4417 3238 4450 ι
3276 4398 3465 4452 Πολλοὶ
3495 4415 3633 4470 προ·

389 4466 615 4527 luerunt
652 4475 837 4531 videre
860 4495 980 4548 quae
1005 4497 1103 4536 vos
1120 4484 1278 4555 381
1310 4486 1524 4551 videtis,
1555 4498 1610 4544 et
1632 4466 1957 4566 audire-qua

2070 4466 2258 4565 φίῆται,
2291 4494 2384 4548 καὶ
2420 4466 2620 4547 δίκαιοι
2667 4466 3022 4564 ἐπεθύμησαν
3056 4466 3212 4557 γίδεῖν,
3244 4490 3280 4545 ἃ.
3312 4491 3503 4555 εἴδετε,
3539 4466 3637 4544 καὶ

391 4565 617 4632 auditis,
642 4574 698 4621 et
731 4583 841 4625 non
870 4572 1166 4629 audierunt
1193 4578 1262 4629 ⁸⁸³.
1301 4597 1319 4628 ι
1352 4579 1563 4637 Rursus
1585 4584 1661 4637 ait
1694 4604 1706 4639 :
1746 4604 1764 4636 ι
1800 4565 1970 4645 Deum

389 4667 553 4744 nemo
604 4657 744 4712 vidit
766 4659 834 4715 “.
884 4679 904 4712 ι
940 4662 1059 4717 Non
1126 4665 1339 4723 addidit
1394 4687 1408 4723 :
1472 4672 1662 4744 Neque
1732 4676 1966 4735 videbit.

399 4742 630 4837 «beati,
666 4747 866 4818 inquit,
892 4753 1105 4808 mundo
1144 4758 1332 4824 corde,
1358 4742 1617 4830 quoniam
1663 4766 1762 4837 ipsi
1794 4768 1964 4823 Deum

388 4834 742 4892 videbunt“.
780 4859 798 4891 ι
829 4841 1017 4913 Igitur,
1042 4845 1088 4900 si
1116 4847 1315 4916 placet,
1339 4851 1564 4909 adverte
1595 4834 1838 4920 animum
1884 4861 1964 4915 di-

389 4920 645 4992 ligenter,
677 4936 731 4982 et
755 4929 1049 5004 intelliges,
1104 4954 1169 4994 ex
1214 4945 1488 4999 sententia
1544 4947 1720 5012 Pauli,
1770 4964 1962 5004 omnes

389 5016 484 5084 qui
518 5028 645 5073 sunt
684 5022 904 5087 vidisse,
935 5035 991 5081 et
1013 5030 1313 5089 etiamnum
1361 5037 1569 5102 videre,
1601 5055 1725 5107 quae
1767 5041 1963 5095 oculus

388 5119 580 5162 eorum
615 5113 708 5181 qui
735 5117 837 5170 sub
876 5119 992 5189 lege
1019 5120 1289 5192 degebant
1314 5142 1425 5181 non
1469 5129 1627 5193 vidit,
1668 5144 1769 5183 nec
1813 5130 1963 5184 auris

391 5200 620 5266 audivit,
664 5220 765 5261 nec
810 5208 871 5263 in
890 5225 985 5266 cor
1014 5212 1254 5270 hominis
1283 5219 1387 5272 sub
1416 5219 1589 5273 veteri
1630 5228 1959 5274 testamento

390 5293 777 5364 ascenderunt,
808 5317 928 5371 qua:
962 5304 1105 5360 Deus
1128 5308 1453 5377 praeparavit
1485 5308 1553 5362 iis
1584 5309 1677 5378 qui
1726 5308 1964 5380 diligunt

399 5479 444 5512 η
466 5430 515 5512 ξ⁵
541 5431 643 5486 lsa.
672 5449 812 5512 xsvt,
864 5438 962 5512 18ἒ
1028 5440 1072 5473 ⁸⁸
1104 5441 1149 5496 ll
1225 5442 1352 5498 Cor.
1382 5460 1491 5498 xm.
1518 5444 1569 5506 5,

463 5498 598 5555 Luc.
622 5519 673 5565 κ,
710 5506 798 5560 26.
874 5508 1088 5565 “Joan.
1113 5529 1150 5576 ι,
1180 5512 1265 5567 18.
1343 5514 1387 5544 δ’
1417 5498 1604 5567 Matth.
1634 5530 1685 5578 ν,
1709 5513 1760 5567 8.

480 5687 504 5715 ⁸
541 5676 633 5729 tua

642 5679 783 5743 τούς,

2067 4586 2294 4641 ἀκοῦσαι
2349 4585 2386 4640 ἃ.
2432 4585 2680 4651 ἀκούετε,
2713 4585 2809 4647 καὶ
2837 4585 2938 4638 οὐκ
2979 4585 3240 4655 ἥκουσαν.
3276 4604 3296 4655 ρ
3332 4584 3443 4637 Καὶ
3472 4582 3636 4637 πάλιν
3718 4625 3723 4628 .

2067 4679 2232 4748 φησιν
2256 4718 2271 4743 ,
2307 4678 2391 4731 ὅτι
2425 4695 2445 4728 ι
2482 4676 2614 4731 Θεὸν
2660 4677 2837 4740 οὐδεὶς
2881 4675 3145 4747 ἑώρακεν.
3187 4696 3206 4728 ι
3246 4675 3360 4729 Οὐκ
3401 4671 3521 4728 εἷπε
3553 4675 3632 4740 δὲ,

2065 4770 2140 4823 Οὐ
2179 4770 2252 4839 μὴ
2281 4768 2567 4839 θεάσηται.
2602 4787 2622 4821 ι
2671 4768 2971 4839 Μακάριοι,
3003 4768 3188 4839 φησὶν,
3221 4768 3271 4821 οἱ
3300 4766 3531 4838 καθαροὶ
3564 4769 3632 4838 τῇ
3662 4795 3673 4804 ·

2065 4860 2283 4929 καρδία,
2316 4860 2397 4912 ὅτι
2452 4860 2605 4913 αὐτοὶ
2645 4860 2737 4914 τὸν
2791 4858 2923 4913 Θεὸν
2970 4859 3213 4929 ὄψονται.
3244 4876 3264 4910 ι
3326 4858 3557 4930 Οὐκοῦν,
3586 4860 3636 4911 ει

2066 4948 2231 5012 δοκεῖ,
2265 4951 2496 5019 πρόσεχε
2531 4949 2667 5016 μετὰ
2692 4950 2997 5021 ἀκριϐείας,
3039 4951 3134 5005 καὶ
3160 4950 3366 5022 γνώσῃ,
3402 4951 3508 5016 ὅτι,
3538 4968 3638 5005 κα-

2066 5040 2134 5093 τὰ
2185 5040 2412 5102 Παῦλον,
2448 5041 2562 5095 ὅσοι
2626 5043 2785 5109 εἰσιν,
2835 5039 2994 5106 εἷδού,
3057 5044 3152 5097 καὶ
3210 5022 3304 5095 νύν
3350 5043 3571 5114 ὁρῶσιν,
3600 5041 3637 5096 ἃ

2068 5128 2343 5200 ὀφθαλμὸς
2374 5130 2483 5183 τῶν
2502 5132 2560 5183 ὲν
2585 5132 2735 5203 νόμῳ
2758 5132 2856 5185 οὐκ
2884 5129 3012 5196 εἶδε,
3045 5134 3138 5186 καὶ
3163 5129 3254 5196 οὖς
3285 5131 3385 5186 οὒκ
3414 5133 3633 5204 ἢκουσε,
3674 5140 3689 5171 ’

2072 5221 2163 5273 καὶ
2187 5221 2279 5273 ἐπὶ
2308 5221 2533 5293 καρδίαν
2555 5222 2841 5295 ἀνθρώπου
2864 5225 2962 5294 τῆς
2991 5223 3225 5287 παλαιᾶς
3247 5224 3509 5295 διαθήκης
3536 5224 3637 5276 οὐκ

2073 5311 2264 5382 ἀνέϐη,
2300 5312 2336 5367 ἃ
2364 5314 2660 5385 ἡτοίμασεν
2709 5315 2739 5369 δ
2788 5314 2921 5378 Θεὸς
2973 5316 3086 5379 τοῖς
3132 5316 3414 5386 ἀγαπῶσιν
3447 5316 3633 5370 αὐτόν’

1665 5444 1763 5518 ιτ]
1814 5443 1940 5499 Cor.

2107 5445 2159 5500 9.
2232 5448 2277 5479 ”
2302 5448 2456 5504 Joan.
2496 5466 2602 5514 xw,
2628 5452 2719 5507 9.3.
2797 5453 2840 5487 "
2862 5453 2965 5508 lsa.
2997 5468 3140 5514 utv,
3174 5452 3247 5518 ις
3276 5450 3296 5506 1
3327 5448 3455 5507 Cor.
3489 5464 3550 5517 ιι,
3576 5448 3611 5506 9

1707 5621 1794 5677 VA
1807 5622 1941 5679 BIIE
1978 5623 2380 5682 LECTIONES.
