4062 6142
396 304 502 370 735

1775 291 1875 364 QU
1885 288 2293 352 IESTlONES.

3557 286 3664 349 706

399 417 499 471 καὶ
541 410 747 472 εὐθέως
779 408 1027 480 ἒπήγαγε
1074 405 1246 475 λέγων
1281 422 1295 437 ο
1335 423 1355 456 ι
1413 404 1573 477 Ὑμῖν
1606 406 1622 441 ί
1667 404 1723 457 δὲ
1782 405 1979 458 ἀπεκά-

2091 401 2268 455 illum.
2304 397 2612 468 Statimque
2644 397 2895 483 adjunsit
2922 414 2935 449 :
2965 416 2982 449 ι
3018 395 3189 452 Nobis
3221 405 3407 451 autem
3454 399 3668 453 revela-

397 507 534 578 λυψε
594 503 738 558 αὐτὰ
785 503 815 554 ὁ
871 498 1004 563 Θεὸς
1063 498 1152 551 διὰ
1201 495 1296 550 τοῦ
1346 496 1685 567 Πνεῦματος.
1735 494 1809 547 Τὸ
1869 493 1980 564 γὰρ

398 597 627 669 Πνεῦμα
688 594 887 664 ἐρευνᾷ
941 592 1037 646 καὶ
1094 589 1164 644 τὰ
1227 588 1366 660 βάθη
1413 588 1510 642 τοῦ
1558 588 1714 641 Θεοῦ.
1755 606 1774 639 ι
1811 586 1978 640 Ὥστε

398 691 618 761 γνωστὰ
658 686 756 756 μέν
801 684 907 736 εἱσι
945 682 1061 741 τοῖς
1110 679 1356 745 ἁξίοιςβ.
1383 678 1660 749 ὀφθαλμὸς
1703 679 1803 731 οὐκ
1845 673 1975 731 εἶδε.

399 780 548 852 Πλὴν
594 776 815 849 ἄρρητά
859 775 996 827 εἰσιν
1047 773 1141 826 καὶ
1194 773 1587 841 ἁνέκφραστα,
1617 769 1704 823 διὰ
1736 771 1863 831 τοὺς
1903 768 1979 840 μὴ

397 870 715 942 χωροῦντας
747 883 762 899 ο
800 868 998 934 ἐπάγει
1032 863 1142 933 γὰρ
1184 863 1386 926 εὐθέως
1415 863 1474 915 ὲν
1507 860 1657 931 αὐτῷ
1691 858 1769 930 τῷ
1812 859 1978 927 λόγῳ,

396 964 572 1032 λέγων
598 961 629 1014 ό
683 959 895 1021 Παῦλος
921 997 937 1022 ,
966 958 1049 1011 ὅτι
1085 973 1105 1007 ι
1142 954 1385 1024 Ψυχικὸς
1426 952 1710 1023 ἄνθρωπος
1741 952 1800 1004 οὐ
1830 950 1981 1019 δέχε-

396 1074 489 1111 ται
528 1055 601 1107 τὰ
646 1051 744 1106 τοῦ
787 1049 1109 1120 Πνεύματος
1135 1063 1150 1078 ·
1191 1047 1371 1117 μωρία
1408 1045 1516 1114 γὰρ
1547 1042 1696 1113 αὐτῷ
1720 1045 1857 1097 ἐστι.
1888 1040 1980 1111 Τῷ

397 1148 508 1219 γὰρ
544 1144 821 1215 πνεύματι
840 1183 855 1208 ,
885 1143 979 1195 καὶ
1011 1143 1125 1203 τοῖς
1160 1140 1551 1209 πνευματικοῖς
1579 1135 1939 1206 γνωρίζονται
1961 1173 1977 1198 ,

397 1242 494 1297 καὶ
570 1234 1072 1293 ἀποκαλύπτονται.
1118 1251 1138 1283 ι
1197 1230 1291 1285 Διὸ
1355 1229 1621 1298 ἀγώνισαι
1679 1228 1832 1297 ἔργῳ
1882 1226 1977 1281 καὶ
2044 1287 2051 1293 ο

398 1333 568 1405 πείρᾳ
588 1332 785 1402 μαθεῖν
805 1328 1001 1393 ταῦτα,
1024 1326 1118 1379 καὶ
1152 1322 1229 1395 μὴ
1248 1323 1394 1395 λόγῳ
1418 1322 1562 1393 ψιλῷ
1587 1321 1903 1390 ἀνωφελῶς.

801 1557 1338 1649 ΕΡΩΤΗΣΙΣ
1404 1549 1583 1640 OZ'.

395 1695 544 1752 Ποῖὰ
565 1696 687 1751 εισι
725 1694 799 1749 τὰ
826 1694 865 1748 ἀ

466 1828 1087 1905 παῖράκύψαιμᾘιαθώς
1107 1847 1300 1899 φησιν
1324 1833 1356 1884 ό
1371 1828 1694 1898 κορυφαῖος
1711 1829 1933 1895 Πέτρος
1955 1840 1974 1889 ;

989 1972 1386 2028 ΔΠΟΚΡΙΣΙΣ.

465 2092 529 2146 οι
590 2091 691 2161 μέν
743 2106 929 2160 φασιν,
986 2087 1069 2141 ὅτι
1103 2085 1246 2141 αὐτά
1280 2089 1444 2150 εἰσιν,
1478 2085 1514 2140 ἃ
1564 2084 1843 2156 ὀφθαλμὸς
1875 2086 1977 2140 οὐκ

397 2176 526 2246 εἶδε,
557 2181 652 2233 καὶ
681 2175 774 2242 οὖς
806 2178 906 2231 οὐκ
935 2177 1160 2248 ἤκουσε,
1210 2175 1307 2229 καὶ
1347 2176 1441 2228 ἐπὶ
1485 2175 1716 2246 καρδίαν
1758 2173 1976 2246 ἀνθρώ·-

396 2288 504 2329 που
529 2271 630 2326 οὐκ
659 2270 850 2341 ἀνέϐη.
890 2268 1078 2322 ’Ἄλλοι
1110 2267 1167 2320 δὲ
1202 2266 1479 2335 λέγουσιν,
1530 2266 1611 2320 δτι
1654 2265 1716 2320 τὸ
1760 2266 1976 2343 μυστη-

397 2381 514 2436 ριον
565 2363 665 2432 τῆς
719 2360 1077 2432 μεταλήψεως
1105 2359 1217 2431 (59)
1268 2358 1444 2429 ἡμῶν.
1492 2357 1652 2410 Ἀλλὰ
1681 2355 1787 2410 ποῦ
1816 2356 1977 2409 τοῦτο

393 2455 533 2518 ὅλως
579 2455 694 2525 ἔχει
739 2454 931 2523 λόγον;
983 2454 1018 2519 ὴ
1070 2451 1181 2522 γὰρ
1214 2451 1556 2519 ἀναίμακτος
1595 2449 1755 2521 ἡμῶν
1787 2449 1973 2515 θυσία,

393 2547 464 2602 δι’
499 2547 673 2614 ἁγίων
714 2547 966 2615 ἀγγέλων
1010 2546 1499 2617 τελεσιουργεῖται,
1531 2546 1628 2617 καὶ
1657 2545 1976 2617 δορυφορεῖ-

393 2654 506 2701 ut,
540 2638 635 2691 καὶ
671 2637 998 2707 πράττεται.
1032 2635 1259 2698 ,Οὐκοῦν
1297 2635 1423 2706 ἐμοὶ
1468 2635 1637 2702 δοκεῖ,
1672 2636 1755 2688 ὃτι
1783 2635 1977 2688 ἐπιθυ-

396 2728 593 2799 μοῦσιν
641 2730 689 2780 οἱ
739 2726 983 2796 ἄγγελοι,
1039 2727 1126 2780 ἵνα
1170 2728 1266 2780 καὶ
1327 2728 1386 2781 ὲν
1440 2729 1507 2799 τῇ
1550 2725 1712 2796 φύσει
1772 2726 1972 2789 αὐτῶν,

391 2820 585 2891 ὥσπερ
637 2821 732 2873 καὶ
788 2821 847 2873 ὲν
901 2822 967 2891 τῇ
1005 2819 1261 2891 ἡμετέρᾳ
1327 2821 1496 2891 σαρκὶ
1543 2821 1805 2891 ὲνοικήσῃ
1851 2817 1975 2872 κατ’

394 2914 587 2968 οὐσίαν
621 2915 651 2965 ὁ
680 2912 817 2966 Θεοῦ
847 2913 1022 2980 Λόγος
1060 2914 1088 2965 ό
1118 2913 1351 2984 ποιήσας
1381 2912 1573 2982 αὑτήν.
1609 2910 1975 2981 Ἐπιθυμοῦσι

395 3005 581 3071 πάλιν,
619 3005 705 3058 ἵνα
742 3005 838 3058 καὶ
864 3006 897 3074 ἡ
931 3003 1094 3072 φύσις
1120 3002 1301 3057 αὐτῶν
1341 3003 1433 3073 ὑφ’
1458 3002 1619 3075 ἡμῶν
1662 3003 1975 3073 προσκυνῆ-

2082 491 2160 545 vit
2214 505 2313 560 per
2365 488 2631 559 Spiritum
2696 504 2896 553 suum;
2965 486 3206 556 Spiritus
3269 486 3418 541 enim
3477 490 3663 543 omnia

2081 590 2363 639 scrutatur
2385 622 2399 646 ,
2430 581 2595 636 etiam
2630 579 2905 650 profunda
2939 579 3033 633 Dei
3065 580 3129 632 “.
3166 599 3184 631 ι
3216 568 3391 648 Itaque
3445 594 3509 634 ea
3543 596 3666 650 quae

2081 673 2281 727 oculus
2309 687 2421 725 non
2447 671 2586 725 vidit
2619 678 3029 740 cognoscuntur
3059 669 3128 722 ab
3160 670 3269 723 illis
3300 652 3393 738 qui
3424 669 3575 738 digni
3609 677 3667 724 et

2082 767 2265 821 idonei
2299 773 2428 820 sunt
2452 783 2464 818 :
2487 780 2608 834 quae
2642 763 3143 818 tameninetl'abilia
3160 775 3217 818 et
3256 764 3663 834 inexplii-ahilia

2081 860 2468 922 nominantur,
2490 867 2718 927 propter
2734 858 2857 911 illos
2876 857 3089 911 scilicet
3113 857 3205 925 qui
3230 859 3419 911 talium
3439 869 3568 912 sunt
3586 861 3663 913 in.

2080 966 2339 1022 capaces:
2365 966 2490 1004 nam
2511 942 2567 1003 in.
2585 953 2779 1004 eodem
2792 965 3044 1004 sermone
3066 965 3093 1003 e
3111 940 3667 1020 vestigioadditApo-

2081 1044 2294 1098 stolus:
2326 1062 2345 1093 ‹
2370 1041 2639 1096 Animalis
2680 1042 2984 1104 homonon
3024 1024 3262 1111 percipit
3288 1056 3353 1096 ea
3375 1058 3497 1110 qua:
3534 1052 3666 1098 sunt

2082 1134 2322 1204 Spiritus
2341 1134 2597 1199 ;stultitia
2615 1134 2760 1187 enim
2789 1142 2874 1188 est
2897 1133 3010 1197 illi;
3036 1133 3153 1187 haec
3171 1135 3319 1187 enim
3338 1134 3536 1202 spiritu
3560 1144 3616 1189 et
3631 1149 3665 1188 a

2079 1224 2464 1293 Spiritualibus
2484 1232 2917 1294 cognoscuntur,
2939 1224 3245 1294 iisdemque
3269 1225 3657 1294 pateliunt“.)

2082 1315 2434 1386 Quapropter
2455 1317 2672 1385 enitere
2729 1324 2790 1370 ut
2830 1316 2948 1370 hzec
2989 1332 3157 1385 opere
3195 1326 3254 1371 et
3298 1318 3661 1386 experientia,

2081 1424 2191 1463 non
2220 1408 2370 1464 nudo
2423 1410 2595 1464 verbo
2621 1409 2967 1464 infructuose
2993 1409 3194 1465 discas.

2306 1557 2870 1665 ΟΠλἘΞΤΙΟ
2946 1561 3433 1649 LXXVII.

870 1693 1020 1774 mea
1060 1691 1287 1774 ἐξεῖναι,
1318 1689 1396 1774 τὰ
1417 1689 1550 1774 “om
1573 1687 1679 1767 ςοῦ
1714 1685 1976 1774 ξριστοῦ

2082 1704 2276 1771 Qualia
2322 1716 2447 1762 sunt
2487 1708 2585 1762 illa
2616 1709 2754 1762 bona
2794 1725 2826 1762 a
2871 1706 3076 1762 Christo
3103 1708 3248 1760 nobis
3289 1708 3510 1771 donata,
3560 1708 3665 1762 «In

464 1765 808 1833 δωρηθέντα
841 1752 1010 1832 ἡμῖν,
1031 1782 1064 1833 Α(
1094 1764 1200 1827 Εἰς
1238 1759 1276 1813 ἆ
1304 1752 1975 1833 ἐπιθυμοῦσινᾼᾷγγελοι
2007 1752 2049 1807 Β

2146 1793 2265 1846 qua:
2299 1779 2475 1847 angeli
2509 1778 2813 1849 desiderant
2848 1780 3143 1849 prospicere
3187 1779 3260 1844 ⁸⁸,
3286 1796 3305 1829 ›
3346 1779 3480 1831 sicut
3529 1795 3664 1849 apo-

2148 1849 2410 1901 stolorum
2447 1849 2688 1918 princeps
2716 1848 2906 1901 Petrus
2928 1849 3051 1901 dicit
3077 1847 3103 1899 .9

2661 1977 3064 2034 RESPONSIO.

2084 2120 2087 2123 ι
2150 2095 2334 2166 Aliqui
2357 2095 2552 2150 dicunt
2582 2109 2647 2148 ea
2686 2110 2806 2149 esse
2847 2109 2969 2165 quae
2994 2094 3189 2150 oculus
3219 2111 3330 2149 non
3365 2094 3527 2161 vidit,
3557 2111 3663 2152 nec

2077 2190 2229 2242 auris
2251 2188 2481 2251 audivit,
2517 2195 2574 2241 et
2604 2186 2658 2239 in
2678 2202 2775 2240 cor
2791 2185 3031 2239 hominis
3060 2203 3170 2240 non
3202 2187 3659 2243 ascenderunt“.

2076 2280 2182 2335 Alii
2211 2278 2407 2334 dicunt
2444 2278 2767 2349 mysterium
2804 2278 3167 2333 Eucharistim
3195 2293 3221 2332 a
3265 2289 3458 2334 saneto
3485 2268 3664 2334 ‘Petro

2078 2373 2453 2443 signiﬁcatum
2484 2386 2629 2425 esse.
2668 2370 2776 2425 Sed
2808 2386 2930 2440 qua:
2968 2370 3134 2441 hujus
3171 2371 3356 2425 ratio?
3408 2387 3535 2426 nam
3573 2372 3661 2425 in-

2078 2474 2372 2518 cruentum
2415 2464 2747 2518 sacriﬁcium
2789 2461 2859 2516 ab
2892 2462 3101 2532 angelis
3132 2464 3435 2530 perlicitur,
3460 2464 3663 2519 immo—

2077 2555 2248 2621 latur,
2290 2563 2347 2611 et
2392 2555 2551 2626 quasi
2607 2555 2872 2609 satellitio
2917 2554 3156 2624 quodam
3208 2556 3469 2626 cingitur.
3528 2555 3662 2611 Mihi

2075 2660 2209 2715 ergo
2254 2645 2476 2699 videtur
2521 2645 2744 2715 angelos
2789 2645 3105 2699 desiderare
3146 2655 3205 2700 ut
3238 2646 3294 2699 in
3326 2662 3521 2702 eorum
3561 2664 3663 2703 na-

2078 2745 2202 2792 tura
2252 2737 2398 2791 Deus
2434 2737 2700 2798 Verbum,
2742 2736 2838 2806 qui
2884 2746 3140 2791 naturam
3194 2738 3342 2792 illam
3387 2738 3664 2805 condidit,

2080 2828 2377 2893 inhabitet,
2406 2828 2873 2898 quemadmodum
2930 2829 2984 2883 in
3030 2839 3217 2884 nostra
3257 2844 3421 2885 carne
3459 2846 3664 2886 secun-

2079 2919 2210 2974 dum
2239 2918 2603 2973 substantiam
2645 2919 2941 2975 inhabitat.
3000 2919 3203 2974 lterum
3255 2920 3573 2975 desiderant
3602 2928 3666 2975 ut

2079 3020 2136 3067 et
2173 3019 2369 3066 natura
2403 3027 2596 3066 eorum
2646 3027 2677 3066 a
2716 3012 2879 3066 nobis
2930 3010 3195 3065 adoretur
3221 3018 3279 3065 et
3320 3010 3667 3081 gloriticetur

391 3116 508 3164 ται,
539 3100 632 3152 καὶ
661 3098 1038 3168 δοξολογῆται.
1087 3097 1182 3151 καὶ
1221 3096 1564 3167 καθεζομένη
1595 3098 1654 3150 ὲν
1688 3095 1768 3167 τῷ
1797 3095 1975 3166 θρόνῳ

2080 3102 2280 3158 sedens
2310 3104 2364 3157 in
2399 3102 2600 3158 throno
2627 3102 2936 3158 cherubino
2976 3103 3033 3156 in
3079 3103 3204 3157 sinu
3238 3103 3438 3165 Patris,
3496 3102 3664 3158 siculi

392 3191 476 3262 τῷ
500 3191 812 3263 χερουόικῷ
840 3191 898 3243 ὲν
927 3192 1041 3253 τοῖς
1069 3189 1294 3252 κόλποις
1322 3189 1417 3242 τοῦ
1444 3188 1681 3258 Πατρδς,
1707 3189 1783 3250 ὡς
1812 3188 1907 3242 καὶ
1942 3189 1976 3258 ὴ

393 3285 647 3355 ἡμετέρα
685 3283 847 3351 φύσις
878 3286 936 3336 ὲν
964 3281 1186 3351 Χριστῷ
1217 3283 1609 3353 προσκυνεῖται
1641 3280 1733 3334 ὑπ’
1773 3280 1974 3351 αὐτῶν,

395 3380 493 3433 καὶ
518 3379 624 3432 ὑπὸ
651 3370 833 3448 πάσης
862 3378 1086 3449 ὁρατῆς,
1106 3378 1198 3429 καὶ
1225 3373 1463 3447 ἀοράτου
1490 3374 1743 3436 κτίσεως.
1772 3373 1977 3443 ’Λλλην

394 3473 453 3526 δὲ
482 3471 787 3539 ἐπιθυμίαν
821 3471 1020 3533 αὐτοὺς
1046 3470 1193 3541 ἔχειν
1231 3469 1332 3533 τὰς
1365 3468 1514 3532 κλεῖς
1551 3469 1651 3541 τῆς
1698 3466 1977 3538 βασιλείας

393 3558 506 3612 τῶν
550 3546 832 3639 οὐρανῶνη
866 3559 960 3614 καὶ
992 3539 1325 3631 καθεσθῆναι
1374 3559 1466 3611 ἐπὶ
1502 3539 1712 3611 δώδεκα
1752 3557 1975 3628 θρόνους

394 3654 678 3724 κρίνοντες
730 3653 807 3714 ὡς
857 3653 1092 3725 Χριστὸς
1154 3654 1212 3707 ἐν
1249 3651 1434 3724 ἡμέρᾳ
1472 3651 1742 3721 ’κρίσεωςν
1792 3649 1975 3713 καθὼς

395 3748 655 3819 μέλλουσι
685 3746 895 3818 κρίνειν
920 3747 970 3798 οἱ
995 3745 1190 3808 ἁλιεῖς.
1221 3744 1381 3812 Λέγω
1410 3742 1467 3796 δὲ
1495 3742 1627 3811 ἐγὼ,
1675 3743 1758 3795 ὅτι
1789 3742 1978 3795 ἐπιθυ-

396 3840 561 3913 μοῦσι
587 3841 656 3893 τὰ
684 3839 988 3910 Χερουϐὶμ,
1024 3840 1119 3892 καὶ
1166 3838 1235 3893 τὰ
1273 3838 1527 3908 Σεραφὶμ
1575 3836 1711 3906 πρὸς
1738 3835 1975 3906 Χριστὸν

394 3933 716 4007 παρρησίαν
766 3934 1025 4003 τοιαύτην
1070 3930 1237 4000 ἔχειν,
1275 3930 1394 3982 οἷαν
1428 3928 1584 3999 ἔσχεν
1613 3931 1640 3981 ό
1666 3926 1975 3990 ἀνακλιθεὶς

391 4027 490 4080 ἐπὶ
515 4025 610 4078 τοῦ
643 4024 874 4097 στήθους
897 4022 1086 4088 αὐτοῦ,
1116 4022 1208 4075 καὶ
1230 4022 1293 4075 ut
1329 4020 1641 4089 ἁλεὶψασαι,
1678 4021 1771 4072 καὶ
1812 4020 1975 4090 μυρί-

393 4135 561 4174 σασαι
610 4116 775 4170 αὐτὸν
836 4118 1098 4185 γυναῖκες
1151 4112 1493 4184 ἁμαρτωλοί.
1553 4113 1707 4165 Εἴπω
1760 4129 1841 4164 σοι
1912 4112 1973 4164 τὸ

392 4213 615 4263 πάντων
643 4208 849 4279 μεῖζον.
868 4206 1106 4279 Εἷρηκεν
1134 4205 1163 4256 ὁ
1193 4205 1632 4272 ΧριστόςοὌταν
1658 4202 1786 4273 ἔλθῃ
1820 4204 1877 4257 ἐν
1905 4207 1971 4274 τῇ

390 4302 581 4373 ἡμέρᾳ
604 4300 707 4371 τῆς
737 4301 1003 4369 κρίσεως,
1025 4299 1082 4350 αἱ
1128 4297 1228 4367 μὲν
1272 4295 1529 4366 δυνάμεις
1562 4295 1670 4349 τῶν
1727 4295 1972 4366 οὐρανῶν

2079 3204 2268 3250 nostra
2299 3202 2497 3250 natura
2540 3196 2596 3249 in
2629 3195 2854 3250 Christo
2897 3195 2967 3250 ab
2994 3195 3125 3261 illis,
3156 3204 3215 3250 et
3267 3196 3335 3249 ab
3372 3196 3524 3250 omni
3554 3204 3665 3250 tam

2078 3290 2285 3345 visibili
2325 3305 2490 3358 quam
2522 3288 2788 3343 invisibili
2828 3297 3087 3343 creatura
3113 3288 3398 3343 adoratur.
3430 3288 3572 3354 Quin
3608 3296 3666 3343 et

2078 3382 2226 3438 aliud
2262 3382 2598 3437 desiderium
2637 3382 2862 3446 habent,
2900 3382 3166 3435 nimirum
3209 3380 3515 3451 accipiendi
3552 3380 3665 3435 cla-

2076 3489 2174 3528 ves
2198 3473 2353 3544 rcgni
2382 3474 2650 3528 cwlorum
2704 3472 2772 3538 ⁸⁷,
2822 3480 2878 3527 et
2904 3472 3132 3527 sedendi
3172 3488 3340 3542 supra
3366 3471 3662 3526 duodecim

2078 3565 2239 3621 sedes
2276 3565 2343 3630 ⁸⁸,
2375 3574 2435 3619 ut
2461 3565 2715 3635 judicent
2762 3564 2937 3618 instar
2964 3563 3193 3626 Christi,
3231 3564 3285 3617 in
3332 3562 3660 3633 diejudieii,

2077 3657 2543 3728 quemadmodum
2596 3657 2906 3725 piscatores
2966 3655 3268 3727 judicaturi
3340 3664 3491 3708 sunt.
3550 3654 3663 3725 Ego

2077 3750 2313 3805 dixerim
2348 3749 2703 3804 Cherubinos
2763 3759 2820 3805 et
2859 3749 3196 3818 Seraphinos
3229 3746 3546 3802 desiderare
3600 3755 3663 3801 ut

2077 3826 2185 3897 13Ιῖ
2203 3840 2461 3896 libertate
2490 3858 2617 3911 erga
2645 3839 2924 3897 Christum
2948 3841 3247 3903 donentur,
3275 3853 3437 3908 quam
3468 3837 3662 3892 habuit

2050 3932 2173 4005 'qui
2197 3949 2363 4005 supra
2391 3943 2586 4004 pectus
2605 3935 2726 4005 ejus
2759 3934 3018 3988 recubuit
3042 3932 3108 3999 δ’,
3128 3933 3370 4003 itemque
3401 3931 3662 3987 mulieres

2076 4026 2412 4096 peccatrices
2437 4042 2559 4095 quae
2574 4042 2699 4081 eum
2718 4026 2891 4097 382
2914 4033 3211 4090 unxerunt,
3242 4034 3298 4079 et
3317 4024 3661 4079 aromatibus

2074 4119 2439 4189 perfuderunt
2468 4120 2534 4173 ⁸ο.
2591 4117 2697 4174 Sed
2741 4119 2887 4188 quod
2943 4120 3188 4173 omnium
3222 4117 3521 4171 maximum
3550 4123 3658 4182 est,

2077 4212 2176 4267 tibi
2214 4212 2477 4282 aperiam.
2506 4211 2653 4266 Dixit
2673 4211 2930 4266 Christus
2956 4229 2969 4263 :
3001 4210 3232 4276 Quando
3251 4217 3463 4264 venerit
3489 4209 3542 4262 in
3568 4208 3659 4263 die

2069 4303 2289 4376 judieii,
2353 4304 2590 4359 virtutes
2655 4304 2920 4359 caelorum
2991 4304 3492 4358 commovebuntur
3547 4318 3661 4372 prae

392 4394 823 4467 σαλευθήσονται
853 4388 932 4462 τῷ
966 4391 1118 4461 φόϐῳ
1162 4389 1256 4445 καὶ
1286 4388 1362 4460 τῷ
1388 4388 1577 4460 τρόμῳ
1604 4387 1771 4441 αὐτοῦ
1792 4405 1805 4418 ο
1846 4389 1972 4451 τοὺς

2078 4397 2276 4452 timore
2308 4406 2362 4452 et
2403 4405 2644 4452 tremore
2678 4398 2799 4469 ejus
2823 4399 2864 4430 ⁵¹
2891 4415 2906 4464 ;
2929 4398 3107 4468 justos
3145 4407 3329 4452 autem
3357 4397 3659 4466 interrogat

388 4487 449 4541 δὲ
481 4487 726 4549 δικαίους
752 4485 1037 4557 ἀνακρίνει
1070 4481 1333 4554 (56),’καὶ
1354 4479 1643 4551 παρελθὼν
1661 4480 1971 4548 διακονήσει

390 4579 579 4640 αὐτοῖς
600 4579 630 4630 ό
651 4575 865 4640 πλάσας
892 4573 1114 4636 αὐτούς.
1157 4571 1343 4627 Ταῦτα
1373 4571 1468 4626 καὶ
1509 4569 1578 4623 τὰ
1612 4569 1839 4623 τοιαῦτά
1865 4571 1973 4622 εἱσι

386 4670 462 4724 τὰ
490 4669 597 4722 ὑπὸ
624 4668 719 4722 τοῦ
757 4666 998 4737 Χριστοῦ
1033 4664 1347 4738 δωρηθέντα
1401 4665 1534 4735 ἡμῖν
1582 4662 1784 4730 ἀγαθὰ,
1834 4664 1911 4723 εἰς
1938 4659 1974 4714 ἃ

390 4758 758 4828 ἐπιθυμοῦσιν
785 4756 1010 4826 ἄγγελοι
1043 4754 1390 4826 παρακύψαι,
1420 4752 1566 4807 τοῦτ’
1594 4751 1763 4816 ἔστιν,
1794 4752 1971 4804 εἰσελ-

390 4850 522 4904 θεῖν.

2078 4495 2135 4543 et
2169 4488 2547 4558 recognoscit;
2573 4495 2630 4542 et
2651 4487 2928 4543 trmisiens
2957 4487 3297 4543 ministrabit
3324 4486 3432 4541 illis
3458 4487 3525 4552 ⁵¹,
3561 4485 3657 4554 qui

2079 4575 2291 4631 creavit
2317 4576 2457 4632 illos.
2494 4576 2621 4631 Haac
2645 4584 2703 4631 et
2740 4577 2871 4632 talia
2901 4585 3028 4632 sunt
3051 4577 3215 4644 bona,
3250 4594 3280 4632 a
3304 4576 3528 4633 Christo
3560 4592 3662 4630 no-

2079 4669 2166 4723 bis
2198 4669 2423 4732 donata,
2463 4669 2519 4723 in
2567 4684 2689 4739 qua:
2741 4671 2921 4741 angeli
2975 4669 3293 4725 desiderant
3320 4668 3658 4739 prospicere,
3734 4679 3746 4685 '

2059 4801 2062 4804 .
2079 4761 2186 4816 hoc
2212 4768 2317 4828 est,
2352 4762 2606 4817 introire.

465 4983 513 5016 “
547 4986 569 5041 1
602 4984 729 5041 Cor.
758 5002 816 5049 ll,
860 4985 947 5040 10.
1023 4984 1072 5019 ⁸⁸
1119 4982 1257 5039 ibid.
1301 4985 1370 5038 14
1403 5024 1419 5048 ,
1444 4984 1532 5040 i5.
1609 4984 1700 5039 "I
1732 4985 1880 5038 Petr.
1913 5000 1951 5049 ι,

2142 4982 2190 5015 ⁸⁸
2214 4984 2235 5038 1
2262 4982 2390 5038 Cor.
2420 5000 2479 5049 ιι,
2509 4985 2561 5041 9.
2636 4984 2680 5017 "'
2710 4984 2903 5040 Matth.
2936 5000 3046 5048 ΠΙ,
3086 4984 3172 5041 19.
3249 4983 3296 5015 ⁸⁸
3325 4984 3518 5039 Matth.
3548 4999 3659 5049 xxx,

389 5055 484 5112 εδ.
558 5056 605 5087 ⁸³
634 5058 792 5111 Joan.
817 5072 928 5120 xxi,
993 5055 1086 5111 20.
1142 5096 1145 5097 ν
1194 5054 1244 5087 π
1284 5055 1476 5111 Matth.
1507 5071 1656 5122 xxvi,
1689 5058 1750 5121 7;
1786 5054 1953 5109 Marc.

2079 5094 2094 5119 ,
2141 5055 2207 5121 5;
2239 5053 2373 5109 Luc.
2412 5071 2507 5118 vu,
2565 5056 2663 5121 57,
2710 5054 2803 5118 58,

392 5140 508 5192 xu,
536 5125 626 5182 26.
701 5126 747 5156 "
789 5127 923 5181 Luc.
960 5142 1054 5192 xu,
1091 5126 1180 5181 '57.

422 5290 425 5291 ν
492 5315 511 5350 ί
550 5315 701 5383 ἡμῖν.

2899 5056 2943 5087 ⁵⁸
2978 5054 3172 5109 Matth.
3209 5071 3354 5121 xxw,
3387 5055 3489 5121 29;
3520 5053 3657 5110 Luc.

1683 5216 1918 5272 YARIIE
1961 5214 2366 5272 LLCTIONES.

1911 5402 2140 5459 NOTzE.

473 5500 584 5573 (55)
616 5500 693 5573 To
714 5504 1013 5573 μυστήριον
1042 5505 1140 5572 τῆς
1165 5501 1537 5573 μεταλήψεως.
1582 5498 1641 5573 id_
1665 5508 1749 5573 est
1782 5515 1976 5573 κοινω-

395 5565 540 5635 νίας,
564 5565 1260 5643 συνάξεωςίέὐχαριστῖας.
1307 5565 1445 5626 ibid.
1487 5570 1711 5643 obito-3v,
1733 5569 1853 5643 lego
1880 5565 1977 5643 0Q:-

397 5656 549 5701 κουν.
578 5656 694 5696 non
725 5638 892 5696 infert
912 5638 1109 5710 solum,
1141 5642 1236 5697 sed
1275 5643 1441 5697 etiam
1483 5649 1665 5710 negat.
1693 5638 1891 5710 Ἄλλην
1918 5638 1979 5710 ίδὲ

2083 5496 2227 5567 ἔχειν
2251 5497 2349 5567 τὰς
2378 5496 2544 5560 κλεῖς,
2590 5506 2697 5551 etc.
2729 5497 2799 5553 Et
2841 5474 2922 5551 sic
2953 5495 3138 5549 omnia
3168 5494 3467 5551 cohaerent.
3502 5495 3660 5563 (ALB-

2085 5584 2248 5621 ΙΔΝΝ.

2309 5638 2634 5709 Ἀνακρίνει.
2666 5637 2816 5709 Nihil
2860 5641 3045 5694 minus
3079 5634 3146 5690 ad
3183 5649 3298 5709 rem
3326 5652 3340 5701 ;
3377 5635 3497 5702 lego
3526 5637 3648 5693 ἀνα·

402 5711 718 5784 επιθυμιαν,
769 5712 1009 5783 legerem
1055 5706 1218 5767 πάλιν
1263 5712 1320 5765 δὲ
1369 5706 1729 5781 ἐπιθυμοῦσιν
1781 5706 1978 5771 αὐτοὺς

2089 5706 2281 5774 κλινεῖ,
2311 5706 2873 5775 ΐοοίοιόὶεουπηὶιετο,
2903 5709 3036 5763 Luc.
3070 5722 3163 5760 xu.
3196 5706 3516 5778 (Auzmqu'
