4062 6142
433 364 534 433 715

1651 372 1711 430 S.
1751 369 2146 429 ANASTASII
2189 371 2514 432 SINAI'I‘FE

3579 371 3677 435 716

425 494 531 533 nus
589 477 888 549 prmflnitus
938 486 1119 543 esset,
1178 494 1287 532 non
1338 479 1643 533 monuisset
1705 480 1988 536 Salomon:

2106 482 2355 553 Σολομῶν
2376 500 2389 513 ·
2451 503 2469 535 ‹
2499 482 2590 554 Μὴ
2628 483 2782 552 γίνου
2815 482 3066 553 σκληρὸς,
3101 482 3235 552 μηδὲ
3267 482 3542 557 ἀσεϐήσῃς
3586 485 3678 538 ἐπὶ

431 569 593 625 «Noli
621 585 744 624 esse
774 569 970 635 durus,
1001 579 1057 624 et
1113 586 1182 624 ne
1230 570 1397 640 impie
1432 585 1579 640 ~agas
1635 572 1891 636 multum,
1928 588 1997 627 ne

424 658 682 713 moriaris
713 658 767 711 in
801 667 1045 728 tempore
1068 674 1179 712 non
1216 670 1310 713 tuo
1345 660 1409 714 “.
1441 680 1459 711 ι
1490 661 1637 719 Idem
1679 663 1834 726 dicit,
1871 662 1999 718 ﬁliis

423 764 522 819 per
589 760 882 819 parentum
939 749 1360 805 maledictiones
1399 760 1631 807 mortem
1688 753 1878 807 inferri
1926 754 1994 807 ⁷ο.

426 842 625 897 Verum
653 841 722 896 de
748 841 836 895 his
858 841 1158 911 copiosius,
1186 842 1302 897 Deo
1338 842 1576 907 favente,
1634 844 1772 898 alias
1801 844 1995 914 dispu-

423 930 685 994 tabimus,
707 929 888 984 allatis
936 930 1189 1000 plurimis
1209 932 1393 986 causis
1417 932 1489 987 ob
1527 949 1665 1003 quas
1707 935 1871 1004 iustis
1897 937 1998 990 ali-

420 1020 648 1091 quando
704 1022 816 1076 vita
842 1021 1048 1086 brevis,
1084 1022 1353 1093 improbis
1386 1033 1569 1080 autem
1620 1026 1781 1096 longa
1809 1028 1996 1081 obtin-

419 1115 517 1183 git.
556 1114 623 1169 Et
647 1123 816 1184 quoto
849 1130 995 1168 anno
1026 1115 1151 1184 quis
1174 1116 1229 1170 in
1262 1116 1490 1172 infantia
1516 1119 1656 1173 mori
1682 1120 1996 1175 censendus

420 1206 508 1260 sit.
545 1204 659 1260 Cur
692 1206 850 1271 item,
877 1208 972 1276 qui
1011 1207 1212 1278 templa
1241 1207 1783 1280 Christiamepietati
1813 1212 1994 1267 dicata

417 1306 729 1362 exstruere,
784 1305 842 1352 et
895 1297 1002 1352 alia
1030 1298 1223 1352 multis
1264 1299 1321 1354 in
1370 1314 1662 1356 commune
1703 1302 1994 1375 profutura

416 1403 583 1457 opera
637 1387 906 1458 perficere
967 1389 1242 1460 cogitant,
1311 1391 1443 1447 hinc
1506 1393 1660 1463 prius
1724 1395 1993 1451 excedant

410 1495 580 1548 quam
611 1480 806 1548 coeptis
835 1480 996 1535 finem
1025 1481 1333 1552 imponant.
1361 1483 1587 1539 Interim
1612 1485 1856 1541 breviter
1886 1486 1993 1542 hoc

414 1571 578 1626 etiam
604 1572 727 1627 loco
758 1572 826 1627 de
860 1572 966 1627 hac
1001 1574 1305 1642 quaestione
1336 1573 1723 1632 disseruimus.
1756 1578 1867 1633 lllis
1895 1578 1989 1648 qui

417 1671 690 1732 oggerunt
719 1678 975 1734 magnum
1004 1663 1290 1727 Basilium,
1321 1666 1476 1735 quasi
1498 1667 1989 1737 praedetinitionem

417 1754 543 1808 vitae
571 1756 848 1819 statuerit,
882 1755 1281 1824 respondemus
1300 1766 1550 1811 sanctum
1598 1758 1746 1812 hunc
1770 1758 1986 1814 Patrem

2104 574 2260 631 τιοὶὺ.
2286 574 2383 633 ,ἵνα
2414 574 2487 644 μὴ
2526 568 2805 645 ἀποθάνῃς
2835 577 2891 627 ὲν
2921 575 2984 627 οὐ
3013 575 3190 645 καιρῷ
3231 591 3345 628 σου.
3373 594 3393 628 ι
3448 576 3538 630 Ἐν
3580 578 3673 629 αὖ·

2099 666 2212 724 rei;
2268 665 2512 734 κατάρας
2551 665 2660 718 τῶν
2704 665 2917 733 γονέων
2943 665 3092 733 λέγει
3124 666 3406 738 ἐπιφέρειν
3449 666 3681 722 θάνατον

2099 753 2193 805 ἐπὶ
2220 754 2405 807 τέκνα.
2440 755 2633 824 Ὅμως
2664 756 2795 826 περὶ
2829 755 3038 809 τούτων
3077 756 3435 827 πλατύτερον,
3492 759 3542 811 εἰ
3594 755 3673 809 τῶ

2097 844 2218 915 Θεῷ
2249 846 2404 913 φίλον
2431 847 2570 909 ἐστὶ,
2593 847 3055 918 διδαχθησόμεθα.
3089 849 3378 918 δηλοῦντες
3401 849 3496 903 καὶ
3524 848 3670 902 πλεί-

2100 955 2233 1000 στας
2252 939 2453 1001 αἰτῑας,
2480 938 2554 991 δι’
2577 932 2653 991 ὧν
2681 940 2882 993 δίκαιοι
2914 940 3275 1013 ὀλιγοχρόνιοι
3303 942 3464 1002 εἰσιν,
3496 942 3662 1010 ἀμαρ-

2095 1030 2258 1083 τωλοὶ
2290 1030 2347 1083 δὲ
2378 1030 2725 1102 πολυχρόνιοι
2755 1032 3018 1100 γίνονται.
3072 1033 3182 1085 Καὶ
3226 1034 3293 1086 ἐκ
3331 1031 3516 1086 πόσων
3543 1034 3663 1102 χρο-

2094 1138 2202 1175 νων
2247 1121 2316 1175 τὰ
2361 1123 2530 1193 νήπια
2576 1122 2889 1177 τελευτῶσι.
2927 1123 3038 1178 Καὶ
3085 1124 3247 1189 πάλιν
3283 1123 3480 1193 ἕτεροι,
3511 1125 3659 1176 ναοῦη

2096 1213 2344 1276 εὐσεϐεῖς
2394 1214 2700 1284 οἰκοδομεῖν
2747 1200 3184 1284 ἐπιϐαλλόμενοι,
3237 1213 3269 1285 ἢ
3325 1214 3491 1282 ἔτερα.
3531 1212 3633 1283 ψυγ

2093 1305 2279 1375 ωφελῆ
2306 1305 2465 1377 ἔργα,
2497 1306 2612 1377 πρὸ
2622 1306 2949 1375 signatiro
2964 1306 3295 1369 τελειώσεως
3311 1306 3446 1377 πρὸς
3465 1305 3637 1376 Κύριε

2096 1396 2439 1467 πορεύονται.
2473 1398 2624 1461 Τέως
2653 1398 2746 1452 καὶ
2771 1398 2900 1469 περὶ
2932 1397 3026 1451 τοῦ
3055 1396 3395 1470 ζητουμένου
3423 1398 3511 1451 διὰ
3539 1397 3641 1469 βρα

2092 1488 2234 1559 χέων
2262 1490 2586 1559 εἰρήκαμεν.
2623 1490 2761 1554 Τοὺς
2793 1490 2848 1542 δὲ
2884 1490 3148 1560 φέροντας
3179 1491 3270 1542 τὸν
3317 1490 3491 1559 μέγαν
3522 1492 3655 1558 βασι·

2063 1575 2191 1632 ,λέα
2228 1586 2251 1614 ο
2308 1577 2643 1647 προορισμὸν
2686 1577 2833 1647 ζωῆς
2873 1577 3131 1646 λέγοντα,
3191 1579 3369 1630 ἐκεῖνο
3414 1576 3667 1647 ἐροῦμεν,

2092 1669 2175 1721 ὅτι
2216 1669 2551 1740 προορισμὸν
2597 1669 2625 1719 ὁ
2676 1670 2864 1739 Πατὴρ
2902 1664 3162 1740 εἴπετὴν
3202 1668 3352 1722 θείαν
3393 1669 3669 1735 ἀπόφασιν

2093 1759 2194 1831 τὴν
2229 1759 2514 1830 λέγουσαν,
2547 1761 2629 1814 ὅτι
2667 1760 2781 1831 «Γῆ
2829 1755 2899 1823 εἴ,
2939 1760 3033 1812 καὶ
3064 1762 3143 1823 εἰς
3172 1760 3274 1831 γῆν
3315 1759 3610 1829 ἀπελεύσῃ.
3643 1778 3663 1810 ι

418 1844 527 1896 hoc
556 1838 785 1898 nomine
834 1843 1173 1898 intellexisse
1217 1843 1552 1898 definitivam
1580 1844 1728 1899 illam
1761 1848 1983 1901 se'nten-
2024 1820 2083 1878 B‘

413 1932 545 1985 tiam
574 1950 586 1985 :
630 1952 646 1983 ‹
669 1932 838 1987 Terra
872 1948 953 1998 es,
978 1941 1032 1988 et
1056 1933 1112 1986 in
1146 1942 1346 1987 terram
1379 1933 1758 1989 reverteris“.
1786 1953 1805 1985 ι
1846 1938 1849 1943 ‘

619 2039 1180 2167 QUAESTIO
1263 2065 1784 2189 LXXXIX.

410 2210 600 2263 Omnes
627 2212 960 2281 cupidissime
982 2222 1030 2265 et
1055 2213 1210 2283 quasi
1230 2211 1431 2282 ingenti
1462 2212 1868 2276 sitiwsluantes,
1900 2212 1982 2266 vel

479 2297 673 2349 parum
707 2283 909 2334 discere
932 2289 982 2334 et
1026 2290 1273 2352 accurate
1311 2297 1618 2351 cognoscere
1670 2291 1823 2335 avent
1856 2283 1983 2352 quid

476 2352 543 2402 sil
578 2352 761 2405 anima
816 2352 1064 2414 hominis,
1110 2351 1283 2421 qualis
1321 2361 1371 2403 et
1424 2353 1564 2405 unde
1601 2351 1877 2406 subsistat.
1910 2351 1983 2404 Et

478 2421 710 2488 quando,
763 2429 813 2474 et
863 2421 1120 2491 quomodo
1169 2423 1226 2475 in
1257 2435 1475 2491 corpore
1512 2434 1784 2491 repetetur,
1809 2431 1856 2475 et
1882 2438 1982 2489 quo

474 2500 587 2557 post
607 2490 1002 2560 separatio’nem
1030 2508 1060 2544 a
1082 2507 1299 2561 corpore
1333 2490 1526 2545 abeat?

926 2669 1311 2727 RESPONSIO
1333 2669 1467 2744 (66).

476 2763 825 2818 Manifestum
850 2772 935 2818 est
962 2778 1026 2817 ea
1048 2778 1171 2832 quae
1213 2763 1268 2816 in
1309 2761 1513 2817 divinis
1542 2760 1763 2816 Litteris
1796 2769 1984 2817 tacen-

409 2861 652 2919 tur,non
676 2868 799 2910 esse
818 2854 1095 2908 curiosius
1114 2852 1514 2924 perscrutanda
1545 2871 1559 2906 :
1588 2868 1715 2939 nam
1746 2858 1984 2923 quorum

407 2943 641 3000 scientia
692 2944 858 2999 nobis
915 2945 1187 3015 prodest,
1255 2960 1321 3000 ea
1369 2944 1632 3014 patefacit
1676 2962 1690 2997 :
1743 2959 1983 3015 quorum

406 3037 569 3109 387
599 3051 732 3092 vero
758 3036 1004 3107 cognitio
1056 3036 1196 3089 nihil
1230 3035 1491 3090 utilitatis
1532 3034 1727 3100 aﬂ‘ert,
1757 3051 1823 3090 ea
1855 3035 1983 3090 abs-

2442 2070 2970 2159 ΕΡΩΤΗΣΙΣ
3024 2069 3242 2159 ΠΘ’.

2086 2206 2336 2281 Atii-citat
2387 2210 2501 2280 (65)
2553 2211 2714 2281 παρὰ
2754 2211 2953 2267 πᾶσιν
2988 2211 3343 2280 ἀνθρώποις,
3377 2213 3456 2277 ὠς
3484 2211 3663 2279 ὕδωρ.

2148 2279 2369 2351 ⁸μικρὸν·
2414 2281 2522 2335 τοῦ
2565 2279 2797 2351 μαθεῖν,
2858 2282 2957 2335 καὶ
3017 2281 3273 2348 ἀκριϐῶς
3318 2281 3559 2350 γνῶναι,
3611 2284 3669 2335 τί

2153 2349 2284 2402 ἐστι
2345 2351 2518 2418 ψυχὴ
2565 2349 2913 2418 ἀνθρώπου.
2966 2352 3065 2404 καὶ
3118 2352 3298 2404 ὁποία
3329 2349 3503 2417 ἐστὶ,
3562 2353 3664 2404 καὶ

2155 2420 2342 2489 πάθεν
2379 2422 2759 2486 συνίσταται,
2784 2422 2879 2474 καὶ
2908 2420 3033 2484 πῶς
3054 2422 3121 2474 ἐν
3141 2420 3221 2484 τῷ
3241 2421 3472 2489 σώματι
3496 2420 3662 2489 ἐνερ-

2156 2487 2264 2555 γεῖ,
2299 2489 2398 2560 καὶ
2440 2489 2559 2559 θεοῦ
2592 2494 2744 2560 μετὰ
2778 2491 2887 2545 τὸν
2932 2491 3240 2560 χωρισμὸν
3259 2487 3366 2544 τοῦ
3390 2487 3665 2560 animator;

2080 2556 2084 2563 ⁴
2155 2556 2486 2625 πορεύεται.

2673 2669 3065 2721 ΑΠΟῙΫΡΙΣΙΣ.
3136 2706 3141 2711 ι

2155 2756 2278 2810 "Ott
2316 2759 2413 2827 μὲν
2444 2758 2504 2811 οὐ
2531 2757 2613 2811 δεῖ
2651 2752 2719 2812 τὰ
2760 2761 3148 2830 σεσιωπημένα
3190 2761 3254 2831 τῇ
3309 2759 3431 2831 θείᾳ
3470 2759 3659 2833 Γραφῇ

2086 2850 2332 2920 ὲρευνᾷν,
2367 2848 2652 2920 πρόδηλον.
2678 2851 2721 2902 Τ
2725 2850 2759 2903 ἁ
2784 2851 2893 2922 γὰρ
2918 2850 3266 2921 συμφέροντα
3289 2853 3424 2922 ἡμῖν
3443 2850 3661 2922 μαθεῖν,

2084 2939 2356 3011 ἐδήλωσεν
2380 2941 2512 3011 ἡμῖν
2535 2956 2551 2972 ο
2583 2941 2650 2996 τὰ
2672 2940 2730 2994 δὲ
2749 2941 2825 3013 μὴ
2847 2941 3196 3014 συμφέροντα
3218 2942 3381 2997 πάλιν
3414 2943 3664 3015 ἀπέκρυ-

2083 3031 2205 3102 ψεν.
2249 3032 2390 3088 Ἀλλ’
2417 3031 2603 3103 ἐπειδὴ
2631 3034 3014 3113 ὲμφιλόν-εικον
3050 3035 3147 3088 καὶ
3193 3036 3488 3107 περίεργον
3520 3035 3661 3100 ζῶον

407 3130 620 3184 condit.
660 3127 768 3184 Sed
802 3128 933 3197 quia
969 3111 1135 3181 homo
1172 3127 1581 3182 contentiosum
1617 3134 1674 3181 et
1697 3127 1978 3183 curiosum

2087 3129 2111 3181 ό
2136 3126 2444 3198 ἄνθρωπος,
2483 3123 2740 3198 ἀμυδρῶς
2770 3111 2906 3193 πως,
2931 3130 2985 3191 ετ
3008 3146 3061 3181 τι
3105 3130 3171 3183 ὲκ
3207 3129 3318 3183 τῶν
3345 3129 3516 3197 ἁγίων
3545 3130 3662 3183 Πα-

407 3230 493 3277 est
519 3221 746 3284 animal,
790 3220 836 3276 si
892 3218 1028 3290 quid
1069 3219 1310 3273 obscure
1353 3235 1418 3273 ex
1461 3217 1670 3273 sanctis
1719 3219 1978 3275 Patribus

2087 3220 2221 3293 τρῶν
2278 3219 2470 3291 μαθεῖν
2520 3218 2901 3290 ἠδυνήθημεν,
2953 3220 3113 3274 τοῦτο
3172 3222 3302 3292 ὑμῖν
3356 3223 3662 3294 κατάδηλον

407 3327 577 3383 super
601 3312 706 3367 hac
734 3327 793 3367 re
838 3311 1056 3366 discere
1092 3310 1282 3380 potui,
1319 3311 1375 3365 id
1432 3326 1535 3381 ego
1552 3310 1714 3366 Vobis
1739 3313 1980 3382 explica-

409 3417 524 3460 tum
557 3404 693 3460 dare
724 3403 994 3458 conabor.
1047 3402 1252 3458 Notum
1302 3410 1388 3457 est
1422 3402 1702 3458 hominem
1737 3403 1804 3457 ad
1836 3404 1978 3460 ima-

408 3495 590 3563 ginem
646 3492 743 3548 Dei
795 3500 853 3547 et
893 3489 1320 3547 similitudinem
1360 3498 1610 3546 creatum
1649 3492 1793 3558 diei,
1840 3495 1975 3564 quia

400 3586 578 3640 multa
613 3600 736 3655 qua:
785 3592 917 3639 sunt
953 3583 1009 3637 in
1048 3591 1247 3638 natura
1274 3582 1466 3637 divina
1518 3598 1619 3653 per
1655 3585 1976 3650 essentiam,

408 3679 596 3734 insunt
623 3677 782 3748 quasi
813 3683 912 3747 per
950 3664 1202 3730 umbram
1258 3676 1317 3730 in
1348 3676 1587 3748 imagine
1613 3685 1671 3731 et
1698 3675 1897 3748 figura,
1923 3677 1982 3733 in

406 3772 589 3826 anima
644 3768 911 3825 videlicet
964 3777 1153 3823 nostra
1208 3768 1342 3840 (67),
1379 3784 1491 3823 non
1545 3786 1647 3840 per
1698 3782 1977 3825 naturam.

407 3863 661 3933 Exempli
706 3876 875 3916 causa
930 3878 944 3914 :
989 3861 1163 3915 Deum
1210 3859 1493 3915 credimus
1540 3861 1981 3939 et‘conﬁtemur

407 3971 507 4025 per
553 3953 831 4025 propriam
879 3966 1036 4005 suam
1068 3959 1326 4006 naturam
1377 3966 1503 4006 esse
1551 3950 1983 4021 incomprehen-

405 4049 655 4112 sibilem,
710 4042 1203 4109 innominabilem,
1257 4042 1616 4107 invisibilem,
1663 4044 1983 4099 inattrecta-

407 4141 575 4196 bilem
621 4147 677 4194 et
732 4135 1209 4206 incorruptibilem
1261 4152 1274 4188 :
1324 4134 1452 4189 ideo
1488 4143 1545 4188 et
1600 4134 1804 4199 anima,
1864 4142 1981 4191 tan-

405 4247 570 4305 quam
620 4230 688 4286 ad
738 4228 1033 4300 imaginem
1078 4227 1176 4282 Dei
1225 4225 1558 4291 subsistens,
1599 4224 1760 4280 nobis
1805 4225 1983 4279 homi-

404 4326 570 4381 nibus
615 4319 1199 4390 incomprehensibilis
1250 4329 1354 4383 est,
1397 4317 1834 4387 inaspectabilis,
1894 4317 1981 4371 in-

404 4410 770 4481 explicabilis,
828 4408 977 4478 tangi
1024 4407 1231 4470 nescia,
1284 4407 1660 4475 corruptionis
1699 4414 1755 4459 et
1785 4406 1983 4460 mortis

2079 3316 2304 3384 ποιῆσαι
2362 3302 2737 3382 πειράσομαι(
2770 3313 2943 3365 Πᾶσιν
2998 3307 3093 3368 οὖν
3142 3312 3659 3387 τνώριμον,“δτιπερ

2074 3404 2267 3458 τούτου
2309 3403 2466 3474 χάριν
2514 3404 2634 3456 κατ’
2685 3403 2879 3471 εἰκόνα
2939 3404 3036 3457 καὶ
3086 3404 3344 3474 ὁμοίωσιν
3386 3405 3600 3477 εἴρηται
3628 3409 3659 3460 ό

2079 3494 2387 3561 ἄνθρωπος,
2416 3494 2499 3547 ὅτι
2529 3492 2701 3547 πολλὰ
2727 3492 2833 3547 τῶν
2867 3497 2924 3546 ὲν
2948 3496 3014 3564 τῇ
3048 3494 3170 3564 θείᾳ.
3201 3493 3658 3565 φύσειούσιωδῶς

2081 3583 2435 3654 ὑπαρχόντων
2469 3581 2797 3655 γνωρίζεται
2849 3583 3096 3648 σκιωδῶς
3135 3584 3194 3639 ὲν
3226 3584 3396 3638 εικόνι
3420 3585 3524 3639 τινὶ
3561 3586 3656 3638 καὶ

2079 3674 2237 3746 τύπῳ
2265 3676 2407 3730 κατὰ
2436 3675 2621 3747 χάριν,
2646 3674 2762 3731 ἀλλ’
2788 3676 2849 3731 οὐ
2883 3675 3025 3730 κατὰ
3049 3672 3231 3747 φύσιν,
3249 3677 3308 3730 ὲν
3329 3680 3392 3749 τῇ
3411 3678 3654 3750 ἡμετέρᾳ

2079 3767 2245 3840 ψυχῇ.
2287 3763 2413 3822 Οῒόν
2437 3785 2487 3821 τι
2518 3767 2661 3837 λέγω
2685 3783 2699 3798 ·
2738 3767 3174 3840 Ἀκατάληπτον,
3219 3768 3312 3822 καὶ
3345 3768 3653 3840 ἀνώνυμον,

2081 3862 2178 3913 καὶ
2214 3861 2466 3931 ἀόρατον,
2517 3859 2612 3914 καὶ
2652 3850 3028 3932 semesum,
3081 3860 3176 3915 καὶ
3205 3861 3482 3931 ἄφθαρτον
3513 3865 3655 3916 κατὰ

2082 3949 2244 4019 φύσιν
2268 3951 2367 4018 τὴν
2393 3949 2488 4004 τοῦ
2511 3949 2648 4004 Θεοῦ
2693 3950 2854 4021 φύσιν
2883 3949 3374 4027 ὀμολογοῦμενδκαὶ
3402 3952 3652 4006 πιστεύο-

2085 4058 2204 4111 μεν.
2234 4041 2334 4095 Διὰ
2358 4041 2518 4095 τοῦτο
2544 4042 2579 4113 ὴ
2604 4041 2775 4112 ψυχὴ,
2809 4042 2884 4106 ὡς
2921 4044 3040 4096 κατ’
3081 4043 3266 4115 εἰκόνα
3309 4042 3443 4096 Θεοῦ
3476 4044 3655 4115 ὑπάρ-

2082 4150 2275 4203 χουσα,
2334 4133 2395 4186 οὐ
2450 4132 2632 4207 φύσει,
2680 4132 2817 4187 ἀλλὰ
2846 4134 3052 4206 χάριτι,
3081 4134 3464 4206 ἀκατρληπτος
3485 4175 3501 4199 ,
3532 4136 3657 4190 κατ’

2082 4226 2272 4279 οὐσίαν
2307 4228 2441 4297 ἡμῖν
2486 4228 2601 4289 τοῖς
2644 4225 2955 4295 ἀνθρώποις
3003 4227 3120 4280 ἐστὶ
3147 4229 3243 4281 καὶ
3279 4228 3531 4298 ἀόρατος,
3560 4229 3658 4282 καὶ

2084 4319 2510 4388 ἀνερμήνευτος,
2571 4317 2666 4371 ιιιαὶ⁵
2723 4317 3099 4389 ἀψηλάφητος,
3153 4320 3432 4391 ἄφθαρτός
3470 4338 3530 4374 τε
3562 4321 3661 4373 καὶ

2085 4408 2374 4471 ἀθάνατος.
2419 4407 2584 4461 Ἀλλὰ
2612 4408 2705 4462 καὶ
2733 4408 3071 4481 δημιουργὸς
3099 4412 3319 4480 χάριτι·
3369 4410 3658 4480 ἄνθρωπος

404 4519 621 4574 expers.
642 4501 788 4569 Quin
818 4510 875 4555 et
908 4498 1255 4570 producendi
1278 4499 1386 4552 vim
1421 4498 1618 4553 habet:
1650 4514 1776 4552 nam
1813 4498 1978 4553 homo

2087 4499 2191 4569 γὰρ
2223 4498 2509 4568 ἄνθρωπον
2543 4499 2727 4568 γεννᾷ,
2752 4501 2845 4552 καὶ
2866 4498 3187 4570 δημιουργεῖ
3210 4499 3416 4565 οῐκους,
3451 4498 3657 4577 πόλεις,

406 4593 689 4646 hominem
715 4598 967 4660 generat,
995 4589 1231 4644 aediﬁcat
1254 4589 1401 4644 aedes
1428 4598 1484 4643 et
1507 4588 1792 4655 civitates;
1824 4589 1979 4659 plan-

407 4693 485 4737 tat
510 4683 754 4746 arbores,
780 4691 957 4746 artes,
994 4682 1276 4747 scientias,
1301 4691 1357 4736 et
1390 4680 1614 4735 dicendi
1660 4681 1977 4736 facultatem

409 4784 595 4827 mente
627 4772 1035 4841 complectitur,
1073 4780 1265 4841 utpote
1293 4771 1361 4860 ad
1392 4769 1687 4840 imaginem
1723 4770 1820 4824 Dei
1843 4786 1979 4824 con-

406 4866 573 4919 ditus.
602 4864 949 4933 Quapropter
971 4862 1117 4916 sicut
1160 4862 1350 4915 nullus
1402 4861 1688 4916 hominum
1712 4876 1841 4930 pOSt
1876 4862 1979 4914 ho-

479 5004 521 5034 "9
549 5001 730 5056 Eccle.
758 5016 852 5061 vn,
884 5000 968 5053 l8.
1048 5000 1090 5029 ⁷⁸
1122 5000 1288 5053 Eceli.
1334 5016 1410 5060 ιιι,
1444 5000 1527 5052 ιι.

1606 5001 1648 5029 ⁷¹
1677 4999 1813 5054 Gen.
1844 5016 1924 5063 ιιι,
1955 5001 2043 5056 l9.

2087 4590 2249 4658 φυτὰ,
2286 4591 2507 4658 τέχνας,
2542 4588 2755 4658 λόγους,
2787 4589 3119 4660 ἐπιστήμας,
3151 4590 3272 4643 κατ’
3309 4589 3494 4642 εἰκόνα
3521 4588 3661 4643 Θεοῦ

2088 4681 2370 4755 ὑπάρχων.
2404 4679 2515 4744 Διὺ,
2554 4677 2742 4748 ὥσπερ
2776 4678 2951 4742 οὐδεὶς
2985 4678 3092 4732 τῶν
3121 4680 3179 4746 ἐξ
3210 4678 3408 4743 αἰῶνος
3445 4678 3663 4748 ἀνθρὼ-

2089 4791 2207 4825 πων
2242 4773 2467 4826 δύναται
2491 4773 2685 4835 εἰπεῖν,
2709 4771 2793 4833 τίς
2847 4772 2940 4824 καὶ
2977 4772 3135 4825 ὁποία
3171 4772 3320 4824 ἐστὶν
3350 4772 3383 4841 ἡ
3413 4770 3511 4840 τῆς
3536 4772 3665 4824 κατ’

2085 4863 2268 4915 εἰκόνα
2323 4862 2459 4915 Θεοῦ
2514 4860 2866 4934 ὑπαρχούσης
2894 4862 3073 4933 ψυχῆς
3125 4862 3305 4936 οὐσία,
3331 4860 3503 4925 οὕτως
3536 4862 3661 4915 οὐδὲ

1730 5132 1962 5186 νΑιιιΑς
1994 5132 2390 5189 LECTIONES.

485 5240 508 5269 ο
542 5226 840 5282 Βασίλειον.

1930 5318 2159 5374 ΝΟΪΛΕ.
2270 5320 2321 5345 “

480 5417 591 5488 (65)
624 5413 907 5488 Amarae.
944 5411 1069 5466 Haec
1097 5419 1151 5465 et
1174 5411 1437 5488 ⁵ίιῑὶιι-ςῃιιιει
1470 5410 1523 5465 in
1558 5411 1661 5488 hoc
1683 5426 1847 5488 apere
1886 5412 1984 5465 ha-

408 5481 644 5551 bentur,
699 5481 1016 5539 ‘ostendunt
1074 5482 1246 5535 multa
1300 5481 1448 5535 illius
1501 5481 1679 5536 aetatis
1727 5483 1984 5536 doctores

406 5559 568 5627 plane
605 5555 858 5627 opinatos
900 5568 1021 5627 esse
1070 5551 1417 5627 de_anima._
1450 5551 1749 5627 Qregorius
1799 5552 1977 5627 Magn.

406 5620 716 5697 'coa'lane'us
740 5624 939 5697 fatetur
972 5621 1027 5697 in
1079 5621 1308 5697 epistola
1352 5621 1417 5675 ad
1453 5620 1824 5697 Schndinum
1858 5620 1979 5697 {De

411 5696 631 5764 origme,
664 5694 862 5761 inquit,
893 5693 1087 5745 anima:
1123 5695 1261 5745 inter
1288 5700 1497 5744 sanctos
1528 5691 1718 5764 Patres
1755 5691 1978 5764 requisi-

414 5761 509 5815 tio'
537 5779 640 5813 non
670 5778 835 5831 parra
868 5770 1075 5815 versata
1100 5773 1207 5826 est;
1241 5764 1330 5814 sed
1357 5772 1534 5813 utrum
1573 5761 1683 5832 ipse
1710 5762 1778 5815 ad
1803 5765 1973 5816 Adam

2093 5412 2436 5474 descenderit,
2473 5427 2542 5464 an
2560 5417 2696 5463 certe
2718 5410 2939 5480 singulis
2965 5410 3136 5469 detur.
3168 5413 3425 5465 incertum
3449 5426 3668 5465 remanv

2090 5483 2180 5544 sit,
2216 5498 2335 5535 eam
2379 5480 2713 5553 insolubilem
2759 5482 2888 5550 fassi
2912 5491 3033 5533 sunt
3063 5497 3174 5534 esse
3216 5482 3557 5553 questionem
3602 5483 3661 5535 in

2088 5554 2188 5606 hac
2212 5552 2317 5604 vita
2347 5550 2691 5618 (Amissum).

2159 5621 2268 5691 (66)
2299 5620 2435 5692 Vide
2471 5620 2795 5692 anstiones
2829 5621 2900 5675 ad
2927 5621 3261 5692 Antiochum,
3296 5638 3325 5675 a
3351 5630 3547 5692 quaest.
3594 5620 3661 5676 16

2088 5706 2261 5761 usque
2285 5691 2355 5745 ad
2383 5691 2471 5744 26.
2517 5691 2671 5755 Item,
2704 5699 2898 5761 qumst.
2926 5691 3014 5756 52,
3041 5692 3132 5757 53,
3158 5691 3248 5756 54,
3279 5692 3368 5748 ‘55.

2157 5762 2265 5834 (67)
2301 5761 2404 5816 Per
2432 5762 2691 5832 gratiam.
