  <div class='ocr_page' id='page_1' title='image "/cluster/home/n/w/nwhite01/storage/ocr_20150623/89/mdp.39015008868328/382.png"; bbox 0 0 4062 6142; ppageno 0'>
   <div class='ocr_carea' id='block_1_1' title="bbox 487 276 592 346">
    <p class='ocr_par' dir='ltr' id='par_1_1' title="bbox 487 276 592 346">
     <span class='ocr_line' id='line_1_1' title="bbox 487 276 592 346; baseline -0.019 0"><span class='ocrx_word' id='word_1_1' title='bbox 487 276 592 346; x_wconf 79' lang='grc'><strong>717</strong></span> 
     </span>
    </p>
   </div>
   <div class='ocr_carea' id='block_1_2' title="bbox 1857 277 2369 350">
    <p class='ocr_par' dir='ltr' id='par_1_2' title="bbox 1857 277 2369 350">
     <span class='ocr_line' id='line_1_2' title="bbox 1857 277 2369 350; baseline 0.012 -15"><span class='ocrx_word' id='word_1_2' title='bbox 1857 277 2120 350; x_wconf 73' lang='grc' dir='ltr'><strong>ΟΠᾹΞΞΤ</strong></span> <span class='ocrx_word' id='word_1_3' title='bbox 2131 280 2252 339; x_wconf 87' lang='grc' dir='ltr'><strong>1οΝ</strong></span> <span class='ocrx_word' id='word_1_4' title='bbox 2259 279 2369 343; x_wconf 84' lang='lat' dir='ltr'><strong>ES.</strong></span> 
     </span>
    </p>
   </div>
   <div class='ocr_carea' id='block_1_3' title="bbox 3620 263 3743 341">
    <p class='ocr_par' dir='ltr' id='par_1_3' title="bbox 3620 263 3743 341">
     <span class='ocr_line' id='line_1_3' title="bbox 3620 263 3743 341; baseline 0.024 -4"><span class='ocrx_word' id='word_1_5' title='bbox 3620 263 3743 341; x_wconf 74' lang='lat'><strong>718&#39;</strong></span> 
     </span>
    </p>
   </div>
   <div class='ocr_carea' id='block_1_4' title="bbox 487 383 2049 467">
    <p class='ocr_par' dir='ltr' id='par_1_4' title="bbox 487 383 2049 467">
     <span class='ocr_line' id='line_1_4' title="bbox 487 383 2049 467; baseline -0.004 -15"><span class='ocrx_word' id='word_1_6' title='bbox 487 396 797 467; x_wconf 79' lang='grc' dir='ltr'>ἀνθρώπου.</span> <span class='ocrx_word' id='word_1_7' title='bbox 835 383 1046 466; x_wconf 54' lang='lat' dir='ltr'><strong>&quot;equip</strong></span> <span class='ocrx_word' id='word_1_8' title='bbox 1105 394 1163 447; x_wconf 84' lang='grc' dir='ltr'>δὲ</span> <span class='ocrx_word' id='word_1_9' title='bbox 1207 394 1235 445; x_wconf 89' lang='grc' dir='ltr'><strong>ό</strong></span> <span class='ocrx_word' id='word_1_10' title='bbox 1287 393 1419 454; x_wconf 82' lang='grc' dir='ltr'>Θεὸς</span> <span class='ocrx_word' id='word_1_11' title='bbox 1462 394 1548 446; x_wconf 75' lang='grc' dir='ltr'><strong>διὰ</strong></span> <span class='ocrx_word' id='word_1_12' title='bbox 1592 391 1698 444; x_wconf 85' lang='grc' dir='ltr'><strong>τῶν</strong></span> <span class='ocrx_word' id='word_1_13' title='bbox 1757 394 1814 444; x_wconf 82' lang='grc' dir='ltr'>ὲν</span> <span class='ocrx_word' id='word_1_14' title='bbox 1861 390 2001 446; x_wconf 87' lang='grc' dir='ltr'>ῦλων</span> <span class='ocrx_word' id='word_1_15' title='bbox 2027 391 2049 429; x_wconf 78' lang='grc' dir='ltr'>ά</span> 
     </span>
    </p>
   </div>
   <div class='ocr_carea' id='block_1_5' title="bbox 2150 383 3728 467">
    <p class='ocr_par' dir='ltr' id='par_1_5' title="bbox 2160 393 3728 465">
     <span class='ocr_line' id='line_1_5' title="bbox 2160 393 3728 465; baseline -0.003 -16"><span class='ocrx_word' id='word_1_16' title='bbox 2160 396 2370 450; x_wconf 90' lang='lat' dir='ltr'><strong>minnm</strong></span> <span class='ocrx_word' id='word_1_17' title='bbox 2406 398 2731 450; x_wconf 78' lang='lat' dir='ltr'><strong>memoriam</strong></span> <span class='ocrx_word' id='word_1_18' title='bbox 2782 397 2993 451; x_wconf 82' lang='lat' dir='ltr'><strong>exstitit</strong></span> <span class='ocrx_word' id='word_1_19' title='bbox 3038 394 3132 465; x_wconf 88' lang='lat' dir='ltr'><strong>qui</strong></span> <span class='ocrx_word' id='word_1_20' title='bbox 3164 396 3409 463; x_wconf 86' lang='lat' dir='ltr'><strong>potuerit</strong></span> <span class='ocrx_word' id='word_1_21' title='bbox 3433 393 3728 462; x_wconf 78' lang='lat' dir='ltr'><strong>explanate</strong></span> 
     </span>
    </p>
   </div>
   <div class='ocr_carea' id='block_1_6' title="bbox 486 484 2059 558">
    <p class='ocr_par' dir='ltr' id='par_1_6' title="bbox 486 484 2059 558">
     <span class='ocr_line' id='line_1_6' title="bbox 486 484 2059 558; baseline -0.003 -15"><span class='ocrx_word' id='word_1_22' title='bbox 486 488 803 558; x_wconf 75' lang='grc' dir='ltr'><strong>κτισμάτων</strong></span> <span class='ocrx_word' id='word_1_23' title='bbox 833 486 944 539; x_wconf 86' lang='grc' dir='ltr'><strong>τῶν</strong></span> <span class='ocrx_word' id='word_1_24' title='bbox 984 485 1276 556; x_wconf 81' lang='grc' dir='ltr'><strong>ὁρωμένων</strong></span> <span class='ocrx_word' id='word_1_25' title='bbox 1316 484 1412 548; x_wconf 74' lang='grc' dir='ltr'>τὰς</span> <span class='ocrx_word' id='word_1_26' title='bbox 1456 484 1664 546; x_wconf 77' lang='grc' dir='ltr'><strong>οἰκείας</strong></span> <span class='ocrx_word' id='word_1_27' title='bbox 1702 484 1863 537; x_wconf 82' lang='grc' dir='ltr'>αὑτοῦ</span> <span class='ocrx_word' id='word_1_28' title='bbox 1900 484 2059 538; x_wconf 87' lang='grc' dir='ltr'>δυνά-</span> 
     </span>
    </p>
   </div>
   <div class='ocr_carea' id='block_1_7' title="bbox 489 574 2057 652">
    <p class='ocr_par' dir='ltr' id='par_1_7' title="bbox 489 574 2057 652">
     <span class='ocr_line' id='line_1_7' title="bbox 489 574 2057 652; baseline -0.004 -18"><span class='ocrx_word' id='word_1_29' title='bbox 489 596 609 652; x_wconf 80' lang='grc' dir='ltr'>μεις</span> <span class='ocrx_word' id='word_1_30' title='bbox 659 580 756 633; x_wconf 78' lang='grc' dir='ltr'><strong>καὶ</strong></span> <span class='ocrx_word' id='word_1_31' title='bbox 784 578 1064 648; x_wconf 73' lang='grc' dir='ltr'>ἐνεργείας</span> <span class='ocrx_word' id='word_1_32' title='bbox 1113 576 1375 639; x_wconf 80' lang='grc' dir='ltr'>δείκνυσι,</span> <span class='ocrx_word' id='word_1_33' title='bbox 1432 574 1575 643; x_wconf 82' lang='grc' dir='ltr'>λέγω</span> <span class='ocrx_word' id='word_1_34' title='bbox 1612 576 1677 645; x_wconf 83' lang='grc' dir='ltr'>δὴ</span> <span class='ocrx_word' id='word_1_35' title='bbox 1719 576 1950 648; x_wconf 86' lang='grc' dir='ltr'>ούρανοῦ</span> <span class='ocrx_word' id='word_1_36' title='bbox 1997 592 2057 628; x_wconf 88' lang='grc' dir='ltr'><strong>τε</strong></span> 
     </span>
    </p>
   </div>
   <div class='ocr_carea' id='block_1_8' title="bbox 486 666 2059 742">
    <p class='ocr_par' dir='ltr' id='par_1_8' title="bbox 486 666 2059 742">
     <span class='ocr_line' id='line_1_8' title="bbox 486 666 2059 742; baseline -0.006 -15"><span class='ocrx_word' id='word_1_37' title='bbox 486 674 582 727; x_wconf 78' lang='grc' dir='ltr'>καὶ</span> <span class='ocrx_word' id='word_1_38' title='bbox 633 672 834 742; x_wconf 78' lang='grc' dir='ltr'>ἀέρων,</span> <span class='ocrx_word' id='word_1_39' title='bbox 896 669 1071 741; x_wconf 80' lang='grc' dir='ltr'>ήλίου,</span> <span class='ocrx_word' id='word_1_40' title='bbox 1125 668 1221 721; x_wconf 75' lang='grc' dir='ltr'>καὶ</span> <span class='ocrx_word' id='word_1_41' title='bbox 1268 666 1523 737; x_wconf 78' lang='grc' dir='ltr'><strong>σελήνης,</strong></span> <span class='ocrx_word' id='word_1_42' title='bbox 1560 669 1658 721; x_wconf 74' lang='grc' dir='ltr'><strong>καὶ</strong></span> <span class='ocrx_word' id='word_1_43' title='bbox 1714 667 1905 728; x_wconf 81' lang='grc' dir='ltr'>ὑετῶν,</span> <span class='ocrx_word' id='word_1_44' title='bbox 1963 666 2059 718; x_wconf 72' lang='grc' dir='ltr'><strong>καὶ</strong></span> 
     </span>
    </p>
   </div>
   <div class='ocr_carea' id='block_1_9' title="bbox 486 758 2054 833">
    <p class='ocr_par' dir='ltr' id='par_1_9' title="bbox 486 758 2054 833">
     <span class='ocr_line' id='line_1_9' title="bbox 486 758 2054 833; baseline -0.004 -18"><span class='ocrx_word' id='word_1_45' title='bbox 486 761 749 833; x_wconf 83' lang='grc' dir='ltr'>σεισμῶν,</span> <span class='ocrx_word' id='word_1_46' title='bbox 803 760 900 813; x_wconf 71' lang='grc' dir='ltr'>καὶ</span> <span class='ocrx_word' id='word_1_47' title='bbox 942 759 1238 827; x_wconf 77' lang='grc' dir='ltr'>θαλάσσης,</span> <span class='ocrx_word' id='word_1_48' title='bbox 1270 758 1500 827; x_wconf 84' lang='grc' dir='ltr'>ἀόρατος</span> <span class='ocrx_word' id='word_1_49' title='bbox 1551 759 1813 828; x_wconf 81' lang='grc' dir='ltr'>ὑπάρχων</span> <span class='ocrx_word' id='word_1_50' title='bbox 1854 759 2013 820; x_wconf 78' lang='grc' dir='ltr'>αὑτός</span> <span class='ocrx_word' id='word_1_51' title='bbox 2040 777 2054 789; x_wconf 76' lang='grc' dir='ltr'><strong>ο</strong></span> 
     </span>
    </p>
   </div>
   <div class='ocr_carea' id='block_1_10' title="bbox 482 846 2057 920">
    <p class='ocr_par' dir='ltr' id='par_1_10' title="bbox 482 846 2057 920">
     <span class='ocr_line' id='line_1_10' title="bbox 482 846 2057 920; baseline -0.005 -15"><span class='ocrx_word' id='word_1_52' title='bbox 482 850 627 905; x_wconf 75' lang='grc' dir='ltr'>οὕτω</span> <span class='ocrx_word' id='word_1_53' title='bbox 664 850 729 920; x_wconf 82' lang='grc' dir='ltr'>δὴ</span> <span class='ocrx_word' id='word_1_54' title='bbox 781 850 876 901; x_wconf 80' lang='grc' dir='ltr'><strong>καὶ</strong></span> <span class='ocrx_word' id='word_1_55' title='bbox 926 851 959 917; x_wconf 87' lang='grc' dir='ltr'><strong>ή</strong></span> <span class='ocrx_word' id='word_1_56' title='bbox 1013 849 1134 900; x_wconf 85' lang='grc' dir='ltr'>κατ’</span> <span class='ocrx_word' id='word_1_57' title='bbox 1173 848 1356 900; x_wconf 87' lang='grc' dir='ltr'>εἰκόνα</span> <span class='ocrx_word' id='word_1_58' title='bbox 1398 846 1565 901; x_wconf 78' lang='grc' dir='ltr'>αὑτοῦ</span> <span class='ocrx_word' id='word_1_59' title='bbox 1624 846 1857 917; x_wconf 81' lang='grc' dir='ltr'>ἀόρατος</span> <span class='ocrx_word' id='word_1_60' title='bbox 1898 849 2057 918; x_wconf 68' lang='grc' dir='ltr'>ήμῶι</span> 
     </span>
    </p>
   </div>
   <div class='ocr_carea' id='block_1_11' title="bbox 481 938 2055 1014">
    <p class='ocr_par' dir='ltr' id='par_1_11' title="bbox 481 938 2055 1014">
     <span class='ocr_line' id='line_1_11' title="bbox 481 938 2055 1014; baseline -0.003 -18"><span class='ocrx_word' id='word_1_61' title='bbox 481 943 649 1014; x_wconf 79' lang='grc' dir='ltr'>ψυχὴ,</span> <span class='ocrx_word' id='word_1_62' title='bbox 680 942 771 995; x_wconf 87' lang='grc' dir='ltr'>διὰ</span> <span class='ocrx_word' id='word_1_63' title='bbox 799 942 896 995; x_wconf 85' lang='grc' dir='ltr'><strong>τοῦ</strong></span> <span class='ocrx_word' id='word_1_64' title='bbox 933 940 1063 993; x_wconf 91' lang='grc' dir='ltr'>ἰδίου</span> <span class='ocrx_word' id='word_1_65' title='bbox 1100 940 1273 1004; x_wconf 80' lang='grc' dir='ltr'>αὐτῆς</span> <span class='ocrx_word' id='word_1_66' title='bbox 1331 938 1584 1008; x_wconf 84' lang='grc' dir='ltr'>σώματος</span> <span class='ocrx_word' id='word_1_67' title='bbox 1614 940 1709 993; x_wconf 85' lang='grc' dir='ltr'><strong>τοῦ</strong></span> <span class='ocrx_word' id='word_1_68' title='bbox 1755 941 2055 1010; x_wconf 76' lang='grc' dir='ltr'>ὁρωμένου,</span> 
     </span>
    </p>
   </div>
   <div class='ocr_carea' id='block_1_12' title="bbox 483 1030 2055 1105">
    <p class='ocr_par' dir='ltr' id='par_1_12' title="bbox 483 1030 2055 1105">
     <span class='ocr_line' id='line_1_12' title="bbox 483 1030 2055 1105; baseline -0.004 -17"><span class='ocrx_word' id='word_1_69' title='bbox 483 1034 673 1105; x_wconf 87' lang='grc' dir='ltr'>ῶσπερ</span> <span class='ocrx_word' id='word_1_70' title='bbox 722 1034 927 1102; x_wconf 79' lang='grc' dir='ltr'><strong>κόσμου</strong></span> <span class='ocrx_word' id='word_1_71' title='bbox 964 1032 1127 1093; x_wconf 83' lang='grc' dir='ltr'>τινὸς,</span> <span class='ocrx_word' id='word_1_72' title='bbox 1166 1031 1266 1093; x_wconf 84' lang='grc' dir='ltr'>τὰς</span> <span class='ocrx_word' id='word_1_73' title='bbox 1308 1030 1515 1094; x_wconf 84' lang='grc' dir='ltr'>οἰκείας</span> <span class='ocrx_word' id='word_1_74' title='bbox 1572 1032 1851 1100; x_wconf 78' lang='grc' dir='ltr'>ὲκφανίζει</span> <span class='ocrx_word' id='word_1_75' title='bbox 1901 1034 2055 1099; x_wconf 79' lang='grc' dir='ltr'>ἐνερ-</span> 
     </span>
    </p>
   </div>
   <div class='ocr_carea' id='block_1_13' title="bbox 485 1123 2056 1195">
    <p class='ocr_par' dir='ltr' id='par_1_13' title="bbox 485 1123 2056 1195">
     <span class='ocr_line' id='line_1_13' title="bbox 485 1123 2056 1195; baseline -0.001 -17"><span class='ocrx_word' id='word_1_76' title='bbox 485 1126 665 1195; x_wconf 80' lang='grc' dir='ltr'>γείας·</span> <span class='ocrx_word' id='word_1_77' title='bbox 693 1124 750 1177; x_wconf 71' lang='grc' dir='ltr'>ἓν</span> <span class='ocrx_word' id='word_1_78' title='bbox 791 1134 815 1163; x_wconf 77' lang='grc' dir='ltr'><strong>ο</strong></span> <span class='ocrx_word' id='word_1_79' title='bbox 852 1125 952 1193; x_wconf 71' lang='grc' dir='ltr'>μὲν</span> <span class='ocrx_word' id='word_1_80' title='bbox 979 1123 1069 1175; x_wconf 77' lang='grc' dir='ltr'><strong>τδν</strong></span> <span class='ocrx_word' id='word_1_81' title='bbox 1094 1124 1400 1192; x_wconf 74' lang='grc' dir='ltr'>ἐγκεφάλου</span> <span class='ocrx_word' id='word_1_82' title='bbox 1429 1124 1657 1188; x_wconf 72' lang='grc' dir='ltr'>ἄνωθεν,</span> <span class='ocrx_word' id='word_1_83' title='bbox 1703 1123 1796 1177; x_wconf 91' lang='grc' dir='ltr'><strong>τοῦ</strong></span> <span class='ocrx_word' id='word_1_84' title='bbox 1822 1123 2056 1193; x_wconf 75' lang='grc' dir='ltr'>λεγομέ-</span> 
     </span>
    </p>
   </div>
   <div class='ocr_carea' id='block_1_14' title="bbox 484 1213 2053 1286">
    <p class='ocr_par' dir='ltr' id='par_1_14' title="bbox 484 1213 2053 1286">
     <span class='ocr_line' id='line_1_14' title="bbox 484 1213 2053 1286; baseline -0.002 -17"><span class='ocrx_word' id='word_1_85' title='bbox 484 1234 578 1269; x_wconf 87' lang='grc' dir='ltr'><strong>νου</strong></span> <span class='ocrx_word' id='word_1_86' title='bbox 623 1214 975 1286; x_wconf 88' lang='grc' dir='ltr'>οὑρανίσκου,</span> <span class='ocrx_word' id='word_1_87' title='bbox 1008 1216 1087 1277; x_wconf 87' lang='grc' dir='ltr'><strong>εἰς</strong></span> <span class='ocrx_word' id='word_1_88' title='bbox 1130 1215 1304 1268; x_wconf 86' lang='grc' dir='ltr'>τύπον</span> <span class='ocrx_word' id='word_1_89' title='bbox 1355 1213 1493 1268; x_wconf 87' lang='grc' dir='ltr'>Θεοῦ</span> <span class='ocrx_word' id='word_1_90' title='bbox 1544 1214 1639 1269; x_wconf 88' lang='grc' dir='ltr'><strong>τοῦ</strong></span> <span class='ocrx_word' id='word_1_91' title='bbox 1674 1214 1932 1285; x_wconf 81' lang='grc' dir='ltr'>ὑπεράνω</span> <span class='ocrx_word' id='word_1_92' title='bbox 1959 1215 2053 1267; x_wconf 86' lang='grc' dir='ltr'><strong>τοῦ</strong></span> 
     </span>
    </p>
   </div>
   <div class='ocr_carea' id='block_1_15' title="bbox 482 1306 2057 1377">
    <p class='ocr_par' dir='ltr' id='par_1_15' title="bbox 482 1306 2057 1377">
     <span class='ocr_line' id='line_1_15' title="bbox 482 1306 2057 1377; baseline -0.002 -15"><span class='ocrx_word' id='word_1_93' title='bbox 482 1306 713 1377; x_wconf 75' lang='grc' dir='ltr'>οὐρανοῦ</span> <span class='ocrx_word' id='word_1_94' title='bbox 758 1307 958 1376; x_wconf 74' lang='grc' dir='ltr'>ἔχουσα</span> <span class='ocrx_word' id='word_1_95' title='bbox 1005 1307 1096 1359; x_wconf 69' lang='grc' dir='ltr'>τὸν</span> <span class='ocrx_word' id='word_1_96' title='bbox 1135 1307 1383 1377; x_wconf 78' lang='grc' dir='ltr'><strong>ἡγεμόνα</strong></span> <span class='ocrx_word' id='word_1_97' title='bbox 1420 1307 1566 1371; x_wconf 91' lang='grc' dir='ltr'>νοῦν,</span> <span class='ocrx_word' id='word_1_98' title='bbox 1615 1307 1921 1360; x_wconf 77' lang='grc' dir='ltr'>διοικοῦντα</span> <span class='ocrx_word' id='word_1_99' title='bbox 1963 1307 2057 1359; x_wconf 77' lang='grc' dir='ltr'>καὶ</span> 
     </span>
    </p>
   </div>
   <div class='ocr_carea' id='block_1_16' title="bbox 485 1387 2055 1469">
    <p class='ocr_par' dir='ltr' id='par_1_16' title="bbox 485 1387 2055 1469">
     <span class='ocr_line' id='line_1_16' title="bbox 485 1387 2055 1469; baseline -0.002 -18"><span class='ocrx_word' id='word_1_100' title='bbox 485 1387 853 1468; x_wconf 88' lang='grc' dir='ltr'>κυϐερνῶντα,</span> <span class='ocrx_word' id='word_1_101' title='bbox 886 1397 963 1461; x_wconf 81' lang='grc' dir='ltr'>ὡς</span> <span class='ocrx_word' id='word_1_102' title='bbox 992 1397 1125 1468; x_wconf 84' lang='grc' dir='ltr'><strong>γένη</strong></span> <span class='ocrx_word' id='word_1_103' title='bbox 1147 1399 1271 1451; x_wconf 75' lang='grc' dir='ltr'>τινὰ</span> <span class='ocrx_word' id='word_1_104' title='bbox 1301 1398 1522 1467; x_wconf 83' lang='grc' dir='ltr'>κοσμῶν</span> <span class='ocrx_word' id='word_1_105' title='bbox 1563 1398 1624 1451; x_wconf 81' lang='grc' dir='ltr'>τὸ</span> <span class='ocrx_word' id='word_1_106' title='bbox 1657 1397 1818 1469; x_wconf 86' lang='grc' dir='ltr'>σῶμα</span> <span class='ocrx_word' id='word_1_107' title='bbox 1848 1397 1893 1453; x_wconf 69' lang='grc' dir='ltr'>ί.</span> <span class='ocrx_word' id='word_1_108' title='bbox 1934 1400 2055 1450; x_wconf 89' lang='grc' dir='ltr'>Διό-</span> 
     </span>
    </p>
   </div>
   <div class='ocr_carea' id='block_1_17' title="bbox 484 1489 2056 1561">
    <p class='ocr_par' dir='ltr' id='par_1_17' title="bbox 484 1489 2056 1561">
     <span class='ocr_line' id='line_1_17' title="bbox 484 1489 2056 1561; baseline 0.001 -18"><span class='ocrx_word' id='word_1_109' title='bbox 484 1506 588 1561; x_wconf 87' lang='grc' dir='ltr'><strong>περ</strong></span> <span class='ocrx_word' id='word_1_110' title='bbox 612 1492 659 1543; x_wconf 86' lang='grc' dir='ltr'><strong>εἰ</strong></span> <span class='ocrx_word' id='word_1_111' title='bbox 675 1489 816 1556; x_wconf 78' lang='grc' dir='ltr'>δόξει</span> <span class='ocrx_word' id='word_1_112' title='bbox 843 1490 974 1543; x_wconf 79' lang='grc' dir='ltr'>ποτὲ</span> <span class='ocrx_word' id='word_1_113' title='bbox 998 1489 1241 1560; x_wconf 84' lang='grc' dir='ltr'>χαλεπήν</span> <span class='ocrx_word' id='word_1_114' title='bbox 1267 1508 1386 1544; x_wconf 90' lang='grc' dir='ltr'>τινα</span> <span class='ocrx_word' id='word_1_115' title='bbox 1411 1490 1623 1561; x_wconf 83' lang='grc' dir='ltr'>πληγὴν</span> <span class='ocrx_word' id='word_1_116' title='bbox 1650 1491 1789 1544; x_wconf 90' lang='grc' dir='ltr'><strong>κατὰ</strong></span> <span class='ocrx_word' id='word_1_117' title='bbox 1814 1490 2056 1560; x_wconf 81' lang='grc' dir='ltr'>κεφαλῆς</span> 
     </span>
    </p>
   </div>
   <div class='ocr_carea' id='block_1_18' title="bbox 483 1583 2060 1655">
    <p class='ocr_par' dir='ltr' id='par_1_18' title="bbox 483 1583 2060 1655">
     <span class='ocr_line' id='line_1_18' title="bbox 483 1583 2060 1655; baseline 0 -18"><span class='ocrx_word' id='word_1_118' title='bbox 483 1583 689 1647; x_wconf 81' lang='grc' dir='ltr'>λαϐεῖν,</span> <span class='ocrx_word' id='word_1_119' title='bbox 748 1583 952 1648; x_wconf 81' lang='grc' dir='ltr'>εὐθέως</span> <span class='ocrx_word' id='word_1_120' title='bbox 979 1585 1180 1655; x_wconf 86' lang='grc' dir='ltr'>πάσχει</span> <span class='ocrx_word' id='word_1_121' title='bbox 1222 1586 1252 1636; x_wconf 85' lang='grc' dir='ltr'><strong>ὁ</strong></span> <span class='ocrx_word' id='word_1_122' title='bbox 1300 1584 1448 1648; x_wconf 82' lang='grc' dir='ltr'>νοῦς,</span> <span class='ocrx_word' id='word_1_123' title='bbox 1487 1587 1581 1639; x_wconf 80' lang='grc' dir='ltr'>καὶ</span> <span class='ocrx_word' id='word_1_124' title='bbox 1607 1586 1707 1639; x_wconf 84' lang='grc' dir='ltr'><strong>οὐκ</strong></span> <span class='ocrx_word' id='word_1_125' title='bbox 1739 1584 1819 1638; x_wconf 73' lang='grc' dir='ltr'>ἔτι</span> <span class='ocrx_word' id='word_1_126' title='bbox 1844 1585 2060 1655; x_wconf 75' lang='grc' dir='ltr'>διακρίο</span> 
     </span>
    </p>
   </div>
   <div class='ocr_carea' id='block_1_19' title="bbox 484 1674 2055 1748">
    <p class='ocr_par' dir='ltr' id='par_1_19' title="bbox 484 1674 2055 1748">
     <span class='ocr_line' id='line_1_19' title="bbox 484 1674 2055 1748; baseline 0.001 -20"><span class='ocrx_word' id='word_1_127' title='bbox 484 1693 617 1737; x_wconf 88' lang='grc' dir='ltr'>νειν,</span> <span class='ocrx_word' id='word_1_128' title='bbox 655 1675 689 1745; x_wconf 78' lang='grc' dir='ltr'>ἢ</span> <span class='ocrx_word' id='word_1_129' title='bbox 720 1674 1103 1745; x_wconf 84' lang='grc' dir='ltr'>μνημονεύειν,</span> <span class='ocrx_word' id='word_1_130' title='bbox 1135 1675 1211 1739; x_wconf 87' lang='grc' dir='ltr'>ὡς</span> <span class='ocrx_word' id='word_1_131' title='bbox 1240 1675 1303 1729; x_wconf 81' lang='grc' dir='ltr'>τὸ</span> <span class='ocrx_word' id='word_1_132' title='bbox 1338 1676 1486 1745; x_wconf 77' lang='grc' dir='ltr'>πρὶν,</span> <span class='ocrx_word' id='word_1_133' title='bbox 1518 1676 1549 1729; x_wconf 84' lang='grc' dir='ltr'><strong>ό</strong></span> <span class='ocrx_word' id='word_1_134' title='bbox 1581 1675 1868 1748; x_wconf 77' lang='grc' dir='ltr'>ἄνθρωπος</span> <span class='ocrx_word' id='word_1_135' title='bbox 1890 1675 2055 1730; x_wconf 86' lang='grc' dir='ltr'>δύνα-</span> 
     </span>
    </p>
   </div>
   <div class='ocr_carea' id='block_1_20' title="bbox 482 1766 2053 1839">
    <p class='ocr_par' dir='ltr' id='par_1_20' title="bbox 482 1766 2053 1839">
     <span class='ocr_line' id='line_1_20' title="bbox 482 1766 2053 1839; baseline 0 -20"><span class='ocrx_word' id='word_1_136' title='bbox 482 1783 594 1819; x_wconf 88' lang='grc' dir='ltr'>ται.</span> <span class='ocrx_word' id='word_1_137' title='bbox 616 1766 762 1819; x_wconf 80' lang='grc' dir='ltr'>Τδδὲ</span> <span class='ocrx_word' id='word_1_138' title='bbox 793 1766 1102 1833; x_wconf 79' lang='grc' dir='ltr'>λογιστικὸν</span> <span class='ocrx_word' id='word_1_139' title='bbox 1137 1767 1298 1820; x_wconf 83' lang='grc' dir='ltr'>πάλιν</span> <span class='ocrx_word' id='word_1_140' title='bbox 1325 1769 1358 1837; x_wconf 87' lang='grc' dir='ltr'><strong>ή</strong></span> <span class='ocrx_word' id='word_1_141' title='bbox 1388 1766 1534 1837; x_wconf 70' lang='grc' dir='ltr'>ψυχὴ</span> <span class='ocrx_word' id='word_1_142' title='bbox 1572 1766 1662 1821; x_wconf 74' lang='grc' dir='ltr'>διὰ</span> <span class='ocrx_word' id='word_1_143' title='bbox 1688 1769 1789 1839; x_wconf 82' lang='grc' dir='ltr'>τῆς</span> <span class='ocrx_word' id='word_1_144' title='bbox 1825 1766 2053 1838; x_wconf 83' lang='grc' dir='ltr'>καρδίας</span> 
     </span>
    </p>
   </div>
   <div class='ocr_carea' id='block_1_21' title="bbox 483 1858 2054 1930">
    <p class='ocr_par' dir='ltr' id='par_1_21' title="bbox 483 1858 2054 1930">
     <span class='ocr_line' id='line_1_21' title="bbox 483 1858 2054 1930; baseline 0.001 -19"><span class='ocrx_word' id='word_1_145' title='bbox 483 1861 716 1927; x_wconf 79' lang='grc' dir='ltr'>ἐνεργεῖ,</span> <span class='ocrx_word' id='word_1_146' title='bbox 746 1859 806 1911; x_wconf 86' lang='grc' dir='ltr'><strong>τὸ</strong></span> <span class='ocrx_word' id='word_1_147' title='bbox 836 1859 893 1911; x_wconf 78' lang='grc' dir='ltr'>δὲ</span> <span class='ocrx_word' id='word_1_148' title='bbox 924 1859 1321 1930; x_wconf 74' lang='grc' dir='ltr'>ἐπιθυμητικὸν</span> <span class='ocrx_word' id='word_1_149' title='bbox 1353 1860 1443 1913; x_wconf 75' lang='grc' dir='ltr'>διὰ</span> <span class='ocrx_word' id='word_1_150' title='bbox 1485 1858 1578 1913; x_wconf 88' lang='grc' dir='ltr'><strong>τοῦ</strong></span> <span class='ocrx_word' id='word_1_151' title='bbox 1607 1858 1838 1929; x_wconf 69' lang='grc' dir='ltr'>ἥπατος,</span> <span class='ocrx_word' id='word_1_152' title='bbox 1886 1860 1949 1913; x_wconf 83' lang='grc' dir='ltr'><strong>τὸ</strong></span> <span class='ocrx_word' id='word_1_153' title='bbox 1995 1859 2054 1912; x_wconf 86' lang='grc' dir='ltr'>δὲ</span> 
     </span>
    </p>
   </div>
   <div class='ocr_carea' id='block_1_22' title="bbox 487 1950 2054 2021">
    <p class='ocr_par' dir='ltr' id='par_1_22' title="bbox 487 1950 2054 2021">
     <span class='ocr_line' id='line_1_22' title="bbox 487 1950 2054 2021; baseline 0 -19"><span class='ocrx_word' id='word_1_154' title='bbox 487 1950 853 2019; x_wconf 74' lang='grc' dir='ltr'>μειδιαστικὺν</span> <span class='ocrx_word' id='word_1_155' title='bbox 875 1951 965 2004; x_wconf 84' lang='grc' dir='ltr'><strong>διὰ</strong></span> <span class='ocrx_word' id='word_1_156' title='bbox 994 1952 1086 2003; x_wconf 89' lang='grc' dir='ltr'><strong>τοῦ</strong></span> <span class='ocrx_word' id='word_1_157' title='bbox 1129 1950 1385 2021; x_wconf 78' lang='grc' dir='ltr'>σπληνὸς,</span> <span class='ocrx_word' id='word_1_158' title='bbox 1436 1952 1498 2004; x_wconf 79' lang='grc' dir='ltr'><strong>τὸ</strong></span> <span class='ocrx_word' id='word_1_159' title='bbox 1529 1950 1586 2005; x_wconf 83' lang='grc' dir='ltr'>δὲ</span> <span class='ocrx_word' id='word_1_160' title='bbox 1622 1951 2054 2008; x_wconf 74' lang='grc' dir='ltr'>άναπνευστικδν</span> 
     </span>
    </p>
   </div>
   <div class='ocr_carea' id='block_1_23' title="bbox 481 2040 2051 2113">
    <p class='ocr_par' dir='ltr' id='par_1_23' title="bbox 481 2040 2051 2113">
     <span class='ocr_line' id='line_1_23' title="bbox 481 2040 2051 2113; baseline -0.001 -19"><span class='ocrx_word' id='word_1_161' title='bbox 481 2042 570 2094; x_wconf 77' lang='grc' dir='ltr'>διὰ</span> <span class='ocrx_word' id='word_1_162' title='bbox 602 2040 695 2094; x_wconf 88' lang='grc' dir='ltr'><strong>τοῦ</strong></span> <span class='ocrx_word' id='word_1_163' title='bbox 738 2043 1061 2111; x_wconf 86' lang='grc' dir='ltr'>πνεύμονος,</span> <span class='ocrx_word' id='word_1_164' title='bbox 1092 2042 1152 2096; x_wconf 79' lang='grc' dir='ltr'>τὸ</span> <span class='ocrx_word' id='word_1_165' title='bbox 1180 2043 1236 2095; x_wconf 77' lang='grc' dir='ltr'>δὲ</span> <span class='ocrx_word' id='word_1_166' title='bbox 1262 2044 1487 2113; x_wconf 88' lang='grc' dir='ltr'>γόνιμον</span> <span class='ocrx_word' id='word_1_167' title='bbox 1527 2042 1618 2095; x_wconf 78' lang='grc' dir='ltr'>διὰ</span> <span class='ocrx_word' id='word_1_168' title='bbox 1658 2041 1769 2095; x_wconf 84' lang='grc' dir='ltr'><strong>τῶν</strong></span> <span class='ocrx_word' id='word_1_169' title='bbox 1814 2040 2051 2112; x_wconf 77' lang='grc' dir='ltr'>νεφρῶν,</span> 
     </span>
    </p>
   </div>
   <div class='ocr_carea' id='block_1_24' title="bbox 481 2133 2055 2204">
    <p class='ocr_par' dir='ltr' id='par_1_24' title="bbox 481 2133 2055 2204">
     <span class='ocr_line' id='line_1_24' title="bbox 481 2133 2055 2204; baseline 0.001 -18"><span class='ocrx_word' id='word_1_170' title='bbox 481 2135 542 2186; x_wconf 82' lang='grc' dir='ltr'>τὸ</span> <span class='ocrx_word' id='word_1_171' title='bbox 572 2134 880 2202; x_wconf 70' lang='grc' dir='ltr'>δὲ“θυμικὸν</span> <span class='ocrx_word' id='word_1_172' title='bbox 901 2134 987 2187; x_wconf 91' lang='grc' dir='ltr'><strong>διὰ</strong></span> <span class='ocrx_word' id='word_1_173' title='bbox 1014 2133 1108 2187; x_wconf 87' lang='grc' dir='ltr'><strong>τοῦ</strong></span> <span class='ocrx_word' id='word_1_174' title='bbox 1136 2134 1386 2203; x_wconf 77' lang='grc' dir='ltr'>αἵματος,</span> <span class='ocrx_word' id='word_1_175' title='bbox 1412 2134 1472 2188; x_wconf 82' lang='grc' dir='ltr'><strong>τὸ</strong></span> <span class='ocrx_word' id='word_1_176' title='bbox 1500 2133 1557 2188; x_wconf 83' lang='grc' dir='ltr'>δὲ</span> <span class='ocrx_word' id='word_1_177' title='bbox 1586 2135 1944 2204; x_wconf 76' lang='grc' dir='ltr'>γνωριστικὸν</span> <span class='ocrx_word' id='word_1_178' title='bbox 1967 2133 2055 2188; x_wconf 82' lang='grc' dir='ltr'>διὰ</span> 
     </span>
    </p>
   </div>
   <div class='ocr_carea' id='block_1_25' title="bbox 480 2224 2054 2297">
    <p class='ocr_par' dir='ltr' id='par_1_25' title="bbox 480 2224 2054 2297">
     <span class='ocr_line' id='line_1_25' title="bbox 480 2224 2054 2297; baseline -0.001 -20"><span class='ocrx_word' id='word_1_179' title='bbox 480 2226 589 2297; x_wconf 76' lang='grc' dir='ltr'><strong>τῶν</strong></span> <span class='ocrx_word' id='word_1_180' title='bbox 614 2226 932 2294; x_wconf 80' lang='grc' dir='ltr'>ὀφθαλμῶν,</span> <span class='ocrx_word' id='word_1_181' title='bbox 959 2224 1021 2278; x_wconf 80' lang='grc' dir='ltr'><strong>τὸ</strong></span> <span class='ocrx_word' id='word_1_182' title='bbox 1045 2225 1103 2279; x_wconf 84' lang='grc' dir='ltr'><strong>δὲ</strong></span> <span class='ocrx_word' id='word_1_183' title='bbox 1145 2225 1377 2296; x_wconf 83' lang='grc' dir='ltr'>λαλητὸν</span> <span class='ocrx_word' id='word_1_184' title='bbox 1404 2225 1494 2280; x_wconf 72' lang='grc' dir='ltr'>διὰ</span> <span class='ocrx_word' id='word_1_185' title='bbox 1518 2226 1617 2296; x_wconf 84' lang='grc' dir='ltr'>τῆς</span> <span class='ocrx_word' id='word_1_186' title='bbox 1644 2224 1909 2297; x_wconf 78' lang='grc' dir='ltr'>γλώττης.</span> <span class='ocrx_word' id='word_1_187' title='bbox 1962 2224 2054 2277; x_wconf 78' lang='grc' dir='ltr'><strong>Διὸ</strong></span> 
     </span>
    </p>
   </div>
   <div class='ocr_carea' id='block_1_26' title="bbox 482 2309 2054 2389">
    <p class='ocr_par' dir='ltr' id='par_1_26' title="bbox 482 2309 2054 2389">
     <span class='ocr_line' id='line_1_26' title="bbox 482 2309 2054 2389; baseline 0.001 -20"><span class='ocrx_word' id='word_1_188' title='bbox 482 2317 577 2369; x_wconf 75' lang='grc' dir='ltr'><strong>καὶ</strong></span> <span class='ocrx_word' id='word_1_189' title='bbox 612 2311 951 2387; x_wconf 76' lang='grc' dir='ltr'>τεμνομένης</span> <span class='ocrx_word' id='word_1_190' title='bbox 980 2309 1169 2384; x_wconf 74' lang='grc' dir='ltr'>αὐτῆς,</span> <span class='ocrx_word' id='word_1_191' title='bbox 1204 2318 1306 2371; x_wconf 79' lang='grc' dir='ltr'><strong>οὐκ</strong></span> <span class='ocrx_word' id='word_1_192' title='bbox 1361 2317 1442 2371; x_wconf 71' lang='grc' dir='ltr'>ἔτι</span> <span class='ocrx_word' id='word_1_193' title='bbox 1475 2320 1503 2371; x_wconf 89' lang='grc' dir='ltr'>ὁ</span> <span class='ocrx_word' id='word_1_194' title='bbox 1548 2316 1833 2389; x_wconf 81' lang='grc' dir='ltr'>ἄνθρωπος</span> <span class='ocrx_word' id='word_1_195' title='bbox 1872 2317 2054 2370; x_wconf 84' lang='grc' dir='ltr'>λαλεῖν</span> 
     </span>
    </p>
   </div>
   <div class='ocr_carea' id='block_1_27' title="bbox 478 2394 2043 2480">
    <p class='ocr_par' dir='ltr' id='par_1_27' title="bbox 478 2394 2043 2480">
     <span class='ocr_line' id='line_1_27' title="bbox 478 2394 2043 2480; baseline -0.001 -18"><span class='ocrx_word' id='word_1_196' title='bbox 478 2409 704 2462; x_wconf 88' lang='grc' dir='ltr'>δύναται</span> <span class='ocrx_word' id='word_1_197' title='bbox 724 2424 739 2439; x_wconf 74' lang='grc' dir='ltr'><strong><em>ο</em></strong></span> <span class='ocrx_word' id='word_1_198' title='bbox 765 2409 962 2462; x_wconf 81' lang='grc' dir='ltr'>οὐκοῦν</span> <span class='ocrx_word' id='word_1_199' title='bbox 998 2407 1259 2471; x_wconf 86' lang='grc' dir='ltr'>ὡσαύτως</span> <span class='ocrx_word' id='word_1_200' title='bbox 1288 2408 1385 2462; x_wconf 74' lang='grc' dir='ltr'><strong>κα)¹</strong></span> <span class='ocrx_word' id='word_1_201' title='bbox 1443 2409 1821 2480; x_wconf 77' lang='grc' dir='ltr'>χωριζομένης</span> <span class='ocrx_word' id='word_1_202' title='bbox 1850 2394 2043 2478; x_wconf 76' lang='grc' dir='ltr'>αὐτῆς,</span> 
     </span>
    </p>
   </div>
   <div class='ocr_carea' id='block_1_28' title="bbox 478 2499 2050 2571">
    <p class='ocr_par' dir='ltr' id='par_1_28' title="bbox 478 2499 2050 2571">
     <span class='ocr_line' id='line_1_28' title="bbox 478 2499 2050 2571; baseline 0 -19"><span class='ocrx_word' id='word_1_203' title='bbox 478 2501 625 2569; x_wconf 83' lang='grc' dir='ltr'>λέγω</span> <span class='ocrx_word' id='word_1_204' title='bbox 656 2499 719 2571; x_wconf 80' lang='grc' dir='ltr'>δὴ</span> <span class='ocrx_word' id='word_1_205' title='bbox 744 2499 846 2569; x_wconf 84' lang='grc' dir='ltr'>τῆς</span> <span class='ocrx_word' id='word_1_206' title='bbox 869 2500 1069 2570; x_wconf 79' lang='grc' dir='ltr'>ψυχῆς,</span> <span class='ocrx_word' id='word_1_207' title='bbox 1088 2500 1146 2566; x_wconf 67' lang='grc' dir='ltr'><strong>ἐξ</strong></span> <span class='ocrx_word' id='word_1_208' title='bbox 1176 2501 1297 2553; x_wconf 84' lang='grc' dir='ltr'>ὅλου</span> <span class='ocrx_word' id='word_1_209' title='bbox 1320 2500 1415 2554; x_wconf 91' lang='grc' dir='ltr'><strong>τοῦ</strong></span> <span class='ocrx_word' id='word_1_210' title='bbox 1447 2501 1718 2570; x_wconf 85' lang='grc' dir='ltr'>σώματος,</span> <span class='ocrx_word' id='word_1_211' title='bbox 1753 2501 1813 2554; x_wconf 87' lang='grc' dir='ltr'><strong>οὑ</strong></span> <span class='ocrx_word' id='word_1_212' title='bbox 1844 2499 2050 2563; x_wconf 82' lang='grc' dir='ltr'>λαλεῖν,</span> 
     </span>
    </p>
   </div>
   <div class='ocr_carea' id='block_1_29' title="bbox 476 2590 2050 2663">
    <p class='ocr_par' dir='ltr' id='par_1_29' title="bbox 476 2590 2050 2663">
     <span class='ocr_line' id='line_1_29' title="bbox 476 2590 2050 2663; baseline 0.001 -20"><span class='ocrx_word' id='word_1_213' title='bbox 476 2592 539 2643; x_wconf 83' lang='grc' dir='ltr'>οὐ</span> <span class='ocrx_word' id='word_1_214' title='bbox 571 2590 999 2661; x_wconf 81' lang='grc' dir='ltr'>μιμνήσκεσθαι,</span> <span class='ocrx_word' id='word_1_215' title='bbox 1046 2592 1107 2645; x_wconf 84' lang='grc' dir='ltr'>οὐ</span> <span class='ocrx_word' id='word_1_216' title='bbox 1150 2590 1477 2663; x_wconf 81' lang='grc' dir='ltr'>θυμοῦσθαι,</span> <span class='ocrx_word' id='word_1_217' title='bbox 1515 2592 1577 2646; x_wconf 87' lang='grc' dir='ltr'><strong>οὑ</strong></span> <span class='ocrx_word' id='word_1_218' title='bbox 1612 2590 1885 2663; x_wconf 76' lang='grc' dir='ltr'>καθορᾷνο</span> <span class='ocrx_word' id='word_1_219' title='bbox 1934 2592 2050 2645; x_wconf 83' lang='grc' dir='ltr'>ἀλλ’</span> 
     </span>
    </p>
   </div>
   <div class='ocr_carea' id='block_1_30' title="bbox 474 2682 2049 2757">
    <p class='ocr_par' dir='ltr' id='par_1_30' title="bbox 474 2682 2049 2757">
     <span class='ocr_line' id='line_1_30' title="bbox 474 2682 2049 2757; baseline 0.003 -22"><span class='ocrx_word' id='word_1_220' title='bbox 474 2683 535 2735; x_wconf 76' lang='grc' dir='ltr'>ὲν</span> <span class='ocrx_word' id='word_1_221' title='bbox 562 2682 781 2752; x_wconf 65' lang='grc' dir='ltr'>συννοίᾳ</span> <span class='ocrx_word' id='word_1_222' title='bbox 824 2682 935 2735; x_wconf 77' lang='grc' dir='ltr'>τινὶ</span> <span class='ocrx_word' id='word_1_223' title='bbox 966 2684 992 2723; x_wconf 74' lang='grc'><strong>⁸</strong></span> <span class='ocrx_word' id='word_1_224' title='bbox 1030 2682 1155 2736; x_wconf 86' lang='grc' dir='ltr'>καθ’</span> <span class='ocrx_word' id='word_1_225' title='bbox 1194 2683 1394 2755; x_wconf 79' lang='grc' dir='ltr'>ἑαυτὴν</span> <span class='ocrx_word' id='word_1_226' title='bbox 1437 2685 1678 2757; x_wconf 80' lang='grc' dir='ltr'>ὑπάρχει</span> <span class='ocrx_word' id='word_1_227' title='bbox 1722 2685 1988 2749; x_wconf 80' lang='grc' dir='ltr'>ἀθάνατος</span> <span class='ocrx_word' id='word_1_228' title='bbox 2015 2688 2049 2757; x_wconf 81' lang='grc' dir='ltr'><strong>ἡ</strong></span> 
     </span>
    </p>
   </div>
   <div class='ocr_carea' id='block_1_31' title="bbox 471 2771 2050 2848">
    <p class='ocr_par' dir='ltr' id='par_1_31' title="bbox 471 2771 2050 2848">
     <span class='ocr_line' id='line_1_31' title="bbox 471 2771 2050 2848; baseline 0.004 -23"><span class='ocrx_word' id='word_1_229' title='bbox 471 2771 619 2844; x_wconf 76' lang='grc' dir='ltr'>ψυχὴ</span> <span class='ocrx_word' id='word_1_230' title='bbox 655 2772 1010 2842; x_wconf 80' lang='grc' dir='ltr'>διαμένουσα,</span> <span class='ocrx_word' id='word_1_231' title='bbox 1063 2773 1225 2845; x_wconf 82' lang='grc' dir='ltr'>ἁχρις</span> <span class='ocrx_word' id='word_1_232' title='bbox 1262 2774 1328 2829; x_wconf 75' lang='grc' dir='ltr'><strong>ἂν</strong></span> <span class='ocrx_word' id='word_1_233' title='bbox 1358 2776 1521 2830; x_wconf 82' lang='grc' dir='ltr'>πάλιν</span> <span class='ocrx_word' id='word_1_234' title='bbox 1566 2776 1625 2829; x_wconf 84' lang='grc' dir='ltr'>τὺ</span> <span class='ocrx_word' id='word_1_235' title='bbox 1661 2778 1859 2830; x_wconf 88' lang='grc' dir='ltr'>οἰκεῖον</span> <span class='ocrx_word' id='word_1_236' title='bbox 1889 2777 2050 2848; x_wconf 85' lang='grc' dir='ltr'>σῶμα</span> 
     </span>
    </p>
   </div>
   <div class='ocr_carea' id='block_1_32' title="bbox 471 2861 2050 2937">
    <p class='ocr_par' dir='ltr' id='par_1_32' title="bbox 471 2861 2050 2937">
     <span class='ocr_line' id='line_1_32' title="bbox 471 2861 2050 2937; baseline 0.003 -22"><span class='ocrx_word' id='word_1_237' title='bbox 471 2861 820 2915; x_wconf 83' lang='grc' dir='ltr'>ἀπολαϐοῦσα</span> <span class='ocrx_word' id='word_1_238' title='bbox 870 2862 1167 2935; x_wconf 73' lang='grc' dir='ltr'>ἄφθαρτον,</span> <span class='ocrx_word' id='word_1_239' title='bbox 1217 2864 1533 2937; x_wconf 79' lang='grc' dir='ltr'>ἀφθάρτους</span> <span class='ocrx_word' id='word_1_240' title='bbox 1580 2865 1768 2919; x_wconf 71' lang='grc' dir='ltr'>λοιπὸν</span> <span class='ocrx_word' id='word_1_241' title='bbox 1809 2867 1905 2921; x_wconf 77' lang='grc' dir='ltr'>καὶ</span> <span class='ocrx_word' id='word_1_242' title='bbox 1953 2868 2050 2929; x_wconf 78' lang='grc' dir='ltr'>τὰς</span> 
     </span>
    </p>
   </div>
   <div class='ocr_carea' id='block_1_33' title="bbox 470 2953 2051 3031">
    <p class='ocr_par' dir='ltr' id='par_1_33' title="bbox 470 2953 2051 3031">
     <span class='ocr_line' id='line_1_33' title="bbox 470 2953 2051 3031; baseline 0.003 -26"><span class='ocrx_word' id='word_1_243' title='bbox 470 2953 756 3025; x_wconf 65' lang='grc' dir='ltr'>ἐνεργείας</span> <span class='ocrx_word' id='word_1_244' title='bbox 776 2953 1082 3009; x_wconf 78' lang='grc' dir='ltr'>ἀποτελεῖν.</span> <span class='ocrx_word' id='word_1_245' title='bbox 1127 2956 1288 3010; x_wconf 83' lang='grc' dir='ltr'>Ἀλλὰ</span> <span class='ocrx_word' id='word_1_246' title='bbox 1315 2954 1486 3011; x_wconf 87' lang='grc' dir='ltr'>ταῦτα</span> <span class='ocrx_word' id='word_1_247' title='bbox 1545 2956 1644 3028; x_wconf 76' lang='grc' dir='ltr'>μὲν</span> <span class='ocrx_word' id='word_1_248' title='bbox 1672 2956 1887 3028; x_wconf 72' lang='grc' dir='ltr'>εἴρηται</span> <span class='ocrx_word' id='word_1_249' title='bbox 1920 2959 2051 3031; x_wconf 80' lang='grc' dir='ltr'>περὶ</span> 
     </span>
    </p>
   </div>
   <div class='ocr_carea' id='block_1_34' title="bbox 471 3044 2050 3120">
    <p class='ocr_par' dir='ltr' id='par_1_34' title="bbox 471 3044 2050 3120">
     <span class='ocr_line' id='line_1_34' title="bbox 471 3044 2050 3120; baseline 0.003 -22"><span class='ocrx_word' id='word_1_250' title='bbox 471 3044 581 3099; x_wconf 87' lang='grc' dir='ltr'><strong>τῶν</strong></span> <span class='ocrx_word' id='word_1_251' title='bbox 602 3047 659 3098; x_wconf 69' lang='grc' dir='ltr'><strong>ιν</strong></span> <span class='ocrx_word' id='word_1_252' title='bbox 686 3046 986 3116; x_wconf 79' lang='grc' dir='ltr'>ἁμαρτίαις</span> <span class='ocrx_word' id='word_1_253' title='bbox 1019 3047 1418 3103; x_wconf 78' lang='grc' dir='ltr'>τελευτώντων.</span> <span class='ocrx_word' id='word_1_254' title='bbox 1459 3049 1613 3103; x_wconf 79' lang='grc' dir='ltr'>Ἐπεὶ</span> <span class='ocrx_word' id='word_1_255' title='bbox 1651 3050 1799 3104; x_wconf 56' lang='grc' dir='ltr'>αἰττδ</span> <span class='ocrx_word' id='word_1_256' title='bbox 1825 3050 2050 3120; x_wconf 82' lang='grc' dir='ltr'>Πνεῦμα</span> 
     </span>
    </p>
   </div>
   <div class='ocr_carea' id='block_1_35' title="bbox 2159 483 3729 558">
    <p class='ocr_par' dir='ltr' id='par_1_35' title="bbox 2159 483 3729 558">
     <span class='ocr_line' id='line_1_35' title="bbox 2159 483 3729 558; baseline -0.003 -17"><span class='ocrx_word' id='word_1_257' title='bbox 2159 502 2281 557; x_wconf 71' lang='lat' dir='ltr'><strong>qua:</strong></span> <span class='ocrx_word' id='word_1_258' title='bbox 2297 498 2353 542; x_wconf 91' lang='lat' dir='ltr'><strong>et</strong></span> <span class='ocrx_word' id='word_1_259' title='bbox 2371 488 2552 558; x_wconf 83' lang='lat' dir='ltr'><strong>qualis</strong></span> <span class='ocrx_word' id='word_1_260' title='bbox 2567 490 2640 543; x_wconf 91' lang='lat' dir='ltr'><strong>sit</strong></span> <span class='ocrx_word' id='word_1_261' title='bbox 2667 488 2974 543; x_wconf 76' lang='lat' dir='ltr'><strong>substantia</strong></span> <span class='ocrx_word' id='word_1_262' title='bbox 2999 487 3194 541; x_wconf 64' lang='lat' dir='ltr'><strong>anima:</strong></span> <span class='ocrx_word' id='word_1_263' title='bbox 3209 484 3275 539; x_wconf 91' lang='lat' dir='ltr'><strong>ad</strong></span> <span class='ocrx_word' id='word_1_264' title='bbox 3303 484 3399 538; x_wconf 82' lang='lat' dir='ltr'><strong>Dei</strong></span> <span class='ocrx_word' id='word_1_265' title='bbox 3434 483 3729 554; x_wconf 81' lang='lat' dir='ltr'><strong>imaginem</strong></span> 
     </span>
    </p>
   </div>
   <div class='ocr_carea' id='block_1_36' title="bbox 2157 576 3730 644">
    <p class='ocr_par' dir='ltr' id='par_1_36' title="bbox 2157 576 3730 644">
     <span class='ocr_line' id='line_1_36' title="bbox 2157 576 3730 644; baseline -0.003 -10"><span class='ocrx_word' id='word_1_266' title='bbox 2157 580 2543 640; x_wconf 86' lang='lat' dir='ltr'><strong>subsistentis;</strong></span> <span class='ocrx_word' id='word_1_267' title='bbox 2568 581 2643 635; x_wconf 90' lang='lat' dir='ltr'><strong>ita</strong></span> <span class='ocrx_word' id='word_1_268' title='bbox 2669 595 2773 635; x_wconf 90' lang='lat' dir='ltr'><strong>nec</strong></span> <span class='ocrx_word' id='word_1_269' title='bbox 2796 579 3038 633; x_wconf 88' lang='lat' dir='ltr'><strong>hominis</strong></span> <span class='ocrx_word' id='word_1_270' title='bbox 3094 586 3348 632; x_wconf 87' lang='lat' dir='ltr'><strong>naturam</strong></span> <span class='ocrx_word' id='word_1_271' title='bbox 3385 576 3534 631; x_wconf 91' lang='lat' dir='ltr'><strong>ullus</strong></span> <span class='ocrx_word' id='word_1_272' title='bbox 3555 576 3730 644; x_wconf 81' lang='lat' dir='ltr'><strong>expli—</strong></span> 
     </span>
    </p>
   </div>
   <div class='ocr_carea' id='block_1_37' title="bbox 2157 670 3726 739">
    <p class='ocr_par' dir='ltr' id='par_1_37' title="bbox 2157 670 3726 739">
     <span class='ocr_line' id='line_1_37' title="bbox 2157 670 3726 739; baseline -0.003 -14"><span class='ocrx_word' id='word_1_273' title='bbox 2157 687 2284 727; x_wconf 88' lang='lat' dir='ltr'><strong>care</strong></span> <span class='ocrx_word' id='word_1_274' title='bbox 2312 673 2476 726; x_wconf 87' lang='lat' dir='ltr'><strong>valet.</strong></span> <span class='ocrx_word' id='word_1_275' title='bbox 2506 671 2980 739; x_wconf 87' lang='lat' dir='ltr'><strong>Quemadmodum</strong></span> <span class='ocrx_word' id='word_1_276' title='bbox 3037 680 3220 726; x_wconf 81' lang='lat' dir='ltr'><strong>autem</strong></span> <span class='ocrx_word' id='word_1_277' title='bbox 3246 670 3393 724; x_wconf 83' lang='lat' dir='ltr'><strong>Deus</strong></span> <span class='ocrx_word' id='word_1_278' title='bbox 3427 683 3527 739; x_wconf 88' lang='lat' dir='ltr'><strong>per</strong></span> <span class='ocrx_word' id='word_1_279' title='bbox 3551 678 3726 722; x_wconf 86' lang='lat' dir='ltr'><strong>mate—</strong></span> 
     </span>
    </p>
   </div>
   <div class='ocr_carea' id='block_1_38' title="bbox 2158 760 3801 833">
    <p class='ocr_par' dir='ltr' id='par_1_38' title="bbox 2158 760 3801 833">
     <span class='ocr_line' id='line_1_38' title="bbox 2158 760 3801 833; baseline -0.004 -17"><span class='ocrx_word' id='word_1_280' title='bbox 2158 763 2324 818; x_wconf 88' lang='lat' dir='ltr'><strong>riales</strong></span> <span class='ocrx_word' id='word_1_281' title='bbox 2351 774 2636 818; x_wconf 90' lang='lat' dir='ltr'><strong>creaturas</strong></span> <span class='ocrx_word' id='word_1_282' title='bbox 2669 764 2774 818; x_wconf 89' lang='lat' dir='ltr'><strong>sub</strong></span> <span class='ocrx_word' id='word_1_283' title='bbox 2827 772 3113 833; x_wconf 73' lang='lat' dir='ltr'><strong>aspectum</strong></span> <span class='ocrx_word' id='word_1_284' title='bbox 3150 762 3413 816; x_wconf 86' lang='lat' dir='ltr'><strong>cadentes</strong></span> <span class='ocrx_word' id='word_1_285' title='bbox 3458 760 3569 823; x_wconf 62' lang='lat'><strong>(68&gt;</strong></span> <span class='ocrx_word' id='word_1_286' title='bbox 3603 774 3731 829; x_wconf 85' lang='lat' dir='ltr'><strong>pro-</strong></span> <span class='ocrx_word' id='word_1_287' title='bbox 3797 808 3801 817; x_wconf 80' lang='grc'><strong>,</strong></span> 
     </span>
    </p>
   </div>
   <div class='ocr_carea' id='block_1_39' title="bbox 2158 850 3731 924">
    <p class='ocr_par' dir='ltr' id='par_1_39' title="bbox 2158 850 3731 924">
     <span class='ocr_line' id='line_1_39' title="bbox 2158 850 3731 924; baseline -0.003 -17"><span class='ocrx_word' id='word_1_288' title='bbox 2158 855 2333 924; x_wconf 87' lang='lat' dir='ltr'><strong>priam</strong></span> <span class='ocrx_word' id='word_1_289' title='bbox 2362 869 2515 908; x_wconf 89' lang='lat' dir='ltr'><strong>suam</strong></span> <span class='ocrx_word' id='word_1_290' title='bbox 2547 853 2808 908; x_wconf 85' lang='lat' dir='ltr'><strong>virtutem</strong></span> <span class='ocrx_word' id='word_1_291' title='bbox 2867 861 2923 907; x_wconf 90' lang='lat' dir='ltr'><strong>et</strong></span> <span class='ocrx_word' id='word_1_292' title='bbox 2948 852 3196 907; x_wconf 81' lang='lat' dir='ltr'><strong>actiones</strong></span> <span class='ocrx_word' id='word_1_293' title='bbox 3230 850 3508 920; x_wconf 82' lang='lat' dir='ltr'><strong>patefacit,</strong></span> <span class='ocrx_word' id='word_1_294' title='bbox 3564 850 3646 904; x_wconf 90' lang='lat' dir='ltr'><strong>sic</strong></span> <span class='ocrx_word' id='word_1_295' title='bbox 3674 860 3731 903; x_wconf 88' lang='lat' dir='ltr'><strong>et</strong></span> 
     </span>
    </p>
   </div>
   <div class='ocr_carea' id='block_1_40' title="bbox 2157 943 3729 1017">
    <p class='ocr_par' dir='ltr' id='par_1_40' title="bbox 2157 943 3729 1017">
     <span class='ocr_line' id='line_1_40' title="bbox 2157 943 3729 1017; baseline -0.004 -16"><span class='ocrx_word' id='word_1_296' title='bbox 2157 947 2339 1001; x_wconf 88' lang='lat' dir='ltr'><strong>anima</strong></span> <span class='ocrx_word' id='word_1_297' title='bbox 2381 947 2683 1002; x_wconf 88' lang='lat' dir='ltr'><strong>secundum</strong></span> <span class='ocrx_word' id='word_1_298' title='bbox 2738 946 3035 1017; x_wconf 81' lang='lat' dir='ltr'><strong>imaginem</strong></span> <span class='ocrx_word' id='word_1_299' title='bbox 3089 945 3213 1014; x_wconf 83' lang='lat' dir='ltr'><strong>ejus</strong></span> <span class='ocrx_word' id='word_1_300' title='bbox 3250 943 3495 1005; x_wconf 83' lang='lat' dir='ltr'><strong>condita,</strong></span> <span class='ocrx_word' id='word_1_301' title='bbox 3523 957 3647 1010; x_wconf 70' lang='lat' dir='ltr'><strong>quae</strong></span> <span class='ocrx_word' id='word_1_302' title='bbox 3698 958 3729 995; x_wconf 73' lang='grc' dir='ltr'><strong>ιι</strong></span> 
     </span>
    </p>
   </div>
   <div class='ocr_carea' id='block_1_41' title="bbox 2157 1032 3728 1108">
    <p class='ocr_par' dir='ltr' id='par_1_41' title="bbox 2157 1032 3728 1108">
     <span class='ocr_line' id='line_1_41' title="bbox 2157 1032 3728 1108; baseline -0.004 -16"><span class='ocrx_word' id='word_1_303' title='bbox 2157 1038 2319 1093; x_wconf 90' lang='lat' dir='ltr'><strong>nobis</strong></span> <span class='ocrx_word' id='word_1_304' title='bbox 2355 1032 2410 1092; x_wconf 80' lang='lat' dir='ltr'><strong>in</strong></span> <span class='ocrx_word' id='word_1_305' title='bbox 2437 1054 2497 1093; x_wconf 87' lang='lat' dir='ltr'><strong>se</strong></span> <span class='ocrx_word' id='word_1_306' title='bbox 2525 1046 2582 1093; x_wconf 90' lang='lat' dir='ltr'><strong>et</strong></span> <span class='ocrx_word' id='word_1_307' title='bbox 2615 1053 2714 1108; x_wconf 88' lang='lat' dir='ltr'><strong>per</strong></span> <span class='ocrx_word' id='word_1_308' title='bbox 2739 1052 2799 1092; x_wconf 88' lang='lat' dir='ltr'><strong>se</strong></span> <span class='ocrx_word' id='word_1_309' title='bbox 2827 1035 3008 1091; x_wconf 85' lang='lat' dir='ltr'><strong>videri</strong></span> <span class='ocrx_word' id='word_1_310' title='bbox 3059 1037 3274 1105; x_wconf 90' lang='lat' dir='ltr'><strong>nequit,</strong></span> <span class='ocrx_word' id='word_1_311' title='bbox 3313 1050 3411 1104; x_wconf 85' lang='lat' dir='ltr'><strong>per</strong></span> <span class='ocrx_word' id='word_1_312' title='bbox 3443 1034 3728 1104; x_wconf 87' lang='lat' dir='ltr'><strong>proprium</strong></span> 
     </span>
    </p>
   </div>
   <div class='ocr_carea' id='block_1_42' title="bbox 2158 1126 3729 1199">
    <p class='ocr_par' dir='ltr' id='par_1_42' title="bbox 2158 1126 3729 1199">
     <span class='ocr_line' id='line_1_42' title="bbox 2158 1126 3729 1199; baseline -0.004 -16"><span class='ocrx_word' id='word_1_313' title='bbox 2158 1144 2319 1183; x_wconf 90' lang='lat' dir='ltr'><strong>suum</strong></span> <span class='ocrx_word' id='word_1_314' title='bbox 2344 1143 2567 1199; x_wconf 86' lang='lat' dir='ltr'><strong>corpus,</strong></span> <span class='ocrx_word' id='word_1_315' title='bbox 2596 1128 2744 1199; x_wconf 91' lang='lat' dir='ltr'><strong>quod</strong></span> <span class='ocrx_word' id='word_1_316' title='bbox 2780 1130 3053 1191; x_wconf 90' lang='lat' dir='ltr'><strong>cernitur,</strong></span> <span class='ocrx_word' id='word_1_317' title='bbox 3090 1128 3243 1182; x_wconf 87' lang='lat' dir='ltr'><strong>velut</strong></span> <span class='ocrx_word' id='word_1_318' title='bbox 3289 1144 3387 1196; x_wconf 74' lang='lat' dir='ltr'><strong>per</strong></span> <span class='ocrx_word' id='word_1_319' title='bbox 3437 1126 3729 1185; x_wconf 87' lang='lat' dir='ltr'><strong>mundum,</strong></span> 
     </span>
    </p>
   </div>
   <div class='ocr_carea' id='block_1_43' title="bbox 2157 1219 3729 1291">
    <p class='ocr_par' dir='ltr' id='par_1_43' title="bbox 2157 1219 3729 1291">
     <span class='ocr_line' id='line_1_43' title="bbox 2157 1219 3729 1291; baseline 0 -18"><span class='ocrx_word' id='word_1_320' title='bbox 2157 1220 2412 1288; x_wconf 91' lang='lat' dir='ltr'><strong>proprias</strong></span> <span class='ocrx_word' id='word_1_321' title='bbox 2450 1235 2579 1276; x_wconf 87' lang='lat' dir='ltr'><strong>suas</strong></span> <span class='ocrx_word' id='word_1_322' title='bbox 2627 1220 2981 1291; x_wconf 85' lang='lat' dir='ltr'><strong>Operationes</strong></span> <span class='ocrx_word' id='word_1_323' title='bbox 3010 1219 3350 1281; x_wconf 84' lang='lat' dir='ltr'><strong>manifestat,</strong></span> <span class='ocrx_word' id='word_1_324' title='bbox 3385 1236 3509 1289; x_wconf 62' lang='lat' dir='ltr'><strong>quae</strong></span> <span class='ocrx_word' id='word_1_325' title='bbox 3562 1234 3729 1287; x_wconf 85' lang='lat' dir='ltr'><strong>supra</strong></span> 
     </span>
    </p>
   </div>
   <div class='ocr_carea' id='block_1_44' title="bbox 2155 1315 3730 1386">
    <p class='ocr_par' dir='ltr' id='par_1_44' title="bbox 2155 1315 3730 1386">
     <span class='ocr_line' id='line_1_44' title="bbox 2155 1315 3730 1386; baseline -0.001 -17"><span class='ocrx_word' id='word_1_326' title='bbox 2155 1316 2447 1370; x_wconf 88' lang='lat' dir='ltr'><strong>cerebrum</strong></span> <span class='ocrx_word' id='word_1_327' title='bbox 2486 1315 2654 1386; x_wconf 87' lang='lat' dir='ltr'><strong>(quod</strong></span> <span class='ocrx_word' id='word_1_328' title='bbox 2690 1317 2983 1372; x_wconf 87' lang='lat' dir='ltr'><strong>uraniscus</strong></span> <span class='ocrx_word' id='word_1_329' title='bbox 3042 1332 3137 1371; x_wconf 89' lang='lat' dir='ltr'><strong>seu</strong></span> <span class='ocrx_word' id='word_1_330' title='bbox 3192 1317 3331 1369; x_wconf 82' lang='lat' dir='ltr'><strong>cella</strong></span> <span class='ocrx_word' id='word_1_331' title='bbox 3390 1316 3458 1370; x_wconf 91' lang='lat' dir='ltr'><strong>ad</strong></span> <span class='ocrx_word' id='word_1_332' title='bbox 3504 1316 3730 1369; x_wconf 89' lang='lat' dir='ltr'><strong>modum</strong></span> 
     </span>
    </p>
   </div>
   <div class='ocr_carea' id='block_1_45' title="bbox 2156 1400 3725 1476">
    <p class='ocr_par' dir='ltr' id='par_1_45' title="bbox 2156 1400 3725 1476">
     <span class='ocr_line' id='line_1_45' title="bbox 2156 1400 3725 1476; baseline -0.003 -17"><span class='ocrx_word' id='word_1_333' title='bbox 2156 1403 2282 1460; x_wconf 75' lang='grc' dir='ltr'><strong>οωιί</strong></span> <span class='ocrx_word' id='word_1_334' title='bbox 2314 1403 2548 1476; x_wconf 73' lang='lat' dir='ltr'><strong>efﬁgiata</strong></span> <span class='ocrx_word' id='word_1_335' title='bbox 2578 1405 2932 1475; x_wconf 84' lang='lat' dir='ltr'><strong>appellatur),</strong></span> <span class='ocrx_word' id='word_1_336' title='bbox 2974 1405 3151 1459; x_wconf 88' lang='lat' dir='ltr'><strong>instar</strong></span> <span class='ocrx_word' id='word_1_337' title='bbox 3177 1400 3270 1458; x_wconf 85' lang='lat' dir='ltr'><strong>Dei</strong></span> <span class='ocrx_word' id='word_1_338' title='bbox 3318 1420 3488 1473; x_wconf 86' lang='lat' dir='ltr'><strong>supra</strong></span> <span class='ocrx_word' id='word_1_339' title='bbox 3524 1405 3725 1459; x_wconf 76' lang='lat' dir='ltr'><strong>cmlum</strong></span> 
     </span>
    </p>
   </div>
   <div class='ocr_carea' id='block_1_46' title="bbox 2158 1495 3734 1566">
    <p class='ocr_par' dir='ltr' id='par_1_46' title="bbox 2158 1495 3734 1566">
     <span class='ocr_line' id='line_1_46' title="bbox 2158 1495 3734 1566; baseline -0.002 -16"><span class='ocrx_word' id='word_1_340' title='bbox 2158 1495 2478 1561; x_wconf 88' lang='lat' dir='ltr'><strong>residentis,</strong></span> <span class='ocrx_word' id='word_1_341' title='bbox 2515 1496 2714 1551; x_wconf 90' lang='lat' dir='ltr'><strong>ducem</strong></span> <span class='ocrx_word' id='word_1_342' title='bbox 2764 1504 2821 1551; x_wconf 90' lang='lat' dir='ltr'><strong>et</strong></span> <span class='ocrx_word' id='word_1_343' title='bbox 2878 1496 3173 1566; x_wconf 62' lang='lat' dir='ltr'><strong>praesidem</strong></span> <span class='ocrx_word' id='word_1_344' title='bbox 3229 1496 3417 1561; x_wconf 85' lang='lat' dir='ltr'><strong>habet,</strong></span> <span class='ocrx_word' id='word_1_345' title='bbox 3472 1496 3734 1550; x_wconf 74' lang='lat' dir='ltr'><strong>videlicet</strong></span> 
     </span>
    </p>
   </div>
   <div class='ocr_carea' id='block_1_47' title="bbox 2157 1584 3733 1654">
    <p class='ocr_par' dir='ltr' id='par_1_47' title="bbox 2157 1584 3733 1654">
     <span class='ocr_line' id='line_1_47' title="bbox 2157 1584 3733 1654; baseline 0 -18"><span class='ocrx_word' id='word_1_346' title='bbox 2157 1593 2421 1647; x_wconf 87' lang='lat' dir='ltr'><strong>mentem,</strong></span> <span class='ocrx_word' id='word_1_347' title='bbox 2446 1600 2570 1654; x_wconf 69' lang='lat' dir='ltr'><strong>qua:</strong></span> <span class='ocrx_word' id='word_1_348' title='bbox 2596 1599 2821 1654; x_wconf 89' lang='lat' dir='ltr'><strong>corpus,</strong></span> <span class='ocrx_word' id='word_1_349' title='bbox 2852 1598 2953 1638; x_wconf 88' lang='lat' dir='ltr'><strong>ceu</strong></span> <span class='ocrx_word' id='word_1_350' title='bbox 2975 1600 3204 1653; x_wconf 88' lang='lat' dir='ltr'><strong>parvum</strong></span> <span class='ocrx_word' id='word_1_351' title='bbox 3240 1584 3535 1654; x_wconf 86' lang='lat' dir='ltr'><strong>quemdam</strong></span> <span class='ocrx_word' id='word_1_352' title='bbox 3568 1600 3733 1637; x_wconf 89' lang='lat' dir='ltr'><strong>mun-</strong></span> 
     </span>
    </p>
   </div>
   <div class='ocr_carea' id='block_1_48' title="bbox 2158 1675 3733 1747">
    <p class='ocr_par' dir='ltr' id='par_1_48' title="bbox 2158 1675 3733 1747">
     <span class='ocr_line' id='line_1_48' title="bbox 2158 1675 3733 1747; baseline -0.002 -17"><span class='ocrx_word' id='word_1_353' title='bbox 2158 1675 2313 1741; x_wconf 88' lang='lat' dir='ltr'><strong>dum,</strong></span> <span class='ocrx_word' id='word_1_354' title='bbox 2348 1676 2699 1732; x_wconf 87' lang='lat' dir='ltr'><strong>administrat</strong></span> <span class='ocrx_word' id='word_1_355' title='bbox 2743 1684 2800 1735; x_wconf 87' lang='lat' dir='ltr'><strong>et</strong></span> <span class='ocrx_word' id='word_1_356' title='bbox 2838 1677 3132 1747; x_wconf 78' lang='lat' dir='ltr'><strong>gubernat.</strong></span> <span class='ocrx_word' id='word_1_357' title='bbox 3183 1675 3475 1742; x_wconf 83' lang='lat' dir='ltr'><strong>Quocirca,</strong></span> <span class='ocrx_word' id='word_1_358' title='bbox 3508 1676 3553 1730; x_wconf 92' lang='lat' dir='ltr'><strong>si</strong></span> <span class='ocrx_word' id='word_1_359' title='bbox 3606 1676 3733 1745; x_wconf 85' lang='lat' dir='ltr'><strong>quis</strong></span> 
     </span>
    </p>
   </div>
   <div class='ocr_carea' id='block_1_49' title="bbox 2157 1768 3735 1838">
    <p class='ocr_par' dir='ltr' id='par_1_49' title="bbox 2157 1768 3735 1838">
     <span class='ocr_line' id='line_1_49' title="bbox 2157 1768 3735 1838; baseline -0.003 -16"><span class='ocrx_word' id='word_1_360' title='bbox 2157 1784 2322 1838; x_wconf 89' lang='lat' dir='ltr'><strong>grave</strong></span> <span class='ocrx_word' id='word_1_361' title='bbox 2343 1770 2546 1825; x_wconf 78' lang='lat' dir='ltr'><strong>vulnus</strong></span> <span class='ocrx_word' id='word_1_362' title='bbox 2577 1769 2631 1823; x_wconf 93' lang='lat' dir='ltr'><strong>in</strong></span> <span class='ocrx_word' id='word_1_363' title='bbox 2667 1768 2847 1838; x_wconf 87' lang='lat' dir='ltr'><strong>capite</strong></span> <span class='ocrx_word' id='word_1_364' title='bbox 2879 1768 3136 1838; x_wconf 88' lang='lat' dir='ltr'><strong>accipiat,</strong></span> <span class='ocrx_word' id='word_1_365' title='bbox 3170 1768 3354 1824; x_wconf 84' lang='lat' dir='ltr'><strong>statim</strong></span> <span class='ocrx_word' id='word_1_366' title='bbox 3389 1782 3548 1822; x_wconf 86' lang='lat' dir='ltr'><strong>mens</strong></span> <span class='ocrx_word' id='word_1_367' title='bbox 3597 1783 3735 1836; x_wconf 87' lang='lat' dir='ltr'><strong>quo-</strong></span> 
     </span>
    </p>
   </div>
   <div class='ocr_carea' id='block_1_50' title="bbox 2158 1858 3734 1942">
    <p class='ocr_par' dir='ltr' id='par_1_50' title="bbox 2158 1858 3734 1942">
     <span class='ocr_line' id='line_1_50' title="bbox 2158 1858 3734 1942; baseline 0 -29"><span class='ocrx_word' id='word_1_368' title='bbox 2158 1875 2267 1929; x_wconf 89' lang='lat' dir='ltr'><strong>que</strong></span> <span class='ocrx_word' id='word_1_369' title='bbox 2294 1859 2520 1942; x_wconf 69' lang='lat' dir='ltr'><strong>patjtnr,</strong></span> <span class='ocrx_word' id='word_1_370' title='bbox 2552 1873 2734 1929; x_wconf 87' lang='lat' dir='ltr'><strong>neque</strong></span> <span class='ocrx_word' id='word_1_371' title='bbox 2762 1859 3003 1928; x_wconf 86' lang='lat' dir='ltr'><strong>amplius</strong></span> <span class='ocrx_word' id='word_1_372' title='bbox 3026 1858 3237 1930; x_wconf 88' lang='lat' dir='ltr'><strong>judicio</strong></span> <span class='ocrx_word' id='word_1_373' title='bbox 3271 1867 3331 1913; x_wconf 93' lang='lat' dir='ltr'><strong>et</strong></span> <span class='ocrx_word' id='word_1_374' title='bbox 3360 1860 3647 1925; x_wconf 88' lang='lat' dir='ltr'><strong>memoria,</strong></span> <span class='ocrx_word' id='word_1_375' title='bbox 3674 1871 3734 1913; x_wconf 93' lang='lat' dir='ltr'><strong>ut</strong></span> 
     </span>
    </p>
   </div>
   <div class='ocr_carea' id='block_1_51' title="bbox 2156 1950 3732 2021">
    <p class='ocr_par' dir='ltr' id='par_1_51' title="bbox 2156 1950 3732 2021">
     <span class='ocr_line' id='line_1_51' title="bbox 2156 1950 3732 2021; baseline -0.002 -15"><span class='ocrx_word' id='word_1_376' title='bbox 2156 1960 2339 2015; x_wconf 89' lang='lat' dir='ltr'><strong>antea,</strong></span> <span class='ocrx_word' id='word_1_377' title='bbox 2366 1950 2554 2021; x_wconf 88' lang='lat' dir='ltr'><strong>pollet.</strong></span> <span class='ocrx_word' id='word_1_378' title='bbox 2587 1950 2709 2004; x_wconf 80' lang='lat' dir='ltr'><strong>Vim</strong></span> <span class='ocrx_word' id='word_1_379' title='bbox 2738 1950 3105 2005; x_wconf 87' lang='lat' dir='ltr'><strong>ratiocinandi</strong></span> <span class='ocrx_word' id='word_1_380' title='bbox 3136 1959 3359 2006; x_wconf 82' lang='lat' dir='ltr'><strong>exercet</strong></span> <span class='ocrx_word' id='word_1_381' title='bbox 3399 1952 3583 2007; x_wconf 85' lang='lat' dir='ltr'><strong>anima</strong></span> <span class='ocrx_word' id='word_1_382' title='bbox 3632 1968 3732 2021; x_wconf 85' lang='lat' dir='ltr'><strong>per</strong></span> 
     </span>
    </p>
   </div>
   <div class='ocr_carea' id='block_1_52' title="bbox 2156 2040 3727 2112">
    <p class='ocr_par' dir='ltr' id='par_1_52' title="bbox 2156 2040 3727 2112">
     <span class='ocr_line' id='line_1_52' title="bbox 2156 2040 3727 2112; baseline -0.002 -14"><span class='ocrx_word' id='word_1_383' title='bbox 2156 2057 2272 2108; x_wconf 92' lang='lat' dir='ltr'><strong>cor,</strong></span> <span class='ocrx_word' id='word_1_384' title='bbox 2307 2045 2418 2095; x_wconf 85' lang='lat' dir='ltr'><strong>vim</strong></span> <span class='ocrx_word' id='word_1_385' title='bbox 2460 2040 2895 2112; x_wconf 83' lang='lat' dir='ltr'><strong>coucupiscendi</strong></span> <span class='ocrx_word' id='word_1_386' title='bbox 2951 2056 3053 2110; x_wconf 88' lang='lat' dir='ltr'><strong>per</strong></span> <span class='ocrx_word' id='word_1_387' title='bbox 3081 2041 3275 2111; x_wconf 88' lang='lat' dir='ltr'><strong>hepar,</strong></span> <span class='ocrx_word' id='word_1_388' title='bbox 3342 2041 3454 2095; x_wconf 93' lang='lat' dir='ltr'><strong>vim</strong></span> <span class='ocrx_word' id='word_1_389' title='bbox 3507 2041 3727 2096; x_wconf 80' lang='lat' dir='ltr'><strong>ridendi</strong></span> 
     </span>
    </p>
   </div>
   <div class='ocr_carea' id='block_1_53' title="bbox 2156 2131 3727 2203">
    <p class='ocr_par' dir='ltr' id='par_1_53' title="bbox 2156 2131 3727 2203">
     <span class='ocr_line' id='line_1_53' title="bbox 2156 2131 3727 2203; baseline -0.002 -14"><span class='ocrx_word' id='word_1_390' title='bbox 2156 2148 2260 2203; x_wconf 84' lang='lat' dir='ltr'><strong>per</strong></span> <span class='ocrx_word' id='word_1_391' title='bbox 2284 2133 2556 2203; x_wconf 88' lang='lat' dir='ltr'><strong>splenem,</strong></span> <span class='ocrx_word' id='word_1_392' title='bbox 2598 2133 2713 2187; x_wconf 89' lang='lat' dir='ltr'><strong>vim</strong></span> <span class='ocrx_word' id='word_1_393' title='bbox 2744 2131 3057 2202; x_wconf 81' lang='lat' dir='ltr'><strong>respirandi</strong></span> <span class='ocrx_word' id='word_1_394' title='bbox 3116 2146 3216 2202; x_wconf 87' lang='lat' dir='ltr'><strong>per</strong></span> <span class='ocrx_word' id='word_1_395' title='bbox 3246 2131 3587 2202; x_wconf 85' lang='lat' dir='ltr'><strong>pulmonem.</strong></span> <span class='ocrx_word' id='word_1_396' title='bbox 3615 2133 3727 2186; x_wconf 87' lang='lat' dir='ltr'><strong>vim</strong></span> 
     </span>
    </p>
   </div>
   <div class='ocr_carea' id='block_1_54' title="bbox 2155 2214 3727 2299">
    <p class='ocr_par' dir='ltr' id='par_1_54' title="bbox 2155 2214 3727 2299">
     <span class='ocr_line' id='line_1_54' title="bbox 2155 2214 3727 2299; baseline -0.003 -20"><span class='ocrx_word' id='word_1_397' title='bbox 2155 2224 2454 2299; x_wconf 89' lang='lat' dir='ltr'><strong>generandi</strong></span> <span class='ocrx_word' id='word_1_398' title='bbox 2491 2238 2591 2294; x_wconf 89' lang='lat' dir='ltr'><strong>per</strong></span> <span class='ocrx_word' id='word_1_399' title='bbox 2617 2214 2936 2288; x_wconf 50' lang='lat' dir='ltr'><strong>renes,&#39;vim</strong></span> <span class='ocrx_word' id='word_1_400' title='bbox 2965 2221 3237 2277; x_wconf 89' lang='lat' dir='ltr'><strong>irascendi</strong></span> <span class='ocrx_word' id='word_1_401' title='bbox 3269 2236 3367 2291; x_wconf 91' lang='lat' dir='ltr'><strong>per</strong></span> <span class='ocrx_word' id='word_1_402' title='bbox 3381 2222 3727 2293; x_wconf 86' lang='lat' dir='ltr'><strong>sanguinem,</strong></span> 
     </span>
    </p>
   </div>
   <div class='ocr_carea' id='block_1_55' title="bbox 2154 2312 3720 2387">
    <p class='ocr_par' dir='ltr' id='par_1_55' title="bbox 2154 2312 3720 2387">
     <span class='ocr_line' id='line_1_55' title="bbox 2154 2312 3720 2387; baseline -0.003 -17"><span class='ocrx_word' id='word_1_403' title='bbox 2154 2317 2265 2371; x_wconf 91' lang='lat' dir='ltr'><strong>vim</strong></span> <span class='ocrx_word' id='word_1_404' title='bbox 2292 2314 2624 2387; x_wconf 76' lang='lat' dir='ltr'><strong>agnoscendi</strong></span> <span class='ocrx_word' id='word_1_405' title='bbox 2659 2330 2759 2385; x_wconf 91' lang='lat' dir='ltr'><strong>per</strong></span> <span class='ocrx_word' id='word_1_406' title='bbox 2790 2315 3002 2377; x_wconf 87' lang='lat' dir='ltr'><strong>oculos,</strong></span> <span class='ocrx_word' id='word_1_407' title='bbox 3031 2313 3140 2367; x_wconf 90' lang='lat' dir='ltr'><strong>vim</strong></span> <span class='ocrx_word' id='word_1_408' title='bbox 3199 2312 3462 2383; x_wconf 85' lang='lat' dir='ltr'><strong>loquendi</strong></span> <span class='ocrx_word' id='word_1_409' title='bbox 3491 2316 3589 2383; x_wconf 89' lang='lat' dir='ltr'><strong>per</strong></span> <span class='ocrx_word' id='word_1_410' title='bbox 3617 2314 3720 2368; x_wconf 87' lang='lat' dir='ltr'><strong>lin-</strong></span> 
     </span>
    </p>
   </div>
   <div class='ocr_carea' id='block_1_56' title="bbox 2154 2400 3727 2479">
    <p class='ocr_par' dir='ltr' id='par_1_56' title="bbox 2154 2400 3727 2479">
     <span class='ocr_line' id='line_1_56' title="bbox 2154 2400 3727 2479; baseline -0.002 -18"><span class='ocrx_word' id='word_1_411' title='bbox 2154 2422 2337 2478; x_wconf 81' lang='lat' dir='ltr'><strong>guam.</strong></span> <span class='ocrx_word' id='word_1_412' title='bbox 2368 2405 2571 2472; x_wconf 85' lang='lat' dir='ltr'><strong>Quare,</strong></span> <span class='ocrx_word' id='word_1_413' title='bbox 2590 2405 2638 2461; x_wconf 89' lang='lat' dir='ltr'><strong>si</strong></span> <span class='ocrx_word' id='word_1_414' title='bbox 2696 2404 2884 2475; x_wconf 87' lang='lat' dir='ltr'><strong>lingua</strong></span> <span class='ocrx_word' id='word_1_415' title='bbox 2910 2400 3215 2479; x_wconf 81' lang='lat' dir='ltr'><strong>dissecctur</strong></span> <span class='ocrx_word' id='word_1_416' title='bbox 3270 2412 3367 2459; x_wconf 80' lang='lat' dir='ltr'><strong>aut</strong></span> <span class='ocrx_word' id='word_1_417' title='bbox 3412 2415 3727 2469; x_wconf 81' lang='lat' dir='ltr'><strong>exsecetur,</strong></span> 
     </span>
    </p>
   </div>
   <div class='ocr_carea' id='block_1_57' title="bbox 2154 2494 3727 2569">
    <p class='ocr_par' dir='ltr' id='par_1_57' title="bbox 2154 2494 3727 2569">
     <span class='ocr_line' id='line_1_57' title="bbox 2154 2494 3727 2569; baseline -0.001 -16"><span class='ocrx_word' id='word_1_418' title='bbox 2154 2498 2412 2569; x_wconf 87' lang='lat' dir='ltr'><strong>loquendi</strong></span> <span class='ocrx_word' id='word_1_419' title='bbox 2477 2496 2712 2552; x_wconf 80' lang='lat' dir='ltr'><strong>facultas</strong></span> <span class='ocrx_word' id='word_1_420' title='bbox 2763 2496 2993 2552; x_wconf 83' lang='lat' dir='ltr'><strong>desinit.</strong></span> <span class='ocrx_word' id='word_1_421' title='bbox 3046 2494 3102 2550; x_wconf 89' lang='lat' dir='ltr'><strong>Si</strong></span> <span class='ocrx_word' id='word_1_422' title='bbox 3160 2495 3343 2551; x_wconf 90' lang='lat' dir='ltr'><strong>anima</strong></span> <span class='ocrx_word' id='word_1_423' title='bbox 3397 2496 3622 2568; x_wconf 86' lang='lat' dir='ltr'><strong>penitus</strong></span> <span class='ocrx_word' id='word_1_424' title='bbox 3696 2514 3727 2552; x_wconf 74' lang='grc' dir='ltr'><strong>ιι</strong></span> 
     </span>
    </p>
   </div>
   <div class='ocr_carea' id='block_1_58' title="bbox 2153 2586 3727 2661">
    <p class='ocr_par' dir='ltr' id='par_1_58' title="bbox 2153 2586 3727 2661">
     <span class='ocr_line' id='line_1_58' title="bbox 2153 2586 3727 2661; baseline -0.004 -14"><span class='ocrx_word' id='word_1_425' title='bbox 2153 2602 2386 2661; x_wconf 88' lang='lat' dir='ltr'><strong>corpore</strong></span> <span class='ocrx_word' id='word_1_426' title='bbox 2414 2590 2757 2660; x_wconf 85' lang='lat' dir='ltr'><strong>sejungatur,</strong></span> <span class='ocrx_word' id='word_1_427' title='bbox 2789 2603 2899 2642; x_wconf 90' lang='lat' dir='ltr'><strong>non</strong></span> <span class='ocrx_word' id='word_1_428' title='bbox 2944 2588 3183 2658; x_wconf 86' lang='lat' dir='ltr'><strong>amplius</strong></span> <span class='ocrx_word' id='word_1_429' title='bbox 3228 2586 3494 2657; x_wconf 86' lang='lat' dir='ltr'><strong>loquitur,</strong></span> <span class='ocrx_word' id='word_1_430' title='bbox 3540 2589 3727 2657; x_wconf 84' lang='lat' dir='ltr'><strong>neque</strong></span> 
     </span>
    </p>
   </div>
   <div class='ocr_carea' id='block_1_59' title="bbox 2152 2678 3725 2749">
    <p class='ocr_par' dir='ltr' id='par_1_59' title="bbox 2152 2678 3725 2749">
     <span class='ocr_line' id='line_1_59' title="bbox 2152 2678 3725 2749; baseline -0.001 -14"><span class='ocrx_word' id='word_1_431' title='bbox 2152 2681 2557 2742; x_wconf 89' lang='lat' dir='ltr'><strong>reminiscitur,</strong></span> <span class='ocrx_word' id='word_1_432' title='bbox 2578 2694 2765 2749; x_wconf 88' lang='lat' dir='ltr'><strong>neque</strong></span> <span class='ocrx_word' id='word_1_433' title='bbox 2793 2678 3072 2743; x_wconf 89' lang='lat' dir='ltr'><strong>irascitur,</strong></span> <span class='ocrx_word' id='word_1_434' title='bbox 3108 2693 3288 2749; x_wconf 90' lang='lat' dir='ltr'><strong>neque</strong></span> <span class='ocrx_word' id='word_1_435' title='bbox 3318 2678 3514 2746; x_wconf 87' lang='lat' dir='ltr'><strong>videt;</strong></span> <span class='ocrx_word' id='word_1_436' title='bbox 3544 2678 3641 2735; x_wconf 89' lang='lat' dir='ltr'><strong>sed</strong></span> <span class='ocrx_word' id='word_1_437' title='bbox 3668 2680 3725 2733; x_wconf 89' lang='lat' dir='ltr'><strong>in</strong></span> 
     </span>
    </p>
   </div>
   <div class='ocr_carea' id='block_1_60' title="bbox 2150 2768 3726 2843">
    <p class='ocr_par' dir='ltr' id='par_1_60' title="bbox 2150 2768 3726 2843">
     <span class='ocr_line' id='line_1_60' title="bbox 2150 2768 3726 2843; baseline -0.004 -16"><span class='ocrx_word' id='word_1_438' title='bbox 2150 2771 2485 2843; x_wconf 88' lang='lat' dir='ltr'><strong>cogitatione</strong></span> <span class='ocrx_word' id='word_1_439' title='bbox 2510 2769 2749 2841; x_wconf 87' lang='lat' dir='ltr'><strong>quadam</strong></span> <span class='ocrx_word' id='word_1_440' title='bbox 2781 2769 3091 2825; x_wconf 90' lang='lat' dir='ltr'><strong>secundum</strong></span> <span class='ocrx_word' id='word_1_441' title='bbox 3116 2769 3353 2839; x_wconf 87' lang='lat' dir='ltr'><strong>seipsam</strong></span> <span class='ocrx_word' id='word_1_442' title='bbox 3396 2768 3726 2822; x_wconf 86' lang='lat' dir='ltr'><strong>immortalis</strong></span> 
     </span>
    </p>
   </div>
   <div class='ocr_carea' id='block_1_61' title="bbox 2150 2859 3724 2934">
    <p class='ocr_par' dir='ltr' id='par_1_61' title="bbox 2150 2859 3724 2934">
     <span class='ocr_line' id='line_1_61' title="bbox 2150 2859 3724 2934; baseline -0.003 -17"><span class='ocrx_word' id='word_1_443' title='bbox 2150 2870 2459 2934; x_wconf 89' lang='lat' dir='ltr'><strong>permanet,</strong></span> <span class='ocrx_word' id='word_1_444' title='bbox 2503 2861 2704 2926; x_wconf 87' lang='lat' dir='ltr'><strong>donec,</strong></span> <span class='ocrx_word' id='word_1_445' title='bbox 2747 2868 3039 2931; x_wconf 88' lang='lat' dir='ltr'><strong>resumpto</strong></span> <span class='ocrx_word' id='word_1_446' title='bbox 3078 2872 3315 2930; x_wconf 83' lang='lat' dir='ltr'><strong>corpore</strong></span> <span class='ocrx_word' id='word_1_447' title='bbox 3340 2859 3585 2930; x_wconf 87' lang='lat' dir='ltr'><strong>proprio,</strong></span> <span class='ocrx_word' id='word_1_448' title='bbox 3611 2860 3724 2930; x_wconf 88' lang='lat' dir='ltr'><strong>jam</strong></span> 
     </span>
    </p>
   </div>
   <div class='ocr_carea' id='block_1_62' title="bbox 2150 2948 3725 3021">
    <p class='ocr_par' dir='ltr' id='par_1_62' title="bbox 2150 2948 3725 3021">
     <span class='ocr_line' id='line_1_62' title="bbox 2150 2948 3725 3021; baseline -0.004 -14"><span class='ocrx_word' id='word_1_449' title='bbox 2150 2951 2526 3021; x_wconf 84' lang='lat' dir='ltr'><strong>corruptionis</strong></span> <span class='ocrx_word' id='word_1_450' title='bbox 2584 2959 2812 3021; x_wconf 82' lang='lat' dir='ltr'><strong>experte</strong></span> <span class='ocrx_word' id='word_1_451' title='bbox 2834 2991 2849 3017; x_wconf 92' lang='lat'><strong>,</strong></span> <span class='ocrx_word' id='word_1_452' title='bbox 2896 2951 3253 3020; x_wconf 83' lang='lat' dir='ltr'><strong>operationes</strong></span> <span class='ocrx_word' id='word_1_453' title='bbox 3290 2962 3512 3018; x_wconf 90' lang='lat' dir='ltr'><strong>quoque</strong></span> <span class='ocrx_word' id='word_1_454' title='bbox 3546 2948 3725 3002; x_wconf 83' lang='lat' dir='ltr'><strong>incor-</strong></span> 
     </span>
    </p>
   </div>
   <div class='ocr_carea' id='block_1_63' title="bbox 2152 3038 3724 3113">
    <p class='ocr_par' dir='ltr' id='par_1_63' title="bbox 2152 3038 3724 3113">
     <span class='ocr_line' id='line_1_63' title="bbox 2152 3038 3724 3113; baseline -0.001 -16"><span class='ocrx_word' id='word_1_455' title='bbox 2152 3050 2343 3113; x_wconf 89' lang='lat' dir='ltr'><strong>ruptas</strong></span> <span class='ocrx_word' id='word_1_456' title='bbox 2393 3050 2647 3097; x_wconf 81' lang='lat' dir='ltr'><strong>exerceat</strong></span> <span class='ocrx_word' id='word_1_457' title='bbox 2699 3040 2832 3113; x_wconf 81' lang='lat'><strong>(89).</strong></span> <span class='ocrx_word' id='word_1_458' title='bbox 2878 3041 3083 3096; x_wconf 81' lang='lat' dir='ltr'><strong>Verum</strong></span> <span class='ocrx_word' id='word_1_459' title='bbox 3137 3039 3253 3095; x_wconf 82' lang='lat' dir='ltr'><strong>haec</strong></span> <span class='ocrx_word' id='word_1_460' title='bbox 3302 3039 3372 3095; x_wconf 83' lang='lat' dir='ltr'><strong>de</strong></span> <span class='ocrx_word' id='word_1_461' title='bbox 3428 3039 3538 3095; x_wconf 90' lang='lat' dir='ltr'><strong>illis</strong></span> <span class='ocrx_word' id='word_1_462' title='bbox 3577 3038 3724 3095; x_wconf 83' lang='lat' dir='ltr'><strong>dicta</strong></span> 
     </span>
    </p>
   </div>
   <div class='ocr_carea' id='block_1_64' title="bbox 471 3106 2049 3211">
    <p class='ocr_par' dir='ltr' id='par_1_64' title="bbox 471 3106 2049 3211">
     <span class='ocr_line' id='line_1_64' title="bbox 471 3106 2049 3211; baseline 0.003 -22"><span class='ocrx_word' id='word_1_463' title='bbox 471 3136 534 3189; x_wconf 87' lang='grc' dir='ltr'>τὸ</span> <span class='ocrx_word' id='word_1_464' title='bbox 553 3135 714 3203; x_wconf 67' lang='grc' dir='ltr'>ἅγιον</span> <span class='ocrx_word' id='word_1_465' title='bbox 729 3106 1092 3209; x_wconf 45' lang='grc' dir='ltr'>’κτησάμεναι</span> <span class='ocrx_word' id='word_1_466' title='bbox 1111 3138 1302 3210; x_wconf 73' lang='grc' dir='ltr'>ψυχαὶ,</span> <span class='ocrx_word' id='word_1_467' title='bbox 1333 3140 1536 3195; x_wconf 77' lang='grc' dir='ltr'>ὡσανεὶ</span> <span class='ocrx_word' id='word_1_468' title='bbox 1574 3141 1734 3210; x_wconf 85' lang='grc' dir='ltr'>σῶμα</span> <span class='ocrx_word' id='word_1_469' title='bbox 1760 3141 1854 3195; x_wconf 71' lang='grc' dir='ltr'><strong>καὶ</strong></span> <span class='ocrx_word' id='word_1_470' title='bbox 1877 3106 2049 3211; x_wconf 64' lang='grc' dir='ltr'>ὄργα-</span> 
     </span>
    </p>
   </div>
   <div class='ocr_carea' id='block_1_65' title="bbox 2150 3106 3724 3211">
    <p class='ocr_par' dir='ltr' id='par_1_65' title="bbox 2152 3106 3724 3205">
     <span class='ocr_line' id='line_1_65' title="bbox 2152 3106 3724 3205; baseline -0.003 -16"><span class='ocrx_word' id='word_1_471' title='bbox 2152 3106 2341 3199; x_wconf 79' lang='lat' dir='ltr'><strong>snnto,</strong></span> <span class='ocrx_word' id='word_1_472' title='bbox 2372 3133 2542 3205; x_wconf 72' lang='lat'><strong>388</strong></span> <span class='ocrx_word' id='word_1_473' title='bbox 2569 3133 2664 3203; x_wconf 93' lang='lat' dir='ltr'><strong>qui</strong></span> <span class='ocrx_word' id='word_1_474' title='bbox 2708 3106 2876 3187; x_wconf 76' lang='lat' dir='ltr'><strong>vitam</strong></span> <span class='ocrx_word' id='word_1_475' title='bbox 2901 3133 2956 3187; x_wconf 90' lang='lat' dir='ltr'><strong>in</strong></span> <span class='ocrx_word' id='word_1_476' title='bbox 2992 3131 3235 3202; x_wconf 87' lang='lat' dir='ltr'><strong>peccatis</strong></span> <span class='ocrx_word' id='word_1_477' title='bbox 3278 3130 3568 3186; x_wconf 84' lang='lat' dir='ltr'><strong>finierunt:</strong></span> <span class='ocrx_word' id='word_1_478' title='bbox 3595 3147 3724 3186; x_wconf 87' lang='lat' dir='ltr'><strong>nam</strong></span> 
     </span>
    </p>
   </div>
   <div class='ocr_carea' id='block_1_66' title="bbox 430 3228 2054 3304">
    <p class='ocr_par' dir='ltr' id='par_1_66' title="bbox 430 3228 2054 3304">
     <span class='ocr_line' id='line_1_66' title="bbox 430 3228 2054 3304; baseline 0.003 -24"><span class='ocrx_word' id='word_1_479' title='bbox 430 3232 435 3237; x_wconf 79' lang='grc'><strong>’</strong></span> <span class='ocrx_word' id='word_1_480' title='bbox 471 3244 563 3280; x_wconf 83' lang='grc' dir='ltr'><strong>νον</strong></span> <span class='ocrx_word' id='word_1_481' title='bbox 600 3228 750 3299; x_wconf 83' lang='grc' dir='ltr'>αὑτῷ</span> <span class='ocrx_word' id='word_1_482' title='bbox 777 3230 1091 3301; x_wconf 88' lang='grc' dir='ltr'>γενόμεναι,</span> <span class='ocrx_word' id='word_1_483' title='bbox 1124 3234 1249 3301; x_wconf 77' lang='grc' dir='ltr'>ἐμοὶ</span> <span class='ocrx_word' id='word_1_484' title='bbox 1274 3233 1440 3295; x_wconf 84' lang='grc' dir='ltr'>δοκεῖ,</span> <span class='ocrx_word' id='word_1_485' title='bbox 1492 3234 1574 3287; x_wconf 86' lang='grc' dir='ltr'>ὅτι</span> <span class='ocrx_word' id='word_1_486' title='bbox 1610 3234 1698 3287; x_wconf 76' lang='grc' dir='ltr'>διὰ</span> <span class='ocrx_word' id='word_1_487' title='bbox 1724 3236 1823 3304; x_wconf 84' lang='grc' dir='ltr'><strong>τῆς</strong></span> <span class='ocrx_word' id='word_1_488' title='bbox 1858 3233 2054 3303; x_wconf 76' lang='grc' dir='ltr'>ἐλλάμ-</span> 
     </span>
    </p>
   </div>
   <div class='ocr_carea' id='block_1_67' title="bbox 470 3320 2043 3396">
    <p class='ocr_par' dir='ltr' id='par_1_67' title="bbox 470 3320 2043 3396">
     <span class='ocr_line' id='line_1_67' title="bbox 470 3320 2043 3396; baseline 0.001 -25"><span class='ocrx_word' id='word_1_489' title='bbox 470 3320 620 3389; x_wconf 73' lang='grc' dir='ltr'>ψεως</span> <span class='ocrx_word' id='word_1_490' title='bbox 649 3320 841 3383; x_wconf 82' lang='grc' dir='ltr'>αὑτοῦ,</span> <span class='ocrx_word' id='word_1_491' title='bbox 871 3323 965 3375; x_wconf 77' lang='grc' dir='ltr'><strong>καὶ</strong></span> <span class='ocrx_word' id='word_1_492' title='bbox 999 3322 1137 3392; x_wconf 89' lang='grc' dir='ltr'><strong>μετὰ</strong></span> <span class='ocrx_word' id='word_1_493' title='bbox 1163 3324 1391 3379; x_wconf 78' lang='grc' dir='ltr'>θάνατον</span> <span class='ocrx_word' id='word_1_494' title='bbox 1413 3324 1818 3393; x_wconf 77' lang='grc' dir='ltr'>εὐφραίνονται,</span> <span class='ocrx_word' id='word_1_495' title='bbox 1843 3324 1938 3379; x_wconf 76' lang='grc' dir='ltr'>καὶ</span> <span class='ocrx_word' id='word_1_496' title='bbox 1963 3324 2043 3396; x_wconf 84' lang='grc' dir='ltr'>τῷ</span> 
     </span>
    </p>
   </div>
   <div class='ocr_carea' id='block_1_68' title="bbox 471 3408 2052 3484">
    <p class='ocr_par' dir='ltr' id='par_1_68' title="bbox 471 3408 2052 3484">
     <span class='ocr_line' id='line_1_68' title="bbox 471 3408 2052 3484; baseline 0.003 -23"><span class='ocrx_word' id='word_1_497' title='bbox 471 3408 592 3479; x_wconf 81' lang='grc' dir='ltr'><strong>Θεῷ</strong></span> <span class='ocrx_word' id='word_1_498' title='bbox 611 3411 706 3463; x_wconf 79' lang='grc' dir='ltr'>καὶ</span> <span class='ocrx_word' id='word_1_499' title='bbox 716 3410 871 3482; x_wconf 56' lang='grc' dir='ltr'>,λόγῳ</span> <span class='ocrx_word' id='word_1_500' title='bbox 894 3410 1096 3482; x_wconf 86' lang='grc' dir='ltr'>νοερῶς</span> <span class='ocrx_word' id='word_1_501' title='bbox 1122 3410 1484 3479; x_wconf 77' lang='grc' dir='ltr'>δοξολογοῦσι,</span> <span class='ocrx_word' id='word_1_502' title='bbox 1514 3413 1608 3465; x_wconf 71' lang='grc' dir='ltr'>καὶ</span> <span class='ocrx_word' id='word_1_503' title='bbox 1630 3412 1769 3483; x_wconf 80' lang='grc' dir='ltr'>ὑπὲρ</span> <span class='ocrx_word' id='word_1_504' title='bbox 1803 3411 2052 3484; x_wconf 81' lang='grc' dir='ltr'>ἀλλήλων</span> 
     </span>
    </p>
   </div>
   <div class='ocr_carea' id='block_1_69' title="bbox 470 3497 1929 3572">
    <p class='ocr_par' dir='ltr' id='par_1_69' title="bbox 470 3497 1929 3572">
     <span class='ocr_line' id='line_1_69' title="bbox 470 3497 1929 3572; baseline 0.005 -25"><span class='ocrx_word' id='word_1_505' title='bbox 470 3497 889 3565; x_wconf 82' lang='grc' dir='ltr'>πρεσϐεύουσιν,</span> <span class='ocrx_word' id='word_1_506' title='bbox 927 3498 1004 3563; x_wconf 86' lang='grc' dir='ltr'><strong>ὡς</strong></span> <span class='ocrx_word' id='word_1_507' title='bbox 1039 3499 1247 3553; x_wconf 66' lang='grc' dir='ltr'>ἐκτῶν</span> <span class='ocrx_word' id='word_1_508' title='bbox 1290 3499 1525 3570; x_wconf 83' lang='grc' dir='ltr'>Γραφῶν</span> <span class='ocrx_word' id='word_1_509' title='bbox 1559 3501 1929 3572; x_wconf 81' lang='grc' dir='ltr'>μανθάνομεν.</span> 
     </span>
    </p>
   </div>
   <div class='ocr_carea' id='block_1_70' title="bbox 2149 3222 3725 3295">
    <p class='ocr_par' dir='ltr' id='par_1_70' title="bbox 2149 3222 3725 3295">
     <span class='ocr_line' id='line_1_70' title="bbox 2149 3222 3725 3295; baseline -0.002 -15"><span class='ocrx_word' id='word_1_510' title='bbox 2149 3226 2346 3281; x_wconf 63' lang='lat' dir='ltr'><strong>anima:</strong></span> <span class='ocrx_word' id='word_1_511' title='bbox 2374 3240 2496 3295; x_wconf 67' lang='lat' dir='ltr'><strong>quae</strong></span> <span class='ocrx_word' id='word_1_512' title='bbox 2528 3225 2797 3295; x_wconf 89' lang='lat' dir='ltr'><strong>Spiritum</strong></span> <span class='ocrx_word' id='word_1_513' title='bbox 2823 3232 3073 3280; x_wconf 90' lang='lat' dir='ltr'><strong>sanctum</strong></span> <span class='ocrx_word' id='word_1_514' title='bbox 3091 3222 3399 3295; x_wconf 89' lang='lat' dir='ltr'><strong>possident,</strong></span> <span class='ocrx_word' id='word_1_515' title='bbox 3429 3222 3725 3293; x_wconf 72' lang='lat' dir='ltr'><strong>eidemque</strong></span> 
     </span>
    </p>
   </div>
   <div class='ocr_carea' id='block_1_71' title="bbox 2148 3314 3725 3388">
    <p class='ocr_par' dir='ltr' id='par_1_71' title="bbox 2148 3314 3725 3388">
     <span class='ocr_line' id='line_1_71' title="bbox 2148 3314 3725 3388; baseline -0.003 -17"><span class='ocrx_word' id='word_1_516' title='bbox 2148 3318 2301 3373; x_wconf 79' lang='lat' dir='ltr'><strong>velut</strong></span> <span class='ocrx_word' id='word_1_517' title='bbox 2352 3331 2556 3388; x_wconf 90' lang='lat' dir='ltr'><strong>corpus</strong></span> <span class='ocrx_word' id='word_1_518' title='bbox 2609 3327 2665 3371; x_wconf 91' lang='lat' dir='ltr'><strong>et</strong></span> <span class='ocrx_word' id='word_1_519' title='bbox 2724 3316 3156 3371; x_wconf 87' lang='lat' dir='ltr'><strong>instrumentum</strong></span> <span class='ocrx_word' id='word_1_520' title='bbox 3186 3314 3399 3370; x_wconf 65' lang='lat' dir='ltr'><strong>effectae</strong></span> <span class='ocrx_word' id='word_1_521' title='bbox 3427 3321 3578 3377; x_wconf 91' lang='lat' dir='ltr'><strong>sunt,</strong></span> <span class='ocrx_word' id='word_1_522' title='bbox 3623 3328 3725 3384; x_wconf 90' lang='lat' dir='ltr'><strong>per</strong></span> 
     </span>
    </p>
   </div>
   <div class='ocr_carea' id='block_1_72' title="bbox 2149 3404 3726 3478">
    <p class='ocr_par' dir='ltr' id='par_1_72' title="bbox 2149 3404 3726 3478">
     <span class='ocr_line' id='line_1_72' title="bbox 2149 3404 3726 3478; baseline -0.004 -14"><span class='ocrx_word' id='word_1_523' title='bbox 2149 3409 2299 3465; x_wconf 89' lang='lat' dir='ltr'><strong>illius</strong></span> <span class='ocrx_word' id='word_1_524' title='bbox 2322 3407 2770 3471; x_wconf 87' lang='lat' dir='ltr'><strong>illustrationem,</strong></span> <span class='ocrx_word' id='word_1_525' title='bbox 2797 3406 3008 3478; x_wconf 85' lang='lat' dir='ltr'><strong>judicio</strong></span> <span class='ocrx_word' id='word_1_526' title='bbox 3042 3421 3185 3471; x_wconf 90' lang='lat' dir='ltr'><strong>meo,</strong></span> <span class='ocrx_word' id='word_1_527' title='bbox 3234 3406 3401 3461; x_wconf 90' lang='lat' dir='ltr'><strong>etiam</strong></span> <span class='ocrx_word' id='word_1_528' title='bbox 3430 3412 3554 3477; x_wconf 90' lang='lat' dir='ltr'><strong>post</strong></span> <span class='ocrx_word' id='word_1_529' title='bbox 3578 3404 3726 3474; x_wconf 85' lang='lat' dir='ltr'><strong>(cor-</strong></span> 
     </span>
    </p>
   </div>
   <div class='ocr_carea' id='block_1_73' title="bbox 2150 3499 3724 3573">
    <p class='ocr_par' dir='ltr' id='par_1_73' title="bbox 2150 3499 3724 3573">
     <span class='ocr_line' id='line_1_73' title="bbox 2150 3499 3724 3573; baseline -0.004 -17"><span class='ocrx_word' id='word_1_530' title='bbox 2150 3501 2324 3573; x_wconf 88' lang='lat' dir='ltr'><strong>poris)</strong></span> <span class='ocrx_word' id='word_1_531' title='bbox 2372 3508 2608 3555; x_wconf 91' lang='lat' dir='ltr'><strong>mortem</strong></span> <span class='ocrx_word' id='word_1_532' title='bbox 2664 3500 3071 3564; x_wconf 82' lang='lat' dir='ltr'><strong>exhilarantur,</strong></span> <span class='ocrx_word' id='word_1_533' title='bbox 3114 3499 3399 3567; x_wconf 89' lang='lat' dir='ltr'><strong>Deumque</strong></span> <span class='ocrx_word' id='word_1_534' title='bbox 3448 3505 3630 3552; x_wconf 86' lang='lat' dir='ltr'><strong>mente</strong></span> <span class='ocrx_word' id='word_1_535' title='bbox 3659 3511 3724 3549; x_wconf 87' lang='lat' dir='ltr'><strong>ac</strong></span> 
     </span>
    </p>
   </div>
   <div class='ocr_carea' id='block_1_74' title="bbox 472 3589 2712 3663">
    <p class='ocr_par' dir='ltr' id='par_1_74' title="bbox 472 3589 2712 3663">
     <span class='ocr_line' id='line_1_74' title="bbox 472 3589 2712 3663; baseline 0.001 -19"><span class='ocrx_word' id='word_1_536' title='bbox 472 3591 687 3645; x_wconf 88' lang='lat' dir='ltr'><strong>ratione</strong></span> <span class='ocrx_word' id='word_1_537' title='bbox 716 3589 1049 3661; x_wconf 83' lang='lat' dir='ltr'><strong>glorificant,</strong></span> <span class='ocrx_word' id='word_1_538' title='bbox 1100 3601 1156 3645; x_wconf 93' lang='lat' dir='ltr'><strong>et</strong></span> <span class='ocrx_word' id='word_1_539' title='bbox 1190 3606 1292 3661; x_wconf 91' lang='lat' dir='ltr'><strong>pro</strong></span> <span class='ocrx_word' id='word_1_540' title='bbox 1327 3606 1386 3647; x_wconf 91' lang='lat' dir='ltr'><strong>se</strong></span> <span class='ocrx_word' id='word_1_541' title='bbox 1428 3600 1621 3647; x_wconf 90' lang='lat' dir='ltr'><strong>mutuo</strong></span> <span class='ocrx_word' id='word_1_542' title='bbox 1650 3599 1834 3658; x_wconf 84' lang='lat' dir='ltr'><strong>orant,</strong></span> <span class='ocrx_word' id='word_1_543' title='bbox 1870 3604 1930 3649; x_wconf 91' lang='lat' dir='ltr'><strong>ut</strong></span> <span class='ocrx_word' id='word_1_544' title='bbox 1980 3608 2049 3648; x_wconf 79' lang='lat' dir='ltr'><strong>ex</strong></span> <span class='ocrx_word' id='word_1_545' title='bbox 2088 3592 2397 3663; x_wconf 79' lang='lat' dir='ltr'><strong>Scripturis</strong></span> <span class='ocrx_word' id='word_1_546' title='bbox 2424 3592 2712 3647; x_wconf 82' lang='lat' dir='ltr'><strong>discimus.</strong></span> 
     </span>
    </p>
   </div>
   <div class='ocr_carea' id='block_1_75' title="bbox 543 3685 2039 3763">
    <p class='ocr_par' dir='ltr' id='par_1_75' title="bbox 543 3685 2039 3763">
     <span class='ocr_line' id='line_1_75' title="bbox 543 3685 2039 3763; baseline 0 -23"><span class='ocrx_word' id='word_1_547' title='bbox 543 3686 758 3747; x_wconf 78' lang='grc' dir='ltr'>Εἰδέναι</span> <span class='ocrx_word' id='word_1_548' title='bbox 791 3685 976 3754; x_wconf 82' lang='grc' dir='ltr'>μέντοι</span> <span class='ocrx_word' id='word_1_549' title='bbox 1007 3685 1296 3755; x_wconf 80' lang='grc' dir='ltr'>προσήκει,</span> <span class='ocrx_word' id='word_1_550' title='bbox 1343 3685 1425 3739; x_wconf 85' lang='grc' dir='ltr'>ὅτι</span> <span class='ocrx_word' id='word_1_551' title='bbox 1467 3687 1636 3739; x_wconf 75' lang='grc' dir='ltr'>πᾶσαι</span> <span class='ocrx_word' id='word_1_552' title='bbox 1675 3687 1731 3739; x_wconf 88' lang='grc' dir='ltr'>αἱ</span> <span class='ocrx_word' id='word_1_553' title='bbox 1762 3687 2039 3763; x_wconf 67' lang='grc' dir='ltr'>ὀπτασςαι,</span> 
     </span>
    </p>
   </div>
   <div class='ocr_carea' id='block_1_76' title="bbox 468 3772 2042 3845">
    <p class='ocr_par' dir='ltr' id='par_1_76' title="bbox 468 3772 2042 3845">
     <span class='ocr_line' id='line_1_76' title="bbox 468 3772 2042 3845; baseline 0.001 -18"><span class='ocrx_word' id='word_1_554' title='bbox 468 3776 527 3827; x_wconf 84' lang='grc' dir='ltr'><strong>αἰ</strong></span> <span class='ocrx_word' id='word_1_555' title='bbox 555 3775 838 3843; x_wconf 88' lang='grc' dir='ltr'>γινόμεναι</span> <span class='ocrx_word' id='word_1_556' title='bbox 873 3775 930 3826; x_wconf 77' lang='grc' dir='ltr'>ὲν</span> <span class='ocrx_word' id='word_1_557' title='bbox 953 3775 1068 3835; x_wconf 83' lang='grc' dir='ltr'>τοῖς</span> <span class='ocrx_word' id='word_1_558' title='bbox 1095 3775 1260 3838; x_wconf 82' lang='grc' dir='ltr'>ναοῖς,</span> <span class='ocrx_word' id='word_1_559' title='bbox 1305 3772 1338 3845; x_wconf 81' lang='grc' dir='ltr'>ἢ</span> <span class='ocrx_word' id='word_1_560' title='bbox 1391 3777 1568 3844; x_wconf 87' lang='grc' dir='ltr'>σοροῖς</span> <span class='ocrx_word' id='word_1_561' title='bbox 1609 3775 1717 3827; x_wconf 88' lang='grc' dir='ltr'><strong>τῶν</strong></span> <span class='ocrx_word' id='word_1_562' title='bbox 1749 3775 1938 3844; x_wconf 82' lang='grc' dir='ltr'>ἁγίων,</span> <span class='ocrx_word' id='word_1_563' title='bbox 1976 3777 2042 3829; x_wconf 86' lang='grc' dir='ltr'>δι’</span> 
     </span>
    </p>
   </div>
   <div class='ocr_carea' id='block_1_77' title="bbox 467 3863 2040 3937">
    <p class='ocr_par' dir='ltr' id='par_1_77' title="bbox 467 3863 2040 3937">
     <span class='ocr_line' id='line_1_77' title="bbox 467 3863 2040 3937; baseline 0.002 -20"><span class='ocrx_word' id='word_1_564' title='bbox 467 3866 638 3932; x_wconf 82' lang='grc' dir='ltr'>ἁγίων</span> <span class='ocrx_word' id='word_1_565' title='bbox 680 3863 928 3931; x_wconf 81' lang='grc' dir='ltr'>ἀγγέλων</span> <span class='ocrx_word' id='word_1_566' title='bbox 975 3863 1368 3927; x_wconf 72' lang='grc' dir='ltr'>ἐπιτελοῦνται,</span> <span class='ocrx_word' id='word_1_567' title='bbox 1415 3865 1480 3917; x_wconf 90' lang='grc' dir='ltr'>δι’</span> <span class='ocrx_word' id='word_1_568' title='bbox 1522 3866 1826 3937; x_wconf 72' lang='grc' dir='ltr'>ἐπιτροπῆς</span> <span class='ocrx_word' id='word_1_569' title='bbox 1880 3867 2040 3920; x_wconf 84' lang='grc' dir='ltr'>Θεοῦ.</span> 
     </span>
    </p>
   </div>
   <div class='ocr_carea' id='block_1_78' title="bbox 479 3954 2045 4026">
    <p class='ocr_par' dir='ltr' id='par_1_78' title="bbox 479 3954 2045 4026">
     <span class='ocr_line' id='line_1_78' title="bbox 479 3954 2045 4026; baseline 0.002 -17"><span class='ocrx_word' id='word_1_570' title='bbox 479 3956 631 4009; x_wconf 73' lang='grc' dir='ltr'>Ἐπεὶ</span> <span class='ocrx_word' id='word_1_571' title='bbox 692 3955 812 4018; x_wconf 82' lang='grc' dir='ltr'><strong>πῶς</strong></span> <span class='ocrx_word' id='word_1_572' title='bbox 870 3954 1093 4008; x_wconf 80' lang='grc' dir='ltr'>δυνατὸν</span> <span class='ocrx_word' id='word_1_573' title='bbox 1154 3957 1320 4026; x_wconf 83' lang='grc' dir='ltr'>μήπω</span> <span class='ocrx_word' id='word_1_574' title='bbox 1395 3956 1495 4024; x_wconf 81' lang='grc' dir='ltr'>τῆς</span> <span class='ocrx_word' id='word_1_575' title='bbox 1537 3958 1885 4022; x_wconf 79' lang='grc' dir='ltr'>ἀναστάσεως</span> <span class='ocrx_word' id='word_1_576' title='bbox 1936 3960 2045 4013; x_wconf 82' lang='grc' dir='ltr'><strong>τῶν</strong></span> 
     </span>
    </p>
   </div>
   <div class='ocr_carea' id='block_1_79' title="bbox 466 4045 2042 4117">
    <p class='ocr_par' dir='ltr' id='par_1_79' title="bbox 466 4045 2042 4117">
     <span class='ocr_line' id='line_1_79' title="bbox 466 4045 2042 4117; baseline 0.001 -16"><span class='ocrx_word' id='word_1_577' title='bbox 466 4048 738 4117; x_wconf 83' lang='grc' dir='ltr'>σωμάτων</span> <span class='ocrx_word' id='word_1_578' title='bbox 766 4047 1158 4117; x_wconf 75' lang='grc' dir='ltr'>γεγενημένης,</span> <span class='ocrx_word' id='word_1_579' title='bbox 1190 4045 1302 4099; x_wconf 82' lang='grc' dir='ltr'>ἁλλ’</span> <span class='ocrx_word' id='word_1_580' title='bbox 1342 4047 1422 4101; x_wconf 82' lang='grc' dir='ltr'>ἐτι</span> <span class='ocrx_word' id='word_1_581' title='bbox 1451 4048 1560 4101; x_wconf 88' lang='grc' dir='ltr'><strong>τῶν</strong></span> <span class='ocrx_word' id='word_1_582' title='bbox 1590 4049 1766 4102; x_wconf 74' lang='grc' dir='ltr'>ὀστῶν</span> <span class='ocrx_word' id='word_1_583' title='bbox 1813 4051 1910 4102; x_wconf 84' lang='grc' dir='ltr'><strong>καὶ</strong></span> <span class='ocrx_word' id='word_1_584' title='bbox 1934 4051 2042 4103; x_wconf 88' lang='grc' dir='ltr'><strong>τῶν</strong></span> 
     </span>
    </p>
   </div>
   <div class='ocr_carea' id='block_1_80' title="bbox 466 4138 2040 4209">
    <p class='ocr_par' dir='ltr' id='par_1_80' title="bbox 466 4138 2040 4209">
     <span class='ocr_line' id='line_1_80' title="bbox 466 4138 2040 4209; baseline 0.001 -17"><span class='ocrx_word' id='word_1_585' title='bbox 466 4138 685 4209; x_wconf 84' lang='grc' dir='ltr'>σαρκῶν</span> <span class='ocrx_word' id='word_1_586' title='bbox 724 4139 832 4191; x_wconf 86' lang='grc' dir='ltr'><strong>τῶν</strong></span> <span class='ocrx_word' id='word_1_587' title='bbox 870 4138 1040 4205; x_wconf 84' lang='grc' dir='ltr'>ἁγίων</span> <span class='ocrx_word' id='word_1_588' title='bbox 1077 4138 1584 4209; x_wconf 82' lang='grc' dir='ltr'>διεσκορπισμένων</span> <span class='ocrx_word' id='word_1_589' title='bbox 1630 4140 1869 4194; x_wconf 82' lang='grc' dir='ltr'>εῖδεσθαι</span> <span class='ocrx_word' id='word_1_590' title='bbox 1917 4141 2040 4193; x_wconf 76' lang='grc' dir='ltr'>τού-</span> 
     </span>
    </p>
   </div>
   <div class='ocr_carea' id='block_1_81' title="bbox 462 4228 2038 4300">
    <p class='ocr_par' dir='ltr' id='par_1_81' title="bbox 462 4228 2038 4300">
     <span class='ocr_line' id='line_1_81' title="bbox 462 4228 2038 4300; baseline 0.003 -19"><span class='ocrx_word' id='word_1_591' title='bbox 462 4247 611 4294; x_wconf 84' lang='grc' dir='ltr'>τους,</span> <span class='ocrx_word' id='word_1_592' title='bbox 649 4229 763 4298; x_wconf 84' lang='grc' dir='ltr'>είδη</span> <span class='ocrx_word' id='word_1_593' title='bbox 795 4229 822 4268; x_wconf 71' lang='grc' dir='ltr'>ιι</span> <span class='ocrx_word' id='word_1_594' title='bbox 849 4228 1179 4297; x_wconf 83' lang='grc' dir='ltr'>ὁλοκλήρους</span> <span class='ocrx_word' id='word_1_595' title='bbox 1200 4228 1421 4298; x_wconf 80' lang='grc' dir='ltr'>ἄνδρας,</span> <span class='ocrx_word' id='word_1_596' title='bbox 1450 4228 1710 4295; x_wconf 82' lang='grc' dir='ltr'>πολλάκις</span> <span class='ocrx_word' id='word_1_597' title='bbox 1740 4232 1826 4300; x_wconf 71' lang='grc' dir='ltr'><strong>ἐφ’</strong></span> <span class='ocrx_word' id='word_1_598' title='bbox 1849 4232 2038 4298; x_wconf 83' lang='grc' dir='ltr'>ῐπποις</span> 
     </span>
    </p>
   </div>
   <div class='ocr_carea' id='block_1_82' title="bbox 464 4316 2043 4393">
    <p class='ocr_par' dir='ltr' id='par_1_82' title="bbox 464 4316 2043 4393">
     <span class='ocr_line' id='line_1_82' title="bbox 464 4316 2043 4393; baseline 0.004 -21"><span class='ocrx_word' id='word_1_599' title='bbox 464 4318 869 4388; x_wconf 76' lang='grc' dir='ltr'>όπτανομένους</span> <span class='ocrx_word' id='word_1_600' title='bbox 926 4316 1438 4387; x_wconf 76' lang='grc' dir='ltr'>καθωπλισμένουςς</span> <span class='ocrx_word' id='word_1_601' title='bbox 1500 4320 1560 4373; x_wconf 81' lang='grc' dir='ltr'>Εἰ</span> <span class='ocrx_word' id='word_1_602' title='bbox 1633 4322 1679 4375; x_wconf 91' lang='grc' dir='ltr'>δ’</span> <span class='ocrx_word' id='word_1_603' title='bbox 1740 4323 2043 4393; x_wconf 84' lang='grc' dir='ltr'>ἀντιλέγειν</span> 
     </span>
    </p>
   </div>
   <div class='ocr_carea' id='block_1_83' title="bbox 2215 3685 3723 3759">
    <p class='ocr_par' dir='ltr' id='par_1_83' title="bbox 2215 3685 3723 3759">
     <span class='ocr_line' id='line_1_83' title="bbox 2215 3685 3723 3759; baseline 0 -17"><span class='ocrx_word' id='word_1_604' title='bbox 2215 3685 2399 3759; x_wconf 61' lang='lat' dir='ltr'><strong>Nosse</strong></span> <span class='ocrx_word' id='word_1_605' title='bbox 2442 3694 2659 3757; x_wconf 89' lang='lat' dir='ltr'><strong>oportet</strong></span> <span class='ocrx_word' id='word_1_606' title='bbox 2686 3700 2879 3740; x_wconf 89' lang='lat' dir='ltr'><strong>omnes</strong></span> <span class='ocrx_word' id='word_1_607' title='bbox 2924 3685 3297 3755; x_wconf 89' lang='lat' dir='ltr'><strong>apparitiones</strong></span> <span class='ocrx_word' id='word_1_608' title='bbox 3338 3701 3461 3756; x_wconf 68' lang='lat' dir='ltr'><strong>quae</strong></span> <span class='ocrx_word' id='word_1_609' title='bbox 3496 3686 3551 3741; x_wconf 89' lang='lat' dir='ltr'><strong>in</strong></span> <span class='ocrx_word' id='word_1_610' title='bbox 3584 3697 3723 3742; x_wconf 88' lang='lat' dir='ltr'><strong>tem-</strong></span> 
     </span>
    </p>
   </div>
   <div class='ocr_carea' id='block_1_84' title="bbox 2149 3776 3720 3849">
    <p class='ocr_par' dir='ltr' id='par_1_84' title="bbox 2149 3776 3720 3849">
     <span class='ocr_line' id='line_1_84' title="bbox 2149 3776 3720 3849; baseline 0.001 -16"><span class='ocrx_word' id='word_1_611' title='bbox 2149 3778 2255 3849; x_wconf 89' lang='lat' dir='ltr'><strong>plis</strong></span> <span class='ocrx_word' id='word_1_612' title='bbox 2274 3785 2332 3833; x_wconf 91' lang='lat' dir='ltr'><strong>et</strong></span> <span class='ocrx_word' id='word_1_613' title='bbox 2352 3778 2420 3832; x_wconf 90' lang='lat' dir='ltr'><strong>ad</strong></span> <span class='ocrx_word' id='word_1_614' title='bbox 2452 3778 2706 3848; x_wconf 88' lang='lat' dir='ltr'><strong>sepulcra</strong></span> <span class='ocrx_word' id='word_1_615' title='bbox 2728 3785 3045 3831; x_wconf 90' lang='lat' dir='ltr'><strong>sanctorum</strong></span> <span class='ocrx_word' id='word_1_616' title='bbox 3096 3776 3446 3848; x_wconf 87' lang='lat' dir='ltr'><strong>contingunt,</strong></span> <span class='ocrx_word' id='word_1_617' title='bbox 3479 3794 3577 3849; x_wconf 92' lang='lat' dir='ltr'><strong>per</strong></span> <span class='ocrx_word' id='word_1_618' title='bbox 3616 3795 3720 3834; x_wconf 77' lang='lat' dir='ltr'><strong>an-</strong></span> 
     </span>
    </p>
   </div>
   <div class='ocr_carea' id='block_1_85' title="bbox 2141 3867 3721 3941">
    <p class='ocr_par' dir='ltr' id='par_1_85' title="bbox 2141 3867 3721 3941">
     <span class='ocr_line' id='line_1_85' title="bbox 2141 3867 3721 3941; baseline 0.002 -18"><span class='ocrx_word' id='word_1_619' title='bbox 2141 3870 2293 3941; x_wconf 84' lang='lat' dir='ltr'><strong>gelos</strong></span> <span class='ocrx_word' id='word_1_620' title='bbox 2309 3880 2552 3935; x_wconf 89' lang='lat' dir='ltr'><strong>sanctos,</strong></span> <span class='ocrx_word' id='word_1_621' title='bbox 2584 3868 2998 3940; x_wconf 34' lang='lat' dir='ltr'><strong>permissu-Dei,</strong></span> <span class='ocrx_word' id='word_1_622' title='bbox 3032 3867 3222 3938; x_wconf 83' lang='lat' dir='ltr'><strong>perfici</strong></span> <span class='ocrx_word' id='word_1_623' title='bbox 3259 3868 3407 3940; x_wconf 88' lang='lat'><strong>(70):</strong></span> <span class='ocrx_word' id='word_1_624' title='bbox 3440 3885 3564 3924; x_wconf 87' lang='lat' dir='ltr'><strong>nam</strong></span> <span class='ocrx_word' id='word_1_625' title='bbox 3582 3887 3721 3941; x_wconf 89' lang='lat' dir='ltr'><strong>quo-</strong></span> 
     </span>
    </p>
   </div>
   <div class='ocr_carea' id='block_1_86' title="bbox 2144 3959 3716 4031">
    <p class='ocr_par' dir='ltr' id='par_1_86' title="bbox 2144 3959 3716 4031">
     <span class='ocr_line' id='line_1_86' title="bbox 2144 3959 3716 4031; baseline 0.003 -17"><span class='ocrx_word' id='word_1_626' title='bbox 2144 3960 2309 4021; x_wconf 79' lang='lat' dir='ltr'><strong>tnodo</strong></span> <span class='ocrx_word' id='word_1_627' title='bbox 2340 3959 2456 4014; x_wconf 83' lang='lat' dir='ltr'><strong>fieri</strong></span> <span class='ocrx_word' id='word_1_628' title='bbox 2489 3968 2668 4031; x_wconf 89' lang='lat' dir='ltr'><strong>potest</strong></span> <span class='ocrx_word' id='word_1_629' title='bbox 2705 3970 2766 4015; x_wconf 89' lang='lat' dir='ltr'><strong>ut</strong></span> <span class='ocrx_word' id='word_1_630' title='bbox 2792 3975 3087 4030; x_wconf 89' lang='lat' dir='ltr'><strong>corporum</strong></span> <span class='ocrx_word' id='word_1_631' title='bbox 3134 3962 3545 4018; x_wconf 88' lang='lat' dir='ltr'><strong>resurrectione</strong></span> <span class='ocrx_word' id='word_1_632' title='bbox 3581 3979 3716 4019; x_wconf 87' lang='lat' dir='ltr'><strong>ncc-</strong></span> 
     </span>
    </p>
   </div>
   <div class='ocr_carea' id='block_1_87' title="bbox 2140 4051 3713 4123">
    <p class='ocr_par' dir='ltr' id='par_1_87' title="bbox 2140 4051 3713 4123">
     <span class='ocr_line' id='line_1_87' title="bbox 2140 4051 3713 4123; baseline 0.002 -17"><span class='ocrx_word' id='word_1_633' title='bbox 2140 4053 2271 4107; x_wconf 91' lang='lat' dir='ltr'><strong>dum</strong></span> <span class='ocrx_word' id='word_1_634' title='bbox 2297 4060 2539 4123; x_wconf 89' lang='lat' dir='ltr'><strong>peracta,</strong></span> <span class='ocrx_word' id='word_1_635' title='bbox 2597 4052 2929 4122; x_wconf 82' lang='lat' dir='ltr'><strong>Ossibusque</strong></span> <span class='ocrx_word' id='word_1_636' title='bbox 2966 4060 3023 4107; x_wconf 88' lang='lat' dir='ltr'><strong>et</strong></span> <span class='ocrx_word' id='word_1_637' title='bbox 3077 4051 3342 4108; x_wconf 89' lang='lat' dir='ltr'><strong>carnibus</strong></span> <span class='ocrx_word' id='word_1_638' title='bbox 3399 4064 3713 4111; x_wconf 89' lang='lat' dir='ltr'><strong>sanctorum</strong></span> 
     </span>
    </p>
   </div>
   <div class='ocr_carea' id='block_1_88' title="bbox 2139 4144 3712 4214">
    <p class='ocr_par' dir='ltr' id='par_1_88' title="bbox 2139 4144 3712 4214">
     <span class='ocr_line' id='line_1_88' title="bbox 2139 4144 3712 4214; baseline 0.003 -16"><span class='ocrx_word' id='word_1_639' title='bbox 2139 4144 2321 4199; x_wconf 89' lang='lat' dir='ltr'><strong>adhuc</strong></span> <span class='ocrx_word' id='word_1_640' title='bbox 2344 4144 2631 4212; x_wconf 88' lang='lat' dir='ltr'><strong>dispersis,</strong></span> <span class='ocrx_word' id='word_1_641' title='bbox 2661 4144 2948 4198; x_wconf 88' lang='lat' dir='ltr'><strong>videamus</strong></span> <span class='ocrx_word' id='word_1_642' title='bbox 2982 4144 3132 4214; x_wconf 86' lang='lat' dir='ltr'><strong>ipsos</strong></span> <span class='ocrx_word' id='word_1_643' title='bbox 3163 4153 3385 4200; x_wconf 89' lang='lat' dir='ltr'><strong>sanctos</strong></span> <span class='ocrx_word' id='word_1_644' title='bbox 3417 4147 3550 4214; x_wconf 84' lang='lat' dir='ltr'><strong>(7t),</strong></span> <span class='ocrx_word' id='word_1_645' title='bbox 3588 4164 3712 4203; x_wconf 90' lang='lat' dir='ltr'><strong>cum</strong></span> 
     </span>
    </p>
   </div>
   <div class='ocr_carea' id='block_1_89' title="bbox 2141 4232 3712 4303">
    <p class='ocr_par' dir='ltr' id='par_1_89' title="bbox 2141 4232 3712 4303">
     <span class='ocr_line' id='line_1_89' title="bbox 2141 4232 3712 4303; baseline 0.004 -17"><span class='ocrx_word' id='word_1_646' title='bbox 2141 4232 2419 4287; x_wconf 89' lang='lat' dir='ltr'><strong>interdum</strong></span> <span class='ocrx_word' id='word_1_647' title='bbox 2450 4233 2653 4303; x_wconf 89' lang='lat' dir='ltr'><strong>integri</strong></span> <span class='ocrx_word' id='word_1_648' title='bbox 2683 4234 2812 4297; x_wconf 82' lang='lat' dir='ltr'><strong>viri,</strong></span> <span class='ocrx_word' id='word_1_649' title='bbox 2837 4242 2893 4288; x_wconf 89' lang='lat' dir='ltr'><strong>et</strong></span> <span class='ocrx_word' id='word_1_650' title='bbox 2920 4233 3147 4303; x_wconf 87' lang='lat' dir='ltr'><strong>quidem</strong></span> <span class='ocrx_word' id='word_1_651' title='bbox 3172 4243 3462 4303; x_wconf 88' lang='lat' dir='ltr'><strong>equestres</strong></span> <span class='ocrx_word' id='word_1_652' title='bbox 3486 4239 3712 4293; x_wconf 89' lang='lat' dir='ltr'><strong>armati-</strong></span> 
     </span>
    </p>
   </div>
   <div class='ocr_carea' id='block_1_90' title="bbox 2139 4321 3715 4393">
    <p class='ocr_par' dir='ltr' id='par_1_90' title="bbox 2139 4321 3715 4393">
     <span class='ocr_line' id='line_1_90' title="bbox 2139 4321 3715 4393; baseline 0.004 -17"><span class='ocrx_word' id='word_1_653' title='bbox 2139 4337 2247 4392; x_wconf 89' lang='lat' dir='ltr'><strong>que</strong></span> <span class='ocrx_word' id='word_1_654' title='bbox 2283 4337 2341 4377; x_wconf 88' lang='lat' dir='ltr'><strong>se</strong></span> <span class='ocrx_word' id='word_1_655' title='bbox 2383 4321 2560 4377; x_wconf 90' lang='lat' dir='ltr'><strong>oculis</strong></span> <span class='ocrx_word' id='word_1_656' title='bbox 2590 4321 2894 4377; x_wconf 90' lang='lat' dir='ltr'><strong>intuendos</strong></span> <span class='ocrx_word' id='word_1_657' title='bbox 2927 4322 3235 4393; x_wconf 84' lang='lat' dir='ltr'><strong>objiciant?</strong></span> <span class='ocrx_word' id='word_1_658' title='bbox 3261 4323 3318 4378; x_wconf 91' lang='lat' dir='ltr'><strong>Si</strong></span> <span class='ocrx_word' id='word_1_659' title='bbox 3372 4324 3459 4378; x_wconf 86' lang='lat' dir='ltr'><strong>his</strong></span> <span class='ocrx_word' id='word_1_660' title='bbox 3494 4339 3715 4382; x_wconf 86' lang='lat' dir='ltr'><strong>contra-</strong></span> 
     </span>
    </p>
   </div>
   <div class='ocr_carea' id='block_1_91' title="bbox 460 4405 2049 4488">
    <p class='ocr_par' dir='ltr' id='par_1_91' title="bbox 460 4405 2032 4488">
     <span class='ocr_line' id='line_1_91' title="bbox 460 4405 2032 4488; baseline 0.008 -29"><span class='ocrx_word' id='word_1_661' title='bbox 460 4410 722 4479; x_wconf 77' lang='grc' dir='ltr'>νομίζεις,</span> <span class='ocrx_word' id='word_1_662' title='bbox 755 4411 878 4462; x_wconf 80' lang='grc' dir='ltr'>εἰπέ</span> <span class='ocrx_word' id='word_1_663' title='bbox 913 4426 1002 4478; x_wconf 89' lang='grc' dir='ltr'><strong>μοι</strong></span> <span class='ocrx_word' id='word_1_664' title='bbox 1029 4409 1116 4472; x_wconf 77' lang='grc' dir='ltr'><strong>σὺ,</strong></span> <span class='ocrx_word' id='word_1_665' title='bbox 1160 4410 1276 4472; x_wconf 83' lang='grc' dir='ltr'><strong>πῶς</strong></span> <span class='ocrx_word' id='word_1_666' title='bbox 1319 4405 1399 4473; x_wconf 84' lang='grc' dir='ltr'><strong>είς</strong></span> <span class='ocrx_word' id='word_1_667' title='bbox 1440 4412 1699 4482; x_wconf 85' lang='grc' dir='ltr'>ὑπάρχων</span> <span class='ocrx_word' id='word_1_668' title='bbox 1732 4416 1963 4481; x_wconf 82' lang='grc' dir='ltr'>Παῦλος,</span> <span class='ocrx_word' id='word_1_669' title='bbox 2000 4419 2032 4488; x_wconf 85' lang='grc' dir='ltr'>ῆ</span> 
     </span>
    </p>
   </div>
   <div class='ocr_carea' id='block_1_92' title="bbox 2150 4405 3708 4488">
    <p class='ocr_par' dir='ltr' id='par_1_92' title="bbox 2150 4412 3708 4485">
     <span class='ocr_line' id='line_1_92' title="bbox 2150 4412 3708 4485; baseline 0.004 -18"><span class='ocrx_word' id='word_1_670' title='bbox 2150 4414 2328 4467; x_wconf 85' lang='lat' dir='ltr'><strong>dicere</strong></span> <span class='ocrx_word' id='word_1_671' title='bbox 2349 4412 2511 4474; x_wconf 88' lang='lat' dir='ltr'><strong>velis.</strong></span> <span class='ocrx_word' id='word_1_672' title='bbox 2535 4412 2647 4476; x_wconf 90' lang='lat' dir='ltr'><strong>dic,</strong></span> <span class='ocrx_word' id='word_1_673' title='bbox 2683 4427 2804 4476; x_wconf 89' lang='lat' dir='ltr'><strong>oro,</strong></span> <span class='ocrx_word' id='word_1_674' title='bbox 2839 4429 2949 4482; x_wconf 90' lang='lat' dir='ltr'><strong>qua</strong></span> <span class='ocrx_word' id='word_1_675' title='bbox 3010 4414 3245 4478; x_wconf 84' lang='lat' dir='ltr'><strong>ratione,</strong></span> <span class='ocrx_word' id='word_1_676' title='bbox 3291 4416 3385 4485; x_wconf 91' lang='lat' dir='ltr'><strong>qui</strong></span> <span class='ocrx_word' id='word_1_677' title='bbox 3418 4433 3562 4472; x_wconf 86' lang='lat' dir='ltr'><strong>unus</strong></span> <span class='ocrx_word' id='word_1_678' title='bbox 3605 4431 3708 4481; x_wconf 80' lang='lat' dir='ltr'><strong>est.</strong></span> 
     </span>
    </p>
   </div>
   <div class='ocr_carea' id='block_1_93' title="bbox 464 4501 2037 4581">
    <p class='ocr_par' dir='ltr' id='par_1_93' title="bbox 464 4501 2037 4581">
     <span class='ocr_line' id='line_1_93' title="bbox 464 4501 2037 4581; baseline 0.006 -25"><span class='ocrx_word' id='word_1_679' title='bbox 464 4505 685 4573; x_wconf 76' lang='grc' dir='ltr'>Ιιέτρος,</span> <span class='ocrx_word' id='word_1_680' title='bbox 731 4502 762 4572; x_wconf 79' lang='grc' dir='ltr'>ἦ</span> <span class='ocrx_word' id='word_1_681' title='bbox 798 4502 956 4563; x_wconf 81' lang='grc' dir='ltr'>ἄλλος</span> <span class='ocrx_word' id='word_1_682' title='bbox 1014 4501 1331 4565; x_wconf 85' lang='grc' dir='ltr'>ἀπόστολος,</span> <span class='ocrx_word' id='word_1_683' title='bbox 1376 4502 1409 4575; x_wconf 75' lang='grc' dir='ltr'>ἢ</span> <span class='ocrx_word' id='word_1_684' title='bbox 1461 4505 1691 4574; x_wconf 70' lang='grc' dir='ltr'>μάρτυς,</span> <span class='ocrx_word' id='word_1_685' title='bbox 1718 4510 1838 4560; x_wconf 89' lang='grc' dir='ltr'>κατ’</span> <span class='ocrx_word' id='word_1_686' title='bbox 1866 4511 2037 4581; x_wconf 81' lang='grc' dir='ltr'>αὐτὴν</span> 
     </span>
    </p>
   </div>
   <div class='ocr_carea' id='block_1_94' title="bbox 458 4592 2031 4669">
    <p class='ocr_par' dir='ltr' id='par_1_94' title="bbox 458 4592 2031 4669">
     <span class='ocr_line' id='line_1_94' title="bbox 458 4592 2031 4669; baseline 0.004 -21"><span class='ocrx_word' id='word_1_687' title='bbox 458 4595 556 4667; x_wconf 75' lang='grc' dir='ltr'>τὴν</span> <span class='ocrx_word' id='word_1_688' title='bbox 607 4594 758 4663; x_wconf 83' lang='grc' dir='ltr'>ὤραν</span> <span class='ocrx_word' id='word_1_689' title='bbox 807 4592 1065 4669; x_wconf 80' lang='grc' dir='ltr'>πολλάκις</span> <span class='ocrx_word' id='word_1_690' title='bbox 1102 4596 1160 4647; x_wconf 82' lang='grc' dir='ltr'>ἐν</span> <span class='ocrx_word' id='word_1_691' title='bbox 1221 4594 1429 4659; x_wconf 82' lang='grc' dir='ltr'>πολλοῖς</span> <span class='ocrx_word' id='word_1_692' title='bbox 1483 4597 1670 4660; x_wconf 84' lang='grc' dir='ltr'>τόποις</span> <span class='ocrx_word' id='word_1_693' title='bbox 1704 4599 2031 4666; x_wconf 84' lang='grc' dir='ltr'>ὀπτὰνεται;</span> 
     </span>
    </p>
   </div>
   <div class='ocr_carea' id='block_1_95' title="bbox 458 4684 2033 4758">
    <p class='ocr_par' dir='ltr' id='par_1_95' title="bbox 458 4684 2033 4758">
     <span class='ocr_line' id='line_1_95' title="bbox 458 4684 2033 4758; baseline 0.003 -19"><span class='ocrx_word' id='word_1_694' title='bbox 458 4685 580 4739; x_wconf 79' lang='grc' dir='ltr'>οὔτε</span> <span class='ocrx_word' id='word_1_695' title='bbox 625 4687 734 4754; x_wconf 75' lang='grc' dir='ltr'>γὰρ</span> <span class='ocrx_word' id='word_1_696' title='bbox 770 4684 999 4753; x_wconf 80' lang='grc' dir='ltr'>ἄγγελος</span> <span class='ocrx_word' id='word_1_697' title='bbox 1041 4684 1266 4737; x_wconf 87' lang='grc' dir='ltr'>δύναται</span> <span class='ocrx_word' id='word_1_698' title='bbox 1311 4686 1370 4737; x_wconf 82' lang='grc' dir='ltr'>ὲν</span> <span class='ocrx_word' id='word_1_699' title='bbox 1421 4685 1697 4758; x_wconf 85' lang='grc' dir='ltr'>διαφόροις</span> <span class='ocrx_word' id='word_1_700' title='bbox 1740 4691 1928 4755; x_wconf 87' lang='grc' dir='ltr'>τόποις</span> <span class='ocrx_word' id='word_1_701' title='bbox 1975 4696 2033 4746; x_wconf 69' lang='grc' dir='ltr'>ἐν</span> 
     </span>
    </p>
   </div>
   <div class='ocr_carea' id='block_1_96' title="bbox 459 4771 1956 4848">
    <p class='ocr_par' dir='ltr' id='par_1_96' title="bbox 459 4771 1956 4848">
     <span class='ocr_line' id='line_1_96' title="bbox 459 4771 1956 4848; baseline 0.005 -21"><span class='ocrx_word' id='word_1_702' title='bbox 459 4775 597 4846; x_wconf 72' lang='grc' dir='ltr'>αὐτῇ</span> <span class='ocrx_word' id='word_1_703' title='bbox 623 4776 688 4844; x_wconf 84' lang='grc' dir='ltr'>τῇ</span> <span class='ocrx_word' id='word_1_704' title='bbox 726 4775 890 4844; x_wconf 74' lang='grc' dir='ltr'>ῥοπῇ,</span> <span class='ocrx_word' id='word_1_705' title='bbox 923 4772 972 4824; x_wconf 88' lang='grc' dir='ltr'><strong>εἰ</strong></span> <span class='ocrx_word' id='word_1_706' title='bbox 1010 4771 1085 4842; x_wconf 80' lang='grc' dir='ltr'>μὴ</span> <span class='ocrx_word' id='word_1_707' title='bbox 1122 4772 1280 4842; x_wconf 89' lang='grc' dir='ltr'>μόνος</span> <span class='ocrx_word' id='word_1_708' title='bbox 1308 4775 1336 4826; x_wconf 85' lang='grc' dir='ltr'><strong>ό</strong></span> <span class='ocrx_word' id='word_1_709' title='bbox 1358 4775 1771 4848; x_wconf 83' lang='grc' dir='ltr'>ἁπερίγραπτος</span> <span class='ocrx_word' id='word_1_710' title='bbox 1801 4780 1956 4841; x_wconf 71' lang='grc' dir='ltr'>Θεός.</span> 
     </span>
    </p>
   </div>
   <div class='ocr_carea' id='block_1_97' title="bbox 2138 4504 3709 4581">
    <p class='ocr_par' dir='ltr' id='par_1_97' title="bbox 2138 4504 3709 4581">
     <span class='ocr_line' id='line_1_97' title="bbox 2138 4504 3709 4581; baseline 0.003 -23"><span class='ocrx_word' id='word_1_711' title='bbox 2138 4504 2359 4567; x_wconf 84' lang='lat' dir='ltr'><strong>Paulus,</strong></span> <span class='ocrx_word' id='word_1_712' title='bbox 2390 4505 2475 4559; x_wconf 88' lang='lat' dir='ltr'><strong>vel</strong></span> <span class='ocrx_word' id='word_1_713' title='bbox 2512 4504 2728 4567; x_wconf 80' lang='lat' dir='ltr'><strong>Petrus,</strong></span> <span class='ocrx_word' id='word_1_714' title='bbox 2757 4504 2839 4558; x_wconf 88' lang='lat' dir='ltr'><strong>vel</strong></span> <span class='ocrx_word' id='word_1_715' title='bbox 2875 4504 3016 4558; x_wconf 89' lang='lat' dir='ltr'><strong>alius</strong></span> <span class='ocrx_word' id='word_1_716' title='bbox 3038 4505 3338 4574; x_wconf 88' lang='lat' dir='ltr'><strong>apostolus,</strong></span> <span class='ocrx_word' id='word_1_717' title='bbox 3364 4507 3447 4560; x_wconf 88' lang='lat' dir='ltr'><strong>vel</strong></span> <span class='ocrx_word' id='word_1_718' title='bbox 3480 4519 3709 4581; x_wconf 83' lang='lat' dir='ltr'><strong>martyr,</strong></span> 
     </span>
    </p>
   </div>
   <div class='ocr_carea' id='block_1_98' title="bbox 2135 4593 3707 4664">
    <p class='ocr_par' dir='ltr' id='par_1_98' title="bbox 2135 4593 3707 4664">
     <span class='ocr_line' id='line_1_98' title="bbox 2135 4593 3707 4664; baseline 0.002 -15"><span class='ocrx_word' id='word_1_719' title='bbox 2135 4593 2330 4649; x_wconf 90' lang='lat' dir='ltr'><strong>eodem</strong></span> <span class='ocrx_word' id='word_1_720' title='bbox 2359 4602 2602 4664; x_wconf 90' lang='lat' dir='ltr'><strong>tempore</strong></span> <span class='ocrx_word' id='word_1_721' title='bbox 2641 4593 2945 4663; x_wconf 88' lang='lat' dir='ltr'><strong>eademque</strong></span> <span class='ocrx_word' id='word_1_722' title='bbox 2994 4593 3130 4648; x_wconf 88' lang='lat' dir='ltr'><strong>hora</strong></span> <span class='ocrx_word' id='word_1_723' title='bbox 3174 4595 3474 4664; x_wconf 89' lang='lat' dir='ltr'><strong>aliquando</strong></span> <span class='ocrx_word' id='word_1_724' title='bbox 3517 4600 3707 4653; x_wconf 81' lang='lat' dir='ltr'><strong>multis</strong></span> 
     </span>
    </p>
   </div>
   <div class='ocr_carea' id='block_1_99' title="bbox 2135 4684 3703 4767">
    <p class='ocr_par' dir='ltr' id='par_1_99' title="bbox 2135 4684 3703 4767">
     <span class='ocr_line' id='line_1_99' title="bbox 2135 4684 3703 4767; baseline 0.004 -29"><span class='ocrx_word' id='word_1_725' title='bbox 2135 4685 2191 4767; x_wconf 84' lang='lat' dir='ltr'><strong>in</strong></span> <span class='ocrx_word' id='word_1_726' title='bbox 2228 4684 2364 4740; x_wconf 90' lang='lat' dir='ltr'><strong>locis</strong></span> <span class='ocrx_word' id='word_1_727' title='bbox 2397 4686 2693 4755; x_wconf 84' lang='lat' dir='ltr'><strong>appareat?</strong></span> <span class='ocrx_word' id='word_1_728' title='bbox 2716 4699 2895 4755; x_wconf 88' lang='lat' dir='ltr'><strong>neque</strong></span> <span class='ocrx_word' id='word_1_729' title='bbox 2943 4684 3092 4740; x_wconf 89' lang='lat' dir='ltr'><strong>enim</strong></span> <span class='ocrx_word' id='word_1_730' title='bbox 3126 4686 3357 4756; x_wconf 87' lang='lat' dir='ltr'><strong>angelus</strong></span> <span class='ocrx_word' id='word_1_731' title='bbox 3392 4696 3572 4758; x_wconf 89' lang='lat' dir='ltr'><strong>potest</strong></span> <span class='ocrx_word' id='word_1_732' title='bbox 3593 4689 3703 4763; x_wconf 72' lang='lat'><strong>(72)</strong></span> 
     </span>
    </p>
   </div>
   <div class='ocr_carea' id='block_1_100' title="bbox 2136 4775 3709 4850">
    <p class='ocr_par' dir='ltr' id='par_1_100' title="bbox 2136 4775 3709 4850">
     <span class='ocr_line' id='line_1_100' title="bbox 2136 4775 3709 4850; baseline 0.005 -21"><span class='ocrx_word' id='word_1_733' title='bbox 2136 4775 2298 4829; x_wconf 87' lang='lat' dir='ltr'><strong>simul</strong></span> <span class='ocrx_word' id='word_1_734' title='bbox 2335 4775 2530 4830; x_wconf 88' lang='lat' dir='ltr'><strong>eodem</strong></span> <span class='ocrx_word' id='word_1_735' title='bbox 2577 4786 2862 4829; x_wconf 89' lang='lat' dir='ltr'><strong>momento</strong></span> <span class='ocrx_word' id='word_1_736' title='bbox 2910 4777 2965 4830; x_wconf 90' lang='lat' dir='ltr'><strong>in</strong></span> <span class='ocrx_word' id='word_1_737' title='bbox 2996 4776 3254 4847; x_wconf 91' lang='lat' dir='ltr'><strong>pluribus</strong></span> <span class='ocrx_word' id='word_1_738' title='bbox 3287 4777 3425 4833; x_wconf 90' lang='lat' dir='ltr'><strong>locis</strong></span> <span class='ocrx_word' id='word_1_739' title='bbox 3466 4796 3709 4850; x_wconf 74' lang='lat' dir='ltr'><strong>pneseus</strong></span> 
     </span>
    </p>
   </div>
   <div class='ocr_carea' id='block_1_101' title="bbox 2135 4866 3704 4941">
    <p class='ocr_par' dir='ltr' id='par_1_101' title="bbox 2135 4866 3704 4941">
     <span class='ocr_line' id='line_1_101' title="bbox 2135 4866 3704 4941; baseline 0.004 -22"><span class='ocrx_word' id='word_1_740' title='bbox 2135 4882 2281 4931; x_wconf 90' lang='lat' dir='ltr'><strong>esse,</strong></span> <span class='ocrx_word' id='word_1_741' title='bbox 2307 4867 2404 4922; x_wconf 87' lang='lat' dir='ltr'><strong>sed</strong></span> <span class='ocrx_word' id='word_1_742' title='bbox 2442 4866 2549 4922; x_wconf 87' lang='lat' dir='ltr'><strong>hoc</strong></span> <span class='ocrx_word' id='word_1_743' title='bbox 2582 4866 2686 4921; x_wconf 88' lang='lat' dir='ltr'><strong>soli</strong></span> <span class='ocrx_word' id='word_1_744' title='bbox 2737 4866 3223 4938; x_wconf 81' lang='lat' dir='ltr'><strong>ineircnmscripto</strong></span> <span class='ocrx_word' id='word_1_745' title='bbox 3273 4867 3385 4924; x_wconf 88' lang='lat' dir='ltr'><strong>Deo</strong></span> <span class='ocrx_word' id='word_1_746' title='bbox 3424 4872 3704 4941; x_wconf 88' lang='lat' dir='ltr'><strong>competit.</strong></span> 
     </span>
    </p>
   </div>
   <div class='ocr_carea' id='block_1_102' title="bbox 1778 4971 2431 5032">
    <p class='ocr_par' dir='ltr' id='par_1_102' title="bbox 1778 4971 2431 5032">
     <span class='ocr_line' id='line_1_102' title="bbox 1778 4971 2431 5032; baseline 0.006 -8"><span class='ocrx_word' id='word_1_747' title='bbox 1778 4971 1866 5025; x_wconf 74' lang='lat' dir='ltr'><strong>VA</strong></span> <span class='ocrx_word' id='word_1_748' title='bbox 1878 4973 1990 5028; x_wconf 69' lang='lat' dir='ltr'><strong>RE</strong></span> <span class='ocrx_word' id='word_1_749' title='bbox 2024 4975 2431 5032; x_wconf 76' lang='lat' dir='ltr'><strong>LECTIONES.</strong></span> 
     </span>
    </p>
   </div>
   <div class='ocr_carea' id='block_1_103' title="bbox 524 5046 3703 5145">
    <p class='ocr_par' dir='ltr' id='par_1_103' title="bbox 524 5046 3703 5145">
     <span class='ocr_line' id='line_1_103' title="bbox 524 5046 3703 5145; baseline 0.009 -40"><span class='ocrx_word' id='word_1_750' title='bbox 524 5056 906 5145; x_wconf 37' lang='lat' dir='ltr'><strong>devenimus</strong></span> <span class='ocrx_word' id='word_1_751' title='bbox 920 5055 1092 5145; x_wconf 37' lang='lat' dir='ltr'><strong>Eva.“</strong></span> <span class='ocrx_word' id='word_1_752' title='bbox 1179 5050 1419 5145; x_wconf 54' lang='lat' dir='ltr'><strong>begetit;</strong></span> <span class='ocrx_word' id='word_1_753' title='bbox 1631 5064 1751 5145; x_wconf 62' lang='grc' dir='ltr'>τινὰ</span> <span class='ocrx_word' id='word_1_754' title='bbox 1777 5056 1979 5145; x_wconf 62' lang='grc' dir='ltr'>κόσμον</span> <span class='ocrx_word' id='word_1_755' title='bbox 2006 5067 2269 5145; x_wconf 52' lang='lat' dir='ltr'><strong>tacebunt.</strong></span> <span class='ocrx_word' id='word_1_756' title='bbox 2297 5069 2786 5145; x_wconf 49' lang='lat' dir='ltr'><strong>ESlﬂut€m_1L3l{0€</strong></span> <span class='ocrx_word' id='word_1_757' title='bbox 2816 5071 2962 5128; x_wconf 90' lang='lat' dir='ltr'><strong>idem</strong></span> <span class='ocrx_word' id='word_1_758' title='bbox 3012 5072 3161 5143; x_wconf 88' lang='lat' dir='ltr'><strong>quod</strong></span> <span class='ocrx_word' id='word_1_759' title='bbox 3208 5046 3432 5145; x_wconf 52' lang='lat' dir='ltr'><strong>parvus.</strong></span> <span class='ocrx_word' id='word_1_760' title='bbox 3513 5079 3537 5118; x_wconf 76' lang='grc'>⁸</span> <span class='ocrx_word' id='word_1_761' title='bbox 3569 5074 3703 5135; x_wconf 81' lang='lat' dir='ltr'><strong>Cod.</strong></span> 
     </span>
    </p>
   </div>
   <div class='ocr_carea' id='block_1_104' title="bbox 456 5126 2903 5208">
    <p class='ocr_par' dir='ltr' id='par_1_104' title="bbox 456 5126 2903 5208">
     <span class='ocr_line' id='line_1_104' title="bbox 456 5126 2903 5208; baseline 0.007 -30"><span class='ocrx_word' id='word_1_762' title='bbox 456 5128 621 5198; x_wconf 76' lang='grc' dir='ltr'>συνόᾳ</span> <span class='ocrx_word' id='word_1_763' title='bbox 651 5127 778 5194; x_wconf 84' lang='grc' dir='ltr'>τινί,</span> <span class='ocrx_word' id='word_1_764' title='bbox 816 5140 884 5179; x_wconf 79' lang='lat' dir='ltr'><strong>ex</strong></span> <span class='ocrx_word' id='word_1_765' title='bbox 912 5141 1021 5195; x_wconf 91' lang='lat' dir='ltr'><strong>quo</strong></span> <span class='ocrx_word' id='word_1_766' title='bbox 1047 5126 1149 5180; x_wconf 76' lang='lat' dir='ltr'><strong>ieci</strong></span> <span class='ocrx_word' id='word_1_767' title='bbox 1184 5126 1418 5199; x_wconf 73' lang='grc' dir='ltr'>συννοίᾳ,</span> <span class='ocrx_word' id='word_1_768' title='bbox 1457 5129 1563 5184; x_wconf 90' lang='lat' dir='ltr'><strong>nisi</strong></span> <span class='ocrx_word' id='word_1_769' title='bbox 1595 5132 1752 5187; x_wconf 88' lang='lat' dir='ltr'><strong>malis</strong></span> <span class='ocrx_word' id='word_1_770' title='bbox 1785 5126 2000 5205; x_wconf 74' lang='grc' dir='ltr'>συνοχῇ.</span> <span class='ocrx_word' id='word_1_771' title='bbox 2075 5137 2102 5177; x_wconf 76' lang='lat' dir='ltr'><strong>h</strong></span> <span class='ocrx_word' id='word_1_772' title='bbox 2128 5126 2253 5192; x_wconf 76' lang='lat' dir='ltr'><strong>fort.</strong></span> <span class='ocrx_word' id='word_1_773' title='bbox 2292 5140 2443 5203; x_wconf 70' lang='grc' dir='ltr'>εἴδει,</span> <span class='ocrx_word' id='word_1_774' title='bbox 2471 5140 2674 5208; x_wconf 89' lang='lat' dir='ltr'><strong>specie,</strong></span> <span class='ocrx_word' id='word_1_775' title='bbox 2706 5126 2903 5196; x_wconf 72' lang='lat' dir='ltr'><strong>forma.</strong></span> 
     </span>
    </p>
   </div>
   <div class='ocr_carea' id='block_1_105' title="bbox 1931 5255 2161 5314">
    <p class='ocr_par' dir='ltr' id='par_1_105' title="bbox 1931 5255 2161 5314">
     <span class='ocr_line' id='line_1_105' title="bbox 1931 5255 2161 5314; baseline 0.022 -5"><span class='ocrx_word' id='word_1_776' title='bbox 1931 5255 2161 5314; x_wconf 65' lang='lat' dir='ltr'><strong>NOTAE.</strong></span> 
     </span>
    </p>
   </div>
   <div class='ocr_carea' id='block_1_106' title="bbox 525 5337 2018 5413">
    <p class='ocr_par' dir='ltr' id='par_1_106' title="bbox 525 5337 2018 5413">
     <span class='ocr_line' id='line_1_106' title="bbox 525 5337 2018 5413; baseline 0.005 -20"><span class='ocrx_word' id='word_1_777' title='bbox 525 5339 635 5408; x_wconf 68' lang='lat'><strong>(68)</strong></span> <span class='ocrx_word' id='word_1_778' title='bbox 656 5337 868 5393; x_wconf 71' lang='lat' dir='ltr'><strong>(lmlum</strong></span> <span class='ocrx_word' id='word_1_779' title='bbox 891 5355 1110 5410; x_wconf 75' lang='lat' dir='ltr'><strong>nempe,</strong></span> <span class='ocrx_word' id='word_1_780' title='bbox 1133 5341 1514 5413; x_wconf 15' lang='lat' dir='ltr'><strong>aeratsoglem,</strong></span> <span class='ocrx_word' id='word_1_781' title='bbox 1541 5342 1749 5413; x_wconf 86' lang='lat' dir='ltr'><strong>lunam,</strong></span> <span class='ocrx_word' id='word_1_782' title='bbox 1781 5346 2018 5413; x_wconf 84' lang='lat' dir='ltr'><strong>pluvias,</strong></span> 
     </span>
    </p>
   </div>
   <div class='ocr_carea' id='block_1_107' title="bbox 453 5410 1941 5482">
    <p class='ocr_par' dir='ltr' id='par_1_107' title="bbox 453 5410 1941 5482">
     <span class='ocr_line' id='line_1_107' title="bbox 453 5410 1941 5482; baseline 0.005 -20"><span class='ocrx_word' id='word_1_783' title='bbox 453 5418 822 5482; x_wconf 66' lang='lat' dir='ltr'><strong>terratmotus,</strong></span> <span class='ocrx_word' id='word_1_784' title='bbox 853 5417 909 5463; x_wconf 90' lang='lat' dir='ltr'><strong>et</strong></span> <span class='ocrx_word' id='word_1_785' title='bbox 939 5425 1110 5473; x_wconf 90' lang='lat' dir='ltr'><strong>mare,</strong></span> <span class='ocrx_word' id='word_1_786' title='bbox 1151 5410 1448 5482; x_wconf 81' lang='lat' dir='ltr'><strong>invisibilis</strong></span> <span class='ocrx_word' id='word_1_787' title='bbox 1478 5411 1594 5482; x_wconf 79' lang='lat' dir='ltr'><strong>ipse</strong></span> <span class='ocrx_word' id='word_1_788' title='bbox 1617 5410 1941 5482; x_wconf 72' lang='lat' dir='ltr'><strong>persistens.</strong></span> 
     </span>
    </p>
   </div>
   <div class='ocr_carea' id='block_1_108' title="bbox 521 5478 2020 5556">
    <p class='ocr_par' dir='ltr' id='par_1_108' title="bbox 521 5478 2020 5556">
     <span class='ocr_line' id='line_1_108' title="bbox 521 5478 2020 5556; baseline 0.01 -29"><span class='ocrx_word' id='word_1_789' title='bbox 521 5479 631 5550; x_wconf 83' lang='lat'><strong>(69)</strong></span> <span class='ocrx_word' id='word_1_790' title='bbox 667 5478 861 5556; x_wconf 75' lang='lat' dir='ltr'><strong>Anima</strong></span> <span class='ocrx_word' id='word_1_791' title='bbox 889 5488 1137 5556; x_wconf 78' lang='lat' dir='ltr'><strong>separata</strong></span> <span class='ocrx_word' id='word_1_792' title='bbox 1168 5481 1284 5534; x_wconf 87' lang='lat' dir='ltr'><strong>sive</strong></span> <span class='ocrx_word' id='word_1_793' title='bbox 1306 5480 1449 5550; x_wconf 92' lang='lat' dir='ltr'><strong>apud</strong></span> <span class='ocrx_word' id='word_1_794' title='bbox 1476 5478 1699 5556; x_wconf 67' lang='lat' dir='ltr'><strong>inferos,</strong></span> <span class='ocrx_word' id='word_1_795' title='bbox 1730 5484 1849 5556; x_wconf 13' lang='lat' dir='ltr'><strong>Vsive</strong></span> <span class='ocrx_word' id='word_1_796' title='bbox 1873 5488 2020 5556; x_wconf 87' lang='lat' dir='ltr'><strong>apud</strong></span> 
     </span>
    </p>
   </div>
   <div class='ocr_carea' id='block_1_109' title="bbox 451 5548 2013 5620">
    <p class='ocr_par' dir='ltr' id='par_1_109' title="bbox 451 5548 2013 5620">
     <span class='ocr_line' id='line_1_109' title="bbox 451 5548 2013 5620; baseline 0.005 -18"><span class='ocrx_word' id='word_1_797' title='bbox 451 5548 702 5620; x_wconf 80' lang='lat' dir='ltr'><strong>superos,</strong></span> <span class='ocrx_word' id='word_1_798' title='bbox 732 5548 1272 5620; x_wconf 77' lang='lat' dir='ltr'><strong>habetintellectum,</strong></span> <span class='ocrx_word' id='word_1_799' title='bbox 1301 5548 2013 5620; x_wconf 77' lang='lat' dir='ltr'><strong>memoriam,voluntatem,</strong></span> 
     </span>
    </p>
   </div>
   <div class='ocr_carea' id='block_1_110' title="bbox 451 5615 1504 5687">
    <p class='ocr_par' dir='ltr' id='par_1_110' title="bbox 451 5615 1504 5687">
     <span class='ocr_line' id='line_1_110' title="bbox 451 5615 1504 5687; baseline 0.001 -15"><span class='ocrx_word' id='word_1_800' title='bbox 451 5626 508 5672; x_wconf 86' lang='lat' dir='ltr'><strong>et</strong></span> <span class='ocrx_word' id='word_1_801' title='bbox 524 5615 617 5670; x_wconf 80' lang='lat' dir='ltr'><strong>sui</strong></span> <span class='ocrx_word' id='word_1_802' title='bbox 645 5618 821 5687; x_wconf 82' lang='lat' dir='ltr'><strong>ipsius</strong></span> <span class='ocrx_word' id='word_1_803' title='bbox 855 5618 1169 5673; x_wconf 84' lang='lat' dir='ltr'><strong>facultatem</strong></span> <span class='ocrx_word' id='word_1_804' title='bbox 1194 5621 1504 5675; x_wconf 90' lang='lat' dir='ltr'><strong>motricem.</strong></span> 
     </span>
    </p>
   </div>
   <div class='ocr_carea' id='block_1_111' title="bbox 525 5687 2014 5760">
    <p class='ocr_par' dir='ltr' id='par_1_111' title="bbox 525 5687 2014 5760">
     <span class='ocr_line' id='line_1_111' title="bbox 525 5687 2014 5760; baseline 0.007 -20"><span class='ocrx_word' id='word_1_805' title='bbox 525 5687 635 5760; x_wconf 73' lang='lat'><strong>(70)</strong></span> <span class='ocrx_word' id='word_1_806' title='bbox 683 5689 854 5742; x_wconf 84' lang='lat' dir='ltr'><strong>Secus</strong></span> <span class='ocrx_word' id='word_1_807' title='bbox 902 5704 962 5743; x_wconf 89' lang='lat' dir='ltr'><strong>se</strong></span> <span class='ocrx_word' id='word_1_808' title='bbox 1011 5705 1101 5744; x_wconf 89' lang='lat' dir='ltr'><strong>res</strong></span> <span class='ocrx_word' id='word_1_809' title='bbox 1136 5690 1318 5743; x_wconf 87' lang='lat' dir='ltr'><strong>habet.</strong></span> <span class='ocrx_word' id='word_1_810' title='bbox 1370 5691 1473 5759; x_wconf 88' lang='lat' dir='ltr'><strong>Ipsi</strong></span> <span class='ocrx_word' id='word_1_811' title='bbox 1532 5692 1706 5746; x_wconf 85' lang='lat' dir='ltr'><strong>sancti</strong></span> <span class='ocrx_word' id='word_1_812' title='bbox 1736 5694 2014 5752; x_wconf 82' lang='lat' dir='ltr'><strong>ordinarie</strong></span> 
     </span>
    </p>
   </div>
   <div class='ocr_carea' id='block_1_112' title="bbox 722 5778 746 5803">
    <p class='ocr_par' dir='ltr' id='par_1_112' title="bbox 722 5778 746 5803">
     <span class='ocr_line' id='line_1_112' title="bbox 722 5778 746 5803; baseline 0 0"><span class='ocrx_word' id='word_1_813' title='bbox 722 5778 746 5803; x_wconf 88' lang='lat'><strong><em>\</em></strong></span> 
     </span>
    </p>
   </div>
   <div class='ocr_carea' id='block_1_113' title="bbox 2125 5361 2416 5419">
    <p class='ocr_par' dir='ltr' id='par_1_113' title="bbox 2125 5361 2416 5419">
     <span class='ocr_line' id='line_1_113' title="bbox 2125 5361 2416 5419; baseline 0.007 -17"><span class='ocrx_word' id='word_1_814' title='bbox 2125 5361 2416 5419; x_wconf 86' lang='lat' dir='ltr'><strong>apparent.</strong></span> 
     </span>
    </p>
   </div>
   <div class='ocr_carea' id='block_1_114' title="bbox 2198 5420 3702 5496">
    <p class='ocr_par' dir='ltr' id='par_1_114' title="bbox 2198 5420 3702 5496">
     <span class='ocr_line' id='line_1_114' title="bbox 2198 5420 3702 5496; baseline 0.01 -23"><span class='ocrx_word' id='word_1_815' title='bbox 2198 5420 2310 5496; x_wconf 54' lang='lat' dir='ltr'><strong>t7!)</strong></span> <span class='ocrx_word' id='word_1_816' title='bbox 2346 5420 2465 5496; x_wconf 82' lang='lat' dir='ltr'><strong>Non</strong></span> <span class='ocrx_word' id='word_1_817' title='bbox 2493 5422 2717 5496; x_wconf 69' lang='lat' dir='ltr'><strong>mirum,</strong></span> <span class='ocrx_word' id='word_1_818' title='bbox 2744 5423 3005 5496; x_wconf 80' lang='lat' dir='ltr'><strong>Formant</strong></span> <span class='ocrx_word' id='word_1_819' title='bbox 3028 5426 3205 5482; x_wconf 88' lang='lat' dir='ltr'><strong>sancti</strong></span> <span class='ocrx_word' id='word_1_820' title='bbox 3232 5441 3435 5496; x_wconf 88' lang='lat' dir='ltr'><strong>corpus</strong></span> <span class='ocrx_word' id='word_1_821' title='bbox 3478 5444 3543 5484; x_wconf 74' lang='lat' dir='ltr'><strong>ex</strong></span> <span class='ocrx_word' id='word_1_822' title='bbox 3569 5446 3702 5488; x_wconf 86' lang='lat' dir='ltr'><strong>aere</strong></span> 
     </span>
    </p>
   </div>
   <div class='ocr_carea' id='block_1_115' title="bbox 2121 5491 3698 5566">
    <p class='ocr_par' dir='ltr' id='par_1_115' title="bbox 2121 5491 3698 5566">
     <span class='ocr_line' id='line_1_115' title="bbox 2121 5491 3698 5566; baseline 0.008 -25"><span class='ocrx_word' id='word_1_823' title='bbox 2121 5491 2208 5543; x_wconf 85' lang='lat' dir='ltr'><strong>vel</strong></span> <span class='ocrx_word' id='word_1_824' title='bbox 2241 5491 2487 5566; x_wconf 75' lang='lat' dir='ltr'><strong>aliunde,</strong></span> <span class='ocrx_word' id='word_1_825' title='bbox 2508 5503 2673 5561; x_wconf 90' lang='lat' dir='ltr'><strong>prout</strong></span> <span class='ocrx_word' id='word_1_826' title='bbox 2704 5493 2805 5562; x_wconf 91' lang='lat' dir='ltr'><strong>ipsi</strong></span> <span class='ocrx_word' id='word_1_827' title='bbox 2836 5492 3002 5565; x_wconf 75' lang='lat' dir='ltr'><strong>etia&#39;m</strong></span> <span class='ocrx_word' id='word_1_828' title='bbox 3034 5496 3211 5566; x_wconf 89' lang='lat' dir='ltr'><strong>angeli</strong></span> <span class='ocrx_word' id='word_1_829' title='bbox 3231 5491 3626 5565; x_wconf 53' lang='lat' dir='ltr'><strong>faci&#39;unt.Quod</strong></span> <span class='ocrx_word' id='word_1_830' title='bbox 3654 5502 3698 5554; x_wconf 86' lang='lat' dir='ltr'><strong>si</strong></span> 
     </span>
    </p>
   </div>
   <div class='ocr_carea' id='block_1_116' title="bbox 2119 5560 3703 5631">
    <p class='ocr_par' dir='ltr' id='par_1_116' title="bbox 2119 5560 3703 5631">
     <span class='ocr_line' id='line_1_116' title="bbox 2119 5560 3703 5631; baseline 0.008 -19"><span class='ocrx_word' id='word_1_831' title='bbox 2119 5560 2295 5631; x_wconf 82' lang='lat' dir='ltr'><strong>angeli</strong></span> <span class='ocrx_word' id='word_1_832' title='bbox 2317 5561 2422 5614; x_wconf 87' lang='lat' dir='ltr'><strong>hoc</strong></span> <span class='ocrx_word' id='word_1_833' title='bbox 2437 5560 2686 5631; x_wconf 81' lang='lat' dir='ltr'><strong>possunt,</strong></span> <span class='ocrx_word' id='word_1_834' title='bbox 2705 5560 2802 5616; x_wconf 73' lang='lat' dir='ltr'><strong>cur</strong></span> <span class='ocrx_word' id='word_1_835' title='bbox 2820 5560 2927 5617; x_wconf 82' lang='lat' dir='ltr'><strong>non</strong></span> <span class='ocrx_word' id='word_1_836' title='bbox 2947 5560 3334 5620; x_wconf 58' lang='lat' dir='ltr'><strong>etiam&#39;auimaa</strong></span> <span class='ocrx_word' id='word_1_837' title='bbox 3358 5560 3703 5624; x_wconf 69' lang='lat' dir='ltr'><strong>sanetoruzn?</strong></span> 
     </span>
    </p>
   </div>
   <div class='ocr_carea' id='block_1_117' title="bbox 2191 5629 3703 5707">
    <p class='ocr_par' dir='ltr' id='par_1_117' title="bbox 2191 5629 3703 5707">
     <span class='ocr_line' id='line_1_117' title="bbox 2191 5629 3703 5707; baseline 0.01 -26"><span class='ocrx_word' id='word_1_838' title='bbox 2191 5629 2305 5698; x_wconf 66' lang='lat'><strong>(72)</strong></span> <span class='ocrx_word' id='word_1_839' title='bbox 2337 5629 2543 5695; x_wconf 82' lang='lat' dir='ltr'><strong>Potest,</strong></span> <span class='ocrx_word' id='word_1_840' title='bbox 2565 5649 2673 5687; x_wconf 90' lang='lat' dir='ltr'><strong>non</strong></span> <span class='ocrx_word' id='word_1_841' title='bbox 2714 5648 2834 5693; x_wconf 87' lang='lat' dir='ltr'><strong>sua,</strong></span> <span class='ocrx_word' id='word_1_842' title='bbox 2865 5634 2960 5688; x_wconf 84' lang='lat' dir='ltr'><strong>sed</strong></span> <span class='ocrx_word' id='word_1_843' title='bbox 3002 5636 3401 5707; x_wconf 83' lang='lat' dir='ltr'><strong>omnipotentis</strong></span> <span class='ocrx_word' id='word_1_844' title='bbox 3445 5640 3541 5695; x_wconf 86' lang='lat' dir='ltr'><strong>Dei</strong></span> <span class='ocrx_word' id='word_1_845' title='bbox 3586 5656 3703 5694; x_wconf 71' lang='lat' dir='ltr'><strong>VH&quot;-</strong></span> 
     </span>
    </p>
   </div>
   <div class='ocr_carea' id='block_1_118' title="bbox 3529 5842 3576 5859">
    <p class='ocr_par' dir='ltr' id='par_1_118' title="bbox 3529 5842 3576 5859">
     <span class='ocr_line' id='line_1_118' title="bbox 3529 5842 3576 5859; baseline 0 -3"><span class='ocrx_word' id='word_1_846' title='bbox 3529 5842 3576 5859; x_wconf 50' lang='grc' dir='ltr'>,δ</span> 
     </span>
    </p>
   </div>
  </div>
