  <div class='ocr_page' id='page_1' title='image "/cluster/home/n/w/nwhite01/storage/ocr_20150623/89/mdp.39015008868328/385.png"; bbox 0 0 4062 6142; ppageno 0'>
   <div class='ocr_carea' id='block_1_1' title="bbox 399 371 509 439">
    <p class='ocr_par' dir='ltr' id='par_1_1' title="bbox 399 371 509 439">
     <span class='ocr_line' id='line_1_1' title="bbox 399 371 509 439; baseline 0.009 -1"><span class='ocrx_word' id='word_1_1' title='bbox 399 371 509 439; x_wconf 75' lang='lat'><strong>723</strong></span> 
     </span>
    </p>
   </div>
   <div class='ocr_carea' id='block_1_2' title="bbox 1611 369 2481 435">
    <p class='ocr_par' dir='ltr' id='par_1_2' title="bbox 1611 369 2481 435">
     <span class='ocr_line' id='line_1_2' title="bbox 1611 369 2481 435; baseline -0.001 -2"><span class='ocrx_word' id='word_1_2' title='bbox 1611 375 1673 435; x_wconf 88' lang='lat' dir='ltr'><strong>S.</strong></span> <span class='ocrx_word' id='word_1_3' title='bbox 1713 371 1815 435; x_wconf 83' lang='grc' dir='ltr'><strong>ΑΝ</strong></span> <span class='ocrx_word' id='word_1_4' title='bbox 1819 373 2112 434; x_wconf 79' lang='lat' dir='ltr'><strong>ASTASII</strong></span> <span class='ocrx_word' id='word_1_5' title='bbox 2151 369 2481 434; x_wconf 70' lang='grc' dir='ltr'><strong>ΞῘΝΑΙΤλΕ</strong></span> 
     </span>
    </p>
   </div>
   <div class='ocr_carea' id='block_1_3' title="bbox 3565 370 3671 435">
    <p class='ocr_par' dir='ltr' id='par_1_3' title="bbox 3565 370 3671 435">
     <span class='ocr_line' id='line_1_3' title="bbox 3565 370 3671 435; baseline 0 0"><span class='ocrx_word' id='word_1_6' title='bbox 3565 370 3671 435; x_wconf 69' lang='grc'><strong>’724</strong></span> 
     </span>
    </p>
   </div>
   <div class='ocr_carea' id='block_1_4' title="bbox 471 479 1971 556">
    <p class='ocr_par' dir='ltr' id='par_1_4' title="bbox 471 484 1971 556">
     <span class='ocr_line' id='line_1_4' title="bbox 471 484 1971 556; baseline -0.004 -13"><span class='ocrx_word' id='word_1_7' title='bbox 471 485 732 543; x_wconf 87' lang='lat' dir='ltr'><strong>Secundo</strong></span> <span class='ocrx_word' id='word_1_8' title='bbox 782 487 911 556; x_wconf 88' lang='lat' dir='ltr'><strong>quia</strong></span> <span class='ocrx_word' id='word_1_9' title='bbox 966 486 1021 539; x_wconf 91' lang='lat' dir='ltr'><strong>in</strong></span> <span class='ocrx_word' id='word_1_10' title='bbox 1074 501 1266 539; x_wconf 86' lang='lat' dir='ltr'><strong>oreum</strong></span> <span class='ocrx_word' id='word_1_11' title='bbox 1318 486 1521 556; x_wconf 87' lang='lat' dir='ltr'><strong>dejecti</strong></span> <span class='ocrx_word' id='word_1_12' title='bbox 1570 500 1754 555; x_wconf 87' lang='lat' dir='ltr'><strong>neque</strong></span> <span class='ocrx_word' id='word_1_13' title='bbox 1792 484 1971 539; x_wconf 88' lang='lat' dir='ltr'><strong>videnl</strong></span> 
     </span>
    </p>
   </div>
   <div class='ocr_carea' id='block_1_5' title="bbox 2075 479 3671 556">
    <p class='ocr_par' dir='ltr' id='par_1_5' title="bbox 2156 479 3671 555">
     <span class='ocr_line' id='line_1_5' title="bbox 2156 479 3671 555; baseline -0.001 -18"><span class='ocrx_word' id='word_1_14' title='bbox 2156 484 2442 555; x_wconf 81' lang='grc' dir='ltr'><strong>Δεύτερον,</strong></span> <span class='ocrx_word' id='word_1_15' title='bbox 2466 483 2550 537; x_wconf 79' lang='grc' dir='ltr'>ὅτι</span> <span class='ocrx_word' id='word_1_16' title='bbox 2571 481 2690 537; x_wconf 79' lang='grc' dir='ltr'>οὐδὲ</span> <span class='ocrx_word' id='word_1_17' title='bbox 2723 480 2922 553; x_wconf 82' lang='grc' dir='ltr'><strong>ὁρῶσιν</strong></span> <span class='ocrx_word' id='word_1_18' title='bbox 2951 480 3011 534; x_wconf 76' lang='lat' dir='ltr'><strong>tv</strong></span> <span class='ocrx_word' id='word_1_19' title='bbox 3047 479 3125 550; x_wconf 82' lang='grc' dir='ltr'><strong>τῷ</strong></span> <span class='ocrx_word' id='word_1_20' title='bbox 3152 480 3256 553; x_wconf 74' lang='grc' dir='ltr'><strong>ᾅδῃ</strong></span> <span class='ocrx_word' id='word_1_21' title='bbox 3296 486 3671 554; x_wconf 54' lang='grc' dir='ltr'>παραπεμπόε</span> 
     </span>
    </p>
   </div>
   <div class='ocr_carea' id='block_1_6' title="bbox 396 574 1985 651">
    <p class='ocr_par' dir='ltr' id='par_1_6' title="bbox 396 574 1985 651">
     <span class='ocr_line' id='line_1_6' title="bbox 396 574 1985 651; baseline 0 -21"><span class='ocrx_word' id='word_1_22' title='bbox 396 578 578 647; x_wconf 84' lang='lat' dir='ltr'><strong>justos</strong></span> <span class='ocrx_word' id='word_1_23' title='bbox 601 576 658 629; x_wconf 92' lang='lat' dir='ltr'><strong>in</strong></span> <span class='ocrx_word' id='word_1_24' title='bbox 685 574 930 630; x_wconf 89' lang='lat' dir='ltr'><strong>nubibus</strong></span> <span class='ocrx_word' id='word_1_25' title='bbox 957 585 1164 643; x_wconf 89' lang='lat' dir='ltr'><strong>raptos,</strong></span> <span class='ocrx_word' id='word_1_26' title='bbox 1195 584 1253 630; x_wconf 88' lang='lat' dir='ltr'><strong>et</strong></span> <span class='ocrx_word' id='word_1_27' title='bbox 1276 576 1333 629; x_wconf 90' lang='lat' dir='ltr'><strong>in</strong></span> <span class='ocrx_word' id='word_1_28' title='bbox 1362 589 1534 651; x_wconf 87' lang='lat' dir='ltr'><strong>regno</strong></span> <span class='ocrx_word' id='word_1_29' title='bbox 1553 574 1649 629; x_wconf 86' lang='lat' dir='ltr'><strong>Dei</strong></span> <span class='ocrx_word' id='word_1_30' title='bbox 1674 591 1842 645; x_wconf 83' lang='lat' dir='ltr'><strong>supra</strong></span> <span class='ocrx_word' id='word_1_31' title='bbox 1867 590 1985 630; x_wconf 74' lang='lat' dir='ltr'><strong>ca:-</strong></span> 
     </span>
    </p>
   </div>
   <div class='ocr_carea' id='block_1_7' title="bbox 398 666 1982 738">
    <p class='ocr_par' dir='ltr' id='par_1_7' title="bbox 398 666 1982 738">
     <span class='ocr_line' id='line_1_7' title="bbox 398 666 1982 738; baseline 0.003 -19"><span class='ocrx_word' id='word_1_32' title='bbox 398 667 581 720; x_wconf 89' lang='lat' dir='ltr'><strong>lorum</strong></span> <span class='ocrx_word' id='word_1_33' title='bbox 626 666 890 721; x_wconf 75' lang='lat' dir='ltr'><strong>verticem</strong></span> <span class='ocrx_word' id='word_1_34' title='bbox 906 666 1243 721; x_wconf 87' lang='lat' dir='ltr'><strong>constitutos</strong></span> <span class='ocrx_word' id='word_1_35' title='bbox 1268 666 1419 737; x_wconf 83' lang='lat'><strong>(79);</strong></span> <span class='ocrx_word' id='word_1_36' title='bbox 1462 676 1524 722; x_wconf 88' lang='lat' dir='ltr'><strong>ut</strong></span> <span class='ocrx_word' id='word_1_37' title='bbox 1558 675 1795 734; x_wconf 88' lang='lat' dir='ltr'><strong>taceam,</strong></span> <span class='ocrx_word' id='word_1_38' title='bbox 1830 670 1982 738; x_wconf 91' lang='lat' dir='ltr'><strong>quod</strong></span> 
     </span>
    </p>
   </div>
   <div class='ocr_carea' id='block_1_8' title="bbox 393 755 1983 831">
    <p class='ocr_par' dir='ltr' id='par_1_8' title="bbox 393 755 1983 831">
     <span class='ocr_line' id='line_1_8' title="bbox 393 755 1983 831; baseline 0.004 -22"><span class='ocrx_word' id='word_1_39' title='bbox 393 757 508 826; x_wconf 90' lang='lat' dir='ltr'><strong>jam</strong></span> <span class='ocrx_word' id='word_1_40' title='bbox 527 755 663 820; x_wconf 81' lang='lat' dir='ltr'><strong>dixi,</strong></span> <span class='ocrx_word' id='word_1_41' title='bbox 687 771 869 825; x_wconf 82' lang='lat' dir='ltr'><strong>neque</strong></span> <span class='ocrx_word' id='word_1_42' title='bbox 898 756 1167 826; x_wconf 88' lang='lat' dir='ltr'><strong>improbis</strong></span> <span class='ocrx_word' id='word_1_43' title='bbox 1203 757 1561 827; x_wconf 86' lang='lat' dir='ltr'><strong>supplicium,</strong></span> <span class='ocrx_word' id='word_1_44' title='bbox 1611 774 1792 829; x_wconf 88' lang='lat' dir='ltr'><strong>neque</strong></span> <span class='ocrx_word' id='word_1_45' title='bbox 1815 760 1983 831; x_wconf 87' lang='lat' dir='ltr'><strong>justis</strong></span> 
     </span>
    </p>
   </div>
   <div class='ocr_carea' id='block_1_9' title="bbox 398 845 1979 919">
    <p class='ocr_par' dir='ltr' id='par_1_9' title="bbox 398 845 1979 919">
     <span class='ocr_line' id='line_1_9' title="bbox 398 845 1979 919; baseline 0.004 -20"><span class='ocrx_word' id='word_1_46' title='bbox 398 845 703 915; x_wconf 74' lang='lat' dir='ltr'><strong>perfectam</strong></span> <span class='ocrx_word' id='word_1_47' title='bbox 770 846 1190 902; x_wconf 76' lang='lat' dir='ltr'><strong>retributionem</strong></span> <span class='ocrx_word' id='word_1_48' title='bbox 1250 848 1541 919; x_wconf 84' lang='lat' dir='ltr'><strong>hucusque.</strong></span> <span class='ocrx_word' id='word_1_49' title='bbox 1596 849 1780 904; x_wconf 85' lang='lat' dir='ltr'><strong>datam</strong></span> <span class='ocrx_word' id='word_1_50' title='bbox 1835 866 1979 905; x_wconf 89' lang='lat' dir='ltr'><strong>esse.</strong></span> 
     </span>
    </p>
   </div>
   <div class='ocr_carea' id='block_1_10' title="bbox 398 937 1983 1013">
    <p class='ocr_par' dir='ltr' id='par_1_10' title="bbox 398 937 1983 1013">
     <span class='ocr_line' id='line_1_10' title="bbox 398 937 1983 1013; baseline 0.004 -21"><span class='ocrx_word' id='word_1_51' title='bbox 398 937 532 1004; x_wconf 66' lang='lat' dir='ltr'><strong>Quae</strong></span> <span class='ocrx_word' id='word_1_52' title='bbox 571 938 718 993; x_wconf 91' lang='lat' dir='ltr'><strong>enim</strong></span> <span class='ocrx_word' id='word_1_53' title='bbox 749 938 868 994; x_wconf 64' lang='lat' dir='ltr'><strong>haec</strong></span> <span class='ocrx_word' id='word_1_54' title='bbox 895 946 1045 993; x_wconf 84' lang='lat' dir='ltr'><strong>esset</strong></span> <span class='ocrx_word' id='word_1_55' title='bbox 1064 938 1303 1011; x_wconf 71' lang='lat' dir='ltr'><strong>iustitia,</strong></span> <span class='ocrx_word' id='word_1_56' title='bbox 1323 954 1449 994; x_wconf 90' lang='lat' dir='ltr'><strong>cum</strong></span> <span class='ocrx_word' id='word_1_57' title='bbox 1480 942 1664 995; x_wconf 90' lang='lat' dir='ltr'><strong>anima</strong></span> <span class='ocrx_word' id='word_1_58' title='bbox 1698 950 1755 997; x_wconf 90' lang='lat' dir='ltr'><strong>et</strong></span> <span class='ocrx_word' id='word_1_59' title='bbox 1781 958 1983 1013; x_wconf 87' lang='lat' dir='ltr'><strong>corpus</strong></span> 
     </span>
    </p>
   </div>
   <div class='ocr_carea' id='block_1_11' title="bbox 400 1030 1980 1102">
    <p class='ocr_par' dir='ltr' id='par_1_11' title="bbox 400 1030 1980 1102">
     <span class='ocr_line' id='line_1_11' title="bbox 400 1030 1980 1102; baseline 0.003 -18"><span class='ocrx_word' id='word_1_60' title='bbox 400 1030 585 1085; x_wconf 41' lang='lat' dir='ltr'><strong>simul‘</strong></span> <span class='ocrx_word' id='word_1_61' title='bbox 596 1031 975 1102; x_wconf 85' lang='lat' dir='ltr'><strong>peccaverint,</strong></span> <span class='ocrx_word' id='word_1_62' title='bbox 1007 1031 1189 1085; x_wconf 89' lang='lat' dir='ltr'><strong>anima</strong></span> <span class='ocrx_word' id='word_1_63' title='bbox 1212 1040 1311 1086; x_wconf 89' lang='lat' dir='ltr'><strong>aut</strong></span> <span class='ocrx_word' id='word_1_64' title='bbox 1355 1031 1645 1101; x_wconf 82' lang='lat' dir='ltr'><strong>puniatur,</strong></span> <span class='ocrx_word' id='word_1_65' title='bbox 1684 1040 1781 1087; x_wconf 92' lang='lat' dir='ltr'><strong>aut</strong></span> <span class='ocrx_word' id='word_1_66' title='bbox 1816 1049 1980 1089; x_wconf 91' lang='lat' dir='ltr'><strong>coro-</strong></span> 
     </span>
    </p>
   </div>
   <div class='ocr_carea' id='block_1_12' title="bbox 399 1112 1979 1195">
    <p class='ocr_par' dir='ltr' id='par_1_12' title="bbox 399 1112 1979 1195">
     <span class='ocr_line' id='line_1_12' title="bbox 399 1112 1979 1195; baseline 0.003 -20"><span class='ocrx_word' id='word_1_67' title='bbox 399 1130 570 1177; x_wconf 86' lang='lat' dir='ltr'><strong>netur</strong></span> <span class='ocrx_word' id='word_1_68' title='bbox 598 1121 719 1177; x_wconf 78' lang='lat' dir='ltr'><strong>sine</strong></span> <span class='ocrx_word' id='word_1_69' title='bbox 752 1136 987 1191; x_wconf 80' lang='lat' dir='ltr'><strong>corpore</strong></span> <span class='ocrx_word' id='word_1_70' title='bbox 1043 1121 1360 1191; x_wconf 76' lang='lat' dir='ltr'><strong>(80)?Audi</strong></span> <span class='ocrx_word' id='word_1_71' title='bbox 1413 1121 1645 1179; x_wconf 91' lang='lat' dir='ltr'><strong>Paulum</strong></span> <span class='ocrx_word' id='word_1_72' title='bbox 1700 1124 1769 1180; x_wconf 87' lang='lat' dir='ltr'><strong>de</strong></span> <span class='ocrx_word' id='word_1_73' title='bbox 1812 1112 1979 1195; x_wconf 64' lang='lat' dir='ltr'><strong>iustis</strong></span> 
     </span>
    </p>
   </div>
   <div class='ocr_carea' id='block_1_13' title="bbox 399 1209 1976 1284">
    <p class='ocr_par' dir='ltr' id='par_1_13' title="bbox 399 1209 1976 1284">
     <span class='ocr_line' id='line_1_13' title="bbox 399 1209 1976 1284; baseline 0.004 -19"><span class='ocrx_word' id='word_1_74' title='bbox 399 1212 519 1268; x_wconf 65' lang='lat' dir='ltr'><strong>haec</strong></span> <span class='ocrx_word' id='word_1_75' title='bbox 566 1209 948 1269; x_wconf 83' lang='lat' dir='ltr'><strong>astruentem:</strong></span> <span class='ocrx_word' id='word_1_76' title='bbox 991 1231 1007 1263; x_wconf 80' lang='grc' dir='ltr'><strong>ι</strong></span> <span class='ocrx_word' id='word_1_77' title='bbox 1033 1212 1376 1268; x_wconf 87' lang='lat' dir='ltr'><strong>Testimonio</strong></span> <span class='ocrx_word' id='word_1_78' title='bbox 1420 1214 1550 1269; x_wconf 80' lang='lat' dir='ltr'><strong>fidei</strong></span> <span class='ocrx_word' id='word_1_79' title='bbox 1587 1214 1826 1284; x_wconf 88' lang='lat' dir='ltr'><strong>probati,</strong></span> <span class='ocrx_word' id='word_1_80' title='bbox 1864 1232 1976 1271; x_wconf 87' lang='lat' dir='ltr'><strong>non</strong></span> 
     </span>
    </p>
   </div>
   <div class='ocr_carea' id='block_1_14' title="bbox 397 1304 1977 1377">
    <p class='ocr_par' dir='ltr' id='par_1_14' title="bbox 397 1304 1977 1377">
     <span class='ocr_line' id='line_1_14' title="bbox 397 1304 1977 1377; baseline 0.002 -19"><span class='ocrx_word' id='word_1_81' title='bbox 397 1313 735 1373; x_wconf 83' lang='lat' dir='ltr'><strong>acceperunt</strong></span> <span class='ocrx_word' id='word_1_82' title='bbox 763 1304 1248 1375; x_wconf 87' lang='lat' dir='ltr'><strong>repromissiones,</strong></span> <span class='ocrx_word' id='word_1_83' title='bbox 1273 1305 1388 1360; x_wconf 91' lang='lat' dir='ltr'><strong>Deo</strong></span> <span class='ocrx_word' id='word_1_84' title='bbox 1418 1321 1523 1374; x_wconf 91' lang='lat' dir='ltr'><strong>pro</strong></span> <span class='ocrx_word' id='word_1_85' title='bbox 1552 1306 1717 1361; x_wconf 89' lang='lat' dir='ltr'><strong>nobis</strong></span> <span class='ocrx_word' id='word_1_86' title='bbox 1767 1307 1977 1377; x_wconf 85' lang='lat' dir='ltr'><strong>aliquid</strong></span> 
     </span>
    </p>
   </div>
   <div class='ocr_carea' id='block_1_15' title="bbox 386 1395 1978 1465">
    <p class='ocr_par' dir='ltr' id='par_1_15' title="bbox 386 1395 1978 1465">
     <span class='ocr_line' id='line_1_15' title="bbox 386 1395 1978 1465; baseline 0.003 -15"><span class='ocrx_word' id='word_1_87' title='bbox 386 1396 600 1450; x_wconf 87' lang='lat' dir='ltr'><strong>.melius</strong></span> <span class='ocrx_word' id='word_1_88' title='bbox 619 1395 968 1465; x_wconf 87' lang='lat' dir='ltr'><strong>providente,</strong></span> <span class='ocrx_word' id='word_1_89' title='bbox 1004 1403 1068 1449; x_wconf 91' lang='lat' dir='ltr'><strong>ut</strong></span> <span class='ocrx_word' id='word_1_90' title='bbox 1109 1411 1220 1450; x_wconf 89' lang='lat' dir='ltr'><strong>non</strong></span> <span class='ocrx_word' id='word_1_91' title='bbox 1262 1396 1381 1451; x_wconf 84' lang='lat' dir='ltr'><strong>sine</strong></span> <span class='ocrx_word' id='word_1_92' title='bbox 1432 1397 1595 1452; x_wconf 90' lang='lat' dir='ltr'><strong>nobis</strong></span> <span class='ocrx_word' id='word_1_93' title='bbox 1623 1413 1978 1454; x_wconf 88' lang='lat' dir='ltr'><strong>consumma-</strong></span> 
     </span>
    </p>
   </div>
   <div class='ocr_carea' id='block_1_16' title="bbox 400 1485 1979 1557">
    <p class='ocr_par' dir='ltr' id='par_1_16' title="bbox 400 1485 1979 1557">
     <span class='ocr_line' id='line_1_16' title="bbox 400 1485 1979 1557; baseline 0.003 -17"><span class='ocrx_word' id='word_1_94' title='bbox 400 1496 596 1543; x_wconf 87' lang='lat' dir='ltr'><strong>rentur</strong></span> <span class='ocrx_word' id='word_1_95' title='bbox 644 1488 710 1539; x_wconf 77' lang='lat'><strong>“.</strong></span> <span class='ocrx_word' id='word_1_96' title='bbox 736 1506 754 1538; x_wconf 70' lang='grc' dir='ltr'><strong>ι</strong></span> <span class='ocrx_word' id='word_1_97' title='bbox 791 1486 974 1541; x_wconf 83' lang='lat' dir='ltr'><strong>Alibi:</strong></span> <span class='ocrx_word' id='word_1_98' title='bbox 1017 1506 1035 1538; x_wconf 81' lang='grc' dir='ltr'><strong>ι</strong></span> <span class='ocrx_word' id='word_1_99' title='bbox 1063 1485 1134 1541; x_wconf 89' lang='lat' dir='ltr'><strong>Ut</strong></span> <span class='ocrx_word' id='word_1_100' title='bbox 1168 1486 1550 1557; x_wconf 88' lang='lat' dir='ltr'><strong>unusquisque</strong></span> <span class='ocrx_word' id='word_1_101' title='bbox 1592 1496 1840 1543; x_wconf 88' lang='lat' dir='ltr'><strong>nostrum</strong></span> <span class='ocrx_word' id='word_1_102' title='bbox 1894 1505 1979 1545; x_wconf 88' lang='lat' dir='ltr'><strong>re-</strong></span> 
     </span>
    </p>
   </div>
   <div class='ocr_carea' id='block_1_17' title="bbox 398 1578 1979 1657">
    <p class='ocr_par' dir='ltr' id='par_1_17' title="bbox 398 1578 1979 1657">
     <span class='ocr_line' id='line_1_17' title="bbox 398 1578 1979 1657; baseline 0.002 -24"><span class='ocrx_word' id='word_1_103' title='bbox 398 1579 540 1636; x_wconf 82' lang='lat' dir='ltr'><strong>ferat</strong></span> <span class='ocrx_word' id='word_1_104' title='bbox 564 1594 688 1650; x_wconf 82' lang='lat' dir='ltr'><strong>quae</strong></span> <span class='ocrx_word' id='word_1_105' title='bbox 746 1594 845 1649; x_wconf 92' lang='lat' dir='ltr'><strong>per</strong></span> <span class='ocrx_word' id='word_1_106' title='bbox 872 1594 1078 1649; x_wconf 90' lang='lat' dir='ltr'><strong>corpus</strong></span> <span class='ocrx_word' id='word_1_107' title='bbox 1101 1578 1277 1657; x_wconf 78' lang='lat' dir='ltr'><strong>gessit</strong></span> <span class='ocrx_word' id='word_1_108' title='bbox 1306 1580 1374 1633; x_wconf 80' lang='grc'><strong>⁸³.</strong></span> <span class='ocrx_word' id='word_1_109' title='bbox 1399 1599 1417 1630; x_wconf 73' lang='grc' dir='ltr'><strong>ι</strong></span> <span class='ocrx_word' id='word_1_110' title='bbox 1478 1578 1696 1645; x_wconf 86' lang='lat' dir='ltr'><strong>Quibus</strong></span> <span class='ocrx_word' id='word_1_111' title='bbox 1732 1582 1979 1637; x_wconf 87' lang='lat' dir='ltr'><strong>ostendit</strong></span> 
     </span>
    </p>
   </div>
   <div class='ocr_carea' id='block_1_18' title="bbox 398 1670 1847 1743">
    <p class='ocr_par' dir='ltr' id='par_1_18' title="bbox 398 1670 1847 1743">
     <span class='ocr_line' id='line_1_18' title="bbox 398 1670 1847 1743; baseline 0.001 -16"><span class='ocrx_word' id='word_1_112' title='bbox 398 1673 452 1727; x_wconf 89' lang='lat' dir='ltr'><strong>in</strong></span> <span class='ocrx_word' id='word_1_113' title='bbox 479 1672 663 1728; x_wconf 91' lang='lat' dir='ltr'><strong>anima</strong></span> <span class='ocrx_word' id='word_1_114' title='bbox 699 1686 732 1727; x_wconf 90' lang='lat' dir='ltr'><strong>a</strong></span> <span class='ocrx_word' id='word_1_115' title='bbox 769 1687 1006 1741; x_wconf 90' lang='lat' dir='ltr'><strong>corpore</strong></span> <span class='ocrx_word' id='word_1_116' title='bbox 1035 1671 1213 1727; x_wconf 84' lang='lat' dir='ltr'><strong>soluta</strong></span> <span class='ocrx_word' id='word_1_117' title='bbox 1246 1670 1383 1726; x_wconf 76' lang='lat' dir='ltr'><strong>nihil</strong></span> <span class='ocrx_word' id='word_1_118' title='bbox 1425 1672 1621 1727; x_wconf 88' lang='lat' dir='ltr'><strong>horum</strong></span> <span class='ocrx_word' id='word_1_119' title='bbox 1641 1673 1847 1743; x_wconf 78' lang='lat' dir='ltr'><strong>peragi.</strong></span> 
     </span>
    </p>
   </div>
   <div class='ocr_carea' id='block_1_19' title="bbox 465 1940 1973 2015">
    <p class='ocr_par' dir='ltr' id='par_1_19' title="bbox 465 1940 1973 2015">
     <span class='ocr_line' id='line_1_19' title="bbox 465 1940 1973 2015; baseline 0.002 -18"><span class='ocrx_word' id='word_1_120' title='bbox 465 1940 739 1997; x_wconf 74' lang='lat' dir='ltr'><strong>Caeterum</strong></span> <span class='ocrx_word' id='word_1_121' title='bbox 763 1941 1144 2011; x_wconf 83' lang='lat' dir='ltr'><strong>improborum</strong></span> <span class='ocrx_word' id='word_1_122' title='bbox 1168 1945 1365 1999; x_wconf 67' lang='lat' dir='ltr'><strong>animai</strong></span> <span class='ocrx_word' id='word_1_123' title='bbox 1389 1944 1715 2014; x_wconf 88' lang='lat' dir='ltr'><strong>particulari</strong></span> <span class='ocrx_word' id='word_1_124' title='bbox 1734 1944 1973 2015; x_wconf 89' lang='lat' dir='ltr'><strong>quodam</strong></span> 
     </span>
    </p>
   </div>
   <div class='ocr_carea' id='block_1_20' title="bbox 392 2036 1974 2106">
    <p class='ocr_par' dir='ltr' id='par_1_20' title="bbox 392 2036 1974 2106">
     <span class='ocr_line' id='line_1_20' title="bbox 392 2036 1974 2106; baseline 0.003 -17"><span class='ocrx_word' id='word_1_125' title='bbox 392 2050 599 2106; x_wconf 82' lang='lat' dir='ltr'><strong>angore</strong></span> <span class='ocrx_word' id='word_1_126' title='bbox 641 2036 867 2091; x_wconf 80' lang='lat' dir='ltr'><strong>ettristi</strong></span> <span class='ocrx_word' id='word_1_127' title='bbox 913 2037 1328 2106; x_wconf 78' lang='lat' dir='ltr'><strong>exspectatione</strong></span> <span class='ocrx_word' id='word_1_128' title='bbox 1372 2038 1717 2095; x_wconf 86' lang='lat' dir='ltr'><strong>cruciantur.</strong></span> <span class='ocrx_word' id='word_1_129' title='bbox 1750 2038 1821 2093; x_wconf 88' lang='lat' dir='ltr'><strong>At</strong></span> <span class='ocrx_word' id='word_1_130' title='bbox 1849 2037 1974 2093; x_wconf 90' lang='lat' dir='ltr'><strong>ani-</strong></span> 
     </span>
    </p>
   </div>
   <div class='ocr_carea' id='block_1_21' title="bbox 393 2127 1969 2202">
    <p class='ocr_par' dir='ltr' id='par_1_21' title="bbox 393 2127 1969 2202">
     <span class='ocr_line' id='line_1_21' title="bbox 393 2127 1969 2202; baseline 0.004 -22"><span class='ocrx_word' id='word_1_131' title='bbox 393 2142 497 2183; x_wconf 75' lang='lat' dir='ltr'><strong>ma:</strong></span> <span class='ocrx_word' id='word_1_132' title='bbox 527 2127 804 2197; x_wconf 78' lang='lat' dir='ltr'><strong>juStorum</strong></span> <span class='ocrx_word' id='word_1_133' title='bbox 833 2129 1037 2200; x_wconf 87' lang='lat' dir='ltr'><strong>gaudio</strong></span> <span class='ocrx_word' id='word_1_134' title='bbox 1073 2139 1129 2184; x_wconf 87' lang='lat' dir='ltr'><strong>et</strong></span> <span class='ocrx_word' id='word_1_135' title='bbox 1159 2130 1559 2200; x_wconf 88' lang='lat' dir='ltr'><strong>tranquillitate</strong></span> <span class='ocrx_word' id='word_1_136' title='bbox 1582 2132 1969 2202; x_wconf 88' lang='lat' dir='ltr'><strong>perfruuntur,</strong></span> 
     </span>
    </p>
   </div>
   <div class='ocr_carea' id='block_1_22' title="bbox 392 2215 1969 2291">
    <p class='ocr_par' dir='ltr' id='par_1_22' title="bbox 392 2215 1969 2291">
     <span class='ocr_line' id='line_1_22' title="bbox 392 2215 1969 2291; baseline 0.004 -22"><span class='ocrx_word' id='word_1_137' title='bbox 392 2225 451 2271; x_wconf 91' lang='lat' dir='ltr'><strong>et</strong></span> <span class='ocrx_word' id='word_1_138' title='bbox 471 2215 770 2286; x_wconf 85' lang='lat' dir='ltr'><strong>aliquando</strong></span> <span class='ocrx_word' id='word_1_139' title='bbox 804 2217 1126 2273; x_wconf 82' lang='lat' dir='ltr'><strong>viventibus</strong></span> <span class='ocrx_word' id='word_1_140' title='bbox 1150 2234 1228 2274; x_wconf 49' lang='lat' dir='ltr'><strong>se.</strong></span> <span class='ocrx_word' id='word_1_141' title='bbox 1246 2220 1678 2289; x_wconf 89' lang='lat' dir='ltr'><strong>conspiciendas</strong></span> <span class='ocrx_word' id='word_1_142' title='bbox 1699 2221 1969 2291; x_wconf 66' lang='lat' dir='ltr'><strong>praebent.</strong></span> 
     </span>
    </p>
   </div>
   <div class='ocr_carea' id='block_1_23' title="bbox 389 2307 1971 2382">
    <p class='ocr_par' dir='ltr' id='par_1_23' title="bbox 389 2307 1971 2382">
     <span class='ocr_line' id='line_1_23' title="bbox 389 2307 1971 2382; baseline 0.003 -20"><span class='ocrx_word' id='word_1_143' title='bbox 389 2307 546 2374; x_wconf 81' lang='lat' dir='ltr'><strong>Quod</strong></span> <span class='ocrx_word' id='word_1_144' title='bbox 594 2308 817 2379; x_wconf 87' lang='lat' dir='ltr'><strong>quidam</strong></span> <span class='ocrx_word' id='word_1_145' title='bbox 851 2310 989 2364; x_wconf 89' lang='lat' dir='ltr'><strong>mihi</strong></span> <span class='ocrx_word' id='word_1_146' title='bbox 1044 2311 1591 2382; x_wconf 32' lang='lat' dir='ltr'><strong>retulitainquicns:</strong></span> <span class='ocrx_word' id='word_1_147' title='bbox 1621 2311 1757 2367; x_wconf 91' lang='lat' dir='ltr'><strong>Cum</strong></span> <span class='ocrx_word' id='word_1_148' title='bbox 1797 2312 1971 2367; x_wconf 90' lang='lat' dir='ltr'><strong>Deum</strong></span> 
     </span>
    </p>
   </div>
   <div class='ocr_carea' id='block_1_24' title="bbox 390 2400 1971 2471">
    <p class='ocr_par' dir='ltr' id='par_1_24' title="bbox 390 2400 1971 2471">
     <span class='ocr_line' id='line_1_24' title="bbox 390 2400 1971 2471; baseline 0.003 -17"><span class='ocrx_word' id='word_1_149' title='bbox 390 2400 685 2471; x_wconf 77' lang='lat' dir='ltr'><strong>diligenter</strong></span> <span class='ocrx_word' id='word_1_150' title='bbox 715 2408 772 2455; x_wconf 90' lang='lat' dir='ltr'><strong>et</strong></span> <span class='ocrx_word' id='word_1_151' title='bbox 814 2402 1065 2458; x_wconf 88' lang='lat' dir='ltr'><strong>studiose</strong></span> <span class='ocrx_word' id='word_1_152' title='bbox 1096 2403 1470 2467; x_wconf 84' lang='lat' dir='ltr'><strong>invocassem,</strong></span> <span class='ocrx_word' id='word_1_153' title='bbox 1504 2411 1568 2457; x_wconf 92' lang='lat' dir='ltr'><strong>ut</strong></span> <span class='ocrx_word' id='word_1_154' title='bbox 1591 2402 1729 2457; x_wconf 89' lang='lat' dir='ltr'><strong>mihi</strong></span> <span class='ocrx_word' id='word_1_155' title='bbox 1767 2411 1971 2458; x_wconf 89' lang='lat' dir='ltr'><strong>statum</strong></span> 
     </span>
    </p>
   </div>
   <div class='ocr_carea' id='block_1_25' title="bbox 399 2491 1991 2575">
    <p class='ocr_par' dir='ltr' id='par_1_25' title="bbox 399 2491 1991 2575">
     <span class='ocr_line' id='line_1_25' title="bbox 399 2491 1991 2575; baseline 0.001 -31"><span class='ocrx_word' id='word_1_156' title='bbox 399 2498 457 2544; x_wconf 89' lang='lat' dir='ltr'><strong>et</strong></span> <span class='ocrx_word' id='word_1_157' title='bbox 508 2491 990 2546; x_wconf 83' lang='lat' dir='ltr'><strong>conversationem</strong></span> <span class='ocrx_word' id='word_1_158' title='bbox 1045 2493 1243 2546; x_wconf 64' lang='lat' dir='ltr'><strong>animat</strong></span> <span class='ocrx_word' id='word_1_159' title='bbox 1289 2507 1320 2546; x_wconf 89' lang='lat' dir='ltr'><strong>a</strong></span> <span class='ocrx_word' id='word_1_160' title='bbox 1382 2506 1618 2562; x_wconf 88' lang='lat' dir='ltr'><strong>corpore</strong></span> <span class='ocrx_word' id='word_1_161' title='bbox 1675 2499 1991 2575; x_wconf 37' lang='lat' dir='ltr'><strong>segregata-</strong></span> 
     </span>
    </p>
   </div>
   <div class='ocr_carea' id='block_1_26' title="bbox 388 2578 1969 2650">
    <p class='ocr_par' dir='ltr' id='par_1_26' title="bbox 388 2578 1969 2650">
     <span class='ocr_line' id='line_1_26' title="bbox 388 2578 1969 2650; baseline 0 -16"><span class='ocrx_word' id='word_1_162' title='bbox 388 2578 751 2649; x_wconf 80' lang='lat' dir='ltr'><strong>patefaceret,</strong></span> <span class='ocrx_word' id='word_1_163' title='bbox 779 2579 1036 2634; x_wconf 87' lang='lat' dir='ltr'><strong>videbam</strong></span> <span class='ocrx_word' id='word_1_164' title='bbox 1061 2596 1152 2636; x_wconf 90' lang='lat' dir='ltr'><strong>me</strong></span> <span class='ocrx_word' id='word_1_165' title='bbox 1176 2581 1359 2636; x_wconf 91' lang='lat' dir='ltr'><strong>noctis</strong></span> <span class='ocrx_word' id='word_1_166' title='bbox 1394 2590 1645 2650; x_wconf 88' lang='lat' dir='ltr'><strong>tempore</strong></span> <span class='ocrx_word' id='word_1_167' title='bbox 1668 2580 1725 2635; x_wconf 91' lang='lat' dir='ltr'><strong>in</strong></span> <span class='ocrx_word' id='word_1_168' title='bbox 1750 2579 1969 2635; x_wconf 78' lang='lat' dir='ltr'><strong>vineam</strong></span> 
     </span>
    </p>
   </div>
   <div class='ocr_carea' id='block_1_27' title="bbox 388 2671 1971 2742">
    <p class='ocr_par' dir='ltr' id='par_1_27' title="bbox 388 2671 1971 2742">
     <span class='ocr_line' id='line_1_27' title="bbox 388 2671 1971 2742; baseline 0 -17"><span class='ocrx_word' id='word_1_169' title='bbox 388 2671 640 2737; x_wconf 87' lang='lat' dir='ltr'><strong>ductum,</strong></span> <span class='ocrx_word' id='word_1_170' title='bbox 670 2681 729 2727; x_wconf 93' lang='lat' dir='ltr'><strong>et</strong></span> <span class='ocrx_word' id='word_1_171' title='bbox 753 2687 962 2742; x_wconf 88' lang='lat' dir='ltr'><strong>corpus</strong></span> <span class='ocrx_word' id='word_1_172' title='bbox 984 2687 1170 2727; x_wconf 92' lang='lat' dir='ltr'><strong>meum</strong></span> <span class='ocrx_word' id='word_1_173' title='bbox 1207 2688 1239 2728; x_wconf 91' lang='lat' dir='ltr'><strong>a</strong></span> <span class='ocrx_word' id='word_1_174' title='bbox 1282 2688 1371 2728; x_wconf 91' lang='lat' dir='ltr'><strong>me</strong></span> <span class='ocrx_word' id='word_1_175' title='bbox 1411 2681 1726 2742; x_wconf 89' lang='lat' dir='ltr'><strong>separatum</strong></span> <span class='ocrx_word' id='word_1_176' title='bbox 1757 2681 1814 2727; x_wconf 90' lang='lat' dir='ltr'><strong>et</strong></span> <span class='ocrx_word' id='word_1_177' title='bbox 1850 2671 1971 2726; x_wconf 81' lang='lat' dir='ltr'><strong>exi-</strong></span> 
     </span>
    </p>
   </div>
   <div class='ocr_carea' id='block_1_28' title="bbox 387 2768 1969 2840">
    <p class='ocr_par' dir='ltr' id='par_1_28' title="bbox 387 2768 1969 2840">
     <span class='ocr_line' id='line_1_28' title="bbox 387 2768 1969 2840; baseline 0.002 -18"><span class='ocrx_word' id='word_1_178' title='bbox 387 2782 498 2839; x_wconf 91' lang='lat' dir='ltr'><strong>guo</strong></span> <span class='ocrx_word' id='word_1_179' title='bbox 531 2768 799 2837; x_wconf 89' lang='lat' dir='ltr'><strong>temporis</strong></span> <span class='ocrx_word' id='word_1_180' title='bbox 828 2769 1124 2824; x_wconf 87' lang='lat' dir='ltr'><strong>intervallo</strong></span> <span class='ocrx_word' id='word_1_181' title='bbox 1161 2770 1351 2840; x_wconf 88' lang='lat' dir='ltr'><strong>jacere</strong></span> <span class='ocrx_word' id='word_1_182' title='bbox 1395 2770 1679 2826; x_wconf 82' lang='lat' dir='ltr'><strong>exanime.</strong></span> <span class='ocrx_word' id='word_1_183' title='bbox 1718 2769 1969 2826; x_wconf 89' lang='lat' dir='ltr'><strong>Sciebam</strong></span> 
     </span>
    </p>
   </div>
   <div class='ocr_carea' id='block_1_29' title="bbox 386 2856 1970 2931">
    <p class='ocr_par' dir='ltr' id='par_1_29' title="bbox 386 2856 1970 2931">
     <span class='ocr_line' id='line_1_29' title="bbox 386 2856 1970 2931; baseline 0.001 -19"><span class='ocrx_word' id='word_1_184' title='bbox 386 2856 614 2927; x_wconf 89' lang='lat' dir='ltr'><strong>quidem</strong></span> <span class='ocrx_word' id='word_1_185' title='bbox 641 2872 729 2912; x_wconf 88' lang='lat' dir='ltr'><strong>me</strong></span> <span class='ocrx_word' id='word_1_186' title='bbox 758 2874 790 2913; x_wconf 89' lang='lat' dir='ltr'><strong>a</strong></span> <span class='ocrx_word' id='word_1_187' title='bbox 820 2873 1065 2930; x_wconf 89' lang='lat' dir='ltr'><strong>corpore</strong></span> <span class='ocrx_word' id='word_1_188' title='bbox 1085 2861 1397 2931; x_wconf 73' lang='lat' dir='ltr'><strong>seiunctum</strong></span> <span class='ocrx_word' id='word_1_189' title='bbox 1422 2875 1568 2926; x_wconf 85' lang='lat' dir='ltr'><strong>esse,</strong></span> <span class='ocrx_word' id='word_1_190' title='bbox 1616 2868 1970 2930; x_wconf 82' lang='lat' dir='ltr'><strong>mentemque</strong></span> 
     </span>
    </p>
   </div>
   <div class='ocr_carea' id='block_1_30' title="bbox 388 2949 1969 3014">
    <p class='ocr_par' dir='ltr' id='par_1_30' title="bbox 388 2949 1969 3014">
     <span class='ocr_line' id='line_1_30' title="bbox 388 2949 1969 3014; baseline -0.001 -9"><span class='ocrx_word' id='word_1_191' title='bbox 388 2964 456 3005; x_wconf 88' lang='lat' dir='ltr'><strong>ac</strong></span> <span class='ocrx_word' id='word_1_192' title='bbox 489 2949 761 3004; x_wconf 81' lang='lat' dir='ltr'><strong>rationem</strong></span> <span class='ocrx_word' id='word_1_193' title='bbox 791 2950 1037 3005; x_wconf 87' lang='lat' dir='ltr'><strong>sobriam</strong></span> <span class='ocrx_word' id='word_1_194' title='bbox 1075 2950 1316 3014; x_wconf 86' lang='lat' dir='ltr'><strong>habere;</strong></span> <span class='ocrx_word' id='word_1_195' title='bbox 1342 2966 1455 3005; x_wconf 89' lang='lat' dir='ltr'><strong>non</strong></span> <span class='ocrx_word' id='word_1_196' title='bbox 1485 2958 1671 3005; x_wconf 89' lang='lat' dir='ltr'><strong>tamen</strong></span> <span class='ocrx_word' id='word_1_197' title='bbox 1723 2966 1791 3005; x_wconf 79' lang='lat' dir='ltr'><strong>ex</strong></span> <span class='ocrx_word' id='word_1_198' title='bbox 1818 2963 1969 3004; x_wconf 82' lang='lat' dir='ltr'><strong>som-</strong></span> 
     </span>
    </p>
   </div>
   <div class='ocr_carea' id='block_1_31' title="bbox 389 3040 1970 3112">
    <p class='ocr_par' dir='ltr' id='par_1_31' title="bbox 389 3040 1970 3112">
     <span class='ocr_line' id='line_1_31' title="bbox 389 3040 1970 3112; baseline 0 -17"><span class='ocrx_word' id='word_1_199' title='bbox 389 3041 487 3096; x_wconf 89' lang='lat' dir='ltr'><strong>nio</strong></span> <span class='ocrx_word' id='word_1_200' title='bbox 540 3040 773 3096; x_wconf 82' lang='lat' dir='ltr'><strong>eluctari</strong></span> <span class='ocrx_word' id='word_1_201' title='bbox 825 3040 1006 3097; x_wconf 90' lang='lat' dir='ltr'><strong>licuit.</strong></span> <span class='ocrx_word' id='word_1_202' title='bbox 1049 3042 1244 3111; x_wconf 82' lang='lat' dir='ltr'><strong>Neque</strong></span> <span class='ocrx_word' id='word_1_203' title='bbox 1307 3041 1463 3112; x_wconf 92' lang='lat' dir='ltr'><strong>potui</strong></span> <span class='ocrx_word' id='word_1_204' title='bbox 1512 3040 1831 3106; x_wconf 79' lang='lat' dir='ltr'><strong>eﬂ&#39;ormare,</strong></span> <span class='ocrx_word' id='word_1_205' title='bbox 1873 3048 1970 3095; x_wconf 85' lang='lat' dir='ltr'><strong>aut</strong></span> 
     </span>
    </p>
   </div>
   <div class='ocr_carea' id='block_1_32' title="bbox 389 3130 1967 3204">
    <p class='ocr_par' dir='ltr' id='par_1_32' title="bbox 389 3130 1967 3204">
     <span class='ocr_line' id='line_1_32' title="bbox 389 3130 1967 3204; baseline -0.001 -17"><span class='ocrx_word' id='word_1_206' title='bbox 389 3147 725 3204; x_wconf 85' lang='lat' dir='ltr'><strong>cognoscere</strong></span> <span class='ocrx_word' id='word_1_207' title='bbox 751 3132 904 3202; x_wconf 89' lang='lat' dir='ltr'><strong>quali</strong></span> <span class='ocrx_word' id='word_1_208' title='bbox 933 3133 1118 3203; x_wconf 82' lang='lat' dir='ltr'><strong>specie</strong></span> <span class='ocrx_word' id='word_1_209' title='bbox 1148 3144 1206 3189; x_wconf 91' lang='lat' dir='ltr'><strong>et</strong></span> <span class='ocrx_word' id='word_1_210' title='bbox 1225 3132 1400 3204; x_wconf 79' lang='lat' dir='ltr'><strong>figura</strong></span> <span class='ocrx_word' id='word_1_211' title='bbox 1426 3140 1583 3187; x_wconf 80' lang='lat' dir='ltr'><strong>extra</strong></span> <span class='ocrx_word' id='word_1_212' title='bbox 1606 3147 1812 3202; x_wconf 90' lang='lat' dir='ltr'><strong>corpus</strong></span> <span class='ocrx_word' id='word_1_213' title='bbox 1842 3130 1967 3186; x_wconf 91' lang='lat' dir='ltr'><strong>fue-</strong></span> 
     </span>
    </p>
   </div>
   <div class='ocr_carea' id='block_1_33' title="bbox 388 3314 1969 3384">
    <p class='ocr_par' dir='ltr' id='par_1_33' title="bbox 388 3314 1969 3384">
     <span class='ocr_line' id='line_1_33' title="bbox 388 3314 1969 3384; baseline 0.001 -17"><span class='ocrx_word' id='word_1_214' title='bbox 388 3322 705 3384; x_wconf 86' lang='lat' dir='ltr'><strong>separatam</strong></span> <span class='ocrx_word' id='word_1_215' title='bbox 753 3314 1181 3369; x_wconf 88' lang='lat' dir='ltr'><strong>subsistentiam</strong></span> <span class='ocrx_word' id='word_1_216' title='bbox 1202 3314 1429 3380; x_wconf 86' lang='lat' dir='ltr'><strong>habere,</strong></span> <span class='ocrx_word' id='word_1_217' title='bbox 1459 3325 1518 3371; x_wconf 96' lang='lat' dir='ltr'><strong>et</strong></span> <span class='ocrx_word' id='word_1_218' title='bbox 1548 3315 1673 3373; x_wconf 73' lang='lat' dir='ltr'><strong>sub,</strong></span> <span class='ocrx_word' id='word_1_219' title='bbox 1700 3315 1969 3383; x_wconf 52' lang='lat' dir='ltr'><strong>imaginaa</strong></span> 
     </span>
    </p>
   </div>
   <div class='ocr_carea' id='block_1_34' title="bbox 390 3406 1970 3477">
    <p class='ocr_par' dir='ltr' id='par_1_34' title="bbox 390 3406 1970 3477">
     <span class='ocr_line' id='line_1_34' title="bbox 390 3406 1970 3477; baseline 0.002 -18"><span class='ocrx_word' id='word_1_220' title='bbox 390 3406 596 3462; x_wconf 89' lang='lat' dir='ltr'><strong>tionem</strong></span> <span class='ocrx_word' id='word_1_221' title='bbox 627 3422 740 3462; x_wconf 90' lang='lat' dir='ltr'><strong>non</strong></span> <span class='ocrx_word' id='word_1_222' title='bbox 771 3406 992 3463; x_wconf 88' lang='lat' dir='ltr'><strong>cadere.</strong></span> <span class='ocrx_word' id='word_1_223' title='bbox 1017 3406 1099 3462; x_wconf 87' lang='lat' dir='ltr'><strong>Ne</strong></span> <span class='ocrx_word' id='word_1_224' title='bbox 1125 3408 1251 3477; x_wconf 90' lang='lat' dir='ltr'><strong>quis</strong></span> <span class='ocrx_word' id='word_1_225' title='bbox 1280 3407 1430 3463; x_wconf 87' lang='lat' dir='ltr'><strong>enim</strong></span> <span class='ocrx_word' id='word_1_226' title='bbox 1453 3407 1820 3464; x_wconf 86' lang='lat' dir='ltr'><strong>arbitraretur</strong></span> <span class='ocrx_word' id='word_1_227' title='bbox 1847 3406 1970 3462; x_wconf 85' lang='lat' dir='ltr'><strong>ani-</strong></span> 
     </span>
    </p>
   </div>
   <div class='ocr_carea' id='block_1_35' title="bbox 390 3499 1968 3557">
    <p class='ocr_par' dir='ltr' id='par_1_35' title="bbox 390 3499 1968 3557">
     <span class='ocr_line' id='line_1_35' title="bbox 390 3499 1968 3557; baseline 0.001 -4"><span class='ocrx_word' id='word_1_228' title='bbox 390 3515 536 3555; x_wconf 85' lang='lat' dir='ltr'><strong>mam</strong></span> <span class='ocrx_word' id='word_1_229' title='bbox 595 3500 771 3556; x_wconf 85' lang='lat' dir='ltr'><strong>instar</strong></span> <span class='ocrx_word' id='word_1_230' title='bbox 827 3501 965 3556; x_wconf 89' lang='lat' dir='ltr'><strong>fumi</strong></span> <span class='ocrx_word' id='word_1_231' title='bbox 995 3510 1094 3556; x_wconf 92' lang='lat' dir='ltr'><strong>aut</strong></span> <span class='ocrx_word' id='word_1_232' title='bbox 1136 3501 1355 3556; x_wconf 67' lang='lat' dir='ltr'><strong>nebula:</strong></span> <span class='ocrx_word' id='word_1_233' title='bbox 1390 3501 1616 3557; x_wconf 85' lang='lat' dir='ltr'><strong>dissolvi</strong></span> <span class='ocrx_word' id='word_1_234' title='bbox 1646 3510 1703 3557; x_wconf 93' lang='lat' dir='ltr'><strong>et</strong></span> <span class='ocrx_word' id='word_1_235' title='bbox 1738 3499 1968 3556; x_wconf 82' lang='lat' dir='ltr'><strong>interire</strong></span> 
     </span>
    </p>
   </div>
   <div class='ocr_carea' id='block_1_36' title="bbox 389 3592 1968 3664">
    <p class='ocr_par' dir='ltr' id='par_1_36' title="bbox 389 3592 1968 3664">
     <span class='ocr_line' id='line_1_36' title="bbox 389 3592 1968 3664; baseline 0.001 -19"><span class='ocrx_word' id='word_1_236' title='bbox 389 3602 514 3661; x_wconf 85' lang='lat' dir='ltr'><strong>post</strong></span> <span class='ocrx_word' id='word_1_237' title='bbox 557 3603 791 3649; x_wconf 90' lang='lat' dir='ltr'><strong>mortem</strong></span> <span class='ocrx_word' id='word_1_238' title='bbox 823 3634 839 3659; x_wconf 94' lang='lat'><strong>,</strong></span> <span class='ocrx_word' id='word_1_239' title='bbox 890 3594 1364 3664; x_wconf 82' lang='lat' dir='ltr'><strong>quemadmodum</strong></span> <span class='ocrx_word' id='word_1_240' title='bbox 1415 3594 1725 3653; x_wconf 87' lang='lat' dir='ltr'><strong>bestiarum</strong></span> <span class='ocrx_word' id='word_1_241' title='bbox 1785 3592 1968 3647; x_wconf 88' lang='lat' dir='ltr'><strong>anima</strong></span> 
     </span>
    </p>
   </div>
   <div class='ocr_carea' id='block_1_37' title="bbox 383 3685 1969 3760">
    <p class='ocr_par' dir='ltr' id='par_1_37' title="bbox 383 3685 1969 3760">
     <span class='ocr_line' id='line_1_37' title="bbox 383 3685 1969 3760; baseline 0 -21"><span class='ocrx_word' id='word_1_242' title='bbox 383 3695 440 3739; x_wconf 88' lang='lat' dir='ltr'><strong>et</strong></span> <span class='ocrx_word' id='word_1_243' title='bbox 500 3686 730 3760; x_wconf 85' lang='lat' dir='ltr'><strong>spiritus</strong></span> <span class='ocrx_word' id='word_1_244' title='bbox 799 3687 957 3755; x_wconf 84' lang='lat' dir='ltr'><strong>perit,</strong></span> <span class='ocrx_word' id='word_1_245' title='bbox 1024 3686 1279 3744; x_wconf 82' lang='lat' dir='ltr'><strong>Christus</strong></span> <span class='ocrx_word' id='word_1_246' title='bbox 1336 3687 1587 3759; x_wconf 87' lang='lat' dir='ltr'><strong>ejusdem</strong></span> <span class='ocrx_word' id='word_1_247' title='bbox 1658 3685 1969 3741; x_wconf 89' lang='lat' dir='ltr'><strong>subsisten-</strong></span> 
     </span>
    </p>
   </div>
   <div class='ocr_carea' id='block_1_38' title="bbox 386 3777 1970 3857">
    <p class='ocr_par' dir='ltr' id='par_1_38' title="bbox 386 3777 1970 3857">
     <span class='ocr_line' id='line_1_38' title="bbox 386 3777 1970 3857; baseline 0 -26"><span class='ocrx_word' id='word_1_248' title='bbox 386 3778 516 3833; x_wconf 82' lang='lat' dir='ltr'><strong>tiam</strong></span> <span class='ocrx_word' id='word_1_249' title='bbox 557 3787 614 3833; x_wconf 92' lang='lat' dir='ltr'><strong>et</strong></span> <span class='ocrx_word' id='word_1_250' title='bbox 640 3778 1117 3835; x_wconf 89' lang='lat' dir='ltr'><strong>immortalitatem</strong></span> <span class='ocrx_word' id='word_1_251' title='bbox 1148 3778 1514 3857; x_wconf 80' lang='lat' dir='ltr'><strong>sequentibus</strong></span> <span class='ocrx_word' id='word_1_252' title='bbox 1549 3777 1736 3834; x_wconf 86' lang='lat' dir='ltr'><strong>verbis</strong></span> <span class='ocrx_word' id='word_1_253' title='bbox 1783 3786 1970 3832; x_wconf 88' lang='lat' dir='ltr'><strong>astru-</strong></span> 
     </span>
    </p>
   </div>
   <div class='ocr_carea' id='block_1_39' title="bbox 386 3868 1963 3942">
    <p class='ocr_par' dir='ltr' id='par_1_39' title="bbox 386 3868 1963 3942">
     <span class='ocr_line' id='line_1_39' title="bbox 386 3868 1963 3942; baseline -0.001 -18"><span class='ocrx_word' id='word_1_254' title='bbox 386 3871 504 3924; x_wconf 72' lang='lat' dir='ltr'><strong>xit:</strong></span> <span class='ocrx_word' id='word_1_255' title='bbox 536 3868 757 3926; x_wconf 69' lang='lat' dir='ltr'><strong>«Nolite</strong></span> <span class='ocrx_word' id='word_1_256' title='bbox 781 3871 978 3926; x_wconf 89' lang='lat' dir='ltr'><strong>timere</strong></span> <span class='ocrx_word' id='word_1_257' title='bbox 1020 3887 1118 3927; x_wconf 89' lang='lat' dir='ltr'><strong>eos</strong></span> <span class='ocrx_word' id='word_1_258' title='bbox 1145 3872 1240 3942; x_wconf 76' lang='lat' dir='ltr'><strong>qui</strong></span> <span class='ocrx_word' id='word_1_259' title='bbox 1287 3872 1555 3929; x_wconf 89' lang='lat' dir='ltr'><strong>occidunt</strong></span> <span class='ocrx_word' id='word_1_260' title='bbox 1582 3884 1808 3939; x_wconf 91' lang='lat' dir='ltr'><strong>corpus,</strong></span> <span class='ocrx_word' id='word_1_261' title='bbox 1839 3869 1963 3923; x_wconf 90' lang='lat' dir='ltr'><strong>ani-</strong></span> 
     </span>
    </p>
   </div>
   <div class='ocr_carea' id='block_1_40' title="bbox 384 3961 1968 4032">
    <p class='ocr_par' dir='ltr' id='par_1_40' title="bbox 384 3961 1968 4032">
     <span class='ocr_line' id='line_1_40' title="bbox 384 3961 1968 4032; baseline 0.002 -18"><span class='ocrx_word' id='word_1_262' title='bbox 384 3977 531 4019; x_wconf 85' lang='lat' dir='ltr'><strong>mam</strong></span> <span class='ocrx_word' id='word_1_263' title='bbox 565 3977 697 4017; x_wconf 87' lang='lat' dir='ltr'><strong>vero</strong></span> <span class='ocrx_word' id='word_1_264' title='bbox 716 3978 825 4016; x_wconf 85' lang='lat' dir='ltr'><strong>non</strong></span> <span class='ocrx_word' id='word_1_265' title='bbox 856 3972 1087 4032; x_wconf 90' lang='lat' dir='ltr'><strong>possunt</strong></span> <span class='ocrx_word' id='word_1_266' title='bbox 1125 3964 1384 4020; x_wconf 86' lang='lat' dir='ltr'><strong>occidere</strong></span> <span class='ocrx_word' id='word_1_267' title='bbox 1407 3964 1474 4018; x_wconf 77' lang='grc'><strong>³³.</strong></span> <span class='ocrx_word' id='word_1_268' title='bbox 1499 3984 1517 4015; x_wconf 74' lang='grc' dir='ltr'><strong>ι</strong></span> <span class='ocrx_word' id='word_1_269' title='bbox 1548 3964 1742 4032; x_wconf 83' lang='lat' dir='ltr'><strong>itaque</strong></span> <span class='ocrx_word' id='word_1_270' title='bbox 1771 3961 1968 4017; x_wconf 65' lang='lat' dir='ltr'><strong>animat</strong></span> 
     </span>
    </p>
   </div>
   <div class='ocr_carea' id='block_1_41' title="bbox 383 4054 1967 4126">
    <p class='ocr_par' dir='ltr' id='par_1_41' title="bbox 383 4054 1967 4126">
     <span class='ocr_line' id='line_1_41' title="bbox 383 4054 1967 4126; baseline 0 -17"><span class='ocrx_word' id='word_1_271' title='bbox 383 4054 551 4109; x_wconf 84' lang='lat' dir='ltr'><strong>etiam</strong></span> <span class='ocrx_word' id='word_1_272' title='bbox 590 4064 717 4125; x_wconf 83' lang='lat' dir='ltr'><strong>post</strong></span> <span class='ocrx_word' id='word_1_273' title='bbox 763 4055 1017 4126; x_wconf 89' lang='lat' dir='ltr'><strong>corporis</strong></span> <span class='ocrx_word' id='word_1_274' title='bbox 1074 4064 1309 4112; x_wconf 89' lang='lat' dir='ltr'><strong>mortem</strong></span> <span class='ocrx_word' id='word_1_275' title='bbox 1365 4058 1423 4112; x_wconf 90' lang='lat' dir='ltr'><strong>in</strong></span> <span class='ocrx_word' id='word_1_276' title='bbox 1470 4071 1592 4111; x_wconf 90' lang='lat' dir='ltr'><strong>esse</strong></span> <span class='ocrx_word' id='word_1_277' title='bbox 1640 4054 1967 4110; x_wconf 82' lang='lat' dir='ltr'><strong>substantiae</strong></span> 
     </span>
    </p>
   </div>
   <div class='ocr_carea' id='block_1_42' title="bbox 383 4145 1963 4215">
    <p class='ocr_par' dir='ltr' id='par_1_42' title="bbox 383 4145 1963 4215">
     <span class='ocr_line' id='line_1_42' title="bbox 383 4145 1963 4215; baseline 0 -17"><span class='ocrx_word' id='word_1_278' title='bbox 383 4154 747 4214; x_wconf 88' lang='lat' dir='ltr'><strong>permanent,</strong></span> <span class='ocrx_word' id='word_1_279' title='bbox 771 4161 953 4215; x_wconf 83' lang='lat' dir='ltr'><strong>neque</strong></span> <span class='ocrx_word' id='word_1_280' title='bbox 975 4146 1146 4201; x_wconf 88' lang='lat' dir='ltr'><strong>homo</strong></span> <span class='ocrx_word' id='word_1_281' title='bbox 1186 4145 1471 4202; x_wconf 85' lang='lat' dir='ltr'><strong>hominem</strong></span> <span class='ocrx_word' id='word_1_282' title='bbox 1510 4146 1874 4200; x_wconf 76' lang='lat' dir='ltr'><strong>inanimatam</strong></span> <span class='ocrx_word' id='word_1_283' title='bbox 1907 4145 1963 4199; x_wconf 91' lang='lat' dir='ltr'><strong>in</strong></span> 
     </span>
    </p>
   </div>
   <div class='ocr_carea' id='block_1_43' title="bbox 382 4230 1969 4312">
    <p class='ocr_par' dir='ltr' id='par_1_43' title="bbox 382 4230 1969 4312">
     <span class='ocr_line' id='line_1_43' title="bbox 382 4230 1969 4312; baseline 0.001 -20"><span class='ocrx_word' id='word_1_284' title='bbox 382 4249 542 4296; x_wconf 90' lang='lat' dir='ltr'><strong>utero</strong></span> <span class='ocrx_word' id='word_1_285' title='bbox 577 4242 714 4297; x_wconf 86' lang='lat' dir='ltr'><strong>serit</strong></span> <span class='ocrx_word' id='word_1_286' title='bbox 749 4250 807 4296; x_wconf 88' lang='lat' dir='ltr'><strong>et</strong></span> <span class='ocrx_word' id='word_1_287' title='bbox 834 4230 990 4312; x_wconf 76' lang='lat' dir='ltr'><strong>quasi</strong></span> <span class='ocrx_word' id='word_1_288' title='bbox 1018 4242 1232 4307; x_wconf 87' lang='lat' dir='ltr'><strong>condit,</strong></span> <span class='ocrx_word' id='word_1_289' title='bbox 1278 4242 1374 4297; x_wconf 90' lang='lat' dir='ltr'><strong>sed</strong></span> <span class='ocrx_word' id='word_1_290' title='bbox 1406 4240 1717 4312; x_wconf 88' lang='lat' dir='ltr'><strong>perfectum</strong></span> <span class='ocrx_word' id='word_1_291' title='bbox 1748 4249 1804 4295; x_wconf 92' lang='lat' dir='ltr'><strong>et</strong></span> <span class='ocrx_word' id='word_1_292' title='bbox 1848 4240 1969 4294; x_wconf 91' lang='lat' dir='ltr'><strong>ani-</strong></span> 
     </span>
    </p>
   </div>
   <div class='ocr_carea' id='block_1_44' title="bbox 380 4331 1964 4404">
    <p class='ocr_par' dir='ltr' id='par_1_44' title="bbox 380 4331 1964 4404">
     <span class='ocr_line' id='line_1_44' title="bbox 380 4331 1964 4404; baseline 0.001 -19"><span class='ocrx_word' id='word_1_293' title='bbox 380 4340 592 4386; x_wconf 89' lang='lat' dir='ltr'><strong>matum</strong></span> <span class='ocrx_word' id='word_1_294' title='bbox 647 4332 799 4404; x_wconf 79' lang='lat' dir='ltr'><strong>(Si):</strong></span> <span class='ocrx_word' id='word_1_295' title='bbox 855 4349 1037 4404; x_wconf 86' lang='lat' dir='ltr'><strong>neque</strong></span> <span class='ocrx_word' id='word_1_296' title='bbox 1091 4334 1240 4389; x_wconf 92' lang='lat' dir='ltr'><strong>enim</strong></span> <span class='ocrx_word' id='word_1_297' title='bbox 1287 4349 1492 4403; x_wconf 90' lang='lat' dir='ltr'><strong>corpus</strong></span> <span class='ocrx_word' id='word_1_298' title='bbox 1536 4340 1665 4387; x_wconf 88' lang='lat' dir='ltr'><strong>ante</strong></span> <span class='ocrx_word' id='word_1_299' title='bbox 1722 4331 1964 4388; x_wconf 88' lang='lat' dir='ltr'><strong>animam</strong></span> 
     </span>
    </p>
   </div>
   <div class='ocr_carea' id='block_1_45' title="bbox 380 4423 1963 4497">
    <p class='ocr_par' dir='ltr' id='par_1_45' title="bbox 380 4423 1963 4497">
     <span class='ocr_line' id='line_1_45' title="bbox 380 4423 1963 4497; baseline -0.001 -20"><span class='ocrx_word' id='word_1_300' title='bbox 380 4425 507 4489; x_wconf 85' lang='lat' dir='ltr'><strong>fuit,</strong></span> <span class='ocrx_word' id='word_1_301' title='bbox 553 4441 735 4496; x_wconf 91' lang='lat' dir='ltr'><strong>neque</strong></span> <span class='ocrx_word' id='word_1_302' title='bbox 762 4427 949 4483; x_wconf 89' lang='lat' dir='ltr'><strong>anima</strong></span> <span class='ocrx_word' id='word_1_303' title='bbox 988 4434 1117 4481; x_wconf 91' lang='lat' dir='ltr'><strong>ante</strong></span> <span class='ocrx_word' id='word_1_304' title='bbox 1152 4442 1376 4497; x_wconf 85' lang='lat' dir='ltr'><strong>corpus,</strong></span> <span class='ocrx_word' id='word_1_305' title='bbox 1405 4435 1465 4479; x_wconf 94' lang='lat' dir='ltr'><strong>ut</strong></span> <span class='ocrx_word' id='word_1_306' title='bbox 1513 4423 1781 4494; x_wconf 84' lang='lat' dir='ltr'><strong>Origenes</strong></span> <span class='ocrx_word' id='word_1_307' title='bbox 1813 4437 1963 4478; x_wconf 87' lang='lat' dir='ltr'><strong>som-</strong></span> 
     </span>
    </p>
   </div>
   <div class='ocr_carea' id='block_1_46' title="bbox 379 4513 1959 4585">
    <p class='ocr_par' dir='ltr' id='par_1_46' title="bbox 379 4513 1959 4585">
     <span class='ocr_line' id='line_1_46' title="bbox 379 4513 1959 4585; baseline -0.001 -16"><span class='ocrx_word' id='word_1_308' title='bbox 379 4517 519 4572; x_wconf 86' lang='lat' dir='ltr'><strong>niat.</strong></span> <span class='ocrx_word' id='word_1_309' title='bbox 544 4516 614 4571; x_wconf 85' lang='lat' dir='ltr'><strong>At</strong></span> <span class='ocrx_word' id='word_1_310' title='bbox 661 4517 910 4573; x_wconf 70' lang='lat' dir='ltr'><strong>hrcretici</strong></span> <span class='ocrx_word' id='word_1_311' title='bbox 940 4522 1098 4573; x_wconf 87' lang='lat' dir='ltr'><strong>aiunt</strong></span> <span class='ocrx_word' id='word_1_312' title='bbox 1132 4518 1413 4571; x_wconf 80' lang='lat' dir='ltr'><strong>hominem</strong></span> <span class='ocrx_word' id='word_1_313' title='bbox 1454 4530 1656 4585; x_wconf 89' lang='lat' dir='ltr'><strong>corpus</strong></span> <span class='ocrx_word' id='word_1_314' title='bbox 1686 4513 1959 4569; x_wconf 51' lang='lat' dir='ltr'><strong>inanima.</strong></span> 
     </span>
    </p>
   </div>
   <div class='ocr_carea' id='block_1_47' title="bbox 380 4604 1957 4664">
    <p class='ocr_par' dir='ltr' id='par_1_47' title="bbox 380 4604 1957 4664">
     <span class='ocr_line' id='line_1_47' title="bbox 380 4604 1957 4664; baseline 0.001 -6"><span class='ocrx_word' id='word_1_315' title='bbox 380 4617 497 4661; x_wconf 87' lang='lat' dir='ltr'><strong>tum</strong></span> <span class='ocrx_word' id='word_1_316' title='bbox 533 4607 807 4663; x_wconf 90' lang='lat' dir='ltr'><strong>seminare</strong></span> <span class='ocrx_word' id='word_1_317' title='bbox 841 4618 898 4662; x_wconf 91' lang='lat' dir='ltr'><strong>et</strong></span> <span class='ocrx_word' id='word_1_318' title='bbox 925 4608 1221 4663; x_wconf 86' lang='lat' dir='ltr'><strong>fabricare.</strong></span> <span class='ocrx_word' id='word_1_319' title='bbox 1266 4607 1540 4664; x_wconf 65' lang='lat' dir='ltr'><strong>Craterum</strong></span> <span class='ocrx_word' id='word_1_320' title='bbox 1589 4606 1771 4660; x_wconf 90' lang='lat' dir='ltr'><strong>anima</strong></span> <span class='ocrx_word' id='word_1_321' title='bbox 1806 4604 1957 4660; x_wconf 88' lang='lat' dir='ltr'><strong>bruti</strong></span> 
     </span>
    </p>
   </div>
   <div class='ocr_carea' id='block_1_48' title="bbox 380 4698 1958 4770">
    <p class='ocr_par' dir='ltr' id='par_1_48' title="bbox 380 4698 1958 4770">
     <span class='ocr_line' id='line_1_48' title="bbox 380 4698 1958 4770; baseline 0.001 -20"><span class='ocrx_word' id='word_1_322' title='bbox 380 4700 594 4752; x_wconf 87' lang='lat' dir='ltr'><strong>ratione</strong></span> <span class='ocrx_word' id='word_1_323' title='bbox 617 4700 865 4755; x_wconf 88' lang='lat' dir='ltr'><strong>carentis</strong></span> <span class='ocrx_word' id='word_1_324' title='bbox 888 4710 974 4755; x_wconf 87' lang='lat' dir='ltr'><strong>est</strong></span> <span class='ocrx_word' id='word_1_325' title='bbox 1002 4700 1095 4755; x_wconf 88' lang='lat' dir='ltr'><strong>illa</strong></span> <span class='ocrx_word' id='word_1_326' title='bbox 1135 4716 1263 4770; x_wconf 67' lang='lat' dir='ltr'><strong>quae</strong></span> <span class='ocrx_word' id='word_1_327' title='bbox 1312 4714 1412 4770; x_wconf 83' lang='lat' dir='ltr'><strong>per</strong></span> <span class='ocrx_word' id='word_1_328' title='bbox 1441 4714 1666 4754; x_wconf 84' lang='lat' dir='ltr'><strong>aereum</strong></span> <span class='ocrx_word' id='word_1_329' title='bbox 1700 4698 1958 4769; x_wconf 89' lang='lat' dir='ltr'><strong>spiritum</strong></span> 
     </span>
    </p>
   </div>
   <div class='ocr_carea' id='block_1_49' title="bbox 379 4788 1962 4861">
    <p class='ocr_par' dir='ltr' id='par_1_49' title="bbox 379 4788 1962 4861">
     <span class='ocr_line' id='line_1_49' title="bbox 379 4788 1962 4861; baseline 0.001 -18"><span class='ocrx_word' id='word_1_330' title='bbox 379 4788 438 4843; x_wconf 92' lang='lat' dir='ltr'><strong>in</strong></span> <span class='ocrx_word' id='word_1_331' title='bbox 494 4790 762 4861; x_wconf 87' lang='lat' dir='ltr'><strong>sanguine</strong></span> <span class='ocrx_word' id='word_1_332' title='bbox 819 4791 1056 4846; x_wconf 77' lang='lat' dir='ltr'><strong>efﬁcitur</strong></span> <span class='ocrx_word' id='word_1_333' title='bbox 1108 4791 1294 4846; x_wconf 90' lang='lat' dir='ltr'><strong>vitalis</strong></span> <span class='ocrx_word' id='word_1_334' title='bbox 1326 4791 1521 4856; x_wconf 90' lang='lat' dir='ltr'><strong>motio,</strong></span> <span class='ocrx_word' id='word_1_335' title='bbox 1572 4807 1695 4861; x_wconf 72' lang='lat' dir='ltr'><strong>qua:</strong></span> <span class='ocrx_word' id='word_1_336' title='bbox 1722 4805 1848 4844; x_wconf 92' lang='lat' dir='ltr'><strong>cum</strong></span> <span class='ocrx_word' id='word_1_337' title='bbox 1891 4806 1962 4846; x_wconf 81' lang='lat' dir='ltr'><strong>ex</strong></span> 
     </span>
    </p>
   </div>
   <div class='ocr_carea' id='block_1_50' title="bbox 376 4866 1962 4960">
    <p class='ocr_par' dir='ltr' id='par_1_50' title="bbox 376 4866 1962 4960">
     <span class='ocr_line' id='line_1_50' title="bbox 376 4866 1962 4960; baseline 0.002 -27"><span class='ocrx_word' id='word_1_338' title='bbox 376 4878 667 4936; x_wconf 79' lang='lat' dir='ltr'><strong>elementis</strong></span> <span class='ocrx_word' id='word_1_339' title='bbox 716 4890 955 4938; x_wconf 87' lang='lat' dir='ltr'><strong>constet.</strong></span> <span class='ocrx_word' id='word_1_340' title='bbox 999 4882 1054 4938; x_wconf 91' lang='lat' dir='ltr'><strong>in</strong></span> <span class='ocrx_word' id='word_1_341' title='bbox 1104 4866 1297 4960; x_wconf 80' lang='lat' dir='ltr'><strong>eadem</strong></span> <span class='ocrx_word' id='word_1_342' title='bbox 1363 4882 1585 4946; x_wconf 86' lang='lat' dir='ltr'><strong>iterum,</strong></span> <span class='ocrx_word' id='word_1_343' title='bbox 1630 4882 1794 4938; x_wconf 82' lang='lat' dir='ltr'><strong>bruto</strong></span> <span class='ocrx_word' id='word_1_344' title='bbox 1843 4898 1962 4936; x_wconf 87' lang='lat' dir='ltr'><strong>mo-</strong></span> 
     </span>
    </p>
   </div>
   <div class='ocr_carea' id='block_1_51' title="bbox 2091 573 3668 646">
    <p class='ocr_par' dir='ltr' id='par_1_51' title="bbox 2091 573 3668 646">
     <span class='ocr_line' id='line_1_51' title="bbox 2091 573 3668 646; baseline 0.002 -18"><span class='ocrx_word' id='word_1_345' title='bbox 2091 593 2243 646; x_wconf 83' lang='grc' dir='ltr'>μενοι</span> <span class='ocrx_word' id='word_1_346' title='bbox 2270 577 2396 639; x_wconf 85' lang='grc' dir='ltr'>τοὺς</span> <span class='ocrx_word' id='word_1_347' title='bbox 2415 576 2679 639; x_wconf 82' lang='grc' dir='ltr'><strong>δικαίους,</strong></span> <span class='ocrx_word' id='word_1_348' title='bbox 2710 575 2836 637; x_wconf 81' lang='grc' dir='ltr'>τοὺς</span> <span class='ocrx_word' id='word_1_349' title='bbox 2863 574 2920 627; x_wconf 96' lang='lat' dir='ltr'><strong>tv</strong></span> <span class='ocrx_word' id='word_1_350' title='bbox 2948 573 3202 643; x_wconf 77' lang='grc' dir='ltr'>νεφέλαις</span> <span class='ocrx_word' id='word_1_351' title='bbox 3224 573 3668 645; x_wconf 65' lang='grc' dir='ltr'><strong>ἁρπαζομένους,</strong></span> 
     </span>
    </p>
   </div>
   <div class='ocr_carea' id='block_1_52' title="bbox 2086 663 3669 739">
    <p class='ocr_par' dir='ltr' id='par_1_52' title="bbox 2086 663 3669 739">
     <span class='ocr_line' id='line_1_52' title="bbox 2086 663 3669 739; baseline 0.002 -19"><span class='ocrx_word' id='word_1_352' title='bbox 2086 667 2184 720; x_wconf 83' lang='grc' dir='ltr'>καὶ</span> <span class='ocrx_word' id='word_1_353' title='bbox 2228 668 2287 721; x_wconf 83' lang='grc' dir='ltr'>ὲν</span> <span class='ocrx_word' id='word_1_354' title='bbox 2317 665 2569 737; x_wconf 79' lang='grc' dir='ltr'>βασιλείᾳ</span> <span class='ocrx_word' id='word_1_355' title='bbox 2613 664 2705 719; x_wconf 88' lang='grc' dir='ltr'><strong>τοῦ</strong></span> <span class='ocrx_word' id='word_1_356' title='bbox 2746 664 2883 718; x_wconf 84' lang='grc' dir='ltr'>Θεοῦ</span> <span class='ocrx_word' id='word_1_357' title='bbox 2924 665 3064 735; x_wconf 82' lang='grc' dir='ltr'>ὑπὲρ</span> <span class='ocrx_word' id='word_1_358' title='bbox 3090 664 3201 718; x_wconf 81' lang='grc' dir='ltr'>ἄνω</span> <span class='ocrx_word' id='word_1_359' title='bbox 3234 663 3248 715; x_wconf 82' lang='lat' dir='ltr'><strong>i</strong></span> <span class='ocrx_word' id='word_1_360' title='bbox 3287 665 3398 719; x_wconf 80' lang='grc' dir='ltr'><strong>τῶν</strong></span> <span class='ocrx_word' id='word_1_361' title='bbox 3420 665 3669 739; x_wconf 74' lang='grc' dir='ltr'>οὐρανῶν</span> 
     </span>
    </p>
   </div>
   <div class='ocr_carea' id='block_1_53' title="bbox 2085 755 3667 829">
    <p class='ocr_par' dir='ltr' id='par_1_53' title="bbox 2085 755 3667 829">
     <span class='ocr_line' id='line_1_53' title="bbox 2085 755 3667 829; baseline 0.001 -19"><span class='ocrx_word' id='word_1_362' title='bbox 2085 758 2399 825; x_wconf 83' lang='grc' dir='ltr'><strong>ὑπάγοντας</strong></span> <span class='ocrx_word' id='word_1_363' title='bbox 2422 777 2436 790; x_wconf 90' lang='grc'><strong>·</strong></span> <span class='ocrx_word' id='word_1_364' title='bbox 2484 757 2644 829; x_wconf 80' lang='grc' dir='ltr'>πλὴν,</span> <span class='ocrx_word' id='word_1_365' title='bbox 2678 756 2756 821; x_wconf 84' lang='grc' dir='ltr'><strong>ὡς</strong></span> <span class='ocrx_word' id='word_1_366' title='bbox 2791 757 3079 829; x_wconf 85' lang='grc' dir='ltr'>προεῖπον,</span> <span class='ocrx_word' id='word_1_367' title='bbox 3110 755 3232 809; x_wconf 80' lang='grc' dir='ltr'>οὑδὲ</span> <span class='ocrx_word' id='word_1_368' title='bbox 3260 757 3454 825; x_wconf 79' lang='grc' dir='ltr'>γέγονε</span> <span class='ocrx_word' id='word_1_369' title='bbox 3483 760 3667 813; x_wconf 83' lang='grc' dir='ltr'>τελεία</span> 
     </span>
    </p>
   </div>
   <div class='ocr_carea' id='block_1_54' title="bbox 2084 847 3668 922">
    <p class='ocr_par' dir='ltr' id='par_1_54' title="bbox 2084 847 3668 922">
     <span class='ocr_line' id='line_1_54' title="bbox 2084 847 3668 922; baseline 0 -18"><span class='ocrx_word' id='word_1_370' title='bbox 2084 851 2329 914; x_wconf 86' lang='grc' dir='ltr'>κόλασις,</span> <span class='ocrx_word' id='word_1_371' title='bbox 2390 850 2423 922; x_wconf 82' lang='grc' dir='ltr'>ἢ</span> <span class='ocrx_word' id='word_1_372' title='bbox 2479 849 2860 914; x_wconf 83' lang='grc' dir='ltr'>άνταπόδοσις,</span> <span class='ocrx_word' id='word_1_373' title='bbox 2924 847 3049 902; x_wconf 71' lang='grc' dir='ltr'>οὔτε</span> <span class='ocrx_word' id='word_1_374' title='bbox 3114 849 3485 919; x_wconf 80' lang='grc' dir='ltr'><strong>ἁμαρτωλοῖς,</strong></span> <span class='ocrx_word' id='word_1_375' title='bbox 3542 849 3668 904; x_wconf 76' lang='grc' dir='ltr'>οὕτε</span> 
     </span>
    </p>
   </div>
   <div class='ocr_carea' id='block_1_55' title="bbox 2081 940 3667 1014">
    <p class='ocr_par' dir='ltr' id='par_1_55' title="bbox 2081 940 3667 1014">
     <span class='ocr_line' id='line_1_55' title="bbox 2081 940 3667 1014; baseline 0.002 -19"><span class='ocrx_word' id='word_1_376' title='bbox 2081 942 2334 1006; x_wconf 78' lang='grc' dir='ltr'>δικαίοις.</span> <span class='ocrx_word' id='word_1_377' title='bbox 2373 943 2509 996; x_wconf 85' lang='grc' dir='ltr'>Ποία</span> <span class='ocrx_word' id='word_1_378' title='bbox 2536 943 2645 1013; x_wconf 85' lang='grc' dir='ltr'>γὰρ</span> <span class='ocrx_word' id='word_1_379' title='bbox 2674 940 2813 1012; x_wconf 72' lang='grc' dir='ltr'>αὕτη</span> <span class='ocrx_word' id='word_1_380' title='bbox 2843 940 3184 1011; x_wconf 81' lang='grc' dir='ltr'>δικαιοσύνη,</span> <span class='ocrx_word' id='word_1_381' title='bbox 3229 941 3336 1005; x_wconf 77' lang='grc' dir='ltr'>ἵνα,</span> <span class='ocrx_word' id='word_1_382' title='bbox 3365 944 3463 1011; x_wconf 77' lang='grc' dir='ltr'><strong>τῆς</strong></span> <span class='ocrx_word' id='word_1_383' title='bbox 3488 943 3667 1014; x_wconf 74' lang='grc' dir='ltr'>ψυχῆς</span> 
     </span>
    </p>
   </div>
   <div class='ocr_carea' id='block_1_56' title="bbox 2082 1032 3665 1107">
    <p class='ocr_par' dir='ltr' id='par_1_56' title="bbox 2082 1032 3665 1107">
     <span class='ocr_line' id='line_1_56' title="bbox 2082 1032 3665 1107; baseline 0.001 -21"><span class='ocrx_word' id='word_1_384' title='bbox 2082 1034 2180 1087; x_wconf 77' lang='grc' dir='ltr'>καὶ</span> <span class='ocrx_word' id='word_1_385' title='bbox 2202 1034 2298 1087; x_wconf 83' lang='grc' dir='ltr'><strong>τοῦ</strong></span> <span class='ocrx_word' id='word_1_386' title='bbox 2328 1033 2581 1105; x_wconf 84' lang='grc' dir='ltr'>σώματος</span> <span class='ocrx_word' id='word_1_387' title='bbox 2607 1036 2664 1087; x_wconf 90' lang='lat' dir='ltr'><strong>tv</strong></span> <span class='ocrx_word' id='word_1_388' title='bbox 2690 1032 2767 1104; x_wconf 82' lang='grc' dir='ltr'>τῷ</span> <span class='ocrx_word' id='word_1_389' title='bbox 2801 1032 2915 1104; x_wconf 74' lang='grc' dir='ltr'>ἅμα</span> <span class='ocrx_word' id='word_1_390' title='bbox 2946 1033 3405 1104; x_wconf 81' lang='grc' dir='ltr'>ἁμαρτησάντων,</span> <span class='ocrx_word' id='word_1_391' title='bbox 3427 1032 3665 1107; x_wconf 78' lang='grc' dir='ltr'>κολασθῇ</span> 
     </span>
    </p>
   </div>
   <div class='ocr_carea' id='block_1_57' title="bbox 2080 1121 3663 1197">
    <p class='ocr_par' dir='ltr' id='par_1_57' title="bbox 2080 1121 3663 1197">
     <span class='ocr_line' id='line_1_57' title="bbox 2080 1121 3663 1197; baseline -0.001 -19"><span class='ocrx_word' id='word_1_392' title='bbox 2080 1126 2249 1197; x_wconf 72' lang='grc' dir='ltr'>χωρὶς</span> <span class='ocrx_word' id='word_1_393' title='bbox 2285 1126 2379 1179; x_wconf 90' lang='grc' dir='ltr'><strong>τοῦ</strong></span> <span class='ocrx_word' id='word_1_394' title='bbox 2416 1126 2669 1195; x_wconf 86' lang='grc' dir='ltr'>σώματος</span> <span class='ocrx_word' id='word_1_395' title='bbox 2724 1126 2757 1196; x_wconf 81' lang='grc' dir='ltr'>ἢ</span> <span class='ocrx_word' id='word_1_396' title='bbox 2787 1126 3109 1196; x_wconf 83' lang='grc' dir='ltr'>στεφανωθῇ</span> <span class='ocrx_word' id='word_1_397' title='bbox 3140 1124 3326 1195; x_wconf 47' lang='lat' dir='ltr'><strong>dum;</strong></span> <span class='ocrx_word' id='word_1_398' title='bbox 3360 1126 3468 1179; x_wconf 75' lang='lat' dir='ltr'><strong>Kal.</strong></span> <span class='ocrx_word' id='word_1_399' title='bbox 3496 1121 3663 1179; x_wconf 74' lang='grc' dir='ltr'>ἄκουο</span> 
     </span>
    </p>
   </div>
   <div class='ocr_carea' id='block_1_58' title="bbox 2083 1215 3665 1287">
    <p class='ocr_par' dir='ltr' id='par_1_58' title="bbox 2083 1215 3665 1287">
     <span class='ocr_line' id='line_1_58' title="bbox 2083 1215 3665 1287; baseline 0 -18"><span class='ocrx_word' id='word_1_400' title='bbox 2083 1233 2175 1269; x_wconf 87' lang='grc' dir='ltr'><strong>σον</strong></span> <span class='ocrx_word' id='word_1_401' title='bbox 2208 1216 2422 1270; x_wconf 87' lang='grc' dir='ltr'>Παύλου</span> <span class='ocrx_word' id='word_1_402' title='bbox 2451 1216 2547 1270; x_wconf 86' lang='grc' dir='ltr'><strong>τοῦ</strong></span> <span class='ocrx_word' id='word_1_403' title='bbox 2584 1216 2947 1280; x_wconf 85' lang='grc' dir='ltr'>διδάσκοντος.</span> <span class='ocrx_word' id='word_1_404' title='bbox 2991 1216 3131 1287; x_wconf 77' lang='grc' dir='ltr'>Περὶ</span> <span class='ocrx_word' id='word_1_405' title='bbox 3174 1215 3274 1286; x_wconf 83' lang='grc' dir='ltr'>μὲν</span> <span class='ocrx_word' id='word_1_406' title='bbox 3303 1218 3413 1286; x_wconf 68' lang='grc' dir='ltr'><strong>γὰρ</strong></span> <span class='ocrx_word' id='word_1_407' title='bbox 3439 1216 3665 1271; x_wconf 84' lang='grc' dir='ltr'>δικαίων</span> 
     </span>
    </p>
   </div>
   <div class='ocr_carea' id='block_1_59' title="bbox 2080 1306 3664 1381">
    <p class='ocr_par' dir='ltr' id='par_1_59' title="bbox 2080 1306 3664 1381">
     <span class='ocr_line' id='line_1_59' title="bbox 2080 1306 3664 1381; baseline 0.001 -22"><span class='ocrx_word' id='word_1_408' title='bbox 2080 1306 2225 1361; x_wconf 82' lang='grc' dir='ltr'>οὕτω</span> <span class='ocrx_word' id='word_1_409' title='bbox 2272 1307 2440 1377; x_wconf 82' lang='grc' dir='ltr'>λέγει,</span> <span class='ocrx_word' id='word_1_410' title='bbox 2482 1309 2564 1361; x_wconf 86' lang='grc' dir='ltr'>ὅτι</span> <span class='ocrx_word' id='word_1_411' title='bbox 2608 1327 2626 1360; x_wconf 81' lang='grc' dir='ltr'><strong>ι</strong></span> <span class='ocrx_word' id='word_1_412' title='bbox 2652 1308 3112 1381; x_wconf 80' lang='grc' dir='ltr'>Μαρτυρηθέντες</span> <span class='ocrx_word' id='word_1_413' title='bbox 3161 1307 3251 1360; x_wconf 86' lang='grc' dir='ltr'><strong>διὰ</strong></span> <span class='ocrx_word' id='word_1_414' title='bbox 3298 1308 3398 1377; x_wconf 82' lang='grc' dir='ltr'>τῆς</span> <span class='ocrx_word' id='word_1_415' title='bbox 3427 1308 3664 1371; x_wconf 77' lang='grc' dir='ltr'>πίστεως</span> 
     </span>
    </p>
   </div>
   <div class='ocr_carea' id='block_1_60' title="bbox 2079 1396 3660 1478">
    <p class='ocr_par' dir='ltr' id='par_1_60' title="bbox 2079 1396 3660 1478">
     <span class='ocr_line' id='line_1_60' title="bbox 2079 1396 3660 1478; baseline 0.001 -27"><span class='ocrx_word' id='word_1_416' title='bbox 2079 1396 2247 1452; x_wconf 66' lang='grc' dir='ltr'>οὑπωο</span> <span class='ocrx_word' id='word_1_417' title='bbox 2293 1398 2391 1463; x_wconf 81' lang='grc' dir='ltr'><strong>τὰς</strong></span> <span class='ocrx_word' id='word_1_418' title='bbox 2445 1400 2780 1478; x_wconf 74' lang='grc' dir='ltr'>ἐπαγγελίας</span> <span class='ocrx_word' id='word_1_419' title='bbox 2833 1399 3278 1478; x_wconf 79' lang='grc' dir='ltr'>ὲπεκομίσαντο·</span> <span class='ocrx_word' id='word_1_420' title='bbox 3336 1398 3431 1452; x_wconf 88' lang='grc' dir='ltr'><strong>τοῦ</strong></span> <span class='ocrx_word' id='word_1_421' title='bbox 3500 1397 3660 1462; x_wconf 86' lang='grc' dir='ltr'>Θεοῦ,</span> 
     </span>
    </p>
   </div>
   <div class='ocr_carea' id='block_1_61' title="bbox 2080 1474 3660 1563">
    <p class='ocr_par' dir='ltr' id='par_1_61' title="bbox 2080 1474 3660 1563">
     <span class='ocr_line' id='line_1_61' title="bbox 2080 1474 3660 1563; baseline 0.002 -20"><span class='ocrx_word' id='word_1_422' title='bbox 2080 1492 2231 1560; x_wconf 79' lang='grc' dir='ltr'>φησὶ,</span> <span class='ocrx_word' id='word_1_423' title='bbox 2260 1493 2389 1563; x_wconf 76' lang='grc' dir='ltr'>περὶ</span> <span class='ocrx_word' id='word_1_424' title='bbox 2404 1492 2564 1563; x_wconf 81' lang='grc' dir='ltr'>ἡμῶν</span> <span class='ocrx_word' id='word_1_425' title='bbox 2586 1474 2832 1563; x_wconf 68' lang='grc' dir='ltr'>κρεῦττόν</span> <span class='ocrx_word' id='word_1_426' title='bbox 2858 1510 2909 1545; x_wconf 85' lang='grc' dir='ltr'><strong>τι</strong></span> <span class='ocrx_word' id='word_1_427' title='bbox 2932 1474 3413 1562; x_wconf 58' lang='grc' dir='ltr'>προϐλεψαμένου,</span> <span class='ocrx_word' id='word_1_428' title='bbox 3447 1491 3535 1546; x_wconf 75' lang='grc' dir='ltr'>ἵνα</span> <span class='ocrx_word' id='word_1_429' title='bbox 3584 1495 3660 1563; x_wconf 81' lang='grc' dir='ltr'>μὴ</span> 
     </span>
    </p>
   </div>
   <div class='ocr_carea' id='block_1_62' title="bbox 2078 1572 3661 1652">
    <p class='ocr_par' dir='ltr' id='par_1_62' title="bbox 2078 1572 3661 1652">
     <span class='ocr_line' id='line_1_62' title="bbox 2078 1572 3661 1652; baseline 0.001 -19"><span class='ocrx_word' id='word_1_430' title='bbox 2078 1581 2248 1652; x_wconf 77' lang='grc' dir='ltr'>χωρὶς</span> <span class='ocrx_word' id='word_1_431' title='bbox 2287 1580 2445 1652; x_wconf 81' lang='grc' dir='ltr'>ἡμῶν</span> <span class='ocrx_word' id='word_1_432' title='bbox 2490 1580 2845 1635; x_wconf 87' lang='grc' dir='ltr'>τελειωθῶσι.</span> <span class='ocrx_word' id='word_1_433' title='bbox 2868 1599 2888 1637; x_wconf 72' lang='grc' dir='ltr'><strong>ι</strong></span> <span class='ocrx_word' id='word_1_434' title='bbox 2922 1582 3031 1634; x_wconf 80' lang='grc' dir='ltr'><strong>Καὶ</strong></span> <span class='ocrx_word' id='word_1_435' title='bbox 3067 1572 3229 1634; x_wconf 79' lang='grc' dir='ltr'>πάλιν</span> <span class='ocrx_word' id='word_1_436' title='bbox 3271 1580 3437 1649; x_wconf 86' lang='grc' dir='ltr'>φησίν</span> <span class='ocrx_word' id='word_1_437' title='bbox 3462 1595 3476 1609; x_wconf 89' lang='grc'><strong>·</strong></span> <span class='ocrx_word' id='word_1_438' title='bbox 3511 1581 3661 1634; x_wconf 76' lang='grc' dir='ltr'>«Ἵνα</span> 
     </span>
    </p>
   </div>
   <div class='ocr_carea' id='block_1_63' title="bbox 2077 1669 3661 1744">
    <p class='ocr_par' dir='ltr' id='par_1_63' title="bbox 2077 1669 3661 1744">
     <span class='ocr_line' id='line_1_63' title="bbox 2077 1669 3661 1744; baseline 0 -20"><span class='ocrx_word' id='word_1_439' title='bbox 2077 1673 2304 1737; x_wconf 77' lang='grc' dir='ltr'>ἕκαστος</span> <span class='ocrx_word' id='word_1_440' title='bbox 2348 1672 2506 1744; x_wconf 75' lang='grc' dir='ltr'>ἡμῶν</span> <span class='ocrx_word' id='word_1_441' title='bbox 2544 1674 2840 1744; x_wconf 78' lang='grc' dir='ltr'>κομίσηται</span> <span class='ocrx_word' id='word_1_442' title='bbox 2884 1670 2954 1726; x_wconf 83' lang='grc' dir='ltr'><strong>τά</strong></span> <span class='ocrx_word' id='word_1_443' title='bbox 2989 1672 3080 1725; x_wconf 82' lang='grc' dir='ltr'><strong>διὰ</strong></span> <span class='ocrx_word' id='word_1_444' title='bbox 3138 1670 3233 1725; x_wconf 89' lang='grc' dir='ltr'><strong>τοῦ</strong></span> <span class='ocrx_word' id='word_1_445' title='bbox 3273 1669 3526 1742; x_wconf 84' lang='grc' dir='ltr'>σώματος</span> <span class='ocrx_word' id='word_1_446' title='bbox 3559 1687 3661 1724; x_wconf 91' lang='grc' dir='ltr'>πε-</span> 
     </span>
    </p>
   </div>
   <div class='ocr_carea' id='block_1_64' title="bbox 2079 1761 3662 1835">
    <p class='ocr_par' dir='ltr' id='par_1_64' title="bbox 2079 1761 3662 1835">
     <span class='ocr_line' id='line_1_64' title="bbox 2079 1761 3662 1835; baseline -0.001 -20"><span class='ocrx_word' id='word_1_447' title='bbox 2079 1764 2396 1834; x_wconf 78' lang='grc' dir='ltr'>πραγμένα,</span> <span class='ocrx_word' id='word_1_448' title='bbox 2435 1783 2453 1815; x_wconf 70' lang='grc' dir='ltr'><strong>ι</strong></span> <span class='ocrx_word' id='word_1_449' title='bbox 2482 1764 2720 1832; x_wconf 77' lang='grc' dir='ltr'>δεικνὺς,</span> <span class='ocrx_word' id='word_1_450' title='bbox 2751 1765 2834 1817; x_wconf 84' lang='grc' dir='ltr'>ὅτι</span> <span class='ocrx_word' id='word_1_451' title='bbox 2868 1764 3040 1835; x_wconf 72' lang='grc' dir='ltr'>χωρὶς</span> <span class='ocrx_word' id='word_1_452' title='bbox 3082 1763 3176 1817; x_wconf 88' lang='grc' dir='ltr'><strong>τοῦ</strong></span> <span class='ocrx_word' id='word_1_453' title='bbox 3222 1762 3473 1833; x_wconf 81' lang='grc' dir='ltr'>σώματος</span> <span class='ocrx_word' id='word_1_454' title='bbox 3508 1761 3662 1815; x_wconf 80' lang='grc' dir='ltr'>οὐδὲν</span> 
     </span>
    </p>
   </div>
   <div class='ocr_carea' id='block_1_65' title="bbox 2013 1853 3004 1930">
    <p class='ocr_par' dir='ltr' id='par_1_65' title="bbox 2013 1853 3004 1930">
     <span class='ocr_line' id='line_1_65' title="bbox 2013 1853 3004 1930; baseline 0.001 -22"><span class='ocrx_word' id='word_1_455' title='bbox 2013 1853 2054 1908; x_wconf 85' lang='grc' dir='ltr'><strong><em>Β</em></strong></span> <span class='ocrx_word' id='word_1_456' title='bbox 2082 1855 2321 1921; x_wconf 76' lang='grc' dir='ltr'>τοιοῦτον</span> <span class='ocrx_word' id='word_1_457' title='bbox 2344 1857 2378 1926; x_wconf 77' lang='grc' dir='ltr'>ἡ</span> <span class='ocrx_word' id='word_1_458' title='bbox 2414 1856 2561 1927; x_wconf 75' lang='grc' dir='ltr'>ψυχὴ</span> <span class='ocrx_word' id='word_1_459' title='bbox 2590 1857 3004 1930; x_wconf 86' lang='grc' dir='ltr'>διαπράττεται.</span> 
     </span>
    </p>
   </div>
   <div class='ocr_carea' id='block_1_66' title="bbox 2155 1944 3661 2018">
    <p class='ocr_par' dir='ltr' id='par_1_66' title="bbox 2155 1944 3661 2018">
     <span class='ocr_line' id='line_1_66' title="bbox 2155 1944 3661 2018; baseline -0.001 -19"><span class='ocrx_word' id='word_1_460' title='bbox 2155 1946 2302 2016; x_wconf 76' lang='grc' dir='ltr'>Πλὴν</span> <span class='ocrx_word' id='word_1_461' title='bbox 2333 1948 2427 2000; x_wconf 75' lang='grc' dir='ltr'>καὶ</span> <span class='ocrx_word' id='word_1_462' title='bbox 2478 1948 2533 2000; x_wconf 88' lang='grc' dir='ltr'><strong>αί</strong></span> <span class='ocrx_word' id='word_1_463' title='bbox 2577 1947 2686 1999; x_wconf 86' lang='grc' dir='ltr'><strong>τῶν</strong></span> <span class='ocrx_word' id='word_1_464' title='bbox 2733 1945 3079 2018; x_wconf 77' lang='grc' dir='ltr'>ἁμαρτωλῶν</span> <span class='ocrx_word' id='word_1_465' title='bbox 3131 1944 3304 2015; x_wconf 76' lang='grc' dir='ltr'>ψυχαὶ</span> <span class='ocrx_word' id='word_1_466' title='bbox 3357 1946 3415 1998; x_wconf 86' lang='lat' dir='ltr'><strong>tv</strong></span> <span class='ocrx_word' id='word_1_467' title='bbox 3463 1950 3661 2017; x_wconf 77' lang='grc' dir='ltr'>μερικῇ</span> 
     </span>
    </p>
   </div>
   <div class='ocr_carea' id='block_1_67' title="bbox 2080 2033 3658 2109">
    <p class='ocr_par' dir='ltr' id='par_1_67' title="bbox 2080 2033 3658 2109">
     <span class='ocr_line' id='line_1_67' title="bbox 2080 2033 3658 2109; baseline -0.002 -20"><span class='ocrx_word' id='word_1_468' title='bbox 2080 2035 2241 2108; x_wconf 80' lang='grc' dir='ltr'>ὀδύνῃ</span> <span class='ocrx_word' id='word_1_469' title='bbox 2269 2037 2363 2090; x_wconf 69' lang='grc' dir='ltr'>καὶ</span> <span class='ocrx_word' id='word_1_470' title='bbox 2394 2036 2618 2108; x_wconf 78' lang='grc' dir='ltr'>λυπηρᾷ</span> <span class='ocrx_word' id='word_1_471' title='bbox 2652 2036 2952 2109; x_wconf 82' lang='grc' dir='ltr'>προσδοκίᾳ</span> <span class='ocrx_word' id='word_1_472' title='bbox 2979 2034 3140 2090; x_wconf 80' lang='grc' dir='ltr'>εἰσίν.</span> <span class='ocrx_word' id='word_1_473' title='bbox 3189 2033 3424 2105; x_wconf 84' lang='grc' dir='ltr'>Ὁμοίως</span> <span class='ocrx_word' id='word_1_474' title='bbox 3478 2038 3574 2088; x_wconf 80' lang='grc' dir='ltr'>καὶ</span> <span class='ocrx_word' id='word_1_475' title='bbox 3600 2037 3658 2087; x_wconf 89' lang='grc' dir='ltr'>αἱ</span> 
     </span>
    </p>
   </div>
   <div class='ocr_carea' id='block_1_68' title="bbox 2080 2120 3662 2197">
    <p class='ocr_par' dir='ltr' id='par_1_68' title="bbox 2080 2120 3662 2197">
     <span class='ocr_line' id='line_1_68' title="bbox 2080 2120 3662 2197; baseline -0.005 -18"><span class='ocrx_word' id='word_1_476' title='bbox 2080 2125 2188 2179; x_wconf 77' lang='grc' dir='ltr'>τῶν</span> <span class='ocrx_word' id='word_1_477' title='bbox 2224 2126 2449 2180; x_wconf 87' lang='grc' dir='ltr'>δικαίων</span> <span class='ocrx_word' id='word_1_478' title='bbox 2478 2126 2651 2197; x_wconf 72' lang='grc' dir='ltr'>ψυχαὶ</span> <span class='ocrx_word' id='word_1_479' title='bbox 2676 2126 2733 2178; x_wconf 81' lang='lat' dir='ltr'><strong>tv</strong></span> <span class='ocrx_word' id='word_1_480' title='bbox 2759 2125 2906 2196; x_wconf 80' lang='grc' dir='ltr'>χαρᾷ</span> <span class='ocrx_word' id='word_1_481' title='bbox 2929 2141 3037 2177; x_wconf 91' lang='grc' dir='ltr'>τινι</span> <span class='ocrx_word' id='word_1_482' title='bbox 3064 2123 3161 2177; x_wconf 79' lang='grc' dir='ltr'>καὶ</span> <span class='ocrx_word' id='word_1_483' title='bbox 3207 2121 3444 2192; x_wconf 74' lang='grc' dir='ltr'>εὐθυμία</span> <span class='ocrx_word' id='word_1_484' title='bbox 3465 2120 3662 2189; x_wconf 80' lang='grc' dir='ltr'>τυγχά-</span> 
     </span>
    </p>
   </div>
   <div class='ocr_carea' id='block_1_69' title="bbox 2081 2210 3661 2283">
    <p class='ocr_par' dir='ltr' id='par_1_69' title="bbox 2081 2210 3661 2283">
     <span class='ocr_line' id='line_1_69' title="bbox 2081 2210 3661 2283; baseline -0.008 -9"><span class='ocrx_word' id='word_1_485' title='bbox 2081 2235 2252 2274; x_wconf 87' lang='grc' dir='ltr'>νουσι.</span> <span class='ocrx_word' id='word_1_486' title='bbox 2285 2218 2398 2272; x_wconf 78' lang='grc' dir='ltr'><strong>Καὶ</strong></span> <span class='ocrx_word' id='word_1_487' title='bbox 2419 2218 2568 2283; x_wconf 81' lang='grc' dir='ltr'>ὅπως</span> <span class='ocrx_word' id='word_1_488' title='bbox 2605 2217 2702 2272; x_wconf 78' lang='grc' dir='ltr'>καὶ</span> <span class='ocrx_word' id='word_1_489' title='bbox 2734 2215 3001 2278; x_wconf 83' lang='grc' dir='ltr'>ὀπτασίας</span> <span class='ocrx_word' id='word_1_490' title='bbox 3033 2214 3187 2276; x_wconf 76' lang='grc' dir='ltr'>τινὰς</span> <span class='ocrx_word' id='word_1_491' title='bbox 3215 2210 3496 2265; x_wconf 84' lang='grc' dir='ltr'>ποιοῦνται</span> <span class='ocrx_word' id='word_1_492' title='bbox 3528 2210 3661 2280; x_wconf 65' lang='grc' dir='ltr'>πρὶς</span> 
     </span>
    </p>
   </div>
   <div class='ocr_carea' id='block_1_70' title="bbox 2078 2305 3661 2383">
    <p class='ocr_par' dir='ltr' id='par_1_70' title="bbox 2078 2305 3661 2383">
     <span class='ocr_line' id='line_1_70' title="bbox 2078 2305 3661 2383; baseline -0.005 -16"><span class='ocrx_word' id='word_1_493' title='bbox 2078 2315 2205 2377; x_wconf 86' lang='grc' dir='ltr'>τοὺς</span> <span class='ocrx_word' id='word_1_494' title='bbox 2232 2313 2522 2383; x_wconf 83' lang='grc' dir='ltr'>περιόντας</span> <span class='ocrx_word' id='word_1_495' title='bbox 2571 2312 2630 2365; x_wconf 81' lang='lat' dir='ltr'><strong>tv</strong></span> <span class='ocrx_word' id='word_1_496' title='bbox 2673 2312 2859 2382; x_wconf 78' lang='grc' dir='ltr'>σαρκὶ,</span> <span class='ocrx_word' id='word_1_497' title='bbox 2902 2308 3410 2381; x_wconf 80' lang='grc' dir='ltr'>ἐπιμνησθήσομαι.</span> <span class='ocrx_word' id='word_1_498' title='bbox 3456 2305 3661 2375; x_wconf 82' lang='grc' dir='ltr'>Διηγή·</span> 
     </span>
    </p>
   </div>
   <div class='ocr_carea' id='block_1_71' title="bbox 2081 2399 3661 2477">
    <p class='ocr_par' dir='ltr' id='par_1_71' title="bbox 2081 2399 3661 2477">
     <span class='ocr_line' id='line_1_71' title="bbox 2081 2399 3661 2477; baseline -0.008 -17"><span class='ocrx_word' id='word_1_499' title='bbox 2081 2406 2214 2461; x_wconf 89' lang='grc' dir='ltr'>σατό</span> <span class='ocrx_word' id='word_1_500' title='bbox 2244 2406 2336 2477; x_wconf 90' lang='grc' dir='ltr'><strong>μοί</strong></span> <span class='ocrx_word' id='word_1_501' title='bbox 2371 2423 2476 2470; x_wconf 89' lang='grc' dir='ltr'>τις,</span> <span class='ocrx_word' id='word_1_502' title='bbox 2501 2405 2584 2458; x_wconf 84' lang='grc' dir='ltr'>ὅτι</span> <span class='ocrx_word' id='word_1_503' title='bbox 2612 2403 2924 2474; x_wconf 85' lang='grc' dir='ltr'>Ἐπιμελῶς</span> <span class='ocrx_word' id='word_1_504' title='bbox 2973 2402 3068 2457; x_wconf 85' lang='grc' dir='ltr'>καὶ</span> <span class='ocrx_word' id='word_1_505' title='bbox 3101 2399 3357 2472; x_wconf 76' lang='grc' dir='ltr'>ὲμπόνως</span> <span class='ocrx_word' id='word_1_506' title='bbox 3407 2414 3661 2468; x_wconf 77' lang='grc' dir='ltr'>παρακαο</span> 
     </span>
    </p>
   </div>
   <div class='ocr_carea' id='block_1_72' title="bbox 2079 2490 3658 2567">
    <p class='ocr_par' dir='ltr' id='par_1_72' title="bbox 2079 2490 3658 2567">
     <span class='ocr_line' id='line_1_72' title="bbox 2079 2490 3658 2567; baseline -0.008 -15"><span class='ocrx_word' id='word_1_507' title='bbox 2079 2499 2335 2563; x_wconf 83' lang='grc' dir='ltr'>λέσαντος</span> <span class='ocrx_word' id='word_1_508' title='bbox 2367 2498 2396 2537; x_wconf 76' lang='grc' dir='ltr'>ιι</span> <span class='ocrx_word' id='word_1_509' title='bbox 2447 2498 2541 2550; x_wconf 77' lang='grc' dir='ltr'>τὸν</span> <span class='ocrx_word' id='word_1_510' title='bbox 2575 2496 2709 2550; x_wconf 79' lang='grc' dir='ltr'>Θεὸν</span> <span class='ocrx_word' id='word_1_511' title='bbox 2747 2498 2877 2565; x_wconf 81' lang='grc' dir='ltr'>περὶ</span> <span class='ocrx_word' id='word_1_512' title='bbox 2902 2490 3003 2567; x_wconf 69' lang='grc' dir='ltr'><strong>⁸εῆς</strong></span> <span class='ocrx_word' id='word_1_513' title='bbox 3039 2491 3318 2562; x_wconf 79' lang='grc' dir='ltr'>διαγωγῆς</span> <span class='ocrx_word' id='word_1_514' title='bbox 3365 2491 3461 2544; x_wconf 76' lang='grc' dir='ltr'>καὶ</span> <span class='ocrx_word' id='word_1_515' title='bbox 3489 2505 3658 2542; x_wconf 86' lang='grc' dir='ltr'>κατα-</span> 
     </span>
    </p>
   </div>
   <div class='ocr_carea' id='block_1_73' title="bbox 2081 2576 3658 2659">
    <p class='ocr_par' dir='ltr' id='par_1_73' title="bbox 2081 2576 3658 2659">
     <span class='ocr_line' id='line_1_73' title="bbox 2081 2576 3658 2659; baseline -0.008 -17"><span class='ocrx_word' id='word_1_516' title='bbox 2081 2591 2323 2654; x_wconf 84' lang='grc' dir='ltr'>στάσεως</span> <span class='ocrx_word' id='word_1_517' title='bbox 2362 2589 2463 2659; x_wconf 87' lang='grc' dir='ltr'>τῆς</span> <span class='ocrx_word' id='word_1_518' title='bbox 2500 2587 2678 2658; x_wconf 76' lang='grc' dir='ltr'>ψυχῆς</span> <span class='ocrx_word' id='word_1_519' title='bbox 2711 2588 2810 2656; x_wconf 84' lang='grc' dir='ltr'>τῆς</span> <span class='ocrx_word' id='word_1_520' title='bbox 2841 2585 3221 2658; x_wconf 78' lang='grc' dir='ltr'>χωριζομένης</span> <span class='ocrx_word' id='word_1_521' title='bbox 3246 2584 3312 2634; x_wconf 75' lang='grc' dir='ltr'>ὲκ</span> <span class='ocrx_word' id='word_1_522' title='bbox 3334 2579 3430 2633; x_wconf 90' lang='grc' dir='ltr'><strong>τοῦ</strong></span> <span class='ocrx_word' id='word_1_523' title='bbox 3467 2576 3658 2648; x_wconf 79' lang='grc' dir='ltr'>σώμα-</span> 
     </span>
    </p>
   </div>
   <div class='ocr_carea' id='block_1_74' title="bbox 2076 2670 3658 2755">
    <p class='ocr_par' dir='ltr' id='par_1_74' title="bbox 2076 2670 3658 2755">
     <span class='ocr_line' id='line_1_74' title="bbox 2076 2670 3658 2755; baseline -0.009 -21"><span class='ocrx_word' id='word_1_524' title='bbox 2076 2699 2201 2747; x_wconf 66' lang='grc' dir='ltr'>τος,</span> <span class='ocrx_word' id='word_1_525' title='bbox 2248 2680 2519 2752; x_wconf 73' lang='grc' dir='ltr'>ἐθεώρουν</span> <span class='ocrx_word' id='word_1_526' title='bbox 2566 2682 2623 2733; x_wconf 80' lang='grc' dir='ltr'>ἐν</span> <span class='ocrx_word' id='word_1_527' title='bbox 2673 2679 2912 2750; x_wconf 81' lang='grc' dir='ltr'>ὁράματι</span> <span class='ocrx_word' id='word_1_528' title='bbox 2943 2676 3045 2748; x_wconf 80' lang='grc' dir='ltr'>τῆς</span> <span class='ocrx_word' id='word_1_529' title='bbox 3087 2674 3281 2755; x_wconf 74' lang='grc' dir='ltr'>νυκτδς</span> <span class='ocrx_word' id='word_1_530' title='bbox 3334 2670 3524 2726; x_wconf 77' lang='grc' dir='ltr'>ἑαυτὸν</span> <span class='ocrx_word' id='word_1_531' title='bbox 3577 2671 3658 2732; x_wconf 76' lang='grc' dir='ltr'><strong>εἰς</strong></span> 
     </span>
    </p>
   </div>
   <div class='ocr_carea' id='block_1_75' title="bbox 2076 2766 3654 2846">
    <p class='ocr_par' dir='ltr' id='par_1_75' title="bbox 2076 2766 3654 2846">
     <span class='ocr_line' id='line_1_75' title="bbox 2076 2766 3654 2846; baseline -0.01 -17"><span class='ocrx_word' id='word_1_532' title='bbox 2076 2773 2379 2846; x_wconf 78' lang='grc' dir='ltr'>ἀμπελῶνά</span> <span class='ocrx_word' id='word_1_533' title='bbox 2431 2786 2555 2826; x_wconf 87' lang='grc' dir='ltr'>τινα</span> <span class='ocrx_word' id='word_1_534' title='bbox 2586 2770 2924 2843; x_wconf 78' lang='grc' dir='ltr'>ὑπάρχοντα,</span> <span class='ocrx_word' id='word_1_535' title='bbox 2953 2769 3015 2823; x_wconf 80' lang='grc' dir='ltr'>τὸ</span> <span class='ocrx_word' id='word_1_536' title='bbox 3048 2767 3105 2821; x_wconf 81' lang='grc' dir='ltr'>δὲ</span> <span class='ocrx_word' id='word_1_537' title='bbox 3131 2766 3292 2834; x_wconf 82' lang='grc' dir='ltr'>σῶμά</span> <span class='ocrx_word' id='word_1_538' title='bbox 3321 2780 3425 2835; x_wconf 90' lang='grc' dir='ltr'><strong>μου</strong></span> <span class='ocrx_word' id='word_1_539' title='bbox 3477 2778 3654 2832; x_wconf 82' lang='grc' dir='ltr'>κεχω-</span> 
     </span>
    </p>
   </div>
   <div class='ocr_carea' id='block_1_76' title="bbox 2082 2854 3657 2940">
    <p class='ocr_par' dir='ltr' id='par_1_76' title="bbox 2082 2854 3657 2940">
     <span class='ocr_line' id='line_1_76' title="bbox 2082 2854 3657 2940; baseline -0.01 -19"><span class='ocrx_word' id='word_1_540' title='bbox 2082 2866 2336 2940; x_wconf 69' lang='grc' dir='ltr'>ρισμένον</span> <span class='ocrx_word' id='word_1_541' title='bbox 2395 2864 2492 2920; x_wconf 81' lang='grc' dir='ltr'><strong>ἀπ’</strong></span> <span class='ocrx_word' id='word_1_542' title='bbox 2538 2862 2698 2933; x_wconf 74' lang='grc' dir='ltr'>ἐμοῦ,</span> <span class='ocrx_word' id='word_1_543' title='bbox 2746 2861 2842 2915; x_wconf 81' lang='grc' dir='ltr'>καὶ</span> <span class='ocrx_word' id='word_1_544' title='bbox 2885 2860 2996 2915; x_wconf 80' lang='grc' dir='ltr'><strong>ἀπὸ</strong></span> <span class='ocrx_word' id='word_1_545' title='bbox 3044 2856 3241 2931; x_wconf 78' lang='grc' dir='ltr'>μικροῦ</span> <span class='ocrx_word' id='word_1_546' title='bbox 3286 2854 3657 2925; x_wconf 82' lang='grc' dir='ltr'>διαστήματος</span> 
     </span>
    </p>
   </div>
   <div class='ocr_carea' id='block_1_77' title="bbox 2077 2943 3657 3030">
    <p class='ocr_par' dir='ltr' id='par_1_77' title="bbox 2077 2943 3657 3030">
     <span class='ocr_line' id='line_1_77' title="bbox 2077 2943 3657 3030; baseline -0.009 -19"><span class='ocrx_word' id='word_1_547' title='bbox 2077 2957 2269 3030; x_wconf 74' lang='grc' dir='ltr'>νεκρὸν</span> <span class='ocrx_word' id='word_1_548' title='bbox 2314 2956 2589 3027; x_wconf 84' lang='grc' dir='ltr'>κείμενον.</span> <span class='ocrx_word' id='word_1_549' title='bbox 2615 2954 2729 3013; x_wconf 78' lang='grc' dir='ltr'><strong>Καὶ</strong></span> <span class='ocrx_word' id='word_1_550' title='bbox 2760 2952 3135 3021; x_wconf 76' lang='grc' dir='ltr'>ἐπεγίνωσκον</span> <span class='ocrx_word' id='word_1_551' title='bbox 3184 2949 3304 3020; x_wconf 85' lang='grc' dir='ltr'>μὲν,</span> <span class='ocrx_word' id='word_1_552' title='bbox 3350 2943 3657 3015; x_wconf 85' lang='grc' dir='ltr'>ὃτιὲχωρί-</span> 
     </span>
    </p>
   </div>
   <div class='ocr_carea' id='block_1_78' title="bbox 2078 3036 3656 3122">
    <p class='ocr_par' dir='ltr' id='par_1_78' title="bbox 2078 3036 3656 3122">
     <span class='ocr_line' id='line_1_78' title="bbox 2078 3036 3656 3122; baseline -0.011 -16"><span class='ocrx_word' id='word_1_553' title='bbox 2078 3051 2214 3122; x_wconf 90' lang='grc' dir='ltr'>σθην</span> <span class='ocrx_word' id='word_1_554' title='bbox 2243 3049 2337 3106; x_wconf 88' lang='grc' dir='ltr'><strong>τοῦ</strong></span> <span class='ocrx_word' id='word_1_555' title='bbox 2367 3048 2769 3120; x_wconf 73' lang='grc' dir='ltr'>σιῦματος,-καὶ</span> <span class='ocrx_word' id='word_1_556' title='bbox 2809 3044 3071 3118; x_wconf 81' lang='grc' dir='ltr'>νηφάλιον</span> <span class='ocrx_word' id='word_1_557' title='bbox 3099 3042 3238 3114; x_wconf 73' lang='grc' dir='ltr'>ἔχων</span> <span class='ocrx_word' id='word_1_558' title='bbox 3270 3041 3360 3095; x_wconf 75' lang='grc' dir='ltr'>τὸν</span> <span class='ocrx_word' id='word_1_559' title='bbox 3392 3037 3520 3092; x_wconf 89' lang='grc' dir='ltr'>νοῦν</span> <span class='ocrx_word' id='word_1_560' title='bbox 3559 3036 3656 3090; x_wconf 80' lang='grc' dir='ltr'>καὶ</span> 
     </span>
    </p>
   </div>
   <div class='ocr_carea' id='block_1_79' title="bbox 2076 3130 3653 3213">
    <p class='ocr_par' dir='ltr' id='par_1_79' title="bbox 2076 3130 3653 3213">
     <span class='ocr_line' id='line_1_79' title="bbox 2076 3130 3653 3213; baseline -0.009 -16"><span class='ocrx_word' id='word_1_561' title='bbox 2076 3144 2174 3213; x_wconf 77' lang='grc' dir='ltr'>τὴν</span> <span class='ocrx_word' id='word_1_562' title='bbox 2204 3143 2397 3213; x_wconf 86' lang='grc' dir='ltr'>φρένα.</span> <span class='ocrx_word' id='word_1_563' title='bbox 2418 3144 2491 3196; x_wconf 91' lang='grc' dir='ltr'>Οὑ</span> <span class='ocrx_word' id='word_1_564' title='bbox 2535 3142 2787 3210; x_wconf 79' lang='grc' dir='ltr'>μέντοιγε</span> <span class='ocrx_word' id='word_1_565' title='bbox 2804 3136 3170 3207; x_wconf 70' lang='grc' dir='ltr'>διανήψασθαι</span> <span class='ocrx_word' id='word_1_566' title='bbox 3196 3138 3261 3189; x_wconf 68' lang='grc' dir='ltr'>ἐκ</span> <span class='ocrx_word' id='word_1_567' title='bbox 3300 3132 3396 3189; x_wconf 88' lang='grc' dir='ltr'><strong>τοῦ</strong></span> <span class='ocrx_word' id='word_1_568' title='bbox 3443 3130 3653 3201; x_wconf 85' lang='grc' dir='ltr'>ὀνείρου</span> 
     </span>
    </p>
   </div>
   <div class='ocr_carea' id='block_1_80' title="bbox 219 3214 1971 3305">
    <p class='ocr_par' dir='ltr' id='par_1_80' title="bbox 219 3220 1968 3293">
     <span class='ocr_line' id='line_1_80' title="bbox 219 3220 1968 3293; baseline 0.001 -17"><span class='ocrx_word' id='word_1_569' title='bbox 219 3220 226 3234; x_wconf 83' lang='grc'><strong><em>⁸</em></strong></span> <span class='ocrx_word' id='word_1_570' title='bbox 316 3264 319 3269; x_wconf 46' lang='grc' dir='ltr'>ι</span> <span class='ocrx_word' id='word_1_571' title='bbox 388 3223 516 3277; x_wconf 89' lang='lat' dir='ltr'><strong>rim.</strong></span> <span class='ocrx_word' id='word_1_572' title='bbox 551 3222 668 3278; x_wconf 92' lang='lat' dir='ltr'><strong>lloc</strong></span> <span class='ocrx_word' id='word_1_573' title='bbox 725 3230 938 3277; x_wconf 89' lang='lat' dir='ltr'><strong>tantum</strong></span> <span class='ocrx_word' id='word_1_574' title='bbox 992 3223 1266 3287; x_wconf 77' lang='lat' dir='ltr'><strong>intellexi,</strong></span> <span class='ocrx_word' id='word_1_575' title='bbox 1308 3222 1549 3278; x_wconf 87' lang='lat' dir='ltr'><strong>animam</strong></span> <span class='ocrx_word' id='word_1_576' title='bbox 1591 3222 1751 3293; x_wconf 79' lang='lat'><strong>391</strong></span> <span class='ocrx_word' id='word_1_577' title='bbox 1789 3238 1968 3278; x_wconf 89' lang='lat' dir='ltr'><strong>meam</strong></span> 
     </span>
    </p>
   </div>
   <div class='ocr_carea' id='block_1_81' title="bbox 2075 3214 3656 3305">
    <p class='ocr_par' dir='ltr' id='par_1_81' title="bbox 2075 3221 3656 3305">
     <span class='ocr_line' id='line_1_81' title="bbox 2075 3221 3656 3305; baseline -0.008 -18"><span class='ocrx_word' id='word_1_578' title='bbox 2075 3234 2353 3305; x_wconf 69' lang='grc' dir='ltr'>ἠδυνάμην</span> <span class='ocrx_word' id='word_1_579' title='bbox 2383 3231 2575 3305; x_wconf 79' lang='grc' dir='ltr'>[,οὑΙδὲ</span> <span class='ocrx_word' id='word_1_580' title='bbox 2608 3231 2860 3286; x_wconf 86' lang='grc' dir='ltr'>τυπῶσαι</span> <span class='ocrx_word' id='word_1_581' title='bbox 2900 3229 2934 3299; x_wconf 85' lang='grc' dir='ltr'>ἢ</span> <span class='ocrx_word' id='word_1_582' title='bbox 2969 3227 3305 3296; x_wconf 85' lang='grc' dir='ltr'>ὲπιγνῶναι,’</span> <span class='ocrx_word' id='word_1_583' title='bbox 3324 3223 3496 3294; x_wconf 83' lang='grc' dir='ltr'>ὁποίῳ</span> <span class='ocrx_word' id='word_1_584' title='bbox 3524 3221 3656 3292; x_wconf 84' lang='grc' dir='ltr'><strong>σχή-</strong></span> 
     </span>
    </p>
   </div>
   <div class='ocr_carea' id='block_1_82' title="bbox 2076 3312 3653 3396">
    <p class='ocr_par' dir='ltr' id='par_1_82' title="bbox 2076 3312 3653 3396">
     <span class='ocr_line' id='line_1_82' title="bbox 2076 3312 3653 3396; baseline -0.006 -17"><span class='ocrx_word' id='word_1_585' title='bbox 2076 3343 2207 3395; x_wconf 87' lang='grc' dir='ltr'>ματι</span> <span class='ocrx_word' id='word_1_586' title='bbox 2236 3327 2330 3379; x_wconf 76' lang='grc' dir='ltr'><strong>καὶ</strong></span> <span class='ocrx_word' id='word_1_587' title='bbox 2357 3326 2540 3396; x_wconf 83' lang='grc' dir='ltr'>μορφῇ</span> <span class='ocrx_word' id='word_1_588' title='bbox 2570 3324 2817 3394; x_wconf 82' lang='grc' dir='ltr'>ὑπῆρχον</span> <span class='ocrx_word' id='word_1_589' title='bbox 2851 3319 3057 3392; x_wconf 80' lang='grc' dir='ltr'>ὲκ[τὸς]</span> <span class='ocrx_word' id='word_1_590' title='bbox 3081 3317 3176 3372; x_wconf 77' lang='grc' dir='ltr'><strong>τοῦ</strong></span> <span class='ocrx_word' id='word_1_591' title='bbox 3205 3317 3456 3386; x_wconf 84' lang='grc' dir='ltr'>σώματος</span> <span class='ocrx_word' id='word_1_592' title='bbox 3475 3332 3491 3347; x_wconf 76' lang='grc'><strong><em>⁸</em></strong></span> <span class='ocrx_word' id='word_1_593' title='bbox 3514 3312 3653 3379; x_wconf 66' lang='grc' dir='ltr'>πλὴν</span> 
     </span>
    </p>
   </div>
   <div class='ocr_carea' id='block_1_83' title="bbox 2070 3405 3652 3485">
    <p class='ocr_par' dir='ltr' id='par_1_83' title="bbox 2070 3405 3652 3485">
     <span class='ocr_line' id='line_1_83' title="bbox 2070 3405 3652 3485; baseline -0.009 -14"><span class='ocrx_word' id='word_1_594' title='bbox 2070 3418 2152 3471; x_wconf 80' lang='grc' dir='ltr'>ὅτι</span> <span class='ocrx_word' id='word_1_595' title='bbox 2191 3417 2567 3478; x_wconf 78' lang='grc' dir='ltr'>ἀνυπόστατος</span> <span class='ocrx_word' id='word_1_596' title='bbox 2609 3414 2627 3452; x_wconf 86' lang='grc' dir='ltr'>ι</span> <span class='ocrx_word' id='word_1_597' title='bbox 2666 3416 2759 3467; x_wconf 72' lang='grc' dir='ltr'>καὶ</span> <span class='ocrx_word' id='word_1_598' title='bbox 2816 3412 3249 3481; x_wconf 79' lang='grc' dir='ltr'>ἁφαντασίαστος</span> <span class='ocrx_word' id='word_1_599' title='bbox 3300 3410 3333 3478; x_wconf 83' lang='grc' dir='ltr'><strong>ἡ</strong></span> <span class='ocrx_word' id='word_1_600' title='bbox 3381 3405 3522 3476; x_wconf 82' lang='grc' dir='ltr'><strong>ὲμῆς</strong></span> <span class='ocrx_word' id='word_1_601' title='bbox 3552 3405 3652 3485; x_wconf 77' lang='grc' dir='ltr'>τῆς</span> 
     </span>
    </p>
   </div>
   <div class='ocr_carea' id='block_1_84' title="bbox 2070 3491 3650 3579">
    <p class='ocr_par' dir='ltr' id='par_1_84' title="bbox 2070 3491 3650 3579">
     <span class='ocr_line' id='line_1_84' title="bbox 2070 3491 3650 3579; baseline -0.019 -3"><span class='ocrx_word' id='word_1_602' title='bbox 2070 3508 2247 3579; x_wconf 76' lang='grc' dir='ltr'><strong>ψυχῆς</strong></span> <span class='ocrx_word' id='word_1_603' title='bbox 2272 3507 2523 3579; x_wconf 79' lang='grc' dir='ltr'>ὓπαρξις.</span> <span class='ocrx_word' id='word_1_604' title='bbox 2559 3507 2652 3577; x_wconf 85' lang='grc' dir='ltr'><strong>Μὴ</strong></span> <span class='ocrx_word' id='word_1_605' title='bbox 2678 3506 2787 3574; x_wconf 75' lang='grc' dir='ltr'><strong>γάρ</strong></span> <span class='ocrx_word' id='word_1_606' title='bbox 2832 3521 2916 3567; x_wconf 89' lang='grc' dir='ltr'><strong>τις</strong></span> <span class='ocrx_word' id='word_1_607' title='bbox 2947 3491 3168 3574; x_wconf 79' lang='grc' dir='ltr'>νομίσῃ,</span> <span class='ocrx_word' id='word_1_608' title='bbox 3204 3502 3286 3554; x_wconf 83' lang='grc' dir='ltr'>ὅτι</span> <span class='ocrx_word' id='word_1_609' title='bbox 3316 3498 3473 3566; x_wconf 85' lang='grc' dir='ltr'>δίκην</span> <span class='ocrx_word' id='word_1_610' title='bbox 3506 3494 3650 3556; x_wconf 81' lang='grc' dir='ltr'>τινὸς</span> 
     </span>
    </p>
   </div>
   <div class='ocr_carea' id='block_1_85' title="bbox 2071 3587 3650 3672">
    <p class='ocr_par' dir='ltr' id='par_1_85' title="bbox 2071 3587 3650 3672">
     <span class='ocr_line' id='line_1_85' title="bbox 2071 3587 3650 3672; baseline -0.009 -18"><span class='ocrx_word' id='word_1_611' title='bbox 2071 3587 2367 3672; x_wconf 50' lang='grc' dir='ltr'>καπνοῦ,’ἢ</span> <span class='ocrx_word' id='word_1_612' title='bbox 2400 3600 2614 3667; x_wconf 81' lang='grc' dir='ltr'>νέφους,</span> <span class='ocrx_word' id='word_1_613' title='bbox 2644 3599 2677 3669; x_wconf 83' lang='grc' dir='ltr'><strong>ἡ</strong></span> <span class='ocrx_word' id='word_1_614' title='bbox 2706 3598 2852 3668; x_wconf 75' lang='grc' dir='ltr'>ψυχὴ</span> <span class='ocrx_word' id='word_1_615' title='bbox 2894 3595 3175 3648; x_wconf 79' lang='grc' dir='ltr'>διαλύεται</span> <span class='ocrx_word' id='word_1_616' title='bbox 3233 3593 3329 3646; x_wconf 72' lang='grc' dir='ltr'>καὶ</span> <span class='ocrx_word' id='word_1_617' title='bbox 3353 3588 3650 3645; x_wconf 76' lang='grc' dir='ltr'>ἀπόλλυται</span> 
     </span>
    </p>
   </div>
   <div class='ocr_carea' id='block_1_86' title="bbox 2073 3680 3648 3765">
    <p class='ocr_par' dir='ltr' id='par_1_86' title="bbox 2073 3680 3648 3765">
     <span class='ocr_line' id='line_1_86' title="bbox 2073 3680 3648 3765; baseline -0.01 -18"><span class='ocrx_word' id='word_1_618' title='bbox 2073 3694 2211 3765; x_wconf 81' lang='grc' dir='ltr'>μετὰ</span> <span class='ocrx_word' id='word_1_619' title='bbox 2240 3692 2490 3757; x_wconf 87' lang='grc' dir='ltr'>θάνατον,</span> <span class='ocrx_word' id='word_1_620' title='bbox 2530 3691 2776 3762; x_wconf 83' lang='grc' dir='ltr'>ὥσπερὴ</span> <span class='ocrx_word' id='word_1_621' title='bbox 2806 3689 2914 3743; x_wconf 86' lang='grc' dir='ltr'><strong>τῶν</strong></span> <span class='ocrx_word' id='word_1_622' title='bbox 2940 3688 3150 3757; x_wconf 82' lang='grc' dir='ltr'>ἀλόγων</span> <span class='ocrx_word' id='word_1_623' title='bbox 3175 3686 3324 3755; x_wconf 72' lang='grc' dir='ltr'>ψυχή</span> <span class='ocrx_word' id='word_1_624' title='bbox 3355 3683 3449 3737; x_wconf 77' lang='grc' dir='ltr'><strong>καὶ</strong></span> <span class='ocrx_word' id='word_1_625' title='bbox 3489 3680 3648 3749; x_wconf 81' lang='grc' dir='ltr'>πνοή.</span> 
     </span>
    </p>
   </div>
   <div class='ocr_carea' id='block_1_87' title="bbox 2072 3771 3649 3854">
    <p class='ocr_par' dir='ltr' id='par_1_87' title="bbox 2072 3771 3649 3854">
     <span class='ocr_line' id='line_1_87' title="bbox 2072 3771 3649 3854; baseline -0.01 -15"><span class='ocrx_word' id='word_1_626' title='bbox 2072 3787 2183 3839; x_wconf 66' lang='grc' dir='ltr'>Καὶ</span> <span class='ocrx_word' id='word_1_627' title='bbox 2205 3785 2438 3840; x_wconf 78' lang='grc' dir='ltr'>ἄκουσον</span> <span class='ocrx_word' id='word_1_628' title='bbox 2465 3782 2562 3838; x_wconf 88' lang='grc' dir='ltr'><strong>τοῦ</strong></span> <span class='ocrx_word' id='word_1_629' title='bbox 2590 3781 2856 3854; x_wconf 86' lang='grc' dir='ltr'>Χριστοῦ,</span> <span class='ocrx_word' id='word_1_630' title='bbox 2898 3782 2961 3834; x_wconf 86' lang='grc' dir='ltr'>τὸ</span> <span class='ocrx_word' id='word_1_631' title='bbox 2999 3778 3369 3833; x_wconf 75' lang='grc' dir='ltr'>ὲνυπόστατον</span> <span class='ocrx_word' id='word_1_632' title='bbox 3398 3776 3493 3827; x_wconf 76' lang='grc' dir='ltr'>καὶ</span> <span class='ocrx_word' id='word_1_633' title='bbox 3517 3771 3649 3825; x_wconf 84' lang='grc' dir='ltr'>ἀθά-</span> 
     </span>
    </p>
   </div>
   <div class='ocr_carea' id='block_1_88' title="bbox 2069 3864 3649 3948">
    <p class='ocr_par' dir='ltr' id='par_1_88' title="bbox 2069 3864 3649 3948">
     <span class='ocr_line' id='line_1_88' title="bbox 2069 3864 3649 3948; baseline -0.009 -17"><span class='ocrx_word' id='word_1_634' title='bbox 2069 3894 2228 3931; x_wconf 86' lang='grc' dir='ltr'>νατον</span> <span class='ocrx_word' id='word_1_635' title='bbox 2264 3877 2364 3948; x_wconf 81' lang='grc' dir='ltr'>τῆς</span> <span class='ocrx_word' id='word_1_636' title='bbox 2419 3875 2695 3947; x_wconf 77' lang='grc' dir='ltr'>ἡμετέρας</span> <span class='ocrx_word' id='word_1_637' title='bbox 2735 3872 2915 3946; x_wconf 68' lang='grc' dir='ltr'>ψυχῆς</span> <span class='ocrx_word' id='word_1_638' title='bbox 2949 3874 3098 3943; x_wconf 81' lang='grc' dir='ltr'>ἡμᾶς</span> <span class='ocrx_word' id='word_1_639' title='bbox 3140 3870 3507 3932; x_wconf 82' lang='grc' dir='ltr'>διδάσκοντος,</span> <span class='ocrx_word' id='word_1_640' title='bbox 3554 3864 3649 3919; x_wconf 78' lang='grc' dir='ltr'>καὶ</span> 
     </span>
    </p>
   </div>
   <div class='ocr_carea' id='block_1_89' title="bbox 2066 3958 3648 4039">
    <p class='ocr_par' dir='ltr' id='par_1_89' title="bbox 2066 3958 3648 4039">
     <span class='ocr_line' id='line_1_89' title="bbox 2066 3958 3648 4039; baseline -0.008 -16"><span class='ocrx_word' id='word_1_641' title='bbox 2066 3969 2354 4037; x_wconf 71' lang='grc' dir='ltr'>λέγοντοςο</span> <span class='ocrx_word' id='word_1_642' title='bbox 2410 3986 2430 4020; x_wconf 74' lang='grc' dir='ltr'><strong>ι</strong></span> <span class='ocrx_word' id='word_1_643' title='bbox 2454 3969 2545 4039; x_wconf 83' lang='grc' dir='ltr'><strong>Μὴ</strong></span> <span class='ocrx_word' id='word_1_644' title='bbox 2590 3966 2847 4037; x_wconf 77' lang='grc' dir='ltr'>φοϐεῖσθε</span> <span class='ocrx_word' id='word_1_645' title='bbox 2892 3966 3002 4020; x_wconf 75' lang='grc' dir='ltr'><strong>άπὸ</strong></span> <span class='ocrx_word' id='word_1_646' title='bbox 3055 3964 3163 4018; x_wconf 83' lang='grc' dir='ltr'><strong>τῶν</strong></span> <span class='ocrx_word' id='word_1_647' title='bbox 3210 3958 3648 4018; x_wconf 86' lang='grc' dir='ltr'>ἀποκτεινόντων</span> 
     </span>
    </p>
   </div>
   <div class='ocr_carea' id='block_1_90' title="bbox 2068 4051 3649 4131">
    <p class='ocr_par' dir='ltr' id='par_1_90' title="bbox 2068 4051 3649 4131">
     <span class='ocr_line' id='line_1_90' title="bbox 2068 4051 3649 4131; baseline -0.008 -18"><span class='ocrx_word' id='word_1_648' title='bbox 2068 4060 2224 4131; x_wconf 84' lang='grc' dir='ltr'>ὑμῶν</span> <span class='ocrx_word' id='word_1_649' title='bbox 2257 4061 2318 4113; x_wconf 76' lang='grc' dir='ltr'>τὸ</span> <span class='ocrx_word' id='word_1_650' title='bbox 2366 4057 2551 4130; x_wconf 85' lang='grc' dir='ltr'>σῶμα,</span> <span class='ocrx_word' id='word_1_651' title='bbox 2580 4062 2680 4127; x_wconf 80' lang='grc' dir='ltr'>τὴν</span> <span class='ocrx_word' id='word_1_652' title='bbox 2720 4058 2778 4111; x_wconf 83' lang='grc' dir='ltr'>δὲ</span> <span class='ocrx_word' id='word_1_653' title='bbox 2809 4056 2988 4127; x_wconf 75' lang='grc' dir='ltr'>ψυχὴν</span> <span class='ocrx_word' id='word_1_654' title='bbox 3031 4056 3105 4126; x_wconf 86' lang='grc' dir='ltr'>μὴ</span> <span class='ocrx_word' id='word_1_655' title='bbox 3143 4055 3461 4123; x_wconf 85' lang='grc' dir='ltr'>δυναμένων</span> <span class='ocrx_word' id='word_1_656' title='bbox 3511 4051 3649 4104; x_wconf 81' lang='grc' dir='ltr'>ἀπο-</span> 
     </span>
    </p>
   </div>
   <div class='ocr_carea' id='block_1_91' title="bbox 2067 4138 3650 4228">
    <p class='ocr_par' dir='ltr' id='par_1_91' title="bbox 2067 4138 3650 4228">
     <span class='ocr_line' id='line_1_91' title="bbox 2067 4138 3650 4228; baseline -0.007 -22"><span class='ocrx_word' id='word_1_657' title='bbox 2067 4155 2294 4206; x_wconf 86' lang='grc' dir='ltr'>κτεῖναι.</span> <span class='ocrx_word' id='word_1_658' title='bbox 2338 4138 2568 4228; x_wconf 53' lang='grc' dir='ltr'>ιζὪστε</span> <span class='ocrx_word' id='word_1_659' title='bbox 2603 4153 2661 4204; x_wconf 91' lang='lat' dir='ltr'><strong>tv</strong></span> <span class='ocrx_word' id='word_1_660' title='bbox 2683 4151 2842 4221; x_wconf 72' lang='grc' dir='ltr'>οὑσίᾳ</span> <span class='ocrx_word' id='word_1_661' title='bbox 2875 4152 2975 4220; x_wconf 84' lang='grc' dir='ltr'>μέν</span> <span class='ocrx_word' id='word_1_662' title='bbox 3018 4150 3154 4201; x_wconf 85' lang='grc' dir='ltr'>εἰσιν</span> <span class='ocrx_word' id='word_1_663' title='bbox 3204 4147 3262 4200; x_wconf 79' lang='grc' dir='ltr'>αἱ</span> <span class='ocrx_word' id='word_1_664' title='bbox 3302 4144 3474 4216; x_wconf 74' lang='grc' dir='ltr'>ψυχαὶ</span> <span class='ocrx_word' id='word_1_665' title='bbox 3511 4141 3650 4213; x_wconf 85' lang='grc' dir='ltr'>μετὰ</span> 
     </span>
    </p>
   </div>
   <div class='ocr_carea' id='block_1_92' title="bbox 2048 4233 3649 4323">
    <p class='ocr_par' dir='ltr' id='par_1_92' title="bbox 2048 4233 3649 4323">
     <span class='ocr_line' id='line_1_92' title="bbox 2048 4233 3649 4323; baseline -0.001 -28"><span class='ocrx_word' id='word_1_666' title='bbox 2048 4242 2158 4323; x_wconf 45' lang='grc' dir='ltr'><strong>ε’τὸν</strong></span> <span class='ocrx_word' id='word_1_667' title='bbox 2216 4242 2447 4307; x_wconf 84' lang='grc' dir='ltr'>θάνατον</span> <span class='ocrx_word' id='word_1_668' title='bbox 2493 4241 2590 4295; x_wconf 86' lang='grc' dir='ltr'><strong>τοῦ</strong></span> <span class='ocrx_word' id='word_1_669' title='bbox 2638 4240 2912 4313; x_wconf 84' lang='grc' dir='ltr'>σώματος,</span> <span class='ocrx_word' id='word_1_670' title='bbox 2940 4237 3123 4311; x_wconf 82' lang='grc' dir='ltr'>[κατὰ</span> <span class='ocrx_word' id='word_1_671' title='bbox 3171 4233 3649 4315; x_wconf 80' lang='grc' dir='ltr'>τοὺς-Ὠριγένους</span> 
     </span>
    </p>
   </div>
   <div class='ocr_carea' id='block_1_93' title="bbox 2068 4323 3645 4413">
    <p class='ocr_par' dir='ltr' id='par_1_93' title="bbox 2068 4323 3645 4413">
     <span class='ocr_line' id='line_1_93' title="bbox 2068 4323 3645 4413; baseline -0.007 -28"><span class='ocrx_word' id='word_1_672' title='bbox 2068 4331 2271 4404; x_wconf 86' lang='grc' dir='ltr'>μύθους</span> <span class='ocrx_word' id='word_1_673' title='bbox 2300 4344 2339 4372; x_wconf 75' lang='grc' dir='ltr'><strong>ω</strong></span> <span class='ocrx_word' id='word_1_674' title='bbox 2454 4333 2529 4387; x_wconf 85' lang='grc' dir='ltr'><strong>Οὐ</strong></span> <span class='ocrx_word' id='word_1_675' title='bbox 2572 4331 2680 4403; x_wconf 85' lang='grc' dir='ltr'><strong>γὰρ</strong></span> <span class='ocrx_word' id='word_1_676' title='bbox 2717 4332 3004 4413; x_wconf 73' lang='grc' dir='ltr'>ἄνθρωπον</span> <span class='ocrx_word' id='word_1_677' title='bbox 3036 4332 3169 4400; x_wconf 81' lang='grc' dir='ltr'>ἡμῖν</span> <span class='ocrx_word' id='word_1_678' title='bbox 3194 4328 3400 4399; x_wconf 79' lang='grc' dir='ltr'>ἄψυχον</span> <span class='ocrx_word' id='word_1_679' title='bbox 3429 4323 3645 4394; x_wconf 82' lang='grc' dir='ltr'>σπείρει</span> 
     </span>
    </p>
   </div>
   <div class='ocr_carea' id='block_1_94' title="bbox 2065 4420 3644 4499">
    <p class='ocr_par' dir='ltr' id='par_1_94' title="bbox 2065 4420 3644 4499">
     <span class='ocr_line' id='line_1_94' title="bbox 2065 4420 3644 4499; baseline -0.006 -21"><span class='ocrx_word' id='word_1_680' title='bbox 2065 4428 2124 4478; x_wconf 89' lang='lat' dir='ltr'><strong>tv</strong></span> <span class='ocrx_word' id='word_1_681' title='bbox 2150 4427 2216 4497; x_wconf 78' lang='grc' dir='ltr'>τῇ</span> <span class='ocrx_word' id='word_1_682' title='bbox 2249 4426 2433 4499; x_wconf 74' lang='grc' dir='ltr'>μήτρᾳ</span> <span class='ocrx_word' id='word_1_683' title='bbox 2484 4428 2513 4479; x_wconf 91' lang='grc' dir='ltr'><strong>ό</strong></span> <span class='ocrx_word' id='word_1_684' title='bbox 2561 4425 2871 4494; x_wconf 82' lang='grc' dir='ltr'>ἄνθρωπος,</span> <span class='ocrx_word' id='word_1_685' title='bbox 2911 4424 3049 4477; x_wconf 75' lang='grc' dir='ltr'>ἀλλὰ</span> <span class='ocrx_word' id='word_1_686' title='bbox 3088 4423 3318 4485; x_wconf 84' lang='grc' dir='ltr'>τέλειον,</span> <span class='ocrx_word' id='word_1_687' title='bbox 3348 4420 3644 4489; x_wconf 76' lang='grc' dir='ltr'>ἐρχόμενον</span> 
     </span>
    </p>
   </div>
   <div class='ocr_carea' id='block_1_95' title="bbox 2066 4508 3643 4588">
    <p class='ocr_par' dir='ltr' id='par_1_95' title="bbox 2066 4508 3643 4588">
     <span class='ocr_line' id='line_1_95' title="bbox 2066 4508 3643 4588; baseline -0.006 -18"><span class='ocrx_word' id='word_1_688' title='bbox 2066 4515 2309 4588; x_wconf 73' lang='grc' dir='ltr'>ἔμψυχον</span> <span class='ocrx_word' id='word_1_689' title='bbox 2334 4518 2641 4588; x_wconf 79' lang='grc' dir='ltr'>ἄνθρωπον.</span> <span class='ocrx_word' id='word_1_690' title='bbox 2675 4515 2813 4570; x_wconf 80' lang='grc' dir='ltr'>Οὑτε</span> <span class='ocrx_word' id='word_1_691' title='bbox 2856 4517 2965 4587; x_wconf 78' lang='grc' dir='ltr'><strong>γὰρ</strong></span> <span class='ocrx_word' id='word_1_692' title='bbox 2998 4516 3157 4583; x_wconf 80' lang='grc' dir='ltr'>σῶμα</span> <span class='ocrx_word' id='word_1_693' title='bbox 3197 4512 3304 4584; x_wconf 75' lang='grc' dir='ltr'><strong>πρὸ</strong></span> <span class='ocrx_word' id='word_1_694' title='bbox 3330 4514 3431 4581; x_wconf 75' lang='grc' dir='ltr'>τῆς</span> <span class='ocrx_word' id='word_1_695' title='bbox 3462 4508 3643 4578; x_wconf 74' lang='grc' dir='ltr'>ψυχῆς</span> 
     </span>
    </p>
   </div>
   <div class='ocr_carea' id='block_1_96' title="bbox 2067 4600 3647 4680">
    <p class='ocr_par' dir='ltr' id='par_1_96' title="bbox 2067 4600 3647 4680">
     <span class='ocr_line' id='line_1_96' title="bbox 2067 4600 3647 4680; baseline -0.007 -19"><span class='ocrx_word' id='word_1_696' title='bbox 2067 4608 2353 4677; x_wconf 78' lang='grc' dir='ltr'>ὑφίστατο,</span> <span class='ocrx_word' id='word_1_697' title='bbox 2375 4608 2498 4662; x_wconf 76' lang='grc' dir='ltr'>οὔτε</span> <span class='ocrx_word' id='word_1_698' title='bbox 2530 4608 2677 4680; x_wconf 76' lang='grc' dir='ltr'>ψυχὴ</span> <span class='ocrx_word' id='word_1_699' title='bbox 2699 4609 2805 4680; x_wconf 72' lang='grc' dir='ltr'><strong>πρὸ</strong></span> <span class='ocrx_word' id='word_1_700' title='bbox 2821 4608 2916 4663; x_wconf 86' lang='grc' dir='ltr'><strong>τοῦ</strong></span> <span class='ocrx_word' id='word_1_701' title='bbox 2958 4608 3209 4676; x_wconf 83' lang='grc' dir='ltr'>σώματος</span> <span class='ocrx_word' id='word_1_702' title='bbox 3232 4615 3280 4657; x_wconf 80' lang='grc' dir='ltr'><strong>ιι.</strong></span> <span class='ocrx_word' id='word_1_703' title='bbox 3296 4604 3356 4656; x_wconf 75' lang='lat' dir='ltr'><strong>Ei</strong></span> <span class='ocrx_word' id='word_1_704' title='bbox 3385 4600 3441 4655; x_wconf 77' lang='grc' dir='ltr'>δὲ</span> <span class='ocrx_word' id='word_1_705' title='bbox 3459 4608 3486 4636; x_wconf 87' lang='lat'><strong><em>°</em></strong></span> <span class='ocrx_word' id='word_1_706' title='bbox 3512 4600 3647 4669; x_wconf 80' lang='grc' dir='ltr'>περὶ</span> 
     </span>
    </p>
   </div>
   <div class='ocr_carea' id='block_1_97' title="bbox 2064 4695 3644 4772">
    <p class='ocr_par' dir='ltr' id='par_1_97' title="bbox 2064 4695 3644 4772">
     <span class='ocr_line' id='line_1_97' title="bbox 2064 4695 3644 4772; baseline -0.006 -19"><span class='ocrx_word' id='word_1_707' title='bbox 2064 4701 2344 4771; x_wconf 85' lang='grc' dir='ltr'>αἱρετικὸν</span> <span class='ocrx_word' id='word_1_708' title='bbox 2369 4701 2606 4771; x_wconf 82' lang='grc' dir='ltr'>λέγουσι,</span> <span class='ocrx_word' id='word_1_709' title='bbox 2640 4701 2809 4772; x_wconf 84' lang='grc' dir='ltr'>Σῶμα</span> <span class='ocrx_word' id='word_1_710' title='bbox 2844 4701 3051 4771; x_wconf 80' lang='grc' dir='ltr'>ἄψυχον</span> <span class='ocrx_word' id='word_1_711' title='bbox 3080 4697 3293 4769; x_wconf 84' lang='grc' dir='ltr'>σπείρει</span> <span class='ocrx_word' id='word_1_712' title='bbox 3328 4695 3423 4749; x_wconf 73' lang='grc' dir='ltr'>καὶ</span> <span class='ocrx_word' id='word_1_713' title='bbox 3470 4708 3644 4746; x_wconf 83' lang='grc' dir='ltr'>κατα-</span> 
     </span>
    </p>
   </div>
   <div class='ocr_carea' id='block_1_98' title="bbox 2064 4782 3646 4865">
    <p class='ocr_par' dir='ltr' id='par_1_98' title="bbox 2064 4782 3646 4865">
     <span class='ocr_line' id='line_1_98' title="bbox 2064 4782 3646 4865; baseline -0.007 -20"><span class='ocrx_word' id='word_1_714' title='bbox 2064 4792 2339 4847; x_wconf 76' lang='grc' dir='ltr'>ϐάλλεται.</span> <span class='ocrx_word' id='word_1_715' title='bbox 2382 4794 2544 4849; x_wconf 83' lang='grc' dir='ltr'>Ἀλλά</span> <span class='ocrx_word' id='word_1_716' title='bbox 2570 4794 2717 4865; x_wconf 80' lang='grc' dir='ltr'>ψυχὴ</span> <span class='ocrx_word' id='word_1_717' title='bbox 2761 4795 2857 4865; x_wconf 82' lang='grc' dir='ltr'>μὲν</span> <span class='ocrx_word' id='word_1_718' title='bbox 2888 4794 2984 4848; x_wconf 88' lang='grc' dir='ltr'><strong>τοῦ</strong></span> <span class='ocrx_word' id='word_1_719' title='bbox 3015 4793 3211 4861; x_wconf 87' lang='grc' dir='ltr'>ἀλόγου</span> <span class='ocrx_word' id='word_1_720' title='bbox 3238 4789 3388 4843; x_wconf 75' lang='grc' dir='ltr'>ἐστὶν</span> <span class='ocrx_word' id='word_1_721' title='bbox 3407 4826 3422 4850; x_wconf 93' lang='grc'><strong>,</strong></span> <span class='ocrx_word' id='word_1_722' title='bbox 3479 4787 3512 4854; x_wconf 84' lang='grc' dir='ltr'>ὴ</span> <span class='ocrx_word' id='word_1_723' title='bbox 3554 4782 3646 4836; x_wconf 69' lang='grc' dir='ltr'><strong>διὰ</strong></span> 
     </span>
    </p>
   </div>
   <div class='ocr_carea' id='block_1_99' title="bbox 2064 4870 3644 4958">
    <p class='ocr_par' dir='ltr' id='par_1_99' title="bbox 2064 4870 3644 4958">
     <span class='ocr_line' id='line_1_99' title="bbox 2064 4870 3644 4958; baseline -0.008 -19"><span class='ocrx_word' id='word_1_724' title='bbox 2064 4885 2372 4956; x_wconf 80' lang='grc' dir='ltr'>πνεύματος</span> <span class='ocrx_word' id='word_1_725' title='bbox 2406 4885 2499 4940; x_wconf 84' lang='grc' dir='ltr'><strong>τοῦ</strong></span> <span class='ocrx_word' id='word_1_726' title='bbox 2529 4887 2687 4958; x_wconf 85' lang='grc' dir='ltr'>ἀέρος</span> <span class='ocrx_word' id='word_1_727' title='bbox 2714 4885 2973 4957; x_wconf 82' lang='grc' dir='ltr'>γινομένη</span> <span class='ocrx_word' id='word_1_728' title='bbox 3015 4888 3071 4938; x_wconf 88' lang='lat' dir='ltr'><strong>tv</strong></span> <span class='ocrx_word' id='word_1_729' title='bbox 3099 4883 3176 4954; x_wconf 79' lang='grc' dir='ltr'>τῷ</span> <span class='ocrx_word' id='word_1_730' title='bbox 3210 4881 3404 4942; x_wconf 76' lang='grc' dir='ltr'>αἵματι</span> <span class='ocrx_word' id='word_1_731' title='bbox 3435 4870 3644 4945; x_wconf 76' lang='grc' dir='ltr'>ζωτικὴ</span> 
     </span>
    </p>
   </div>
   <div class='ocr_carea' id='block_1_100' title="bbox 451 5018 2165 5089">
    <p class='ocr_par' dir='ltr' id='par_1_100' title="bbox 451 5018 2165 5089">
     <span class='ocr_line' id='line_1_100' title="bbox 451 5018 2165 5089; baseline 0.002 -16"><span class='ocrx_word' id='word_1_732' title='bbox 451 5021 496 5052; x_wconf 81' lang='grc'>⁸⁸</span> <span class='ocrx_word' id='word_1_733' title='bbox 531 5018 700 5076; x_wconf 84' lang='lat' dir='ltr'><strong>llebr.</strong></span> <span class='ocrx_word' id='word_1_734' title='bbox 744 5039 817 5087; x_wconf 65' lang='grc' dir='ltr'>χι,</span> <span class='ocrx_word' id='word_1_735' title='bbox 849 5023 937 5088; x_wconf 85' lang='grc'><strong>59,</strong></span> <span class='ocrx_word' id='word_1_736' title='bbox 973 5022 1061 5077; x_wconf 70' lang='grc'><strong>40.</strong></span> <span class='ocrx_word' id='word_1_737' title='bbox 1141 5024 1184 5055; x_wconf 80' lang='grc'>⁸³</span> <span class='ocrx_word' id='word_1_738' title='bbox 1211 5023 1255 5077; x_wconf 92' lang='lat' dir='ltr'><strong>ll</strong></span> <span class='ocrx_word' id='word_1_739' title='bbox 1288 5022 1414 5079; x_wconf 85' lang='lat' dir='ltr'><strong>Cor.</strong></span> <span class='ocrx_word' id='word_1_740' title='bbox 1443 5040 1495 5086; x_wconf 76' lang='grc' dir='ltr'><strong>ν,</strong></span> <span class='ocrx_word' id='word_1_741' title='bbox 1531 5021 1614 5077; x_wconf 77' lang='grc'><strong>10.</strong></span> <span class='ocrx_word' id='word_1_742' title='bbox 1693 5023 1739 5053; x_wconf 80' lang='grc'><strong>⁸³</strong></span> <span class='ocrx_word' id='word_1_743' title='bbox 1771 5022 1962 5078; x_wconf 84' lang='lat' dir='ltr'><strong>Matth.</strong></span> <span class='ocrx_word' id='word_1_744' title='bbox 1995 5039 2050 5089; x_wconf 76' lang='grc' dir='ltr'>Χ,</span> <span class='ocrx_word' id='word_1_745' title='bbox 2075 5023 2165 5080; x_wconf 73' lang='grc'><strong>28.</strong></span> 
     </span>
    </p>
   </div>
   <div class='ocr_carea' id='block_1_101' title="bbox 1024 5140 2328 5213">
    <p class='ocr_par' dir='ltr' id='par_1_101' title="bbox 1024 5140 2328 5213">
     <span class='ocr_line' id='line_1_101' title="bbox 1024 5140 2328 5213; baseline 0.006 -8"><span class='ocrx_word' id='word_1_746' title='bbox 1024 5140 1030 5149; x_wconf 38' lang='grc'>⁸</span> <span class='ocrx_word' id='word_1_747' title='bbox 1642 5154 1883 5210; x_wconf 61' lang='lat' dir='ltr'>VARUS</span> <span class='ocrx_word' id='word_1_748' title='bbox 1920 5154 2328 5213; x_wconf 83' lang='lat' dir='ltr'><strong>LECTIONES.</strong></span> 
     </span>
    </p>
   </div>
   <div class='ocr_carea' id='block_1_102' title="bbox 450 5276 1632 5348">
    <p class='ocr_par' dir='ltr' id='par_1_102' title="bbox 450 5276 1632 5348">
     <span class='ocr_line' id='line_1_102' title="bbox 450 5276 1632 5348; baseline 0.002 -20"><span class='ocrx_word' id='word_1_749' title='bbox 450 5277 463 5327; x_wconf 73' lang='lat' dir='ltr'><strong>l</strong></span> <span class='ocrx_word' id='word_1_750' title='bbox 505 5278 777 5348; x_wconf 80' lang='grc' dir='ltr'>ὑπεράνω.</span> <span class='ocrx_word' id='word_1_751' title='bbox 873 5277 898 5316; x_wconf 78' lang='grc' dir='ltr'>Ιί</span> <span class='ocrx_word' id='word_1_752' title='bbox 926 5276 1059 5332; x_wconf 85' lang='lat' dir='ltr'><strong>fors.</strong></span> <span class='ocrx_word' id='word_1_753' title='bbox 1090 5277 1632 5348; x_wconf 72' lang='grc' dir='ltr'>παρακαλεσάμενοζ.</span> 
     </span>
    </p>
   </div>
   <div class='ocr_carea' id='block_1_103' title="bbox 370 5360 545 5403">
    <p class='ocr_par' dir='ltr' id='par_1_103' title="bbox 370 5360 545 5403">
     <span class='ocr_line' id='line_1_103' title="bbox 370 5360 545 5403; baseline -0.011 0"><span class='ocrx_word' id='word_1_754' title='bbox 370 5360 545 5403; x_wconf 65' lang='lat' dir='ltr'><strong>Nare.</strong></span> 
     </span>
    </p>
   </div>
   <div class='ocr_carea' id='block_1_104' title="bbox 373 5419 1316 5488">
    <p class='ocr_par' dir='ltr' id='par_1_104' title="bbox 373 5419 1316 5488">
     <span class='ocr_line' id='line_1_104' title="bbox 373 5419 1316 5488; baseline 0.002 -19"><span class='ocrx_word' id='word_1_755' title='bbox 373 5419 527 5488; x_wconf 68' lang='lat' dir='ltr'><strong>prius</strong></span> <span class='ocrx_word' id='word_1_756' title='bbox 554 5420 818 5475; x_wconf 77' lang='lat' dir='ltr'><strong>exsistere</strong></span> <span class='ocrx_word' id='word_1_757' title='bbox 873 5434 1037 5488; x_wconf 87' lang='lat' dir='ltr'><strong>quam</strong></span> <span class='ocrx_word' id='word_1_758' title='bbox 1064 5435 1316 5488; x_wconf 83' lang='lat' dir='ltr'><strong>corpora.</strong></span> 
     </span>
    </p>
   </div>
   <div class='ocr_carea' id='block_1_105' title="bbox 1719 5274 2335 5328">
    <p class='ocr_par' dir='ltr' id='par_1_105' title="bbox 1719 5274 2335 5328">
     <span class='ocr_line' id='line_1_105' title="bbox 1719 5274 2335 5328; baseline 0 0"><span class='ocrx_word' id='word_1_759' title='bbox 1719 5274 1730 5313; x_wconf 86' lang='grc'>¹</span> <span class='ocrx_word' id='word_1_760' title='bbox 1762 5276 1927 5328; x_wconf 65' lang='lat' dir='ltr'><strong>Lego.</strong></span> <span class='ocrx_word' id='word_1_761' title='bbox 1954 5275 2335 5328; x_wconf 77' lang='grc' dir='ltr'>ὲνυπόστατος.</span> 
     </span>
    </p>
   </div>
   <div class='ocr_carea' id='block_1_106' title="bbox 626 5275 3643 5470">
    <p class='ocr_par' dir='ltr' id='par_1_106' title="bbox 626 5275 3643 5470">
     <span class='ocr_line' id='line_1_106' title="bbox 626 5275 3641 5347; baseline -0.003 -17"><span class='ocrx_word' id='word_1_762' title='bbox 626 5278 777 5330; x_wconf 66' lang='lat' dir='ltr'><strong>Divo).</strong></span> <span class='ocrx_word' id='word_1_763' title='bbox 873 5277 898 5316; x_wconf 78' lang='grc' dir='ltr'>¹ί</span> <span class='ocrx_word' id='word_1_764' title='bbox 926 5276 1059 5332; x_wconf 84' lang='lat' dir='ltr'><strong>fors.</strong></span> <span class='ocrx_word' id='word_1_765' title='bbox 1090 5277 1632 5346; x_wconf 73' lang='grc' dir='ltr'>παρακαλεσάμενοζ.</span> <span class='ocrx_word' id='word_1_766' title='bbox 1719 5275 2335 5347; x_wconf 65' lang='lat' dir='ltr'><strong>&#39;Lego,tvu1téoraro;.</strong></span> <span class='ocrx_word' id='word_1_767' title='bbox 2428 5283 2467 5312; x_wconf 74' lang='grc' dir='ltr'>ω</span> <span class='ocrx_word' id='word_1_768' title='bbox 2499 5275 2676 5329; x_wconf 78' lang='lat' dir='ltr'><strong>Verba</strong></span> <span class='ocrx_word' id='word_1_769' title='bbox 2708 5275 2825 5329; x_wconf 69' lang='lat' dir='ltr'><strong>haec</strong></span> <span class='ocrx_word' id='word_1_770' title='bbox 2885 5288 2994 5327; x_wconf 90' lang='lat' dir='ltr'><strong>non</strong></span> <span class='ocrx_word' id='word_1_771' title='bbox 3037 5275 3297 5326; x_wconf 89' lang='lat' dir='ltr'><strong>videntur</strong></span> <span class='ocrx_word' id='word_1_772' title='bbox 3359 5275 3472 5324; x_wconf 87' lang='lat' dir='ltr'><strong>huc</strong></span> <span class='ocrx_word' id='word_1_773' title='bbox 3514 5283 3641 5336; x_wconf 84' lang='lat' dir='ltr'><strong>spe-</strong></span> 
     </span>
     <span class='ocr_line' id='line_1_107' title="bbox 626 5340 3643 5415; baseline -0.003 -13"><span class='ocrx_word' id='word_1_774' title='bbox 626 5359 652 5387; x_wconf 79' lang='grc' dir='ltr'><strong>η</strong></span> <span class='ocrx_word' id='word_1_775' title='bbox 688 5348 786 5403; x_wconf 88' lang='lat' dir='ltr'><strong>llic</strong></span> <span class='ocrx_word' id='word_1_776' title='bbox 826 5348 1115 5402; x_wconf 82' lang='lat' dir='ltr'><strong>inserenda</strong></span> <span class='ocrx_word' id='word_1_777' title='bbox 1147 5348 1405 5401; x_wconf 83' lang='lat' dir='ltr'><strong>videntur</strong></span> <span class='ocrx_word' id='word_1_778' title='bbox 1437 5346 1602 5400; x_wconf 77' lang='lat' dir='ltr'><strong>verba</strong></span> <span class='ocrx_word' id='word_1_779' title='bbox 1632 5347 1721 5400; x_wconf 91' lang='lat' dir='ltr'><strong>illa</strong></span> <span class='ocrx_word' id='word_1_780' title='bbox 1754 5348 1925 5401; x_wconf 75' lang='grc' dir='ltr'>τκατὰ</span> <span class='ocrx_word' id='word_1_781' title='bbox 1951 5348 2075 5409; x_wconf 73' lang='grc' dir='ltr'>τοὺς</span> <span class='ocrx_word' id='word_1_782' title='bbox 2116 5345 2424 5414; x_wconf 79' lang='grc' dir='ltr'>Ὧριγένους</span> <span class='ocrx_word' id='word_1_783' title='bbox 2457 5345 2691 5415; x_wconf 83' lang='grc' dir='ltr'>μύθους;</span> <span class='ocrx_word' id='word_1_784' title='bbox 2719 5360 2844 5400; x_wconf 89' lang='lat' dir='ltr'><strong>nam</strong></span> <span class='ocrx_word' id='word_1_785' title='bbox 2873 5341 3137 5414; x_wconf 89' lang='lat' dir='ltr'><strong>Origenes</strong></span> <span class='ocrx_word' id='word_1_786' title='bbox 3159 5340 3399 5403; x_wconf 82' lang='lat' dir='ltr'><strong>dicebat,</strong></span> <span class='ocrx_word' id='word_1_787' title='bbox 3426 5340 3643 5394; x_wconf 76' lang='lat' dir='ltr'><strong>animas</strong></span> 
     </span>
     <span class='ocr_line' id='line_1_108' title="bbox 626 5416 2117 5470; baseline 0 0"><span class='ocrx_word' id='word_1_788' title='bbox 626 5420 818 5470; x_wconf 84' lang='lat' dir='ltr'><strong>sistere</strong></span> <span class='ocrx_word' id='word_1_789' title='bbox 873 5434 1037 5470; x_wconf 85' lang='lat' dir='ltr'><strong>uuam</strong></span> <span class='ocrx_word' id='word_1_790' title='bbox 1064 5435 1316 5470; x_wconf 78' lang='lat' dir='ltr'><strong>corpora.</strong></span> <span class='ocrx_word' id='word_1_791' title='bbox 1394 5425 1418 5452; x_wconf 88' lang='grc' dir='ltr'><strong>ο</strong></span> <span class='ocrx_word' id='word_1_792' title='bbox 1448 5416 1595 5470; x_wconf 70' lang='lat' dir='ltr'><strong>Leito</strong></span> <span class='ocrx_word' id='word_1_793' title='bbox 1622 5419 1669 5470; x_wconf 84' lang='grc' dir='ltr'>οἱ</span> <span class='ocrx_word' id='word_1_794' title='bbox 1699 5417 1776 5470; x_wconf 79' lang='grc' dir='ltr'><strong>δέ.</strong></span> <span class='ocrx_word' id='word_1_795' title='bbox 1808 5434 1927 5470; x_wconf 89' lang='lat' dir='ltr'><strong>nro.</strong></span> <span class='ocrx_word' id='word_1_796' title='bbox 1962 5419 2010 5470; x_wconf 83' lang='grc' dir='ltr'>εἰ</span> <span class='ocrx_word' id='word_1_797' title='bbox 2039 5416 2117 5470; x_wconf 79' lang='grc' dir='ltr'>δέ.</span> 
     </span>
    </p>
   </div>
   <div class='ocr_carea' id='block_1_107' title="bbox 1493 5432 2117 5487">
    <p class='ocr_par' dir='ltr' id='par_1_107' title="bbox 1493 5432 2117 5487">
     <span class='ocr_line' id='line_1_109' title="bbox 1493 5432 2117 5487; baseline 0.003 -18"><span class='ocrx_word' id='word_1_798' title='bbox 1493 5432 1595 5486; x_wconf 74' lang='lat' dir='ltr'><strong>ego</strong></span> <span class='ocrx_word' id='word_1_799' title='bbox 1622 5433 1669 5470; x_wconf 88' lang='grc' dir='ltr'><strong>οι</strong></span> <span class='ocrx_word' id='word_1_800' title='bbox 1699 5432 1776 5480; x_wconf 84' lang='grc' dir='ltr'><strong>οε,</strong></span> <span class='ocrx_word' id='word_1_801' title='bbox 1808 5434 1927 5487; x_wconf 87' lang='lat' dir='ltr'><strong>pro,</strong></span> <span class='ocrx_word' id='word_1_802' title='bbox 1962 5435 2010 5472; x_wconf 83' lang='grc' dir='ltr'><strong>ει</strong></span> <span class='ocrx_word' id='word_1_803' title='bbox 2039 5432 2117 5471; x_wconf 85' lang='grc' dir='ltr'><strong>οε.</strong></span> 
     </span>
    </p>
   </div>
   <div class='ocr_carea' id='block_1_108' title="bbox 2428 5269 3641 5336">
    <p class='ocr_par' dir='ltr' id='par_1_108' title="bbox 2428 5269 3641 5336">
     <span class='ocr_line' id='line_1_110' title="bbox 2428 5269 3641 5336; baseline -0.006 -8"><span class='ocrx_word' id='word_1_804' title='bbox 2428 5283 2467 5312; x_wconf 75' lang='grc' dir='ltr'>ω</span> <span class='ocrx_word' id='word_1_805' title='bbox 2499 5274 2676 5329; x_wconf 78' lang='lat' dir='ltr'><strong>Verba</strong></span> <span class='ocrx_word' id='word_1_806' title='bbox 2708 5275 2825 5329; x_wconf 69' lang='lat' dir='ltr'><strong>haec</strong></span> <span class='ocrx_word' id='word_1_807' title='bbox 2885 5288 2994 5327; x_wconf 90' lang='lat' dir='ltr'><strong>non</strong></span> <span class='ocrx_word' id='word_1_808' title='bbox 3037 5272 3297 5326; x_wconf 89' lang='lat' dir='ltr'><strong>videntur</strong></span> <span class='ocrx_word' id='word_1_809' title='bbox 3357 5269 3472 5324; x_wconf 84' lang='lat' dir='ltr'><strong>huc</strong></span> <span class='ocrx_word' id='word_1_810' title='bbox 3514 5283 3641 5336; x_wconf 84' lang='lat' dir='ltr'><strong>spe-</strong></span> 
     </span>
    </p>
   </div>
   <div class='ocr_carea' id='block_1_109' title="bbox 1888 5556 2122 5614">
    <p class='ocr_par' dir='ltr' id='par_1_109' title="bbox 1888 5556 2122 5614">
     <span class='ocr_line' id='line_1_111' title="bbox 1888 5556 2122 5614; baseline -0.004 -2"><span class='ocrx_word' id='word_1_811' title='bbox 1888 5556 2122 5614; x_wconf 57' lang='lat' dir='ltr'><strong>NOTAE.</strong></span> 
     </span>
    </p>
   </div>
   <div class='ocr_carea' id='block_1_110' title="bbox 447 5650 1937 5723">
    <p class='ocr_par' dir='ltr' id='par_1_110' title="bbox 447 5650 1937 5723">
     <span class='ocr_line' id='line_1_112' title="bbox 447 5650 1937 5723; baseline 0.001 -17"><span class='ocrx_word' id='word_1_812' title='bbox 447 5653 559 5723; x_wconf 79' lang='lat'><strong>(79)</strong></span> <span class='ocrx_word' id='word_1_813' title='bbox 588 5654 831 5709; x_wconf 80' lang='lat' dir='ltr'><strong>Lazarus</strong></span> <span class='ocrx_word' id='word_1_814' title='bbox 854 5654 1006 5723; x_wconf 77' lang='lat' dir='ltr'><strong>visus</strong></span> <span class='ocrx_word' id='word_1_815' title='bbox 1035 5651 1103 5706; x_wconf 87' lang='lat' dir='ltr'><strong>ab</strong></span> <span class='ocrx_word' id='word_1_816' title='bbox 1133 5651 1391 5722; x_wconf 79' lang='lat' dir='ltr'><strong>cpuloue,</strong></span> <span class='ocrx_word' id='word_1_817' title='bbox 1427 5667 1536 5706; x_wconf 89' lang='lat' dir='ltr'><strong>non</strong></span> <span class='ocrx_word' id='word_1_818' title='bbox 1572 5659 1689 5705; x_wconf 90' lang='lat' dir='ltr'><strong>erat</strong></span> <span class='ocrx_word' id='word_1_819' title='bbox 1723 5650 1776 5705; x_wconf 85' lang='lat' dir='ltr'><strong>in</strong></span> <span class='ocrx_word' id='word_1_820' title='bbox 1825 5667 1937 5707; x_wconf 77' lang='lat' dir='ltr'><strong>cce-</strong></span> 
     </span>
    </p>
   </div>
   <div class='ocr_carea' id='block_1_111' title="bbox 370 5722 1185 5791">
    <p class='ocr_par' dir='ltr' id='par_1_111' title="bbox 370 5722 1185 5791">
     <span class='ocr_line' id='line_1_113' title="bbox 370 5722 1185 5791; baseline 0.007 -22"><span class='ocrx_word' id='word_1_821' title='bbox 370 5722 463 5781; x_wconf 69' lang='grc'>1.),</span> <span class='ocrx_word' id='word_1_822' title='bbox 484 5723 576 5775; x_wconf 67' lang='lat' dir='ltr'><strong>sed</strong></span> <span class='ocrx_word' id='word_1_823' title='bbox 608 5728 660 5776; x_wconf 90' lang='lat' dir='ltr'><strong>in</strong></span> <span class='ocrx_word' id='word_1_824' title='bbox 694 5723 863 5777; x_wconf 84' lang='lat' dir='ltr'><strong>limbo</strong></span> <span class='ocrx_word' id='word_1_825' title='bbox 892 5722 1185 5791; x_wconf 73' lang='lat' dir='ltr'><strong>iustorum.</strong></span> 
     </span>
    </p>
   </div>
   <div class='ocr_carea' id='block_1_112' title="bbox 449 5791 1755 5863">
    <p class='ocr_par' dir='ltr' id='par_1_112' title="bbox 449 5791 1755 5863">
     <span class='ocr_line' id='line_1_114' title="bbox 449 5791 1755 5863; baseline 0.005 -20"><span class='ocrx_word' id='word_1_826' title='bbox 449 5791 556 5861; x_wconf 80' lang='lat'><strong>(80)</strong></span> <span class='ocrx_word' id='word_1_827' title='bbox 590 5793 751 5846; x_wconf 74' lang='lat' dir='ltr'><strong>Istam</strong></span> <span class='ocrx_word' id='word_1_828' title='bbox 782 5792 1147 5863; x_wconf 64' lang='lat' dir='ltr'><strong>objecti-mem</strong></span> <span class='ocrx_word' id='word_1_829' title='bbox 1173 5791 1333 5847; x_wconf 74' lang='lat' dir='ltr'><strong>solvit</strong></span> <span class='ocrx_word' id='word_1_830' title='bbox 1376 5792 1755 5849; x_wconf 84' lang='lat' dir='ltr'><strong>Bellarminus.</strong></span> 
     </span>
    </p>
   </div>
   <div class='ocr_carea' id='block_1_113' title="bbox 2123 5643 3642 5721">
    <p class='ocr_par' dir='ltr' id='par_1_113' title="bbox 2123 5643 3642 5721">
     <span class='ocr_line' id='line_1_115' title="bbox 2123 5643 3642 5721; baseline -0.004 -17"><span class='ocrx_word' id='word_1_831' title='bbox 2123 5650 2235 5721; x_wconf 86' lang='lat' dir='ltr'><strong>(8i)</strong></span> <span class='ocrx_word' id='word_1_832' title='bbox 2271 5649 2509 5706; x_wconf 84' lang='lat' dir='ltr'><strong>General</strong></span> <span class='ocrx_word' id='word_1_833' title='bbox 2538 5643 2763 5721; x_wconf 72' lang='lat' dir='ltr'><strong>quidem</strong></span> <span class='ocrx_word' id='word_1_834' title='bbox 2814 5648 3093 5721; x_wconf 83' lang='lat' dir='ltr'><strong>hominem</strong></span> <span class='ocrx_word' id='word_1_835' title='bbox 3128 5647 3315 5700; x_wconf 83' lang='lat' dir='ltr'><strong>vivum</strong></span> <span class='ocrx_word' id='word_1_836' title='bbox 3356 5658 3411 5699; x_wconf 79' lang='lat' dir='ltr'><strong>et</strong></span> <span class='ocrx_word' id='word_1_837' title='bbox 3460 5649 3642 5721; x_wconf 74' lang='lat' dir='ltr'><strong>perte-</strong></span> 
     </span>
    </p>
   </div>
   <div class='ocr_carea' id='block_1_114' title="bbox 2048 5714 3638 5799">
    <p class='ocr_par' dir='ltr' id='par_1_114' title="bbox 2048 5714 3638 5799">
     <span class='ocr_line' id='line_1_116' title="bbox 2048 5714 3638 5799; baseline -0.003 -26"><span class='ocrx_word' id='word_1_838' title='bbox 2048 5714 2339 5799; x_wconf 55' lang='lat' dir='ltr'><strong>9mm,&#39;scu</strong></span> <span class='ocrx_word' id='word_1_839' title='bbox 2388 5736 2494 5774; x_wconf 87' lang='lat' dir='ltr'><strong>non</strong></span> <span class='ocrx_word' id='word_1_840' title='bbox 2536 5714 2658 5775; x_wconf 82' lang='lat' dir='ltr'><strong>ideo</strong></span> <span class='ocrx_word' id='word_1_841' title='bbox 2703 5728 2929 5791; x_wconf 82' lang='lat' dir='ltr'><strong>generat</strong></span> <span class='ocrx_word' id='word_1_842' title='bbox 2961 5719 3198 5774; x_wconf 85' lang='lat' dir='ltr'><strong>animam</strong></span> <span class='ocrx_word' id='word_1_843' title='bbox 3225 5756 3238 5774; x_wconf 95' lang='lat'><strong>.</strong></span> <span class='ocrx_word' id='word_1_844' title='bbox 3272 5732 3393 5786; x_wconf 63' lang='lat' dir='ltr'><strong>quae</strong></span> <span class='ocrx_word' id='word_1_845' title='bbox 3438 5731 3467 5769; x_wconf 88' lang='lat' dir='ltr'><strong>a</strong></span> <span class='ocrx_word' id='word_1_846' title='bbox 3516 5714 3638 5769; x_wconf 82' lang='lat' dir='ltr'><strong>solo</strong></span> 
     </span>
    </p>
   </div>
   <div class='ocr_carea' id='block_1_115' title="bbox 2046 5792 2423 5847">
    <p class='ocr_par' dir='ltr' id='par_1_115' title="bbox 2046 5792 2423 5847">
     <span class='ocr_line' id='line_1_117' title="bbox 2046 5792 2423 5847; baseline -0.005 0"><span class='ocrx_word' id='word_1_847' title='bbox 2046 5792 2157 5847; x_wconf 86' lang='lat' dir='ltr'><strong>Deo</strong></span> <span class='ocrx_word' id='word_1_848' title='bbox 2186 5799 2423 5846; x_wconf 80' lang='lat' dir='ltr'><strong>creatur.</strong></span> 
     </span>
    </p>
   </div>
  </div>
