4062 6142
329 235 442 298 7'27

1533 241 1592 300 S.
1633 239 2029 300 ANASTASI!
2073 243 2402 301 SINAITE

3457 187 3584 308 E8.

325 357 457 423 gent
498 350 568 404 ⁸⁸.
602 370 620 402 ι
667 350 803 406 Nam
853 351 901 408 si
952 353 1230 410 credimus
1287 370 1417 409 eum
1463 354 1891 426 omnipotentem

2002 373 2110 406 ται.
2127 374 2141 403 ι
2161 357 2220 408 Ei
2239 357 2346 426 γὰρ
2364 357 2747 425 πιστεύσομεν,
2773 355 2940 412 αὐτὸν
2969 351 3378 428 παντοδύναμον
3399 352 3560 422 εἶναι,

323 459 450 500 esse
497 443 596 514 qui
639 443 920 500 hominem
965 461 1036 501 ex
1059 447 1237 503 nihilo
1271 447 1340 502 ad
1392 449 1762 511 esseeduxit,
1813 449 1896 502 fa-

323 535 488 590 cilius
515 535 709 612 utique
739 536 1063 607 ﬁgmentum
1088 539 1234 608 quod
1265 539 1440 602 ﬁnxit,
1461 540 1718 610 quodque
1749 557 1898 596 mors

323 627 562 696 disiecit,
615 629 882 698 relingere
936 641 993 685 et
1046 647 1299 700 reparare
1351 633 1574 702 poterit.
1629 631 1685 686 Si
1721 634 1897 687 credi-

323 733 448 771 mus
495 718 552 774 in
602 733 766 772 manu
819 719 918 774 Dei
953 735 1074 776 esse
1109 721 1248 776 lines
1297 731 1478 787 terrae,
1516 732 1681 792 prout
1728 723 1897 776 David

321 809 468 862 canit
511 809 582 875 ³⁷,
631 825 963 880 quocunque
1013 827 1213 881 corpus
1239 813 1541 880 deferatur,
1599 815 1711 869 imo
1767 815 1898 869 licet

321 899 686 968 dissolvatur,
715 911 1000 968 exuratur,
1042 904 1364 971 devoretur,
1394 922 1614 976 semper
1640 908 1696 961 in
1729 923 1894 962 manu

319 991 418 1046 Dei
453 1001 597 1056 sunt
636 1002 692 1048 et
723 1009 884 1064 aqua,
929 1001 988 1048 et
1021 994 1186 1064 ignis,
1235 1005 1290 1050 et
1325 997 1537 1064 bestiae,
1586 1013 1654 1052 ex
1688 999 1896 1068 quibus

319 1084 509 1139 educit
533 1099 756 1154 corpus,
797 1085 945 1156 quod
977 1096 1334 1156 acceperunt,
1387 1089 1763 1152 comederunt,
1799 1091 1896 1145 de—

317 1185 606 1242 vorarunt,
657 1186 714 1232 et
762 1179 1210 1235 submerserunt.
1255 1181 1374 1235 Non
1408 1182 1555 1236 enim
1613 1183 1666 1236 in
1713 1183 1896 1253 perdi-

320 1268 524 1324 tionem
555 1270 672 1325 abit
698 1285 904 1342 corpus
933 1271 1102 1325 morti
1133 1272 1355 1339 datum;
1391 1273 1486 1327 sed
1520 1273 1652 1328 licet
1679 1288 1710 1327 a
1745 1275 1894 1329 mille

319 1360 654 1416 animalibus
701 1363 893 1418 aliisve
937 1363 1120 1418 causis
1149 1372 1528 1434 consumatur,
1573 1363 1628 1420 in
1655 1375 1896 1436 quatuor

269 1481 274 1488 -
319 1451 616 1516 elementa,
649 1469 717 1508 ex
764 1453 968 1523 quibus
998 1464 1236 1518 constat,
1277 1456 1594 1520 resolvitur,
1645 1456 1750 1511 hoc
1782 1465 1889 1520 est,

263 1585 270 1592 .
319 1541 373 1595 in
425 1543 664 1600 calorem
718 1545 889 1609 calor,
941 1545 996 1600 in
1060 1561 1257 1616 aquam
1315 1547 1535 1608 humor,
1585 1548 1639 1602 in
1689 1557 1892 1602 terram

321 1635 576 1704 siccitas;
606 1647 663 1694 et
695 1637 752 1692 in
776 1638 866 1694 his
893 1639 1181 1694 elementis
1213 1639 1364 1700 velut
1387 1641 1441 1695 in
1473 1640 1724 1712 deposito
1753 1657 1894 1710 quoe

320 1727 444 1784 dam
485 1738 804 1788 asservatur
865 1740 922 1786 et
972 1731 1288 1786 custoditur
1335 1747 1536 1804 corpus
1592 1749 1766 1802 usque
1825 1733 1894 1787 ad

317 1820 464 1876 diem
507 1823 956 1886 resurrectionis,
992 1823 1216 1892 quando
1252 1825 1496 1893 potentia
1525 1824 1622 1878 Dei
1659 1840 1727 1878 ex
1761 1825 1895 1894 ipsis

317 1911 456 1966 illud
500 1913 703 1968 iterum
741 1913 1024 1978 excitabit,
1059 1901 1528 1984 quemadmodum
1579 1914 1710 1970 fecit
1740 1924 1796 1969 et
1823 1915 1894 1970 ab

317 2003 500 2069 initio,
547 2004 768 2074 quando
813 2005 950 2062 illud
997 2006 1268 2060 condidit.

388 2177 456 2230 Et
525 2185 586 2232 ut
659 2175 890 2248 physico
937 2177 1178 2248 quodam
1221 2189 1551 2249 argumento
1605 2181 1891 2236 ostendam

316 2285 521 2340 corpus
565 2270 818 2334 exanime
869 2269 928 2324 in
966 2271 1238 2326 elementa
1290 2271 1595 2338 discedere,
1646 2273 1890 2327 animum

316 2361 562 2417 adverte.
591 2361 769 2417 Vitale
818 2369 875 2417 et
920 2361 1198 2417 vivilicum
1230 2363 1562 2418 elementum
1605 2362 1660 2417 in
1689 2353 1888 2430 brutis,

313 2454 372 2508 in
399 2453 720 2509 hominibus
738 2461 794 2509 et
823 2455 882 2508 in
909 2454 1060 2509 omni
1077 2453 1319 2508 animato
1339 2456 1483 2524 quod
1507 2464 1776 2520 movetur,
1807 2462 1892 2510 est

267 2591 280 2597 -
315 2546 556 2616 sanguis,
590 2545 697 2600 hoc
723 2553 809 2602 est
845 2545 1020 2601 calida
1043 2555 1102 2603 et
1133 2549 1409 2617 operati-ix
1438 2547 1607 2601 motio
1629 2546 1888 2601 elementi

313 2637 487 2705 ignis;
539 2637 594 2690 in
643 2637 826 2693 brutis
861 2637 1144 2707 colligens,
1183 2639 1341 2708 393
1365 2638 1654 2693 continens
1679 2647 1736 2692 et
1767 2653 1890 2694 mo-

314 2743 448 2784 vens
499 2730 603 2784 tria
643 2729 858 2800 reliqua
903 2730 1196 2788 elementa.
1225 2729 1473 2800 Cumque
1517 2731 1740 2801 sanguis
1769 2732 1892 2786 vin-

315 2821 625 2886 culumsit,
673 2820 808 2875 hinc
847 2821 1034 2876 evenit
1065 2829 1146 2885 ut,
1199 2821 1243 2876 si
1294 2822 1526 2878 nimium
1573 2823 1892 2878 effundatur

311 2917 398 2970 vel
429 2924 753 2980 evacuetur,
799 2915 914 2980 sive
943 2930 1013 2972 ex
1037 2915 1280 2977 homine.
1317 2917 1432 2972 sive
1459 2933 1524 2972 ex
1555 2932 1888 2988 quocunque

311 3009 425 3062 alio
474 3008 720 3072 animali,
770 3007 1059 3064 confestim
1089 3009 1358 3064 moriatur
1403 3009 1625 3064 animal.
1658 3009 1715 3065 Si
1754 3025 1887 3065 vero
1915 3039 1960 3097 ρ

311 3115 425 3154 non
453 3099 794 3164 effundatur,
849 3099 1036 3155 etiluat
1067 3115 1203 3154 vero
1243 3101 1417 3174 calida
1454 3108 1510 3154 et
1553 3101 1738 3156 vitalis
1771 3103 1892 3172 ejus

313 3192 487 3246 motio
536 3199 594 3246 et
639 3191 912 3262 operatio,
973 3191 1229 3248 similiter
1279 3191 1503 3252 animaL
1537 3191 1705 3258 vitam
1749 3189 1890 3246 linit.

310 3285 486 3340 Porro
517 3285 760 3342 calorem
799 3299 922 3340 esse
975 3285 1314 3340 elementum
1359 3281 1544 3346 vitale,
1591 3282 1752 3345 ﬁdem
1790 3283 1888 3337 tibi

312 3376 516 3432 faciant
559 3375 845 3431 volucrum
892 3391 1020 3440 ova,
1050 3389 1173 3445 quae
1220 3374 1334 3430 fotu
1374 3375 1552 3430 calido
1583 3374 1886 3430 excindun-

310 3479 402 3522 tur
443 3475 502 3523 et
544 3467 922 3525 viviﬁcantur.
983 3469 1162 3525 Lebes
1205 3485 1428 3539 quoque
1471 3469 1666 3539 plenus
1719 3484 1885 3538 aqua,

307 3559 559 3632 subjecto
608 3559 734 3631 igne
776 3560 934 3630 quasi
982 3560 1265 3615 reviviseit
1289 3569 1347 3616 et
1380 3569 1651 3625 movetur,
1677 3569 1734 3614 et
1764 3560 1888 3614 bul-

306 3649 494 3704 licndo
537 3666 725 3708 vocem
753 3652 1046 3726 quamdam
1069 3651 1206 3707 edit.
1230 3651 1432 3719 .Divina
1479 3653 1704 3721 insuper
1733 3651 1885 3707 Scri-

305 3755 488 3812 ptura,
533 3744 628 3798 ubi
661 3744 730 3800 de
773 3745 1006 3801 muliere
1043 3744 1381 3810 Samaritana
1425 3746 1536 3814 agit
1568 3742 1633 3809 ³⁸,
1685 3757 1884 3814 aquam

304 3835 485 3888 vivam
533 3833 778 3903 appellat
806 3833 976 3898 illam,
1011 3844 1134 3903 qua:
1165 3843 1440 3898 movetur,
1467 3841 1522 3887 et
1545 3833 1728 3888 exsilit
1757 3847 1883 3888 cum

305 3924 520 3982 sonitu.
544 3923 626 3978 0b
674 3924 783 3979 hoc
813 3925 954 3979 forte
983 3911 1132 3980 Deus
1153 3925 1221 3980 ad
1261 3927 1430 3981 Deum
1461 3924 1604 3980 dicit
1633 3941 1648 3978 :
1687 3944 1706 3974 ι
1729 3923 1880 3990 Quo-

304 4014 453 4070 niam
488 4013 634 4084 apud
667 4023 718 4068 te
753 4025 837 4069 est
869 4015 992 4071 forts
1029 4015 1153 4070 vita:
1195 4015 1260 4070 ⁸³.
1295 4035 1314 4068 ι
1350 4014 1542 4073 Omnis
1579 4015 1729 4070 enim
1759 4014 1882 4070 fetis

306 4103 500 4171 vitam,
550 4114 786 4160 mortem
833 4116 886 4161 et
938 4107 1403 4162 resurrectionem
1458 4115 1706 4164 nostram
1757 4107 1880 4161 imi-

307 4206 472 4252 tatur.
514 4196 648 4254 Nam
695 4197 864 4254 fontis
898 4213 1039 4268 aqua
1075 4183 1345 4262 nascitur,
1381 4199 1535 4253 velut
1586 4197 1786 4261 infans,
1820 4197 1875 4251 in

305 4289 598 4346 tenebroso
634 4291 792 4362 quasi
835 4299 996 4346 utero
1029 4291 1242 4364 abyssi;
1281 4307 1423 4362 qum,
1469 4291 1563 4346 ubi
1597 4299 1874 4344 tnaturum

303 4389 522 4450 tempus
573 4381 815 4446 advenit,
869 4383 924 4438 in
971 4385 1150 4438 lucem
1195 4383 1566 4456 progreditur,
1604 4393 1877 4448 movetur,

300 4472 600 4544 statimque
629 4489 822 4528 vocem
849 4475 1072 4529 emittit.
1106 4475 1302 4530 Postea
1334 4490 1458 4533 cum
1495 4473 1550 4530 in
1582 4475 1876 4530 caldariam

304 4563 650 4632 imponitur,
694 4565 846 4618 velut
913 4565 1221 4620 membrum
1277 4549 1642 4635 amputatum,
1693 4549 1878 4620 subito

301 4653 503 4708 amissa
529 4655 774 4708 motione
809 4656 1082 4709 emoritur
1115 4655 1246 4726 (84).
1279 4657 1356 4711 At
1385 4656 1475 4711 ubi
1503 4656 1666 4712 lcbeti
1699 4657 1876 4726 ignem

302 4742 630 4813 subjcceris,
655 4745 810 4816 quasi
844 4746 1128 4814 proprium
1163 4747 1235 4802 sit
1269 4747 1434 4802 calidi
1465 4747 1728 4804 elementi
1757 4747 1877 4802 ani-

302 4850 512 4891 matum
537 4835 788 4899 reddere,
814 4836 1022 4906 absque
1043 4853 1194 4892 mora
1217 4840 1284 4893 ad
1310 4837 1690 4894 habitudinem
1715 4852 1880 4906 quam

305 4925 370 4980 ad
415 4925 624 4984 fontem
677 4925 920 4982 habebat
949 4927 1278 4994 revertitur;
1327 4927 1610 4982 reviviscit
1649 4928 1796 4982 enim
1824 4934 1881 4982 et

307 5017 548 5082 subsilit,
591 5034 896 5089 vocemque
927 5019 1056 5074 dum
1087 5020 1388 5085 reviviscit,
1435 5012 1659 5073 emittit.
1711 5018 1880 5074 Simi-

308 5109 432 5162 liter
465 5110 685 5180 plantae,
739 5111 983 5172 arbores,
1015 5119 1074 5166 et
1115 5110 1301 5165 omnia
1345 5125 1467 5180 qure
1510 5109 1877 5174 seminantur,

306 5198 351 5252 si
405 5215 435 5254 a
483 5199 614 5255 solis
633 5200 818 5256 calore
855 5217 965 5256 non
990 5201 1332 5260 foverentnr,
1365 5213 1468 5253 nec
1509 5197 1723 5252 radices
1752 5199 1878 5258 mit-

307 5299 506 5355 terent.
565 5306 668 5349 nec
712 5293 824 5347 vita
873 5293 1236 5346 donarentur.
1283 5289 1440 5356 Quod
1496 5287 1542 5344 si
1584 5289 1640 5344 in
1696 5290 1877 5346 lucem

379 5429 601 5487 "Jean.
644 5449 700 5496 ν,
733 5431 826 5486 ‘28.
897 5431 944 5462 "
977 5429 1119 5483 Psal.
1156 5443 1294 5491 χειν,
1327 5427 1377 5481 4.
1451 5424 1499 5458 ⁸³
1527 5424 1684 5481 Joan.
1715 5442 1791 5492 ιν,
1826 5428 1914 5482 iri.

2000 450 2219 511 παντως
2250 449 2312 499 ἐκ
2345 448 2436 501 τοῦ
2475 449 2549 517 μὴ
2587 447 2740 510 ὄντος
2777 449 2857 510 εἰς
2885 445 2945 502 τὸ
3001 443 3142 502 εἶναι
3165 447 3255 501 τὸν
3279 447 3566 516 ἄνθρωπον

1998 539 2244 606 ἀγαγὼν,
2271 539 2646 605 εὐκοπώτερον
2667 539 2727 592 τὸ
2753 537 2981 608 πλάσμα
3012 539 3074 592 τὸ
3109 540 3198 591 ὑπ’
3228 539 3395 592 αὐτοῦ
3427 539 3564 591 πλοι-

1999 628 2146 691 σθὲν,
2171 629 2264 680 καὶ
2287 627 2377 680 διὰ
2397 620 2634 681 ’θανάτου
2655 629 2930 698 δ-ιαχυθὲν,
2959 629 3266 682 ἀναπλάσαι
3313 629 3407 680 καὶ
3435 631 3564 682 ἀνα-

1999 721 2345 773 καινίσασοαι
2369 721 2678 791 δυνήσεται,
2720 721 2780 773 Ei
2821 719 3172 789 πιστεύομεν,
3199 720 3380 782 καθὼς
3413 718 3564 774 εἶπεν

1995 815 2024 866 ὁ
2055 813 2242 878 saeta,
2271 814 2354 866 ὅτι
2411 815 2470 866 ὲν
2523 817 2587 883 τῇ
2622 813 2767 883 χειρὶ
2793 813 2887 865 τοῦ
2929 813 3062 868 Θεοῦ
3102 813 3169 866 τὰ
3211 813 3566 881 πέραταοτῆς

1995 909 2121 974 γῆς,
2153 906 2288 960 ὅπου
2317 907 2364 958 δ’
2397 905 2464 960 ἂν
2513 909 2606 960 καὶ
2639 907 2850 978 ἀπέλθῃ
2877 906 2936 958 τὸ
2967 907 3147 976 σῶμα,
3179 907 3272 960 καὶ
3316 905 3564 976 διαλυθῇ,

1997 998 2101 1050 xiv
2131 999 2483 1068 καταϐρωθῇ,
2523 1000 2580 1050 ἐν
2612 1002 2677 1069 τῇ
2709 1000 2850 1070 χειρὶ
2877 999 2970 1053 τοῦ
3000 999 3148 1051 Θεοῦ·
3178 1000 3413 1067 ὑπάρχει
3470 1000 3566 1052 καὶ

1995 1091 2055 1142 τὺ
2079 1089 2242 1160 ὕδωρ,
2277 1089 2457 1143 καὶτὸ
2488 1090 2615 1160 πῦρ,
2663 1090 2756 1143 καὶ
2800 1089 2871 1142 τὰ
2921 1091 3104 1160 θηρία.
3139 1091 3231 1142 καὶ
3273 1089 3453 1157 ἐξάγει
3508 1089 3565 1154 ἐξ

1995 1181 2173 1233 αὐτῶν
2206 1181 2267 1234 τὸ
2299 1180 2477 1250 σῶμα,
2508 1181 2539 1245 β
2567 1181 2782 1250 ἔλαϐον,
2815 1183 2909 1237 καὶ
2962 1182 3186 1252 ἔφαγον,
3214 1182 3308 1234 καὶ
3357 1181 3385 1234 ὃ
3435 1199 3564 1234 κατ-

1994 1273 2292 1331 ἑπιον.καὶ
2343 1273 2372 1326 ὃ
2423 1274 2841 1328 κατεπόντισαν.
2875 1266 2964 1329 Ού
2993 1275 3102 1345 γὰρ
3157 1277 3236 1339 εἰς
3288 1273 3566 1327 ἀπώλειαν

1995 1365 2193 1430 ὑπάγει
2250 1365 2312 1420 τὸ
2364 1365 2740 1436 νεκρούμενον
2775 1366 2837 1419 τὸ
2895 1367 3086 1436 σῶμα·
3151 1367 3289 1420 ἀλλὰ
3327 1367 3430 1421 κᾶν
3461 1367 3566 1420 ὑπὸ

1997 1457 2206 1528 μυρίων
2235 1456 2268 1527 ἢ
2302 1457 2474 1511 ἄλλων
2530 1457 2720 1511 αἰτιῶν
2769 1457 3042 1528 ἀναλωθῇ,
3091 1461 3172 1522 εἰς
3209 1459 3276 1512 τὰ
3323 1460 3566 1530 τέσσαρα

1995 1553 2254 1619 στοιχεῖα,
2309 1549 2432 1604 ὅθεν
2495 1549 2846 1619 συνέστηκεν,
2894 1551 3014 1602 ἐκεῖ
3069 1551 3165 1603 καὶ
3241 1550 3562 1620 ἀπέρχεται,

1993 1641 2140 1693 τοῦτ’
2172 1639 2342 1703 ἐστιν,
2375 1643 2456 1703 εἰς
2483 1640 2542 1693 τὺ
2568 1640 2663 1693 τοῦ
2696 1640 2848 1710 ἡλίου
2879 1639 2940 1691 τὸ
2986 1639 3210 1710 θερμὸν,
3247 1641 3342 1692 καὶ
3385 1642 3465 1702 εἰς
3498 1641 3567 1694 τὰ

2003 1733 2170 1786 ὕδατα
2200 1733 2258 1786 τὺ
2285 1733 2472 1803 ὑγρὸν,
2519 1734 2612 1811 καὶ
2647 1733 2728 1795 εἰς
2757 1731 2856 1802 τὴν
2887 1733 2991 1802 γῆν
3018 1731 3080 1784 τὸ
3113 1732 3276 1802 ξηρόν
3295 1750 3309 1764 ο
3345 1733 3438 1786 καὶ
3488 1732 3567 1794 ὡς

2000 1823 2059 1876 ὲν
2088 1823 2386 1892 παραθήκῃ
2416 1823 2522 1874 τινί
2552 1823 2610 1874 ἐν
2655 1823 2838 1884 αὺτοῖς
2891 1821 3204 1886 ἀπόκειται,
3237 1823 3332 1874 καὶ
3366 1823 3567 1890 φυλάτ-

2003 1929 2148 1968 τεται
2181 1913 2286 1975 ἕως
2317 1912 2416 1980 τῆς
2462 1912 2674 1984 ἡμέρας
2710 1913 2808 1982 τῆς
2839 1913 3208 1978 ἀναστάσεως,
3242 1915 3298 1966 ὲν
3407 1912 3566 1966 δύνα-

2003 2002 2218 2080 μιςὴτοῦ
2267 2002 2402 2056 Θεοῦ
2435 2001 2494 2074 ἐξ
2524 2003 2702 2055 αὐτῶν
2728 2003 2859 2056 αὑτὴ
2901 2003 3064 2056 πάλιν
3105 2003 3382 2074 ἀνίστησι,
3421 2001 3566 2056 καθά

1999 2096 2094 2150 καὶ
2125 2095 2220 2149 ἀπ’
2246 2093 2421 2166 ἀρχῆς
2443 2095 2534 2148 ὅτε
2566 2096 2697 2148 αὐτὸ
2730 2095 3022 2163 πεποίηκε.

2070 2187 2177 2240 Καὶ
2215 2188 2366 2250 ὅπως
2398 2188 2463 2238 ἐκ
2497 2187 2744 2256 φυσικῆς
2787 2202 2932 2250 τινος
2983 2186 3308 2250 ἀκολουθίας
3367 2186 3562 2246 πείσω.

1998 2280 2078 2334 ὅτι
2109 2281 2188 2344 εἰς
2213 2277 2282 2332 τὰ
2313 2281 2551 2350 στοιχεῖα
2579 2278 2874 2333 ἀναλύεται
2906 2278 3002 2333 καὶ
3025 2280 3315 2350 διαιρεῖται
3338 2279 3398 2332 τὸ
3433 2281 3567 2332 ἀπο-

1999 2371 2232 2440 θνῆσκον
2263 2370 2444 2442 σῶμα,
2485 2369 2739 2424 ἄκουσον.
2790 2369 2864 2425 Τὸ
2892 2370 3122 2436 ζωτικὸν
3150 2359 3265 2424 ’καὶ
3301 2363 3566 2433 ζωοποιὸν

2000 2465 2266 2532 στοιχεῖον
2289 2461 2387 2516 καὶ
2425 2463 2483 2516 ὲν
2511 2464 2624 2526 τοῖς
2659 2461 2900 2530 ἀλόγοις,
2937 2461 3032 2516 καὶ
3083 2463 3143 2514 ὲν
3189 2465 3301 2524 τοῖς
3351 2460 3566 2531 ἀνθρώ-

1997 2571 2140 2620 ποις,
2173 2556 2267 2608 καὶ
2297 2555 2356 2606 ἐν
2389 2553 2554 2607 παντὶ
2587 2555 2817 2624 ἐμψύχῳ
2841 2555 3140 2624 κινουμένῳ
3169 2554 3230 2608 τὸ
3256 2548 3396 2624 αἷμά
3426 2554 3564 2614 ἐστι,

1995 2643 2138 2698 τοῦτ’
2175 2643 2318 2696 ἔστιν
2349 2645 2380 2713 ή
2413 2642 2590 2714 θερμῆ
2613 2641 2705 2696 τοῦ
2735 2643 2904 2715 πυρὸς
2933 2643 3026 2697 τοῦ
3049 2643 3312 2713 στοιχείου
3343 2645 3566 2714 ἐνεργη-

1994 2735 2406 2804 τικὴ-κένησιςο
2450 2736 2508 2786 ἐν
2547 2735 2644 2805 μὲν
2691 2737 2806 2798 τοῖς
2856 2735 3071 2804 ἀλόγοις
3116 2733 3418 2803 δεσμοῦσα,
3471 2721 3568 2809 κήαι

1996 2829 2312 2899 συνέχουσα,
2335 2829 2426 2881 καὶ
2457 2827 2684 2905 κινοῦσα
2734 2831 2804 2880 τὰ
2850 2827 2978 2898 τρία
3037 2829 3298 2898 στοιχεῖα.
3323 2826 3442 2880 ’Καὶ
3477 2825 3568 2880 διά

1993 2919 2148 2973 τοῦτο
2173 2919 2248 2981 ὡς
2277 2919 2475 2987 δεσμοῦ
2521 2919 2880 2989 τυγχάνοντος
2920 2917 3014 2970 τοῦ
3063 2917 3316 2987 αἵματος,
3349 2915 3446 2969 ἐὰν
3471 2934 3562 2968 xs-

1991 3011 2137 3080 νωοῇ
2168 3009 2291 3062 καθ’
2324 3007 2648 3078 ὑπερϐολὴν,
2707 3009 2816 3062 εἴτε
2880 3009 2943 3062 ὲκ
2983 3005 3076 3061 τυῦ
3110 3005 3420 3077 ἀνθρώπου.
3456 3008 3567 3060 εἴτε

1991 3098 2100 3151 ἀπὸ
2127 3099 2326 3160 παντὸς
2351 3097 2514 3162 ζὼου,
2547 3098 2746 3160 εὐθέως
2777 3098 3110 3168 ἀποθνήσκει
3137 3106 3194 3150 τὸ
3224 3095 3380 3161 ζῶον,
3417 3113 3510 3150 και
3539 3099 3568 3149 ὁ

1992 3189 2295 3260 ἄνθρωπος·
2329 3191 2429 3242 κᾶν
2475 3189 2530 3242 δὲ
2591 3189 2666 3258 μὴ
2712 3189 2946 3260 κενωθῇ,
2989 3188 3183 3260 ἐξέλθῃ
3229 3189 3349 3258 δὲή
3387 3188 3566 3259 θερμὴ

1991 3283 2084 3334 καὶ
2111 3279 2317 3352 ζωτικὴ
2346 3279 2513 3334 αὑτοῦ
2573 3281 2786 3350 κίνησις
2813 3283 2906 3334 καὶ
2933 3283 3204 3352 ἐνέργεια.
3238 3282 3437 3351 ὁμοίως
3475 3281 3564 3333 εὐ·

1991 3372 2130 3436 θέως
2163 3373 2522 3442 ἀποθνήσκει.
2552 3373 2674 3425 Ὅτι
2711 3371 2766 3425 δὲ
2809 3373 2869 3426 τὸ
2898 3371 3101 3444 θερμὸν
3134 3374 3400 3444 στοιχεῖόν
3446 3376 3559 3426 ἐστι

1987 3465 2047 3518 τὸ
2085 3464 2338 3529 ζωτικὸν,
2370 3463 2800 3544 πειθέτωσάνοε
2837 3466 2904 3520 τὰ
2937 3465 3044 3520 τῶν
3087 3467 3320 3538 ὀρνίθων
3348 3467 3428 3519 ibi:
3475 3467 3565 3520 διὰ

1986 3557 2088 3626 τῆς
2139 3557 2386 3625 θάλψεως
2438 3557 2870 3628 ζωοποιούμενα.
2913 3559 3144 3628 Ὁμοίως
3185 3559 3280 3614 καὶ
3328 3563 3354 3612 ό
3402 3559 3566 3628 λέϐης

1986 3647 2082 3700 τοῦ
2113 3649 2304 3712 ὓδατος
2330 3647 2420 3700 διὰ
2457 3647 2550 3700 τοῦ
2583 3650 2754 3720 πυρδς
2799 3651 3016 3713 ἀναζῶν
3065 3651 3162 3704 καὶ
3213 3652 3560 3722 κινούμενος,

1985 3739 2082 3808 καὶ
2113 3739 2299 3808 φωνήν
2327 3757 2448 3792 τινα
2473 3742 2540 3808 τῇ
2581 3738 2772 3809 βρὰσει
2803 3739 3146 3810 ποιούμενος.
3187 3742 3254 3794 Ai
3281 3742 3388 3813 γὰρ
3421 3741 3564 3794 θεῖαι

1955 3816 2228 3898 Τραφαὶ,
2261 3831 2356 3883 καὶ
2383 3832 2411 3883 ό
2445 3830 2646 3901 Κύριος
2687 3831 2821 3900 πρὸς
2850 3831 2951 3900 τὴν
2981 3831 3368 3902 Σαμαρείτιδα,
3419 3831 3565 3903 ὕδωρ

1985 3921 2096 3987 ζῶν
2140 3921 2201 3974 τὸ
2234 3921 2554 3991 κινούμενον
2583 3923 2678 3974 καὶ
2717 3921 3074 3990 ἐξαλλόμενον
3111 3921 3206 3976 καὶ
3245 3920 3413 3991 ὴχοῢν
3440 3921 3563 3975 όνο-

1989 4014 2239 4086 μάζουσι.
2278 4014 2386 4067 Καὶ
2415 4015 2555 4084 τάχα
2585 4011 2674 4066 διὰ
2709 4011 2870 4064 τοῦτό
2894 4029 3058 4082 φησιν
3079 4013 3107 4064 ὁ
3139 4011 3272 4072 Θεὸς
3305 4011 3383 4080 τῷ
3401 4009 3560 4084 θεῷ,

1981 4109 2062 4160 ότι
2104 4127 2120 4156 ι
2163 4107 2316 4176 Παρὰ
2353 4105 2434 4159 σοὶ
2465 4106 2616 4176 πηγὴ
2661 4103 2826 4175 ζωῆς.
2875 4122 2892 4155 ι
2945 4103 3163 4173 Ἐπειδὴ
3211 4105 3362 4156 πᾶσα
3411 4104 3561 4172 πηγὴ

1982 4201 2230 4272 μιμεῖται
2273 4199 2370 4269 τὴν
2397 4197 2673 4268 ἡμετέραν
2707 4195 2877 4265 ζωὴν,
2916 4195 3012 4250 καὶ
3049 4195 3142 4248 τὸν
3179 4194 3434 4258 θάνατον,
3471 4196 3566 4246 καὶ

1975 4289 2074 4358 τὴν
2110 4280 2428 4344 ἀνάστασιν.
2479 4289 2739 4342 Τίκτεται
2792 4288 2894 4358 μὲν
2947 4287 3058 4359 γὰρ
3121 4286 3184 4339 τὺ
3224 4288 3324 4356 τῆς
3378 4283 3564 4354 πηγῆς

1916 4377 1955 4430 D
1987 4379 2148 4450 ὕδωρ,
2181 4379 2368 4452 ὥσπερ
2396 4381 2589 4451 νήπιον
2611 4381 2670 4434 ὲν
2687 4383 2982 4444 σκοτεινοῖς
3001 4379 3240 4448 γαστρὸς
3266 4378 3365 4448 τῆς
3395 4376 3564 4429 ἀϐύσ-

1988 4489 2104 4536 σου,
2148 4471 2497 4542 διαλυόμενον
2539 4473 2632 4526 καὶ
2684 4473 2764 4534 εἰς
2810 4472 2927 4540 φῶς
2991 4469 3415 4542 προερχόμενον,
3463 4467 3559 4519 καὶ

1987 4561 2326 4632 κινούμενον,
2363 4561 2478 4618 καὶ»
2505 4563 2690 4632 φωνὴν
2720 4547 2924 4626 εὑθὲωξ
2973 4561 3289 4633 ἀφιέμενον.
3337 4554 3468 4614 Εἶτα
3503 4559 3561 4611 ἐν

1984 4653 2171 4723 λέϐητι
2202 4653 2582 4724 ἀντλούμενον,
2634 4653 2822 4726 ὥσπερ
2873 4653 3033 4722 μέλος
3081 4653 3432 4722 τεμνόμενον,
3465 4651 3557 4703 εύ-

1986 4743 2124 4807 θέως
2149 4744 2360 4812 γίνεται
2391 4743 2772 4814 νεκρούμενον,
2805 4744 2899 4800 καὶ
2938 4745 3015 4816 μὴ
3049 4743 3388 4812 κινούμενον,
3425 4743 3559 4818 μηδὲ

1989 4837 2174 4908 φωνήν
2213 4854 2332 4890 τινα
2369 4835 2716 4908 ποιούμενον.
2749 4838 2915 4890 Ἐπὰν
2964 4838 3020 4890 δὲ
3068 4837 3129 4890 τὸ
3171 4835 3284 4907 πῦρ
3315 4835 3421 4889 ὑπὸ
3465 4835 3558 4887 τὸν

1985 4926 2190 5000 λέϐητα
2223 4928 2522 5000 ὑποϐάλῃς,
2553 4929 2628 4992 ὡς
2661 4929 2865 4982 ἂν“ἵδια
2899 4927 2992 4981 τοῦ
3045 4925 3252 4996 Θερμοῦ
3286 4915 3560 4994 στοιχείου

1981 5019 2320 5091 ψυχούμενα,
2341 5021 2542 5084 εὐθέως
2563 5022 2642 5084 ei;
2657 5019 2720 5076 τὸ
2749 5023 3018 5091 πρότερον
3043 5016 3210 5073 αὑτοῦ
3245 5017 3344 5086 τῆς
3372 5017 3556 5086 πηγῆς

1986 5113 2175 5183 σχῆμα
2204 5114 2584 5184 ἐπανέρχεται,
2620 5111 2835 5174 ἀναζῶν
2865 5111 2959 5164 καὶ
2989 5109 3300 5177 ἀναπηδῶν,
3323 5109 3416 5161 καὶ
3447 5125 3560 5176 φω-

1983 5203 2080 5273 νὴν
2104 5206 2160 5255 ἐν
2187 5202 2263 5273 τῷ
2297 5205 2503 5274 ἀναζῇν
2528 5204 2841 5272 ἀφιέμενον.
2879 5203 3156 5264 Ὡσαύτως
3177 5201 3271 5254 καὶ
3297 5201 3364 5252 τά
3388 5197 3553 5267 φυτά,

1983 5297 2079 5348 καὶ
2107 5295 2174 5347 τὰ
2206 5294 2418 5366 δένδρα,
2443 5297 2535 5349 καὶ
2569 5297 2676 5350 πᾶν
2716 5294 3007 5366 σπόριμον,
3067 5293 3164 5347 ἐὰν
3197 5291 3272 5364 μὴ
3323 5291 3413 5344 διὰ
3451 5289 3557 5354 τῆς

1989 5430 2034 5462 δί’
2057 5431 2200 5485 Psal.
2235 5447 2392 5491 xxxv.
2421 5431 2506 5484 10.

1821 5561 1863 5616 Ν

381 5653 496 5724 (ει)
539 5653 725 5710 Simile
765 5654 893 5725 quid
938 5654 1184 5709 invenies
1227 5661 1414 5726 qumst.
1465 5655 1582 5720 115i,
1630 5652 1697 5708 ad
1728 5560 2029 5710 Λιιῐὶἓῖιέ
