  <div class='ocr_page' id='page_1' title='image "/cluster/home/n/w/nwhite01/storage/ocr_20150623/89/mdp.39015008868328/388.png"; bbox 0 0 4062 6142; ppageno 0'>
   <div class='ocr_carea' id='block_1_1' title="bbox 356 343 469 408">
    <p class='ocr_par' dir='ltr' id='par_1_1' title="bbox 356 343 469 408">
     <span class='ocr_line' id='line_1_1' title="bbox 356 343 469 408; baseline -0.009 0"><span class='ocrx_word' id='word_1_1' title='bbox 356 343 469 408; x_wconf 70' lang='grc'><strong>’129</strong></span> 
     </span>
    </p>
   </div>
   <div class='ocr_carea' id='block_1_2' title="bbox 1739 347 2255 441">
    <p class='ocr_par' dir='ltr' id='par_1_2' title="bbox 1739 347 2255 441">
     <span class='ocr_line' id='line_1_2' title="bbox 1739 347 2255 441; baseline -0.004 -30"><span class='ocrx_word' id='word_1_2' title='bbox 1739 347 2255 441; x_wconf 60' lang='lat' dir='ltr'><strong>qumsrioxgs.</strong></span> 
     </span>
    </p>
   </div>
   <div class='ocr_carea' id='block_1_3' title="bbox 3508 339 3615 404">
    <p class='ocr_par' dir='ltr' id='par_1_3' title="bbox 3508 339 3615 404">
     <span class='ocr_line' id='line_1_3' title="bbox 3508 339 3615 404; baseline -0.009 0"><span class='ocrx_word' id='word_1_3' title='bbox 3508 339 3615 404; x_wconf 84' lang='lat'><strong>730</strong></span> 
     </span>
    </p>
   </div>
   <div class='ocr_carea' id='block_1_4' title="bbox 360 459 1936 545">
    <p class='ocr_par' dir='ltr' id='par_1_4' title="bbox 360 459 1936 537">
     <span class='ocr_line' id='line_1_4' title="bbox 360 459 1936 537; baseline 0.003 -24"><span class='ocrx_word' id='word_1_4' title='bbox 360 461 595 532; x_wconf 73' lang='grc' dir='ltr'>ἡλιακῆς</span> <span class='ocrx_word' id='word_1_5' title='bbox 628 459 838 531; x_wconf 78' lang='grc' dir='ltr'><strong>Θέρμης</strong></span> <span class='ocrx_word' id='word_1_6' title='bbox 882 462 1256 536; x_wconf 74' lang='grc' dir='ltr'>καταθαλφθῇ,</span> <span class='ocrx_word' id='word_1_7' title='bbox 1288 464 1350 519; x_wconf 85' lang='grc' dir='ltr'><strong>οὐ</strong></span> <span class='ocrx_word' id='word_1_8' title='bbox 1382 464 1544 537; x_wconf 77' lang='grc' dir='ltr'>ριζοῖ,</span> <span class='ocrx_word' id='word_1_9' title='bbox 1578 467 1701 521; x_wconf 73' lang='grc' dir='ltr'><strong>οὐδὲ</strong></span> <span class='ocrx_word' id='word_1_10' title='bbox 1734 465 1936 534; x_wconf 71' lang='grc' dir='ltr'>ζωογοι</span> 
     </span>
    </p>
   </div>
   <div class='ocr_carea' id='block_1_5' title="bbox 2037 459 3613 545">
    <p class='ocr_par' dir='ltr' id='par_1_5' title="bbox 2038 461 3613 543">
     <span class='ocr_line' id='line_1_5' title="bbox 2038 461 3613 543; baseline -0.003 -19"><span class='ocrx_word' id='word_1_11' title='bbox 2038 469 2325 538; x_wconf 76' lang='lat' dir='ltr'><strong>prodeant,</strong></span> <span class='ocrx_word' id='word_1_12' title='bbox 2361 485 2542 543; x_wconf 88' lang='lat' dir='ltr'><strong>neque</strong></span> <span class='ocrx_word' id='word_1_13' title='bbox 2571 469 2837 531; x_wconf 81' lang='lat' dir='ltr'><strong>fructum,</strong></span> <span class='ocrx_word' id='word_1_14' title='bbox 2874 480 3054 536; x_wconf 87' lang='lat' dir='ltr'><strong>neque</strong></span> <span class='ocrx_word' id='word_1_15' title='bbox 3080 478 3265 521; x_wconf 80' lang='lat' dir='ltr'><strong>semen</strong></span> <span class='ocrx_word' id='word_1_16' title='bbox 3301 461 3446 517; x_wconf 74' lang='lat' dir='ltr'><strong>ferre</strong></span> <span class='ocrx_word' id='word_1_17' title='bbox 3481 476 3613 532; x_wconf 83' lang='lat' dir='ltr'><strong>pos-</strong></span> 
     </span>
    </p>
   </div>
   <div class='ocr_carea' id='block_1_6' title="bbox 359 552 1936 632">
    <p class='ocr_par' dir='ltr' id='par_1_6' title="bbox 359 552 1936 629">
     <span class='ocr_line' id='line_1_6' title="bbox 359 552 1936 629; baseline -0.001 -19"><span class='ocrx_word' id='word_1_18' title='bbox 359 557 555 610; x_wconf 79' lang='grc' dir='ltr'>νεῖται.</span> <span class='ocrx_word' id='word_1_19' title='bbox 592 554 654 606; x_wconf 82' lang='grc' dir='ltr'>Εἰ</span> <span class='ocrx_word' id='word_1_20' title='bbox 680 552 738 607; x_wconf 81' lang='grc' dir='ltr'><strong>δὲ</strong></span> <span class='ocrx_word' id='word_1_21' title='bbox 784 555 865 617; x_wconf 84' lang='grc' dir='ltr'><strong>είς</strong></span> <span class='ocrx_word' id='word_1_22' title='bbox 893 554 1009 624; x_wconf 86' lang='grc' dir='ltr'>φῶς</span> <span class='ocrx_word' id='word_1_23' title='bbox 1046 557 1396 628; x_wconf 82' lang='grc' dir='ltr'>προέρχεται,</span> <span class='ocrx_word' id='word_1_24' title='bbox 1443 559 1564 611; x_wconf 74' lang='grc' dir='ltr'>οὐδὲ</span> <span class='ocrx_word' id='word_1_25' title='bbox 1595 557 1757 628; x_wconf 83' lang='grc' dir='ltr'>γονὴν</span> <span class='ocrx_word' id='word_1_26' title='bbox 1778 558 1936 629; x_wconf 79' lang='grc' dir='ltr'>ἐργά-</span> 
     </span>
    </p>
   </div>
   <div class='ocr_carea' id='block_1_7' title="bbox 2037 552 3672 632">
    <p class='ocr_par' dir='ltr' id='par_1_7' title="bbox 2042 554 3672 632">
     <span class='ocr_line' id='line_1_7' title="bbox 2042 554 3672 632; baseline -0.007 -12"><span class='ocrx_word' id='word_1_27' title='bbox 2042 574 2192 621; x_wconf 90' lang='lat' dir='ltr'><strong>sunt.</strong></span> <span class='ocrx_word' id='word_1_28' title='bbox 2239 565 2381 620; x_wconf 87' lang='lat' dir='ltr'><strong>Hinc</strong></span> <span class='ocrx_word' id='word_1_29' title='bbox 2420 565 2599 619; x_wconf 91' lang='lat' dir='ltr'><strong>hiems</strong></span> <span class='ocrx_word' id='word_1_30' title='bbox 2644 577 2743 632; x_wconf 89' lang='lat' dir='ltr'><strong>per</strong></span> <span class='ocrx_word' id='word_1_31' title='bbox 2788 558 3049 628; x_wconf 81' lang='lat' dir='ltr'><strong>frigidum</strong></span> <span class='ocrx_word' id='word_1_32' title='bbox 3085 558 3422 612; x_wconf 78' lang='lat' dir='ltr'><strong>elementum</strong></span> <span class='ocrx_word' id='word_1_33' title='bbox 3474 554 3618 609; x_wconf 86' lang='lat' dir='ltr'><strong>inl&#39;e-</strong></span> <span class='ocrx_word' id='word_1_34' title='bbox 3662 578 3672 625; x_wconf 67' lang='grc' dir='ltr'><em>ε</em></span> 
     </span>
    </p>
   </div>
   <div class='ocr_carea' id='block_1_8' title="bbox 361 644 1940 721">
    <p class='ocr_par' dir='ltr' id='par_1_8' title="bbox 361 644 1940 721">
     <span class='ocr_line' id='line_1_8' title="bbox 361 644 1940 721; baseline 0.003 -23"><span class='ocrx_word' id='word_1_35' title='bbox 361 645 535 709; x_wconf 84' lang='grc' dir='ltr'>ζεται.</span> <span class='ocrx_word' id='word_1_36' title='bbox 578 644 893 700; x_wconf 85' lang='grc' dir='ltr'>Κάντεῦθεν</span> <span class='ocrx_word' id='word_1_37' title='bbox 942 647 971 699; x_wconf 99' lang='lat'><strong>6</strong></span> <span class='ocrx_word' id='word_1_38' title='bbox 1026 646 1235 718; x_wconf 85' lang='grc' dir='ltr'>χειμὼν</span> <span class='ocrx_word' id='word_1_39' title='bbox 1282 648 1372 701; x_wconf 80' lang='grc' dir='ltr'><strong>διὰ</strong></span> <span class='ocrx_word' id='word_1_40' title='bbox 1418 648 1511 702; x_wconf 88' lang='grc' dir='ltr'><strong>τοῦ</strong></span> <span class='ocrx_word' id='word_1_41' title='bbox 1544 649 1753 721; x_wconf 80' lang='grc' dir='ltr'>ψυχροῦ</span> <span class='ocrx_word' id='word_1_42' title='bbox 1795 666 1940 702; x_wconf 81' lang='grc' dir='ltr'>στοι-</span> 
     </span>
    </p>
   </div>
   <div class='ocr_carea' id='block_1_9' title="bbox 2043 646 3617 726">
    <p class='ocr_par' dir='ltr' id='par_1_9' title="bbox 2043 646 3617 726">
     <span class='ocr_line' id='line_1_9' title="bbox 2043 646 3617 726; baseline -0.008 -13"><span class='ocrx_word' id='word_1_43' title='bbox 2043 657 2381 717; x_wconf 89' lang='lat' dir='ltr'><strong>cunditatem</strong></span> <span class='ocrx_word' id='word_1_44' title='bbox 2412 655 2639 726; x_wconf 82' lang='lat' dir='ltr'><strong>plantis,</strong></span> <span class='ocrx_word' id='word_1_45' title='bbox 2679 662 2735 708; x_wconf 93' lang='lat' dir='ltr'><strong>et</strong></span> <span class='ocrx_word' id='word_1_46' title='bbox 2765 650 3099 706; x_wconf 87' lang='lat' dir='ltr'><strong>animalibus</strong></span> <span class='ocrx_word' id='word_1_47' title='bbox 3140 648 3489 705; x_wconf 71' lang='lat' dir='ltr'><strong>sterilitatem</strong></span> <span class='ocrx_word' id='word_1_48' title='bbox 3519 646 3617 702; x_wconf 87' lang='lat' dir='ltr'><strong>ad-</strong></span> 
     </span>
    </p>
   </div>
   <div class='ocr_carea' id='block_1_10' title="bbox 361 734 1936 820">
    <p class='ocr_par' dir='ltr' id='par_1_10' title="bbox 361 734 1936 809">
     <span class='ocr_line' id='line_1_10' title="bbox 361 734 1936 809; baseline 0.003 -23"><span class='ocrx_word' id='word_1_49' title='bbox 361 735 532 805; x_wconf 85' lang='grc' dir='ltr'>χείου,</span> <span class='ocrx_word' id='word_1_50' title='bbox 566 735 667 803; x_wconf 61' lang='grc' dir='ltr'><strong>τὴν</strong></span> <span class='ocrx_word' id='word_1_51' title='bbox 718 734 998 804; x_wconf 75' lang='grc' dir='ltr'>ἀκαρπίαν</span> <span class='ocrx_word' id='word_1_52' title='bbox 1035 737 1134 806; x_wconf 79' lang='grc' dir='ltr'><strong>μὲν</strong></span> <span class='ocrx_word' id='word_1_53' title='bbox 1197 739 1310 800; x_wconf 83' lang='grc' dir='ltr'>τοῖς</span> <span class='ocrx_word' id='word_1_54' title='bbox 1346 740 1555 807; x_wconf 79' lang='grc' dir='ltr'><strong>φυτοῖς,</strong></span> <span class='ocrx_word' id='word_1_55' title='bbox 1584 741 1685 809; x_wconf 83' lang='grc' dir='ltr'><strong>τὴν</strong></span> <span class='ocrx_word' id='word_1_56' title='bbox 1716 739 1936 806; x_wconf 80' lang='grc' dir='ltr'>ἀγονίαν</span> 
     </span>
    </p>
   </div>
   <div class='ocr_carea' id='block_1_11' title="bbox 2037 734 3619 820">
    <p class='ocr_par' dir='ltr' id='par_1_11' title="bbox 2043 740 3619 820">
     <span class='ocr_line' id='line_1_11' title="bbox 2043 740 3619 820; baseline -0.007 -15"><span class='ocrx_word' id='word_1_57' title='bbox 2043 750 2452 820; x_wconf 84' lang='lat' dir='ltr'><strong>ducit;quibus</strong></span> <span class='ocrx_word' id='word_1_58' title='bbox 2478 748 2887 818; x_wconf 82' lang='lat' dir='ltr'><strong>quadamtenus</strong></span> <span class='ocrx_word' id='word_1_59' title='bbox 2935 743 3132 798; x_wconf 89' lang='lat' dir='ltr'><strong>mortis</strong></span> <span class='ocrx_word' id='word_1_60' title='bbox 3165 750 3363 796; x_wconf 83' lang='lat' dir='ltr'><strong>tetram</strong></span> <span class='ocrx_word' id='word_1_61' title='bbox 3410 740 3619 794; x_wconf 72' lang='lat' dir='ltr'><strong>maesti-</strong></span> 
     </span>
    </p>
   </div>
   <div class='ocr_carea' id='block_1_12' title="bbox 360 825 1942 901">
    <p class='ocr_par' dir='ltr' id='par_1_12' title="bbox 360 825 1942 901">
     <span class='ocr_line' id='line_1_12' title="bbox 360 825 1942 901; baseline 0.001 -22"><span class='ocrx_word' id='word_1_62' title='bbox 360 827 418 879; x_wconf 77' lang='grc' dir='ltr'><strong>δὲ</strong></span> <span class='ocrx_word' id='word_1_63' title='bbox 475 827 571 879; x_wconf 75' lang='grc' dir='ltr'><strong>καὶ</strong></span> <span class='ocrx_word' id='word_1_64' title='bbox 600 826 856 880; x_wconf 83' lang='grc' dir='ltr'>ἀτεκνίαν</span> <span class='ocrx_word' id='word_1_65' title='bbox 884 829 998 890; x_wconf 81' lang='grc' dir='ltr'>τοῖς</span> <span class='ocrx_word' id='word_1_66' title='bbox 1024 827 1186 891; x_wconf 80' lang='grc' dir='ltr'>ζώοις</span> <span class='ocrx_word' id='word_1_67' title='bbox 1215 831 1389 881; x_wconf 77' lang='grc' dir='ltr'>ποιεῖ’</span> <span class='ocrx_word' id='word_1_68' title='bbox 1425 830 1483 882; x_wconf 83' lang='grc' dir='ltr'>ὲν</span> <span class='ocrx_word' id='word_1_69' title='bbox 1512 825 1592 892; x_wconf 78' lang='grc' dir='ltr'>οἷς</span> <span class='ocrx_word' id='word_1_70' title='bbox 1615 829 1802 901; x_wconf 82' lang='grc' dir='ltr'>τρόπῳ</span> <span class='ocrx_word' id='word_1_71' title='bbox 1835 829 1942 883; x_wconf 72' lang='grc' dir='ltr'>τινὶ</span> 
     </span>
    </p>
   </div>
   <div class='ocr_carea' id='block_1_13' title="bbox 363 917 1945 998">
    <p class='ocr_par' dir='ltr' id='par_1_13' title="bbox 363 917 1945 993">
     <span class='ocr_line' id='line_1_13' title="bbox 363 917 1945 993; baseline 0.001 -23"><span class='ocrx_word' id='word_1_72' title='bbox 363 920 617 988; x_wconf 73' lang='grc' dir='ltr'><strong>μιμεῖται</strong></span> <span class='ocrx_word' id='word_1_73' title='bbox 653 917 752 988; x_wconf 86' lang='grc' dir='ltr'><strong>τὴν</strong></span> <span class='ocrx_word' id='word_1_74' title='bbox 786 919 881 971; x_wconf 91' lang='grc' dir='ltr'><strong>τοῦ</strong></span> <span class='ocrx_word' id='word_1_75' title='bbox 912 918 1143 973; x_wconf 86' lang='grc' dir='ltr'>θανάτου</span> <span class='ocrx_word' id='word_1_76' title='bbox 1170 921 1493 991; x_wconf 82' lang='grc' dir='ltr'>κατήφειαν.</span> <span class='ocrx_word' id='word_1_77' title='bbox 1540 922 1846 993; x_wconf 76' lang='grc' dir='ltr'>Ύποχωρεϊ</span> <span class='ocrx_word' id='word_1_78' title='bbox 1867 920 1945 992; x_wconf 81' lang='grc' dir='ltr'>τῷ</span> 
     </span>
    </p>
   </div>
   <div class='ocr_carea' id='block_1_14' title="bbox 360 1008 1939 1082">
    <p class='ocr_par' dir='ltr' id='par_1_14' title="bbox 360 1008 1939 1082">
     <span class='ocr_line' id='line_1_14' title="bbox 360 1008 1939 1082; baseline 0.003 -22"><span class='ocrx_word' id='word_1_79' title='bbox 360 1010 525 1078; x_wconf 71' lang='grc' dir='ltr'>ψύχει</span> <span class='ocrx_word' id='word_1_80' title='bbox 565 1010 598 1079; x_wconf 84' lang='grc' dir='ltr'><strong>ἠ</strong></span> <span class='ocrx_word' id='word_1_81' title='bbox 630 1008 869 1079; x_wconf 85' lang='grc' dir='ltr'>τρυγὼν,</span> <span class='ocrx_word' id='word_1_82' title='bbox 897 1011 991 1063; x_wconf 75' lang='grc' dir='ltr'>καὶ</span> <span class='ocrx_word' id='word_1_83' title='bbox 1025 1010 1332 1081; x_wconf 83' lang='grc' dir='ltr'><strong>κρύπτεται</strong></span> <span class='ocrx_word' id='word_1_84' title='bbox 1371 1013 1404 1082; x_wconf 91' lang='grc' dir='ltr'><strong>ή</strong></span> <span class='ocrx_word' id='word_1_85' title='bbox 1460 1011 1705 1081; x_wconf 82' lang='grc' dir='ltr'>χελιδὼν,</span> <span class='ocrx_word' id='word_1_86' title='bbox 1750 1013 1878 1082; x_wconf 85' lang='grc' dir='ltr'>σιγᾷ</span> <span class='ocrx_word' id='word_1_87' title='bbox 1907 1014 1939 1081; x_wconf 85' lang='grc' dir='ltr'>ἠ</span> 
     </span>
    </p>
   </div>
   <div class='ocr_carea' id='block_1_15' title="bbox 363 1096 1944 1172">
    <p class='ocr_par' dir='ltr' id='par_1_15' title="bbox 363 1096 1944 1172">
     <span class='ocr_line' id='line_1_15' title="bbox 363 1096 1944 1172; baseline 0.002 -19"><span class='ocrx_word' id='word_1_88' title='bbox 363 1099 568 1170; x_wconf 79' lang='grc' dir='ltr'>ἀηδὼν,</span> <span class='ocrx_word' id='word_1_89' title='bbox 594 1102 689 1153; x_wconf 76' lang='grc' dir='ltr'>καὶ</span> <span class='ocrx_word' id='word_1_90' title='bbox 738 1101 810 1163; x_wconf 85' lang='grc' dir='ltr'>ὡς</span> <span class='ocrx_word' id='word_1_91' title='bbox 852 1103 910 1153; x_wconf 83' lang='grc' dir='ltr'>ὲν</span> <span class='ocrx_word' id='word_1_92' title='bbox 951 1104 1144 1169; x_wconf 78' lang='grc' dir='ltr'><strong>τάφοις</strong></span> <span class='ocrx_word' id='word_1_93' title='bbox 1186 1104 1348 1168; x_wconf 73' lang='grc' dir='ltr'>τισὶν,</span> <span class='ocrx_word' id='word_1_94' title='bbox 1384 1101 1528 1155; x_wconf 85' lang='grc' dir='ltr'>οῦτω</span> <span class='ocrx_word' id='word_1_95' title='bbox 1556 1096 1665 1166; x_wconf 75' lang='grc' dir='ltr'>τοῖς</span> <span class='ocrx_word' id='word_1_96' title='bbox 1697 1104 1944 1172; x_wconf 82' lang='grc' dir='ltr'>ἐνσωμά-</span> 
     </span>
    </p>
   </div>
   <div class='ocr_carea' id='block_1_16' title="bbox 364 1190 1942 1266">
    <p class='ocr_par' dir='ltr' id='par_1_16' title="bbox 364 1190 1942 1266">
     <span class='ocr_line' id='line_1_16' title="bbox 364 1190 1942 1266; baseline 0.001 -23"><span class='ocrx_word' id='word_1_97' title='bbox 364 1208 480 1254; x_wconf 82' lang='grc' dir='ltr'>τοις</span> <span class='ocrx_word' id='word_1_98' title='bbox 508 1191 758 1262; x_wconf 81' lang='grc' dir='ltr'><strong>ταμείοις</strong></span> <span class='ocrx_word' id='word_1_99' title='bbox 787 1193 837 1244; x_wconf 86' lang='grc' dir='ltr'><strong>οί</strong></span> <span class='ocrx_word' id='word_1_100' title='bbox 867 1190 1144 1264; x_wconf 78' lang='grc' dir='ltr'>ἄνθρωποι</span> <span class='ocrx_word' id='word_1_101' title='bbox 1166 1193 1666 1264; x_wconf 84' lang='grc' dir='ltr'>κατακρύπτονται.</span> <span class='ocrx_word' id='word_1_102' title='bbox 1687 1194 1821 1266; x_wconf 80' lang='grc' dir='ltr'>πρὸς</span> <span class='ocrx_word' id='word_1_103' title='bbox 1845 1193 1942 1263; x_wconf 82' lang='grc' dir='ltr'><strong>τὴν</strong></span> 
     </span>
    </p>
   </div>
   <div class='ocr_carea' id='block_1_17' title="bbox 364 1282 1945 1356">
    <p class='ocr_par' dir='ltr' id='par_1_17' title="bbox 364 1282 1945 1356">
     <span class='ocr_line' id='line_1_17' title="bbox 364 1282 1945 1356; baseline 0.001 -20"><span class='ocrx_word' id='word_1_104' title='bbox 364 1282 597 1354; x_wconf 78' lang='grc' dir='ltr'>Θέρμην,</span> <span class='ocrx_word' id='word_1_105' title='bbox 632 1282 823 1355; x_wconf 84' lang='grc' dir='ltr'>ὥσπερ</span> <span class='ocrx_word' id='word_1_106' title='bbox 858 1283 1003 1354; x_wconf 83' lang='grc' dir='ltr'>πρὸς</span> <span class='ocrx_word' id='word_1_107' title='bbox 1028 1284 1175 1355; x_wconf 79' lang='grc' dir='ltr'>ζωὴν</span> <span class='ocrx_word' id='word_1_108' title='bbox 1201 1286 1666 1354; x_wconf 75' lang='grc' dir='ltr'><strong>καταφεύγοντες·</strong></span> <span class='ocrx_word' id='word_1_109' title='bbox 1722 1287 1816 1339; x_wconf 77' lang='grc' dir='ltr'><strong>καὶ</strong></span> <span class='ocrx_word' id='word_1_110' title='bbox 1844 1286 1945 1356; x_wconf 80' lang='grc' dir='ltr'>τῆς</span> 
     </span>
    </p>
   </div>
   <div class='ocr_carea' id='block_1_18' title="bbox 2046 831 3617 902">
    <p class='ocr_par' dir='ltr' id='par_1_18' title="bbox 2046 831 3617 902">
     <span class='ocr_line' id='line_1_18' title="bbox 2046 831 3617 902; baseline -0.006 -6"><span class='ocrx_word' id='word_1_111' title='bbox 2046 843 2290 897; x_wconf 87' lang='lat' dir='ltr'><strong>tudinem</strong></span> <span class='ocrx_word' id='word_1_112' title='bbox 2340 849 2397 895; x_wconf 92' lang='lat' dir='ltr'><strong>et</strong></span> <span class='ocrx_word' id='word_1_113' title='bbox 2442 839 2840 895; x_wconf 86' lang='lat' dir='ltr'><strong>obscuritatem</strong></span> <span class='ocrx_word' id='word_1_114' title='bbox 2896 837 3167 890; x_wconf 86' lang='lat' dir='ltr'><strong>imitatur.</strong></span> <span class='ocrx_word' id='word_1_115' title='bbox 3217 832 3381 888; x_wconf 88' lang='lat' dir='ltr'><strong>Cedit</strong></span> <span class='ocrx_word' id='word_1_116' title='bbox 3423 831 3617 902; x_wconf 79' lang='lat' dir='ltr'><strong>frigori</strong></span> 
     </span>
    </p>
   </div>
   <div class='ocr_carea' id='block_1_19' title="bbox 2046 924 3618 997">
    <p class='ocr_par' dir='ltr' id='par_1_19' title="bbox 2046 924 3618 997">
     <span class='ocr_line' id='line_1_19' title="bbox 2046 924 3618 997; baseline -0.007 -9"><span class='ocrx_word' id='word_1_117' title='bbox 2046 942 2247 997; x_wconf 91' lang='lat' dir='ltr'><strong>turtur,</strong></span> <span class='ocrx_word' id='word_1_118' title='bbox 2305 931 2548 987; x_wconf 86' lang='lat' dir='ltr'><strong>hirundo</strong></span> <span class='ocrx_word' id='word_1_119' title='bbox 2600 930 2897 994; x_wconf 85' lang='lat' dir='ltr'><strong>occulitur,</strong></span> <span class='ocrx_word' id='word_1_120' title='bbox 2942 927 3066 981; x_wconf 81' lang='lat' dir='ltr'><strong>silet</strong></span> <span class='ocrx_word' id='word_1_121' title='bbox 3112 925 3376 990; x_wconf 87' lang='lat' dir='ltr'><strong>luscinia;</strong></span> <span class='ocrx_word' id='word_1_122' title='bbox 3410 933 3488 979; x_wconf 88' lang='lat' dir='ltr'><strong>.et</strong></span> <span class='ocrx_word' id='word_1_123' title='bbox 3517 924 3618 977; x_wconf 91' lang='lat' dir='ltr'><strong>ho-</strong></span> 
     </span>
    </p>
   </div>
   <div class='ocr_carea' id='block_1_20' title="bbox 2045 1013 3619 1092">
    <p class='ocr_par' dir='ltr' id='par_1_20' title="bbox 2045 1013 3619 1092">
     <span class='ocr_line' id='line_1_20' title="bbox 2045 1013 3619 1092; baseline -0.005 -13"><span class='ocrx_word' id='word_1_124' title='bbox 2045 1026 2242 1088; x_wconf 89' lang='lat' dir='ltr'><strong>mines,</strong></span> <span class='ocrx_word' id='word_1_125' title='bbox 2292 1039 2393 1078; x_wconf 90' lang='lat' dir='ltr'><strong>ceu</strong></span> <span class='ocrx_word' id='word_1_126' title='bbox 2436 1024 2491 1077; x_wconf 93' lang='lat' dir='ltr'><strong>in</strong></span> <span class='ocrx_word' id='word_1_127' title='bbox 2537 1021 2825 1092; x_wconf 87' lang='lat' dir='ltr'><strong>sepulcris,</strong></span> <span class='ocrx_word' id='word_1_128' title='bbox 2871 1021 2944 1074; x_wconf 90' lang='lat' dir='ltr'><strong>ita</strong></span> <span class='ocrx_word' id='word_1_129' title='bbox 2995 1019 3112 1074; x_wconf 85' lang='lat' dir='ltr'><strong>suis</strong></span> <span class='ocrx_word' id='word_1_130' title='bbox 3158 1013 3212 1071; x_wconf 84' lang='lat' dir='ltr'><strong>in</strong></span> <span class='ocrx_word' id='word_1_131' title='bbox 3245 1017 3619 1071; x_wconf 77' lang='lat' dir='ltr'><strong>hibernaculis</strong></span> 
     </span>
    </p>
   </div>
   <div class='ocr_carea' id='block_1_21' title="bbox 2044 1108 3615 1182">
    <p class='ocr_par' dir='ltr' id='par_1_21' title="bbox 2044 1108 3615 1182">
     <span class='ocr_line' id='line_1_21' title="bbox 2044 1108 3615 1182; baseline -0.006 -10"><span class='ocrx_word' id='word_1_132' title='bbox 2044 1117 2282 1182; x_wconf 90' lang='lat' dir='ltr'><strong>latitant,</strong></span> <span class='ocrx_word' id='word_1_133' title='bbox 2326 1126 2382 1171; x_wconf 91' lang='lat' dir='ltr'><strong>et</strong></span> <span class='ocrx_word' id='word_1_134' title='bbox 2412 1116 2481 1169; x_wconf 89' lang='lat' dir='ltr'><strong>ad</strong></span> <span class='ocrx_word' id='word_1_135' title='bbox 2519 1115 2758 1168; x_wconf 89' lang='lat' dir='ltr'><strong>calorem</strong></span> <span class='ocrx_word' id='word_1_136' title='bbox 2787 1113 2939 1167; x_wconf 86' lang='lat' dir='ltr'><strong>velut</strong></span> <span class='ocrx_word' id='word_1_137' title='bbox 2964 1111 3029 1166; x_wconf 91' lang='lat' dir='ltr'><strong>ad</strong></span> <span class='ocrx_word' id='word_1_138' title='bbox 3062 1111 3227 1165; x_wconf 89' lang='lat' dir='ltr'><strong>vitam</strong></span> <span class='ocrx_word' id='word_1_139' title='bbox 3261 1108 3615 1177; x_wconf 80' lang='lat' dir='ltr'><strong>confugiunt;</strong></span> 
     </span>
    </p>
   </div>
   <div class='ocr_carea' id='block_1_22' title="bbox 2044 1199 3617 1275">
    <p class='ocr_par' dir='ltr' id='par_1_22' title="bbox 2044 1199 3617 1275">
     <span class='ocr_line' id='line_1_22' title="bbox 2044 1199 3617 1275; baseline -0.006 -15"><span class='ocrx_word' id='word_1_140' title='bbox 2044 1221 2281 1275; x_wconf 86' lang='lat' dir='ltr'><strong>cumque</strong></span> <span class='ocrx_word' id='word_1_141' title='bbox 2308 1204 2419 1258; x_wconf 89' lang='lat' dir='ltr'><strong>vita</strong></span> <span class='ocrx_word' id='word_1_142' title='bbox 2450 1219 2484 1257; x_wconf 86' lang='lat' dir='ltr'><strong>a</strong></span> <span class='ocrx_word' id='word_1_143' title='bbox 2518 1219 2752 1273; x_wconf 89' lang='lat' dir='ltr'><strong>corpore</strong></span> <span class='ocrx_word' id='word_1_144' title='bbox 2783 1210 2974 1256; x_wconf 86' lang='lat' dir='ltr'><strong>nostro</strong></span> <span class='ocrx_word' id='word_1_145' title='bbox 3002 1216 3101 1270; x_wconf 91' lang='lat' dir='ltr'><strong>per</strong></span> <span class='ocrx_word' id='word_1_146' title='bbox 3144 1199 3617 1269; x_wconf 80' lang='lat' dir='ltr'><strong>refrigerationem</strong></span> 
     </span>
    </p>
   </div>
   <div class='ocr_carea' id='block_1_23' title="bbox 2045 1291 3622 1362">
    <p class='ocr_par' dir='ltr' id='par_1_23' title="bbox 2045 1291 3622 1362">
     <span class='ocr_line' id='line_1_23' title="bbox 2045 1291 3622 1362; baseline -0.005 -11"><span class='ocrx_word' id='word_1_147' title='bbox 2045 1306 2101 1351; x_wconf 90' lang='lat' dir='ltr'><strong>ct</strong></span> <span class='ocrx_word' id='word_1_148' title='bbox 2149 1311 2427 1351; x_wconf 83' lang='lat' dir='ltr'><strong>recessum</strong></span> <span class='ocrx_word' id='word_1_149' title='bbox 2473 1294 2772 1348; x_wconf 87' lang='lat' dir='ltr'><strong>caliditatis</strong></span> <span class='ocrx_word' id='word_1_150' title='bbox 2822 1308 2945 1362; x_wconf 81' lang='lat' dir='ltr'><strong>quae</strong></span> <span class='ocrx_word' id='word_1_151' title='bbox 2987 1300 3072 1345; x_wconf 86' lang='lat' dir='ltr'><strong>est</strong></span> <span class='ocrx_word' id='word_1_152' title='bbox 3122 1292 3174 1344; x_wconf 92' lang='lat' dir='ltr'><strong>in</strong></span> <span class='ocrx_word' id='word_1_153' title='bbox 3220 1291 3487 1361; x_wconf 81' lang='lat' dir='ltr'><strong>sanguine</strong></span> <span class='ocrx_word' id='word_1_154' title='bbox 3534 1304 3622 1343; x_wconf 84' lang='lat' dir='ltr'><strong>se-</strong></span> 
     </span>
    </p>
   </div>
   <div class='ocr_carea' id='block_1_24' title="bbox 364 1375 1936 1456">
    <p class='ocr_par' dir='ltr' id='par_1_24' title="bbox 364 1375 1936 1449">
     <span class='ocr_line' id='line_1_24' title="bbox 364 1375 1936 1449; baseline 0.003 -22"><span class='ocrx_word' id='word_1_155' title='bbox 364 1376 742 1446; x_wconf 75' lang='grc' dir='ltr'>χωριζομένης</span> <span class='ocrx_word' id='word_1_156' title='bbox 788 1375 880 1429; x_wconf 89' lang='grc' dir='ltr'><strong>τοῦ</strong></span> <span class='ocrx_word' id='word_1_157' title='bbox 915 1378 1182 1448; x_wconf 81' lang='grc' dir='ltr'>ἡμετέρου</span> <span class='ocrx_word' id='word_1_158' title='bbox 1223 1379 1495 1448; x_wconf 83' lang='grc' dir='ltr'>σώματος,</span> <span class='ocrx_word' id='word_1_159' title='bbox 1541 1379 1629 1433; x_wconf 81' lang='grc' dir='ltr'>διά</span> <span class='ocrx_word' id='word_1_160' title='bbox 1666 1379 1766 1449; x_wconf 80' lang='grc' dir='ltr'>τῆς</span> <span class='ocrx_word' id='word_1_161' title='bbox 1810 1380 1936 1433; x_wconf 88' lang='grc' dir='ltr'>ἀπο-</span> 
     </span>
    </p>
   </div>
   <div class='ocr_carea' id='block_1_25' title="bbox 2037 1375 3407 1456">
    <p class='ocr_par' dir='ltr' id='par_1_25' title="bbox 2041 1380 3407 1456">
     <span class='ocr_line' id='line_1_25' title="bbox 2041 1380 3407 1456; baseline -0.004 -17"><span class='ocrx_word' id='word_1_162' title='bbox 2041 1385 2314 1456; x_wconf 84' lang='lat' dir='ltr'><strong>jungitur,</strong></span> <span class='ocrx_word' id='word_1_163' title='bbox 2351 1383 2548 1437; x_wconf 72' lang='lat' dir='ltr'><strong>anima:</strong></span> <span class='ocrx_word' id='word_1_164' title='bbox 2598 1382 2790 1437; x_wconf 89' lang='lat' dir='ltr'><strong>itidem</strong></span> <span class='ocrx_word' id='word_1_165' title='bbox 2852 1380 3129 1451; x_wconf 85' lang='lat' dir='ltr'><strong>separatio</strong></span> <span class='ocrx_word' id='word_1_166' title='bbox 3173 1382 3407 1435; x_wconf 80' lang='lat' dir='ltr'><strong>exsistit.</strong></span> 
     </span>
    </p>
   </div>
   <div class='ocr_carea' id='block_1_26' title="bbox 365 1468 1947 1543">
    <p class='ocr_par' dir='ltr' id='par_1_26' title="bbox 365 1468 1947 1543">
     <span class='ocr_line' id='line_1_26' title="bbox 365 1468 1947 1543; baseline 0.003 -24"><span class='ocrx_word' id='word_1_167' title='bbox 365 1468 579 1536; x_wconf 71' lang='grc' dir='ltr'>ψύξεως</span> <span class='ocrx_word' id='word_1_168' title='bbox 611 1469 706 1522; x_wconf 74' lang='grc' dir='ltr'><strong>καὶ</strong></span> <span class='ocrx_word' id='word_1_169' title='bbox 734 1468 1136 1540; x_wconf 81' lang='grc' dir='ltr'><strong>ὑποχωρήσεως</strong></span> <span class='ocrx_word' id='word_1_170' title='bbox 1170 1471 1270 1540; x_wconf 81' lang='grc' dir='ltr'>τῆς</span> <span class='ocrx_word' id='word_1_171' title='bbox 1290 1470 1383 1524; x_wconf 88' lang='grc' dir='ltr'><strong>τοῦ</strong></span> <span class='ocrx_word' id='word_1_172' title='bbox 1398 1472 1645 1542; x_wconf 81' lang='grc' dir='ltr'>ἀἵματος</span> <span class='ocrx_word' id='word_1_173' title='bbox 1677 1471 1947 1543; x_wconf 82' lang='grc' dir='ltr'>θερμότη-</span> 
     </span>
    </p>
   </div>
   <div class='ocr_carea' id='block_1_27' title="bbox 363 1560 1474 1634">
    <p class='ocr_par' dir='ltr' id='par_1_27' title="bbox 363 1560 1474 1634">
     <span class='ocr_line' id='line_1_27' title="bbox 363 1560 1474 1634; baseline 0.004 -21"><span class='ocrx_word' id='word_1_174' title='bbox 363 1578 481 1625; x_wconf 85' lang='grc' dir='ltr'>τος,</span> <span class='ocrx_word' id='word_1_175' title='bbox 517 1562 545 1615; x_wconf 88' lang='lat'><strong>6</strong></span> <span class='ocrx_word' id='word_1_176' title='bbox 591 1560 873 1631; x_wconf 81' lang='grc' dir='ltr'>χωρισμὸς</span> <span class='ocrx_word' id='word_1_177' title='bbox 903 1563 1002 1632; x_wconf 81' lang='grc' dir='ltr'><strong>τῆς</strong></span> <span class='ocrx_word' id='word_1_178' title='bbox 1037 1563 1216 1634; x_wconf 69' lang='grc' dir='ltr'>ψυχῆς</span> <span class='ocrx_word' id='word_1_179' title='bbox 1244 1563 1474 1632; x_wconf 85' lang='grc' dir='ltr'>γίνεται.</span> 
     </span>
    </p>
   </div>
   <div class='ocr_carea' id='block_1_28' title="bbox 437 1647 1941 1722">
    <p class='ocr_par' dir='ltr' id='par_1_28' title="bbox 437 1647 1941 1722">
     <span class='ocr_line' id='line_1_28' title="bbox 437 1647 1941 1722; baseline 0.002 -22"><span class='ocrx_word' id='word_1_180' title='bbox 437 1649 637 1719; x_wconf 78' lang='grc' dir='ltr'>Διόπερ</span> <span class='ocrx_word' id='word_1_181' title='bbox 663 1649 759 1703; x_wconf 84' lang='grc' dir='ltr'><strong>ὲάν</strong></span> <span class='ocrx_word' id='word_1_182' title='bbox 796 1650 1099 1722; x_wconf 81' lang='grc' dir='ltr'>ἀνασχίσῃς</span> <span class='ocrx_word' id='word_1_183' title='bbox 1123 1650 1185 1702; x_wconf 79' lang='grc' dir='ltr'>τὺ</span> <span class='ocrx_word' id='word_1_184' title='bbox 1212 1649 1490 1722; x_wconf 78' lang='grc' dir='ltr'>νεκρωθὲν</span> <span class='ocrx_word' id='word_1_185' title='bbox 1519 1651 1722 1715; x_wconf 80' lang='grc' dir='ltr'>εὐθέως</span> <span class='ocrx_word' id='word_1_186' title='bbox 1761 1647 1941 1719; x_wconf 84' lang='grc' dir='ltr'>σῶμα,</span> 
     </span>
    </p>
   </div>
   <div class='ocr_carea' id='block_1_29' title="bbox 366 1738 1946 1812">
    <p class='ocr_par' dir='ltr' id='par_1_29' title="bbox 366 1738 1946 1812">
     <span class='ocr_line' id='line_1_29' title="bbox 366 1738 1946 1812; baseline 0.002 -21"><span class='ocrx_word' id='word_1_187' title='bbox 366 1738 533 1809; x_wconf 82' lang='grc' dir='ltr'>χολὴν</span> <span class='ocrx_word' id='word_1_188' title='bbox 572 1739 694 1809; x_wconf 78' lang='grc' dir='ltr'>μὲν,</span> <span class='ocrx_word' id='word_1_189' title='bbox 727 1740 823 1799; x_wconf 72' lang='grc' dir='ltr'><strong>καὶ</strong></span> <span class='ocrx_word' id='word_1_190' title='bbox 855 1740 1050 1809; x_wconf 83' lang='grc' dir='ltr'>χυμὸν,</span> <span class='ocrx_word' id='word_1_191' title='bbox 1101 1741 1197 1793; x_wconf 74' lang='grc' dir='ltr'><strong>καὶ</strong></span> <span class='ocrx_word' id='word_1_192' title='bbox 1243 1740 1460 1811; x_wconf 77' lang='grc' dir='ltr'>φλέγμα</span> <span class='ocrx_word' id='word_1_193' title='bbox 1496 1743 1554 1795; x_wconf 81' lang='grc' dir='ltr'>ὲν</span> <span class='ocrx_word' id='word_1_194' title='bbox 1608 1740 1758 1811; x_wconf 81' lang='grc' dir='ltr'><strong>αὒτῷ</strong></span> <span class='ocrx_word' id='word_1_195' title='bbox 1781 1741 1946 1812; x_wconf 77' lang='grc' dir='ltr'>εὑρή-</span> 
     </span>
    </p>
   </div>
   <div class='ocr_carea' id='block_1_30' title="bbox 368 1825 1942 1907">
    <p class='ocr_par' dir='ltr' id='par_1_30' title="bbox 368 1825 1942 1907">
     <span class='ocr_line' id='line_1_30' title="bbox 368 1825 1942 1907; baseline 0.001 -24"><span class='ocrx_word' id='word_1_196' title='bbox 368 1848 483 1894; x_wconf 84' lang='grc' dir='ltr'>σεις</span> <span class='ocrx_word' id='word_1_197' title='bbox 499 1848 512 1860; x_wconf 92' lang='grc'><strong>·</strong></span> <span class='ocrx_word' id='word_1_198' title='bbox 543 1825 686 1901; x_wconf 76' lang='grc' dir='ltr'>αἷμα</span> <span class='ocrx_word' id='word_1_199' title='bbox 711 1831 768 1884; x_wconf 85' lang='grc' dir='ltr'>δὲ</span> <span class='ocrx_word' id='word_1_200' title='bbox 792 1831 1068 1902; x_wconf 83' lang='grc' dir='ltr'>οὐδαμῶς.</span> <span class='ocrx_word' id='word_1_201' title='bbox 1090 1833 1314 1903; x_wconf 85' lang='grc' dir='ltr'>Πρῶτον</span> <span class='ocrx_word' id='word_1_202' title='bbox 1343 1834 1454 1906; x_wconf 81' lang='grc' dir='ltr'>γὰρ</span> <span class='ocrx_word' id='word_1_203' title='bbox 1477 1835 1539 1888; x_wconf 80' lang='grc' dir='ltr'>τὸ</span> <span class='ocrx_word' id='word_1_204' title='bbox 1565 1832 1769 1907; x_wconf 78' lang='grc' dir='ltr'>θερμὸν</span> <span class='ocrx_word' id='word_1_205' title='bbox 1800 1849 1942 1886; x_wconf 91' lang='grc' dir='ltr'>στοι-</span> 
     </span>
    </p>
   </div>
   <div class='ocr_carea' id='block_1_31' title="bbox 364 1922 1940 1996">
    <p class='ocr_par' dir='ltr' id='par_1_31' title="bbox 364 1922 1940 1996">
     <span class='ocr_line' id='line_1_31' title="bbox 364 1922 1940 1996; baseline 0.001 -21"><span class='ocrx_word' id='word_1_206' title='bbox 364 1925 510 1991; x_wconf 82' lang='grc' dir='ltr'>χεῖον</span> <span class='ocrx_word' id='word_1_207' title='bbox 534 1922 812 1992; x_wconf 83' lang='grc' dir='ltr'>ὑποχωρεί</span> <span class='ocrx_word' id='word_1_208' title='bbox 841 1926 909 1976; x_wconf 79' lang='grc' dir='ltr'>ὲκ</span> <span class='ocrx_word' id='word_1_209' title='bbox 930 1922 1029 1976; x_wconf 92' lang='grc' dir='ltr'><strong>τοῦ</strong></span> <span class='ocrx_word' id='word_1_210' title='bbox 1064 1924 1317 1995; x_wconf 84' lang='grc' dir='ltr'>σώματος</span> <span class='ocrx_word' id='word_1_211' title='bbox 1343 1942 1357 1956; x_wconf 76' lang='grc' dir='ltr'><strong>ο</strong></span> <span class='ocrx_word' id='word_1_212' title='bbox 1389 1924 1643 1996; x_wconf 87' lang='grc' dir='ltr'>δεύτερον</span> <span class='ocrx_word' id='word_1_213' title='bbox 1668 1925 1728 1978; x_wconf 85' lang='grc' dir='ltr'><strong>τὸ</strong></span> <span class='ocrx_word' id='word_1_214' title='bbox 1753 1924 1940 1996; x_wconf 82' lang='grc' dir='ltr'>ὑγρὸν,</span> 
     </span>
    </p>
   </div>
   <div class='ocr_carea' id='block_1_32' title="bbox 364 2014 1943 2085">
    <p class='ocr_par' dir='ltr' id='par_1_32' title="bbox 364 2014 1943 2085">
     <span class='ocr_line' id='line_1_32' title="bbox 364 2014 1943 2085; baseline 0.001 -20"><span class='ocrx_word' id='word_1_215' title='bbox 364 2014 460 2065; x_wconf 72' lang='grc' dir='ltr'><strong>καὶ</strong></span> <span class='ocrx_word' id='word_1_216' title='bbox 478 2014 661 2084; x_wconf 85' lang='grc' dir='ltr'>τρίτον</span> <span class='ocrx_word' id='word_1_217' title='bbox 687 2014 748 2066; x_wconf 85' lang='grc' dir='ltr'><strong>τὸ</strong></span> <span class='ocrx_word' id='word_1_218' title='bbox 770 2014 980 2085; x_wconf 79' lang='grc' dir='ltr'>ψυχρόν</span> <span class='ocrx_word' id='word_1_219' title='bbox 1002 2032 1018 2046; x_wconf 90' lang='grc'><strong>·</strong></span> <span class='ocrx_word' id='word_1_220' title='bbox 1059 2014 1267 2079; x_wconf 69' lang='grc' dir='ltr'>λοιπὸν,</span> <span class='ocrx_word' id='word_1_221' title='bbox 1317 2017 1418 2069; x_wconf 81' lang='grc' dir='ltr'><strong>οὐκ</strong></span> <span class='ocrx_word' id='word_1_222' title='bbox 1449 2015 1718 2085; x_wconf 78' lang='grc' dir='ltr'>ἀπομένει</span> <span class='ocrx_word' id='word_1_223' title='bbox 1762 2016 1820 2068; x_wconf 78' lang='grc' dir='ltr'>ὲν</span> <span class='ocrx_word' id='word_1_224' title='bbox 1866 2014 1943 2085; x_wconf 83' lang='grc' dir='ltr'><strong>τῷ</strong></span> 
     </span>
    </p>
   </div>
   <div class='ocr_carea' id='block_1_33' title="bbox 362 2105 1943 2178">
    <p class='ocr_par' dir='ltr' id='par_1_33' title="bbox 362 2105 1943 2178">
     <span class='ocr_line' id='line_1_33' title="bbox 362 2105 1943 2178; baseline 0.002 -22"><span class='ocrx_word' id='word_1_225' title='bbox 362 2106 521 2175; x_wconf 78' lang='grc' dir='ltr'>τάφῳ</span> <span class='ocrx_word' id='word_1_226' title='bbox 555 2105 651 2157; x_wconf 72' lang='lat' dir='ltr'><strong>xui.</strong></span> <span class='ocrx_word' id='word_1_227' title='bbox 676 2105 738 2158; x_wconf 78' lang='grc' dir='ltr'>ὲν</span> <span class='ocrx_word' id='word_1_228' title='bbox 760 2109 829 2175; x_wconf 85' lang='grc' dir='ltr'>τῇ</span> <span class='ocrx_word' id='word_1_229' title='bbox 874 2106 968 2176; x_wconf 84' lang='grc' dir='ltr'>γῇ,</span> <span class='ocrx_word' id='word_1_230' title='bbox 1012 2107 1059 2158; x_wconf 85' lang='grc' dir='ltr'><strong>εί</strong></span> <span class='ocrx_word' id='word_1_231' title='bbox 1111 2105 1186 2176; x_wconf 84' lang='grc' dir='ltr'><strong>μὴ</strong></span> <span class='ocrx_word' id='word_1_232' title='bbox 1228 2105 1291 2159; x_wconf 70' lang='grc' dir='ltr'>τὸ</span> <span class='ocrx_word' id='word_1_233' title='bbox 1322 2106 1505 2178; x_wconf 78' lang='grc' dir='ltr'>ξηρὸν,</span> <span class='ocrx_word' id='word_1_234' title='bbox 1553 2105 1697 2160; x_wconf 85' lang='grc' dir='ltr'>τοῦτ’</span> <span class='ocrx_word' id='word_1_235' title='bbox 1737 2105 1885 2159; x_wconf 75' lang='grc' dir='ltr'>ἔστιν</span> <span class='ocrx_word' id='word_1_236' title='bbox 1915 2107 1943 2159; x_wconf 91' lang='lat'><strong>6</strong></span> 
     </span>
    </p>
   </div>
   <div class='ocr_carea' id='block_1_34' title="bbox 363 2195 1943 2268">
    <p class='ocr_par' dir='ltr' id='par_1_34' title="bbox 363 2195 1943 2268">
     <span class='ocr_line' id='line_1_34' title="bbox 363 2195 1943 2268; baseline 0.001 -19"><span class='ocrx_word' id='word_1_237' title='bbox 363 2197 514 2267; x_wconf 82' lang='grc' dir='ltr'>χοῦς,</span> <span class='ocrx_word' id='word_1_238' title='bbox 545 2196 605 2249; x_wconf 84' lang='grc' dir='ltr'>δν</span> <span class='ocrx_word' id='word_1_239' title='bbox 641 2195 831 2250; x_wconf 77' lang='grc' dir='ltr'>ἐλαϐεν</span> <span class='ocrx_word' id='word_1_240' title='bbox 855 2198 882 2250; x_wconf 93' lang='lat'><strong>6</strong></span> <span class='ocrx_word' id='word_1_241' title='bbox 905 2195 1039 2260; x_wconf 79' lang='grc' dir='ltr'>Θεὸς</span> <span class='ocrx_word' id='word_1_242' title='bbox 1073 2196 1180 2250; x_wconf 74' lang='grc' dir='ltr'>ἀπὸ</span> <span class='ocrx_word' id='word_1_243' title='bbox 1209 2197 1308 2266; x_wconf 85' lang='grc' dir='ltr'>τῆς</span> <span class='ocrx_word' id='word_1_244' title='bbox 1338 2196 1463 2267; x_wconf 79' lang='grc' dir='ltr'>γῆς.</span> <span class='ocrx_word' id='word_1_245' title='bbox 1498 2197 1565 2251; x_wconf 87' lang='grc' dir='ltr'><strong>Ἦ</strong></span> <span class='ocrx_word' id='word_1_246' title='bbox 1595 2197 1669 2266; x_wconf 80' lang='grc' dir='ltr'>γῆ</span> <span class='ocrx_word' id='word_1_247' title='bbox 1695 2197 1855 2268; x_wconf 87' lang='grc' dir='ltr'>μόνον</span> <span class='ocrx_word' id='word_1_248' title='bbox 1883 2202 1943 2250; x_wconf 84' lang='grc' dir='ltr'>τὸ</span> 
     </span>
    </p>
   </div>
   <div class='ocr_carea' id='block_1_35' title="bbox 364 2287 1943 2360">
    <p class='ocr_par' dir='ltr' id='par_1_35' title="bbox 364 2287 1943 2360">
     <span class='ocr_line' id='line_1_35' title="bbox 364 2287 1943 2360; baseline 0.001 -21"><span class='ocrx_word' id='word_1_249' title='bbox 364 2289 498 2342; x_wconf 78' lang='grc' dir='ltr'>ἴδιον</span> <span class='ocrx_word' id='word_1_250' title='bbox 528 2288 700 2358; x_wconf 79' lang='grc' dir='ltr'>αὐτῆς</span> <span class='ocrx_word' id='word_1_251' title='bbox 730 2291 943 2358; x_wconf 85' lang='grc' dir='ltr'>κρατεῖ.</span> <span class='ocrx_word' id='word_1_252' title='bbox 976 2287 1058 2341; x_wconf 86' lang='grc' dir='ltr'><strong>Τὰ</strong></span> <span class='ocrx_word' id='word_1_253' title='bbox 1109 2288 1166 2341; x_wconf 85' lang='grc' dir='ltr'><strong>δὲ</strong></span> <span class='ocrx_word' id='word_1_254' title='bbox 1206 2288 1343 2342; x_wconf 79' lang='grc' dir='ltr'>ἄλλα</span> <span class='ocrx_word' id='word_1_255' title='bbox 1382 2289 1512 2360; x_wconf 89' lang='grc' dir='ltr'>τρία</span> <span class='ocrx_word' id='word_1_256' title='bbox 1560 2291 1820 2359; x_wconf 80' lang='grc' dir='ltr'>στοιχεῖα,</span> <span class='ocrx_word' id='word_1_257' title='bbox 1863 2291 1943 2350; x_wconf 80' lang='grc' dir='ltr'><strong>εἰς</strong></span> 
     </span>
    </p>
   </div>
   <div class='ocr_carea' id='block_1_36' title="bbox 360 2380 1939 2451">
    <p class='ocr_par' dir='ltr' id='par_1_36' title="bbox 360 2380 1939 2451">
     <span class='ocr_line' id='line_1_36' title="bbox 360 2380 1939 2451; baseline 0.001 -17"><span class='ocrx_word' id='word_1_258' title='bbox 360 2382 488 2442; x_wconf 80' lang='grc' dir='ltr'>τοὺς</span> <span class='ocrx_word' id='word_1_259' title='bbox 523 2380 687 2444; x_wconf 77' lang='grc' dir='ltr'>ἰδίους</span> <span class='ocrx_word' id='word_1_260' title='bbox 713 2380 913 2444; x_wconf 79' lang='grc' dir='ltr'>τόπους</span> <span class='ocrx_word' id='word_1_261' title='bbox 937 2381 1267 2451; x_wconf 82' lang='grc' dir='ltr'>ἀπέρχονται</span> <span class='ocrx_word' id='word_1_262' title='bbox 1292 2398 1307 2413; x_wconf 86' lang='grc'><strong>·</strong></span> <span class='ocrx_word' id='word_1_263' title='bbox 1336 2381 1395 2434; x_wconf 79' lang='grc' dir='ltr'>τὸ</span> <span class='ocrx_word' id='word_1_264' title='bbox 1426 2380 1650 2451; x_wconf 78' lang='grc' dir='ltr'>θερμὸν,</span> <span class='ocrx_word' id='word_1_265' title='bbox 1683 2383 1762 2443; x_wconf 82' lang='grc' dir='ltr'><strong>είς</strong></span> <span class='ocrx_word' id='word_1_266' title='bbox 1789 2380 1901 2451; x_wconf 89' lang='grc' dir='ltr'><strong>πῦρ</strong></span> <span class='ocrx_word' id='word_1_267' title='bbox 1922 2396 1939 2412; x_wconf 88' lang='grc'>⁶</span> 
     </span>
    </p>
   </div>
   <div class='ocr_carea' id='block_1_37' title="bbox 360 2469 1937 2547">
    <p class='ocr_par' dir='ltr' id='par_1_37' title="bbox 360 2469 1937 2547">
     <span class='ocr_line' id='line_1_37' title="bbox 360 2469 1937 2547; baseline -0.001 -22"><span class='ocrx_word' id='word_1_268' title='bbox 360 2472 425 2525; x_wconf 73' lang='grc' dir='ltr'>τὸ</span> <span class='ocrx_word' id='word_1_269' title='bbox 452 2471 681 2541; x_wconf 76' lang='grc' dir='ltr'>ψυχρὸν,</span> <span class='ocrx_word' id='word_1_270' title='bbox 738 2472 819 2534; x_wconf 83' lang='grc' dir='ltr'><strong>είς</strong></span> <span class='ocrx_word' id='word_1_271' title='bbox 852 2470 944 2523; x_wconf 67' lang='grc' dir='ltr'>τὸν</span> <span class='ocrx_word' id='word_1_272' title='bbox 974 2471 1145 2539; x_wconf 79' lang='grc' dir='ltr'>ἀέραο</span> <span class='ocrx_word' id='word_1_273' title='bbox 1186 2469 1248 2523; x_wconf 79' lang='grc' dir='ltr'><strong>τὸ</strong></span> <span class='ocrx_word' id='word_1_274' title='bbox 1300 2469 1486 2547; x_wconf 81' lang='grc' dir='ltr'>ύγρὸν,</span> <span class='ocrx_word' id='word_1_275' title='bbox 1523 2474 1604 2535; x_wconf 83' lang='grc' dir='ltr'><strong>είς</strong></span> <span class='ocrx_word' id='word_1_276' title='bbox 1648 2470 1718 2524; x_wconf 90' lang='grc' dir='ltr'><strong>τά</strong></span> <span class='ocrx_word' id='word_1_277' title='bbox 1750 2470 1937 2525; x_wconf 75' lang='grc' dir='ltr'>ὕδατα.</span> 
     </span>
    </p>
   </div>
   <div class='ocr_carea' id='block_1_38' title="bbox 375 2563 1940 2634">
    <p class='ocr_par' dir='ltr' id='par_1_38' title="bbox 375 2563 1940 2634">
     <span class='ocr_line' id='line_1_38' title="bbox 375 2563 1940 2634; baseline -0.001 -17"><span class='ocrx_word' id='word_1_278' title='bbox 375 2564 649 2632; x_wconf 84' lang='grc' dir='ltr'>Ὀπηνίκα</span> <span class='ocrx_word' id='word_1_279' title='bbox 682 2563 815 2631; x_wconf 86' lang='grc' dir='ltr'>γοῦν</span> <span class='ocrx_word' id='word_1_280' title='bbox 871 2564 905 2632; x_wconf 82' lang='grc' dir='ltr'>ἡ</span> <span class='ocrx_word' id='word_1_281' title='bbox 950 2564 1251 2627; x_wconf 86' lang='grc' dir='ltr'>ἀνάστασις</span> <span class='ocrx_word' id='word_1_282' title='bbox 1306 2564 1542 2632; x_wconf 84' lang='grc' dir='ltr'>γίνεται.</span> <span class='ocrx_word' id='word_1_283' title='bbox 1588 2564 1940 2634; x_wconf 66' lang='grc' dir='ltr'>συντρέχουσι</span> 
     </span>
    </p>
   </div>
   <div class='ocr_carea' id='block_1_39' title="bbox 363 2653 1941 2725">
    <p class='ocr_par' dir='ltr' id='par_1_39' title="bbox 363 2653 1941 2725">
     <span class='ocr_line' id='line_1_39' title="bbox 363 2653 1941 2725; baseline -0.001 -16"><span class='ocrx_word' id='word_1_284' title='bbox 363 2655 611 2709; x_wconf 84' lang='grc' dir='ltr'>κελεύσει</span> <span class='ocrx_word' id='word_1_285' title='bbox 630 2654 765 2708; x_wconf 83' lang='grc' dir='ltr'>Θεοῦ</span> <span class='ocrx_word' id='word_1_286' title='bbox 788 2655 857 2707; x_wconf 83' lang='grc' dir='ltr'><strong>τά</strong></span> <span class='ocrx_word' id='word_1_287' title='bbox 889 2656 1130 2725; x_wconf 82' lang='grc' dir='ltr'>στοιχεῖα</span> <span class='ocrx_word' id='word_1_288' title='bbox 1157 2655 1294 2725; x_wconf 77' lang='grc' dir='ltr'>πρὸς</span> <span class='ocrx_word' id='word_1_289' title='bbox 1317 2653 1508 2708; x_wconf 75' lang='grc' dir='ltr'>ἑαυτά.</span> <span class='ocrx_word' id='word_1_290' title='bbox 1541 2653 1715 2707; x_wconf 84' lang='grc' dir='ltr'>Πάλιν</span> <span class='ocrx_word' id='word_1_291' title='bbox 1737 2654 1941 2722; x_wconf 87' lang='grc' dir='ltr'>ὁμοίως</span> 
     </span>
    </p>
   </div>
   <div class='ocr_carea' id='block_1_40' title="bbox 360 2745 1940 2817">
    <p class='ocr_par' dir='ltr' id='par_1_40' title="bbox 360 2745 1940 2817">
     <span class='ocr_line' id='line_1_40' title="bbox 360 2745 1940 2817; baseline -0.001 -18"><span class='ocrx_word' id='word_1_292' title='bbox 360 2749 459 2801; x_wconf 76' lang='grc' dir='ltr'><strong>καὶ</strong></span> <span class='ocrx_word' id='word_1_293' title='bbox 491 2749 523 2817; x_wconf 83' lang='grc' dir='ltr'><strong>ή</strong></span> <span class='ocrx_word' id='word_1_294' title='bbox 584 2746 732 2816; x_wconf 81' lang='grc' dir='ltr'>ψυχὴ</span> <span class='ocrx_word' id='word_1_295' title='bbox 776 2745 993 2817; x_wconf 73' lang='grc' dir='ltr'>ἔρχεται</span> <span class='ocrx_word' id='word_1_296' title='bbox 1045 2746 1104 2801; x_wconf 83' lang='grc' dir='ltr'>ὲν</span> <span class='ocrx_word' id='word_1_297' title='bbox 1133 2746 1338 2811; x_wconf 79' lang='grc' dir='ltr'>αὐτοῖς,</span> <span class='ocrx_word' id='word_1_298' title='bbox 1365 2747 1465 2799; x_wconf 69' lang='grc' dir='ltr'>καὶ·</span> <span class='ocrx_word' id='word_1_299' title='bbox 1507 2746 1794 2799; x_wconf 80' lang='grc' dir='ltr'>ἀνίσταται</span> <span class='ocrx_word' id='word_1_300' title='bbox 1823 2745 1940 2799; x_wconf 81' lang='grc' dir='ltr'>ὁλό-</span> 
     </span>
    </p>
   </div>
   <div class='ocr_carea' id='block_1_41' title="bbox 361 2836 963 2908">
    <p class='ocr_par' dir='ltr' id='par_1_41' title="bbox 361 2836 963 2908">
     <span class='ocr_line' id='line_1_41' title="bbox 361 2836 963 2908; baseline 0 -16"><span class='ocrx_word' id='word_1_301' title='bbox 361 2837 566 2908; x_wconf 83' lang='grc' dir='ltr'>κληρος</span> <span class='ocrx_word' id='word_1_302' title='bbox 597 2838 627 2890; x_wconf 89' lang='lat'><strong>6</strong></span> <span class='ocrx_word' id='word_1_303' title='bbox 652 2836 747 2891; x_wconf 79' lang='grc' dir='ltr'><strong>ἀνθ</strong></span> <span class='ocrx_word' id='word_1_304' title='bbox 758 2854 963 2908; x_wconf 83' lang='grc' dir='ltr'>ρωπος.</span> 
     </span>
    </p>
   </div>
   <div class='ocr_carea' id='block_1_42' title="bbox 433 2912 1938 2999">
    <p class='ocr_par' dir='ltr' id='par_1_42' title="bbox 433 2912 1938 2999">
     <span class='ocr_line' id='line_1_42' title="bbox 433 2912 1938 2999; baseline 0.001 -18"><span class='ocrx_word' id='word_1_305' title='bbox 433 2929 603 2981; x_wconf 84' lang='grc' dir='ltr'>Ὅταν</span> <span class='ocrx_word' id='word_1_306' title='bbox 635 2924 729 2983; x_wconf 80' lang='grc' dir='ltr'><strong>οῦν</strong></span> <span class='ocrx_word' id='word_1_307' title='bbox 781 2928 1082 2999; x_wconf 83' lang='grc' dir='ltr'>δισταγμός</span> <span class='ocrx_word' id='word_1_308' title='bbox 1138 2929 1221 2991; x_wconf 87' lang='grc' dir='ltr'><strong>τίς</strong></span> <span class='ocrx_word' id='word_1_309' title='bbox 1272 2912 1538 2999; x_wconf 33' lang='grc' dir='ltr'>σοι-περὶ</span> <span class='ocrx_word' id='word_1_310' title='bbox 1587 2928 1938 2993; x_wconf 79' lang='grc' dir='ltr'>ἀναστάσεως</span> 
     </span>
    </p>
   </div>
   <div class='ocr_carea' id='block_1_43' title="bbox 358 3018 1938 3098">
    <p class='ocr_par' dir='ltr' id='par_1_43' title="bbox 358 3018 1938 3098">
     <span class='ocr_line' id='line_1_43' title="bbox 358 3018 1938 3098; baseline 0.003 -27"><span class='ocrx_word' id='word_1_311' title='bbox 358 3019 601 3089; x_wconf 82' lang='grc' dir='ltr'>γίνηται,</span> <span class='ocrx_word' id='word_1_312' title='bbox 626 3018 862 3098; x_wconf 79' lang='grc' dir='ltr'>όρῶντός</span> <span class='ocrx_word' id='word_1_313' title='bbox 897 3037 992 3072; x_wconf 80' lang='grc' dir='ltr'><strong>σου</strong></span> <span class='ocrx_word' id='word_1_314' title='bbox 1020 3020 1112 3073; x_wconf 71' lang='grc' dir='ltr'>τὸν</span> <span class='ocrx_word' id='word_1_315' title='bbox 1140 3019 1270 3090; x_wconf 84' lang='grc' dir='ltr'>χοῦν</span> <span class='ocrx_word' id='word_1_316' title='bbox 1296 3021 1388 3073; x_wconf 82' lang='grc' dir='ltr'><strong>τὸν</strong></span> <span class='ocrx_word' id='word_1_317' title='bbox 1416 3021 1623 3089; x_wconf 69' lang='grc' dir='ltr'>ἄψυχον</span> <span class='ocrx_word' id='word_1_318' title='bbox 1659 3022 1715 3074; x_wconf 82' lang='grc' dir='ltr'>ὲν</span> <span class='ocrx_word' id='word_1_319' title='bbox 1742 3019 1815 3091; x_wconf 81' lang='grc' dir='ltr'>τῷ</span> <span class='ocrx_word' id='word_1_320' title='bbox 1842 3023 1938 3075; x_wconf 86' lang='grc' dir='ltr'>τά-</span> 
     </span>
    </p>
   </div>
   <div class='ocr_carea' id='block_1_44' title="bbox 358 3109 2007 3210">
    <p class='ocr_par' dir='ltr' id='par_1_44' title="bbox 358 3109 2007 3210">
     <span class='ocr_line' id='line_1_44' title="bbox 358 3109 2007 3210; baseline 0.008 -53"><span class='ocrx_word' id='word_1_321' title='bbox 358 3128 465 3178; x_wconf 72' lang='grc' dir='ltr'><strong>φῳ,</strong></span> <span class='ocrx_word' id='word_1_322' title='bbox 526 3109 623 3164; x_wconf 78' lang='grc' dir='ltr'>καὶ</span> <span class='ocrx_word' id='word_1_323' title='bbox 676 3110 1066 3182; x_wconf 86' lang='grc' dir='ltr'>διαποροῦντός</span> <span class='ocrx_word' id='word_1_324' title='bbox 1097 3128 1214 3173; x_wconf 87' lang='grc' dir='ltr'>σου,</span> <span class='ocrx_word' id='word_1_325' title='bbox 1250 3111 1368 3174; x_wconf 85' lang='grc' dir='ltr'><strong>πῶς</strong></span> <span class='ocrx_word' id='word_1_326' title='bbox 1415 3112 1447 3181; x_wconf 88' lang='grc' dir='ltr'><strong>ή</strong></span> <span class='ocrx_word' id='word_1_327' title='bbox 1499 3112 1692 3176; x_wconf 83' lang='grc' dir='ltr'>σποδὸς</span> <span class='ocrx_word' id='word_1_328' title='bbox 1721 3111 1860 3184; x_wconf 78' lang='grc' dir='ltr'>αὕτη</span> <span class='ocrx_word' id='word_1_329' title='bbox 1901 3115 2007 3210; x_wconf 63' lang='lat' dir='ltr'><strong>ile</strong></span> 
     </span>
    </p>
   </div>
   <div class='ocr_carea' id='block_1_45' title="bbox 359 3202 1939 3276">
    <p class='ocr_par' dir='ltr' id='par_1_45' title="bbox 359 3202 1939 3276">
     <span class='ocr_line' id='line_1_45' title="bbox 359 3202 1939 3276; baseline 0.003 -21"><span class='ocrx_word' id='word_1_330' title='bbox 359 3204 553 3274; x_wconf 78' lang='grc' dir='ltr'>οἰκτρά</span> <span class='ocrx_word' id='word_1_331' title='bbox 588 3202 812 3257; x_wconf 86' lang='grc' dir='ltr'>δύναται</span> <span class='ocrx_word' id='word_1_332' title='bbox 838 3203 1093 3272; x_wconf 74' lang='grc' dir='ltr'>γενέσθαι</span> <span class='ocrx_word' id='word_1_333' title='bbox 1124 3204 1387 3274; x_wconf 68' lang='grc' dir='ltr'>ἔμψυχος,</span> <span class='ocrx_word' id='word_1_334' title='bbox 1409 3204 1703 3275; x_wconf 78' lang='grc' dir='ltr'><strong>ὁλόκληρος</strong></span> <span class='ocrx_word' id='word_1_335' title='bbox 1734 3205 1939 3276; x_wconf 82' lang='grc' dir='ltr'>ἀνθρω-</span> 
     </span>
    </p>
   </div>
   <div class='ocr_carea' id='block_1_46' title="bbox 357 3280 1934 3365">
    <p class='ocr_par' dir='ltr' id='par_1_46' title="bbox 357 3280 1934 3365">
     <span class='ocr_line' id='line_1_46' title="bbox 357 3280 1934 3365; baseline 0.002 -17"><span class='ocrx_word' id='word_1_336' title='bbox 357 3312 460 3359; x_wconf 87' lang='grc' dir='ltr'><strong>πος</strong></span> <span class='ocrx_word' id='word_1_337' title='bbox 482 3312 498 3327; x_wconf 87' lang='grc'><strong>·</strong></span> <span class='ocrx_word' id='word_1_338' title='bbox 540 3280 743 3357; x_wconf 76' lang='grc' dir='ltr'>εὐθέως</span> <span class='ocrx_word' id='word_1_339' title='bbox 788 3296 1099 3364; x_wconf 76' lang='grc' dir='ltr'>ἀπόϐλεψον</span> <span class='ocrx_word' id='word_1_340' title='bbox 1127 3298 1207 3360; x_wconf 83' lang='grc' dir='ltr'>εἰς</span> <span class='ocrx_word' id='word_1_341' title='bbox 1235 3297 1418 3356; x_wconf 80' lang='grc' dir='ltr'>αὐτὸν.</span> <span class='ocrx_word' id='word_1_342' title='bbox 1452 3299 1542 3350; x_wconf 81' lang='grc' dir='ltr'><strong>καὶ</strong></span> <span class='ocrx_word' id='word_1_343' title='bbox 1576 3297 1699 3365; x_wconf 61' lang='grc' dir='ltr'>ὄψει</span> <span class='ocrx_word' id='word_1_344' title='bbox 1745 3300 1802 3351; x_wconf 75' lang='grc' dir='ltr'><strong>ιν</strong></span> <span class='ocrx_word' id='word_1_345' title='bbox 1845 3298 1934 3353; x_wconf 77' lang='grc' dir='ltr'>σοὶ</span> 
     </span>
    </p>
   </div>
   <div class='ocr_carea' id='block_1_47' title="bbox 354 3386 1935 3458">
    <p class='ocr_par' dir='ltr' id='par_1_47' title="bbox 354 3386 1935 3458">
     <span class='ocr_line' id='line_1_47' title="bbox 354 3386 1935 3458; baseline 0.001 -19"><span class='ocrx_word' id='word_1_346' title='bbox 354 3388 447 3439; x_wconf 74' lang='grc' dir='ltr'>τὸν</span> <span class='ocrx_word' id='word_1_347' title='bbox 470 3386 640 3440; x_wconf 86' lang='grc' dir='ltr'>τύπον</span> <span class='ocrx_word' id='word_1_348' title='bbox 673 3387 773 3456; x_wconf 82' lang='grc' dir='ltr'>τῆς</span> <span class='ocrx_word' id='word_1_349' title='bbox 799 3387 907 3439; x_wconf 90' lang='grc' dir='ltr'><strong>τῶν</strong></span> <span class='ocrx_word' id='word_1_350' title='bbox 940 3389 1207 3458; x_wconf 83' lang='grc' dir='ltr'>σωμάτων</span> <span class='ocrx_word' id='word_1_351' title='bbox 1238 3389 1590 3451; x_wconf 84' lang='grc' dir='ltr'>ἀναστάσεως</span> <span class='ocrx_word' id='word_1_352' title='bbox 1618 3388 1719 3458; x_wconf 75' lang='grc' dir='ltr'><strong>ἤδη</strong></span> <span class='ocrx_word' id='word_1_353' title='bbox 1768 3405 1935 3457; x_wconf 80' lang='grc' dir='ltr'>γεγε-</span> 
     </span>
    </p>
   </div>
   <div class='ocr_carea' id='block_1_48' title="bbox 354 3478 1937 3551">
    <p class='ocr_par' dir='ltr' id='par_1_48' title="bbox 354 3478 1937 3551">
     <span class='ocr_line' id='line_1_48' title="bbox 354 3478 1937 3551; baseline 0.001 -20"><span class='ocrx_word' id='word_1_354' title='bbox 354 3480 610 3549; x_wconf 80' lang='grc' dir='ltr'>νημένον.</span> <span class='ocrx_word' id='word_1_355' title='bbox 644 3478 816 3532; x_wconf 84' lang='grc' dir='ltr'>Πόθεν</span> <span class='ocrx_word' id='word_1_356' title='bbox 845 3479 991 3548; x_wconf 42' lang='grc' dir='ltr'>γὰρ,</span> <span class='ocrx_word' id='word_1_357' title='bbox 1010 3481 1132 3533; x_wconf 82' lang='grc' dir='ltr'><strong>εἰπέ</strong></span> <span class='ocrx_word' id='word_1_358' title='bbox 1162 3497 1272 3549; x_wconf 86' lang='grc' dir='ltr'>μοι,</span> <span class='ocrx_word' id='word_1_359' title='bbox 1306 3480 1369 3533; x_wconf 74' lang='grc' dir='ltr'>σὺ</span> <span class='ocrx_word' id='word_1_360' title='bbox 1399 3480 1652 3551; x_wconf 77' lang='grc' dir='ltr'>ἀνέστης,</span> <span class='ocrx_word' id='word_1_361' title='bbox 1692 3482 1787 3534; x_wconf 71' lang='grc' dir='ltr'><strong>καὶ</strong></span> <span class='ocrx_word' id='word_1_362' title='bbox 1818 3481 1937 3534; x_wconf 84' lang='grc' dir='ltr'>ὁλό-</span> 
     </span>
    </p>
   </div>
   <div class='ocr_carea' id='block_1_49' title="bbox 356 3568 1935 3644">
    <p class='ocr_par' dir='ltr' id='par_1_49' title="bbox 356 3568 1935 3644">
     <span class='ocr_line' id='line_1_49' title="bbox 356 3568 1935 3644; baseline 0.002 -23"><span class='ocrx_word' id='word_1_363' title='bbox 356 3568 558 3639; x_wconf 79' lang='grc' dir='ltr'>κληρος</span> <span class='ocrx_word' id='word_1_364' title='bbox 579 3569 865 3638; x_wconf 80' lang='grc' dir='ltr'>ἄνθρωπος</span> <span class='ocrx_word' id='word_1_365' title='bbox 886 3570 1117 3639; x_wconf 79' lang='grc' dir='ltr'>γέγονας</span> <span class='ocrx_word' id='word_1_366' title='bbox 1138 3587 1154 3637; x_wconf 91' lang='lat'><strong>;</strong></span> <span class='ocrx_word' id='word_1_367' title='bbox 1174 3571 1293 3624; x_wconf 74' lang='grc' dir='ltr'>υούκ</span> <span class='ocrx_word' id='word_1_368' title='bbox 1323 3572 1432 3624; x_wconf 81' lang='grc' dir='ltr'><strong>ἀπὸ</strong></span> <span class='ocrx_word' id='word_1_369' title='bbox 1457 3574 1665 3642; x_wconf 74' lang='grc' dir='ltr'>σπορᾶς</span> <span class='ocrx_word' id='word_1_370' title='bbox 1690 3574 1935 3644; x_wconf 75' lang='grc' dir='ltr'>οἰκτρᾶς,</span> 
     </span>
    </p>
   </div>
   <div class='ocr_carea' id='block_1_50' title="bbox 354 3663 1937 3736">
    <p class='ocr_par' dir='ltr' id='par_1_50' title="bbox 354 3663 1937 3736">
     <span class='ocr_line' id='line_1_50' title="bbox 354 3663 1937 3736; baseline 0.003 -21"><span class='ocrx_word' id='word_1_371' title='bbox 354 3664 449 3715; x_wconf 79' lang='grc' dir='ltr'><strong>καὶ</strong></span> <span class='ocrx_word' id='word_1_372' title='bbox 484 3665 758 3735; x_wconf 77' lang='grc' dir='ltr'>ρυπαρᾶς,</span> <span class='ocrx_word' id='word_1_373' title='bbox 794 3665 889 3717; x_wconf 78' lang='grc' dir='ltr'><strong>καὶ</strong></span> <span class='ocrx_word' id='word_1_374' title='bbox 931 3665 1161 3735; x_wconf 79' lang='grc' dir='ltr'>μικρᾶς,</span> <span class='ocrx_word' id='word_1_375' title='bbox 1191 3663 1382 3736; x_wconf 85' lang='grc' dir='ltr'>ὥσπερ</span> <span class='ocrx_word' id='word_1_376' title='bbox 1414 3666 1481 3723; x_wconf 82' lang='grc' dir='ltr'>ἐκ</span> <span class='ocrx_word' id='word_1_377' title='bbox 1522 3666 1696 3731; x_wconf 83' lang='grc' dir='ltr'>τάφου</span> <span class='ocrx_word' id='word_1_378' title='bbox 1720 3668 1785 3719; x_wconf 78' lang='grc' dir='ltr'>ὲκ</span> <span class='ocrx_word' id='word_1_379' title='bbox 1828 3667 1937 3736; x_wconf 86' lang='grc' dir='ltr'>μή·</span> 
     </span>
    </p>
   </div>
   <div class='ocr_carea' id='block_1_51' title="bbox 351 3752 1938 3827">
    <p class='ocr_par' dir='ltr' id='par_1_51' title="bbox 351 3752 1938 3827">
     <span class='ocr_line' id='line_1_51' title="bbox 351 3752 1938 3827; baseline 0.004 -24"><span class='ocrx_word' id='word_1_380' title='bbox 351 3768 489 3821; x_wconf 82' lang='grc' dir='ltr'>τρας</span> <span class='ocrx_word' id='word_1_381' title='bbox 516 3753 743 3822; x_wconf 77' lang='grc' dir='ltr'>δυνάμει</span> <span class='ocrx_word' id='word_1_382' title='bbox 769 3752 906 3806; x_wconf 83' lang='grc' dir='ltr'>Θεοῦ</span> <span class='ocrx_word' id='word_1_383' title='bbox 930 3754 1194 3825; x_wconf 75' lang='grc' dir='ltr'>ἀνέστηςς</span> <span class='ocrx_word' id='word_1_384' title='bbox 1227 3755 1289 3807; x_wconf 78' lang='lat' dir='ltr'><strong>Ei</strong></span> <span class='ocrx_word' id='word_1_385' title='bbox 1317 3755 1374 3808; x_wconf 80' lang='grc' dir='ltr'><strong>δὲ</strong></span> <span class='ocrx_word' id='word_1_386' title='bbox 1402 3754 1465 3807; x_wconf 79' lang='grc' dir='ltr'><strong>τὸ</strong></span> <span class='ocrx_word' id='word_1_387' title='bbox 1501 3754 1711 3825; x_wconf 76' lang='grc' dir='ltr'>ἄψυχόν</span> <span class='ocrx_word' id='word_1_388' title='bbox 1740 3771 1799 3808; x_wconf 84' lang='grc' dir='ltr'><strong>σε</strong></span> <span class='ocrx_word' id='word_1_389' title='bbox 1836 3756 1938 3827; x_wconf 85' lang='grc' dir='ltr'><strong>τῆς</strong></span> 
     </span>
    </p>
   </div>
   <div class='ocr_carea' id='block_1_52' title="bbox 351 3844 1936 3919">
    <p class='ocr_par' dir='ltr' id='par_1_52' title="bbox 351 3844 1936 3919">
     <span class='ocr_line' id='line_1_52' title="bbox 351 3844 1936 3919; baseline 0.004 -23"><span class='ocrx_word' id='word_1_390' title='bbox 351 3844 501 3906; x_wconf 79' lang='grc' dir='ltr'>κόνις</span> <span class='ocrx_word' id='word_1_391' title='bbox 528 3850 553 3880; x_wconf 82' lang='grc'><strong>⁸</strong></span> <span class='ocrx_word' id='word_1_392' title='bbox 584 3844 694 3897; x_wconf 85' lang='grc' dir='ltr'><strong>τῶν</strong></span> <span class='ocrx_word' id='word_1_393' title='bbox 736 3845 1007 3914; x_wconf 80' lang='grc' dir='ltr'>σωμάτων</span> <span class='ocrx_word' id='word_1_394' title='bbox 1033 3848 1113 3908; x_wconf 91' lang='grc' dir='ltr'><strong>είς</strong></span> <span class='ocrx_word' id='word_1_395' title='bbox 1147 3847 1405 3901; x_wconf 82' lang='grc' dir='ltr'>ἀπιστίαν</span> <span class='ocrx_word' id='word_1_396' title='bbox 1443 3848 1784 3919; x_wconf 76' lang='grc' dir='ltr'>περιϐάλλει,</span> <span class='ocrx_word' id='word_1_397' title='bbox 1828 3850 1936 3919; x_wconf 83' lang='grc' dir='ltr'><strong>φά-</strong></span> 
     </span>
    </p>
   </div>
   <div class='ocr_carea' id='block_1_53' title="bbox 354 3936 1931 4010">
    <p class='ocr_par' dir='ltr' id='par_1_53' title="bbox 354 3936 1931 4010">
     <span class='ocr_line' id='line_1_53' title="bbox 354 3936 1931 4010; baseline 0.003 -22"><span class='ocrx_word' id='word_1_398' title='bbox 354 3936 575 3998; x_wconf 87' lang='grc' dir='ltr'>σκοντός</span> <span class='ocrx_word' id='word_1_399' title='bbox 606 3952 727 4001; x_wconf 87' lang='grc' dir='ltr'>σου,</span> <span class='ocrx_word' id='word_1_400' title='bbox 762 3936 884 3999; x_wconf 85' lang='grc' dir='ltr'><strong>Πῶς</strong></span> <span class='ocrx_word' id='word_1_401' title='bbox 928 3937 990 3990; x_wconf 86' lang='grc' dir='ltr'><strong>τὸ</strong></span> <span class='ocrx_word' id='word_1_402' title='bbox 1017 3938 1226 4008; x_wconf 74' lang='grc' dir='ltr'>ἄψυχον</span> <span class='ocrx_word' id='word_1_403' title='bbox 1253 3939 1617 4007; x_wconf 75' lang='grc' dir='ltr'>άναγεννᾶται</span> <span class='ocrx_word' id='word_1_404' title='bbox 1651 3939 1931 4010; x_wconf 53' lang='lat' dir='ltr'><strong>[pq/sxw;</strong></span> 
     </span>
    </p>
   </div>
   <div class='ocr_carea' id='block_1_54' title="bbox 350 4025 1932 4103">
    <p class='ocr_par' dir='ltr' id='par_1_54' title="bbox 350 4025 1932 4103">
     <span class='ocr_line' id='line_1_54' title="bbox 350 4025 1932 4103; baseline 0.004 -27"><span class='ocrx_word' id='word_1_405' title='bbox 350 4025 658 4097; x_wconf 75' lang='grc' dir='ltr'>εχειςπερὶ</span> <span class='ocrx_word' id='word_1_406' title='bbox 687 4025 1010 4080; x_wconf 55' lang='grc' dir='ltr'>τούτουνάπ’</span> <span class='ocrx_word' id='word_1_407' title='bbox 1048 4030 1220 4099; x_wconf 85' lang='grc' dir='ltr'>αὐτῆς</span> <span class='ocrx_word' id='word_1_408' title='bbox 1246 4031 1345 4100; x_wconf 80' lang='grc' dir='ltr'><strong>τῆς</strong></span> <span class='ocrx_word' id='word_1_409' title='bbox 1377 4030 1740 4101; x_wconf 85' lang='grc' dir='ltr'>κοσμοποιίας</span> <span class='ocrx_word' id='word_1_410' title='bbox 1769 4032 1932 4103; x_wconf 83' lang='grc' dir='ltr'>μέχρι</span> 
     </span>
    </p>
   </div>
   <div class='ocr_carea' id='block_1_55' title="bbox 349 4116 1933 4195">
    <p class='ocr_par' dir='ltr' id='par_1_55' title="bbox 349 4116 1933 4195">
     <span class='ocr_line' id='line_1_55' title="bbox 349 4116 1933 4195; baseline 0.004 -25"><span class='ocrx_word' id='word_1_411' title='bbox 349 4119 447 4170; x_wconf 82' lang='grc' dir='ltr'><strong>καὶ</strong></span> <span class='ocrx_word' id='word_1_412' title='bbox 484 4116 580 4172; x_wconf 90' lang='grc' dir='ltr'><strong>νῦν</strong></span> <span class='ocrx_word' id='word_1_413' title='bbox 630 4118 839 4194; x_wconf 78' lang='grc' dir='ltr'>πολλὰς</span> <span class='ocrx_word' id='word_1_414' title='bbox 878 4121 1232 4185; x_wconf 82' lang='grc' dir='ltr'>ἀναστάσεως</span> <span class='ocrx_word' id='word_1_415' title='bbox 1262 4123 1550 4193; x_wconf 81' lang='grc' dir='ltr'>γεννήσεις</span> <span class='ocrx_word' id='word_1_416' title='bbox 1599 4122 1660 4188; x_wconf 70' lang='grc' dir='ltr'><strong>ἐξ</strong></span> <span class='ocrx_word' id='word_1_417' title='bbox 1707 4123 1933 4195; x_wconf 82' lang='grc' dir='ltr'>ἀψύχων</span> 
     </span>
    </p>
   </div>
   <div class='ocr_carea' id='block_1_56' title="bbox 350 4207 1933 4282">
    <p class='ocr_par' dir='ltr' id='par_1_56' title="bbox 350 4207 1933 4282">
     <span class='ocr_line' id='line_1_56' title="bbox 350 4207 1933 4282; baseline 0.004 -23"><span class='ocrx_word' id='word_1_418' title='bbox 350 4207 860 4278; x_wconf 59' lang='grc' dir='ltr'>ὲμψύχουβόῦσας.</span> <span class='ocrx_word' id='word_1_419' title='bbox 904 4210 1148 4281; x_wconf 77' lang='grc' dir='ltr'>Ἀψυχος</span> <span class='ocrx_word' id='word_1_420' title='bbox 1187 4213 1216 4266; x_wconf 89' lang='lat'><strong>6</strong></span> <span class='ocrx_word' id='word_1_421' title='bbox 1265 4211 1439 4282; x_wconf 73' lang='grc' dir='ltr'>ἣλιος,</span> <span class='ocrx_word' id='word_1_422' title='bbox 1474 4212 1593 4266; x_wconf 79' lang='grc' dir='ltr'>ἀλλ’</span> <span class='ocrx_word' id='word_1_423' title='bbox 1632 4212 1693 4277; x_wconf 64' lang='lat' dir='ltr'><strong>te</strong></span> <span class='ocrx_word' id='word_1_424' title='bbox 1740 4213 1933 4279; x_wconf 83' lang='grc' dir='ltr'>αὑτοῦ,</span> 
     </span>
    </p>
   </div>
   <div class='ocr_carea' id='block_1_57' title="bbox 349 4295 1932 4375">
    <p class='ocr_par' dir='ltr' id='par_1_57' title="bbox 349 4295 1932 4375">
     <span class='ocr_line' id='line_1_57' title="bbox 349 4295 1932 4375; baseline 0.005 -24"><span class='ocrx_word' id='word_1_425' title='bbox 349 4299 424 4360; x_wconf 85' lang='grc' dir='ltr'><strong>ὡς</strong></span> <span class='ocrx_word' id='word_1_426' title='bbox 450 4299 712 4363; x_wconf 82' lang='grc' dir='ltr'>πολλάκις</span> <span class='ocrx_word' id='word_1_427' title='bbox 729 4295 904 4363; x_wconf 77' lang='grc' dir='ltr'>εἷπον,</span> <span class='ocrx_word' id='word_1_428' title='bbox 926 4304 1257 4373; x_wconf 76' lang='grc' dir='ltr'>προέρχεται</span> <span class='ocrx_word' id='word_1_429' title='bbox 1287 4306 1320 4374; x_wconf 82' lang='grc' dir='ltr'>ἡ</span> <span class='ocrx_word' id='word_1_430' title='bbox 1352 4303 1462 4357; x_wconf 90' lang='grc' dir='ltr'><strong>τῶν</strong></span> <span class='ocrx_word' id='word_1_431' title='bbox 1493 4306 1763 4375; x_wconf 81' lang='grc' dir='ltr'>σωμάτων</span> <span class='ocrx_word' id='word_1_432' title='bbox 1794 4305 1932 4359; x_wconf 86' lang='grc' dir='ltr'>πάν-</span> 
     </span>
    </p>
   </div>
   <div class='ocr_carea' id='block_1_58' title="bbox 345 4390 1931 4466">
    <p class='ocr_par' dir='ltr' id='par_1_58' title="bbox 345 4390 1931 4466">
     <span class='ocr_line' id='line_1_58' title="bbox 345 4390 1931 4466; baseline 0.004 -23"><span class='ocrx_word' id='word_1_433' title='bbox 345 4408 455 4444; x_wconf 86' lang='grc' dir='ltr'><strong>των</strong></span> <span class='ocrx_word' id='word_1_434' title='bbox 478 4390 724 4463; x_wconf 72' lang='grc' dir='ltr'>ἔμψυχος</span> <span class='ocrx_word' id='word_1_435' title='bbox 756 4394 991 4462; x_wconf 88' lang='grc' dir='ltr'>κίνησις.</span> <span class='ocrx_word' id='word_1_436' title='bbox 1036 4396 1254 4466; x_wconf 83' lang='grc' dir='ltr'>Ἀψυχα</span> <span class='ocrx_word' id='word_1_437' title='bbox 1290 4396 1357 4450; x_wconf 85' lang='grc' dir='ltr'>τὰ</span> <span class='ocrx_word' id='word_1_438' title='bbox 1386 4395 1574 4461; x_wconf 76' lang='grc' dir='ltr'>ὕδατα,</span> <span class='ocrx_word' id='word_1_439' title='bbox 1609 4396 1724 4449; x_wconf 84' lang='grc' dir='ltr'>ἀλλ’</span> <span class='ocrx_word' id='word_1_440' title='bbox 1749 4397 1808 4461; x_wconf 77' lang='grc' dir='ltr'><strong>ἐξ</strong></span> <span class='ocrx_word' id='word_1_441' title='bbox 1835 4399 1931 4450; x_wconf 79' lang='grc' dir='ltr'>αύ-</span> 
     </span>
    </p>
   </div>
   <div class='ocr_carea' id='block_1_59' title="bbox 2116 1632 3618 1721">
    <p class='ocr_par' dir='ltr' id='par_1_59' title="bbox 2116 1632 3618 1721">
     <span class='ocr_line' id='line_1_59' title="bbox 2116 1632 3618 1721; baseline -0.005 -15"><span class='ocrx_word' id='word_1_442' title='bbox 2116 1632 2486 1721; x_wconf 85' lang='lat' dir='ltr'><strong>Quapropter,</strong></span> <span class='ocrx_word' id='word_1_443' title='bbox 2519 1650 2564 1704; x_wconf 91' lang='lat' dir='ltr'><strong>si</strong></span> <span class='ocrx_word' id='word_1_444' title='bbox 2583 1649 2810 1721; x_wconf 86' lang='lat' dir='ltr'><strong>jamjam</strong></span> <span class='ocrx_word' id='word_1_445' title='bbox 2841 1657 3122 1702; x_wconf 90' lang='lat' dir='ltr'><strong>mortuum</strong></span> <span class='ocrx_word' id='word_1_446' title='bbox 3156 1661 3358 1716; x_wconf 76' lang='lat' dir='ltr'><strong>corpus</strong></span> <span class='ocrx_word' id='word_1_447' title='bbox 3383 1644 3618 1714; x_wconf 86' lang='lat' dir='ltr'><strong>aperias,</strong></span> 
     </span>
    </p>
   </div>
   <div class='ocr_carea' id='block_1_60' title="bbox 2048 1737 3621 1812">
    <p class='ocr_par' dir='ltr' id='par_1_60' title="bbox 2048 1737 3621 1812">
     <span class='ocr_line' id='line_1_60' title="bbox 2048 1737 3621 1812; baseline -0.005 -15"><span class='ocrx_word' id='word_1_448' title='bbox 2048 1741 2328 1798; x_wconf 87' lang='lat' dir='ltr'><strong>choleram</strong></span> <span class='ocrx_word' id='word_1_449' title='bbox 2368 1741 2616 1812; x_wconf 87' lang='lat' dir='ltr'><strong>quidem,</strong></span> <span class='ocrx_word' id='word_1_450' title='bbox 2655 1756 2882 1796; x_wconf 90' lang='lat' dir='ltr'><strong>succum</strong></span> <span class='ocrx_word' id='word_1_451' title='bbox 2913 1749 2969 1794; x_wconf 89' lang='lat' dir='ltr'><strong>et</strong></span> <span class='ocrx_word' id='word_1_452' title='bbox 2998 1740 3252 1810; x_wconf 89' lang='lat' dir='ltr'><strong>phlegma</strong></span> <span class='ocrx_word' id='word_1_453' title='bbox 3285 1738 3341 1791; x_wconf 92' lang='lat' dir='ltr'><strong>in</strong></span> <span class='ocrx_word' id='word_1_454' title='bbox 3382 1738 3501 1807; x_wconf 89' lang='lat' dir='ltr'><strong>ipso</strong></span> <span class='ocrx_word' id='word_1_455' title='bbox 3535 1737 3621 1790; x_wconf 83' lang='lat' dir='ltr'><strong>in-</strong></span> 
     </span>
    </p>
   </div>
   <div class='ocr_carea' id='block_1_61' title="bbox 2045 1830 3621 1905">
    <p class='ocr_par' dir='ltr' id='par_1_61' title="bbox 2045 1830 3621 1905">
     <span class='ocr_line' id='line_1_61' title="bbox 2045 1830 3621 1905; baseline -0.005 -15"><span class='ocrx_word' id='word_1_456' title='bbox 2045 1834 2270 1899; x_wconf 85' lang='lat' dir='ltr'><strong>venies;</strong></span> <span class='ocrx_word' id='word_1_457' title='bbox 2318 1833 2413 1889; x_wconf 88' lang='lat' dir='ltr'><strong>sed</strong></span> <span class='ocrx_word' id='word_1_458' title='bbox 2460 1848 2813 1905; x_wconf 87' lang='lat' dir='ltr'><strong>nequaquam</strong></span> <span class='ocrx_word' id='word_1_459' title='bbox 2855 1834 3201 1902; x_wconf 84' lang='lat' dir='ltr'><strong>sanguinem.</strong></span> <span class='ocrx_word' id='word_1_460' title='bbox 3256 1830 3440 1884; x_wconf 91' lang='lat' dir='ltr'><strong>Primo</strong></span> <span class='ocrx_word' id='word_1_461' title='bbox 3472 1830 3621 1885; x_wconf 87' lang='lat' dir='ltr'><strong>enim</strong></span> 
     </span>
    </p>
   </div>
   <div class='ocr_carea' id='block_1_62' title="bbox 2044 1922 3621 1994">
    <p class='ocr_par' dir='ltr' id='par_1_62' title="bbox 2044 1922 3621 1994">
     <span class='ocr_line' id='line_1_62' title="bbox 2044 1922 3621 1994; baseline -0.003 -12"><span class='ocrx_word' id='word_1_462' title='bbox 2044 1927 2283 1982; x_wconf 87' lang='lat' dir='ltr'><strong>calidum</strong></span> <span class='ocrx_word' id='word_1_463' title='bbox 2322 1928 2661 1982; x_wconf 89' lang='lat' dir='ltr'><strong>elementum</strong></span> <span class='ocrx_word' id='word_1_464' title='bbox 2711 1941 2780 1980; x_wconf 76' lang='lat' dir='ltr'><strong>ex</strong></span> <span class='ocrx_word' id='word_1_465' title='bbox 2824 1939 3060 1994; x_wconf 90' lang='lat' dir='ltr'><strong>corpore</strong></span> <span class='ocrx_word' id='word_1_466' title='bbox 3103 1924 3373 1987; x_wconf 88' lang='lat' dir='ltr'><strong>abscedit,</strong></span> <span class='ocrx_word' id='word_1_467' title='bbox 3419 1922 3621 1990; x_wconf 89' lang='lat' dir='ltr'><strong>deinde</strong></span> 
     </span>
    </p>
   </div>
   <div class='ocr_carea' id='block_1_63' title="bbox 2043 2014 3623 2088">
    <p class='ocr_par' dir='ltr' id='par_1_63' title="bbox 2043 2014 3623 2088">
     <span class='ocr_line' id='line_1_63' title="bbox 2043 2014 3623 2088; baseline -0.003 -15"><span class='ocrx_word' id='word_1_468' title='bbox 2043 2019 2356 2084; x_wconf 81' lang='lat' dir='ltr'><strong>humidum,</strong></span> <span class='ocrx_word' id='word_1_469' title='bbox 2403 2018 2568 2073; x_wconf 88' lang='lat' dir='ltr'><strong>tertio</strong></span> <span class='ocrx_word' id='word_1_470' title='bbox 2611 2017 2914 2088; x_wconf 76' lang='lat' dir='ltr'><strong>frigidum:</strong></span> <span class='ocrx_word' id='word_1_471' title='bbox 2965 2031 3068 2070; x_wconf 87' lang='lat' dir='ltr'><strong>nec</strong></span> <span class='ocrx_word' id='word_1_472' title='bbox 3113 2014 3325 2069; x_wconf 91' lang='lat' dir='ltr'><strong>tumulo</strong></span> <span class='ocrx_word' id='word_1_473' title='bbox 3365 2022 3422 2068; x_wconf 90' lang='lat' dir='ltr'><strong>et</strong></span> <span class='ocrx_word' id='word_1_474' title='bbox 3461 2026 3623 2068; x_wconf 73' lang='lat' dir='ltr'><strong>terrae</strong></span> 
     </span>
    </p>
   </div>
   <div class='ocr_carea' id='block_1_64' title="bbox 2042 2101 3621 2177">
    <p class='ocr_par' dir='ltr' id='par_1_64' title="bbox 2042 2101 3621 2177">
     <span class='ocr_line' id='line_1_64' title="bbox 2042 2101 3621 2177; baseline -0.003 -16"><span class='ocrx_word' id='word_1_475' title='bbox 2042 2107 2253 2177; x_wconf 90' lang='lat' dir='ltr'><strong>aliquid</strong></span> <span class='ocrx_word' id='word_1_476' title='bbox 2294 2115 2497 2177; x_wconf 64' lang='lat' dir='ltr'><strong>praeter</strong></span> <span class='ocrx_word' id='word_1_477' title='bbox 2529 2107 2734 2162; x_wconf 91' lang='lat' dir='ltr'><strong>siccum</strong></span> <span class='ocrx_word' id='word_1_478' title='bbox 2770 2105 3125 2175; x_wconf 90' lang='lat' dir='ltr'><strong>relinquitur,</strong></span> <span class='ocrx_word' id='word_1_479' title='bbox 3158 2104 3264 2158; x_wconf 86' lang='lat' dir='ltr'><strong>hoc</strong></span> <span class='ocrx_word' id='word_1_480' title='bbox 3301 2112 3405 2174; x_wconf 82' lang='lat' dir='ltr'><strong>est,</strong></span> <span class='ocrx_word' id='word_1_481' title='bbox 3441 2101 3621 2172; x_wconf 70' lang='lat' dir='ltr'><strong>pelvis</strong></span> 
     </span>
    </p>
   </div>
   <div class='ocr_carea' id='block_1_65' title="bbox 2042 2195 3620 2270">
    <p class='ocr_par' dir='ltr' id='par_1_65' title="bbox 2042 2195 3620 2270">
     <span class='ocr_line' id='line_1_65' title="bbox 2042 2195 3620 2270; baseline -0.004 -16"><span class='ocrx_word' id='word_1_482' title='bbox 2042 2213 2206 2270; x_wconf 90' lang='lat' dir='ltr'><strong>quem</strong></span> <span class='ocrx_word' id='word_1_483' title='bbox 2229 2200 2378 2255; x_wconf 89' lang='lat' dir='ltr'><strong>Deus</strong></span> <span class='ocrx_word' id='word_1_484' title='bbox 2411 2216 2479 2255; x_wconf 83' lang='lat' dir='ltr'><strong>ex</strong></span> <span class='ocrx_word' id='word_1_485' title='bbox 2508 2209 2654 2255; x_wconf 89' lang='lat' dir='ltr'><strong>terra</strong></span> <span class='ocrx_word' id='word_1_486' title='bbox 2679 2199 2911 2269; x_wconf 88' lang='lat' dir='ltr'><strong>accepit.</strong></span> <span class='ocrx_word' id='word_1_487' title='bbox 2940 2198 3066 2253; x_wconf 89' lang='lat' dir='ltr'><strong>Sola</strong></span> <span class='ocrx_word' id='word_1_488' title='bbox 3103 2206 3247 2251; x_wconf 88' lang='lat' dir='ltr'><strong>terra</strong></span> <span class='ocrx_word' id='word_1_489' title='bbox 3282 2195 3427 2266; x_wconf 88' lang='lat' dir='ltr'><strong>quod</strong></span> <span class='ocrx_word' id='word_1_490' title='bbox 3460 2212 3620 2250; x_wconf 90' lang='lat' dir='ltr'><strong>suum</strong></span> 
     </span>
    </p>
   </div>
   <div class='ocr_carea' id='block_1_66' title="bbox 2041 2286 3622 2362">
    <p class='ocr_par' dir='ltr' id='par_1_66' title="bbox 2041 2286 3622 2362">
     <span class='ocr_line' id='line_1_66' title="bbox 2041 2286 3622 2362; baseline -0.004 -15"><span class='ocrx_word' id='word_1_491' title='bbox 2041 2300 2126 2348; x_wconf 88' lang='lat' dir='ltr'><strong>est</strong></span> <span class='ocrx_word' id='word_1_492' title='bbox 2150 2292 2369 2362; x_wconf 86' lang='lat' dir='ltr'><strong>recipit.</strong></span> <span class='ocrx_word' id='word_1_493' title='bbox 2389 2292 2511 2346; x_wconf 83' lang='lat' dir='ltr'><strong>Alia</strong></span> <span class='ocrx_word' id='word_1_494' title='bbox 2532 2292 2634 2346; x_wconf 83' lang='lat' dir='ltr'><strong>tria</strong></span> <span class='ocrx_word' id='word_1_495' title='bbox 2661 2292 2931 2346; x_wconf 85' lang='lat' dir='ltr'><strong>elementa</strong></span> <span class='ocrx_word' id='word_1_496' title='bbox 2965 2291 3033 2344; x_wconf 89' lang='lat' dir='ltr'><strong>ad</strong></span> <span class='ocrx_word' id='word_1_497' title='bbox 3059 2289 3284 2360; x_wconf 89' lang='lat' dir='ltr'><strong>propria</strong></span> <span class='ocrx_word' id='word_1_498' title='bbox 3308 2288 3428 2342; x_wconf 90' lang='lat' dir='ltr'><strong>loca</strong></span> <span class='ocrx_word' id='word_1_499' title='bbox 3458 2286 3622 2359; x_wconf 66' lang='grc'><strong>394</strong></span> 
     </span>
    </p>
   </div>
   <div class='ocr_carea' id='block_1_67' title="bbox 2042 2378 3623 2458">
    <p class='ocr_par' dir='ltr' id='par_1_67' title="bbox 2042 2378 3623 2458">
     <span class='ocr_line' id='line_1_67' title="bbox 2042 2378 3623 2458; baseline -0.004 -20"><span class='ocrx_word' id='word_1_500' title='bbox 2042 2383 2249 2458; x_wconf 83' lang='lat' dir='ltr'><strong>abeunt</strong></span> <span class='ocrx_word' id='word_1_501' title='bbox 2287 2401 2302 2437; x_wconf 87' lang='lat'><strong>:</strong></span> <span class='ocrx_word' id='word_1_502' title='bbox 2348 2383 2500 2437; x_wconf 86' lang='lat' dir='ltr'><strong>calor</strong></span> <span class='ocrx_word' id='word_1_503' title='bbox 2530 2384 2584 2436; x_wconf 89' lang='lat' dir='ltr'><strong>in</strong></span> <span class='ocrx_word' id='word_1_504' title='bbox 2627 2383 2828 2451; x_wconf 89' lang='lat' dir='ltr'><strong>ignem,</strong></span> <span class='ocrx_word' id='word_1_505' title='bbox 2874 2380 3135 2452; x_wconf 79' lang='lat' dir='ltr'><strong>frigidum</strong></span> <span class='ocrx_word' id='word_1_506' title='bbox 3181 2381 3235 2433; x_wconf 91' lang='lat' dir='ltr'><strong>in</strong></span> <span class='ocrx_word' id='word_1_507' title='bbox 3266 2395 3472 2443; x_wconf 87' lang='lat' dir='ltr'><strong>aerem,</strong></span> <span class='ocrx_word' id='word_1_508' title='bbox 3520 2378 3623 2432; x_wconf 84' lang='lat' dir='ltr'><strong>hu-</strong></span> 
     </span>
    </p>
   </div>
   <div class='ocr_carea' id='block_1_68' title="bbox 2042 2471 3624 2544">
    <p class='ocr_par' dir='ltr' id='par_1_68' title="bbox 2042 2471 3624 2544">
     <span class='ocr_line' id='line_1_68' title="bbox 2042 2471 3624 2544; baseline -0.004 -14"><span class='ocrx_word' id='word_1_509' title='bbox 2042 2476 2253 2531; x_wconf 89' lang='lat' dir='ltr'><strong>midum</strong></span> <span class='ocrx_word' id='word_1_510' title='bbox 2294 2475 2351 2529; x_wconf 89' lang='lat' dir='ltr'><strong>in</strong></span> <span class='ocrx_word' id='word_1_511' title='bbox 2404 2490 2623 2544; x_wconf 83' lang='lat' dir='ltr'><strong>aquam.</strong></span> <span class='ocrx_word' id='word_1_512' title='bbox 2653 2474 2713 2528; x_wconf 86' lang='lat' dir='ltr'><strong>ln</strong></span> <span class='ocrx_word' id='word_1_513' title='bbox 2764 2473 3179 2543; x_wconf 82' lang='lat' dir='ltr'><strong>resurrectione</strong></span> <span class='ocrx_word' id='word_1_514' title='bbox 3214 2471 3380 2542; x_wconf 78' lang='lat' dir='ltr'><strong>igitur</strong></span> <span class='ocrx_word' id='word_1_515' title='bbox 3423 2486 3624 2524; x_wconf 78' lang='lat' dir='ltr'><strong>convc-</strong></span> 
     </span>
    </p>
   </div>
   <div class='ocr_carea' id='block_1_69' title="bbox 2041 2561 3618 2638">
    <p class='ocr_par' dir='ltr' id='par_1_69' title="bbox 2041 2561 3618 2638">
     <span class='ocr_line' id='line_1_69' title="bbox 2041 2561 3618 2638; baseline -0.006 -15"><span class='ocrx_word' id='word_1_516' title='bbox 2041 2569 2209 2623; x_wconf 82' lang='lat' dir='ltr'><strong>nient’</strong></span> <span class='ocrx_word' id='word_1_517' title='bbox 2246 2568 2520 2623; x_wconf 90' lang='lat' dir='ltr'><strong>elementa</strong></span> <span class='ocrx_word' id='word_1_518' title='bbox 2549 2568 2704 2638; x_wconf 89' lang='lat' dir='ltr'><strong>jussu</strong></span> <span class='ocrx_word' id='word_1_519' title='bbox 2734 2566 2832 2621; x_wconf 91' lang='lat' dir='ltr'><strong>Dei</strong></span> <span class='ocrx_word' id='word_1_520' title='bbox 2872 2565 2928 2619; x_wconf 91' lang='lat' dir='ltr'><strong>in</strong></span> <span class='ocrx_word' id='word_1_521' title='bbox 2970 2580 3164 2626; x_wconf 89' lang='lat' dir='ltr'><strong>unum,</strong></span> <span class='ocrx_word' id='word_1_522' title='bbox 3194 2574 3251 2618; x_wconf 90' lang='lat' dir='ltr'><strong>et</strong></span> <span class='ocrx_word' id='word_1_523' title='bbox 3281 2563 3397 2632; x_wconf 86' lang='lat' dir='ltr'><strong>ipsa</strong></span> <span class='ocrx_word' id='word_1_524' title='bbox 3428 2561 3618 2623; x_wconf 86' lang='lat' dir='ltr'><strong>itidem</strong></span> 
     </span>
    </p>
   </div>
   <div class='ocr_carea' id='block_1_70' title="bbox 2041 2655 3622 2731">
    <p class='ocr_par' dir='ltr' id='par_1_70' title="bbox 2041 2655 3622 2731">
     <span class='ocr_line' id='line_1_70' title="bbox 2041 2655 3622 2731; baseline -0.004 -17"><span class='ocrx_word' id='word_1_525' title='bbox 2041 2660 2224 2714; x_wconf 88' lang='lat' dir='ltr'><strong>anima</strong></span> <span class='ocrx_word' id='word_1_526' title='bbox 2270 2675 2396 2714; x_wconf 92' lang='lat' dir='ltr'><strong>cum</strong></span> <span class='ocrx_word' id='word_1_527' title='bbox 2433 2658 2629 2713; x_wconf 89' lang='lat' dir='ltr'><strong>iisdem</strong></span> <span class='ocrx_word' id='word_1_528' title='bbox 2663 2655 3040 2731; x_wconf 86' lang='lat' dir='ltr'><strong>copulahitur,</strong></span> <span class='ocrx_word' id='word_1_529' title='bbox 3073 2665 3433 2726; x_wconf 84' lang='lat' dir='ltr'><strong>resurgetque</strong></span> <span class='ocrx_word' id='word_1_530' title='bbox 3473 2660 3622 2708; x_wconf 85' lang='lat' dir='ltr'><strong>totus</strong></span> 
     </span>
    </p>
   </div>
   <div class='ocr_carea' id='block_1_71' title="bbox 2039 2747 2571 2817">
    <p class='ocr_par' dir='ltr' id='par_1_71' title="bbox 2039 2747 2571 2817">
     <span class='ocr_line' id='line_1_71' title="bbox 2039 2747 2571 2817; baseline -0.002 -17"><span class='ocrx_word' id='word_1_531' title='bbox 2039 2754 2096 2801; x_wconf 91' lang='lat' dir='ltr'><strong>et</strong></span> <span class='ocrx_word' id='word_1_532' title='bbox 2136 2747 2350 2817; x_wconf 78' lang='lat' dir='ltr'><strong>integer</strong></span> <span class='ocrx_word' id='word_1_533' title='bbox 2385 2748 2571 2803; x_wconf 87' lang='lat' dir='ltr'><strong>homo.</strong></span> 
     </span>
    </p>
   </div>
   <div class='ocr_carea' id='block_1_72' title="bbox 2109 2923 3619 2997">
    <p class='ocr_par' dir='ltr' id='par_1_72' title="bbox 2109 2923 3619 2997">
     <span class='ocr_line' id='line_1_72' title="bbox 2109 2923 3619 2997; baseline -0.002 -16"><span class='ocrx_word' id='word_1_534' title='bbox 2109 2925 2339 2993; x_wconf 85' lang='lat' dir='ltr'><strong>Quando</strong></span> <span class='ocrx_word' id='word_1_535' title='bbox 2367 2927 2536 2997; x_wconf 84' lang='lat' dir='ltr'><strong>igitur</strong></span> <span class='ocrx_word' id='word_1_536' title='bbox 2567 2925 2843 2980; x_wconf 87' lang='lat' dir='ltr'><strong>dubitatio</strong></span> <span class='ocrx_word' id='word_1_537' title='bbox 2877 2925 3162 2981; x_wconf 88' lang='lat' dir='ltr'><strong>suboritur</strong></span> <span class='ocrx_word' id='word_1_538' title='bbox 3189 2924 3287 2980; x_wconf 92' lang='lat' dir='ltr'><strong>tibi</strong></span> <span class='ocrx_word' id='word_1_539' title='bbox 3329 2923 3619 2994; x_wconf 85' lang='lat' dir='ltr'><strong>aspicienti</strong></span> 
     </span>
    </p>
   </div>
   <div class='ocr_carea' id='block_1_73' title="bbox 2039 3015 3619 3087">
    <p class='ocr_par' dir='ltr' id='par_1_73' title="bbox 2039 3015 3619 3087">
     <span class='ocr_line' id='line_1_73' title="bbox 2039 3015 3619 3087; baseline -0.002 -16"><span class='ocrx_word' id='word_1_540' title='bbox 2039 3019 2350 3072; x_wconf 81' lang='lat' dir='ltr'><strong>exanimem</strong></span> <span class='ocrx_word' id='word_1_541' title='bbox 2397 3018 2592 3072; x_wconf 92' lang='lat' dir='ltr'><strong>limum</strong></span> <span class='ocrx_word' id='word_1_542' title='bbox 2639 3026 2695 3072; x_wconf 90' lang='lat' dir='ltr'><strong>et</strong></span> <span class='ocrx_word' id='word_1_543' title='bbox 2736 3024 2944 3073; x_wconf 87' lang='lat' dir='ltr'><strong>terram</strong></span> <span class='ocrx_word' id='word_1_544' title='bbox 2992 3017 3048 3071; x_wconf 92' lang='lat' dir='ltr'><strong>in</strong></span> <span class='ocrx_word' id='word_1_545' title='bbox 3102 3017 3393 3087; x_wconf 89' lang='lat' dir='ltr'><strong>sepulcro,</strong></span> <span class='ocrx_word' id='word_1_546' title='bbox 3438 3015 3619 3069; x_wconf 86' lang='lat' dir='ltr'><strong>ambi-</strong></span> 
     </span>
    </p>
   </div>
   <div class='ocr_carea' id='block_1_74' title="bbox 2039 3106 3616 3179">
    <p class='ocr_par' dir='ltr' id='par_1_74' title="bbox 2039 3106 3616 3179">
     <span class='ocr_line' id='line_1_74' title="bbox 2039 3106 3616 3179; baseline -0.003 -17"><span class='ocrx_word' id='word_1_547' title='bbox 2039 3111 2230 3179; x_wconf 84' lang='lat' dir='ltr'><strong>gisque</strong></span> <span class='ocrx_word' id='word_1_548' title='bbox 2278 3110 2560 3178; x_wconf 87' lang='lat' dir='ltr'><strong>quomodo</strong></span> <span class='ocrx_word' id='word_1_549' title='bbox 2621 3107 2763 3163; x_wconf 90' lang='lat' dir='ltr'><strong>cinis</strong></span> <span class='ocrx_word' id='word_1_550' title='bbox 2810 3109 2902 3163; x_wconf 82' lang='lat' dir='ltr'><strong>ille</strong></span> <span class='ocrx_word' id='word_1_551' title='bbox 2946 3107 3280 3163; x_wconf 85' lang='lat' dir='ltr'><strong>miserabilis</strong></span> <span class='ocrx_word' id='word_1_552' title='bbox 3326 3106 3616 3168; x_wconf 80' lang='lat' dir='ltr'><strong>viviticari,</strong></span> 
     </span>
    </p>
   </div>
   <div class='ocr_carea' id='block_1_75' title="bbox 2039 3197 3617 3271">
    <p class='ocr_par' dir='ltr' id='par_1_75' title="bbox 2039 3197 3617 3271">
     <span class='ocr_line' id='line_1_75' title="bbox 2039 3197 3617 3271; baseline -0.003 -16"><span class='ocrx_word' id='word_1_553' title='bbox 2039 3201 2296 3266; x_wconf 88' lang='lat' dir='ltr'><strong>animari,</strong></span> <span class='ocrx_word' id='word_1_554' title='bbox 2347 3200 2667 3271; x_wconf 80' lang='lat' dir='ltr'><strong>integerquc</strong></span> <span class='ocrx_word' id='word_1_555' title='bbox 2697 3207 2753 3255; x_wconf 90' lang='lat' dir='ltr'><strong>et</strong></span> <span class='ocrx_word' id='word_1_556' title='bbox 2785 3200 3000 3255; x_wconf 88' lang='lat' dir='ltr'><strong>solidus</strong></span> <span class='ocrx_word' id='word_1_557' title='bbox 3044 3200 3213 3254; x_wconf 90' lang='lat' dir='ltr'><strong>homo</strong></span> <span class='ocrx_word' id='word_1_558' title='bbox 3241 3197 3381 3254; x_wconf 75' lang='lat' dir='ltr'><strong>emci</strong></span> <span class='ocrx_word' id='word_1_559' title='bbox 3426 3205 3617 3267; x_wconf 88' lang='lat' dir='ltr'><strong>queat.</strong></span> 
     </span>
    </p>
   </div>
   <div class='ocr_carea' id='block_1_76' title="bbox 2037 3290 3618 3362">
    <p class='ocr_par' dir='ltr' id='par_1_76' title="bbox 2037 3290 3618 3362">
     <span class='ocr_line' id='line_1_76' title="bbox 2037 3290 3618 3362; baseline -0.003 -15"><span class='ocrx_word' id='word_1_560' title='bbox 2037 3293 2222 3347; x_wconf 86' lang='lat' dir='ltr'><strong>statim</strong></span> <span class='ocrx_word' id='word_1_561' title='bbox 2272 3294 2465 3348; x_wconf 88' lang='lat' dir='ltr'><strong>oculos</strong></span> <span class='ocrx_word' id='word_1_562' title='bbox 2490 3293 2558 3346; x_wconf 91' lang='lat' dir='ltr'><strong>ad</strong></span> <span class='ocrx_word' id='word_1_563' title='bbox 2593 3292 2830 3362; x_wconf 88' lang='lat' dir='ltr'><strong>teipsum</strong></span> <span class='ocrx_word' id='word_1_564' title='bbox 2870 3301 3047 3357; x_wconf 85' lang='lat' dir='ltr'><strong>verte,</strong></span> <span class='ocrx_word' id='word_1_565' title='bbox 3091 3290 3423 3360; x_wconf 84' lang='lat' dir='ltr'><strong>videbisque</strong></span> <span class='ocrx_word' id='word_1_566' title='bbox 3472 3290 3526 3343; x_wconf 92' lang='lat' dir='ltr'><strong>in</strong></span> <span class='ocrx_word' id='word_1_567' title='bbox 3565 3299 3618 3343; x_wconf 90' lang='lat' dir='ltr'><strong>te</strong></span> 
     </span>
    </p>
   </div>
   <div class='ocr_carea' id='block_1_77' title="bbox 2039 3384 3620 3454">
    <p class='ocr_par' dir='ltr' id='par_1_77' title="bbox 2039 3384 3620 3454">
     <span class='ocr_line' id='line_1_77' title="bbox 2039 3384 3620 3454; baseline -0.004 -15"><span class='ocrx_word' id='word_1_568' title='bbox 2039 3384 2333 3454; x_wconf 81' lang='lat' dir='ltr'><strong>imaginem</strong></span> <span class='ocrx_word' id='word_1_569' title='bbox 2384 3384 2678 3454; x_wconf 87' lang='lat' dir='ltr'><strong>quamdam</strong></span> <span class='ocrx_word' id='word_1_570' title='bbox 2722 3390 2971 3437; x_wconf 57' lang='lat' dir='ltr'><strong>ventura</strong></span> <span class='ocrx_word' id='word_1_571' title='bbox 3018 3395 3314 3451; x_wconf 87' lang='lat' dir='ltr'><strong>corporum</strong></span> <span class='ocrx_word' id='word_1_572' title='bbox 3370 3394 3620 3434; x_wconf 88' lang='lat' dir='ltr'><strong>resurre-</strong></span> 
     </span>
    </p>
   </div>
   <div class='ocr_carea' id='block_1_78' title="bbox 2037 3472 3620 3545">
    <p class='ocr_par' dir='ltr' id='par_1_78' title="bbox 2037 3472 3620 3545">
     <span class='ocr_line' id='line_1_78' title="bbox 2037 3472 3620 3545; baseline -0.003 -16"><span class='ocrx_word' id='word_1_573' title='bbox 2037 3475 2238 3529; x_wconf 90' lang='lat' dir='ltr'><strong>ctionis</strong></span> <span class='ocrx_word' id='word_1_574' title='bbox 2273 3474 2385 3545; x_wconf 87' lang='lat' dir='ltr'><strong>jam</strong></span> <span class='ocrx_word' id='word_1_575' title='bbox 2413 3475 2780 3543; x_wconf 58' lang='lat' dir='ltr'><strong>praeessisse.</strong></span> <span class='ocrx_word' id='word_1_576' title='bbox 2800 3472 2957 3529; x_wconf 89' lang='lat' dir='ltr'><strong>Unde</strong></span> <span class='ocrx_word' id='word_1_577' title='bbox 2986 3472 3158 3535; x_wconf 92' lang='lat' dir='ltr'><strong>enim,</strong></span> <span class='ocrx_word' id='word_1_578' title='bbox 3195 3473 3355 3535; x_wconf 88' lang='lat' dir='ltr'><strong>cedo,</strong></span> <span class='ocrx_word' id='word_1_579' title='bbox 3386 3479 3445 3525; x_wconf 88' lang='lat' dir='ltr'><strong>tu</strong></span> <span class='ocrx_word' id='word_1_580' title='bbox 3493 3485 3620 3525; x_wconf 91' lang='lat' dir='ltr'><strong>sur-</strong></span> 
     </span>
    </p>
   </div>
   <div class='ocr_carea' id='block_1_79' title="bbox 2037 3562 3617 3634">
    <p class='ocr_par' dir='ltr' id='par_1_79' title="bbox 2037 3562 3617 3634">
     <span class='ocr_line' id='line_1_79' title="bbox 2037 3562 3617 3634; baseline -0.004 -13"><span class='ocrx_word' id='word_1_581' title='bbox 2037 3566 2250 3629; x_wconf 81' lang='lat' dir='ltr'><strong>rexisti,</strong></span> <span class='ocrx_word' id='word_1_582' title='bbox 2286 3574 2345 3619; x_wconf 90' lang='lat' dir='ltr'><strong>et</strong></span> <span class='ocrx_word' id='word_1_583' title='bbox 2394 3566 2609 3634; x_wconf 74' lang='lat' dir='ltr'><strong>integer</strong></span> <span class='ocrx_word' id='word_1_584' title='bbox 2661 3566 2826 3619; x_wconf 85' lang='lat' dir='ltr'><strong>homo</strong></span> <span class='ocrx_word' id='word_1_585' title='bbox 2874 3564 3106 3618; x_wconf 79' lang='lat' dir='ltr'><strong>effectus</strong></span> <span class='ocrx_word' id='word_1_586' title='bbox 3157 3562 3263 3617; x_wconf 88' lang='lat' dir='ltr'><strong>es?</strong></span> <span class='ocrx_word' id='word_1_587' title='bbox 3313 3577 3498 3616; x_wconf 87' lang='lat' dir='ltr'><strong>nonne</strong></span> <span class='ocrx_word' id='word_1_588' title='bbox 3549 3577 3617 3616; x_wconf 78' lang='lat' dir='ltr'><strong>ex</strong></span> 
     </span>
    </p>
   </div>
   <div class='ocr_carea' id='block_1_80' title="bbox 2037 3654 3617 3726">
    <p class='ocr_par' dir='ltr' id='par_1_80' title="bbox 2037 3654 3617 3726">
     <span class='ocr_line' id='line_1_80' title="bbox 2037 3654 3617 3726; baseline -0.005 -14"><span class='ocrx_word' id='word_1_589' title='bbox 2037 3659 2153 3722; x_wconf 90' lang='lat' dir='ltr'><strong>vili,</strong></span> <span class='ocrx_word' id='word_1_590' title='bbox 2186 3657 2413 3712; x_wconf 84' lang='lat' dir='ltr'><strong>sordido</strong></span> <span class='ocrx_word' id='word_1_591' title='bbox 2443 3665 2499 3710; x_wconf 89' lang='lat' dir='ltr'><strong>et</strong></span> <span class='ocrx_word' id='word_1_592' title='bbox 2525 3656 2724 3726; x_wconf 82' lang='lat' dir='ltr'><strong>exiguo</strong></span> <span class='ocrx_word' id='word_1_593' title='bbox 2753 3656 2963 3711; x_wconf 87' lang='lat' dir='ltr'><strong>semine</strong></span> <span class='ocrx_word' id='word_1_594' title='bbox 3008 3654 3298 3718; x_wconf 82' lang='lat' dir='ltr'><strong>formatus,</strong></span> <span class='ocrx_word' id='word_1_595' title='bbox 3338 3668 3406 3707; x_wconf 77' lang='lat' dir='ltr'><strong>ex</strong></span> <span class='ocrx_word' id='word_1_596' title='bbox 3436 3660 3617 3714; x_wconf 87' lang='lat' dir='ltr'><strong>utero,</strong></span> 
     </span>
    </p>
   </div>
   <div class='ocr_carea' id='block_1_81' title="bbox 2038 3743 3625 3819">
    <p class='ocr_par' dir='ltr' id='par_1_81' title="bbox 2038 3743 3625 3819">
     <span class='ocr_line' id='line_1_81' title="bbox 2038 3743 3625 3819; baseline -0.005 -15"><span class='ocrx_word' id='word_1_597' title='bbox 2038 3759 2304 3819; x_wconf 87' lang='lat' dir='ltr'><strong>tanquam</strong></span> <span class='ocrx_word' id='word_1_598' title='bbox 2330 3764 2397 3803; x_wconf 81' lang='lat' dir='ltr'><strong>ex</strong></span> <span class='ocrx_word' id='word_1_599' title='bbox 2429 3749 2708 3818; x_wconf 88' lang='lat' dir='ltr'><strong>sepulcro,</strong></span> <span class='ocrx_word' id='word_1_600' title='bbox 2734 3748 2941 3802; x_wconf 90' lang='lat' dir='ltr'><strong>virtute</strong></span> <span class='ocrx_word' id='word_1_601' title='bbox 2978 3747 3096 3809; x_wconf 89' lang='lat' dir='ltr'><strong>Dei,</strong></span> <span class='ocrx_word' id='word_1_602' title='bbox 3126 3745 3380 3813; x_wconf 84' lang='lat' dir='ltr'><strong>prodiisti</strong></span> <span class='ocrx_word' id='word_1_603' title='bbox 3402 3745 3425 3797; x_wconf 85' lang='lat'><strong>?</strong></span> <span class='ocrx_word' id='word_1_604' title='bbox 3447 3743 3625 3799; x_wconf 51' lang='lat' dir='ltr'><strong>Caetca</strong></span> 
     </span>
    </p>
   </div>
   <div class='ocr_carea' id='block_1_82' title="bbox 2036 3837 3624 3905">
    <p class='ocr_par' dir='ltr' id='par_1_82' title="bbox 2036 3837 3624 3905">
     <span class='ocr_line' id='line_1_82' title="bbox 2036 3837 3624 3905; baseline -0.003 -11"><span class='ocrx_word' id='word_1_605' title='bbox 2036 3856 2181 3903; x_wconf 90' lang='lat' dir='ltr'><strong>rum,</strong></span> <span class='ocrx_word' id='word_1_606' title='bbox 2211 3840 2256 3894; x_wconf 90' lang='lat' dir='ltr'><strong>si</strong></span> <span class='ocrx_word' id='word_1_607' title='bbox 2288 3848 2340 3893; x_wconf 90' lang='lat' dir='ltr'><strong>te</strong></span> <span class='ocrx_word' id='word_1_608' title='bbox 2365 3854 2395 3893; x_wconf 89' lang='lat' dir='ltr'><strong>a</strong></span> <span class='ocrx_word' id='word_1_609' title='bbox 2436 3839 2542 3894; x_wconf 84' lang='lat' dir='ltr'><strong>ﬁde</strong></span> <span class='ocrx_word' id='word_1_610' title='bbox 2566 3844 2623 3893; x_wconf 90' lang='lat' dir='ltr'><strong>et</strong></span> <span class='ocrx_word' id='word_1_611' title='bbox 2644 3839 2714 3893; x_wconf 87' lang='lat' dir='ltr'><strong>ab</strong></span> <span class='ocrx_word' id='word_1_612' title='bbox 2742 3852 2964 3893; x_wconf 83' lang='lat' dir='ltr'><strong>assensu</strong></span> <span class='ocrx_word' id='word_1_613' title='bbox 2998 3837 3225 3891; x_wconf 86' lang='lat' dir='ltr'><strong>abducit</strong></span> <span class='ocrx_word' id='word_1_614' title='bbox 3251 3837 3396 3905; x_wconf 87' lang='lat' dir='ltr'><strong>quod</strong></span> <span class='ocrx_word' id='word_1_615' title='bbox 3438 3837 3624 3905; x_wconf 74' lang='lat' dir='ltr'><strong>pulvis</strong></span> 
     </span>
    </p>
   </div>
   <div class='ocr_carea' id='block_1_83' title="bbox 2034 3927 3616 4000">
    <p class='ocr_par' dir='ltr' id='par_1_83' title="bbox 2034 3927 3616 4000">
     <span class='ocr_line' id='line_1_83' title="bbox 2034 3927 3616 4000; baseline -0.004 -14"><span class='ocrx_word' id='word_1_616' title='bbox 2034 3932 2107 3987; x_wconf 90' lang='lat' dir='ltr'><strong>sit</strong></span> <span class='ocrx_word' id='word_1_617' title='bbox 2140 3930 2431 3994; x_wconf 77' lang='lat' dir='ltr'><strong>exanimis,</strong></span> <span class='ocrx_word' id='word_1_618' title='bbox 2465 3929 2795 4000; x_wconf 89' lang='lat' dir='ltr'><strong>dictitesque</strong></span> <span class='ocrx_word' id='word_1_619' title='bbox 2827 3946 2841 3982; x_wconf 89' lang='lat'><strong>:</strong></span> <span class='ocrx_word' id='word_1_620' title='bbox 2881 3928 3169 3995; x_wconf 81' lang='lat' dir='ltr'><strong>Quomodo</strong></span> <span class='ocrx_word' id='word_1_621' title='bbox 3212 3927 3265 3982; x_wconf 91' lang='lat' dir='ltr'><strong>id</strong></span> <span class='ocrx_word' id='word_1_622' title='bbox 3301 3929 3445 3997; x_wconf 87' lang='lat' dir='ltr'><strong>quod</strong></span> <span class='ocrx_word' id='word_1_623' title='bbox 3485 3942 3616 3980; x_wconf 81' lang='lat' dir='ltr'><strong>exa-</strong></span> 
     </span>
    </p>
   </div>
   <div class='ocr_carea' id='block_1_84' title="bbox 2021 4016 3623 4095">
    <p class='ocr_par' dir='ltr' id='par_1_84' title="bbox 2021 4016 3623 4095">
     <span class='ocr_line' id='line_1_84' title="bbox 2021 4016 3623 4095; baseline -0.004 -19"><span class='ocrx_word' id='word_1_624' title='bbox 2021 4024 2182 4076; x_wconf 67' lang='lat' dir='ltr'><strong>nime</strong></span> <span class='ocrx_word' id='word_1_625' title='bbox 2230 4030 2327 4095; x_wconf 78' lang='lat' dir='ltr'><strong>est</strong></span> <span class='ocrx_word' id='word_1_626' title='bbox 2366 4021 2626 4091; x_wconf 85' lang='lat' dir='ltr'><strong>producit</strong></span> <span class='ocrx_word' id='word_1_627' title='bbox 2658 4020 2711 4074; x_wconf 91' lang='lat' dir='ltr'><strong>id</strong></span> <span class='ocrx_word' id='word_1_628' title='bbox 2744 4019 2893 4090; x_wconf 92' lang='lat' dir='ltr'><strong>quod</strong></span> <span class='ocrx_word' id='word_1_629' title='bbox 2952 4020 3135 4073; x_wconf 86' lang='lat' dir='ltr'><strong>anima</strong></span> <span class='ocrx_word' id='word_1_630' title='bbox 3176 4018 3471 4088; x_wconf 81' lang='lat' dir='ltr'><strong>praeditum</strong></span> <span class='ocrx_word' id='word_1_631' title='bbox 3500 4016 3623 4072; x_wconf 76' lang='lat' dir='ltr'><strong>est?</strong></span> 
     </span>
    </p>
   </div>
   <div class='ocr_carea' id='block_1_85' title="bbox 2035 4109 3618 4181">
    <p class='ocr_par' dir='ltr' id='par_1_85' title="bbox 2035 4109 3618 4181">
     <span class='ocr_line' id='line_1_85' title="bbox 2035 4109 3618 4181; baseline -0.002 -14"><span class='ocrx_word' id='word_1_632' title='bbox 2035 4112 2081 4167; x_wconf 85' lang='lat' dir='ltr'><strong>si</strong></span> <span class='ocrx_word' id='word_1_633' title='bbox 2104 4111 2535 4181; x_wconf 87' lang='lat' dir='ltr'><strong>circumspicere</strong></span> <span class='ocrx_word' id='word_1_634' title='bbox 2572 4112 2732 4176; x_wconf 86' lang='lat' dir='ltr'><strong>velis,</strong></span> <span class='ocrx_word' id='word_1_635' title='bbox 2772 4113 2945 4167; x_wconf 80' lang='lat' dir='ltr'><strong>multa</strong></span> <span class='ocrx_word' id='word_1_636' title='bbox 2973 4127 3004 4165; x_wconf 86' lang='lat' dir='ltr'><strong>a</strong></span> <span class='ocrx_word' id='word_1_637' title='bbox 3035 4110 3259 4165; x_wconf 89' lang='lat' dir='ltr'><strong>condito</strong></span> <span class='ocrx_word' id='word_1_638' title='bbox 3291 4109 3498 4163; x_wconf 86' lang='lat' dir='ltr'><strong>mundo</strong></span> <span class='ocrx_word' id='word_1_639' title='bbox 3532 4122 3618 4164; x_wconf 90' lang='lat' dir='ltr'><strong>re-</strong></span> 
     </span>
    </p>
   </div>
   <div class='ocr_carea' id='block_1_86' title="bbox 2034 4200 3611 4275">
    <p class='ocr_par' dir='ltr' id='par_1_86' title="bbox 2034 4200 3611 4275">
     <span class='ocr_line' id='line_1_86' title="bbox 2034 4200 3611 4275; baseline -0.004 -15"><span class='ocrx_word' id='word_1_640' title='bbox 2034 4205 2398 4260; x_wconf 89' lang='lat' dir='ltr'><strong>surrectionis</strong></span> <span class='ocrx_word' id='word_1_641' title='bbox 2426 4215 2483 4259; x_wconf 92' lang='lat' dir='ltr'><strong>et</strong></span> <span class='ocrx_word' id='word_1_642' title='bbox 2510 4203 2947 4275; x_wconf 75' lang='lat' dir='ltr'><strong>regenerationis</strong></span> <span class='ocrx_word' id='word_1_643' title='bbox 2996 4203 3364 4259; x_wconf 82' lang='lat' dir='ltr'><strong>animatorum</strong></span> <span class='ocrx_word' id='word_1_644' title='bbox 3412 4217 3479 4255; x_wconf 77' lang='lat' dir='ltr'><strong>ex</strong></span> <span class='ocrx_word' id='word_1_645' title='bbox 3525 4200 3611 4254; x_wconf 86' lang='lat' dir='ltr'><strong>in-</strong></span> 
     </span>
    </p>
   </div>
   <div class='ocr_carea' id='block_1_87' title="bbox 2033 4287 3617 4365">
    <p class='ocr_par' dir='ltr' id='par_1_87' title="bbox 2033 4287 3617 4365">
     <span class='ocr_line' id='line_1_87' title="bbox 2033 4287 3617 4365; baseline -0.004 -16"><span class='ocrx_word' id='word_1_646' title='bbox 2033 4287 2289 4351; x_wconf 86' lang='lat' dir='ltr'><strong>animatis</strong></span> <span class='ocrx_word' id='word_1_647' title='bbox 2326 4296 2576 4365; x_wconf 75' lang='lat' dir='ltr'><strong>exempla</strong></span> <span class='ocrx_word' id='word_1_648' title='bbox 2602 4294 2865 4364; x_wconf 83' lang='lat' dir='ltr'><strong>reperies.</strong></span> <span class='ocrx_word' id='word_1_649' title='bbox 2908 4293 2999 4347; x_wconf 90' lang='lat' dir='ltr'><strong>Sol</strong></span> <span class='ocrx_word' id='word_1_650' title='bbox 3029 4293 3366 4348; x_wconf 80' lang='lat' dir='ltr'><strong>inanimatus</strong></span> <span class='ocrx_word' id='word_1_651' title='bbox 3409 4298 3517 4354; x_wconf 85' lang='lat' dir='ltr'><strong>est,</strong></span> <span class='ocrx_word' id='word_1_652' title='bbox 3559 4296 3617 4349; x_wconf 82' lang='lat' dir='ltr'><strong>et</strong></span> 
     </span>
    </p>
   </div>
   <div class='ocr_carea' id='block_1_88' title="bbox 2035 4386 3621 4458">
    <p class='ocr_par' dir='ltr' id='par_1_88' title="bbox 2035 4386 3621 4458">
     <span class='ocr_line' id='line_1_88' title="bbox 2035 4386 3621 4458; baseline -0.004 -15"><span class='ocrx_word' id='word_1_653' title='bbox 2035 4397 2216 4444; x_wconf 86' lang='lat' dir='ltr'><strong>tamen</strong></span> <span class='ocrx_word' id='word_1_654' title='bbox 2264 4389 2333 4443; x_wconf 87' lang='lat' dir='ltr'><strong>ab</strong></span> <span class='ocrx_word' id='word_1_655' title='bbox 2376 4389 2496 4457; x_wconf 90' lang='lat' dir='ltr'><strong>ipso</strong></span> <span class='ocrx_word' id='word_1_656' title='bbox 2544 4389 2811 4458; x_wconf 89' lang='lat' dir='ltr'><strong>procedit,</strong></span> <span class='ocrx_word' id='word_1_657' title='bbox 2866 4396 2928 4442; x_wconf 89' lang='lat' dir='ltr'><strong>ut</strong></span> <span class='ocrx_word' id='word_1_658' title='bbox 2968 4386 3170 4456; x_wconf 79' lang='lat' dir='ltr'><strong>saepius</strong></span> <span class='ocrx_word' id='word_1_659' title='bbox 3219 4386 3452 4449; x_wconf 79' lang='lat' dir='ltr'><strong>dictum,</strong></span> <span class='ocrx_word' id='word_1_660' title='bbox 3500 4399 3621 4438; x_wconf 59' lang='lat' dir='ltr'><strong>om~</strong></span> 
     </span>
    </p>
   </div>
   <div class='ocr_carea' id='block_1_89' title="bbox 346 4476 1936 4558">
    <p class='ocr_par' dir='ltr' id='par_1_89' title="bbox 346 4483 1926 4558">
     <span class='ocr_line' id='line_1_89' title="bbox 346 4483 1926 4558; baseline 0.004 -23"><span class='ocrx_word' id='word_1_661' title='bbox 346 4483 459 4535; x_wconf 80' lang='grc' dir='ltr'><strong>τῶν</strong></span> <span class='ocrx_word' id='word_1_662' title='bbox 486 4484 580 4537; x_wconf 72' lang='grc' dir='ltr'><strong>καὶ</strong></span> <span class='ocrx_word' id='word_1_663' title='bbox 612 4484 829 4553; x_wconf 77' lang='grc' dir='ltr'>γέγονε,</span> <span class='ocrx_word' id='word_1_664' title='bbox 861 4487 955 4543; x_wconf 76' lang='grc' dir='ltr'><strong>καὶ</strong></span> <span class='ocrx_word' id='word_1_665' title='bbox 984 4488 1196 4557; x_wconf 84' lang='grc' dir='ltr'>γίνεται</span> <span class='ocrx_word' id='word_1_666' title='bbox 1223 4487 1329 4551; x_wconf 77' lang='grc' dir='ltr'><strong>ἕως</strong></span> <span class='ocrx_word' id='word_1_667' title='bbox 1357 4488 1455 4541; x_wconf 90' lang='grc' dir='ltr'><strong>νῦν</strong></span> <span class='ocrx_word' id='word_1_668' title='bbox 1483 4487 1744 4558; x_wconf 72' lang='grc' dir='ltr'>ἐμψύχων</span> <span class='ocrx_word' id='word_1_669' title='bbox 1772 4487 1926 4552; x_wconf 77' lang='grc' dir='ltr'>ζώων</span> 
     </span>
    </p>
   </div>
   <div class='ocr_carea' id='block_1_90' title="bbox 2037 4476 3617 4558">
    <p class='ocr_par' dir='ltr' id='par_1_90' title="bbox 2037 4476 3617 4550">
     <span class='ocr_line' id='line_1_90' title="bbox 2037 4476 3617 4550; baseline -0.001 -15"><span class='ocrx_word' id='word_1_670' title='bbox 2037 4481 2188 4535; x_wconf 90' lang='lat' dir='ltr'><strong>nium</strong></span> <span class='ocrx_word' id='word_1_671' title='bbox 2245 4496 2540 4550; x_wconf 87' lang='lat' dir='ltr'><strong>corporum</strong></span> <span class='ocrx_word' id='word_1_672' title='bbox 2597 4482 2838 4535; x_wconf 86' lang='lat' dir='ltr'><strong>animata</strong></span> <span class='ocrx_word' id='word_1_673' title='bbox 2896 4476 3104 4534; x_wconf 68' lang='lat' dir='ltr'><strong>motio.</strong></span> <span class='ocrx_word' id='word_1_674' title='bbox 3158 4478 3436 4533; x_wconf 84' lang='lat' dir='ltr'><strong>lnanimes</strong></span> <span class='ocrx_word' id='word_1_675' title='bbox 3488 4485 3617 4533; x_wconf 85' lang='lat' dir='ltr'><strong>sunt</strong></span> 
     </span>
    </p>
   </div>
   <div class='ocr_carea' id='block_1_91' title="bbox 344 4574 1924 4648">
    <p class='ocr_par' dir='ltr' id='par_1_91' title="bbox 344 4574 1924 4648">
     <span class='ocr_line' id='line_1_91' title="bbox 344 4574 1924 4648; baseline 0.004 -23"><span class='ocrx_word' id='word_1_676' title='bbox 344 4574 624 4645; x_wconf 80' lang='grc' dir='ltr'>γέννησις,</span> <span class='ocrx_word' id='word_1_677' title='bbox 661 4576 758 4629; x_wconf 82' lang='grc' dir='ltr'><strong>καὶ</strong></span> <span class='ocrx_word' id='word_1_678' title='bbox 787 4576 1051 4630; x_wconf 86' lang='grc' dir='ltr'>πετεινῶν</span> <span class='ocrx_word' id='word_1_679' title='bbox 1079 4578 1396 4648; x_wconf 82' lang='grc' dir='ltr'>ἀνάπτησις</span> <span class='ocrx_word' id='word_1_680' title='bbox 1453 4578 1548 4632; x_wconf 74' lang='grc' dir='ltr'>καὶ</span> <span class='ocrx_word' id='word_1_681' title='bbox 1604 4579 1924 4642; x_wconf 77' lang='grc' dir='ltr'>ἀνάστασις.</span> 
     </span>
    </p>
   </div>
   <div class='ocr_carea' id='block_1_92' title="bbox 350 4662 1927 4739">
    <p class='ocr_par' dir='ltr' id='par_1_92' title="bbox 350 4662 1927 4739">
     <span class='ocr_line' id='line_1_92' title="bbox 350 4662 1927 4739; baseline 0.006 -24"><span class='ocrx_word' id='word_1_682' title='bbox 350 4662 588 4734; x_wconf 74' lang='grc' dir='ltr'>Ἀψυχός</span> <span class='ocrx_word' id='word_1_683' title='bbox 624 4667 772 4718; x_wconf 75' lang='grc' dir='ltr'>ἐστιν</span> <span class='ocrx_word' id='word_1_684' title='bbox 798 4669 831 4736; x_wconf 87' lang='grc' dir='ltr'><strong>ἡ</strong></span> <span class='ocrx_word' id='word_1_685' title='bbox 863 4668 956 4737; x_wconf 85' lang='grc' dir='ltr'><strong>γῆ,</strong></span> <span class='ocrx_word' id='word_1_686' title='bbox 1000 4667 1115 4721; x_wconf 84' lang='grc' dir='ltr'>ἀλλ’</span> <span class='ocrx_word' id='word_1_687' title='bbox 1163 4668 1224 4733; x_wconf 75' lang='grc' dir='ltr'>ἐξ</span> <span class='ocrx_word' id='word_1_688' title='bbox 1267 4670 1435 4739; x_wconf 84' lang='grc' dir='ltr'>αὐτῆς</span> <span class='ocrx_word' id='word_1_689' title='bbox 1473 4670 1661 4738; x_wconf 77' lang='grc' dir='ltr'>γέγονε</span> <span class='ocrx_word' id='word_1_690' title='bbox 1707 4671 1927 4725; x_wconf 82' lang='grc' dir='ltr'>πάντων</span> 
     </span>
    </p>
   </div>
   <div class='ocr_carea' id='block_1_93' title="bbox 346 4754 1929 4834">
    <p class='ocr_par' dir='ltr' id='par_1_93' title="bbox 346 4754 1929 4834">
     <span class='ocr_line' id='line_1_93' title="bbox 346 4754 1929 4834; baseline 0.006 -27"><span class='ocrx_word' id='word_1_691' title='bbox 346 4754 606 4825; x_wconf 69' lang='grc' dir='ltr'>ἐμψύχων</span> <span class='ocrx_word' id='word_1_692' title='bbox 632 4757 847 4826; x_wconf 84' lang='grc' dir='ltr'>κτηνῶν</span> <span class='ocrx_word' id='word_1_693' title='bbox 896 4762 987 4811; x_wconf 71' lang='grc' dir='ltr'><strong>καὶ</strong></span> <span class='ocrx_word' id='word_1_694' title='bbox 1019 4760 1265 4831; x_wconf 76' lang='grc' dir='ltr'>ἑρπετῶν</span> <span class='ocrx_word' id='word_1_695' title='bbox 1286 4764 1318 4832; x_wconf 89' lang='grc' dir='ltr'><strong>ή</strong></span> <span class='ocrx_word' id='word_1_696' title='bbox 1346 4761 1664 4825; x_wconf 80' lang='grc' dir='ltr'>ἀνάστασις.</span> <span class='ocrx_word' id='word_1_697' title='bbox 1688 4762 1929 4834; x_wconf 77' lang='grc' dir='ltr'>Ἀψυχός</span> 
     </span>
    </p>
   </div>
   <div class='ocr_carea' id='block_1_94' title="bbox 347 4847 1924 4923">
    <p class='ocr_par' dir='ltr' id='par_1_94' title="bbox 347 4847 1924 4923">
     <span class='ocr_line' id='line_1_94' title="bbox 347 4847 1924 4923; baseline 0.005 -26"><span class='ocrx_word' id='word_1_698' title='bbox 347 4847 463 4900; x_wconf 76' lang='grc' dir='ltr'>ἔστι</span> <span class='ocrx_word' id='word_1_699' title='bbox 496 4848 524 4899; x_wconf 82' lang='grc' dir='ltr'><strong><em>ὁ</em></strong></span> <span class='ocrx_word' id='word_1_700' title='bbox 557 4847 689 4918; x_wconf 77' lang='grc' dir='ltr'>ἀὴρ,</span> <span class='ocrx_word' id='word_1_701' title='bbox 716 4848 854 4902; x_wconf 76' lang='grc' dir='ltr'>ἀ).λά</span> <span class='ocrx_word' id='word_1_702' title='bbox 888 4851 1053 4920; x_wconf 85' lang='grc' dir='ltr'>μέχρι</span> <span class='ocrx_word' id='word_1_703' title='bbox 1081 4849 1175 4903; x_wconf 87' lang='grc' dir='ltr'><strong>νῦν</strong></span> <span class='ocrx_word' id='word_1_704' title='bbox 1191 4851 1364 4905; x_wconf 84' lang='grc' dir='ltr'>τίκτει</span> <span class='ocrx_word' id='word_1_705' title='bbox 1392 4851 1639 4923; x_wconf 73' lang='grc' dir='ltr'>ἔμψυχον</span> <span class='ocrx_word' id='word_1_706' title='bbox 1664 4852 1924 4923; x_wconf 80' lang='grc' dir='ltr'>ξωΰιριον,</span> 
     </span>
    </p>
   </div>
   <div class='ocr_carea' id='block_1_95' title="bbox 345 4937 1931 5014">
    <p class='ocr_par' dir='ltr' id='par_1_95' title="bbox 345 4937 1931 5014">
     <span class='ocr_line' id='line_1_95' title="bbox 345 4937 1931 5014; baseline 0.006 -27"><span class='ocrx_word' id='word_1_707' title='bbox 345 4937 610 4989; x_wconf 81' lang='grc' dir='ltr'>πετεινῶν</span> <span class='ocrx_word' id='word_1_708' title='bbox 634 4938 951 4995; x_wconf 81' lang='grc' dir='ltr'>ἀνάστασιν.</span> <span class='ocrx_word' id='word_1_709' title='bbox 969 4941 1168 4995; x_wconf 80' lang='grc' dir='ltr'>Λοιπὸν</span> <span class='ocrx_word' id='word_1_710' title='bbox 1200 4941 1334 5011; x_wconf 59' lang='grc' dir='ltr'>πρὸς</span> <span class='ocrx_word' id='word_1_711' title='bbox 1364 4942 1463 5005; x_wconf 76' lang='grc' dir='ltr'>τὰς</span> <span class='ocrx_word' id='word_1_712' title='bbox 1489 4941 1797 5014; x_wconf 83' lang='grc' dir='ltr'>τ[οι]αύτας</span> <span class='ocrx_word' id='word_1_713' title='bbox 1829 4943 1931 4997; x_wconf 85' lang='grc' dir='ltr'>πά-</span> 
     </span>
    </p>
   </div>
   <div class='ocr_carea' id='block_1_96' title="bbox 345 5027 1926 5104">
    <p class='ocr_par' dir='ltr' id='par_1_96' title="bbox 345 5027 1926 5104">
     <span class='ocr_line' id='line_1_96' title="bbox 345 5027 1926 5104; baseline -0.001 -16"><span class='ocrx_word' id='word_1_714' title='bbox 345 5042 448 5088; x_wconf 82' lang='grc' dir='ltr'>σας</span> <span class='ocrx_word' id='word_1_715' title='bbox 473 5027 572 5092; x_wconf 83' lang='grc' dir='ltr'>τὰς</span> <span class='ocrx_word' id='word_1_716' title='bbox 603 5030 660 5096; x_wconf 76' lang='grc' dir='ltr'><strong>ἐξ</strong></span> <span class='ocrx_word' id='word_1_717' title='bbox 682 5029 910 5101; x_wconf 68' lang='grc' dir='ltr'>ἀψύχων</span> <span class='ocrx_word' id='word_1_718' title='bbox 931 5032 1212 5104; x_wconf 70' lang='grc' dir='ltr'>ἐμψύχους</span> <span class='ocrx_word' id='word_1_719' title='bbox 1228 5036 1554 5099; x_wconf 81' lang='grc' dir='ltr'>ἀναστάσεις</span> <span class='ocrx_word' id='word_1_720' title='bbox 1578 5036 1926 5102; x_wconf 75' lang='grc' dir='ltr'>ἀποϐλέπων,</span> 
     </span>
    </p>
   </div>
   <div class='ocr_carea' id='block_1_97' title="bbox 342 5118 1927 5201">
    <p class='ocr_par' dir='ltr' id='par_1_97' title="bbox 342 5118 1927 5201">
     <span class='ocr_line' id='line_1_97' title="bbox 342 5118 1927 5201; baseline 0.007 -29"><span class='ocrx_word' id='word_1_721' title='bbox 342 5118 570 5173; x_wconf 83' lang='grc' dir='ltr'>πίστευε</span> <span class='ocrx_word' id='word_1_722' title='bbox 598 5119 830 5193; x_wconf 80' lang='grc' dir='ltr'>δυνάμει</span> <span class='ocrx_word' id='word_1_723' title='bbox 866 5126 1003 5197; x_wconf 84' lang='grc' dir='ltr'>μόνῃ</span> <span class='ocrx_word' id='word_1_724' title='bbox 1053 5125 1211 5189; x_wconf 81' lang='grc' dir='ltr'>Θεοῦ,</span> <span class='ocrx_word' id='word_1_725' title='bbox 1273 5129 1368 5180; x_wconf 74' lang='grc' dir='ltr'><strong>καὶ</strong></span> <span class='ocrx_word' id='word_1_726' title='bbox 1420 5128 1519 5197; x_wconf 80' lang='grc' dir='ltr'>τῆς</span> <span class='ocrx_word' id='word_1_727' title='bbox 1568 5129 1675 5197; x_wconf 84' lang='grc' dir='ltr'><strong>γῆς</strong></span> <span class='ocrx_word' id='word_1_728' title='bbox 1716 5128 1927 5201; x_wconf 79' lang='grc' dir='ltr'>ἀψύχου</span> 
     </span>
    </p>
   </div>
   <div class='ocr_carea' id='block_1_98' title="bbox 342 5212 1926 5290">
    <p class='ocr_par' dir='ltr' id='par_1_98' title="bbox 342 5212 1926 5290">
     <span class='ocr_line' id='line_1_98' title="bbox 342 5212 1926 5290; baseline 0.006 -25"><span class='ocrx_word' id='word_1_729' title='bbox 342 5212 569 5277; x_wconf 84' lang='grc' dir='ltr'>κόνεως,</span> <span class='ocrx_word' id='word_1_730' title='bbox 606 5214 700 5267; x_wconf 75' lang='grc' dir='ltr'><strong>καὶ</strong></span> <span class='ocrx_word' id='word_1_731' title='bbox 719 5215 934 5285; x_wconf 69' lang='grc' dir='ltr'>σαρκὸς</span> <span class='ocrx_word' id='word_1_732' title='bbox 973 5215 1217 5286; x_wconf 77' lang='grc' dir='ltr'>ἔμψυχον</span> <span class='ocrx_word' id='word_1_733' title='bbox 1249 5217 1500 5285; x_wconf 83' lang='grc' dir='ltr'>γίνεσθαι</span> <span class='ocrx_word' id='word_1_734' title='bbox 1548 5220 1648 5290; x_wconf 76' lang='grc' dir='ltr'><strong>την</strong></span> <span class='ocrx_word' id='word_1_735' title='bbox 1689 5220 1926 5275; x_wconf 82' lang='grc' dir='ltr'>ἀνάστα-</span> 
     </span>
    </p>
   </div>
   <div class='ocr_carea' id='block_1_99' title="bbox 344 5305 1923 5383">
    <p class='ocr_par' dir='ltr' id='par_1_99' title="bbox 344 5305 1923 5383">
     <span class='ocr_line' id='line_1_99' title="bbox 344 5305 1923 5383; baseline 0.006 -27"><span class='ocrx_word' id='word_1_736' title='bbox 344 5320 454 5358; x_wconf 88' lang='grc' dir='ltr'>σιν.</span> <span class='ocrx_word' id='word_1_737' title='bbox 493 5305 554 5359; x_wconf 82' lang='lat'><strong>&#39;0</strong></span> <span class='ocrx_word' id='word_1_738' title='bbox 585 5308 694 5377; x_wconf 68' lang='grc' dir='ltr'>γὰρ</span> <span class='ocrx_word' id='word_1_739' title='bbox 744 5306 1019 5381; x_wconf 81' lang='grc' dir='ltr'>βουλήσει,</span> <span class='ocrx_word' id='word_1_740' title='bbox 1055 5311 1155 5361; x_wconf 78' lang='grc' dir='ltr'><strong>καὶ</strong></span> <span class='ocrx_word' id='word_1_741' title='bbox 1212 5308 1354 5380; x_wconf 73' lang='grc' dir='ltr'>ὶόγῳ</span> <span class='ocrx_word' id='word_1_742' title='bbox 1408 5311 1574 5381; x_wconf 83' lang='grc' dir='ltr'>μόνῳ,</span> <span class='ocrx_word' id='word_1_743' title='bbox 1614 5314 1679 5363; x_wconf 83' lang='grc' dir='ltr'>ἐκ</span> <span class='ocrx_word' id='word_1_744' title='bbox 1718 5311 1814 5365; x_wconf 86' lang='grc' dir='ltr'><strong>τοῦ</strong></span> <span class='ocrx_word' id='word_1_745' title='bbox 1848 5314 1923 5383; x_wconf 80' lang='grc' dir='ltr'>μὴ</span> 
     </span>
    </p>
   </div>
   <div class='ocr_carea' id='block_1_100' title="bbox 340 5397 1924 5473">
    <p class='ocr_par' dir='ltr' id='par_1_100' title="bbox 340 5397 1924 5473">
     <span class='ocr_line' id='line_1_100' title="bbox 340 5397 1924 5473; baseline 0.004 -23"><span class='ocrx_word' id='word_1_746' title='bbox 340 5398 500 5460; x_wconf 70' lang='grc' dir='ltr'>ὄντος</span> <span class='ocrx_word' id='word_1_747' title='bbox 527 5400 608 5462; x_wconf 84' lang='grc' dir='ltr'><strong>είς</strong></span> <span class='ocrx_word' id='word_1_748' title='bbox 637 5400 699 5452; x_wconf 83' lang='grc' dir='ltr'>τὸ</span> <span class='ocrx_word' id='word_1_749' title='bbox 724 5397 863 5454; x_wconf 76' lang='grc' dir='ltr'>εἶναι</span> <span class='ocrx_word' id='word_1_750' title='bbox 891 5401 1302 5473; x_wconf 77' lang='grc' dir='ltr'>συστησάμενος</span> <span class='ocrx_word' id='word_1_751' title='bbox 1328 5404 1427 5464; x_wconf 67' lang='grc' dir='ltr'><strong>τὰς</strong></span> <span class='ocrx_word' id='word_1_752' title='bbox 1461 5403 1786 5471; x_wconf 76' lang='grc' dir='ltr'>ἀσωμάτους</span> <span class='ocrx_word' id='word_1_753' title='bbox 1814 5405 1924 5457; x_wconf 84' lang='grc' dir='ltr'><strong>τῶν</strong></span> 
     </span>
    </p>
   </div>
   <div class='ocr_carea' id='block_1_101' title="bbox 339 5478 1921 5565">
    <p class='ocr_par' dir='ltr' id='par_1_101' title="bbox 339 5478 1921 5565">
     <span class='ocr_line' id='line_1_101' title="bbox 339 5478 1921 5565; baseline 0.004 -22"><span class='ocrx_word' id='word_1_754' title='bbox 339 5490 597 5558; x_wconf 76' lang='grc' dir='ltr'>ἀγγέλων</span> <span class='ocrx_word' id='word_1_755' title='bbox 633 5478 915 5563; x_wconf 80' lang='grc' dir='ltr'>δυνάμεις,</span> <span class='ocrx_word' id='word_1_756' title='bbox 945 5495 1038 5557; x_wconf 72' lang='grc' dir='ltr'><strong>καὶ</strong></span> <span class='ocrx_word' id='word_1_757' title='bbox 1060 5495 1289 5565; x_wconf 72' lang='grc' dir='ltr'>οὐρανὸν</span> <span class='ocrx_word' id='word_1_758' title='bbox 1321 5493 1415 5547; x_wconf 76' lang='grc' dir='ltr'><strong>καὶ</strong></span> <span class='ocrx_word' id='word_1_759' title='bbox 1443 5493 1569 5563; x_wconf 80' lang='grc' dir='ltr'>γῆν,</span> <span class='ocrx_word' id='word_1_760' title='bbox 1598 5495 1696 5548; x_wconf 78' lang='grc' dir='ltr'>καὶ</span> <span class='ocrx_word' id='word_1_761' title='bbox 1724 5496 1921 5549; x_wconf 78' lang='grc' dir='ltr'>θάλατ-</span> 
     </span>
    </p>
   </div>
   <div class='ocr_carea' id='block_1_102' title="bbox 343 5582 1918 5667">
    <p class='ocr_par' dir='ltr' id='par_1_102' title="bbox 343 5582 1918 5667">
     <span class='ocr_line' id='line_1_102' title="bbox 343 5582 1918 5667; baseline 0.004 -33"><span class='ocrx_word' id='word_1_762' title='bbox 343 5598 466 5647; x_wconf 81' lang='grc' dir='ltr'>ταν,</span> <span class='ocrx_word' id='word_1_763' title='bbox 501 5582 597 5636; x_wconf 79' lang='grc' dir='ltr'>καὶ</span> <span class='ocrx_word' id='word_1_764' title='bbox 651 5585 830 5637; x_wconf 78' lang='grc' dir='ltr'>πᾶσαν</span> <span class='ocrx_word' id='word_1_765' title='bbox 868 5586 968 5657; x_wconf 73' lang='grc' dir='ltr'><strong>τὴν</strong></span> <span class='ocrx_word' id='word_1_766' title='bbox 1013 5587 1215 5667; x_wconf 75' lang='grc' dir='ltr'>ὁρατὴν</span> <span class='ocrx_word' id='word_1_767' title='bbox 1288 5587 1382 5646; x_wconf 70' lang='grc' dir='ltr'><strong>καὶ</strong></span> <span class='ocrx_word' id='word_1_768' title='bbox 1427 5586 1663 5661; x_wconf 80' lang='grc' dir='ltr'>ἀόρατον</span> <span class='ocrx_word' id='word_1_769' title='bbox 1719 5587 1918 5655; x_wconf 80' lang='grc' dir='ltr'>κτίσιν,</span> 
     </span>
    </p>
   </div>
   <div class='ocr_carea' id='block_1_103' title="bbox 419 5764 700 5833">
    <p class='ocr_par' dir='ltr' id='par_1_103' title="bbox 419 5764 700 5833">
     <span class='ocr_line' id='line_1_103' title="bbox 419 5764 700 5833; baseline 0 -11"><span class='ocrx_word' id='word_1_770' title='bbox 419 5773 444 5822; x_wconf 86' lang='lat'><strong>.&#39;</strong></span> <span class='ocrx_word' id='word_1_771' title='bbox 476 5764 700 5833; x_wconf 68' lang='grc' dir='ltr'>κόνεως.</span> 
     </span>
    </p>
   </div>
   <div class='ocr_carea' id='block_1_104' title="bbox 2032 4570 3620 4642">
    <p class='ocr_par' dir='ltr' id='par_1_104' title="bbox 2032 4570 3620 4642">
     <span class='ocr_line' id='line_1_104' title="bbox 2032 4570 3620 4642; baseline -0.004 -15"><span class='ocrx_word' id='word_1_772' title='bbox 2032 4589 2211 4642; x_wconf 63' lang='lat' dir='ltr'><strong>aqum,</strong></span> <span class='ocrx_word' id='word_1_773' title='bbox 2259 4581 2316 4628; x_wconf 92' lang='lat' dir='ltr'><strong>et</strong></span> <span class='ocrx_word' id='word_1_774' title='bbox 2357 4584 2541 4628; x_wconf 86' lang='lat' dir='ltr'><strong>tamen</strong></span> <span class='ocrx_word' id='word_1_775' title='bbox 2568 4588 2639 4628; x_wconf 76' lang='lat' dir='ltr'><strong>ex</strong></span> <span class='ocrx_word' id='word_1_776' title='bbox 2671 4574 2783 4628; x_wconf 88' lang='lat' dir='ltr'><strong>illis</strong></span> <span class='ocrx_word' id='word_1_777' title='bbox 2804 4582 2860 4628; x_wconf 89' lang='lat' dir='ltr'><strong>et</strong></span> <span class='ocrx_word' id='word_1_778' title='bbox 2885 4573 3040 4636; x_wconf 88' lang='lat' dir='ltr'><strong>olim,</strong></span> <span class='ocrx_word' id='word_1_779' title='bbox 3068 4579 3124 4626; x_wconf 89' lang='lat' dir='ltr'><strong>et</strong></span> <span class='ocrx_word' id='word_1_780' title='bbox 3149 4570 3452 4625; x_wconf 85' lang='lat' dir='ltr'><strong>etiamnum</strong></span> <span class='ocrx_word' id='word_1_781' title='bbox 3489 4578 3620 4629; x_wconf 79' lang='lat' dir='ltr'><strong>nata</strong></span> 
     </span>
    </p>
   </div>
   <div class='ocr_carea' id='block_1_105' title="bbox 2034 4662 3619 4727">
    <p class='ocr_par' dir='ltr' id='par_1_105' title="bbox 2034 4662 3619 4727">
     <span class='ocr_line' id='line_1_105' title="bbox 2034 4662 3619 4727; baseline -0.001 -8"><span class='ocrx_word' id='word_1_782' title='bbox 2034 4675 2166 4719; x_wconf 91' lang='lat' dir='ltr'><strong>sunt</strong></span> <span class='ocrx_word' id='word_1_783' title='bbox 2206 4675 2263 4719; x_wconf 92' lang='lat' dir='ltr'><strong>ct</strong></span> <span class='ocrx_word' id='word_1_784' title='bbox 2290 4676 2611 4720; x_wconf 82' lang='lat' dir='ltr'><strong>nascuntur</strong></span> <span class='ocrx_word' id='word_1_785' title='bbox 2650 4666 2803 4719; x_wconf 82' lang='lat' dir='ltr'><strong>varia</strong></span> <span class='ocrx_word' id='word_1_786' title='bbox 2847 4664 3127 4727; x_wconf 85' lang='lat' dir='ltr'><strong>animalia,</strong></span> <span class='ocrx_word' id='word_1_787' title='bbox 3176 4672 3232 4718; x_wconf 91' lang='lat' dir='ltr'><strong>ct</strong></span> <span class='ocrx_word' id='word_1_788' title='bbox 3263 4664 3519 4716; x_wconf 81' lang='lat' dir='ltr'><strong>volucres</strong></span> <span class='ocrx_word' id='word_1_789' title='bbox 3559 4662 3619 4717; x_wconf 85' lang='lat' dir='ltr'><strong>in</strong></span> 
     </span>
    </p>
   </div>
   <div class='ocr_carea' id='block_1_106' title="bbox 2035 4756 3615 4827">
    <p class='ocr_par' dir='ltr' id='par_1_106' title="bbox 2035 4756 3615 4827">
     <span class='ocr_line' id='line_1_106' title="bbox 2035 4756 3615 4827; baseline -0.003 -15"><span class='ocrx_word' id='word_1_790' title='bbox 2035 4759 2204 4813; x_wconf 85' lang='lat' dir='ltr'><strong>altum</strong></span> <span class='ocrx_word' id='word_1_791' title='bbox 2232 4759 2610 4823; x_wconf 74' lang='lat' dir='ltr'><strong>subrolantes,</strong></span> <span class='ocrx_word' id='word_1_792' title='bbox 2638 4766 2696 4813; x_wconf 91' lang='lat' dir='ltr'><strong>et</strong></span> <span class='ocrx_word' id='word_1_793' title='bbox 2717 4758 2875 4827; x_wconf 84' lang='lat' dir='ltr'><strong>quasi</strong></span> <span class='ocrx_word' id='word_1_794' title='bbox 2907 4766 3278 4826; x_wconf 80' lang='lat' dir='ltr'><strong>resurgentes.</strong></span> <span class='ocrx_word' id='word_1_795' title='bbox 3310 4756 3615 4810; x_wconf 84' lang='lat' dir='ltr'><strong>lnanimata</strong></span> 
     </span>
    </p>
   </div>
   <div class='ocr_carea' id='block_1_107' title="bbox 2032 4848 3615 4919">
    <p class='ocr_par' dir='ltr' id='par_1_107' title="bbox 2032 4848 3615 4919">
     <span class='ocr_line' id='line_1_107' title="bbox 2032 4848 3615 4919; baseline 0 -15"><span class='ocrx_word' id='word_1_796' title='bbox 2032 4859 2117 4904; x_wconf 88' lang='lat' dir='ltr'><strong>est</strong></span> <span class='ocrx_word' id='word_1_797' title='bbox 2141 4860 2305 4914; x_wconf 87' lang='lat' dir='ltr'><strong>terra,</strong></span> <span class='ocrx_word' id='word_1_798' title='bbox 2334 4860 2390 4905; x_wconf 89' lang='lat' dir='ltr'><strong>et</strong></span> <span class='ocrx_word' id='word_1_799' title='bbox 2415 4863 2597 4904; x_wconf 88' lang='lat' dir='ltr'><strong>tamen</strong></span> <span class='ocrx_word' id='word_1_800' title='bbox 2626 4867 2691 4905; x_wconf 81' lang='lat' dir='ltr'><strong>ex</strong></span> <span class='ocrx_word' id='word_1_801' title='bbox 2718 4851 2809 4905; x_wconf 88' lang='lat' dir='ltr'><strong>illa</strong></span> <span class='ocrx_word' id='word_1_802' title='bbox 2831 4850 3278 4919; x_wconf 83' lang='lat' dir='ltr'><strong>omniajumeuta</strong></span> <span class='ocrx_word' id='word_1_803' title='bbox 3312 4857 3366 4902; x_wconf 89' lang='lat' dir='ltr'><strong>et</strong></span> <span class='ocrx_word' id='word_1_804' title='bbox 3396 4848 3615 4918; x_wconf 82' lang='lat' dir='ltr'><strong>reptilia</strong></span> 
     </span>
    </p>
   </div>
   <div class='ocr_carea' id='block_1_108' title="bbox 2034 4937 3617 5007">
    <p class='ocr_par' dir='ltr' id='par_1_108' title="bbox 2034 4937 3617 5007">
     <span class='ocr_line' id='line_1_108' title="bbox 2034 4937 3617 5007; baseline -0.003 -12"><span class='ocrx_word' id='word_1_805' title='bbox 2034 4953 2413 4998; x_wconf 78' lang='lat' dir='ltr'><strong>surrexerunt.</strong></span> <span class='ocrx_word' id='word_1_806' title='bbox 2458 4943 2803 5007; x_wconf 82' lang='lat' dir='ltr'><strong>Inanimatus</strong></span> <span class='ocrx_word' id='word_1_807' title='bbox 2844 4950 2930 4997; x_wconf 90' lang='lat' dir='ltr'><strong>est</strong></span> <span class='ocrx_word' id='word_1_808' title='bbox 2969 4957 3082 5005; x_wconf 89' lang='lat' dir='ltr'><strong>aer,</strong></span> <span class='ocrx_word' id='word_1_809' title='bbox 3130 4940 3493 4994; x_wconf 84' lang='lat' dir='ltr'><strong>nihilominus</strong></span> <span class='ocrx_word' id='word_1_810' title='bbox 3545 4937 3617 4991; x_wconf 83' lang='lat' dir='ltr'><strong>ad</strong></span> 
     </span>
    </p>
   </div>
   <div class='ocr_carea' id='block_1_109' title="bbox 2031 5031 3608 5102">
    <p class='ocr_par' dir='ltr' id='par_1_109' title="bbox 2031 5031 3608 5102">
     <span class='ocr_line' id='line_1_109' title="bbox 2031 5031 3608 5102; baseline -0.003 -15"><span class='ocrx_word' id='word_1_811' title='bbox 2031 5034 2137 5088; x_wconf 86' lang='lat' dir='ltr'><strong>hoc</strong></span> <span class='ocrx_word' id='word_1_812' title='bbox 2210 5049 2385 5102; x_wconf 87' lang='lat' dir='ltr'><strong>usque</strong></span> <span class='ocrx_word' id='word_1_813' title='bbox 2459 5042 2678 5102; x_wconf 86' lang='lat' dir='ltr'><strong>tempus</strong></span> <span class='ocrx_word' id='word_1_814' title='bbox 2731 5033 3032 5088; x_wconf 84' lang='lat' dir='ltr'><strong>animatam</strong></span> <span class='ocrx_word' id='word_1_815' title='bbox 3118 5031 3301 5084; x_wconf 85' lang='lat' dir='ltr'><strong>avium</strong></span> <span class='ocrx_word' id='word_1_816' title='bbox 3357 5044 3608 5083; x_wconf 84' lang='lat' dir='ltr'><strong>resurre-</strong></span> 
     </span>
    </p>
   </div>
   <div class='ocr_carea' id='block_1_110' title="bbox 2031 5122 3612 5182">
    <p class='ocr_par' dir='ltr' id='par_1_110' title="bbox 2031 5122 3612 5182">
     <span class='ocr_line' id='line_1_110' title="bbox 2031 5122 3612 5182; baseline -0.004 -1"><span class='ocrx_word' id='word_1_817' title='bbox 2031 5130 2269 5182; x_wconf 90' lang='lat' dir='ltr'><strong>ctionem</strong></span> <span class='ocrx_word' id='word_1_818' title='bbox 2321 5127 2482 5181; x_wconf 85' lang='lat' dir='ltr'><strong>nobis</strong></span> <span class='ocrx_word' id='word_1_819' title='bbox 2532 5127 2778 5182; x_wconf 79' lang='lat' dir='ltr'><strong>exhibet.</strong></span> <span class='ocrx_word' id='word_1_820' title='bbox 2822 5125 3200 5180; x_wconf 86' lang='lat' dir='ltr'><strong>Consimiliter</strong></span> <span class='ocrx_word' id='word_1_821' title='bbox 3241 5123 3309 5181; x_wconf 82' lang='lat' dir='ltr'><strong>ad</strong></span> <span class='ocrx_word' id='word_1_822' title='bbox 3363 5122 3499 5176; x_wconf 85' lang='lat' dir='ltr'><strong>alias</strong></span> <span class='ocrx_word' id='word_1_823' title='bbox 3542 5136 3612 5176; x_wconf 81' lang='lat' dir='ltr'><strong>ex</strong></span> 
     </span>
    </p>
   </div>
   <div class='ocr_carea' id='block_1_111' title="bbox 2029 5217 3611 5275">
    <p class='ocr_par' dir='ltr' id='par_1_111' title="bbox 2029 5217 3611 5275">
     <span class='ocr_line' id='line_1_111' title="bbox 2029 5217 3611 5275; baseline -0.006 -1"><span class='ocrx_word' id='word_1_824' title='bbox 2029 5220 2345 5275; x_wconf 86' lang='lat' dir='ltr'><strong>inanimatis</strong></span> <span class='ocrx_word' id='word_1_825' title='bbox 2383 5221 2655 5275; x_wconf 83' lang='lat' dir='ltr'><strong>animatas</strong></span> <span class='ocrx_word' id='word_1_826' title='bbox 2686 5221 3122 5274; x_wconf 88' lang='lat' dir='ltr'><strong>resurrectioncs</strong></span> <span class='ocrx_word' id='word_1_827' title='bbox 3149 5217 3339 5271; x_wconf 88' lang='lat' dir='ltr'><strong>oculos</strong></span> <span class='ocrx_word' id='word_1_828' title='bbox 3369 5223 3611 5275; x_wconf 79' lang='lat' dir='ltr'><strong>vertens,</strong></span> 
     </span>
    </p>
   </div>
   <div class='ocr_carea' id='block_1_112' title="bbox 2030 5308 3612 5377">
    <p class='ocr_par' dir='ltr' id='par_1_112' title="bbox 2030 5308 3612 5377">
     <span class='ocr_line' id='line_1_112' title="bbox 2030 5308 3612 5377; baseline -0.006 -11"><span class='ocrx_word' id='word_1_829' title='bbox 2030 5313 2216 5377; x_wconf 87' lang='lat' dir='ltr'><strong>crede,</strong></span> <span class='ocrx_word' id='word_1_830' title='bbox 2259 5313 2375 5367; x_wconf 70' lang='lat' dir='ltr'><strong>Sola</strong></span> <span class='ocrx_word' id='word_1_831' title='bbox 2418 5313 2627 5367; x_wconf 89' lang='lat' dir='ltr'><strong>virtute</strong></span> <span class='ocrx_word' id='word_1_832' title='bbox 2670 5312 2789 5375; x_wconf 89' lang='lat' dir='ltr'><strong>Dei,</strong></span> <span class='ocrx_word' id='word_1_833' title='bbox 2838 5327 2906 5365; x_wconf 74' lang='lat' dir='ltr'><strong>ex</strong></span> <span class='ocrx_word' id='word_1_834' title='bbox 2949 5318 3043 5365; x_wconf 88' lang='lat' dir='ltr'><strong>tuo</strong></span> <span class='ocrx_word' id='word_1_835' title='bbox 3090 5310 3256 5364; x_wconf 90' lang='lat' dir='ltr'><strong>etiam</strong></span> <span class='ocrx_word' id='word_1_836' title='bbox 3308 5308 3612 5360; x_wconf 87' lang='lat' dir='ltr'><strong>inanimato</strong></span> 
     </span>
    </p>
   </div>
   <div class='ocr_carea' id='block_1_113' title="bbox 2031 5389 3607 5478">
    <p class='ocr_par' dir='ltr' id='par_1_113' title="bbox 2031 5389 3607 5478">
     <span class='ocr_line' id='line_1_113' title="bbox 2031 5389 3607 5478; baseline -0.008 -17"><span class='ocrx_word' id='word_1_837' title='bbox 2031 5408 2258 5478; x_wconf 84' lang='lat' dir='ltr'><strong>pulvere</strong></span> <span class='ocrx_word' id='word_1_838' title='bbox 2292 5414 2350 5458; x_wconf 85' lang='lat' dir='ltr'><strong>et</strong></span> <span class='ocrx_word' id='word_1_839' title='bbox 2383 5421 2548 5461; x_wconf 83' lang='lat' dir='ltr'><strong>carne</strong></span> <span class='ocrx_word' id='word_1_840' title='bbox 2592 5389 2887 5459; x_wconf 74' lang='lat' dir='ltr'><strong>animatam</strong></span> <span class='ocrx_word' id='word_1_841' title='bbox 2938 5401 3404 5457; x_wconf 74' lang='lat' dir='ltr'><strong>resurreCtioncm</strong></span> <span class='ocrx_word' id='word_1_842' title='bbox 3449 5396 3564 5450; x_wconf 84' lang='lat' dir='ltr'><strong>l‘orc</strong></span> <span class='ocrx_word' id='word_1_843' title='bbox 3589 5411 3607 5448; x_wconf 85' lang='lat'><strong>:</strong></span> 
     </span>
    </p>
   </div>
   <div class='ocr_carea' id='block_1_114' title="bbox 2031 5492 3612 5570">
    <p class='ocr_par' dir='ltr' id='par_1_114' title="bbox 2031 5492 3612 5570">
     <span class='ocr_line' id='line_1_114' title="bbox 2031 5492 3612 5570; baseline -0.007 -17"><span class='ocrx_word' id='word_1_844' title='bbox 2031 5499 2123 5570; x_wconf 88' lang='lat' dir='ltr'><strong>qui</strong></span> <span class='ocrx_word' id='word_1_845' title='bbox 2147 5500 2293 5553; x_wconf 84' lang='lat' dir='ltr'><strong>enim</strong></span> <span class='ocrx_word' id='word_1_846' title='bbox 2329 5498 2443 5553; x_wconf 84' lang='lat' dir='ltr'><strong>sola</strong></span> <span class='ocrx_word' id='word_1_847' title='bbox 2472 5499 2756 5553; x_wconf 77' lang='lat' dir='ltr'><strong>voluntate</strong></span> <span class='ocrx_word' id='word_1_848' title='bbox 2779 5497 3006 5566; x_wconf 86' lang='lat' dir='ltr'><strong>soloque</strong></span> <span class='ocrx_word' id='word_1_849' title='bbox 3036 5492 3205 5549; x_wconf 89' lang='lat' dir='ltr'><strong>verbo</strong></span> <span class='ocrx_word' id='word_1_850' title='bbox 3235 5507 3302 5547; x_wconf 84' lang='lat' dir='ltr'><strong>ex</strong></span> <span class='ocrx_word' id='word_1_851' title='bbox 3336 5506 3443 5544; x_wconf 85' lang='lat' dir='ltr'><strong>non</strong></span> <span class='ocrx_word' id='word_1_852' title='bbox 3487 5502 3612 5543; x_wconf 82' lang='lat' dir='ltr'><strong>esse</strong></span> 
     </span>
    </p>
   </div>
   <div class='ocr_carea' id='block_1_115' title="bbox 2033 5581 3611 5658">
    <p class='ocr_par' dir='ltr' id='par_1_115' title="bbox 2033 5581 3611 5658">
     <span class='ocr_line' id='line_1_115' title="bbox 2033 5581 3611 5658; baseline -0.006 -13"><span class='ocrx_word' id='word_1_853' title='bbox 2033 5591 2100 5645; x_wconf 87' lang='lat' dir='ltr'><strong>ad</strong></span> <span class='ocrx_word' id='word_1_854' title='bbox 2144 5606 2265 5645; x_wconf 85' lang='lat' dir='ltr'><strong>esse</strong></span> <span class='ocrx_word' id='word_1_855' title='bbox 2312 5604 2506 5645; x_wconf 87' lang='lat' dir='ltr'><strong>omnes</strong></span> <span class='ocrx_word' id='word_1_856' title='bbox 2569 5589 2924 5658; x_wconf 86' lang='lat' dir='ltr'><strong>incorporeas</strong></span> <span class='ocrx_word' id='word_1_857' title='bbox 2971 5584 3292 5657; x_wconf 79' lang='lat' dir='ltr'><strong>angelorum</strong></span> <span class='ocrx_word' id='word_1_858' title='bbox 3350 5581 3611 5646; x_wconf 79' lang='lat' dir='ltr'><strong>virtutes,</strong></span> 
     </span>
    </p>
   </div>
   <div class='ocr_carea' id='block_1_116' title="bbox 1615 5703 2292 5801">
    <p class='ocr_par' dir='ltr' id='par_1_116' title="bbox 1615 5703 2292 5801">
     <span class='ocr_line' id='line_1_116' title="bbox 1615 5703 2292 5801; baseline -0.003 -40"><span class='ocrx_word' id='word_1_859' title='bbox 1615 5703 1847 5801; x_wconf 46' lang='lat' dir='ltr'><strong>YdeE</strong></span> <span class='ocrx_word' id='word_1_860' title='bbox 1890 5703 2292 5763; x_wconf 81' lang='lat' dir='ltr'><strong>LECTIONES.</strong></span> 
     </span>
    </p>
   </div>
  </div>
