4026 6140
370 268 474 333 735

1582 272 1641 333 S.
1683 272 2075 336 ANAS’I‘ASII
2118 278 2373 340 SINAIT
2378 278 2442 339 1E

3514 286 3621 351 736

369 378 586 448 piosius
618 376 686 433 de
736 376 842 433 hoc
884 377 936 431 in
989 379 1215 449 proprio
1264 383 1667 447 commentario
1711 383 1958 454 disputa-

2070 390 2215 443 ἱτινα
2245 394 2292 444 οἰ
2327 392 2435 447 τῶν
2475 356 2747 460 Ἑλλήνων
2783 394 3088 464 μωρολόγοι
3124 394 3447 468 ἀστρολόγοι
3491 402 3630 455 κατά

372 474 489 525 tum
538 479 644 523 est.

2059 480 2157 549 τὴν
2189 483 2403 550 ἄστρων
2434 484 2650 554 κίνησιν
2694 484 3110 557 ἐμυθολόγησαν
3157 490 3271 550 τοῖς
3322 489 3632 559 ἀνθρώποις

372 558 641 625 γίνεσθαι.
684 559 772 624 Ὠς
803 559 935 628 γοῦν
960 566 1241 632 προεῖπον,
1275 565 1334 616 ἐν
1364 564 1534 635 ἑτέρῳ
1558 565 1888 638 πλατύτερον
1918 571 2044 638 περὶ
2072 571 2275 626 τούτων
2309 575 2631 646 εἰρήκαμεν.

687 708 1241 811 ρυίΕΞΤῐΟ
1315 713 1643 803 XCVI.

451 870 469 903 ι
507 850 708 908 Omnes
739 854 935 908 merito
978 856 1250 910 mirantur
1276 865 1333 911 et
1360 858 1757 929 obstupescunt
1784 863 1956 917 multa

379 942 701 999 admiranda
749 953 807 999 et
851 946 1120 1014 stupenda
1171 964 1294 1016 quae
1340 949 1502 1020 397
1549 952 1695 1007 circa
1725 961 1957 1007 mortem

382 1033 666 1088 hominum
707 1035 1053 1106 contingunt.
1085 1036 1428 1107 Quapropter
1465 1042 1737 1110 cupimus,
1765 1043 1957 1097 saltem

382 1126 748 1195 aliquatenus,
777 1127 989 1182 discere
1016 1129 1147 1197 quid
1177 1120 1355 1185 causze
1376 1132 1448 1185 sit
1470 1147 1569 1186 cur
1592 1135 1750 1188 multi
1780 1134 1960 1189 homi-

382 1231 539 1280 num,
568 1217 732 1271 etiam
759 1217 1066 1287 principum
1095 1228 1152 1273 et
1173 1234 1383 1288 regum,
1417 1222 1509 1289 qui
1541 1223 1775 1292 improbi
1810 1234 1958 1286 sunt,

381 1314 439 1362 et
469 1322 612 1378 Stepe
639 1309 803 1363 etiam
836 1309 903 1362 ad
938 1309 1364 1378 improbitatem,
1394 1311 1726 1381 impietatem
1758 1322 1816 1368 et
1848 1314 1961 1368 ha:-

384 1411 537 1451 reses
556 1396 682 1452 aliis
711 1398 878 1453 duces
902 1407 959 1452 et
982 1398 1232 1469 magistri
1264 1400 1421 1465 ﬁunt,
1456 1409 1511 1457 et
1545 1403 1803 1459 universo
1831 1420 1965 1474 pro.

382 1487 680 1556 pemodum
705 1487 911 1542 mundo
934 1496 1263 1543 nocumenta
1290 1490 1556 1555 inferunt,
1580 1502 1643 1547 ut
1664 1493 1961 1563 plurimum

384 1578 453 1631 ad
485 1578 686 1632 multos
707 1594 883 1633 annos
907 1579 1072 1634 vitam
1097 1591 1415 1657 prorogent.
1443 1598 1677 1652 quorum
1705 1584 1964 1656 longaevi-

2375 715 2905 802 ΕΡΩΤΗΣΙΣ
2961 699 3176 821 μετ’.

2139 870 2158 903 ι
2189 851 2313 905 Ὅτι
2346 851 2637 922 θαμϐεῖται
2678 855 2829 907 πᾶσα
2882 855 2915 924 ἡ
2961 855 3070 909 τῶν
3118 855 3425 928 ἀνθρώπων
3469 859 3632 928 φύσις

2064 943 2234 998 πολλά
2289 942 2498 1013 φοϐερὰ
2553 944 2650 999 καὶ
2689 945 3050 1017 κατάπληκτα
3101 950 3196 1002 ἐπὶ
3222 951 3335 1012 τοῖς
3381 953 3631 1015 θανάτοις

2062 1035 2169 1090 τῶν
2203 1036 2508 1108 ἀνθρώπων
2542 1037 2826 1107 γινόμενα.
2859 1039 2950 1092 Διὸ
2990 1040 3437 1113 παρακαλοῦμεν,
3464 1044 3513 1096 εἰ
3535 1044 3629 1098 δυ·

2063 1126 2242 1189 νατὺν,
2274 1125 2375 1181 κᾶν
2405 1128 2469 1181 ὲκ
2505 1128 2706 1198 μέρους
2739 1130 2950 1199 μαθεῖν,
2988 1131 3042 1183 τί
3081 1132 3282 1202 δήποτε
3309 1134 3494 1188 πολλοὶ
3524 1136 3633 1188 τῶν

2060 1218 2382 1290 ἀνθρώπων,
2417 1219 2450 1291 ἢ
2494 1220 2590 1274 καὶ
2633 1222 2909 1292 ἀρχόντων
2955 1222 3049 1276 καὶ
3089 1222 3372 1294 βασιλέων,
3406 1228 3633 1297 πονηροὶ

2061 1309 2234 1373 ὄντες,
2264 1310 2358 1362 καὶ
2387 1309 2643 1380 πονηρῶν
2677 1311 2939 1375 πολλάκις
2983 1313 3324 1383 μαθημάτων
3354 1316 3450 1368 καὶ
3478 1315 3633 1386 αἰρέ-

2063 1416 2202 1452 σεων
2245 1400 2341 1453 καὶ
2384 1399 2651 1454 ἀσεὸειῶν
2688 1401 3021 1467 διδάσκαλοι,
3060 1406 3243 1459 πᾶσαν
3296 1404 3482 1477 σχεδὸν
3532 1404 3633 1477 τὴν

2060 1492 2389 1563 οἰκουμένην
2430 1493 2939 1561 καταϐλάπτοντες,
2982 1497 3324 1568 πολυχρόνιοι
3356 1500 3448 1552 ἐπὶ
3494 1499 3632 1554 πολὺ

2060 1583 2322 1651 γίνονται,
2349 1585 2437 1638 ἐπ’
2465 1585 2711 1657 ἀπωλείᾳ
2761 1584 2948 1656 ψυχῶν
3008 1589 3223 1643 πολλῶν
3265 1592 3359 1644 καὶ
3398 1591 3545 1645 λαῶν
3573 1594 3635 1648 τδ

384 1680 469 1723 tas
500 1668 566 1723 ad
590 1668 956 1739 plurimorum
987 1670 1287 1739 perniciem
1325 1671 1630 1738 redundat;
1659 1674 1752 1729 alii
1782 1683 1965 1730 autem

2070 1676 2459 1747 μακροχρόνιον
2487 1677 2865 1746 κομισάμενοι.
2899 1678 3118 1750 Ἕτεροι
3149 1680 3205 1734 δὲ
3233 1681 3503 1747 εὐσεϐεῖς,
3540 1689 3636 1738 καὶ

383 1759 627 1829 pietatis,
654 1760 878 1816 virtutis
920 1769 977 1816 et
1023 1762 1304 1831 religionis
1343 1778 1644 1833 prmeones,
1669 1766 1966 1836 multisque

2070 1769 2246 1821 πᾶσαν
2278 1767 2477 1838 ἀρετὴν
2503 1770 2599 1822 καὶ
2655 1768 2969 1825 θεοσέϐειαν
2995 1771 3074 1841 τῷ
3109 1772 3301 1843 κόσμῳ
3333 1775 3637 1845 κηρύττω·

385 1865 551 1905 causa
600 1849 793 1904 salutis
843 1850 1047 1914 effecti,
1099 1853 1297 1922 exiguo
1358 1861 1604 1923 tempore
1653 1855 1860 1919 vivant,
1911 1865 1968 1911 et

2070 1876 2179 1925 τες,
2206 1861 2300 1913 καὶ
2329 1860 2492 1914 αἴτιοι
2523 1861 2733 1915 πολλῶν
2760 1861 2950 1932 ψυχῶν
2987 1865 3067 1927 εἰς
3110 1866 3387 1936 σωτηρίαν
3418 1869 3638 1934 γινόρμ

387 1939 620 1995 florente
661 1948 821 1996 aetate
869 1942 1193 1997 moriantur.
1230 1943 1442 1999 Rursus
1481 1945 1574 1999 alii
1620 1960 1686 1999 ex
1731 1947 1970 2002 ethnicis

390 2032 723 2102 baptismum
764 2031 1158 2098 desiderantes,
1193 2033 1471 2088 interdum
1514 2051 1624 2090 uno
1668 2037 1753 2091 vel
1796 2037 1968 2091 altero

391 2125 482 2178 die
523 2123 679 2192 prius
719 2138 881 2192 quam
924 2123 1258 2178 salutaribus
1295 2123 1460 2180 undis
1490 2126 1868 2189 abluerentur,
1915 2133 1972 2180 et

391 2217 620 2272 salutem
651 2224 1144 2284 consequerentur,
1174 2230 1492 2283 supremum
1519 2214 1663 2271 diem
1689 2214 1967 2279 obierunt,

391 2312 449 2358 et
476 2303 557 2359 sic
587 2304 826 2373 peccatis
855 2303 1092 2373 propriis
1120 2303 1304 2357 onusti
1347 2303 1414 2357 ad
1445 2303 1651 2357 inferos
1695 2303 1969 2357 abierunt.

390 2398 497 2453 Alii
525 2396 919 2467 quinquaginta
961 2394 1046 2448 vel
1093 2394 1371 2463 octoginta
1399 2393 1559 2448 annis
1589 2393 1757 2447 vitam
1787 2402 1972 2449 sancte

390 2488 767 2550 tradueentes,
794 2492 850 2539 et
882 2484 1163 2537 miraculis
1192 2483 1356 2537 etiam
1382 2481 1738 2544 collucentes,
1773 2482 1830 2534 in
1860 2482 1972 2536 hat-

394 2577 542 2631 resin
567 2576 653 2630 vel
682 2574 1096 2629 fornicationem
1131 2572 1470 2635 inciderunt,
1501 2573 1796 2641 statimque
1825 2571 1975 2643 flagi-

394 2668 488 2722 tiis
519 2668 701 2722 adhuc
745 2665 1007 2735 implicati
1054 2664 1183 2718 hinc
1227 2664 1602 2718 excesserunt.
1633 2662 1787 2717 Alius
1818 2662 1972 2732 prin-

395 2774 525 2829 ceps
559 2758 760 2832 impius
793 2758 850 2812 in
875 2757 1127 2811 morbum
1151 2755 1428 2826 delapsus,
1459 2755 1547 2810 vel
1579 2754 1632 2809 in
1667 2754 1812 2809 bello
1839 2768 1972 2809 con-

396 2852 645 2915 stitutus,
676 2850 859 2903 animo
906 2848 1119 2912 statuit,
1155 2848 1200 2903 si
1247 2858 1315 2902 ex
1343 2843 1668 2917 aegritudine
1703 2852 1970 2915 resurgat,

395 2941 482 2996 vel
518 2940 739 2994 domum
766 2953 889 2994 cum
916 2939 1147 2993 victoria
1182 2944 1512 3000 revertatur,
1544 2951 1602 2990 se
1628 2930 1973 2990 Christiano-

398 3046 520 3086 rum
545 3031 804 3086 ecclesias
826 3032 1161 3092 clausurum,
1186 3036 1242 3083 ct
1270 3029 1472 3096 templa
1511 3027 1787 3080 idolorum
1813 3040 1971 3095 aper~

400 3133 619 3188 turum;
650 3131 705 3178 et
732 3122 848 3176 haec
876 3130 1058 3176 mente
1088 3134 1397 3190 proponens
1427 3118 1726 3182 convaluit,
1749 3125 1805 3172 et
1830 3117 1973 3172 idola

398 3212 660 3267 restituit.
690 3211 847 3266 Alius
887 3224 1020 3265 vero
1052 3212 1309 3280 princeps
1337 3208 1675 3264 contrarium
1708 3208 1970 3275 decrevit,

402 3303 660 3357 nimirum
708 3317 787 3365 se,
819 3301 865 3356 si
905 3317 935 3355 a
982 3300 1173 3354 morbo
1220 3299 1363 3353 liber
1406 3298 1972 3367 evadat,~aperturum

399 3396 734 3451 Christianas
758 3395 1038 3458 ecclesias,
1060 3394 1408 3448 occlusurum
1430 3393 1701 3447 idolorum
1724 3392 1971 3459 delubra,

400 3489 775 3559 eleemosynas
820 3486 1164 3556 largiturum,
1208 3493 1265 3539 et
1293 3484 1538 3553 captivos
1578 3484 1970 3549 liberaturum;

400 3588 477 3645 et,
507 3594 618 3650 quo
646 3579 826 3633 omnia
854 3577 1096 3632 ﬁrmiora
1125 3577 1256 3640 sint,
1290 3585 1672 3631 testamentum
1706 3575 1971 3640 condidit,

400 3679 676 3739 testesque
702 3668 955 3724 adhibuit
984 3685 998 3722 :
1024 3683 1129 3722 nec
1169 3676 1351 3721 tamen
1384 3666 1672 3736 pristinam
1699 3664 1972 3721 valetudi-

401 3775 524 3813 nem
570 3758 939 3828 recuperavit,
988 3758 1081 3811 sed
1130 3756 1371 3825 peccatis
1422 3755 1694 3811 obnoxius
1736 3756 1972 3809 animam

397 3850 690 3913 exhalavit,
719 3857 775 3903 et
805 3848 943 3902 nihil
966 3862 1156 3902 eorum
1184 3863 1306 3918 quae
1326 3848 1466 3902 bene
1490 3848 1870 3911 constituerat,
1906 3845 1972 3903 ad

401 3955 514 3997 rem
563 3940 821 3994 collatum
856 3945 960 3993 est.
1007 3938 1224 3993 Inﬁnita
1267 3941 1431 4010 hujus
1475 3940 1692 4010 generis
1728 3940 1975 4008 exempla

398 4032 647 4102 quotidie
674 4031 876 4086 intueri
906 4031 1055 4085 licet.
1086 4030 1355 4097 Quocirca
1388 4029 1551 4084 alieni
1585 4045 1613 4083 a
1664 4028 1768 4083 ﬁde
1812 4029 1974 4083 haesi-

401 4132 539 4189 tant,
564 4124 827 4178 mundum
852 4123 1057 4193 absque
1083 4121 1432 4177 Providentia
1458 4121 1588 4175 ferri
1614 4128 1671 4174 et
1694 4121 1807 4189 regi
1828 4120 1931 4174 rati
1958 4137 1973 4175 :

400 4216 591 4273 ﬁdeles
619 4216 804 4271 autem
850 4214 919 4269 de
946 4213 1159 4285 iustitia
1199 4213 1295 4267 Dei
1333 4211 1734 4266 dubitationem
1779 4226 1974 4280 quam-

397 4307 524 4363 dam
576 4309 878 4378 patiuutur,
928 4321 1089 4376 quam
1136 4301 1345 4359 nemini
1389 4304 1695 4374 patefacere
1735 4303 1972 4369 audent;

2069 1968 2171 2015 νοι,
2205 1951 2560 2021 ὀλιγοχρόνιοι
2601 1952 2799 2022 βιοῦσι,
2826 1954 2921 2007 καὶ
2950 1957 3007 2008 ἐν
3042 1955 3255 2024 νεότητι
3292 1956 3583 2010 τελευτῶσι
3627 1966 3653 2008 .‘

2074 2043 2256 2098 Ἀλλοι
2287 2044 2450 2098 πάλιν
2476 2043 2535 2109 ἐξ
2575 2045 2845 2115 Ἑλλήνων
2880 2044 3298 2116 βουλευσάμενοι
3333 2047 3639 2118 βαπτισθῆ-

2071 2152 2180 2200 ναι,
2222 2135 2326 2205 πρὸ
2359 2136 2487 2205 μιᾶς
2547 2136 2849 2201 πολλάκις,
2896 2137 2930 2207 ἢ
2978 2124 3236 2207 δευτέρας
3274 2138 3490 2210 ἡμέρας
3542 2139 3637 2193 τοῦ

2074 2226 2434 2296 βαπτισθῆναι
2457 2228 2548 2281 καὶ
2577 2228 2836 2299 σωθῆναι,
2863 2227 3225 2299 ἐτελεύτησαν
3249 2230 3305 2281 ὲν
3334 2232 3456 2292 ταῖς
3482 2229 3640 2293 ἰδίαις

2072 2319 2369 2387 ἁμαρτίαις
2394 2319 2721 2382 ἀπελθόντες
2743 2321 2799 2371 ἐν
2821 2319 3037 2393 γεέννῃ.
3070 2320 3287 2390 Ἔτεροι
3305 2321 3362 2374 δὲ
3392 2322 3484 2376 ἐπὶ
3513 2336 3639 2376 πεν-

2072 2412 2307 2476 τήκοντα
2329 2409 2361 2477 ἣ
2387 2411 2714 2481 ὁγδοήκοντα
2769 2412 2996 2482 χρόνους
3028 2413 3277 2482 σημείοις
3329 2412 3424 2466 καὶ
3451 2413 3639 2484 τέρασι

2072 2504 2488 2574 διαλάμποντες,
2525 2505 2726 2569 εὐθέως
2782 2506 3052 2560 ἀπέθανον
3101 2509 3159 2560 ὲν
3218 2511 3406 2573 κακοῖς
3457 2508 3642 2578 διαληο

2073 2595 2317 2663 φθέντες.
2368 2590 2478 2650 Καὶ
2510 2596 2539 2649 ό
2574 2595 2673 2666 μὲν
2721 2595 2987 2667 δυνάστης
3030 2597 3297 2670 δυσσεϐὴς
3325 2639 3340 2661 ,
3381 2599 3642 2667 ἀσθενείᾳ

2074 2684 2408 2756 περιπεσὼν,
2436 2685 2469 2756 ἦ
2503 2688 2561 2739 ὲν
2609 2686 2832 2758 πολέμῳ
2861 2687 3119 2748 ἀνελθὼν,
3153 2688 3483 2755 συνετάξατο
3515 2687 3641 2743 καθ’

2076 2775 2287 2835 ἑαυτὸν,
2322 2775 2404 2828 ὅτι
2432 2775 2591 2845 εἴπερ
2624 2776 2718 2829 ὲάν
2758 2776 2895 2846 μετά
2924 2776 3080 2846 νίκης
3118 2777 3457 2851 ὑποστρέψῃ,
3485 2777 3517 2849 ἦ
3542 2778 3641 2847 τῆς

2081 2865 2270 2933 κλίνης
2309 2865 2573 2935 ἐξαναστῇ
2596 2906 2610 2927 ,
2646 2865 2814 2918 κλείει
2868 2865 2967 2946 μὲν
3013 2867 3111 2930 τὰς
3148 2868 3475 2938 ἐκκλησίας,
3502 2869 3646 2922 ἀνοί-

2079 2972 2166 3023 γει
2200 2954 2254 3008 δὲ
2282 2955 2411 3018 τοὺς
2447 2954 2559 3009 τῶν
2607 2954 2843 3010 εἰδώλων
2878 2955 3064 3019 ναούς·
3093 2956 3188 3010 καὶ
3228 2959 3256 3011 ό
3300 2956 3472 3011 ταῦτα
3519 2957 3645 3026 βου-

2075 3047 2407 3117 λευσάμενος
2436 3046 2598 3117 ἔζησε
2613 3062 2633 3110 ”,
2682 3047 2776 3100 καὶ
2808 3048 2877 3100 τά
2916 3048 3108 3101 εἴδωλα
3153 3047 3384 3118 ἤνοιξεν.
3418 3049 3644 3117 Ἕτερος

2076 3140 2132 3193 δὲ
2161 3139 2424 3209 τύραννος
2455 3136 2764 3191 τούναντίον
2791 3137 3139 3202 συνετάξατο,
3165 3141 3249 3193 ὅτι
3280 3139 3373 3193 ὲάν
3409 3141 3507 3211 τῆς
3532 3139 3645 3194 κλι-

2062 3252 2173 3303 ,νης
2220 3235 2316 3287 καὶ
2351 3234 2449 3304 τῆς
2490 3232 2646 3286 νόσου
2674 3227 2984 3303 ἀπαλλαγῇ,
3020 3233 3225 3301 ἀνοίγει
3277 3234 3375 3302 μὲν
3426 3234 3523 3299 τὰς
3554 3235 3646 3289 ἐκ·

2074 3319 2320 3394 κλησίας,
2340 3323 2508 3378 κλείει
2539 3323 2596 3377 δὲ
2623 3323 2692 3377 τὰ
2726 3323 2988 3387 εἰδωλεῖα,
3014 3325 3110 3377 καὶ
3135 3325 3345 3378 δίδωσιν
3374 3326 3642 3391 εὐποιίας,

2074 3419 2350 3490 ἐλευθεροῖ
2402 3417 2799 3488 αἰχμαλωσίαςο
2843 3411 2960 3471 εἶτα
3018 3418 3111 3471 καὶ
3163 3416 3262 3487 τὴν
3310 3410 3646 3471 νιατύπωσιν

2074 3512 2290 3566 πάντων
2330 3510 2536 3562 τούτων
2561 3510 2667 3562 τῶν
2697 3508 2915 3577 ἀγαθῶν
2946 3508 3152 3579 ἔγραψε
3173 3549 3188 3573 ,
3232 3507 3329 3562 καὶ
3359 3506 3645 3578 μάρτυρας

2074 3599 2412 3655 ἀνατέθεικε⁸
2446 3599 2541 3651 καὶ
2573 3598 2636 3668 δὴ
2682 3598 2783 3650 οὐκ
2807 3598 3028 3668 ἀνέστη,
3078 3597 3194 3651 ἀλλ’
3241 3597 3302 3650 ὲν
3352 3597 3649 3666 ἁμαρτίαις

2074 3686 2173 3750 ῶν,
2205 3687 2548 3757 ἐτελεύτησε,
2575 3686 2670 3738 καί⁵
2687 3684 2840 3738 οὐδὲν
2868 3685 2977 3739 τῶν
3000 3683 3272 3738 τοσούτων
3303 3685 3524 3754 ἀγαθῶν
3550 3684 3642 3753 γέ-

2073 3780 2329 3849 γονεοκαὶ
2360 3780 2523 3851 ἕτερα
2543 3778 2600 3832 δὲ
2625 3777 2795 3849 μυρία
2830 3776 3107 3850 τ[οι]αῦτα
3142 3777 3257 3830 ἐστι
3282 3778 3404 3830 καθ’
3428 3776 3648 3846 ἡμέραν

2076 3872 2309 3927 εἴδεσθαι
2337 3871 2620 3942 γινόμενα.
2654 3871 2744 3925 Διὸ
2788 3873 2836 3924 οἱ
2870 3871 2968 3941 μὲν
2998 3870 3262 3940 Ἕλληνες
3296 3870 3648 3938 ἀποροῦνται,

2078 3965 2415 4037 ἀπρονόητον
2442 3960 2582 4017 εῖναι
2611 3963 2704 4016 τὸν
2735 3962 2941 4033 κόσμον
2970 3963 3247 4033 ἐνόμισαν.
3280 3962 3342 4015 Οἱ
3378 3960 3433 4014 δὲ
3466 3963 3649 4014 πιστοὶ

2075 4057 2374 4126 δισταγμὸν
2406 4055 2665 4118 πολλάκις
2692 4055 2819 4108 τινὰ
2864 4057 2945 4118 εἰς
2988 4053 3089 4124 τὴν
3118 4053 3213 4107 τοῦ
3262 4051 3399 4105 Θεοῦ
3439 4052 3648 4104 δικαιο-

2075 4148 2291 4218 κρισίαν
2318 4145 2459 4199 κατά
2483 4144 2662 4216 ψυχὴν
2689 4144 2926 4215 ἔχοντες,
2963 4145 3068 4197 τινὶ
3099 4143 3195 4215 μὲν
3227 4142 3387 4194 τοῦτο
3419 4142 3650 4206 ἐξειπεῖν

2074 4239 2136 4292 οὐ
2156 4237 2397 4307 τολμῶσι
2432 4237 2589 4307 μόνον
2610 4237 2666 4289 δὲ
2690 4237 2773 4289 ὅτι
2800 4232 3003 4290 ἔσωθεν
3031 4234 3140 4288 ἐσω
3168 4232 3648 4304 σκανδαλιζόμενοι

2074 4327 2172 4400 τὴν
2208 4326 2436 4397 καρδίαν
2464 4326 2879 4380 κατακαίονται.
2920 4344 2939 4377 ι

399 4397 496 4455 sed
532 4398 696 4453 tacito
728 4397 830 4452 sub
860 4404 1081 4466 pectore
1109 4394 1366 4450 seandalo
1392 4393 1542 4463 gravi
1573 4393 1912 4447 sauciautur.
1949 4411 1970 4445 ι
2008 4417 2053 4476 D

983 4531 1383 4589 RESPONSIO.

2663 4531 3051 4597 ΑΠΟΚΡΙΣΙΣ.

473 4628 770 4698 Scriptum
796 4629 882 4684 lex
911 4634 968 4681 et
997 4633 1329 4696 prteceptum
1361 4631 1446 4678 est
1487 4641 1499 4676 :
1533 4642 1552 4675 ‹
1590 4624 1796 4678 Altiora
1828 4633 1880 4677 te
1908 4638 1971 4678 ne

2153 4626 2273 4678 Ὀτι
2322 4625 2419 4694 μὲν
2449 4624 2609 4693 νόμος
2652 4624 2766 4675 ἐστὶ
2795 4622 3096 4691 Γραφικδς,
3122 4623 3152 4676 ὁ
3174 4621 3380 4689 λέγων·
3414 4637 3436 4672 ι
3475 4619 3651 4674 Χαλε-

399 4720 703 4790 qumsieris,
736 4728 792 4775 et
837 4718 1065 4773 fortiora
1115 4725 1169 4785 te
1218 4732 1287 4770 ne
1331 4723 1606 4769 scrutatus
1646 4715 1818 4769 fueris
1847 4715 1912 4767 θ’.
1950 4732 1968 4763 ι

2083 4716 2305 4785 πώτερά
2332 4732 2425 4768 σου
2477 4714 2549 4785 μὴ
2580 4714 2836 4781 ἐκζὴτει,
2894 4713 2987 4767 καὶ
3040 4713 3369 4784 ἰσχυρότερᾶ
3417 4727 3513 4764 σου
3576 4709 3651 4780 μὴ

401 4813 616 4869 Scimus
643 4813 806 4867 etiam
838 4812 1124 4880 scriptum,
1166 4828 1185 4861 ι
1216 4808 1420 4879 judicia
1449 4808 1541 4863 Dei
1574 4823 1691 4862 esse
1721 4808 1971 4878 abyssum

2084 4805 2322 4871 ἐξέταζε,
2365 4824 2381 4856 ι
2419 4805 2658 4872 οἴδαμεν,
2700 4806 2848 4874 ὅμως
2887 4804 2990 4858 κᾶν
3019 4803 3365 4875 γέγραπται,
3397 4803 3480 4856 ὅτι
3515 4818 3536 4853 ι
3569 4799 3653 4852 Τά

406 4906 630 4959 multam
661 4904 726 4958 ".
767 4922 784 4955 ι
816 4903 1069 4958 Vicissim
1107 4909 1287 4955 tamen
1328 4915 1437 4953 non
1479 4900 1790 4965 ignoramus
1823 4898 1971 4950 illum

2082 4898 2326 4967 κρίματα
2350 4895 2443 4949 τοῦ
2482 4896 2616 4949 Θεοῦ
2647 4895 2885 4959 ἄϐυσσος
2923 4895 3115 4965 πολλή.
3158 4915 3175 4948 ι
3212 4893 3355 4947 Ἀλλ’
3384 4894 3500 4946 ἐστι
3542 4892 3649 4946 πά-

400 4998 493 5067 qui
540 4997 694 5060 dicit,
749 5015 767 5047 ι
820 4996 1064 5066 justitias
1111 5001 1167 5047 et
1206 4992 1415 5062 judicia
1465 5007 1564 5046 sua
1624 4990 1971 5044 manifestare

2079 4987 2159 5041 λιν
2189 4988 2215 5039 ὁ
2242 4987 2436 5053 λέγων,
2465 4987 2545 5039 ὅτι
2583 5004 2601 5036 ι
2647 4985 2908 5056 Γνωρίζει
2946 4987 2974 5039 ό
3006 4985 3139 5048 Θεὸς
3187 4983 3530 5054 δικαιώματα
3557 4981 3651 5043 καὶ

399 5089 583 5147 lsracli
615 5088 693 5155 ";
729 5108 747 5140 ›
782 5087 988 5149 lsraeli,
1023 5087 1267 5155 inquam,
1312 5082 1583 5153 spirituali
1621 5082 1675 5134 in
1703 5080 1924 5135 Christo
1959 5096 1971 5132 :

2079 5081 2321 5151 κρίματα
2359 5078 2522 5131 αὐτοῦ
2550 5078 2626 5148 τῷ
2669 5078 2902 5149 Ἰσραὴλ,
2939 5097 2956 5129 ι
2992 5078 3138 5145 λέγω
3188 5078 3251 5149 δὴ
3286 5077 3375 5129 τον
3400 5091 3649 5143 πνευμα-

397 5179 562 5234 Israel
588 5196 738 5243 vero,
771 5180 814 5233 sl
844 5177 1245 5247 interpreteris,
1274 5185 1357 5229 est
1382 5191 1524 5227 mens
1544 5188 1758 5225 cernens
1783 5169 1970 5224 Deum.

2079 5170 2226 5223 τικὸν
2258 5170 2401 5224 κατά
2425 5170 2683 5240 Χριστόν.
2733 5169 2950 5237 Ἰσραὴλ
2999 5169 3055 5222 δὲ
3095 5166 3455 5238 ἑρμηνεύεται
3504 5163 3650 5229 νοῦς

396 5270 568 5340 Igitur
593 5273 686 5341 qui
720 5272 891 5326 Deum
938 5269 1108 5331 videt,
1142 5274 1342 5337 potest,
1389 5264 1593 5334 Spiritu
1621 5270 1811 5317 sancto
1848 5261 1971 5315 illit-

2080 5261 2231 5330 ὀρῶν
2263 5261 2371 5313 τὸν
2405 5262 2573 5313 Θεόν.
2611 5258 2820 5312 Οὐκοῦν
2854 5260 2881 5309 ὁ
2907 5257 2997 5310 τὸν
3037 5257 3172 5310 Θεὸν
3218 5256 3383 5326 ὁρῶν,
3425 5255 3650 5307 δύναται

397 5370 621 5424 stratus,
656 5362 919 5417 nonnulla
946 5360 1152 5431 judicia
1192 5367 1248 5412 et
1274 5356 1531 5428 mysteria
1555 5354 1758 5409 Christi
1795 5355 1971 5424 perci-

2081 5355 2210 5424 nap‘
2238 5352 2403 5405 αὑτοῦ
2453 5352 2869 5421 ὲλλαμπόμενος
2919 5349 2994 5418 τῷ
3029 5350 3168 5421 ἁγίῳ
3203 5349 3505 5419 Πνεύματι,
3547 5361 3651 5415 μα-

397 5466 552 5522 pere.
583 5455 715 5510 Nam
748 5474 769 5519 ε
809 5453 1050 5523 Spiritus
1089 5449 1272 5505 omnia
1316 5455 1614 5509 scrutatur,
1647 5445 1810 5500 etiam
1844 5460 1971 5515 pro-

2080 5445 2192 5498 Οεῖν
2228 5461 2351 5496 τινα
2380 5443 2488 5496 τῶν
2520 5442 2805 5513 κριμάτων
2852 5441 2946 5493 καὶ
3005 5442 3322 5510 μυστηρίων
3372 5434 3646 5508 Χριστοῦ⁹

396 5542 567 5603 funda
608 5546 801 5603 Dei".
850 5566 869 5598 ι
904 5545 1061 5600 Licet
1093 5542 1240 5597 enim
1280 5538 1487 5593 dictum
1518 5538 1626 5593 sit:
1663 5555 1682 5587 ι
1715 5535 1848 5603 Quis
1879 5552 1971 5590 co-

2089 5555 2105 5586 ι
2131 5534 2203 5587 Τὸ
2234 5533 2345 5605 γὰρ
2378 5533 2624 5604 Πνεῦμα,
2652 5533 2810 5603 φησὶ,
2835 5530 3010 5584 πάντα
3040 5532 3254 5601 ὲρευνᾶ.
3283 5528 3375 5583 καὶ
3407 5527 3477 5580 τὰ
3509 5523 3643 5597 βάθη

467 5694 514 5728 ’³
546 5692 713 5748 Eccli.
742 5709 820 5761 Ill,
846 5694 938 5755 εἳ,
1013 5695 1058 5727 ³³
1091 5693 1232 5750 Psal.
1274 5710 1433 5759 xxxv,
1466 5695 1515 5747 7.
1591 5695 1636 5724 θ’
1667 5692 1810 5747 PsaL
1846 5707 1971 5747 σειν

2076 5686 2165 5744 l9.
2233 5683 2324 5739 ’σι
2357 5682 2482 5739 Cor.
2531 5698 2590 5746 ιι,
2629 5683 2710 5738 l0.
