4026 6140
352 302 455 399 737
708 416 713 421 τ
1729 334 2242 424 QUzESTIONES-
3492 342 3603 405 733

353 448 448 501 τοῦ
477 443 634 500 Θεοῦ.
661 463 680 496 ι
705 444 770 497 Ei
799 439 1036 516 γάρ’καὶ
1056 445 1290 515 εἴρηταιο
1322 462 1340 496 ι
1372 444 1470 508 Τίς
1498 444 1638 513 ἔγνω
1667 447 1803 500 νοῦν
1824 448 1937 500 Κυέ

2130 451 2228 504 ivit
2259 448 2424 521 393
2451 465 2672 507 sensum
2717 447 2937 505 Domini
2964 448 3050 503 ὀἳ
3079 469 3095 501 ι
3125 449 3328 506 Paulus
3353 458 3535 507 tamen
3566 463 3626 509 et
3716 494 3720 503 ,

361 538 516 609 ρίου;
554 554 573 587 ι
613 526 730 589 ἀλλδ
771 534 800 587 6
848 535 1059 598 Παῦλος
1114 536 1209 588 καὶ
1237 539 1286 589 οἱ
1329 537 1469 591 κατὰ
1501 536 1713 590 Παῦλον
1748 537 1936 605 λέγου-

2038 540 2339 597 imitatores
2367 543 2520 597 Pauli
2554 540 2748 596 dicunt
2779 560 2792 596 :
2834 561 2852 594 ι
2885 543 2997 597 Nos
3027 556 3245 597 sensum
3274 542 3475 599 Christi
3524 545 3625 600 ha-

358 645 475 694 σιν,
504 627 585 680 ὅτι
628 645 648 678 ι
703 626 897 696 Ἦμεῖς
924 625 1050 681 νοῦν
1092 628 1331 697 Χριστοῦ
1363 628 1583 698 ἔχομεν,
1616 646 1636 680 ι
1668 627 1814 681 καθὰ
1841 612 1937 681 καὶ

2039 631 2232 685 bemus
2265 632 2341 697 ";
2380 651 2399 683 ι
2432 631 2897 701 quemadmodum
2943 631 3109 686 etiam
3150 631 3418 687 Jeremias
3462 641 3629 687 testa-

364 718 640 790 Ἱερεμίας
668 720 855 789 φησὶν,
896 718 979 770 ὃτι
1011 719 1073 770 οὐ
1110 714 1411 789 μὴ’ποιήσῃ
1442 718 1648 789 Κύριος
1683 719 1934 788 πρᾶγμα,

2040 731 2129 778 tur
2154 724 2325 778 Deum
2373 739 2485 778 non
2529 723 2804 780 facturum
2849 724 3090 793 aliquam
3135 739 3256 778 rem
3302 739 3466 793 quam
3513 739 3623 779 non

353 812 495 880 ὅπερ
515 810 616 861 ούκ
646 807 991 877 ἀποκαλύψει
1028 811 1142 872 τοῖς
1169 808 1377 872 δούλοις
1410 809 1575 862 αὑτοῦ
1607 810 1934 880 προφήταις.

1674 810 1934 879 ιοφήταις.
2039 813 2418 881 patefacturus
2441 813 2512 867 sit
2540 813 2714 867 servis
2741 814 2855 867 suis
2884 813 3169 882 prophetis
3199 813 3264 866 ".

425 902 488 953 Εί
518 900 578 954 δὲ
608 902 720 961 τοῖς
743 901 802 952 ὲν
831 901 981 969 νόμῳ
1002 900 1215 969 ἐδήλου,
1235 899 1309 962 ὥς
1338 917 1504 970 φησιν
1534 901 1563 953 6
1588 900 1775 965 Δαόὶδ,
1815 919 1832 951 ι
1859 901 1940 952 Τά

2111 906 2281 961 Porro
2321 905 2365 961 si
2412 906 2496 960 his
2531 906 2625 975 qui
2656 906 2759 961 sub
2802 906 2921 976 lege
2945 917 3102 960 erant
3129 905 3500 960 manifestavit
3526 922 3624 962 oc.-

353 991 525 1063 ἇδηλα
544 990 641 1044 κα)⁸
665 990 735 1043 τὰ
757 989 965 1061 κρύφια
985 991 1083 1058 τῆς
1109 991 1336 1061 καρδίας
1366 1007 1458 1043 σου
1486 990 1761 1061 ὲδὴλωσάς
1788 1006 1898 1060 μοι,
1914 1006 1933 1041 ι

2041 998 2211 1058 culta,
2239 996 2444 1050 Davide
2477 1006 2708 1051 canente
2741 1014 2754 1050 :
2792 1016 2809 1048 ι
2842 996 3054 1051 Incerta
3089 1006 3146 1052 et
3175 997 3411 1057 occulta,
3437 998 3624 1052 cordis

356 1085 537 1156 πολλῷ
592 1084 756 1138 πλέον
803 1088 917 1148 τοῖς
963 1086 1022 1136 ὲν
1054 1086 1121 1154 τῇ
1156 1085 1363 1154 χάριτι,
1407 1084 1604 1147 οἵτινες
1653 1084 1875 1154 ἔμαθον,
1904 1082 1940 1137 ἃ

2043 1086 2127 1141 tui
2168 1086 2523 1140 manifestasti
2558 1086 2692 1140 mihi
2721 1088 2804 1152 ”;
2853 1105 2872 1138 ι
2909 1088 3080 1141 multo
3124 1087 3295 1156 magis
3336 1088 3626 1157 patefaciet

354 1179 631 1251 ὀφθαλμὸς
656 1179 762 1233 οὐκ
789 1172 919 1239 εἶδε,
952 1178 1048 1230 καὶ
1073 1172 1169 1240 οὖς
1194 1178 1295 1230 ούκ
1323 1178 1544 1247 ἢκουσε,
1570 1177 1663 1229 καὶ
1687 1177 1779 1228 ἐπὶ
1804 1192 1940 1247 καρ-

2041 1190 2105 1229 ea
2142 1174 2250 1228 illis
2293 1170 2524 1243 qui‘sub
2547 1175 2718 1244 gratia
2764 1178 2996 1244 degunt;
3032 1174 3128 1245 qui
3162 1175 3479 1230 didicerunt
3504 1192 3625 1245 qua:

352 1270 473 1324 δίαν
507 1269 798 1341 ἀνθρώπου
839 1269 940 1320 οὐκ
973 1267 1163 1337 ἀνέϐη·
1192 1268 1390 1331 οἵτινες
1417 1269 1510 1321 καὶ
1542 1266 1812 1337 εἰσῆλθον,
1848 1268 1942 1321 καὶ

2041 1269 2236 1323 oculus
2262 1284 2370 1322 non
2406 1268 2561 1329 vidit,
2590 1283 2691 1321 nec
2715 1267 2863 1321 auris
2888 1266 3115 1331 audivit,
3151 1282 3254 1322 nec
3283 1268 3336 1322 in
3383 1285 3479 1322 cor
3522 1270 3626 1323 bo-

355 1359 756 1419 άνεπαύσαντο,
776 1358 854 1421 είς
875 1357 995 1411 θεῖά
1026 1375 1151 1410 τινα
1181 1360 1505 1428 πράγματα,
1537 1376 1556 1409 ι
1582 1360 1661 1420 είς
1683 1357 1719 1411 ὃ.
1750 1357 1940 1410 ἐπιθυ-

2043 1362 2206 1415 minis
2240 1361 2609 1415 ascenderunt
2653 1361 2707 1424 ¹;
2753 1358 2847 1429 qui
2879 1359 3108 1428 ingressi
3159 1367 3288 1413 sunt
3338 1360 3391 1413 in
3439 1360 3627 1415 divina

358 1451 551 1524 μοῦσιν
569 1451 788 1519 ἄγγελοι
807 1448 1154 1521 παρακύψαι,
1186 1466 1205 1500 ι
1235 1449 1311 1512 ὼς
1335 1451 1654 1520 μαρτυρεῖή
1674 1450 1793 1502 θεία
1809 1450 1942 1520 Γρα-

2043 1454 2288 1523 quzedam
2325 1451 2505 1522 adyta,
2546 1470 2563 1501 ι
2597 1452 2652 1505 in
2693 1467 2815 1520 qua:
2849 1451 3026 1519 angeli
3055 1450 3375 1505 desiderant
3408 1451 3627 1520 prospi-

355 1546 451 1615 φήο
509 1544 706 1607 οἵτινες
750 1541 965 1613 ἔχοντες
994 1540 1091 1593 σὺν
1125 1541 1202 1611 τῷ
1244 1534 1523 1611 Πνεύματι
1551 1543 1647 1595 καὶ
1692 1537 1781 1594 τὸν
1814 1542 1942 1595 Υίὸν

2042 1559 2190 1608 cere,
2233 1563 2252 1595 ι
2305 1554 2365 1598 ut
2397 1544 2473 1598 ait
2502 1543 2686 1597 divina
2736 1542 3017 1612 Scriptura
3048 1544 3069 1573 ⁸
3100 1560 3113 1596 :
3144 1541 3239 1612 qui
3269 1557 3392 1596 cum
3439 1553 3629 1597 sancto

305 1632 323 1699 ἔ
354 1637 567 1693 καὶτὸν
616 1633 857 1704 Πατέρα,
898 1632 1042 1686 κατά
1082 1635 1182 1703 τὴν
1222 1633 1519 1703 ὑπόσχεσιν
1561 1632 1801 1703 Χριστοῦ
1846 1634 1895 1686 τί

2043 1634 2251 1705 Spiritu
2281 1635 2480 1690 Filium
2513 1650 2732 1704 quoque
2781 1642 2838 1688 et
2888 1633 3103 1688 Patrem
3137 1633 3444 1703 possident,
3472 1633 3629 1703 juxta

305 1710 311 1715 ”
352 1728 647 1796 λέγουσαν.
693 1727 774 1779 ὅτι
808 1742 828 1776 ι
878 1723 1247 1794 Ἑλευσὸμεθα
1272 1723 1384 1790 ἐγὼ
1407 1725 1501 1777 καὶ
1533 1725 1561 1777 6
1588 1725 1803 1796 Πατὴρ,
1845 1741 1895 1777 κς

2044 1727 2186 1801 hanc
2214 1726 2417 1782 Christi
2452 1726 2873 1796 promissionem
2904 1740 2918 1778 :
2954 1743 2973 1775 ι
3004 1724 3118 1795 Ego
3160 1732 3216 1779 et
3247 1723 3409 1779 Pater
3438 1725 3630 1779 venie-

359 1821 528 1890 μονὴν
562 1817 694 1889 παρ’
737 1814 887 1886 αὐτῷ
932 1816 1297 1886 ποιησόμεθα.
1341 1833 1360 1867 ι
1396 1815 1506 1869 Kal.
1553 1816 1715 1870 πάλιν
1750 1815 1938 1885 φησὶν,

2042 1834 2165 1873 mus
2193 1817 2259 1872 ad
2289 1832 2438 1879 eum,
2469 1824 2524 1871 et
2549 1816 2890 1869 mansionem
2914 1814 3058 1884 apud
3083 1830 3208 1868 eum
3237 1814 3501 1869 faciemus
3529 1815 3570 1868 ⁸.
3602 1834 3622 1865 ο

354 1911 437 1964 ὅτι
475 1929 500 1961 ι.
533 1905 728 1971 Οὐδεὶς
768 1908 1027 1976 γινώσκει
1074 1908 1165 1962 τὸν
1217 1906 1461 1978 Πατέρα,
1511 1908 1560 1959 εἰ
1595 1906 1671 1977 μὴ
1714 1908 1743 1960 6
1782 1907 1931 1971 Υἱὸς,

2042 1913 2113 1968 Ει
2145 1931 2158 1968 :
2195 1933 2213 1965 ι
2247 1914 2418 1969 Nemo
2451 1912 2733 1982 cognoscit
2766 1911 3011 1975 Patrem,
3060 1910 3166 1965 nisi
3201 1910 3395 1973 Filius,
3440 1917 3497 1964 et
3539 1909 3628 1964 cui

357 2003 452 2055 καὶ
505 1993 550 2068 ᾧ
596 2002 690 2053 ἐὰν
734 1998 990 2075 βούληται
1030 1998 1060 2050 6
1093 1997 1224 2061 Υίὸς
1256 1995 1635 2064 ἀποκαλύψαι.
1679 2015 1699 2049 ι
1735 1997 1799 2051 Ei
1847 1993 1941 2051 οὖν

2041 2005 2216 2060 Filius
2244 2004 2482 2059 voluerit
2531 2003 2784 2058 revelare
2811 2001 2854 2055 ".
2892 2020 2910 2051 ι
2968 2000 3023 2056 Si
3059 2001 3228 2072 igitur
3255 2001 3371 2071 ipse
3400 2001 3545 2055 Deus
3574 2011 3630 2056 et

356 2090 453 2142 καὶ
490 2087 654 2150 αὐτὸς
686 2088 714 2139 ὁ
743 2084 876 2149 Θεὸς
906 2086 1002 2139 καὶ
1042 2086 1450 2156 παντοκράτωρ
1499 2086 1714 2158 Πατὴρ,
1755 2088 1943 2158 τρόπῳ

2042 2098 2392 2168 omnipotens
2418 2098 2581 2152 Pater
2615 2095 2781 2150 modo
2811 2094 3050 2165 quodam
3078 2094 3349 2164 spirituali
3382 2093 3630 2148 ineffabi-

356 2182 464 2234 τινὶ
508 2178 872 2250 πνευματικῷ
901 2178 1157 2250 ἀρρήτως
1209 2179 1666 2233 ἀποκαλύπτεται
1714 2182 1828 2245 τοῖς
1860 2181 1941 2234 δι-

2041 2189 2171 2244 liter
2213 2189 2379 2259 justis
2430 2189 2741 2249 reveletur,
2783 2195 2990 2256 quanto
3032 2185 3205 2255 magis
3255 2184 3449 2239 iisdem
3501 2201 3627 2254 quae

359 2273 561 2334 καίοις,
598 2271 748 2341 πόσῳ
785 2287 849 2338 γε
896 2269 1098 2338 μᾶλλον
1143 2271 1191 2323 οί
1245 2271 1395 2340 λόγοι
1429 2271 1526 2325 καὶ
1564 2272 1633 2325 τά
1670 2274 1942 2343 μυστήρια

2043 2281 2190 2336 circa
2233 2288 2512 2333 creaturas
2559 2278 2732 2348 ipsius
2775 2285 3042 2347 geruntur
3088 2274 3425 2346 patefaciet?
3470 2274 3538 2329 Et
3580 2275 3628 2330 si

359 2361 469 2414 τῶν
503 2361 825 2431 κτισμάτων
878 2357 1082 2426 αύτοῦ;
1142 2359 1207 2414 El
1257 2360 1367 2432 γάρ
1415 2363 1529 2424 τοῖς
1558 2359 1784 2429 Ἕλλησι
1829 2363 1942 2424 τοῖς

2043 2372 2172 2427 olim
2210 2370 2412 2426 Graecis
2439 2370 2546 2424 hoc
2574 2368 2843 2424 beneficio
2869 2367 3069 2437 dignis,
3105 2365 3172 2419 ad
3200 2365 3624 2420 conversionem

360 2452 530 2518 ἀξίοις
556 2454 693 2524 πρὸς
722 2452 1058 2525 ἐπιστροφὴν
1111 2454 1204 2506 καὶ
1257 2453 1612 2522 θεογνωσίαν,
1646 2450 1830 2524 σχεδὸν
1866 2454 1944 2508 ειη

2042 2463 2251 2532 Deique
2281 2461 2614 2532 agnitionem
2644 2458 2950 2515 notificavit
2982 2456 3166 2512 omnia
3209 2472 3276 2511 ex
3323 2465 3477 2525 parte
3507 2470 3629 2525 quae

363 2547 509 2609 πεῖν,
541 2543 638 2597 τοῦ
687 2542 939 2615 ούρανοῦ,
972 2545 1066 2595 καὶ
1099 2541 1226 2612 γῆς,
1254 2544 1349 2597 καὶ
1380 2545 1615 2615 ἄστρων,
1647 2546 1741 2597 καὶ
1764 2543 1939 2614 ἡλίου,

2044 2549 2110 2608 πᾶ
2148 2550 2369 2614 cmlum,
2408 2558 2632 2608 terram.
2664 2557 2835 2612 astra,
2882 2548 3076 2610 solem,
3124 2561 3295 2609 mare,
3328 2545 3622 2609 elementa,

362 2638 456 2690 καὶ
507 2636 811 2706 Θαλάσσης,
868 2635 964 2688 καὶ
1020 2635 1321 2705 στοιχείων,
1363 2636 1459 2690 καὶ
1499 2637 1791 2706 σωμάτων,
1844 2637 1942 2691 καὶ

2044 2661 2276 2715 corpora
2305 2652 2362 2698 et
2401 2642 2628 2712 spiritus
2658 2648 2930 2711 spectant,
2958 2646 3167 2709 quanto
3193 2637 3367 2708 magis
3388 2637 3495 2692 hoc
3525 2635 3625 2691 be-

362 2729 713 2799 πνευμάτων,
762 2727 824 2779 τὸ
863 2726 1162 2796 μυστήριον
1194 2725 1259 2778 ὲκ
1297 2725 1500 2796 μέρους
1546 2725 1812 2797 ἐγνώρισε
1846 2730 1941 2783 καὶ

2044 2718 2301 2794 neﬁcium
2344 2736 2629 2808 praestabit
2674 2734 2784 2790 illis
2827 2734 2884 2788 in
2925 2732 3148 2803 quibus,
3194 2746 3298 2786 ceu
3346 2730 3626 2801 indigena,

364 2816 684 2886 ἀπεκάλυψε
715 2816 857 2871 αὐτὰ
886 2817 915 2868 6
942 2815 1099 2880 Θεὸς,
1130 2814 1283 2886 πόσῳ
1313 2832 1378 2885 γε
1422 2815 1626 2886 μᾶλλον
1664 2818 1773 2880 τοῖς
1806 2816 1942 2871 ἔνοιο

1555 2833 1626 2870 ιον
1664 2818 1773 2880 τοῖς
1806 2816 1942 2871 ενοιο
2044 2828 2293 2885 habitat?
3137 2828 3145 2837 ’

365 2927 456 2963 κον
481 2910 642 2963 αὑτὸν
671 2908 853 2977 ἔχουσι
878 2924 893 2973 ;

440 3000 640 3055 Πολλαὶ
666 3000 764 3070 μὲν
791 2995 883 3054 οὖν
912 3017 979 3053 πε
990 3000 1044 3072 pl.
1070 2999 1277 3053 τούτων
1306 2998 1401 3052 καὶ
1421 2998 1529 3052 τῶν
1556 2998 1814 3053 τοιούτων
1845 2996 1943 3070 ζη-

2113 3004 2161 3059 Α
2189 3003 2414 3059 condito
2442 3002 2652 3058 mundo
2681 3002 2750 3057 de
2778 3001 2867 3058 his
2912 3009 2968 3057 et
3006 3000 3062 3056 id
3102 3014 3275 3071 genus
3304 2997 3429 3053 aliis
3472 3010 3625 3067 qum-

365 3093 626 3164 τημάτων
658 3090 719 3156 ἐξ
749 3091 959 3145 αἰώνων
985 3091 1244 3159 γεγόνασι
1273 3090 1527 3160 ζητήσεις
1544 3107 1605 3143 τε
1634 3089 1730 3143 καὶ
1752 3089 1940 3160 διερω-

2042 3095 2250 3152 stiones
2297 3103 2354 3150 et
2394 3095 2560 3149 variae
2607 3094 2999 3160 dubitationes,
3050 3089 3529 3159 interrogationes,
3570 3093 3627 3142 et

365 3185 572 3255 τήσεις·
611 3185 706 3236 καὶ
756 3184 816 3236 ού
867 3182 997 3254 περὶ
1032 3182 1242 3237 τούτων
1279 3182 1463 3252 μόνον,
1488 3180 1624 3237 ἀλλὰ
1669 3180 1764 3234 καὶ
1795 3180 1939 3244 τίνος

2042 3185 2434 3243 controversia:
2463 3184 2794 3238 exstiterunt
2824 3200 2837 3236 :
2866 3197 2971 3238 nec
2998 3182 3066 3237 de
3091 3179 3179 3235 his
3209 3179 3410 3241 solum,
3443 3176 3539 3232 sed
3569 3183 3626 3231 et

366 3276 525 3345 χάριν
562 3275 705 3346 ἀνὴρ
734 3275 878 3337 ὅσιος
912 3272 1232 3345 περιπατῶν
1277 3274 1335 3325 ὲν
1373 3272 1495 3343 ὁδῷ,
1523 3272 1677 3341 ἄφνω
1725 3271 1941 3325 ἐτελεύ-

2042 3277 2110 3352 de
2141 3278 2265 3333 aliis
2297 3294 2311 3331 :
2339 3285 2399 3331 ut
2427 3277 2585 3347 cujus
2608 3276 2781 3347 gratia
2809 3274 2895 3328 vir
2924 3283 3166 3336 sanctus,
3194 3272 3323 3326 dum
3357 3268 3624 3325 deambu-

362 3381 551 3438 τησεν,
592 3365 780 3433 ἕτερος
810 3364 866 3415 ὲν
914 3361 1180 3433 βαλανείῳ
1205 3360 1404 3430 ὁμοίως
1432 3360 1532 3430 τὴν
1559 3360 1738 3430 ψυχὴν
1796 3375 1942 3429 παρ-

2039 3370 2203 3431 laret,
2235 3368 2421 3423 subito
2453 3367 2758 3423 exstinctus
2785 3371 2887 3429 est,
2915 3365 3055 3419 alius
3078 3364 3134 3417 in
3158 3363 3356 3417 balneo
3381 3359 3628 3429 exspira-

369 3457 590 3520 έδωκεν,
611 3455 698 3508 ἓτε
708 3471 798 3524 ρος
815 3456 873 3507 ὲν
892 3452 1139 3525 τραπέζῃ
1158 3452 1218 3504 τὸ
1235 3453 1492 3521 ποτήριον
1506 3451 1817 3523 δεξάμενος,
1844 3452 1941 3504 σὺν

2039 3462 2138 3525 vit,
2177 3461 2319 3516 alius
2346 3461 2400 3515 in
2426 3460 2633 3524 mensa,
2662 3458 2861 3529 poculo
2895 3467 3143 3526 accepto,
3179 3456 3340 3510 simul
3372 3470 3494 3510 cum
3526 3453 3624 3509 illo

364 3544 513 3616 αὐτῷ
548 3545 645 3598 καὶ
668 3545 728 3597 τὸ
753 3544 1012 3613 ποτήριον
1034 3541 1129 3595 τοῦ
1159 3540 1387 3594 θανάτου
1415 3540 1568 3594 ἔπιεν
1589 3556 1603 3571 ο
1631 3542 1766 3612 άλλη
1800 3541 1939 3611 γυνὴ

2039 3552 2300 3622 poculum
2329 3552 2525 3607 mortis
2550 3550 2757 3617 ebibit;
2785 3550 2891 3604 alia
2919 3548 3116 3603 mulier
3143 3548 3196 3601 in
3221 3554 3406 3616 partu,
3430 3546 3536 3600 alia
3565 3546 3622 3600 in

362 3638 643 3698 τίκτουσα,
676 3634 810 3705 ἄλλη
836 3636 905 3705 ,ὲν
952 3632 1032 3702 τῷ
1080 3631 1308 3703 θαλάμῳ
1351 3632 1489 3701 ἁγνὴ
1521 3632 1615 3685 καὶ
1649 3630 1936 3702 παρθένος,

2040 3641 2281 3696 thalamo
2316 3639 2575 3694 inviolata
2606 3638 2783 3709 virgo,
2814 3637 2932 3707 ipso
2958 3636 3221 3706 nuptialis
3266 3635 3448 3705 gaudii
3479 3644 3621 3689 tcm-

361 3734 428 3801 τῇ
456 3729 578 3799 ὥρα
601 3727 699 3781 τοῦ
717 3728 896 3795 γάμου
949 3726 1047 3780 καὶ
1070 3726 1170 3797 τῆς
1189 3726 1364 3795 χαρᾶς
1384 3722 1754 3792 ὲτελεύτησεν·
1783 3721 1940 3785 ἄλλος

2041 3748 2195 3804 pore,
2224 3733 2461 3787 animam
2490 3731 2719 3797 eﬂlavit;
2765 3730 2905 3784 alius
2931 3727 3239 3783 sacerdotio
3273 3726 3541 3788 initiatus,
3566 3731 3622 3778 et

365 3824 442 3885 εις
478 3819 781 3894 ἱερωσύνην
813 3819 1036 3882 δικαίως
1066 3815 1490 3888 προχειρισθεὶς,
1523 3816 1616 3867 καὶ
1642 3812 1822 3883 ψυχὰς
1848 3812 1939 3865 δυ’

2041 3825 2337 3879 multarum
2385 3824 2693 3879 animarum
2732 3822 2890 3876 lucro
2939 3819 3268 3882 destinatus,
3312 3817 3472 3872 tertia
3507 3817 3621 3880 die,

365 3915 600 3985 νάμενος
633 3912 827 3976 σῶσαιι,
857 3912 925 3983 τῇ
970 3910 1130 3981 τρίτῃ
1167 3909 1352 3980 ἡμέρᾳ
1394 3908 1633 3977 νοσήσας
1675 3904 1936 3959 ἀπέθανε.

2041 3916 2236 3972 morbo
2264 3924 2570 3979 contracto,
2604 3913 2858 3968 moritur.
2889 3912 2965 3966 De
2990 3909 3192 3982 quibus
3212 3908 3491 3970 omnibus,
3524 3908 3622 3978 qui

362 4004 500 4076 napi.
526 3998 602 4057 ὧν
632 4002 910 4065 ἁπάντων,
933 4001 962 4053 6
994 4001 1132 4072 μετά
1156 3999 1392 4062 πίστεως
1425 3995 1641 4069 χωρῶν,
1666 3997 1935 4068 χωρείτω,

2037 4016 2221 4080 potest
2253 4023 2378 4063 cum
2428 4005 2534 4060 fide
2566 4018 2783 4074 capere,
2828 4001 3027 4073 capiat,
3062 4008 3119 4055 et
3159 3999 3496 4071 singulorum
3535 4014 3623 4055 so-

363 4095 460 4148 καὶ
485 4093 584 4164 τὴν
612 4092 769 4146 λύσιν
805 4091 1150 4155 άδιστάκτως
1206 4090 1351 4144 κατὰ
1383 4089 1480 4161 τὴν
1505 4090 1764 4160 Πατὲρων
1795 4089 1939 4142 διδα-

1886 4106 1939 4142 ι·
2037 4099 2305 4155 lutionem
2328 4113 2395 4153 ex
2415 4095 2664 4153 doctrina
2687 4103 2999 4150 sanctorum
3020 4091 3244 4147 Patrum
3269 4089 3476 4145 audiat.

363 4183 464 4254 χὴν
506 4183 773 4238 ἀκουέτω.

444 4276 534 4328 Ἐν
566 4276 711 4344 ἀρχῇ
746 4273 983 4344 ποιήσας
1032 4272 1062 4324 6
1122 4271 1255 4335 Θεὸς
1285 4272 1378 4325 τὸν
1420 4270 1680 4340 οὐρανὸν,
1714 4270 1810 4324 καὶ
1836 4270 1936 4342 τὴν

2106 4275 2169 4330 1η
2213 4273 2508 4344 principio,
2563 4269 2785 4341 quando
2848 4269 2993 4323 Deus
3039 4266 3239 4322 coelum
3287 4273 3341 4321 et
3392 4273 3617 4330 terram,

360 4370 485 4439 γῆν,
515 4366 613 4420 καὶ
641 4366 742 4437 τὴν
780 4364 1080 4431 θάλασσαν,
1114 4364 1210 4418 καὶ
1234 4364 1418 4417 πᾶσαν
1442 4362 1650 4434 ταύτην
1674 4361 1774 4433 τὴν
1798 4363 1935 4432 6pm-

2038 4382 2210 4430 mare,
2244 4378 2302 4421 et
2345 4365 2660 4419 universam
2699 4362 2844 4415 hanc
2873 4358 3263 4430 aspectabilem
3307 4367 3617 4411 creaturam

363 4460 533 4530 μένην
564 4459 769 4522 κτίσιν,
804 4458 871 4511 ὲκ
902 4458 1190 4528 τεσσάρων
1243 4455 1524 4527 στοιχείων
1556 4454 1725 4524 αὐτὴν
1756 4470 1935 4524 παραυ

2035 4458 2306 4524 condidit,
2366 4473 2435 4512 ex
2474 4465 2714 4525 quatuor
2753 4453 3041 4508 elementis
3094 4466 3214 4507 eam
3255 4450 3487 4504 mirifice
3529 4464 3621 4503 co-

358 4551 526 4617 δόξως
551 4547 945 4610 κατεσκεύασε,
977 4546 1159 4610 καθὼς
1182 4546 1276 4599 καὶ
1307 4545 1408 4617 ἤδη
1436 4542 1726 4614 προλαϐὼν
1753 4540 1925 4610 εἷπον,

2035 4549 2384 4622 agmentavit,
2423 4557 2481 4602 ut
2515 4546 2670 4616 prius
2713 4545 2878 4599 etiam
2904 4544 3135 4606 dictum,
3176 4557 3243 4597 ex
3275 4541 3421 4613 igne,
3457 4554 3617 4622 aqua)

360 4642 423 4695 ἐκ
450 4642 646 4712 πυρὸς,
678 4640 775 4694 καὶ
805 4638 1022 4704 ὓδατος,
1051 4637 1178 4707 γῆς.
1210 4637 1305 4691 καί¹
1327 4637 1521 4708 ἀέρος’
1550 4635 1610 4701 ἐξ
1639 4630 1714 4689 ὧν
1742 4637 1840 4689 καὶ
1869 4636 1929 4689 τὸ

2038 4650 2203 4706 terra,
2252 4654 2400 4696 aere.
2453 4640 2533 4695 Ex
2579 4637 2783 4707 quibus
2831 4636 2997 4690 etiam
3041 4649 3241 4704 corpus
3284 4640 3533 4687 nostrum
3565 4638 3622 4685 et

360 4734 520 4803 σῶμα
559 4732 621 4784 τὸ
661 4730 823 4802 ἡμῶν
880 4731 977 4783 καὶ
1008 4729 1118 4782 τῶν
1153 4727 1308 4792 ζώων
1342 4727 1648 4796 σύγκειται.
1684 4727 1928 4781 Δέδωκεν

2035 4733 2365 4789 animalium
2394 4738 2627 4787 constat.
2672 4729 2833 4785 Dedit
2882 4729 3045 4797 igitur
3093 4727 3235 4781 Deus
3269 4725 3356 4779 his
3384 4733 3620 4793 quatuor

356 4823 450 4878 οὖν
474 4827 504 4877 6
533 4822 666 4885 Θεὸς
715 4821 926 4884 τούτοις
966 4823 1079 4884 τοῖς
1107 4819 1368 4890 τέσσαρσι
1401 4818 1708 4889 στοιχείοις,
1741 4817 1930 4890 ὥσπερ

2034 4823 2326 4878 elementis
2367 4821 2520 4875 velut
2552 4818 2787 4874 ducibus
2816 4816 2978 4887 399
3004 4825 3061 4869 et
3095 4813 3322 4884 aurigis,
3348 4820 3513 4883 prout
3535 4811 3618 4880 ip-

357 4915 467 4968 τισὶ
521 4912 847 4986 στρατηγοῖς
904 4912 1000 4964 καὶ
1053 4910 1320 4981 ἡνιόχοις,
1364 4910 1561 4975 ’καθὼς
1620 4912 1718 4964 καὶ
1769 4911 1933 4975 αὐτὸς

2034 4916 2151 4970 sius
2166 4914 2421 4968 voluntas
2443 4911 2569 4975 fert,
2590 4918 2912 4980 potestatem
2937 4904 3379 4967 administrandi,
3398 4901 3615 4974 agendi,

358 5005 629 5071 Βούλεται,
662 5006 886 5059 διοικεῖν
909 5004 1006 5058 καὶ
1025 5004 1203 5072 ἄγειν,
1236 5003 1369 5057 κυόε
1379 5004 1507 5074 ρνᾷν
1533 5003 1632 5074 τὴν
1652 5003 1710 5063 ἐξ
1730 5002 1930 5070 αὐτῶν,

2028 5011 2089 5060 et
2116 5002 2461 5076 gubernandi
2492 5013 2816 5070 corpoream
2861 5006 3115 5053 naturam
3152 5011 3220 5051 ex
3266 4995 3423 5065 ipsis,
3465 4993 3618 5048 velut

352 5098 544 5171 ὥσπερ
594 5100 661 5152 ὲκ
691 5100 943 5167 πατέρων
975 5096 1140 5151 τινῶν
1168 5096 1524 5167 γεννηθεῖσαν
1573 5097 1669 5150 καὶ
1718 5096 1930 5167 σχεδια-

2032 5113 2101 5153 ex
2128 5096 2383 5166 patribus
2412 5093 2743 5163 quibusdam
2770 5092 3112 5163 progenitum
3147 5096 3205 5144 et
3245 5095 3611 5157 compactam.

358 5191 588 5246 σθεῖσαν
619 5190 730 5244 τῶν
763 5189 1034 5260 σωμάτων
1081 5189 1263 5258 φύσιν.
1298 5188 1461 5243 Ὅθεν
1491 5189 1584 5242 καὶ
1623 5188 1771 5241 ἔστιν
1797 5188 1935 5241 εῖδε-

2033 5188 2176 5243 ηἰηο
2203 5185 2393 5241 videre
2420 5193 2505 5240 est
2547 5184 2731 5239 omnia
2763 5182 3044 5238 terrestria
3096 5194 3353 5250 corpora,
3399 5177 3618 5246 plantas

352 5282 481 5336 σθαι
510 5283 599 5336 ἀεὶ
633 5282 810 5337 πάντα
839 5282 907 5336 τὰ
941 5281 1162 5349 ἐπίγεια
1203 5279 1458 5350 σώματα.
1497 5281 1593 5332 καὶ
1624 5279 1799 5349 φυτά,
1833 5279 1928 5333 καὶ

2031 5278 2316 5341 nimirum,
2349 5286 2405 5332 et
2434 5274 2713 5339 animalia,
2737 5280 2792 5329 et
2815 5272 3000 5328 omnia
3035 5279 3147 5325 tam
3185 5269 3423 5323 animata
3446 5279 3605 5334 quam

353 5374 490 5441 ζῶα,
529 5375 625 5429 καὶ
654 5375 802 5429 ἆπαν
848 5372 1094 5445 ῑμψυχὸν
1133 5389 1194 5426 τε
1249 5373 1342 5426 καὶ
1380 5370 1588 5442 ἄψυχον
1645 5373 1783 5442 πρὸς
1826 5374 1927 5438 τὴν

2026 5370 2347 5432 inanimata,
2397 5368 2466 5423 ad
2509 5368 2653 5423 aeris
2696 5375 2753 5423 et
2794 5366 3197 5420 elementorum
3229 5359 3515 5414 misturam
3555 5362 3612 5408 et

351 5464 463 5518 τῶν
502 5464 683 5535 ἀέρων
716 5463 815 5517 καὶ
859 5463 969 5517 τῶν
1020 5461 1304 5533 στοιχείων
1330 5462 1530 5530 κρᾶσιν
1560 5461 1805 5531 ἀγόμενα
1833 5462 1929 5514 καὶ

2025 5469 2519 5532 temperamentum
2541 5455 2868 5527 circumagi,
2893 5451 3271 5515 transmutari,
3293 5459 3606 5510 senescere,

357 5555 680 5626 ποιούμενα,
716 5554 812 5609 καὶ
843 5554 1304 5627 μεταποιούμενα,
1336 5554 1431 5607 καὶ
1459 5552 1858 5624 παλαιούμενα,
1891 5553 1923 5622 ἦ

2023 5552 2379 5620 reviviscere,
2400 5550 2697 5620 corrumpi.
2727 5548 2785 5603 Si
2809 5547 2878 5602 de
2900 5545 2989 5601 his
3011 5542 3254 5607 dubitas,
3279 5536 3438 5601 cedo,
3463 5534 3610 5591 unde

419 5671 469 5705 ⁸⁸
504 5664 831 5740 ICor.u.I6;
872 5669 1032 5740 Rom.
1066 5668 1261 5740 nam.
1337 5667 1385 5700 "
1419 5666 1593 5740 lgor.
1628 5665 1822 5740 tr,_16._
1878 5665 1925 5698 ”
1948 5665 2009 5722 ιο

2016 5681 2153 5740 rem.
2184 5680 2309 5728 xxv,
2337 5664 2391 5728 4,
2419 5671 2475 5718 et
2496 5660 2628 5716 alibi
2657 5673 2821 5729 sape.
2899 5656 2945 5689 ”
2973 5654 3116 5710 Psal.
3158 5668 3209 5719 ι,
3241 5650 3296 5712 8.
3372 5649 3387 5680 ¹
3418 5646 3441 5702 1
3478 5645 3606 5702 Cor.

357 5752 396 5808 ι,
420 5740 478 5798 9.
556 5740 578 5772 ¹
603 5739 629 5795 1
656 5736 823 5796 Ρειτ.’
841 5756 883 5804 ι,
921 5739 1009 5793 1‘3.
1089 5739 1108 5769 '
1144 5738 1304 5799 Joan.
1328 5753 1440 5802 nv,
1460 5737 1552 5792 2‘5.
1630 5741 1651 5769 δ
1674 5736 1863 5790 Matth.
1903 5752 1975 5801 xl,
2001 5736 2092 5790 Q7.
3050 5742 3053 5747 '
