4026 6140
442 322 550 388 739

1653 325 1712 383 S.
1752 318 2151 382 ANASTASII
2186 319 2511 380 SINAIT/E

3581 311 3687 376 750

443 437 524 499 tit,
557 442 618 489 ut
659 448 801 505 saepe
831 431 1115 489 mortifera
1156 435 1277 489 lues
1306 434 1526 490 invadat
1566 434 1747 499 bruta,
1777 432 2018 488 volatilia

2133 428 2458 501 ψυχούμενα.
2486 430 2583 484 καὶ
2616 428 3052 499 ζωογονούμενα,
3088 427 3121 497 ἢ
3148 423 3505 497 φθειρόμενα.
3543 422 3603 474 Εἰ
3632 420 3690 473 δὲ

442 535 498 581 et
530 525 709 597 pisces
743 525 934 591 maris,
962 525 1055 595 qui
1095 525 1247 581 nullo
1288 534 1514 596 peccato
1554 540 1674 582 sese
1711 525 2020 580 obstrinxe-

444 618 618 672 runt?

519 880 687 952 Igitur
736 889 791 935 et
836 880 1138 935 humanum
1189 896 1390 951 corpus
1438 890 1715 945 nostrum,
1764 900 1831 939 ex
1877 895 2017 939 terra

444 980 745 1042 sumptum,
784 973 1031 1043 ejusdem
1081 988 1205 1027 cum
1258 973 1367 1028 illis
1416 974 1754 1040 substantiae,
1793 977 2020 1030 mortale

445 1072 503 1118 et
528 1064 910 1132 corruptibile,
938 1079 1005 1118 ex
1034 1064 1141 1118 illis
1175 1063 1309 1133 ipsis
1329 1065 1614 1120 elementis
1636 1066 2019 1135 compositum,

443 1170 512 1211 ex
537 1138 739 1223 quibus
780 1155 947 1209 etiam
978 1154 1232 1208 animalia
1262 1162 1537 1218 constant,
1566 1156 1755 1212 divino
1783 1157 2021 1225 quodam

444 1256 501 1301 et
531 1247 790 1316 primaevo
825 1245 1101 1310 mandato,
1153 1255 1215 1300 ut
1256 1246 1391 1300 mihi
1419 1247 1659 1313 videtur,
1696 1249 1765 1302 ab
1792 1249 1880 1303 bis
1907 1250 2021 1303 ele-

445 1337 666 1402 mentis,
701 1338 854 1391 velut
884 1353 914 1391 a
957 1337 1481 1408 primogenitoribus
1510 1339 1862 1407 quibusdam,
1883 1348 2018 1394 nutu

445 1429 565 1493 Dei,
588 1428 1024 1489 administratur,
1050 1428 1284 1498 regitur,
1304 1429 1569 1500 augescit,
1593 1429 1750 1497 vivit,
1772 1441 2020 1502 mgrotat,

447 1516 669 1571 tandem
719 1518 971 1571 moritur.
1010 1518 1189 1574 Vitam
1232 1534 1364 1573 vero
1409 1528 1467 1574 et
1507 1529 1738 1575 mortem
1783 1523 2019 1593 appello,

446 1622 567 1676 qua:
589 1607 772 1662 divina
803 1608 1007 1663 virtute
1028 1609 1352 1665 naturaliter
1376 1625 1443 1665 ex
1465 1612 1864 1668 elementorum
1891 1630 2024 1669 con-

445 1698 728 1766 junctione
775 1698 862 1753 vel
927 1699 1289 1755 dissolutione
1337 1701 1533 1756 oritur.
1589 1700 1858 1758 Caeterum
1913 1712 2022 1760 tres

2118 518 2482 587 ἀμφιϐάλλειν
2510 519 2688 574 δοκεῖς
2712 522 2825 582 τοῖς
2849 517 3182 588 εἰρημένοις.
3218 513 3340 568 εἰπέ
3376 529 3486 583 μοι,
3525 508 3689 562 πόθεν

2119 607 2382 672 πολλάκις
2425 608 2694 663 θανατικά
2750 607 3037 679 συμϐαίνει
3086 606 3202 669 τοῖς
3239 601 3419 667 ζώοις,
3447 598 3543 667 καὶ
3580 599 3689 660 τοῖν

2120 703 2407 763 πετεινοῖς,
2436 702 2660 765 καὶτοῖς
2696 700 2874 771 ἰχθύσι
2919 701 3018 769 τῆς
3052 696 3350 766 θαλάσσης,
3384 694 3500 755 τοῖς
3527 686 3693 762 μηδὲν

2121 792 2254 862 πρὸς
2293 792 2435 846 ’Θεὸν
2462 793 2845 863 ἁμαρτήσασιν
2866 808 2881 857 ;

2196 881 2410 935 Οὐκοῦν
2443 883 2540 936 κα)⁵
2571 882 2633 934 τὸ
2666 880 3009 952 ἀνθρώπινον
3041 878 3199 949 ἡμῶν
3242 874 3302 928 τὸ
3340 877 3405 927 ὲκ
3449 872 3549 941 τῆς
3592 870 3694 947 γῆς

2120 970 2327 1042 ληφθὲν
2367 974 2549 1044 σῶμα,
2613 974 2904 1043 ὁμοούσιον
2947 971 3132 1033 αὐτοῖς
3184 967 3454 1036 ὑπάρχον,
3503 962 3695 1031 θνητὸν

2121 1065 2216 1118 καὶ
2246 1064 2506 1136 φθαρτὸν,
2544 1066 2607 1118 ἐκ
2637 1063 2745 1117 τῶν
2774 1062 2953 1116 αὐτῶν
2987 1057 3268 1130 στοιχείων
3315 1057 3409 1110 καὶ
3450 1053 3549 1125 τὴν
3596 1051 3694 1106 σύ-

2124 1172 2314 1209 στασιν
2347 1154 2492 1225 ἔχον,
2529 1155 2590 1219 ἐξ
2625 1151 2699 1208 ὧν
2721 1153 2816 1207 καὶ
2847 1153 2918 1206 τὰ
2944 1153 3059 1218 ζῶα
3085 1150 3437 1219 συνέστηκεν,
3470 1147 3547 1208 ὡς
3572 1144 3695 1214 ἐμοὶ

2121 1248 2286 1312 δοκεῖ,
2325 1245 2448 1317 θείᾳ
2487 1249 2581 1299 καὶ
2610 1245 2884 1316 ἀρχεδότῳ
2931 1242 3247 1314 προστάξει.
3281 1239 3385 1293 ὑπὸ
3413 1236 3523 1290 τῶν
3550 1253 3695 1288 στοι-

2122 1338 2284 1409 χείων
2325 1338 2526 1391 ὡσανεί
2568 1354 2732 1391 τινων
2770 1336 3116 1406 γεννητόρων
3165 1330 3353 1397 αὐτοῦ,
3384 1329 3530 1399 λόγῳ
3557 1325 3692 1380 Θεοῦ

2121 1429 2425 1494 διοικεῖται,
2456 1429 2553 1484 καὶ⁵
2582 1430 2801 1499 ἄγεται,
2827 1428 2923 1482 καὶ
2957 1427 3132 1494 αῦξει,
3157 1424 3251 1478 καὶ
3277 1424 3366 1494 ζῇ,
3403 1421 3498 1474 καὶ
3527 1421 3689 1484 νοσεῖ,

2122 1518 2219 1571 καὶ
2247 1517 2491 1590 τελευτᾷ.
2525 1517 2678 1588 Ζωὴν
2717 1515 2776 1570 δὲ
2816 1513 2912 1569 καὶ
2949 1512 3208 1583 τελευτὴν
3252 1508 3398 1576 λέγω
3445 1505 3543 1577 τὴν
3577 1504 3709 1591 θείξι⁶

2122 1609 2350 1678 δυνάμει
2391 1607 2636 1678 φυσικῶς
2681 1609 2748 1660 ἐκ
2795 1608 2895 1677 τῆς
2940 1605 3049 1658 τῶν
3100 1601 3381 1672 στοιχείων
3452 1595 3705 1656 ἐνώσεως

2125 1700 2220 1754 καὶ
2241 1701 2558 1770 διαιρέσεως
2588 1698 3009 1769 συνισταμένην,
3046 1696 3206 1768 Τρεῖς
3234 1695 3343 1763 γὰρ
3372 1686 3488 1745 οἶδα
3515 1687 3699 1752 τάξεις

447 1790 661 1860 species
693 1792 888 1845 mortis
920 1800 1124 1857 statuo,
1154 1808 1318 1847 unam
1361 1808 1706 1848 communem
1746 1804 1803 1850 et
1830 1795 2020 1867 v'ulga—

2133 1793 2301 1862 λέγειν
2331 1793 2596 1847 θανάτου·
2635 1795 2765 1862 μίαν
2794 1791 2891 1862 τὴν
2926 1789 3070 1843 κατὰ
3112 1785 3292 1841 κοινοῦ
3332 1783 3448 1852 ἰδίῳ
3480 1780 3695 1847 θανάτῳ

450 1891 581 1947 tam,
612 1897 719 1950 qua
748 1882 998 1951 plerique
1040 1882 1447 1955 defunguntur;
1492 1886 1719 1942 alteram
1761 1889 2022 1957 spiritua-

446 1971 575 2034 lem,
619 1972 798 2040 qualis
839 1982 961 2027 erat
1003 1973 1420 2032 Corinthiorum
1472 1978 1692 2049 indigne
1720 1981 2027 2036 communi-

446 2062 691 2116 cantium
737 2062 781 2127 ⁸,
832 2079 954 2132 qua:
990 2065 1122 2135 ipsis
1165 2080 1195 2119 a
1242 2066 1355 2121 Deo
1401 2083 1500 2137 per
1541 2069 2024 2125 comminationem

450 2152 691 2208 immissa
716 2164 828 2220 est;
860 2157 1078 2224 qualem
1099 2157 1390 2214 subierunt
1417 2175 1636 2230 quoque
1662 2161 2025 2232 primogenita

445 2244 663 2317 Egypti
700 2248 753 2312 °;
786 2263 966 2317 neque
991 2249 1136 2304 enim
1168 2252 1408 2311 naturali
1437 2252 1581 2307 aeris
1608 2253 1695 2307 vel
1729 2253 2028 2309 elemento-

449 2353 569 2392 rum
600 2338 794 2394 ordine
817 2346 874 2394 ct
909 2341 1326 2406 constitutione,
1353 2343 1450 2397 sed
1474 2358 1548 2405 ex.
1565 2344 1751 2399 divina
1778 2345 2027 2416 indigna-

448 2429 617 2493 tione,
651 2445 800 2485 mors
823 2431 909 2486 eis
933 2432 1083 2487 illata
1112 2440 1218 2487 est.
1263 2432 1445 2488 Tertia
1490 2443 1576 2490 est
1609 2436 1700 2491 illa
1726 2451 1849 2507 qua:
1875 2438 2029 2493 inex—

447 2518 688 2588 plicabili
727 2518 940 2589 judicio
983 2519 1081 2574 Dei
1113 2530 1222 2575 tam
1246 2522 1413 2593 justis
1457 2538 1622 2592 quam
1664 2524 1882 2595 injustis
1922 2527 2024 2582 ali-

446 2609 669 2679 quando
713 2610 960 2675 obvenit,
1008 2611 1138 2666 dum
1189 2613 1622 2683 praecipitantur,
1663 2615 2025 2684 suﬂ‘ocantur,

446 2701 534 2755 vel
572 2710 714 2755 terra
760 2701 1074 2756 obruuntur
1114 2718 1180 2756 ac
1219 2704 1599 2770 defodiuntur,
1629 2717 1794 2777 prout
1827 2711 2030 2766 accidit

451 2791 579 2846 ﬁliis
602 2792 704 2847 Job
734 2793 777 2846 ⁷.
813 2792 1081 2848 Similiter
1110 2795 1248 2849 duas
1269 2796 1398 2851 vitae
1420 2797 1760 2856 differentias
1781 2802 2030 2872 agnosci-

449 2896 610 2935 mus:
638 2881 808 2936 altera
849 2892 934 2938 est
974 2885 1283 2940 communis
1312 2894 1368 2941 et
1402 2889 1642 2959 vulgata,
1665 2905 1807 2960 qute,
1832 2902 1895 2947 ut
1930 2908 2030 2949 sa:-

449 2972 575 3041 pius
607 2973 742 3038 dixi,
778 2974 873 3029 Dei
909 2976 1276 3045 providentia,
1304 2994 1374 3034 ex
1400 2980 1800 3038 elementorum
1828 2995 1953 3055 apta
1974 2994 2030 3041 et

2127 1885 2524 1955 συνισταμένην
2545 1901 2559 1916 ·
2599 1883 2861 1954 δευτέραν
2892 1882 2949 1936 δὲ
2993 1882 3069 1946 ὼς
3106 1879 3204 1949 τὴν
3236 1874 3543 1949 Κορινθίων
3565 1871 3697 1923 ποτὲ

2125 1977 2362 2044 ἀναξίως
2397 1975 2821 2039 κοινωνούντων,
2858 1975 2953 2029 καὶ
2982 1973 3124 2027 κατά
3157 1971 3307 2025 θείαν
3333 1965 3564 2038 ἀπειλὴν
3596 1964 3696 2016 αὐ-

2124 2072 2237 2132 τοῖς
2273 2067 2654 2139 πεμπομένην,
2688 2068 2806 2121 οἵαν
2835 2068 2929 2121 καὶ
2963 2068 3044 2128 είς
3076 2064 3170 2117 τὸν
3217 2064 3559 2131 πρωτότοκον
3600 2057 3698 2109 Δί-

2125 2158 2358 2228 γύπτου,
2392 2159 2452 2212 οὐ
2472 2159 2613 2212 κατά
2648 2157 2885 2229 φυσικὴν
2914 2155 3237 2211 ἀκολουθίαν
3271 2154 3450 2222 ἀέρων
3479 2151 3512 2218 ἢ
3552 2166 3698 2202 στοι-

2125 2250 2289 2320 χείων
2337 2250 2729 2320 γεγενημένην.
2780 2251 2917 2304 ἀλλὰ
2974 2250 3069 2302 καὶ
3124 2247 3266 2301 κατὰ
3301 2246 3452 2299 θείαν
3503 2244 3698 2316 ὀργήν.

2127 2341 2336 2415 Τρίτην
2363 2341 2420 2395 δὲ
2445 2342 2544 2413 τὴν
2568 2342 2676 2395 τῶν
2708 2342 2850 2395 κατά
2877 2342 3115 2415 ἄρρητον
3159 2342 3335 2410 κρῖμα
3380 2335 3517 2391 Θεοῦ
3560 2353 3699 2406 κρη-

2130 2431 2493 2504 μνιζομένων,
2524 2432 2558 2504 ἢ
2594 2431 3007 2503 πνιγομένων,ἢ
3034 2428 3560 2500 καταχωννυμένων,
3584 2425 3701 2478 ἀδί-

2128 2543 2239 2579 κων
2275 2542 2335 2578 τε
2388 2525 2483 2580 καὶ
2531 2524 2779 2595 δικαίων,
2809 2526 2884 2588 ὡς
2937 2523 3033 2578 ἐπὶ
3085 2522 3194 2576 τῶν
3252 2521 3383 2576 υἱῶν
3414 2520 3508 2574 τοῦ
3554 2516 3699 2573 Ἰὼϐ.

2141 2617 2374 2689 Ὁμοίως
2404 2598 2505 2671 καὶ*
2527 2616 2673 2688 ζωῆς
2700 2617 2795 2670 δύο
2830 2613 2969 2675 εἶναι
3011 2615 3276 2687 διαφορὰς
3321 2611 3701 2682 ἐπιστάμεθα.

2127 2710 2276 2764 Μίαν
2307 2708 2408 2780 μὲν
2458 2707 2557 2779 τὴν
2608 2708 2747 2761 κατά
2796 2705 2981 2761 κοινοῦ
3020 2705 3288 2777 φυσικῶς,
3319 2705 3397 2767 ὡς
3440 2701 3703 2765 πολλάκις

2129 2795 2308 2865 εἷπον,
2339 2801 2405 2852 ὲκ
2454 2798 2711 2869 προνοίας
2741 2797 2877 2852 Θεοῦ
2902 2797 2991 2851 διὰ
3025 2797 3125 2867 τῆς
3160 2796 3268 2850 τῶν
3299 2792 3581 2865 στοιχείων
3611 2792 3705 2845 εύ-

2128 2892 2329 2946 τάκτου
2398 2890 2494 2943 καὶ
2545 2890 2813 2961 εὐκράτου
2892 2890 3213 2962 διοικήσεως
3272 2887 3703 2958 συνισταμένην.

2142 2982 2370 3055 Ἑτέραν
2411 2982 2468 3035 δὲ
2510 2982 2612 3053 τὴν
2651 2981 3011 3054 θεοδώρητον,
3053 2981 3199 3049 λέγω
3246 2980 3311 3053 δὴ
3340 2981 3441 3051 τὴν
3470 2978 3578 3032 ὑπὸ
3607 2976 3705 3030 τοῦ

450 3066 592 3119 bene
641 3073 943 3136 temperata
985 3069 1383 3139 gubernatione
1435 3072 1685 3140 exsistit;
1731 3075 1901 3131 altera
1944 3085 2026 3131 est

2133 3075 2267 3147 Θεοῦ
2300 3075 2695 3149 χαριζομένην,
2727 3075 2816 3128 οῖα
2842 3070 2911 3145 ἦν
2960 3073 3204 3139 Ἐζεκίου
3246 3074 3405 3167 κατὲιμ
3423 3073 3528 3167 τὴν
3553 3071 3708 3167 νόσον

448 3153 717 3208 divinitus
739 3170 1018 3222 concessa,
1049 3156 1313 3228 singulari
1337 3174 1566 3216 munere
1586 3162 1684 3217 Dei
1707 3163 2028 3231 obveniens,

449 3244 630 3314 qualis
659 3254 777 3299 erat
806 3246 1077 3313 Ezechiae,
1111 3249 1426 3318 quindecim
1471 3267 1740 3309 annorum
1770 3255 1878 3310 vita
1909 3265 2033 3326 post

451 3335 725 3401 morbum,
771 3338 988 3394 cmlitus
1018 3340 1297 3410 impertita
1341 3343 1397 3409 ⁸,
1444 3345 1624 3415 qualis
1672 3345 1867 3403 Lazari
1908 3346 2032 3418 p'ost

449 3427 929 3484 resuscitationem
959 3429 1003 3495 ’,
1029 3440 1087 3487 et
1117 3434 1482 3501 quorumdam
1513 3437 1798 3494 similium.

522 3517 676 3575 Scire
720 3520 869 3585 enim
919 3530 1139 3592 oportet
1190 3525 1384 3593 Deum,
1434 3537 1691 3585 tanquam
1739 3531 2029 3588 Dominum

448 3610 576 3665 vitae
605 3622 663 3666 et
703 3612 916 3678 mortis,
950 3621 1180 3680 naturae,
1212 3616 1633 3684 elementorum,
1674 3636 1731 3676 et
1760 3636 2029 3689 omnium,

449 3700 751 3767 interdum,
779 3702 1002 3771 quando
1022 3712 1079 3757 et
1098 3704 1193 3765 ubi
1214 3705 1392 3770 lubet,
1414 3706 1542 3763 vitae
1559 3709 1729 3763 vitam
1754 3709 2028 3781 adjicere;

446 3802 505 3847 et
530 3793 625 3848 ubi
656 3795 823 3848 etiam
857 3796 1033 3861 lubet,
1067 3806 1303 3852 mortem
1337 3798 1563 3865 inferre,
1592 3802 1757 3873 justis
1783 3819 2028 3874 quoque;

450 3894 616 3955 prout
639 3887 707 3940 ad
737 3887 956 3959 Moysen
977 3889 1057 3943 ait
1084 3906 1098 3942 :
1137 3889 1512 3963 (Apponatur
1539 3892 1722 3948 Aaron
1749 3895 1819 3950 ad
1848 3905 2032 3967 patres

446 3990 578 4029 suos
631 3976 703 4042 ¹⁰;
764 3996 782 4027 ι
838 3986 894 4033 et
939 3979 1006 4032 ad
1061 3978 1239 4048 ipsum
1282 3979 1504 4052 Moysen
1553 3998 1569 4035 :
1623 4002 1641 4035 ι
1685 3984 1933 4041 Ascende
1972 3986 2034 4042 in

449 4074 713 4130 montem,
776 4076 833 4121 et
896 4083 1114 4123 morere
1150 4069 1228 4127 .".
1294 4089 1313 4122 ι
1378 4069 1544 4142 400
1602 4072 1722 4128 Meo
1796 4075 2031 4146 judicio,

446 4157 911 4225 quemadmodum
956 4159 1506 4228 Nabuchodonosori,
1550 4164 1764 4231 Davidi,
1811 4177 1868 4222 et
1909 4169 2032 4223 aliis

443 4248 776 4317 quibusdam
816 4250 1145 4320 populorum
1198 4253 1449 4321 patribus
1505 4261 1562 4309 et
1627 4258 1873 4327 gentium
1914 4276 2032 4315 ma-

442 4340 568 4410 gnis
623 4342 866 4412 regibus,
929 4344 997 4398 ad
1048 4346 1237 4415 populi
1299 4346 1621 4418 dignitatem
1667 4359 1725 4406 et
1767 4353 2032 4425 splendo-

2133 3166 2250 3237 ζωὴ
2277 3166 2387 3219 τῶν
2416 3165 2808 3241 πεντεκαίδεκα
2836 3165 3046 3237 χρόνων
3064 3204 3080 3232 ,
3117 3164 3209 3218 καὶ
3226 3164 3261 3222 ὴ
3288 3159 3541 3233 Λαζάρου
3566 3157 3711 3230 μετά

2130 3258 2233 3329 τὴν
2262 3259 2581 3324 ἀνάστασιν,
2614 3258 2710 3313 καὶ
2739 3257 2942 3329 ἐτέρων
2968 3256 3248 3310 τοιούτων.

2200 3530 2293 3582 Δεῖ
2322 3528 2434 3600 γάρ
2468 3529 2617 3599 ἡμᾶς
2675 3527 2811 3599 πρὸς
2868 3526 3082 3592 τούτοις
3124 3526 3469 3592 ἐπίστασθαι,
3516 3527 3713 3599 ὅτιπερ

2133 3622 2210 3687 ῶς
2243 3621 2524 3684 δεσπόζων
2569 3622 2598 3672 ὁ
2626 3619 2757 3684 Θεὸς
2779 3619 2888 3672 τῶν
2932 3618 3086 3684 ζώων
3107 3626 3137 3655 ιι
3185 3619 3280 3674 καὶ
3312 3618 3405 3672 τοῦ
3451 3618 3709 3683 θανάτου,

2134 3714 2366 3769 καὶτῶν
2399 3713 2637 3783 φύσεων,
2688 3713 2783 3766 καὶ
2816 3731 2925 3768 των
2968 3714 3271 3785 στοιχείων,
3322 3716 3417 3768 καὶ
3466 3716 3710 3779 πάντων,

2132 3808 2266 3861 ὅπου
2316 3807 2415 3877 μὲν
2461 3806 2730 3878 βούλεται,
2763 3805 3088 3877 προστίθησι
3120 3806 3285 3878 ζωήν.
3320 3806 3499 3860 Ὅπου
3525 3806 3583 3858 δὲ
3617 3823 3714 3860 κε-

2132 3897 2308 3962 λεύει,
2351 3896 2548 3966 ὲπάγει
2585 3898 2679 3951 καὶ
2731 3897 2824 3949 ἐπὶ
2863 3896 3110 3960 δικαίους
3155 3896 3406 3957 θάνατον,
3454 3895 3531 3960 ὥς
3576 3912 3714 3966 φησι

2134 3989 2271 4064 πρὸς
2327 3989 2596 4045 Μωῡσὲαο
2663 3989 2834 4041 «Ὅτι
2884 3986 3241 4059 προστεθήτω
3302 3986 3519 4057 Ἀαρὼν
3574 3989 3714 4054 πρὸς

2132 4082 2258 4145 τοὺς
2296 4080 2540 4152 πατέρας
2574 4080 2771 4134 αὑτοῦ·
2796 4098 2815 4132 ι
2851 4080 2944 4133 καὶ
2972 4078 3135 4133 πάλιν
3167 4077 3317 4149 αὐτῷ
3348 4077 3427 4148 τῷ
3460 4080 3673 4150 Μωῦσῇ
3696 4095 3712 4110 ο

2141 4192 2159 4224 ι
2196 4170 2454 4242 ’Δνάὄηθι
2486 4174 2567 4236 εἰς
2599 4173 2661 4225 τὸ
2708 4171 2856 4244 ὅρος,
2888 4173 2980 4225 καὶ
3006 4170 3256 4225 τελεύτα.
3288 4189 3305 4222 ι
3356 4171 3515 4273 Ἐμὲ
3540 4171 3735 4273 δοκεῖ,ἰ

2136 4264 2220 4318 ὅτι
2271 4262 2464 4334 ῶσπερ
2505 4264 2601 4316 καὶ
2645 4264 2674 4315 ὁ
2727 4262 3223 4333 Ναϐουχοδονόσορ,
3261 4262 3355 4315 καὶ
3387 4261 3574 4327 Δαϐὶδ,
3617 4262 3712 4315 καὶ

2134 4353 2285 4407 ἄλλοι
2303 4354 2450 4415 τινὲς
2483 4352 2745 4418 πολλάκις
2776 4352 3013 4422 πατέρες
3037 4351 3203 4417 λαῶν,
3230 4354 3324 4406 καὶ
3352 4352 3523 4406 ἐθνῶν
3558 4352 3714 4423 βασι-

445 4448 561 4488 rem
635 4437 981 4492 accessiones
1024 4446 1080 4493 et
1141 4443 1544 4509 successiones,
1605 4444 1944 4505 incrementa
2002 4466 2026 4505 a

2136 4444 2248 4509 λεῖς
2288 4444 2539 4516 μεγάλοι,
2569 4447 2706 4517 πρὸς
2745 4444 2843 4516 τὴν
2865 4444 2959 4497 τοῦ
2988 4443 3120 4498 λαοῦ
3154 4444 3312 4510 ἀξίαν
3339 4446 3433 4498 καὶ
3464 4445 3710 4517 προσθήο

447 4524 558 4581 Deo
608 4526 928 4597 obtigerunt
971 4547 985 4583 :
1033 4528 1107 4585 ita
1150 4532 1366 4587 xcrebro
1422 4535 1586 4604 iustis
1632 4537 1821 4594 itidem
1868 4541 2027 4596 addi-

449 4612 627 4667 tiones
697 4631 968 4671 annorum
1040 4620 1380 4689 obveniunt;
1456 4641 1578 4679 nam
1654 4628 1799 4684 Deus
1864 4647 2028 4702 supra

447 4706 753 4761 naturalem
804 4709 994 4772 vitam,
1031 4712 1197 4765 vitam
1245 4716 1495 4784 corporis
1542 4719 1787 4787 apponit.
1826 4723 2028 4780 Verum

449 4795 506 4850 in
540 4800 795 4866 prmsenti
824 4816 937 4855 non
982 4812 1068 4857 est
1097 4805 1258 4860 nobis
1291 4822 1473 4863 sermo
1503 4808 1571 4863 de
1601 4812 1743 4866 raris
1771 4814 1891 4870 istis
1928 4816 2029 4872 ad-

446 4885 754 4944 ditionibus
802 4899 859 4945 et
924 4893 1432 4962 subtractionibus,
1483 4901 1683 4970 quibus
1728 4905 1896 4961 vitam
1944 4910 2030 4965 vel

447 4980 755 5069 producere
800 4984 886 5039 vel
934 4987 1260 5044 contrahere
1316 4999 1531 5061 potest;
1583 4996 1680 5051 sed
1730 4997 2031 5069 disputatio

445 5077 533 5122 est
574 5068 643 5124 de
671 5074 953 5128 communi
982 5077 1105 5132 vitae
1143 5088 1198 5135 et
1238 5083 1431 5138 mortis
1462 5099 1648 5151 cursu,
1683 5089 1773 5143 cui
1801 5068 2031 5162 corpora

443 5160 694 5214 omnium
735 5178 801 5217 ex
851 5166 1141 5223 clementis
1190 5183 1473 5242 compacta
1507 5175 1837 5247 subiacent:
1885 5160 2027 5252 quo-

447 5250 614 5306 modo
645 5252 859 5310 scilicet
890 5259 1169 5315 nonnullis
1208 5262 1262 5315 in
1300 5265 1618 5334 regionibus
1649 5284 1778 5324 sana
1810 5280 1866 5327 et
1900 5250 2026 5328 diu-

448 5353 611 5399 turna
642 5345 981 5415 subsistant;
1022 5350 1075 5405 in
1108 5352 1235 5409 aliis
1264 5363 1454 5424 contra
1500 5368 1785 5429 agrotent,
1821 5371 1877 5417 et
1907 5365 2025 5420 exi-

518 5483 539 5513 “
569 5482 590 5537 l
619 5481 751 5558 ﬁer.
775 5498 852 5549 xu,
891 5485 981 5547 29,
1014 5484 1101 5540 '50.
1122 5555 1142 5558 _
1218 5487 1438 5558 '_Exod.
1468 5507 1561 5558 xu,
1586 5493 1677 5550 29.

450 5550 536 5604 il.
617 5553 658 5584 ¹¹
688 5554 853 5607 Num.
893 5571 1057 5619 χιιι-ιι,
1088 5555 1176 5621 1‘2,
1211 5555 1299 5612 l5.

1776 5497 2134 5564 ’Job.t,l9.

2137 4554 2239 4600 κας
2283 4537 2378 4591 καὶ
2423 4537 2744 4608 ύςραιρέσεις
2775 4536 2884 4589 τῶν
2941 4538 3005 4589 ὲκ
3037 4535 3171 4589 Θεοῦ
3202 4535 3547 4605 κομίζονται,
3582 4537 3713 4590 πολ·

2137 4627 2293 4690 λάκις
2330 4627 2387 4680 δὲ
2426 4627 2520 4680 καὶ
2550 4627 2781 4691 δικαίοις
2811 4627 2955 4681 τισὶν
2989 4628 3080 4680 ἐπὶ
3123 4627 3294 4680 πλείω
3324 4628 3603 4697 προκοπαὶ
3627 4627 3718 4681 διὰ

2135 4722 2235 4791 τῆς
2274 4719 2597 4791 προσθήκης
2642 4719 2735 4773 τοῦ
2786 4720 2980 4792 χρόνου
3037 4719 3309 4789 μέλλουσι,
3353 4722 3717 4794 προστίθησιν

2135 4818 2164 4869 ὁ
2193 4816 2323 4877 Θεὸς
2372 4815 2512 4886 ὑπὲρ
2556 4815 2652 4884 τὴν
2703 4813 2940 4885 φυσικὴν
2985 4814 3154 4884 ζωὴν,
3187 4815 3286 4885 τὴν
3321 4814 3417 4868 τοῦ
3462 4815 3719 4887 σώματος

2138 4904 2305 4977 ζωήν.
2351 4905 2490 4957 Ἀλλ’
2520 4905 2581 4958 οὐ
2626 4906 2754 4974 περὶ
2783 4905 2989 4958 τούτων
3036 4908 3166 4977 ἡμῖν
3197 4905 3293 4959 νῦν
3323 4905 3433 4959 τῶν
3468 4908 3719 4961 σπανίων

2139 4998 2245 5056 ὑπὸ
2267 4997 2402 5051 Θεοῦ
2432 4997 2491 5052 ἕν
2519 5015 2628 5052 τισι
2655 4993 2983 5070 προσθηκῶν
3035 5000 3131 5052 καὶ
3162 4998 3511 5070 ὐφαιρέσεων
3573 4999 3719 5070 ζωῆς

2137 5090 2235 5143 καὶ
2266 5089 2497 5144 θανάτου
2526 5091 2554 5142 ὁ
2587 5089 2744 5157 λόγος
2783 5090 2929 5143 ἐστὶν
2950 5133 2964 5155 ,
2993 5090 3129 5144 ἀλλά
3159 5091 3254 5143 καὶ
3279 5092 3412 5162 περὶ
3448 5092 3549 5162 τῆς
3579 5092 3718 5145 κατὰ

2138 5179 2320 5233 κοινοῦ
2370 5181 2427 5232 ὲν
2465 5181 2572 5250 ὅλῳ
2600 5179 2677 5249 τῷ
2701 5181 2846 5248 γένει
2875 5180 2977 5251 τῆς
3017 5184 3127 5234 τῶν
3161 5179 3467 5252 ἀνθρώπων
3499 5183 3717 5253 φύσεως

2136 5274 2281 5344 ζωῆς
2313 5290 2373 5326 τε
2400 5273 2494 5326 καὶ
2531 5273 2763 5325 θανάτου
2791 5272 2899 5325 τῶν
2940 5275 3228 5345 ἡμετέρων
3258 5277 3554 5347 σωμάτων.
3594 5276 3718 5338 Πῶς

2135 5367 2192 5420 ἕν
2239 5383 2349 5420 τισι
2384 5365 2484 5435 μὲν
2515 5364 2723 5437 χώραις
2762 5367 2980 5435 ὑγιεινά
3025 5368 3199 5421 ταῦτα
3252 5369 3350 5423 καὶ
3383 5371 3717 5441 πολυχρόνια

2226 5503 2247 5533 ³
2285 5502 2348 5558 IV
2380 5502 2517 5572 Reg.
2546 5519 2634 5568 xx,
2666 5504 2717 5559 Ο.
2819 5504 2839 5536 θ
2862 5505 3015 5559 .lean.
3052 5521 3123 5565 x1,
3158 5508 3244 5559 Η.
3348 5506 3391 5538 ³⁸
3424 5506 3587 5560 Num.
3622 5523 3749 5581 xx”

1716 5656 1943 5713 γΑῐὶιΑξ]
1983 5658 2386 5718 LEC'I‘IONES.

540 5718 565 5745 υ
588 5710 733 5782 Lego
779 5715 933 5779 ζωῶν
959 5733 989 5771 a
1015 5717 1150 5791 ζωή.
