4026 6140
370 376 469 439 ’741

1753 351 2277 454 ὀιτιεεΤΙΟΝΕε

3503 385 3611 453 742

373 491 632 560 γίνονται,
664 488 721 540 ἐν
746 489 929 552 ἄλλαις
966 489 1271 563 ὃὲηθοσερὰ
1293 493 1385 545 καὶ
1408 493 1766 567 ὀλιγοχρόνια.
1808 494 1933 557 Πῶς

2051 508 2144 563 ιιιο
2174 500 2418 562 tempore
2445 490 2670 557 durent,
2694 498 2752 548 et
2780 488 3057 565 quomodo
3083 492 3329 565 quaedam
3356 494 3471 550 loca
3496 498 3609 553 sint

370 583 513 644 τινὲς
544 581 701 634 τόποι
744 580 956 652 συχνῶς
991 580 1259 636 θανατικά
1288 582 1610 652 ὑφίστανται
1630 602 1644 616 ο
1677 586 1832 639 ἄλλαι
1878 585 1937 638 δὲ

374 676 548 743 χῶραι
605 672 774 726 ἐθνῶν
825 670 1040 725 ἀσεϐῶν
1093 672 1322 736 οὐδόλως
1372 675 1676 741 θανατικῶν
1740 678 1938 745 πεῖραν

373 765 720 833 γινώσκουσι.
765 766 875 819 Καὶ
915 765 1081 845 ποθεν
1114 769 1173 819 ἐν
1211 767 1290 838 τῷ
1333 769 1485 841 αὐτῷ
1515 769 1776 833 πολλάκις
1804 750 1938 824 ’Ἑλ-

375 857 570 926 λήνων,
602 857 635 927 ἢ
665 855 1036 928 Βαρϐάρων,ῆ
1072 859 1279 913 πιστῶν
1307 861 1452 928 γένει
1475 861 1620 924 τινὲς
1640 861 1737 931 μὲν
1773 861 1940 913 πολυ-

373 947 648 1015 τεκνοῦσι,
684 948 913 1018 πονηροὶ
937 948 1108 1013 ὄντες,
1146 949 1293 1019 ἄλλοι
1322 951 1377 1004 δὲ
1404 953 1714 1016 ἀτεκνοῦσι,
1744 951 1941 1019 ἀγαθοὶ

376 1038 733 1108 ὑπάρχοντες.
792 1040 900 1091 Καὶ
930 1039 1092 1092 πάλιν
1117 1041 1261 1103 τινὲς
1290 1040 1636 1104 εὐσεϐοῦντες
1663 1042 1929 1114 ὀλιγοχρὸ.

376 1145 477 1181 νιοι
511 1130 773 1196 γίνονται,
802 1119 1062 1199 ἕτεροιδὲ
1104 1132 1349 1201 πονηροὶ,
1391 1132 1732 1203 πολυχρόνιοι
1759 1134 1942 1186 τελευ-

2036 582 2255 637 sanitati
2279 582 2528 645 exitiosa,
2565 581 2668 636 alia
2702 597 2837 636 vero
2864 583 3156 652 impiorum
3181 582 3488 639 incolarum
3515 585 3609 641 vix

2036 672 2335 743 quidquam
2381 673 2538 727 bona
2581 672 2879 726 valetudini
2911 672 3202 728 adversum
3235 673 3415 728 ferant
3454 692 3468 729 :
3502 692 3609 747 qua

2037 762 2264 832 insuper
2310 762 2523 818 ratione
2566 762 2847 832 contingat
2900 772 2959 817 ut
3008 762 3063 816 in
3110 763 3304 818 eodem
3355 765 3476 820 loco
3517 764 3614 821 de-

2038 864 2225 924 gentes
2258 870 2367 909 non
2411 853 2568 923 pauci
2598 862 2655 909 et
2686 852 2858 909 Graeci
2907 861 2963 909 et
3008 854 3267 919 Barbari,
3314 856 3615 926 impietatis

2039 946 2226 1022 studio
2273 946 2467 1011 dediti,
2508 947 2696 1002 liberis
2739 946 3047 1013 abundent;
3086 947 3178 1000 alii
3222 963 3350 1003 vero
3392 949 3614 1018 pietatis

2044 1037 2286 1093 cultores
2319 1038 2468 1091 omni
2511 1037 2682 1107 prolis
2714 1038 2911 1091 solatio
2936 1036 3324 1092 dcstituantur.
3352 1040 3486 1094 ltem
3513 1057 3614 1094 cur

2043 1129 2291 1184 nonnulli
2320 1128 2612 1199 probitatis
2645 1130 2878 1183 studiosi
2903 1129 3099 1200 exiguo
3121 1140 3365 1200 tempore
3394 1131 3612 1197 vivant;

374 1221 532 1274 τῶσι.
571 1222 679 1272 Καὶ
713 1221 852 1282 τίνος
891 1221 1052 1291 χάριν
1088 1223 1138 1274 oi
1174 1224 1272 1292 μὲν
1310 1221 1511 1292 ἄφωνοι
1551 1226 1644 1278 καὶ
1677 1225 1945 1279 άδιάθετοι

2051 1220 2135 1275 alii
2167 1229 2372 1286 autem,
2404 1220 2552 1289 iique
2599 1220 2873 1283 scelerati,
2904 1221 3067 1274 vitam
3103 1220 3170 1275 ad
3217 1223 3419 1277 multos
3443 1239 3617 1278 annos

377 1312 715 1389 ἁρπάξονται
787 1314 880 1364 καὶ
919 1314 1241 1382 θνήσκουσιν
1265 1331 1277 1343 ·
1309 1315 1467 1369 ’ἄλλοι
1513 1316 1591 1382 δὲ,
1625 1318 1717 1370 ἐπὶ
1756 1317 1947 1387 χρόνον

2051 1319 2359 1382 prorogent.
2407 1312 2488 1366 Ad
2530 1312 2665 1378 haec,
2695 1328 2800 1381 qua
2832 1313 2899 1367 de
2928 1328 3088 1367 causa
3119 1314 3211 1368 alii
3244 1315 3397 1370 vocis
3424 1331 3621 1385 exper-

375 1402 750 1481 ἀσθενοῦντες,
782 1402 841 1455 οῦ
867 1401 1176 1457 τελευτῶσι.

2051 1410 2150 1466 tes,
2194 1402 2457 1471 nulloque
2506 1410 2831 1456 testamento
2892 1403 3136 1466 condito,
3183 1404 3526 1474 abripiantur
3562 1414 3618 1460 ct

2048 1492 2386 1558 moriantur;
2428 1493 2519 1546 alii
2558 1502 2740 1547 autem
2771 1492 3032 1548 diuturno
3072 1496 3265 1550 morbo
3298 1496 3616 1562 conflictati,

2049 1585 2217 1639 vitam
2245 1600 2356 1639 non
2387 1584 2597 1639 finiant.

452 1674 559 1727 Καὶ
587 1674 733 1735 ὅπως
765 1672 1126 1742 σαφεστέραὴ
1162 1672 1360 1740 διάγνω
1374 1689 1447 1735 :t;
1490 1673 1584 1725 καὶ
1612 1674 1645 1736 ἡ
1680 1673 1948 1739 ἀπόδειξις

2121 1676 2209 1743 Ει,
2248 1684 2309 1730 ιιι
2336 1676 2651 1747 disquisitio
2679 1692 2742 1732 ac
2771 1677 3165 1732 demonstratio
3212 1678 3618 1748 propositarum

377 1762 489 1814 τῶν
524 1818 527 1819 ν
566 1762 945 1830 προκειμένων
1009 1762 1340 1832 ζητημάτων
1388 1761 1522 1814 Θεοῦ
1576 1764 1760 1832 χάριτι
1795 1763 1948 1832 γένη-

2051 1768 2415 1837 quastionum
2445 1768 2738 1827 dilucidior
2773 1768 2886 1833 fiat,
2932 1769 3197 1824 faciamus
3237 1784 3357 1825 esse
3400 1770 3624 1839 provin-

375 1872 499 1916 ται,
550 1852 878 1925 ὑποθώμεθα
930 1854 1098 1907 πάλιν
1145 1853 1267 1907 τινά
1326 1854 1359 1924 ῆ
1411 1852 1596 1926 χώραν
1640 1854 1815 1922 ἀσεϐῆ
1852 1854 1946 1907 καὶ

2051 1857 2191 1911 ciam
2219 1857 2288 1911 ab
2310 1858 2461 1912 omni
2488 1859 2689 1927 pietate
2712 1867 2769 1913 et
2788 1860 3044 1929 aequitate
3067 1860 3324 1923 alienam,
3348 1859 3623 1915 diabolico

376 1948 700 2016 παράνομον
748 1946 827 2015 τῷ
873 1945 1103 2012 διαϐόλῳ
1149 1946 1541 2015 λατρεύουσαν,
1588 1946 1682 1998 καὶ
1711 1945 1867 2009 ὅλως,
1894 1945 1948 1998 τί

375 2041 496 2091 ἐστι
527 2038 678 2103 Θεὸς,
709 2038 784 2108 μὴ
818 2037 1216 2106 γινώσκουσαν,
1248 2036 1384 2089 ἀλλὰ
1414 2036 1602 2101 λίθοις,
1633 2038 1724 2090 καὶ
1772 2036 1948 2102 ξύλοις

380 2131 670 2197 μυσαροῖς,
689 2129 784 2181 καὶ
832 2126 999 2197 μύαις
1022 2136 1071 2194 ν,
1106 2128 1201 2180 καὶ
1238 2127 1491 2198 πιθήκοις
1532 2128 1946 2198 προσκυνοῦσαν

375 2224 475 2273 καὶ
512 2220 898 2274 δουλεύουσαν·
939 2219 1060 2281 εἰπέ
1101 2236 1191 2290 μοι
1218 2217 1405 2272 λοιπὸν
1452 2219 1517 2273 σὺ
1551 2220 1579 2271 ὸ
1610 2219 1783 2288 λέγων
1811 2235 1947 2288 προ-

376 2313 607 2384 ορισμὸν
635 2313 735 2383 τῆς
759 2312 907 2383 ζωῆς
935 2314 1168 2367 ἑκάστου
1203 2308 1492 2383 ἀνθρώπου
1514 2312 1947 2383 προγεγραμμέ-

378 2424 473 2458 νον
516 2404 666 2476 παρὰ
699 2404 819 2473 Θεῷ
865 2405 1002 2475 πρὸς
1042 2405 1104 2457 τὸ
1151 2404 1451 2475 συμφέρον,
1487 2405 1602 2468 πῶς
1652 2406 1746 2459 καὶ
1774 2404 1863 2459 διὰ
1894 2404 1947 2458 τί

376 2494 524 2556 τινὲς
564 2495 665 2564 τῆς
704 2494 936 2557 ἀσεϐοῦς
983 2495 1190 2559 πόλεως
1232 2495 1467 2565 ἐκείνης,
1495 2497 1543 2549 οί
1590 2496 1688 2567 μὲν
1721 2497 1944 2550 ἑκατον-

375 2586 594 2647 ταετείς
634 2583 987 2645 τελευτῶσιν,
1038 2585 1087 2637 oi
1135 2583 1191 2636 δὲ
1225 2578 1739 2654 πεντηκόνταετεῖςς
1767 2585 1815 2636 oi
1850 2584 1949 2655 μὲν

376 2677 618 2739 ἄτεκνοι,
664 2675 714 2727 οί
771 2676 828 2729 δὲ
880 2674 1202 2733 πολύτεκνοι
1236 2691 1250 2740 ;
1284 2675 1332 2727 oi
1399 2674 1457 2727 δὲ
1484 2673 1945 2743 περιπατοῦντες,

374 2769 558 2837 ἕτεροι
586 2767 642 2820 δὲ
669 2769 761 2820 ἐπὶ
791 2766 1018 2837 πέμπτῃ
1048 2765 1328 2830 πολλάκις,
1352 2765 1385 2836 ἢ
1413 2750 1507 2819 καὶ
1535 2764 1738 2838 δεκάτῃ
1762 2765 1948 2837 ἡμέρᾳ

374 2858 844 2929 ψυχομαχοῦντες,
873 2857 967 2911 καὶ
1012 2858 1426 2928 ταραττόμενοι,
1454 2854 1598 2909 οὕτω
1628 2857 1721 2909 τοῦ
1757 2854 1946 2926 σώμα-

378 2966 472 3012 τος
524 2948 886 3020 χωρίζονταις
919 2947 1069 3001 ἄλλοι
1116 2948 1171 3001 δὲ
1213 2948 1504 3018 εἰρηναίως
1546 2947 1642 3001 καὶ
1699 2946 1949 3018 γαληνῶς

376 3043 479 3112 τὴν
515 3041 691 3110 ψυχὴν
739 3039 1146 3111 παραδιδοῦσιν.
1197 3039 1334 3092 Εἰπέ
1364 3056 1454 3109 μοι
1480 3038 1667 3092 λοιπὸν
1703 3039 1788 3104 σὺ,
1813 3039 1949 3091 πάν-

378 3140 487 3186 των
527 3132 710 3184 αὐτῶν
745 3130 957 3184 ἀσεϐῶν
997 3131 1092 3184 καὶ
1128 3118 1382 3201 πονηρῶν
1427 3129 1618 3190 ὄντων,
1670 3129 1838 3182 πόθεν
1870 3146 1946 3182 τι-

2048 1948 2226 2003 cultui
2273 1948 2658 2018 mancipatam,
2703 1950 2931 2019 verique
2963 1950 3058 2005 Dei
3090 1966 3316 2021 prorsus
3357 1951 3620 2016 nesciam,

2047 2038 2144 2092 sed
2192 2038 2424 2108 lapides,
2472 2039 2793 2095 deteStanda
2843 2042 3010 2112 ligna,
3062 2057 3281 2097 muscas
3332 2026 3390 2096 et
3437 2043 3624 2099 simias

2047 2128 2388 2194 adorantem,
2413 2130 2551 2185 cedo
2571 2146 2691 2210 age,
2714 2140 2769 2185 tu
2788 2132 2882 2202 qui
2905 2133 3135 2204 singulis
3157 2134 3451 2188 terminum
3474 2135 3619 2196 vita,

2046 2226 2210 2289 prout
2243 2220 2375 2275 utile
2401 2227 2508 2284 est,
2543 2236 2574 2276 a
2615 2222 2727 2275 Deo
2752 2223 3019 2293 praestituti
3055 2222 3311 2287 aﬂirmas,
3346 2226 3624 2294 quomodo

2047 2300 2240 2382 et'qua
2275 2311 2344 2367 de
2385 2328 2549 2368 causa
2578 2313 2672 2368 alii
2713 2330 2777 2369 ex
2814 2315 2995 2385 impiae
3023 2316 3171 2371 illius
3204 2316 3444 2373 civitatis
3474 2317 3624 2373 indi-

2047 2405 2207 2474 genis
2249 2404 2552 2460 centenarii
2588 2405 2715 2461 hinc
2755 2407 3043 2468 excedant,
3078 2408 3171 2462 alii
3205 2408 3624 2480 quinquagena-

2049 2496 2152 2563 rii;
2200 2496 2293 2551 alii
2343 2497 2461 2552 sine
2507 2497 2719 2563 liberis,
2751 2496 2844 2551 alii
2888 2499 3057 2554 multa
3086 2500 3275 2555 sobole
3303 2501 3497 2567 dilati;
3528 2501 3626 2557 alii

2048 2586 2482 2667 obambulantes,
2508 2588 2602 2643 alii
2631 2589 2829 2644 crebro
2851 2589 3097 2660 quinque
3123 2591 3209 2647 vel
3236 2593 3403 2647 etiam
3432 2593 3622 2648 decem

2049 2676 2169 2733 dies
2193 2692 2317 2733 cum
2344 2687 2519 2733 morte
2544 2679 2756 2746 luctati,
2789 2695 2932 2751 πει-θ
2956 2682 3194 2737 animam
3225 2681 3441 2750 eﬂlent;
3475 2683 3568 2738 alii
3590 2699 3626 2738 e

2049 2770 2328 2825 contrario
2354 2770 2570 2840 placide
2593 2782 2650 2826 et
2674 2771 2860 2841 quiete
2887 2774 3188 2843 exspirent.
3227 2774 3367 2831 Illud
3395 2783 3624 2843 praeter-

2047 2874 2112 2915 ea
2146 2861 2439 2931 responde,
2494 2851 2792 2931 quomodo,
2824 2878 2948 2918 cum
2977 2880 3169 2920 omnes
3197 2880 3352 2935 aeque
3375 2864 3627 2935 impieta-

2050 2952 2121 3008 tis
2154 2953 2233 3008 rei
2277 2953 2407 3018 sinl,
2442 2954 2662 3024 quidam
2708 2962 2882 3007 totum
2916 2955 3041 3009 vita:
3082 2954 3318 3025 spatium
3361 2962 3626 3025 proSpera

2049 3043 2387 3113 valetudine,
2416 3045 2509 3099 alii
2538 3045 2705 3100 variis
2732 3045 3155 3116 :egritudinibus
3180 3045 3404 3100 obnoxii
3431 3046 3629 3100 decur-

2052 3144 2174 3192 rant
2206 3152 2219 3189 :
2253 3143 2310 3189 et
2332 3136 2410 3190 illi
2436 3135 2656 3205 quidem
2690 3137 2865 3192 multa
2894 3138 3047 3207 prole
3078 3137 3289 3202 relicta,
3318 3136 3409 3191 isti
3438 3137 3625 3197 nulla;

379 3225 469 3287 νὸς
502 3223 682 3276 αὐτῶν
714 3223 888 3291 ὑγιεῖς
932 3222 1024 3274 τὸν
1081 3221 1297 3276 ἅπαντα
1339 3222 1530 3293 χρόνον
1561 3219 1781 3291 διῆξαν,
1814 3220 1863 3273 οἱ
1891 3220 1947 3273 δὲ

2052 3226 2130 3280 illi
2178 3226 2323 3281 inter
2371 3227 2787 3293 ambulandum,
2825 3228 2913 3282 isti
2945 3237 3030 3283 sat
3059 3229 3222 3299 longo
3252 3237 3497 3298 tempore
3531 3228 3629 3283 de-

377 3305 597 3387 νοσεροὶ
628 3316 720 3368 καὶ
754 3298 1125 3381 πολυπαθεῖς;
1175 3313 1274 3366 καὶ
1319 3314 1367 3365 οἱ
1401 3314 1499 3384 μὲν
1535 3311 1872 3376 πολύτεκνοι,
1900 3311 1950 3363 οἱ

376 3410 435 3465 δὲ
468 3409 723 3473 ἇτεκνοι;
759 3406 852 3459 καὶ
895 3408 944 3459 οἱ
980 3406 1076 3476 μὲν
1118 3404 1550 3476 περιπαθοῦντες
1577 3418 1603 3444 ι
1656 3402 1950 3468 ἀπέθανον,

376 3504 427 3555 οί
462 3502 521 3555 δὲ
559 3502 653 3554 ἐπὶ
691 3500 880 3572 χρόνον
906 3501 1397 3567 νοσήσαντεςλκαὶ
1419 3499 1468 3551 οί
1504 3497 1602 3568 μὲν
1659 3496 1953 3551 ἑκατοντα-

376 3601 542 3661 ετετς,
574 3594 625 3648 οἱ
657 3593 713 3647 δὲ
751 3591 1261 3657 διακοσιονταετεῖς;
1295 3589 1444 3644 ἄλλοι
1475 3590 1680 3660 νήπιοι,
1710 3587 1804 3639 καὶ⁵
1839 3586 1956 3639 ξτε-

382 3706 470 3761 ροι
499 3685 821 3758 θηλάζοντες
854 3684 947 3736 τοῦ
972 3684 1086 3755 βίου
1116 3681 1523 3754 ἐπορεύθησαν;
1557 3681 1615 3732 '0
1655 3679 1784 3748 γοῦν
1817 3694 1953 3748 προ-

377 3777 613 3850 ορισμὸν
641 3775 787 3846 ζωῆς
809 3775 1016 3846 χρόνων
1044 3773 1282 3838 δοξάζων
1312 3772 1404 3825 καὶ
1430 3770 1627 3840 λέγων,
1657 3770 1744 3823 ἐπ’
1770 3769 1952 3831 αὐτοῖς

378 3870 714 3943 προσκρούει
744 3869 821 3939 τῷ
841 3867 978 3938 Θεῷ.
1011 3868 1074 3920 Εἰ
1096 3866 1207 3941 γάρ
1232 3864 1538 3935 πρόγνωσις
1564 3864 1734 3926 ἐστιν,
1762 3861 1952 3931 ὥσπερ

376 3959 475 4018 οὖν
508 3962 646 4025 ἐστι,
681 3961 827 4023 τίνος
869 3961 1051 4029 χάριν,
1096 3956 1270 4028 τούτῳ
1313 3958 1412 4026 μὲν
1460 3953 1536 4025 τῷ
1592 3951 1953 4024 είδωλολάτρῃ

376 4056 654 4127 ἀνθρώπῳ
677 4052 1009 4107 πεντακόσια
1032 4053 1127 4123 ἔτη
1151 4053 1293 4122 ζωῆς
1311 4048 1637 4123 προώρισεν,
1660 4049 1734 4111 ὡς
1751 4047 1952 4115 λέγεις,

372 4146 557 4217 τούτῳ
592 4148 648 4200 δὲ
698 4145 859 4199 πάλιν
910 4145 1148 4210 ἑκατὸν;’
1183 4144 1343 4196 τοῦτο
1392 4143 1448 4194 δὲ
1481 4142 1671 4211 νήπιον
1716 4136 1954 4208 καθαρὸν

377 4241 476 4290 καὶ
510 4237 686 4327 ροῶον
725 4239 823 4305 τῆς
851 4237 1125 4307 πατρικῆς
1152 4234 1318 4288 αὐτοῦ
1342 4231 1804 4307 ⁷εἱδωλολαιτρείας
1857 4231 1955 4281 ἐπ-

376 4318 525 4395 ῆρεν
554 4328 619 4380 ἐκ
650 4327 744 4380 τοῦ
776 4327 920 4396 βίου;
961 4328 1023 4379 Ei
1055 4327 1161 4395 γὰρ
1207 4324 1347 4377 κατά
1402 4323 1732 4395 προορισμὸν
1782 4318 1953 4383 ταῦτα

2052 3316 2411 3384 cumbentes;
2442 3318 2521 3373 illi
2549 3329 2796 3384 centum,
2820 3319 2909 3374 isti
2937 3319 3300 3374 ducentorum
3323 3333 3626 3385 annorum;

2051 3407 2145 3462 alii
2180 3408 2237 3464 in
2268 3408 2497 3464 infantia
2518 3417 2576 3464 et
2604 3410 2797 3464 matris
2818 3409 2921 3465 sub
2943 3410 3111 3464 ubere
3137 3423 3454 3479 supremum
3468 3407 3628 3472 diem

2052 3499 2274 3565 obeant.
2322 3500 2376 3556 Si
2409 3500 2557 3556 enim
2607 3502 2875 3572 prmnotio
2917 3517 3012 3556 seu
3058 3500 3351 3571 praefinitio
3379 3510 3484 3565 est,
3528 3516 3630 3555 cur

2053 3588 2264 3645 homini
2315 3590 2638 3645 idololatria:
2685 3591 2871 3645 dedito
2907 3590 3236 3659 quingentos
3286 3603 3460 3642 annos
3504 3588 3630 3643 vita:

2053 3681 2367 3751 praestituit,
2404 3688 2463 3734 ut
2498 3692 2552 3735 tu
2587 3681 2806 3745 asseris,
2834 3680 2994 3735 alteri
3033 3687 3289 3744 centum;
3321 3678 3469 3732 hunc
3498 3693 3629 3732 vero

2055 3771 2291 3827 infantili
2320 3781 2500 3837 aetate,
2527 3781 2583 3827 et
2612 3772 2824 3842 paterni
2862 3772 3087 3826 sceleris
3112 3771 3271 3842 ἀοι
3304 3785 3503 3840 purum
3547 3769 3629 3822 in-

2056 3867 2456 3930 nocentemque
2482 3876 2549 3914 ex
2571 3860 2694 3914 vita:
2715 3860 2879 3929 hujus
2907 3859 3142 3913 statione
3171 3855 3392 3911 educit?
3420 3854 3553 3923 Nam
3581 3853 3628 3907 si

2056 3951 2174 4006 haec
2195 3966 2264 4005 ex
2292 3949 2654 4020 prmﬁnitione
2683 3950 3028 4019 contingunt,
3061 3948 3205 4002 Deus
3238 3946 3345 4001 erit
3374 3952 3630 4013 acceptor

2053 4060 2435 4117 personarum,
2460 4051 2649 4113 utpote
2668 4044 2763 4113 qui
2792 4042 2939 4097 hunc
2960 4041 3229 4096 illibatum
3252 4040 3630 4106 intactumque

2056 4137 2224 4192 rebus
2280 4137 2536 4192 humanis
2585 4135 2808 4211 eximit,
2859 4134 3018 4189 alteri
3065 4133 3400 4204 quingentos
3453 4143 3631 4184 annos

2054 4228 2376 4292 admetitur.
2390 4244 2500 4284 non
2520 4228 2740 4299 ignarus
2758 4242 2949 4281 omnes
2970 4226 3021 4279 in
3041 4223 3348 4280 idololatria
3374 4236 3632 4277 consum-

2056 4327 2209 4390 ptum
2251 4317 2341 4373 iri.

377 4420 595 4488 γέγονε,
629 4420 1102 4487 προσωπολήπτης
1162 4417 1520 4488 εὑρεθήσεται
1578 4417 1606 4468 ὁ
1643 4414 1796 4477 Θεὸς,
1827 4412 1886 4475 ὃς
1943 4411 2035 4464 τὸν
2078 4411 2175 4481 μὲν
2203 4409 2445 4481 καθαρὸν
2466 4408 2648 4463 λαϐὼν
2672 4411 2780 4464 ἀπὸ
2816 4408 2913 4464 τοῦ
2945 4408 3081 4480 βίου,
3109 4409 3199 4491 τὸν
3233 4408 3289 4461 δὲ
3318 4405 3633 4478 προωρίσας

374 4510 771 4571 πεντακοσίους
823 4510 1046 4578 χρόνους
1089 4507 1256 4575 ζωῆς,
1304 4505 1719 4577 προγινώσκων,
1753 4505 1834 4557 ὅτι
1886 4503 1942 4555 ὲν
1982 4500 2400 4573 εἰδωλολατρεία
2430 4501 2556 4564 τοῦς
2582 4501 2871 4565 τοσούτους
2909 4501 3286 4556 καταναλώσει
3310 4500 3559 4572 χρόνους.

463 4606 607 4658 Ἀλλ’
639 4605 741 4656 οὐκ
771 4604 885 4657 ἔστι
904 4601 1094 4664 ταῦτα,
1120 4601 1192 4672 μὴ
1219 4602 1426 4669 γένοιτο
1447 4618 1461 4633 ο
1491 4600 1610 4653 οὑδέ
1640 4601 1756 4652 ἐστι
1788 4594 1948 4651 κακοί

2135 4596 2242 4661 Sed
2278 4597 2423 4652 absit
2450 4603 2510 4650 ut
2547 4594 2663 4650 haec
2710 4594 2784 4649 ita
2823 4609 2883 4649 se
2922 4593 3188 4647 habeant!
3224 4592 3343 4647 Non
3373 4600 3460 4647 est
3489 4593 3634 4649 Deus

336 4677 357 4763 ’ζ
385 4701 556 4761 duo;
610 4699 638 4751 ὁ
685 4694 815 4758 Θεὸς
859 4695 1000 4747 κατά
1045 4696 1166 4757 τοὺς
1205 4694 1313 4745 τῶν
1362 4692 1683 4763 Μανιχαίων
1724 4690 1946 4762 μύθους.

392 4787 628 4840 Ἐκεῖνοι
680 4786 788 4854 γάρ
839 4800 1023 4853 φασιν,
1061 4784 1143 4836 ὅτι
1185 4785 1299 4845 τοῖς
1345 4782 1443 4853 μὲν
1475 4781 1699 4851 ἀγαθοῖς
1745 4780 1841 4834 καῖ
1871 4782 1950 4834 δι-

377 4878 560 4938 καίοις
586 4876 615 4927 6
639 4874 840 4942 ἀγαθὸς
865 4872 958 4926 καὶ
979 4871 1185 4934 δίκαιος
1218 4870 1349 4933 Θεὸς
1380 4869 1653 4940 προώρισε
1670 4871 1769 4941 τὴν
1786 4869 1948 4938 ζωήν·

374 4967 493 5027 τοῖς
522 4963 577 5016 δὲ
605 4962 826 5016 ἀσεϐέσι
871 4963 962 5017 καὶ
1012 4962 1268 5032 πονηροῖς
1299 4958 1606 5031 ἀνθρώποις
1638 4961 1666 5012 ὁ
1695 4959 1952 5030 πονηρὸς,

378 5056 538 5126 φασὶ,
555 5054 688 5117 Θεὸς
715 5054 877 5117 ποιεῖ,
902 5053 994 5105 καὶ
1015 5052 1115 5124 τὴν
1151 5052 1425 5121 γέννησιν,
1451 5050 1546 5104 καὶ
1570 5049 1663 5102 τὸν
1702 5049 1950 5103 θάνατον.

388 5143 450 5195 Ὀ
490 5140 545 5193 δὲ
577 5141 722 5210 ἱερὸς
753 5141 850 5194 καὶ
894 5131 1252 5203 ἀποστολικὸς
1290 5139 1612 5202 διδάσκαλος
1638 5139 1867 5208 Κλήμης
1896 5139 1954 5191 ὲν

378 5231 457 5298 τῷ
515 5230 647 5298 Περὶ
692 5230 953 5301 προνοίας
1009 5230 1104 5282 καὶ
1135 5229 1533 5298 δικαιοκρισίας
1576 5226 1710 5281 Θεοῦ
1752 5227 1954 5297 πρώτῳ

379 5322 525 5391 λόγῳ
556 5319 799 5373 τοιοῦτόν
849 5338 901 5374 τι
938 5320 1120 5389 λέγει·
1164 5321 1374 5391 ’Ὥσπερ
1423 5319 1647 5373 δυνατὸν
1711 5319 1803 5370 καὶ
1859 5319 1954 5370 νῦν

380 5410 671 5479 ἄνθρωπον
712 5410 968 5463 πλάττειν
1001 5409 1320 5481 ἀνθρώπους
1361 5409 1501 5462 κατὰ
1545 5409 1644 5478 τὴν
1679 5409 1954 5480 προτέραν

382 5501 482 5556 τοῦ
530 5501 701 5570 ’Δδάμ
751 5502 1060 5565 διάπλασιν,
1106 5503 1203 5555 οὐκ
1249 5500 1327 5555 ἔτι
1381 5500 1523 5554 οὕτω
1570 5503 1719 5554 ποιεῖ
1751 5501 1840 5554 διὰ
1894 5501 1956 5553 τὸ

2060 4697 2254 4744 auctor
2280 4689 2572 4753 malorum,
2607 4697 2668 4742 ut
2696 4687 2979 4742 Manichaei
3011 4686 3271 4750 delirant,
3315 4685 3409 4756 qui
3433 4685 3635 4742 docent

2058 4780 2223 4836 bonis
2251 4790 2307 4835 et
2332 4780 2499 4851 justis
2532 4780 2702 4834 Deum
2733 4777 2939 4833 bonum
2963 4787 3019 4832 et
3042 4779 3253 4848 justum
3277 4777 3407 4832 vita:
3442 4778 3632 4832 termi-

2060 4883 2164 4922 nos
2196 4868 2469 4937 posuisse,
2503 4866 2689 4936 impiis
2733 4881 2867 4920 vero
2896 4864 2958 4920 'et
2990 4864 3277 4920 sceleratis
3304 4864 3479 4919 Deum
3523 4880 3638 4918 ma-

2060 4957 2174 5012 lum
2202 4966 2311 5012 tam
2344 4967 2501 5012 ortus
2530 4973 2693 5028 quam
2733 4956 2928 5012 mortis
2965 4956 3284 5012 eﬂ‘ectorem
3328 4972 3471 5011 esse.
3522 4955 3611 5010 Ca:

2061 5057 2240 5103 terum
2285 5058 2509 5103 sanctus
2548 5056 2605 5103 et
2652 5048 2988 5117 apostolicus
3033 5047 3229 5102 doctor
3274 5046 3527 5102 Clemens
3578 5046 3635 5100 in

2061 5138 2241 5209 primo
2272 5140 2339 5195 de
2366 5139 2714 5210 providentia
2747 5146 2803 5194 ct
2826 5139 3204 5210 justojudicio
3230 5139 3326 5193 Dei
3359 5155 3634 5198 sermone,

2061 5228 2331 5299 ejusmodi
2358 5228 2490 5299 quid
2522 5229 2717 5283 scribit
2750 5246 2762 5280 :
2800 5228 3277 5295 Quemadmodum
3303 5227 3421 5282 fieri
3455 5235 3637 5298 potest

2063 5330 2123 5372 ut
2157 5328 2211 5371 et
2244 5333 2389 5372 nunc
2422 5319 2587 5372 homo
2637 5319 2841 5373 formet
2870 5320 3173 5398 hominem,
3222 5334 3289 5373 eo
3330 5327 3489 5388 pacto
3526 5331 3639 5385 quo

2061 5409 2232 5464 Adam
2265 5409 2535 5465 formatus
2559 5420 2663 5475 est,
2708 5410 2762 5465 id
2798 5418 2978 5465 tamen
3017 5425 3128 5465 non
3165 5409 3223 5463 fit
3252 5424 3319 5463 eo
3351 5407 3498 5477 quod
3533 5407 3637 5460 ho-

2062 5503 2197 5558 mini
2250 5504 2359 5558 vim
2391 5502 2689 5573 generandi
2737 5502 2993 5558 homines
3050 5500 3415 5563 concesserit,
3453 5498 3640 5556 verbis

1651 5664 1738 5719 VA
1750 5664 1889 5719 RlIE
1930 5666 2333 5725 LECTIONES.

458 5785 487 5813 ν
520 5776 733 5853 μυίαις.
811 5790 833 5817 ι
860 5777 1820 5850 Ιηιρνρνεειεεετίιπεριπατοῦντες.
