4026 6140
505 276 612 343 ’ἶέὸ

1738 290 1797 348 8.
1840 287 2243 350 ANASTASII
2282 292 2611 359 SINAITE

3630 313 3729 379 ’144

507 376 618 455 illis
650 398 719 453 ad
753 405 1009 454 naturam
1031 399 1329 456 humanam
1352 403 1581 484 prolatis
1624 420 1637 454 :
1678 419 1697 453 ι
1735 401 2006 463 Crescite,
2031 420 2060 458 e

2191 405 2337 503 ἅπαξ
2382 416 2709 484 χαρίσασθαι
2760 417 2841 491 τῷ
2884 415 3155 492 ἀνθρώπῳ
3188 417 3502 493 ἀνθρώπους
3531 424 3727 503 γεννᾷν,

506 489 974 557 multiplicamini,
1010 498 1066 545 et
1093 492 1301 561 replete
1328 477 1533 546 terram
1564 493 1608 524 ¹²
1635 510 1653 559 ;
1692 511 1709 543 ι
1743 493 1838 559 ita,
1883 494 2082 564 inquit,

2188 499 2357 595 εἰπὼν
2376 504 2511 573 πρὸς
2526 507 2625 577 τὴν
2648 508 2808 577 φύσιν
2829 512 2860 580 ἡ
2869 509 2985 580 μῶν
3006 509 3086 576 τὸ,
3123 531 3141 563 ι
3161 512 3483 581 Αὑξάνεσθε,
3503 520 3592 572 καὶ
3618 499 3733 595 πλη-

505 581 884 650 omnipotente
906 590 962 636 et
1000 566 1358 650 provida‘sua
1386 584 1617 646 virtute,
1664 599 1957 655 corporum
1999 602 2059 641 re

2186 566 2432 659 θύνεσθε,
2462 566 2557 649 καί⁵
2580 566 2912 671 ’πληρώσατε
2941 602 3045 672 γῆν
3061 566 3107 653 Ia
3129 566 3289 669 obrui,
3316 566 3731 679 φήσιίαέῇῖτξρξῗ

505 670 837 725 solutionem
866 680 921 724 et
945 674 1382 741 corruptionem,
1407 675 1645 728 naturali
1668 672 1909 744 quadam
1939 676 2085 731 serie

504 769 560 815 et
587 763 1002 825 consecutione,
1037 763 1436 818 elementorum
1476 767 1771 820 mutationi
1808 767 2082 836 permisit,

503 856 560 902 et
589 849 866 903 commisit
912 850 1218 904 secundum
1250 851 1473 907 insitam
1499 855 1758 909 essentia:
1792 856 1942 910 illius
1991 872 2090 933 (ξος

502 940 804 1008 gnitionem
849 949 905 995 et
932 942 1517 1009 comprehensionem.
1578 946 1779 999 Audivi
1818 962 1941 1017 qua:
1978 963 2083 1003 nos

502 1028 664 1082 Pater
714 1028 935 1083 Patrum
987 1030 1203 1093 doceat,
1256 1047 1455 1101 nempe
1503 1035 1673 1088 Deum
1724 1035 1975 1091 bonitate
2024 1047 2081 1092 et

502 1121 849 1189 providentia
883 1137 981 1175 sua
1012 1112 1223 1177 natura:
1258 1133 1464 1180 nostrae
1511 1128 1887 1182 essentialiter
1936 1130 2081 1183 indi-

500 1209 648 1264 disse
683 1220 789 1264 tam
835 1225 1020 1265 carnis
1060 1214 1502 1282 generationem,
1552 1231 1620 1270 ex
1669 1217 2075 1273 elementorum

497 1300 707 1355 virtute
736 1302 1016 1367 coalitam,
1060 1318 1225 1370 quam
1264 1304 1658 1360 resolutionem
1699 1309 1937 1377 vitatque
1981 1325 2079 1364 ex—

499 1394 872 1456 stinctionem.
901 1393 1097 1463 Igitur,
1127 1394 1172 1447 si
1195 1395 1401 1449 videris
1435 1388 1651 1465 aliquos
1676 1412 1745 1451 ex
1778 1398 2072 1468 impiorum

497 1502 731 1540 numero
762 1487 829 1539 ad
856 1501 1123 1539 summam
1150 1494 1367 1540 aatatem
1412 1488 1670 1555 provehi,
1723 1489 1864 1544 alios
1889 1500 2073 1546 autem

498 1578 687 1645 pietati
722 1578 969 1632 addictos
1003 1594 1191 1647 paucis
1234 1593 1398 1633 amns
1434 1593 1751 1648 superesse,
1799 1582 1941 1637 nihil
1976 1583 2074 1638 ab—

494 1668 649 1721 surdi
677 1668 745 1722 de
776 1670 887 1722 Deo
921 1669 977 1722 in
1026 1669 1273 1722 animum
1307 1669 1570 1736 admitte;
1615 1671 1714 1726 sed
1758 1673 1938 1743 cogita
1989 1673 2072 1727 di-

491 1758 680 1812 vinam
714 1759 1121 1829 providentiam
1148 1760 1552 1815 elementorum
1603 1770 1660 1816 et
1706 1764 1853 1818 aeris
1909 1775 2072 1819 natu-

491 1864 608 1902 ram
631 1857 688 1904 et
723 1857 1222 1918 temperamentum
1254 1852 1564 1907 secundum
1616 1853 1820 1909 divinae
1867 1858 2071 1912 mentis

492 1954 773 1996 momenta
806 1942 1203 1998 administrare
1235 1952 1292 1999 et
1353 1945 1663 2014 gubernare
1709 1947 2064 2016 decrevisse;

490 2047 736 2097 omnem,
767 2033 1017 2103 inquam,
1053 2050 1176 2105 quae
1207 2035 1311 2090 sub
1341 2045 1629 2106 aspectum
1671 2039 1842 2104 cadit,
1896 2056 2064 2109 peco-

491 2139 637 2186 rum.
660 2126 967 2187 volucrum.
999 2126 1231 2196 piscium
1262 2137 1320 2182 et
1367 2128 1653 2183 hominum
1702 2140 1978 2196 naturam,
2009 2140 2067 2186 et

463 2220 601 2269 ‘tam
633 2225 815 2269 ortum
850 2232 1016 2286 quam
1060 2217 1348 2273 interitum
1405 2233 1721 2287 corporum.
1771 2219 2061 2286 Quocirca,

485 2307 711 2375 quando
763 2308 1049 2363 humidum
1083 2318 1138 2364 et
1175 2296 1451 2379 liquidum
1494 2310 1835 2365 elementum
1874 2306 2061 2382 aliqua

420 2428 437 2439 κ
489 2396 582 2451 lue
636 2396 884 2452 inficitur
917 2440 931 2463 ,
980 2401 1162 2469 pisces
1222 2401 1540 2467 intereunt;
1589 2402 1811 2471 quando
1864 2385 2013 2457 terra
2043 2442 2058 2465 ,

479 2488 728 2559 iumenta
753 2491 1172 2546 contabescunt.
1214 2491 1269 2546 Si
1325 2508 1421 2547 aer
1487 2494 1663 2547 nimio
1715 2493 1922 2565 frigore
1969 2510 2062 2551 ex-

486 2585 800 2647 asperetur,
820 2579 1145 2635 volucribus
1166 2582 1443 2650 pernicies
1471 2581 1727 2647 affertur,
1745 2583 1790 2637 si
1818 2568 2061 2638 elemen-

486 2678 603 2723 tum
634 2670 793 2740 ignis,
829 2680 967 2725 nutu
1001 2672 1133 2737 Dei,
1178 2671 1346 2727 nimis
1385 2675 1704 2740 incalescat,
1742 2674 2059 2730 hominibus

484 2761 652 2817 fatale
680 2764 909 2818 exitium
937 2764 1174 2833 paritur.
1229 2765 1374 2836 Ergo
1398 2775 1625 2836 propter
1656 2768 2055 2824 elementorum

484 2852 675 2909 divino
697 2863 835 2909 nutu
873 2855 1175 2922 motiones,
1209 2872 1486 2922 accessus,
1521 2874 1807 2926 recessus,
1839 2860 2051 2915 mistio-

482 2960 584 3001 nes
615 2955 672 3000 et
704 2945 866 3016 402
903 2948 1200 3016 qualitates
1241 2949 1538 3018 provincia:
1576 2951 1859 3006 nonnullae
1902 2967 2067 3006 mor--

2184 681 2411 757 εξουσίῳ
2466 690 2560 742 καὶ
2599 695 2930 764 προνοητικῇ
2971 693 3136 747 αὑτοῦ
3202 695 3470 767 δυνάμει,
3510 702 3599 753 καὶ
3643 704 3734 774 τὴν

2182 774 2293 826 τῶν
2340 776 2894 848 σωμάτωνίδιάλυσιν
2940 785 3036 838 καὶ
3067 786 3350 857 τελευτὴν,
3396 794 3591 862 φυσικῇ
3638 810 3734 848 τινι

2183 865 2472 940 ἀκολουθίᾳ
2512 872 2606 925 καὶ
2660 874 2832 941 τάξει,
2875 878 2940 946 τῇ
2988 876 3096 929 τῶν
3158 879 3433 948 στοιχείων
3480 883 3733 956 μεταϐολῇ

2181 955 2502 1029 ᾡκονόμησε
2541 961 2811 1028 γίνεσθαι,
2853 964 2992 1017 κατὰ
3047 965 3146 1033 τὴν
3175 966 3406 1037 οὑσιώδη
3437 968 3595 1021 αὑτοῦ
3629 955 3735 1023 θεοε

2180 1050 2417 1114 γνωσίαν
2458 1053 2553 1105 καὶ
2600 1054 2934 1123 κατάληψιν.
2994 1058 3293 1109 ’Πκουσαῖ
3328 1046 3545 1129 φωνῆς’
3594 1064 3733 1131 ἱερᾶς

2179 1137 2391 1207 Πατρὸς
2424 1142 2684 1211 Πατέρων
2709 1143 3069 1214 διδασκούσης
3091 1186 3106 1208 ,
3136 1148 3328 1215 ὅτιπερ
3351 1152 3414 1218 τῇ
3455 1153 3737 1221 παναγάθῳ

2178 1231 2272 1281 καί
2301 1233 2365 1300 τῇ
2398 1224 2729 1304 προνοητικῇ
2773 1236 2937 1290 αὑτοῦ
2975 1237 3205 1306 δυνάμει
3251 1241 3278 1290 6
3306 1240 3438 1303 Θεὸς
3479 1242 3735 1306 οὑσιωδῶς

2177 1319 2446 1372 ὲντὲθεικε
2491 1325 2557 1390 τῇ
2612 1325 2860 1397 ἡμετέρᾳ
2909 1327 3068 1393 φύσει
3107 1331 3199 1381 καὶ
3244 1330 3344 1399 τὴν
3416 1331 3505 1384 διὰ
3546 1335 3734 1403 σαρκὸς

2160 1412 2449 1480 γέννησιν,
2485 1413 2584 1484 τὴν
2613 1417 2677 1468 ὲκ
2710 1419 2988 1488 στοιχείων
3013 1419 3243 1489 δυνάμει
3264 1421 3401 1474 Θεοῦ
3434 1425 3737 1493 συνισταμέ-

2172 1517 2300 1570 νηνσ
2344 1503 2546 1570 ὁμοίως
2585 1506 2678 1557 καὶ
2711 1506 2810 1576 τὴν
2849 1508 3097 1563 διάλυσιν
3130 1511 3227 1563 καὶ
3254 1511 3587 1566 άποϐίωσιν·
3621 1515 3741 1567 οὑκ-

2173 1592 2270 1645 οῦν
2333 1595 2573 1664 ὁπηνίκα
2605 1597 2720 1668 ἴδῃς
2764 1600 2917 1663 τινὰς
2954 1601 3276 1672 ἀνθρώπους
3322 1605 3739 1674 ὑπεργηρῶντας

2175 1683 2392 1747 ἀσεϐεῖς
2423 1686 2604 1751 ὄντας,
2635 1688 2786 1752 τινὰς
2812 1690 2870 1742 δὲ
2895 1691 3165 1756 θεοσεϐεῖς
3192 1693 3610 1765 ὀλιγοχρονίους,
3643 1713 3741 1766 μη-

2177 1779 2265 1831 δὲν
2285 1780 2530 1848 ἀπρεπὲς
2543 1781 2670 1851 περὶ
2684 1781 2820 1834 Θεοῦ
2843 1782 3124 1854 ὲννοησίας
3147 1793 3167 1820 ⁷
3193 1785 3406 1853 μαθὼν,
3425 1786 3507 1837 ὅτι
3524 1786 3620 1855 τὴν
3640 1784 3740 1837 τῶν

2182 1870 2468 1939 στοιχείων
2506 1872 2604 1924 καὶ
2644 1872 2824 1942 ἀέρων
2852 1870 3017 1940 φύσιν
3042 1874 3135 1926 καὶ
3177 1877 3379 1941 κρᾶσιν
3400 1873 3743 1944 ᾠκονόμησεν

2173 1961 2205 2030 ἠ
2229 1960 2320 2012 τοῦ
2337 1959 2473 2014 Θεοῦ
2505 1961 2733 2030 πρόνοια
2756 1961 3000 2024 διοικεῖν,
3034 1964 3130 2016 καὶ
3161 1964 3461 2035 κυϐερνᾷν,
3483 1967 3621 2017 κατὰ
3647 1966 3742 2033 τὴν

2171 2053 2265 2106 τοῦ
2291 2053 2425 2106 Θεοῦ
2452 2054 2647 2125 ῥοπὴν,
2675 2055 2853 2107 πᾶσαν
2878 2054 2981 2125 τὴν
3010 2054 3297 2124 ὁρωμένην
3334 2054 3552 2123 κτηνῶν
3572 2071 3630 2108 τε
3655 2055 3745 2107 καὶ

2173 2145 2463 2208 πετεινῶν,
2499 2149 2596 2199 καὶ
2656 2144 2879 2216 ἰχθύων,
2935 2146 3029 2198 καὶ
3071 2145 3395 2218 ,ἀνθρώπων
3450 2146 3747 2214 (pilumni

2169 2236 2444 2308 γέννησιν,
2472 2237 2568 2290 καὶ
2620 2236 2882 2301 διάλυσιν,
2913 2236 3007 2290 καὶ
3039 2237 3313 2307 σωμάτων
3345 2239 3558 2310 θνῆσιν.
3591 2239 3746 2291 Ὅθεν

2166 2329 2408 2398 ὁρῶμεν,
2449 2329 2643 2399 ὅτιπερ
2694 2330 2857 2400 ἡνίκα
2910 2331 3039 2399 περὶ
3090 2329 3150 2381 τὸ
3202 2329 3380 2399 ὑγρὸν
3431 2330 3743 2399 στοιχεῖονῆ

2168 2420 2350 2490 φθορὰ
2395 2421 2770 2493 περιγένηται,
2804 2421 3129 2493 θνήσκουσιν
3168 2421 3381 2492 ἰχθύων
3431 2421 3748 2492 αὐτομάτων

2168 2511 2385 2583 πλήθη’
2418 2513 2504 2566 ὅτε
2535 2512 2591 2565 δὲ
2623 2513 2752 2582 napi
2780 2513 2840 2566 τὸ
2879 2514 2976 2582 τῆς
3005 2512 3108 2582 γῆς
3128 2511 3315 2584 ξηρὸν
3334 2553 3350 2574 .
3378 2514 3639 2567 πίπτουσι
3681 2513 3744 2565 τὰ

2165 2606 2359 2676 κτήνη.
2409 2594 2536 2657 Ἐάν
2588 2605 2645 2657 δὲ
2695 2604 2755 2657 τὸ
2810 2604 2904 2657 τοῦ
2951 2605 3114 2675 ἀέρος
3173 2606 3415 2677 ψυχρὸν
3451 2605 3742 2674 πλεονάσῃ,

2165 2697 2377 2769 φθείρει
2421 2697 2489 2752 τὰ
2532 2696 2784 2750 πετεινά·
2829 2698 2879 2750 εί
2919 2697 2977 2773 δὲ
3020 2697 3082 2750 τὸ
3110 2696 3425 2768 τοῦπυρὶις
3456 2693 3742 2766 ὑπερζέσει

2166 2790 2452 2858 στοιχεῖον,
2493 2788 2800 2858 συνειδήσει
2844 2788 2939 2842 τοῦ
2985 2790 3212 2865 ποιητοῦ
3258 2790 3596 2843 τελευτῶσιν
3644 2788 3745 2842 ὑπὸ

2165 2879 2458 2948 θανατικοῦ
2493 2880 2773 2953 ἄνθρωποι
2808 2881 3090 2936 διἀὑτῶν.
3127 2884 3255 2935 Διὸ·
3290 2884 3486 2958 λοιπὸν
3517 2887 3615 2945 τὰς
3639 2881 3744 2934 τῶν

2164 2971 2443 3042 στοιχείων
2476 2973 2705 3044 προνοίᾳ
2753 2970 2889 3024 Θεοῦ
2930 2975 3191 3042 κινήσεις,
3234 2972 3335 3027 καὶ
3378 2973 3742 3043 πλημμύρας,

483 3036 662 3091 tiferis
690 3038 849 3091 malis
890 3048 1112 3103 carent,
1149 3040 1584 3096 cum‘fruantur
1633 3057 1759 3121 aere
1807 3042 1955 3098 sicco
1999 3054 2055 3099 et

2165 3064 2257 3116 καὶ
2297 3062 2644 3126 ἐλαττώσεις,
2689 3065 2785 3115 καὶ
2828 3065 3075 3131 κράσεις,
3103 3067 3196 3116 καὶ
3232 3066 3567 3137 ποιότητας,
3606 3064 3746 3125 τινὲς

483 3143 644 3198 puro,
678 3128 837 3198 aquis
870 3128 1059 3182 itidem
1092 3130 1267 3199 puris,
1304 3140 1361 3186 et
1390 3132 1458 3187 ad
1491 3134 1790 3189 sanitatem
1826 3151 2052 3192 conser-

480 3221 715 3276 vandam
747 3223 1194 3277 accommodatis.
1231 3224 1527 3281 Testantur
1570 3227 1677 3282 hoc
1710 3245 1866 3298 aqua:
1903 3230 2051 3286 Jeri-

482 3314 763 3371 chuntinze
789 3316 1132 3385 temporibus
1169 3317 1338 3372 Elisel
1368 3320 1651 3389 prophetae
1677 3363 1691 3388 ,
1728 3339 1850 3392 quae
1887 3325 2050 3380 steri-

479 3405 693 3459 litatem
728 3413 783 3460 et
814 3416 1044 3461 mortem
1090 3407 1398 3476 pariebant.
1442 3408 1621 3477 Quare
1655 3414 1922 3483 propheta
1959 3431 2052 3471 cu-

481 3503 702 3549 raturus
732 3495 852 3551 illas
872 3495 1053 3551 aiebat
1080 3515 1092 3550 :
1129 3516 1146 3549 ι
1190 3497 1317 3553 Habe
1348 3499 1486 3556 dicit
1513 3502 1776 3559 Dominus
1807 3523 1819 3557 :
1851 3504 2049 3561 Sanavi

478 3601 649 3656 aquas
680 3587 799 3651 has,
830 3595 886 3642 et
910 3603 1020 3642 non
1047 3588 1154 3643 erit
1185 3589 1240 3643 in
1284 3589 1367 3644 eis
1406 3584 1644 3661 amplius
1683 3610 1833 3651 mors
1872 3613 2051 3668 neque

476 3677 740 3733 sterilitas
780 3678 844 3732 ⁸³.
887 3697 905 3729 ι
937 3678 1132 3743 Audis,
1187 3687 1268 3746 tu,
1327 3683 1423 3750 qui
1466 3683 1856 3751 praeﬁnitiones
1889 3687 2050 3743 nobis

480 3768 666 3829 an‘ers.
714 3785 904 3825 vocem
953 3771 1336 3841 propheticam
1367 3781 1423 3828 et
1450 3773 1715 3842 divinam,
1763 3780 2051 3849 perSpicue

475 3866 854 3925 attestantem,
885 3873 1117 3917 mortem
1151 3871 1209 3918 et
1255 3865 1603 3921 sterilitatem
1646 3884 1714 3922 ex
1761 3871 1919 3940 aquis
1953 3871 2052 3926 ho-

477 3950 723 4007 minibus
776 3953 1065 4025 obtingere
1098 3995 1114 4019 ,
1170 3956 1313 4012 sicut
1372 3973 1405 4012 e
1456 3960 1734 4014 contrario
1778 3962 1948 4016 vitam
1993 3971 2053 4018 et

475 4040 873 4099 fecunditatem
920 4063 987 4102 ex
1022 4062 1165 4117 aqua
1211 4050 1507 4117 provenire
1564 4052 1787 4121 planum
1838 4053 2052 4111 faciunt

472 4147 637 4203 aqua:
662 4133 930 4206 Egyptize
947 4136 1246 4194 admodum
1279 4139 1489 4197 feraces
1513 4152 1570 4198 et
1600 4142 1869 4202 fecundae.
1891 4146 2049 4213 Quod

474 4224 522 4279 si
563 4239 629 4279 ex
655 4228 814 4296 aquis
847 4242 1102 4299 corpora,
1134 4234 1406 4301 permissu
1439 4233 1557 4298 Dei,
1605 4234 1887 4292 intereunt
1910 4278 1924 4301 ,
1963 4253 2052 4295 se-

472 4319 686 4388 quitur,
713 4319 856 4375 idem
875 4336 942 4376 ex
966 4323 1198 4392 reliquis
1229 4325 1540 4392 elementis,
1573 4329 1876 4386 secundum
1900 4346 2050 4401 quaa-

2159 3155 2333 3225 χῶραι
2362 3155 2687 3226 άπείραστοι
2718 3154 3022 3209 θανατικῶν
3044 3158 3405 3227 τυγχάνουσι,
3440 3156 3745 3229 ξηροτέρων

2159 3232 2422 3309 πολλάκις
2453 3246 2548 3300 καὶ
2576 3247 2835 3318 καθαρῶν
2866 3249 2960 3302 καὶ
2995 3248 3224 3318 ἁρύπων
3246 3250 3296 3312 δ,
3327 3249 3429 3303 καὶ
3453 3245 3744 3316 ὑγιοποιῶν

2157 3335 2336 3406 ἀέρων
2374 3336 2470 3388 καὶ
2498 3336 2704 3389 ὑδάτων
2743 3338 3103 3408 ὑπάρχουσαι.
3144 3339 3256 3392 Καὶ
3287 3340 3640 3412 μαρτυροῦσι
3682 3336 3748 3390 τὰ

2168 3430 2523 3502 Ἰεριχοὺντια
2577 3433 2670 3484 ἐπὶ
2726 3433 2962 3486 Ἐλισαιὲ
3005 3433 3175 3502 ἄγονα
3236 3437 3340 3489 καὶ
3395 3435 3747 3505 θανατηφόρα

2159 3522 2490 3592 ὑπάρχοντα.
2531 3521 2695 3601 Ἰξθεν
2722 3523 2952 3593 ἰώμενος
2981 3525 3120 3577 αὑτὰ
3163 3527 3190 3578 ὁ
3226 3528 3533 3597 προφήτης
3561 3524 3743 3592 ἔλεγε·

2161 3633 2181 3664 ι
2213 3613 2351 3666 Τάδε
2399 3612 2547 3680 λέγει
2593 3615 2820 3684 Κύριος·
2869 3617 3057 3685 Ἰαμαι
3098 3617 3165 3669 τὰ
3207 3615 3390 3672 ὕδατα
3422 3618 3626 3681 ταῦτα,
3658 3616 3751 3669 καὶ

2156 3697 2257 3758 οὑκ
2283 3705 2436 3757 ἔσται
2464 3707 2520 3758 ὲν
2550 3707 2735 3770 αὐτοῖς
2766 3707 3067 3777 θάνατος,ῆ
3093 3707 3410 3763 άτεκνοῦσα
3431 3721 3479 3763 ⁸.
3507 3728 3525 3761 ι
3558 3708 3744 3763 Ἀκού-

2156 3813 2260 3859 εις,
2304 3798 2332 3847 ὁ
2364 3796 2891 3868 τοὺςπροορισμοὺς
2931 3800 3063 3868 ἡμῖν
3098 3797 3582 3870 προϐαλλόμενος,
3620 3818 3752 3870 προ-

2157 3884 2396 3954 φητικῆς
2428 3884 2521 3936 καὶ
2551 3884 2700 3951 θείας
2748 3885 2933 3956 φωνῆς
2966 3886 3385 3956 μαρτυρούσης,
3419 3891 3517 3941 καὶ
3544 3889 3752 3941 ὑδάτων

2152 3976 2402 4050 γίνεσθαι
2449 3978 2563 4038 τοῖς
2617 3975 2927 4046 ἀνθρώποις
2979 3977 3246 4041 θανάτους
3296 3982 3403 4033 καὶ
3466 3981 3752 4042 ἀτεκνίας,

2156 4067 2301 4121 καθὰ
2340 4066 2504 4121 πάλιν
2544 4068 2637 4120 καὶ
2694 4068 2763 4121 τὰ
2820 4068 3099 4135 Αἰγύπτια
3157 4068 3339 4124 ὕδατα
3404 4071 3754 4142 μαρτυροῦσι

2158 4159 2432 4229 πολύγονα
2453 4162 2547 4213 καὶ
2577 4159 2808 4214 εὔτεκνα
2856 4163 3214 4233 τυγχάνοντα.
3247 4165 3317 4216 Εἰ
3350 4166 3413 4218 δὲ
3450 4166 3514 4229 ἐξ
3547 4165 3756 4219 ὑδάτων

2157 4253 2373 4323 θνήσεις
2396 4253 2676 4322 σωμάτων
2705 4254 3003 4323 συνειδήσει
3052 4252 3186 4306 Θεοῦ
3217 4254 3502 4321 γίνονται,
3538 4256 3755 4316 πάντως

2155 4341 2221 4395 ἂν
2256 4344 2352 4395 καὶ
2405 4343 2516 4396 τῶν
2561 4342 2766 4396 λοιπῶν
2822 4344 3098 4413 στοιχείων
3154 4345 3308 4397 κατά
3365 4364 3532 4410 τινας
3590 4343 3755 4401 αὑτοῦ

472 4410 599 4465 dam
635 4412 1002 4479 incrementa,
1046 4415 1133 4469 vel
1168 4415 1543 4484 decrementa,
1580 4420 1835 4476 accidere
1866 4438 2047 4491 posse.

2165 4434 2556 4505 πλεονασμοὺς,
2586 4435 2619 4505 ἢ
2655 4433 3001 4497 ἐλαττώσεις.

545 4514 603 4570 Si
640 4531 773 4569 vero
811 4516 927 4570 haec
950 4517 1113 4572 aliter
1165 4533 1225 4572 se
1254 4518 1480 4583 habent,
1510 4520 1667 4585 cedo,
1711 4538 1879 4592 quare
1909 4524 2056 4580 Deus

470 4606 760 4660 scientiam
792 4602 1082 4662 medicine
1115 4608 1437 4668 hominibus
1461 4610 1710 4675 tradidit,
1743 4612 2053 4683 herbasque

468 4704 532 4749 et
563 4696 744 4750 omnis
790 4699 1006 4766 generis
1038 4699 1143 4753 alia
1185 4700 1254 4754 ad
1289 4703 1638 4755 curationem
1685 4712 1809 4772 apta
1840 4720 2052 4774 praepa-

471 4787 660 4840 ravit?
706 4787 865 4854 Hinc,
902 4799 961 4843 ut
983 4805 1083 4860 ego
1128 4789 1353 4858 quidem
1402 4791 1660 4857 arbitror,
1711 4794 1911 4849 medici
1950 4796 2041 4851 ho-

472 4878 675 4933 minem
710 4880 929 4950 szepius,
985 4889 1263 4935 annuente
1302 4881 1434 4944 Deo,
1483 4898 1513 4937 a
1558 4892 1735 4939 morte
1782 4884 2040 4943 liberant.

470 4968 660 5039 Itaque
703 4981 949 5026 veterum
994 4973 1272 5042 sapientes
1320 4973 1619 5047 diligenter
1670 4976 1817 5045 apud
1866 4978 2046 5048 philo-

468 5062 675 5131 sophos
708 5072 764 5118 et
812 5063 1056 5119 medicos
1081 5064 1380 5133 instabant,
1417 5074 1478 5120 ut
1523 5082 1686 5135 quam
1739 5070 2041 5126 accuratis-

466 5151 608 5207 sime
632 5162 973 5224 exponerent
1014 5170 1136 5225 qua:
1178 5154 1235 5209 in
1264 5156 1509 5225 qualibet
1541 5157 1763 5227 regione
1792 5161 2040 5217 elemen-

468 5249 654 5297 torum
710 5252 767 5299 et
798 5243 972 5315 ipsius
1021 5253 1183 5299 teme
1236 5246 1534 5316 qualitates
1568 5259 1789 5316 essent;
1837 5252 2041 5322 quibus

390 5382 401 5389 .
465 5332 534 5390 εῑι
561 5326 623 5390 ui
663 5336 938 5408 mancipia
969 5351 1093 5408 qum
1140 5337 1197 5392 in
1247 5339 1518 5398 orientem
1564 5348 2034 5411 tran‘Sportantur,

535 5448 579 5480 “
607 5447 746 5506 Gen.
781 5465 823 5513 ι,
861 5450 950 5506 28.
1027 5452 1070 5484 ’⁸
1096 5451 1162 5506 ιν
1196 5453 1329 5523 [ἴτε.
1359 5470 1417 5521 n,
1452 5454 1540 5509 21.

2225 4528 2289 4580 Εἰ
2319 4527 2375 4581 δὲ
2416 4526 2493 4599 μὴ
2538 4527 2710 4580 ταῦτα
2754 4527 2948 4591 οὕτως,
2983 4527 3105 4580 εἰπέ
3163 4546 3280 4598 μοι,
3332 4530 3491 4596 τίνος
3546 4532 3760 4604 χάρινὸ

2152 4618 2287 4683 Θεὸς
2316 4618 2416 4689 τὴν
2462 4618 2715 4690 ἰατρικῆς
2757 4619 3069 4688 ἐπιστήμην
3096 4620 3219 4681 τοὺς
3251 4621 3603 4693 ἀνθρώπους
3633 4623 3753 4675 ἐσό-

2151 4726 2300 4778 φισε,
2342 4709 2557 4773 καὶτὰς
2590 4710 2840 4780 βοτάνας,
2872 4711 2964 4763 καὶ
2994 4710 3062 4763 τὰ
3091 4711 3205 4780 εἴδη
3240 4715 3439 4768 πάντα
3473 4715 3757 4787 θεραπευ-

2147 4802 2277 4855 τικΞι
2311 4805 2760 4873 προηυτρέπισες
2801 4801 2988 4865 Ὅθεν,
3015 4802 3272 4873 καθάπερ
3304 4806 3428 4873 ἐγὼ
3452 4804 3635 4879 οἶμαι,
3665 4808 3757 4859 καὶ

2149 4880 2386 4956 σώζουσι
2421 4892 2705 4956 πολλάκις,
2741 4891 2875 4946 Θεοῦ
2903 4895 3133 4964 προνοίᾳ
3172 4896 3222 4947 oi
3261 4899 3458 4968 ἰατροὶ
3490 4903 3559 4955 ὲκ
3591 4900 3757 4954 θανά-

2149 5000 2242 5037 του
2264 4983 2572 5056 ἄνθρωπον.
2617 4984 2836 5054 Ἀμέλει
2863 4984 2992 5053 γοῦν
3021 4987 3069 5038 οἱ
3096 4984 3202 5037 τῶν
3225 4988 3498 5059 ἀρχαίων
3528 4992 3756 5059 ἐπιστή-

2153 5089 2313 5144 μονες
2370 5074 2731 5128 ἐπυνθάνοντο
2786 5078 2913 5140 τοὺς
2961 5077 3319 5145 φιλοσόφους,
3378 5085 3482 5138 καὶ
3536 5085 3755 5155 ἰατροὺς

2145 5163 2272 5227 τοὺς
2302 5164 2673 5236 ἐπιστήμονας
2703 5167 2782 5229 είς
2802 5168 3088 5238 ἀκρίϐειαν
3118 5170 3331 5238 αὐτοὺς
3356 5173 3384 5213 ἀ
3406 5176 3755 5246 διαγγέλλειν

2148 5256 2246 5319 τὰς
2273 5255 2586 5328 ποιότητας,
2640 5259 2733 5311 καὶ
2760 5258 2871 5311 τῶν
2911 5261 3193 5330 στοιχείων
3226 5264 3350 5330 τῶν
3396 5267 3629 5338 χωρῶν,
3663 5263 3757 5319 καὶ

2149 5349 2211 5398 ἐκ
2242 5347 2400 5410 ποίας
2437 5350 2560 5417 γῆς.
2591 5349 2672 5402 Δι’
2702 5342 2776 5403 ὧν
2806 5350 2885 5413 είς
2934 5368 2994 5405 τε
3034 5352 3102 5406 τὰ
3148 5353 3233 5416 εἰς
3288 5356 3580 5431 ἀνατολὴν
3604 5356 3753 5425 ὀφεί-

1737 5569 1968 5625 VAill/E
2011 5570 2408 5629 LEC'I'IONES.

526 5676 557 5715 ³
581 5673 623 5728 Ι.
655 5677 911 5746 ἣκοντας.
1023 5692 1045 5718 ι
1101 5683 1365 5753 ἐννόησον.
1453 5697 1475 5726 t
1527 5686 1632 5737 δτά.

1743 5685 1770 5723 δ
1806 5686 1842 5739 Γ.
1879 5687 2231 5758 άρρυπάρων.

2348 5702 2369 5729 ε
2401 5691 2543 5746 LXX
2584 5693 2780 5764 interp.
2826 5698 3219 5768 ἀτεκνουμένη.
3337 5702 3369 5742 d
3441 5704 3484 5759 τ,
3542 5706 3749 5767 αὐτοῖς.
