4026 6140
376 257 483 322 ’145

382 468 639 538 θνήσκειν
661 480 676 495 ⁸
719 470 783 519 ἐκ
814 466 976 529 ποίας
1001 466 1057 519 δὲ
1089 465 1253 519 πάλιν
1298 467 1376 527 είς
1407 464 1622 534 Βορρᾶν
1649 479 1663 493 ο
1692 461 1787 513 καὶ
1815 460 1958 512 οὕτω

384 558 624 627 καθεξῆς
661 560 792 626 περὶ
835 557 1026 610 πασῶν
1073 555 1352 627 διηρώτων
1395 556 1505 608 τῶν
1536 553 1753 625 χωρῶν,
1791 553 1865 615 ὡς
1894 554 1959 605 ἐκ

381 649 580 718 πείρας
627 647 891 718 μαθόντες
932 643 1073 700 εἷναί
1113 664 1267 709 τινας
1310 646 1568 716 ἀστέρας,
1614 645 1708 698 καὶ
1750 643 1957 715 χώρας,

379 742 476 794 καὶ
507 742 677 794 ὕδατα
718 740 998 810 συντόμως
1032 740 1324 809 φθείροντα
1353 740 1419 792 τὰ
1450 739 1507 805 ἐξ
1544 738 1745 809 ἐτέρων
1765 736 1959 808 χωρῶν

384 830 870 900 μετακομιζόμενα
943 833 1125 883 ἐκεῖσε
1198 831 1467 900 σωμάτια.
1513 828 1794 897 Καὶγοῦν
1855 828 1959 899 πρὸ

377 920 821 991 ὀλίγωνχρόνων
880 921 1323 991 παραγενόμενος
1374 922 1455 984 είς
1484 914 1582 990 τὴν
1631 918 1828 989 νεκρὰν
1861 912 1958 972 θά-

379 1011 586 1065 λασσαν
615 1015 693 1075 είς
743 1012 813 1065 τὰ
869 1012 1009 1083 μέρη
1041 1013 1320 1083 Ζωηρῶνί
1360 1014 1452 1067 καὶ
1499 1015 1882 1085 Τετραπυρίας
1910 1015 1956 1079 8,

380 1103 508 1156 ἔνθα
545 1104 774 1173 χαλεποί
810 1121 977 1169 τινες,
1024 1105 1114 1157 καὶ
1158 1105 1473 1175 φθοροποιοὶ
1528 1107 1624 1159 καὶ
1658 1105 1958 1169 καυσώδεις

381 1197 477 1249 καὶ
516 1196 777 1265 σηπτικοὶ
819 1196 942 1253 καθ’
991 1197 1286 1266 ὁμοιότητα
1336 1196 1568 1266 Κύπρου
1620 1198 1955 1267 τυγχάνουσι

379 1291 432 1341 οἱ
461 1290 645 1359 ἀέρες,
675 1284 836 1359 εὖρον
871 1291 1080 1353 πάντας
1114 1292 1240 1353 τοὺς
1269 1290 1650 1360 αἰχμαλώτους
1681 1290 1788 1344 τῶν
1815 1290 1957 1343 κατὰ

378 1382 600 1453 σπορῶν
628 1384 723 1434 τοῦ
750 1382 1011 1452 δημοσίου
1044 1383 1323 1452 Κυπρίους
1350 1384 1746 1452 τυγχάνονταςί
1773 1383 1953 1455 κάμοῦ

378 1472 787 1539 θαυμάσαντος,
830 1472 929 1525 καὶ
973 1471 1074 1543 τὴν
1117 1473 1300 1525 αἰτίαν
1340 1475 1741 1544 ἐρωτήσαντος,
1784 1475 1834 1527 οἱ
1885 1473 1957 1527 τὰ

378 1563 568 1618 αὐτόθι
620 1564 1019 1634 διοικήσαντες,
1052 1565 1258 1632 ταύτην
1293 1566 1431 1635 πρός
1482 1581 1549 1633 με
1595 1551 1699 1634 τὴν
1727 1564 1956 1635 ἀπόκρι-

377 1673 463 1710 σιν
485 1656 805 1719 δεδώκασιν,
833 1658 917 1709 ὅτι
942 1657 1004 1708 οὐ
1038 1655 1428 1727 προσδέχονται
1448 1658 1498 1708 oi
1529 1657 1762 1709 ἐνταῦθα
1793 1657 1953 1726 άέρες

1768 252 2285 328 quassamus.

377 377 543 430 λοντα
574 372 1135 445 μεταπιπράσκεσθαι
1172 372 1425 443 σωμάτια
1459 374 1531 446 μὴ
1562 370 1793 440 ταχέως,
1815 369 1948 422 ἀπο-

2056 366 2151 419 diu
2181 367 2410 431 vivant;
2438 380 2561 435 qua:
2583 365 2776 421 itidem
2794 363 3147 420 conditiones
3179 362 3292 417 sint
3325 366 3636 434 ejus-terras
3731 395 3738 402 -

3529 244 3636 308 746

2063 472 2185 526 quae
2213 465 2297 511 est
2324 457 2390 511 ad
2420 456 2674 522 Boream,
2709 464 2765 510 et
2802 456 2879 510 ita
2919 455 3114 509 ordine
3160 454 3228 509 de
3271 452 3500 522 singulis
3555 470 3638 507 re-

2060 548 2319 618 gionibus
2367 547 2761 617 inquirebant,
2807 554 2869 601 ut
2897 547 3055 616 quasi
3079 544 3418 615 experientia
3459 543 3638 599 disce-

2060 650 2185 697 rent
2219 657 2341 695 esse
2381 641 2588 704 stellas,
2641 641 2954 717 provincias
3007 647 3063 693 et
3097 652 3267 708 aquas
3311 655 3434 709 qua:
3485 638 3637 693 brexi

2062 741 2307 802 tempore
2339 733 2469 786 illuc
2499 732 2709 786 delatos
2751 731 3067 793 absumant.
3124 731 3313 799 Atqui,
3358 745 3482 784 cum
3527 745 3638 783 non

2059 827 2134 882 ita
2162 827 2373 896 pridem
2400 826 2469 879 ad
2501 842 2651 879 mare
2684 825 2983 889 Mortuum,
3033 825 3307 894 praecipue
3339 824 3408 877 ad
3450 832 3639 893 partes

2059 921 2362 975 Zoerorum
2389 928 2446 974 et
2468 919 2806 989 Tctrapyriaa
2839 917 3123 986 profectus
3162 922 3364 981 essem,
3403 916 3494 970 ubi
3540 928 3638 970 aer

2058 1021 2143 1067 est
2168 1012 2458 1073 exitiosus,
2485 1019 2779 1074 aestuosus,
2823 1020 2879 1064 et
2912 1009 2980 1063 ad
3030 1008 3493 1078 putrefactionem
3535 1023 3634 1078 ge-

2058 1102 2360 1159 nerandam
2394 1103 2647 1166 idoneus,
2682 1102 2854 1155 instar
2898 1101 3022 1172 ejus
3070 1101 3166 1169 qui
3197 1108 3283 1153 est
3321 1100 3375 1153 in
3427 1099 3630 1169 Cypro,

2058 1197 2172 1251 illic
2208 1196 2397 1250 iuveni
2434 1209 2626 1248 omnes
2674 1194 2924 1263 captivos
2952 1202 3009 1247 et
3059 1208 3248 1247 servos
3294 1208 3486 1246 eorum
3536 1192 3633 1261 qui

2040 1286 2299 1357 .publicis
2349 1286 2498 1355 agris
2550 1285 2801 1340 colendis
2864 1293 3127 1354 praesunt,
3175 1284 3409 1354 Cyprios
3462 1299 3630 1349 esse;

2058 1393 2294 1447 cumque
2317 1393 2420 1448 ego
2454 1378 2781 1441 admirarer,
2815 1385 2872 1430 et
2906 1392 3126 1431 causam
3161 1376 3328 1445 hujus
3356 1376 3435 1430 rei
3465 1376 3632 1430 intel-

2053 1470 2223 1540 ligere
2247 1486 2526 1538 cuperem,
2554 1471 2589 1523 ii
2614 1471 2708 1539 qui
2740 1469 2905 1524 rebus
2933 1469 3161 1538 agendis
3184 1468 3427 1538 praefecti
3451 1477 3630 1531 erant,

2057 1567 2164 1621 hoc
2203 1582 2526 1635 responsum
2563 1566 2872 1630 dederunt,
2924 1554 3135 1618 aerem,
3162 1563 3329 1635 hujus
3370 1564 3477 1617 loci
3521 1579 3634 1617 non

2059 1647 2203 1712 ferre
2231 1658 2336 1711 alia
2386 1673 2617 1727 corpora
2671 1672 2833 1727 quam
2866 1672 2933 1709 ex
2965 1655 3165 1727 Cypro.
3204 1654 3629 1724 Addebantque,

372 1748 542 1818 ἕτερα
589 1715 843 1816 σώματα,
881 1747 931 1798 εί
982 1715 1181 1816 μὴ’τά
1234 1715 1343 1797 άπὸ
1396 1744 1648 1814 Κύπρου.
1695 1730 1807 1798 Καὶ

2059 1748 2169 1802 huc
2205 1764 2271 1802 ex
2310 1748 2548 1803 diversis
2596 1748 2720 1803 aliis
2767 1746 3094 1816 regionibus”
3136 1747 3338 1802 crebro
3386 1746 3635 1816 captivos

374 1838 657 1903 πολλάκις,
690 1836 1205 1907 φασὶ,πεμφοἐντες
1236 1828 1339 1888 ὦδε
1367 1836 1431 1889 ἐκ
1460 1835 1733 1905 διαφόρων
1765 1834 1957 1904 χωρῶν

372 1931 734 2001 αἰχμάλωτοι,
784 1930 937 1994 ἐντὸς
984 1929 1168 1998 ὀλίγου
1209 1928 1403 2000 χρόνου
1468 1927 1808 1998 ἐφθάρησαν,
1864 1927 1959 1979 καὶ

369 2023 664 2078 ἀπέθανον.

443 2115 656 2168 Οὐκοῦν
685 2114 935 2169 ἐντεῦθέν
960 2115 1077 2168 ἐστι
1098 2114 1292 2183 ,σαφῶς
1316 2111 1631 2181 διαγνῶναι,
1667 2113 1749 2164 ὅτι
1771 2113 1799 2164 6
1822 2112 1958 2165 πάνο

369 2225 480 2260 των
531 2207 863 2279 δημιουργὸς
882 2246 896 2269 ,
950 2207 1046 2260 καὶ
1094 2207 1322 2277 ποιητὴς
1367 2208 1396 2259 6
1422 2205 1576 2269 Θεὸς,
1607 2207 1637 2258 6
1662 2205 1758 2258 ἀπ’
1784 2205 1957 2275 ἀρχῆς

371 2300 498 2364 δοὺς
528 2301 734 2371 ἑκάστῃ
765 2301 926 2369 φύσει
954 2299 1066 2353 τῶν
1091 2299 1410 2368 κτισμάτων
1440 2297 1540 2369 τὴν
1566 2299 1776 2351 οἰκείαν
1805 2300 1957 2368 ἐνέρ-

376 2410 554 2461 γειαν,
612 2393 776 2455 αὐτὸς
802 2392 1001 2447 δέδωκε
1051 2393 1145 2447 καὶ
1175 2395 1289 2454 τοῖς
1324 2392 1632 2462 στοιχείοις,
1686 2393 1828 2445 κατά
1855 2392 1956 2461 τὴν

372 2482 540 2537 αὐτοῦ
569 2484 827 2553 πρόνοιαν
861 2485 954 2538 καὶ
982 2483 1184 2552 γνῶσιν
1214 2484 1309 2538 καὶ
1337 2485 1513 2555 ῥοπὴν
1533 2524 1547 2550 ,
1574 2516 1577 2517 ν
1602 2484 1826 2537 διοικεῖν
1855 2483 1955 2553 τὴν

370 2576 482 2628 τῶν
505 2576 791 2646 ἡμετέρων
823 2576 1091 2645 σωμάτων
1120 2576 1372 2646 γέννησιν
1395 2592 1454 2628 τε
1486 2580 1579 2629 καὶ
1604 2575 1831 2646 αὔξησιν
1859 2577 1956 2630 καὶ

371 2666 542 2736 ζωὴν,
578 2666 673 2719 κα)⁸
701 2668 791 2721 τὸν
817 2667 1046 2721 θάνατον
1081 2668 1194 2733 καὶ,
1240 2668 1329 2720 διὰ
1353 2669 1453 2737 τῆς
1478 2667 1678 2733 αὐτῶν,
1713 2669 1856 2737 λέγω
1888 2669 1953 2741 δὴ
1982 2666 2009 2679 ’⁵

370 2759 478 2813 τῶν
522 2761 804 2829 τεσσάρων
839 2762 1124 2831 στοιχείων
1168 2765 1458 2831 κινήσεως,
1499 2761 1531 2831 ἢ
1562 2761 1881 2831 ἐκλείψεως,
1916 2763 1950 2832 ἢ

369 2853 675 2923 αὐξήσεως.
710 2854 743 2925 ἦ
778 2853 1115 2925 διαιρέσεως,
1154 2857 1182 2906 6
1212 2852 1306 2906 τοῦ
1336 2853 1590 2922 σώματος
1618 2854 1826 2921 γίνεται
1852 2853 1951 2908 θάσ-

368 2961 549 3006 νατος.
606 2944 744 2996 Καθ’
772 2944 837 3014 ἣν
867 2945 974 3015 γὰρ
1003 2943 1175 3015 ὤραν,
1225 2944 1316 2997 καὶ
1351 2945 1547 3015 ῥοπὴν,
1584 2946 1617 3013 ἡ
1650 2944 1826 3015 θερμὴ
1856 2945 1950 2999 καὶ

2057 1841 2279 1907 missos,
2315 1841 2457 1894 intra
2500 1841 2668 1895 breve
2704 1840 2973 1910 temporis
3010 1840 3250 1908 spatium
3302 1840 3471 1893 vitam
3505 1854 3629 1893 cum

2057 1941 2230 1987 morte
2258 1940 2643 1987 commutasse.

2126 2111 2287 2185 503
2330 2113 2407 2168 Ex
2447 2114 2536 2169 his
2577 2128 2709 2186 ergo
2756 2112 3115 2169 manifestum
3158 2113 3346 2191 evadit
3383 2115 3633 2169 omnium

2056 2205 2401 2261 conditorem
2455 2215 2512 2260 et
2559 2215 2870 2263 creatorem
2914 2206 3112 2272 Deum,
3148 2208 3243 2276 qui
3286 2223 3318 2261 a
3359 2207 3632 2277 principio

2055 2296 2287 2351 cuilibet
2336 2305 2548 2351 natura!
2598 2298 2883 2369 prepriam
2940 2298 3323 2369 operationem
3378 2297 3628 2363 indidit,

2055 2387 2277 2444 dedisse
2304 2390 2471 2444 etiam
2496 2405 2562 2444 ex
2589 2405 2686 2444 sua
2713 2390 3085 2460 providentia,
3116 2390 3349 2445 scientia
3378 2397 3433 2444 et
3464 2399 3627 2452 nutu,

2053 2481 2342 2537 elementis
2373 2481 2497 2547 hoc,
2535 2490 2596 2536 ut
2642 2491 2893 2536 nostrum
2930 2491 3136 2553 ortum,
3181 2483 3583 2536 incrementum
3612 2523 3629 2544 ,

2054 2574 2225 2628 vitam
2252 2580 2310 2627 et
2342 2580 2578 2628 mortem
2600 2572 2981 2639 moderentur,
3010 2573 3086 2627 ita
3138 2580 3199 2626 ut
3248 2587 3349 2641 per
3380 2573 3629 2642 ipsorum

2053 2674 2292 2735 quatuor
2315 2646 2720 2720 elementorum
2763 2673 2973 2718 motum
2997 2705 3013 2730 ,
3072 2665 3159 2719 vel
3186 2660 3624 2727 decrementum,

2052 2756 2139 2811 vel
2165 2766 2540 2826 augmentum,
2576 2761 2662 2811 vel
2699 2756 3031 2811 divisionem
3089 2772 3240 2813 mors
3270 2757 3489 2827 corpori
3523 2758 3625 2812 ob-

2051 2847 2255 2902 veniat.
2306 2846 2647 2915 Quocunque
2701 2846 2852 2901 enim
2915 2854 3161 2915 tempore
3203 2845 3287 2901 vel
3329 2847 3626 2901 occasione

2052 2937 2229 2992 calida
2278 2946 2336 2992 et
2388 2937 2574 2993 vitalis
2614 2937 2863 3006 Operatio
2923 2936 3175 3005 corporis
3232 2935 3417 3007 aliqua
3459 2952 3625 2992 causa

366 3036 672 3106 ζωογονικὴ
727 3035 821 3087 τοῦ
870 3035 1122 3105 σώματος
1171 3038 1420 3107 ἐνέργεια
1466 3038 1529 3091 ἐκ
1576 3055 1721 3101 τινος
1764 3041 1942 3103 αἰτίας

2052 3029 2277 3094 desinit,
2321 3029 2503 3083 statim
2549 3029 2786 3083 moritur
2823 3044 2889 3083 ex
2941 3026 3233 3083 elementis
3280 3029 3627 3098 compositus

365 3126 609 3196 ἐκλείψει
639 3128 703 3179 ἐκ
727 3127 821 3180 τοῦ
854 3127 1107 3197 σώματος
1130 3166 1146 3191 ,
1204 3129 1405 3197 εὐθέως
1422 3130 1766 3199 ἀποθνήσκει
1797 3133 1825 3183 6
1851 3132 1943 3185 ἄν-

366 3215 586 3287 θρωπος
639 3219 668 3271 6
722 3219 785 3270 ἐκ
833 3217 1207 3287 στοιχείων-τὸ
1249 3220 1409 3288 σῶμα
1439 3223 1815 3290 συγκείμενος,
1852 3224 1948 3276 καὶ

365 3310 471 3362 ὑπὸ
521 3308 675 3372 θείας
721 3309 788 3361 δι’
814 3308 992 3361 αὐτῶν
1035 3308 1319 3378 δυνάμεως
1355 3309 1812 3382 ζωοποιούμενος,
1853 3315 1947 3367 καὶ

364 3401 629 3471 λυόμενός
685 3401 891 3456 λοιπόν.
976 3402 1075 3454 Διὰ
1129 3402 1336 3456 τούτων
1414 3403 1507 3456 καί
1566 3421 1713 3468 τινες
1765 3407 1946 3477 νήπιοι

363 3494 772 3563 ἀποθνήσκουσι
795 3510 809 3524 ο
846 3480 1170 3547 διὰ’τούτων
1215 3495 1309 3548 καί
1336 3512 1458 3547 τινα
1492 3497 1587 3549 καὶ
1612 3496 1828 3568 ἐμόρυα
1854 3515 1945 3552 τε-

364 3584 611 3648 λευτῶσι,
648 3584 790 3638 κατά
816 3601 937 3638 τινα
964 3585 1198 3656 φυσικὴν
1229 3586 1494 3656 στοιχείου
1525 3589 1703 3642 αἰτίαν
1731 3592 1823 3643 καὶ
1851 3593 1945 3644 ἀν-

361 3675 653 3731 τιπάθειαν
684 3676 1064 3747 ἁσθενησάσης
1103 3678 1198 3731 καὶ
1223 3677 1550 3749 ἐκλειψάσης
1581 3680 1679 3748 τῆς
1708 3679 1946 3752 ζωτικῆς

363 3767 574 3840 θέρμης
616 3769 711 3821 τοῦ
754 3769 986 3839 αἵματος
1030 3769 1331 3840 ἐνεργείας,
1391 3773 1487 3823 καί
1528 3771 1604 3842 μὴ
1645 3773 1946 3843 ίσχυσάσης

361 3860 455 3913 ἐπὶ
483 3859 620 3913 πολὺ
641 3860 974 3930 ζωογονῆσαι
994 3861 1054 3913 τὸ
1078 3860 1258 3930 σῶμα.
1277 3861 1364 3924 Ὠς
1380 3862 1489 3932 γὰρ
1512 3863 1611 3915 καὶ
1638 3863 1740 3932 ήδη
1763 3866 1948 3934 προεῖ-

361 3969 497 4017 πον,
546 3953 636 4024 οἶα
664 3952 785 4023 ὥρᾳ
830 3953 1068 4021 ἐκλείψει
1119 3956 1151 4024 ἠ
1192 3956 1251 4006 ἐν
1298 3953 1377 4024 τῷ
1402 3954 1593 4023 αἵματι
1626 3955 1802 4026 θερμὴ
1853 3957 1944 4010 καὶ

359 4042 613 4113 κινητικὴ
641 4043 911 4111 ἐνέργεια,
958 4044 1159 4107 εὐθέως
1186 4046 1218 4114 ἡ
1244 4045 1358 4115 ζωὴ
1382 4046 1477 4099 τοῦ
1503 4044 1944 4119 σώματος-χωρί-

360 4133 530 4198 ζεται.
571 4135 678 4188 Καὶ
708 4134 794 4188 διὰ
822 4134 980 4187 τοῦτό
1018 4152 1164 4198 τινες
1192 4138 1248 4188 ἐν
1274 4135 1377 4205 όδῷ
1406 4134 1664 4205 ἐξαίφνης
1689 4137 1944 4202 πεσόντες

358 4224 708 4291 ἐξέπνευσαν.
761 4226 860 4280 Διὰ
889 4227 1048 4280 τοῦτο
1095 4227 1244 4282 ἄλλοι
1276 4230 1333 4280 ἐν
1360 4228 1607 4301 τραπέζῃ
1631 4228 1939 4284 τελευτῶσι.

359 4319 456 4371 Διά
502 4319 662 4371 τοῦτό
724 4336 866 4391 τινες
920 4320 1136 4382 ἅσεόεῖς
1190 4321 1567 4391 ὑπεργηρῶσι.
1633 4321 1734 4376 Διὰ
1781 4321 1941 4375 τοῦτό

2051 3124 2238 3185 homo,
2273 3132 2329 3176 et
2361 3137 2526 3190 quem
2556 3121 2850 3186 elementa,
2884 3119 2936 3173 vi
2979 3121 3217 3189 quadam
3240 3121 3451 3185 divina,
3487 3122 3627 3176 vivi-

2049 3216 2307 3278 ﬁcabant,
2353 3214 2610 3269 eumdem
2640 3222 2831 3283 postea
2876 3213 3189 3269 dissolvunt
3228 3230 3292 3269 ac
3323 3214 3620 3286 dissipant.

2047 3307 2396 3378 Quapropter
2424 3308 2681 3362 nonnulli
2707 3307 2876 3362 etiam
2907 3306 2965 3360 in
2996 3307 3233 3363 infantia
3252 3307 3485 3372 obeunt,
3512 3309 3623 3363 imo

2046 3402 2211 3456 etiam
2242 3401 2574 3471 embryones
2617 3400 2958 3464 moriuntur,
3004 3399 3228 3468 quando
3269 3416 3336 3454 ex
3382 3401 3622 3455 naturali

2046 3488 2305 3544 elementi
2332 3494 2572 3542 causa'et
2599 3488 2905 3557 antipathia
2922 3489 3104 3544 vitalis
3126 3489 3278 3543 calor
3297 3489 3620 3545 debilitatur

2046 3588 2104 3633 et
2151 3578 2358 3643 deficit,
2401 3578 2483 3633 sic
2532 3585 2591 3631 ut
2634 3593 2838 3647 corpus
2894 3578 2990 3633 diu
3027 3576 3309 3633 vivificare
3356 3591 3618 3650 nequeat.

2045 3669 2117 3725 Ut
2147 3670 2294 3724 enim
2323 3670 2436 3737 jam
2470 3668 2798 3737 praedictum
2827 3677 2932 3733 est,
2961 3668 3410 3738 quandocunque
3440 3670 3619 3725 calida

2045 3761 2136 3815 illa
2189 3768 2246 3816 et
2284 3760 2487 3815 motrix
2533 3762 2781 3830 operatio
2824 3761 2881 3814 in
2924 3762 3190 3831 sanguine
3242 3762 3544 3829 evanescit,
3588 3778 3620 3817 e

2045 3853 2277 3924 vestigio
2300 3853 2410 3907 vita
2437 3862 2636 3909 cessat.
2668 3853 2972 3923 Propterea
3000 3852 3248 3923 quidam,
3291 3854 3420 3909 dum
3446 3855 3500 3909 in
3531 3857 3618 3910 via

2042 3953 2249 4008 essent,
2280 3944 2585 4013 derepente
2609 3954 2935 4000 corruentes
2954 3946 3216 4001 exstincti
3248 3957 3408 4015 sunt;
3438 3940 3531 4003 alii
3563 3949 3617 4002 in

2043 4053 2232 4092 mensa
2266 4038 2505 4093 animam
2556 4037 2764 4093 emant.
2815 4039 2947 4095 Eam
2978 4040 3050 4094 ob
3092 4055 3316 4095 causam
3362 4042 3617 4098 scelerati

2042 4132 2266 4201 quidam
2290 4131 2357 4186 ad
2381 4147 2650 4187 summam
2684 4141 3026 4188 senectutem
3045 4135 3455 4203 provehuntur.
3484 4135 3618 4190 Inde

2042 4239 2263 4294 quoque
2297 4223 2357 4277 ﬁt
2390 4231 2451 4278 ut
2479 4224 2708 4294 quidam
2762 4241 2961 4296 magna
3016 4235 3073 4282 et
3122 4228 3384 4296 praeclara
3432 4229 3617 4285 animo

2044 4316 2377 4380 volutantes,
2407 4317 2563 4386 prius
2591 4316 2812 4372 vivendi
2847 4317 3009 4373 ﬁnem
3030 4319 3284 4386 fecerint,
3314 4336 3476 4391 quam
3500 4338 3616 4377 rem

357 4427 503 4472 τινες
533 4411 740 4477 ἀγαθὸν
773 4387 997 4482 ποιῆσαι
1023 4387 1354 4482 σκεψάμενοι
1383 4387 1481 4468 οίδκ
1506 4403 1769 4483 ἔφθασαν,
1802 4413 1938 4469 ἀλλά

2048 4409 2497 4478 aggrederentur.
2525 4409 2656 4464 Ideo
2697 4411 2952 4467 nonnulli
2990 4427 3058 4471 ex
3088 4413 3296 4477 sanctis
3330 4387 3360 4468 a
3394 4415 3619 4470 virtutis

357 4502 845 4573 προσεφθάρησαν.
904 4504 1002 4557 Διὰ
1048 4504 1208 4558 τοῦτο
1259 4506 1353 4558 καί
1401 4522 1546 4569 τινες
1585 4506 1721 4559 ὅσιοι
1755 4522 1934 4574 παρα-

356 4596 611 4657 πεσόντες
647 4593 821 4657 οὕτως
850 4592 1139 4649 ἀπέθανον.
1199 4599 1359 4651 Δοκεῖ
1383 4598 1492 4667 γάρ
1526 4615 1616 4667 μοι
1636 4635 1651 4659 ,
1707 4598 1791 4650 ὅτι
1818 4600 1933 4650 πᾶα

356 4700 446 4738 σαι
479 4687 655 4756 χῶραι
697 4688 1025 4754 φυλάττουσι
1059 4688 1387 4759 πολυχρόνια
1412 4690 1480 4742 τά
1513 4687 1800 4758 βρώματα,
1837 4689 1932 4741 καὶ

352 4780 422 4833 τὰ
450 4781 744 4849 σπέρματα
774 4780 993 4843 πάντως
1021 4782 1106 4833 ’ὁτι
1130 4781 1222 4833 καὶ
1248 4783 1316 4834 τά
1342 4779 1659 4849 ἀνθρώπινα
1685 4779 1939 4855 σώματα,

352 4863 544 4935 ὥσπερ
576 4866 667 4918 καὶ
701 4865 764 4918 τὸ
793 4868 1054 4921 ἐναντίον.
1098 4869 1207 4920 Καὶ
1237 4868 1327 4921 διὰ
1354 4868 1513 4921 τοῦτό
1541 4885 1688 4933 τινες
1718 4868 1934 4933 ἀσεϐεῖς

350 4956 516 5008 τέκνα
570 4958 854 5023 συντόμως
897 4957 1163 5012 θάπτουσι
1181 4975 1195 4988 ·
1253 4959 1415 5012 τινῶν
1441 4960 1497 5013 δὲ
1526 4962 1739 5026 ἀσεϐῶν
1767 4961 1930 5015 τέκνα

352 5048 766 5117 πολυχρονοῦσι.
823 5051 923 5103 Διὰ
962 5050 1124 5104 τοῦτο
1178 5053 1236 5103 ἐν
1283 5052 1454 5123 ταύτῃ
1499 5054 1599 5122 μὲν
1644 5058 1710 5125 τῇ
1749 5055 1927 5116 πόλει,

351 5139 647 5193 θανατικοὖ
676 5144 992 5211 γενομένου,
1027 5144 1100 5197 τά
1126 5144 1297 5212 νήπια
1322 5144 1674 5211 τελευτῶσιν,
1725 5147 1782 5199 ἐν
1811 5148 1930 5200 ἐτέ-

353 5245 422 5299 ρᾳ
451 5229 509 5281 δὲ
543 5232 696 5284 πόλει
729 5235 779 5285 οἱ
810 5235 1009 5288 τέλειοι
1035 5234 1313 5306 ἄνθρωποι
1336 5275 1350 5298 ,
1386 5238 1481 5289 καὶ
1516 5237 1677 5291 πάλιν
1710 5241 1767 5292 ἐν
1793 5239 1928 5309 ἄλλῃ

347 5322 406 5373 αἱ
431 5323 709 5386 γυναῖκες,
758 5326 851 5376 καὶ
880 5327 928 5378 ot
960 5325 1242 5397 γέροντες·
1292 5328 1388 5380 καὶ
1420 5328 1547 5380 ποτέ
1579 5328 1676 5399 μὲν
1705 5328 1928 5402 λοιμικὴ

346 5410 537 5476 νόσος,
588 5414 720 5467 ποτέ
749 5414 805 5467 δέ
840 5419 1164 5488 πυρεκτική.
1209 5418 1316 5471 Καὶ
1348 5419 1534 5473 ἄλλοτε
1562 5419 1618 5473 δὲ
1657 5421 1926 5494 βρασμοῦ,

2045 4501 2262 4554 tramite
2301 4515 2428 4554 cum
2462 4501 2819 4567 excidissent,
2862 4518 2930 4557 eo
2956 4502 3013 4558 in
3056 4512 3200 4558 statu
3252 4504 3384 4561 hinc
3415 4505 3619 4576 migra-

2040 4601 2188 4647 runt.
2238 4592 2369 4647 Mihi
2396 4594 2541 4647 enim
2568 4595 2786 4649 videtur
2807 4595 3037 4651 cuilibet
3064 4595 3271 4665 regioni
3300 4612 3454 4652 suam
3494 4613 3616 4652 esse

2038 4684 2147 4737 vim
2199 4693 2255 4738 et
2291 4684 2611 4739 facultatem
2660 4686 2757 4740 diu
2803 4687 2889 4742 vel
2918 4703 3050 4742 non
3095 4688 3191 4743 diu
3245 4691 3613 4746 conservandi

2036 4778 2351 4841 esculenta,
2394 4778 2625 4842 semina,
2655 4786 2822 4848 atque
2867 4780 3007 4834 adeo
3050 4782 3167 4851 ipsa
3215 4783 3456 4839 humana
3491 4799 3617 4840 cor-

2043 4883 2198 4937 pora.
2232 4868 2384 4922 lianc
2414 4868 2486 4922 ob
2517 4885 2738 4925 causam
2769 4872 3021 4926 nonnulli
3058 4883 3383 4942 praestantes
3408 4875 3613 4945 pietate

2036 4961 2246 5016 liberos
2271 4976 2403 5016 suos
2442 4962 2738 5018 immaturo
2775 4963 2969 5020 funere
3021 4980 3238 5020 mersos
3290 4967 3400 5022 cito
3449 4982 3611 5037 sepe-

2034 5043 2218 5119 liunt,
2272 5071 2401 5110 cum
2449 5066 2645 5111 eontra
2696 5055 3076 5126 improborum
3127 5058 3495 5127 quorumdam
3541 5058 3611 5112 li-

2028 5146 2150 5201 beri
2180 5147 2499 5203 diuturnam
2538 5149 2707 5203 vitam
2737 5157 2903 5219 agant
2952 5149 3092 5205 Hinc
3125 5149 3611 5219 itidenveontingit
3642 5180 3647 5185 ι

2033 5251 2113 5304 ut,
2144 5256 2267 5295 cum
2292 5242 2348 5295 in
2374 5241 2476 5296 hac
2518 5242 2655 5297 urbe
2684 5241 3000 5312 contagiosa
3050 5242 3172 5298 lues
3209 5242 3448 5306 exsistit,
3489 5257 3609 5294 Inn-

2029 5330 2246 5386 riantur
2277 5331 2540 5397 infantes,
2582 5332 2639 5386 in
2686 5332 2793 5386 alia
2840 5332 3095 5386 homines
3144 5331 3317 5386 adulti
3348 5372 3362 5396 ,
3399 5331 3462 5385 in
3501 5333 3607 5385 alia

2030 5424 2295 5479 mulieres
2316 5433 2372 5478 et
2398 5438 2593 5491 senes;
2655 5433 2714 5478 et
2755 5423 3056 5492 aliquando
3101 5421 3325 5493 quidem
3358 5422 3609 5476 nascitur

582 5588 717 5676 urbe
748 5590 995 5676 ζόης-νει
1023 5591 1200 5676 Ζιὶιης,
1222 5593 1327 5676 'de.
1349 5611 1457 5665 qua
1479 5596 1605 5676 vide
1632 5595 1937 5676 Ortbelium

2048 5599 2336 5676 Thesauro.
2418 5610 2441 5647 ε
2469 5600 2506 5654 f.
2542 5600 2981 5671 Τετραποργίας.
3014 5601 3151 5657 Nam
3181 5601 3347 5671 hujus
3366 5605 3608 5662 nominis

347 5667 566 5712 exstant
597 5660 715 5714 lora
750 5662 1021 5730 quaedam,
1051 5672 1112 5717 ut
1136 5660 1535 5735 videbis—apud
1559 5668 1816 5723 eumdem
1849 5669 2179 5725 Orthelium.

678 5759 944 5821 Ριτιιοι..
999 5761 1115 5823 Gn.
1180 5762 1525 5825 LXXXlX.

3240 5763 3318 5833 21s
