4026 6140
417 260 521 326 747

1658 261 1718 319 S.
1763 259 2164 324 ANASTASII
2203 264 2528 327 SINAIT/E

3565 285 3674 351 748

416 376 608 447 pestis,
640 372 939 445 aliquando
978 371 1170 427 febris.
1196 372 1479 428 Interdum
1498 372 1665 427 nimia
1689 373 1987 428 inﬂamma-

2098 378 2191 429 καὶ
2218 379 2407 434 ἄλλοτε
2441 382 2762 456 πλευριτικῇ
2792 388 3027 443 διαθέσει
3058 391 3104 443 οῖ
3131 391 3409 463 ἀνθρωττοι
3433 394 3672 468 ἀποθνήο

415 467 585 530 tione,
629 463 905 518 interdum
927 462 1160 516 laterum
1194 461 1387 517 dolore
1410 463 1661 518 homines
1685 465 1986 528 intereunt,

413 563 596 611 morte
631 562 752 608 orta
780 569 846 607 ex
880 553 1027 606 aeris
1066 560 1123 606 et
1153 552 1389 607 aliorum
1428 553 1835 607 elementorum
1875 569 1993 608 mo-

413 646 584 714 tione,
637 649 981 702 incremento
1029 653 1086 699 et
1138 646 1516 710 decremento,
1560 662 1663 716 pro
1714 647 1989 701 variarum

413 740 702 810 regionum
753 736 1080 791 diversitate
1133 750 1197 789 ac
1236 737 1585 801 conditione;
1641 753 1753 792 non
1792 748 1990 793 tamen

412 832 622 900 absque
643 828 738 883 Dei
769 828 1001 883 scientia
1024 836 1079 881 et
1101 835 1263 888 nutu,
1292 827 1470 881 absit!
1507 843 1634 882 cum
1659 829 1778 884 haec
1804 830 1991 883 omnia

408 924 671 978 eveniant
697 936 765 976 ex
796 906 1058 990 primaeva
1094 919 1184 972 illa
1219 919 1623 973 elementorum
1657 921 1903 975 motione
1934 928 1990 975 et

411 1013 807 1071 constitutione
838 1024 1003 1081 quam
1036 1011 1180 1065 Deus
1211 1010 1320 1065 illis
1342 1010 1567 1066 indidit.

480 1109 559 1163 Ex
583 1122 692 1176 qua
722 1104 802 1167 fit,
833 1117 956 1157 meo
989 1101 1223 1172 judicio,
1273 1110 1333 1156 ut
1360 1103 1658 1172 aliquando
1702 1103 1986 1166 mulieres,

411 1199 634 1271 pietatis
662 1196 924 1251 cultrices
949 1194 1184 1258 eximiae,
1216 1194 1511 1249 sterilitate
1556 1196 1853 1259 laborent,
1905 1206 1984 1262 ut,

411 1293 647 1362 exempli
690 1291 884 1360 gratia,
916 1288 1071 1351 Sara,
1122 1288 1399 1351 Rebecca,
1435 1287 1625 1352 Anna;
1683 1288 1806 1341 aliae
1850 1303 2022 1345 vero.

412 1383 696 1453 improbas,
738 1395 1034 1435 numerosa
1089 1379 1281 1433 sobole
1332 1378 1605 1432 ditentur.
1660 1378 1984 1447 Quanquam

409 1472 661 1530 fortassis
695 1471 874 1524 audax
899 1485 1010 1523 non
1036 1470 1219 1533 fuero,
1268 1469 1315 1523 si
1359 1468 1538 1523 dicam
1596 1467 1729 1521 illud
1769 1470 1993 1522 contin—

409 1581 538 1636 gere
585 1581 651 1620 ex
699 1562 937 1618 naturali
996 1561 1235 1631 quadam
1271 1560 1436 1632 404
1485 1567 1541 1614 et
1577 1577 1608 1613 a
1662 1561 1773 1615 Deo
1821 1561 1986 1615 insita

408 1658 773 1728 dispositione
808 1664 865 1710 et
909 1666 1099 1709 causa.
1146 1654 1302 1723 Saepe
1336 1654 1486 1708 enim
1519 1654 1753 1716 mulier,
1791 1654 1982 1708 deeem

405 1750 545 1803 viris
582 1748 898 1803 successive
954 1756 1150 1816 nupta,
1200 1746 1328 1800 illos
1369 1760 1565 1800 omnes
1604 1744 1661 1799 in
1706 1747 1980 1800 tumulum
2014 1733 2057 1788 Β

408 1843 598 1898 intulit
619 1840 892 1895 acerrimo
912 1848 968 1895 et
990 1837 1158 1892 nimis
1173 1846 1406 1891 actuoso
1437 1837 1672 1891 humore
1694 1847 1751 1892 et
1771 1838 1981 1892 semine

405 1936 590 2007 plena.
624 1932 896 1993 Similiter
927 1940 983 1985 et
1016 1930 1102 1984 vir
1129 1930 1320 1985 eadem
1346 1928 1415 1984 de
1457 1944 1625 1984 causa
1665 1933 1982 1985 successive

407 2026 667 2098 pluribus
697 2024 917 2079 feminis
943 2022 1295 2078 matrimonio
1314 2024 1563 2093 junctus,
1596 2038 1789 2076 omnes
1817 2037 1980 2091 sepe-

408 2121 548 2175 livit.
580 2118 814 2185 Quidam
847 2116 1042 2171 volunt
1065 2114 1176 2185 (89)
1206 2114 1403 2170 eodem
1436 2112 1621 2179 modo,
1671 2113 1888 2168 scilicet
1915 2129 1982 2167 ex

410 2220 846 2281 temperamento
875 2218 930 2264 et
958 2208 1273 2263 differentia
1295 2208 1699 2262 elementorum
1729 2206 1982 2261 accidere

408 2314 471 2360 ut
518 2303 773 2360 nonnulli
826 2301 1196 2369 sanctimonia
1253 2299 1542 2369 Conspicui
1606 2298 1827 2353 multos.
1860 2298 1984 2352 dies

408 2414 535 2456 cum
563 2406 740 2453 morte
773 2397 1077 2460 luctentur,
1112 2404 1169 2449 et
1205 2408 1349 2463 aegre
1385 2392 1605 2446 tandem
1653 2393 1895 2446 animam
1950 2407 1984 2446 a

409 2508 644 2564 corpore
695 2490 1072 2559 abrumpant;
1130 2486 1226 2541 alii
1274 2500 1409 2541 vero
1441 2484 1632 2540 multis
1678 2483 1985 2539 sceleribus

409 2583 670 2653 cooperti
708 2580 896 2650 quiete
945 2586 1003 2633 et
1050 2577 1169 2631 sine
1209 2575 1360 2629 lucta
1403 2574 1642 2629 animam
1701 2572 1981 2628 exhalent.

408 2673 754 2732 Testimonio
808 2678 941 2726 sunt
988 2668 1082 2740 qui
1132 2667 1435 2739 pleuritide
1482 2666 1831 2732 moriuntur;
1889 2664 1984 2720 isti

407 2769 555 2823 enim
582 2768 699 2823 sive
751 2765 827 2837 pii
868 2765 1023 2828 sint,
1095 2763 1214 2818 sive
1266 2760 1447 2831 impii,
1498 2759 1708 2829 absque
1769 2758 1986 2813 violeno

411 2863 505 2927 tia,
532 2860 782 2923 edentes,
826 2857 1085 2912 bibentes
1122 2864 1178 2909 et
1209 2854 1505 2924 loquentes
1532 2851 1981 2920 exstinguuntur.

406 2955 542 3011 Cum
574 2952 722 3006 enim
753 2949 982 3004 morbus
1048 2945 1375 3018 pleuriticus
1407 2959 1478 2998 ex
1524 2943 1723 3015 frigida
1750 2942 1984 2997 materia

2098 486 2319 524 σκουσιν
2353 474 2411 525 ὲν
2440 476 2551 537 τοῖς
2581 476 2891 542 θανατικοῖς
2939 481 3081 535 κατά
3109 482 3208 553 τὴν
3237 484 3330 537 τοῦ
3357 486 3539 558 ἀέρος,
3577 490 3673 543 καὶ

2092 561 2200 614 τῶν
2231 564 2508 634 στοιχείων
2535 567 2769 637 κίνησιν,
2803 571 2897 624 καὶ
2927 573 3284 645 πλεονασμὸν.
3310 579 3406 631 καὶ
3428 578 3671 650 ἔκλειψιν

2092 654 2198 706 τῶν
2224 655 2426 722 τόπων,
2459 658 2551 711 καὶ
2579 659 2686 712 τῶν
2710 661 2927 731 χωρῶν⁹
2967 666 3059 717 καὶ
3090 666 3191 719 οὐκ
3219 669 3377 733 ἐκτὸς
3403 670 3504 739 μὲν
3528 671 3670 739 γνώο

2094 758 2231 806 σεως
2278 745 2374 798 τοῦ
2415 747 2584 800 Θεοῦ·
2637 751 2848 820 ἄπαγεί
2909 754 3059 824 ὅμως
3106 756 3194 809 διὰ
3240 758 3338 827 τῆς
3378 760 3669 829 ἀρχεδότου

2091 833 2223 904 παρ’
2261 835 2429 888 αὑτοῦ
2482 840 2762 908 στοιχείων
2804 842 3073 912 κινήσεώς
3104 861 3161 897 τε
3198 846 3291 899 καὶ
3323 846 3668 919 διοικήσεως.

2158 1122 2236 1175 Δι’
2270 1117 2339 1195 ἦς
2372 1121 2558 1187 πάλιν,
2597 1123 2673 1187 ὡς
2708 1124 2833 1194 ἐμοὶ
2860 1124 3042 1188 δοκεῖ,
3098 1125 3357 1190 πολλάκις
3396 1127 3490 1180 καί
3516 1145 3666 1191 τινες

2088 1212 2345 1277 γυναῖκες
2394 1212 2641 1274 εὐσεϐεῖς
2699 1217 2911 1285 στεῖραι
2960 1215 3354 1283 εὑρίσκονται,
3416 1216 3670 1287 καθάπερ

2087 1302 2119 1369 ἡ
2147 1302 2354 1372 Σάρρα,
2395 1304 2489 1356 κοιλ⁸
2519 1306 2551 1373 ὴ
2583 1304 2872 1365 Ῥεϐέκκα,
2908 1307 3001 1359 καὶ
3020 1307 3221 1361 ’Λννακ
3255 1308 3400 1371 τινὲς
3420 1309 3477 1361 δὲ
3505 1310 3670 1362 πάλιν

2086 1393 2303 1457 ἀσεϐεῖς
2331 1395 2672 1450 πολύτεκνοι.
2734 1397 2885 1467 Τάχα
2911 1397 2968 1449 δὲ
2996 1398 3182 1468 τολμῶ
3204 1378 3412 1465 λέγειν,
3464 1402 3546 1453 ὅτι
3576 1403 3669 1454 καὶ

2088 1486 2232 1540 κατὰ
2275 1504 2397 1541 τινα
2446 1488 2704 1560 τοιαύτην
2752 1489 2988 1560 φυσικὴν
3040 1491 3136 1543 καὶ
3173 1490 3492 1565 ⁸θεόκτιστον
3534 1494 3667 1546 ἀκο-

2086 1577 2336 1644 λουθίαν,
2391 1581 2486 1634 καὶ
2538 1583 2721 1634 αἰτίαν
2771 1581 2882 1636 τῶν
2916 1582 3208 1652 σωμάτων.
3261 1583 3529 1647 Πολλάκις
3558 1583 3670 1655 γὰρ

2086 1670 2222 1741 γυνὴ
2279 1671 2413 1728 δέκα
2459 1673 2690 1743 ἀνδράσι
2752 1674 3114 1743 συζευχθεῖσα
3168 1677 3308 1728 κατά
3362 1676 3671 1748 πρόσϐασιν

2086 1763 2295 1825 πάντας
2342 1764 2539 1827 αὐτοὺς
2591 1763 2762 1833 ἔθαψε
2819 1765 3152 1835 δριμυτάτου
3200 1767 3344 1829 τινος
3397 1769 3491 1820 καὶ
3532 1768 3669 1838 δρα-

2085 1855 2312 1925 στηρίου
2347 1855 2632 1924 εὑρεθεῖσα
2654 1853 2873 1929 χυμοῦ,
2908 1857 3001 1909 καὶ
3034 1859 3265 1929 σπορᾶς.
3310 1859 3581 1923 Ὡσαύτως
3610 1860 3669 1914 δὲ

2083 1944 2180 1996 καὶ
2207 1945 2349 2014 ἀνὴρ
2374 1947 2438 1999 ἐκ
2460 1943 2621 2015 τῆσδε
2650 1945 2750 2014 τῆς
2774 1945 2956 2009 αἰτίας
2982 1949 3125 1999 κατά
3147 1946 3449 2017 πρόσϐασιν
3472 1947 3672 2001 πολλά·-

2084 2052 2171 2099 κις
2194 2036 2417 2099 ἑνωθεὶς
2445 2035 2680 2104 γυναιξὶ,
2711 2036 2809 2098 τὰς
2836 2036 3016 2102 πάσας
3044 2037 3231 2106 ἔθαψε.
3258 2039 3394 2090 Φασὶ
3417 2037 3475 2090 δέ
3497 2055 3666 2098 τινες,

2082 2128 2165 2184 ὅτι
2194 2130 2271 2200 τῷ
2300 2130 2448 2201 αὐτῷ
2470 2130 2676 2202 τρόπῳ,
2709 2130 2957 2183 τουτέστι
2986 2130 3204 2201 κράσει,
3238 2130 3329 2183 καὶ
3358 2129 3531 2199 αίτία,
3560 2130 3663 2182 καὶ

2082 2223 2316 2294 διαφορᾷ
2361 2224 2470 2277 τῶν
2512 2224 2791 2293 στοιχείων
2815 2264 2830 2289 ,
2878 2223 2929 2276 oi
2963 2223 3061 2294 μὲν
3092 2223 3357 2284 πολλάκις
3388 2222 3483 2275 ἐπὶ
3506 2222 3668 2275 πλεί-

2087 2332 2216 2378 στας
2246 2314 2391 2384 ὦρας
2426 2315 2519 2368 καὶ
2551 2315 2763 2386 ἡμέρας
2790 2314 3263 2385 ψυχομαχοῦντες,
3314 2314 3451 2367 ὅσιοι
3485 2314 3663 2377 ὅντες,

2082 2405 2226 2459 οὕτω
2260 2406 2361 2476 τὴν
2390 2404 2565 2475 ψυχὴν
2597 2405 2690 2459 τοῦ
2718 2405 2970 2476 σώματος
2998 2406 3470 2476 ἀπορῤήσσουσινο
3508 2405 3559 2457 οἱ
3585 2404 3666 2467 δὲ,

2084 2495 2246 2551 πάλιν
2273 2496 2500 2566 πονηροὶ
2523 2495 2707 2560 ὄντες,
2751 2495 3044 2567 εἰρηναίως
3081 2497 3176 2548 καὶ
3203 2495 3477 2556 ἀσιάντως
3494 2494 3520 2534 h
3569 2491 3667 2548 τοῦ

2084 2587 2335 2659 σώματος
2383 2587 2729 2659 χωρίζονται.
2786 2588 2897 2640 Καὶ
2952 2589 3222 2657 μαρτυρεῖ
3266 2584 3426 2639 τοῦτο
3476 2586 3505 2637 ό
3554 2582 3667 2636 τῶν

2083 2680 2450 2751 πλευριτικῶν
2495 2679 2725 2742 θάνατος
2744 2695 2759 2712 ο
2813 2670 2960 2733 οὗτοι
2989 2680 3097 2750 γὰρ
3127 2678 3230 2732 κᾶν
3259 2677 3479 2738 ἀσεϐεῖς
3497 2714 3513 2737 ,
3554 2674 3664 2729 κᾶν

2085 2773 2361 2835 θεοσεϐεῖς
2411 2772 2667 2837 ἔσονται,
2721 2772 3028 2839 ἁσιάντως,
3077 2770 3385 2833 ἐσθίοντες,
3433 2768 3527 2821 καὶ
3569 2767 3665 2819 πί-

2084 2882 2290 2931 νοντες,
2321 2865 2413 2919 καὶ
2434 2864 2724 2927 λαλοῦντες
2743 2859 3060 2918 τελευτῶσι.
3088 2863 3185 2915 Διὰ
3205 2861 3314 2932 γὰρ
3335 2859 3430 2913 τοῦ
3452 2857 3664 2929 ψυχροῦ

2086 2958 2355 3029 στοιχείου
2400 2959 2433 3027 ἡ
2475 2955 2802 3025 πλευριτικὴ
2847 2956 3001 3017 νόσος
3047 2950 3439 3020 συνισταμένη,
3473 2950 3665 3002 συντό-

409 3045 649 3106 constet,
702 3040 892 3094 statim
922 3039 1146 3092 vitalem
1180 3035 1435 3091 calorem
1474 3032 1758 3103 sanguinis
1792 3032 1981 3102 oppri-

2090 3066 2207 3121 μως
2252 3048 2351 3118 τὴν
2391 3046 2487 3100 τοῦ
2506 3046 2744 3116 ⁴αἵματος
2775 3045 2985 3116 θέρμην
3010 3040 3112 3114 τὴν
3136 3041 3374 3113 ζωτικὴν
3401 3040 3663 3096 ἀναστέλ-

408 3136 552 3200 mit,
614 3141 672 3188 et
723 3132 829 3185 hac
884 3130 1098 3185 ratione
1155 3126 1460 3182 faciliorem
1523 3126 1736 3179 exitum
1782 3123 1983 3178 animt

411 3233 590 3298 parat.

480 3319 638 3389 Quod
696 3330 864 3381 vero,
912 3313 1319 3384 utplurimum,
1346 3309 1647 3365 mortifera:
1685 3322 1865 3369 causae
1915 3321 1985 3360 ex

411 3411 778 3471 redundantia
804 3406 1089 3478 sanguinis
1120 3412 1475 3466 enascantur,
1508 3401 1689 3455 tribus
1723 3399 1810 3453 vel
1843 3413 1982 3467 qua-

412 3516 536 3563 tuor
554 3501 904 3559 documentis
925 3496 1344 3553 demonstrabo.
1366 3495 1499 3549 Nam
1519 3494 1698 3564 primo
1720 3491 1984 3552 infantes,

412 3611 473 3657 ut
500 3597 784 3657 calidioris
814 3603 1064 3656 naturae,
1119 3590 1444 3660 frequenter
1482 3587 1820 3653 moriuntur.
1877 3584 1982 3637 De-

411 3694 559 3756 inde,
596 3692 742 3747 cirea
769 3684 1032 3744 Paschale
1066 3692 1304 3752 tempus,
1322 3696 1453 3737 vere
1483 3668 1733 3743 ineunte;
1761 3676 1984 3747 quando

410 3785 635 3857 sanguis
701 3781 935 3836 nimium
991 3777 1251 3847 copiosus
1301 3781 1449 3829 secta
1494 3787 1635 3826 vena
1686 3769 1981 3832 minuitur,

408 3879 561 3933 varia
592 3874 790 3930 mortis
818 3884 1021 3944 genera
1056 3867 1406 3938 potissimum
1432 3864 1730 3920 exsistunt.
1768 3860 1981 3920 Tertio,

411 3967 884 4041 quia-complures
928 3960 1302 4021 morientium,
1342 3971 1540 4013 occaso
1563 3957 1674 4027 jam
1706 3953 1843 4017 sole,
1881 3952 1985 4006 sub

414 4071 631 4117 noctem
666 4058 920 4128 expirant
952 4054 1203 4124 ,-frigore
1239 4052 1402 4122 hujus
1452 4046 1720 4117 temporis
1758 4046 1981 4099 vitalem

413 4151 702 4225 sanguinis
735 4149 1117 4220 operationem
1158 4144 1490 4214 expellente,
1519 4150 1575 4196 et
1603 4139 1983 4211 frigefaciente

412 4252 702 4316 aegrotum.
754 4242 918 4305 Hinc,
959 4240 1007 4294 si
1040 4245 1320 4293 mortuum
1381 4234 1665 4299 dlsseces,
1722 4232 1827 4286 tria
1866 4233 1980 4296 illa,

416 4339 689 4409 phlegma,
725 4343 899 4389 atram
926 4340 981 4388 et
1020 4332 1232 4401 nigram
1275 4328 1445 4382 bilem
1474 4324 1725 4394 reperies
1757 4324 1812 4377 in
1862 4338 1985 4393 cor-

415 4438 549 4495 pore
579 4441 594 4490 ;
621 4431 678 4477 at
706 4421 1033 4491 sanguinem
1071 4433 1179 4471 non
1206 4415 1469 4486 reperies.

487 4514 595 4570 Sed
630 4514 758 4569 nolo
790 4512 880 4565 hic
917 4509 1138 4563 invidus
1166 4508 1440 4576 quispiam
1466 4513 1743 4568 accurrat,
1777 4518 1986 4573 nosque

2083 3141 2252 3194 λουσα
2270 3177 2286 3200 ,
2341 3138 2680 3208 ἀλυπότερον
2707 3136 2888 3190 αὐτῶν
2929 3134 3019 3191 τὸν
3048 3133 3329 3206 χωρισμὸν
3358 3131 3459 3202 τῆς
3481 3131 3666 3203 ψυχῆς

2084 3230 2401 3302 ἐργάζεται.

2156 3323 2280 3374 Ὅτι
2327 3321 2385 3374 δὲ
2440 3319 2585 3373 κατά
2632 3317 2974 3388 πλεονασμὸν
3032 3316 3110 3380 ὡς
3165 3317 3258 3370 ἐπὶ
3303 3315 3364 3369 τὸ
3408 3315 3664 3372 πλεῖστον

2081 3414 2176 3468 τοῦ
2224 3413 2457 3482 αἵματος
2511 3410 2581 3463 «ea;
2624 3410 2797 3463 πολλὰ
2837 3409 2947 3462 τῶν
2982 3408 3290 3464 θανατικῶν
3319 3409 3660 3475 συνίσταται,

2082 3506 2194 3578 ὲρῶ
2225 3522 2309 3558 σοι
2343 3504 2437 3557 καὶ
2464 3502 2654 3573 τρίτην
2683 3503 2778 3555 καὶ
2800 3501 3071 3572 τετάρτην
3101 3501 3469 3573 παράστασιν.
3502 3499 3663 3570 Πρῶ-

2083 3614 2175 3651 τον
2206 3595 2336 3665 μὲν,
2387 3594 2469 3647 ὅτι
2504 3592 2579 3656 ὡς
2607 3590 2916 3662 θερμότερα
2939 3589 3069 3643 ὄντα
3098 3588 3165 3642 τὰ
3195 3591 3367 3660 νήπια
3399 3588 3662 3652 πολλάκις

2084 3687 2223 3741 αὑτά
2244 3684 2564 3738 τελευτῶσι.
2591 3681 2876 3751 Δεύτερον,
2901 3681 2982 3734 ὅτι
3008 3680 3102 3734 τοῦ
3128 3681 3287 3749 ἀέρος
3310 3682 3325 3720 ί
3354 3681 3663 3751 ἀρχομένου

2085 3777 2177 3833 ἐπὶ
2203 3775 2295 3828 τὸν
2325 3773 2418 3826 τοῦ
2450 3773 2644 3841 Πάσχα
2669 3770 2884 3841 καιρὸν,
2928 3770 3018 3823 ὅτε
3052 3773 3079 3824 ὁ
3109 3770 3209 3824 τοῦ
3232 3771 3465 3839 αἵματος
3498 3771 3661 3825 πλεο-

2085 3868 2325 3939 νασμὸς,
2359 3867 2456 3920 καὶ
2497 3863 2830 3933 ἀφαιμάξεις
2863 3864 3126 3932 γίνονται,
3162 3863 3283 3915 τότε
3316 3862 3376 3915 τὸ
3403 3863 3665 3934 διάφορον

2085 3959 2343 4032 τολμικδν
2373 3958 2586 4027 γίνεται
2615 3959 2713 4028 τῆς
2741 3956 3021 4024 φύσεως).
3052 3957 3270 4025 Τρίτον,
3294 3957 3377 4010 ὅτι
3403 3957 3451 4009 οἱ
3476 3956 3666 4010 πολλοὶ

2084 4054 2195 4107 τῶν
2251 4048 2629 4105 τελευτώντων
2695 4049 2970 4111 κλίνοντος
3031 4047 3125 4101 τοῦ
3174 4048 3327 4118 ἡλίου
3386 4051 3452 4119 τῇ
3508 4050 3697 4101 νυκτὶ»

2085 4145 2536 4215 ἀποθνήσκουσι,
2581 4144 2680 4212 τῆς
2714 4139 2995 4210 ψυχούσης
3029 4139 3118 4194 τὸν
3151 4140 3459 4210 ἄνθρωπον.
3501 4138 3662 4193 Ὅθεν

2087 4239 2182 4293 καὶ
2229 4237 2326 4291 ἐὰν
2375 4232 2672 4304 ἁνασχίσῃς
2718 4233 2811 4285 τὸν
2854 4232 3196 4286 ἀποθανόντα
3236 4233 3558 4300 ἄνθρωπον,
3594 4233 3663 4286 τὰ

2085 4330 2215 4401 τρία
2261 4327 2505 4396 στοιχεῖα
2555 4323 2650 4377 τοῦ
2698 4323 3028 4391 φλέγματος,
3058 4322 3150 4375 τοῦ
3196 4322 3395 4392 χυμοῦ,
3444 4323 3664 4391 καὶτῆς

2015 4430 2058 4486 D
2086 4420 2246 4492 χολῆς
2276 4417 2532 4486 εὑρήσεις
2564 4416 2621 4467 ὲν
2648 4413 2727 4484 τῷ
2753 4412 2986 4484 σώματι,
3016 4410 3157 4484 αἷμα
3184 4413 3239 4466 δὲ
3266 4414 3363 4483 οὐχ
3386 4414 3664 4485 εὑρήσεις.

2163 4508 2327 4565 Ἀλλὰ
2380 4506 2455 4578 μὴ
2500 4505 2829 4577 καταδράμῃ
2860 4507 2974 4568 τοῖς
3006 4504 3315 4575 εἰρημένοις
3348 4506 3376 4555 ὁ
3404 4503 3667 4574 φθονερὸς

419 4607 592 4662 fatum
623 4602 979 4657 introducere
1018 4606 1246 4653 asserat.
1295 4597 1464 4651 Adest
1497 4597 1646 4651 enim
1691 4595 1786 4666 qui
1823 4595 1985 4659 dicit,

2085 4599 2385 4673 ἀκροατὴς,
2434 4598 2667 4667 νομίσας
2701 4599 2869 4668 ἡμᾶς,
2920 4596 3014 4649 καὶ
3056 4596 3401 4665 εἱμαρμένην
3436 4595 3526 4647 διὰ
3559 4596 3666 4651 τῶν

419 4709 600 4766 neque
631 4708 801 4747 unum
844 4690 1221 4761 passerculum
1260 4688 1458 4743 cadere
1488 4688 1544 4742 in
1574 4695 1777 4743 terram
1816 4686 1987 4741 inscio

2086 4690 2397 4764 εἰρημένων
2427 4687 2808 4758 παρεισάγειν.
2844 4688 3087 4757 Πάρεστι
3116 4687 3224 4756 γὰρ
3254 4688 3281 4738 ὁ
3311 4684 3509 4753 λέγων,
3534 4686 3668 4737 Οὐδὲ

419 4787 583 4841 Patre
603 4790 797 4838 nostro
819 4782 914 4851 qui
939 4788 1023 4835 est
1051 4779 1103 4833 in
1137 4778 1294 4834 caelis
1317 4778 1395 4845 ﬂ;
1422 4778 1478 4832 in
1507 4793 1673 4841 manu
1697 4776 1846 4831 enim
1870 4777 1987 4846 ejus

2086 4783 2143 4837 ἓν
2189 4779 2473 4853 στρουθίον
2520 4782 2770 4832 πεσεῖται
2823 4780 2916 4832 ἐπὶ
2960 4779 3059 4848 τῆς
3098 4779 3200 4848 γῆς
3243 4777 3370 4831 ἄνευ
3407 4776 3670 4846 εἰδήσεως

417 4882 549 4930 sunt
589 4874 728 4928 lines
768 4883 930 4928 terrae
958 4873 1033 4934 “’.
1086 4871 1301 4941 fertque
1339 4880 1394 4926 et
1427 4869 1691 4925 transfert
1717 4868 1902 4923 omnia
1934 4876 1987 4923 et

2094 4873 2189 4929 τοῦ
2220 4870 2435 4941 [ἰατρὸς
2458 4871 2619 4940 ἡμῶν
2658 4870 2754 4924 τοῦ
2794 4872 2851 4924 ἐν
2880 4873 2993 4933 τοῖς
3018 4869 3273 4941 οὐρανοῖς
3298 4885 3310 4896 ·
3371 4867 3430 4918 ὲν
3461 4866 3573 4936 γὰρ
3600 4868 3668 4935 τῇ

417 4965 591 5035 verbo
618 4964 844 5019 virtutis
881 4979 992 5019 suae
1025 4964 1089 5016 ίθ.
1122 4961 1226 5018 Sed
1264 4961 1367 5016 iste
1401 4962 1520 5030 ipse
1544 4958 1791 5014 omnium
1817 4957 1987 5012 admi-

2095 4967 2241 5038 χειρὶ
2267 4962 2432 5018 αὐτοῦ
2468 4963 2536 5016 τὰ
2562 4963 2771 5035 πέρατα
2796 4962 2897 5025 τῆς
2919 4962 3021 5033 γῆς
3045 5001 3061 5026 ,
3110 4961 3204 5014 καὶ
3236 4961 3294 5013 ὲν
3322 4958 3472 5029 πάσῃ
3502 4960 3569 5027 τῇ
3598 4958 3667 5025 γῇ

418 5061 687 5115 nistrator
704 5071 761 5115 et
785 5060 1035 5130 provisor
1060 5059 1224 5121 Deus,
1253 5056 1348 5126 qui
1378 5053 1563 5110 omnia
1594 5053 1853 5122 potentia:
1879 5066 1987 5108 suae

2094 5055 2164 5109 τὰ
2195 5054 2436 5126 κρίματα
2462 5052 2625 5108 αὐτοῦ
2648 5071 2661 5086 ν
2718 5054 2811 5107 καὶ
2838 5053 3002 5123 ιφέρει
3030 5054 3126 5107 καὶ
3158 5050 3459 5121 μεταφέρει
3491 5049 3669 5101 πάντα

419 5162 558 5209 nutu
585 5153 690 5207 fert
721 5161 777 5206 et
809 5152 1098 5223 gubernat,
1140 5148 1419 5202 hominem
1443 5145 1512 5199 ab
1550 5144 1708 5198 initio
1743 5142 1987 5199 condidit

2096 5145 2176 5216 τῷ
2202 5145 2436 5215 νεύματι
2478 5144 2574 5198 καὶ
2615 5145 2819 5215 ῥήματι
2856 5146 2954 5214 τῆς
2978 5145 3261 5216 δυνάμεως
3288 5139 3479 5196 αὑτοῦ.
3528 5138 3670 5195 Ἀλλ’

496 5289 537 5320 ιδ
571 5288 756 5342 Multi).
782 5305 835 5350 χ,
863 5286 952 5341 ‘29.
1036 5286 1078 5316 “
1122 5283 1265 5339 Psal.
1303 5297 1443 5345 χειν,
1474 5281 1526 5335 4.
1609 5279 1650 5311 ¹⁸
1676 5279 1843 5335 Hebr.
1871 5296 1907 5345 ι,
1939 5280 1990 5333 5.

1684 5393 1918 5450 νΑιιιΑῖ
1957 5393 2360 5451 LECTIONES.

493 5501 529 5544 ιι.
554 5501 632 5555 Ita
663 5516 765 5553 ms.
793 5495 900 5552 Sed
935 5494 1151 5548 videtur
1184 5488 1476 5561 legendum
1502 5486 1794 5551 ἀϐιάστως,
1829 5488 1942 5540 sine
1964 5488 2034 5542 υἱ.
2120 5488 2134 5526 ἱ
2174 5488 2322 5558 Lego
2356 5486 2535 5559 ἔαρος.

1935 5601 2161 5661 NOTAE.

1036 5286 1078 5316 “
1122 5283 1265 5339 Psal.
1303 5297 1443 5345 χειν,
1474 5281 1526 5335 4.

2618 5487 2631 5537 i
2670 5486 2934 5557 θνήσεως,

496 5684 604 5752 (89)
635 5683 815 5748 Quaest
854 5680 949 5734 ιοι
974 5678 1039 5733 ad
1072 5677 1326 5731 Antioch.
