4026 6140
362 303 474 368 749

1740 310 2266 382 QUIESTIONES.‘

3501 325 3605 388 750

361 407 520 477 οὗτος
551 413 616 485 δὴ
668 415 831 478 αὐτὸς
871 417 897 469 ίι
930 414 1146 471 πάντων
1174 418 1451 491 διοικητὴς
1503 422 1595 475 καὶ
1635 423 1923 494 προνοητὴς

2041 427 2441 497 compositum;
2468 442 2691 515 nam\ex
2712 429 2893 484 anima
2922 429 3217 487 immortali
3246 442 3302 487 et
3331 434 3604 502 rationali,

360 509 389 560 ό
415 505 551 567 Θεὸς
572 546 586 569 ,
635 508 664 559 ό
713 507 894 578 φέρων
928 510 1022 562 καὶ
1049 511 1267 564 διοικῶν
1297 513 1364 564 τὰ
1395 515 1572 567 πάντα
1605 514 1681 584 τῷ
1707 514 1935 586 νεύματι

319 602 325 607 ’
360 597 461 667 τῆς
488 596 774 668 δυνάμεως
796 598 982 664 αὐτοῦ,
1004 601 1179 656 διττὸν
1207 601 1268 655 τὸ
1296 602 1437 665 ζῶον
1459 603 1555 659 ἀπ’
1577 605 1754 676 ἀρχῆς
1777 623 1938 660 καταο

363 689 636 751 σκευάσας
667 687 756 740 τὸν
780 687 1090 759 ἄνθρωπον,
1143 691 1285 761 λέγω
1316 693 1380 763 δὴ
1417 695 1480 746 ἐκ
1523 695 1701 765 ψυχῆς
1732 695 1936 751 ἀθανά-

357 795 450 831 του
484 780 579 831 καὶ
608 781 800 850 νοερᾶς
825 821 840 845 ,
895 781 993 835 καὶ
1027 782 1278 852 σώματος
1311 785 1568 840 συνθέτου
1605 789 1699 841 καὶ
1727 789 1933 855 ὑλικοῦ,

356 868 451 921 δύο
502 869 652 940 αὐτῷ
700 870 999 940 διοικήσεις
1031 874 1303 942 φυσικὰς,
1352 878 1447 929 καὶ
1480 878 1758 944 οὐσιὼδεις
1783 881 1937 933 ἐντέ-

358 958 495 1028 θηκε
514 975 527 988 ·
561 958 660 1031 τὴν
690 960 786 1028 μὲν
812 960 989 1032 ψυχὴν
1017 962 1146 1015 κυὸε
1158 965 1358 1035 ρνήτην
1384 966 1527 1030 δοὺς,
1558 969 1657 1040 τὴν
1679 970 1937 1035 αὐτεξού-

359 1063 474 1101 σιον
528 1050 892 1119 προαίρεσιν,
960 1050 1148 1116 καθὼς
1197 1053 1264 1106 ἂν
1316 1053 1619 1127 βούληται,
1676 1059 1788 1112 εἴτε
1841 1061 1935 1114 ἐπὶ

357 1138 584 1210 ἀρετὴν,
618 1141 727 1192 εἴτε
753 1141 845 1193 ἐπὶ
866 1142 1068 1195 κακίαν
1096 1144 1331 1211 ἁπάγειν
1354 1147 1451 1217 τὴν
1472 1147 1671 1219 ψυχὴν,
1691 1151 1934 1204 ἀναιτίου

356 1231 509 1294 ὄντος
541 1232 635 1285 τοῦ
666 1233 724 1285 ἐν
748 1232 956 1304 τοῦτῳ’
1006 1235 1069 1288 τὸ
1096 1235 1153 1289 δὲ
1184 1236 1344 1307 σῶμα
1375 1240 1511 1309 πρὸς
1540 1241 1686 1311 ζωὴν
1715 1240 1802 1294 διὰ
1827 1243 1935 1295 τῶν

358 1324 643 1392 στοιχείων
692 1324 910 1389 αὐτῶν,
972 1328 1280 1397 συνειδήσει
1326 1329 1462 1382 Θεοῦ
1512 1331 1842 1402 κυϐέρνησίν
1875 1351 1933 1386 τε

357 1414 453 1466 καὶ
481 1413 773 1483 διοίκησιν.
827 1416 959 1480 Καὶ,
1009 1416 1201 1487 ὥσπερ
1230 1418 1465 1472 δέδωκεν
1493 1422 1521 1472 ό
1543 1421 1675 1484 Θεὸς
1705 1423 1933 1487 ἄνωθεν,

356 1506 454 1558 καὶ
498 1505 594 1558 ἀπ’
616 1506 791 1576 ἀρχῆς
812 1545 830 1571 ,
880 1507 959 1578 τῷ
991 1508 1089 1578 μὲν
1120 1510 1258 1581 ήλίῳ
1285 1513 1383 1582 τὴν
1416 1510 1748 1584 θερμοτικὴν
1778 1514 1934 1585 ἐνέρ-

355 1614 552 1665 γειαν,
602 1596 702 1667 τὴν
731 1598 786 1650 δὲ
823 1597 1054 1671 σελήνην
1100 1602 1165 1670 τῇ
1201 1603 1358 1654 νυκτὶ
1393 1603 1659 1674 φωτεινὴν
1683 1604 1932 1674 δύναμιν,

352 1691 421 1758 τῇ
446 1688 502 1741 δὲ
531 1691 601 1757 γῇ
632 1687 732 1759 τὴν
764 1691 1210 1762 σπερμογονικὴν
1237 1691 1497 1762 αὔξησιν,
1530 1698 1642 1758 τοῖς
1667 1696 1722 1748 δὲ
1747 1700 1933 1765 φυτοῖς

2039 526 2151 572 tum
2176 518 2341 572 etiam
2363 534 2429 573 ex
2445 534 2703 589 corpore,
2721 536 2789 575 ex
2820 521 3110 577 elementis
3139 536 3523 594 coagmentato
3549 538 3609 586 ct

2037 608 2306 663 materiali
2336 617 2574 665 constat.
2611 610 2711 668 Cui
2737 611 2878 674 duas
2906 612 3419 673 administrationes
3442 628 3607 675 natu-

2037 700 2181 753 rales
2204 702 2597 757 etessentiales
2628 703 2905 769 attribuit,
2932 705 3169 760 animam
3196 709 3432 774 scilicet,
3460 722 3521 765 ut
3540 712 3613 767 sit

2032 784 2424 858 gubernatrix,
2460 799 2515 845 et
2544 792 2781 847 liberum
2828 793 3147 863 arbitrium,
3187 799 3333 868 quod
3367 803 3609 858 animam

2036 878 2150 933 sive
2180 878 2249 933 ad
2282 881 2543 935 virtutem
2571 923 2584 947 ,
2616 883 2731 937 sive
2755 883 2819 937 ad
2859 884 3056 939 vitium
3081 886 3266 955 ducat,
3305 891 3417 944 Deo
3443 891 3609 962 hujus

2036 971 2116 1024 rei
2139 971 2342 1025 nullam
2365 974 2588 1043 penitus
2617 976 2831 1046 culpam
2864 979 3203 1048 sustinente;
3228 997 3432 1053 corpus
3464 984 3610 1040 insu-

2034 1079 2133 1134 per
2160 1064 2314 1121 dedit
2340 1066 2407 1120 ad
2430 1067 2609 1120 'vitam
2637 1084 2735 1137 per
2760 1069 3179 1139 elementorum,
3208 1076 3394 1132 divina
3417 1082 3607 1149 provi-

2035 1155 2244 1219 dentia,
2270 1157 2727 1227 gubernationem
2754 1169 2810 1214 et
2826 1162 3384 1224 administrationem.
3400 1171 3605 1237 Quem-

2035 1247 2327 1301 admodum
2378 1248 2540 1320 405
2589 1261 2774 1304 autem
2807 1253 2950 1308 Deus
2981 1270 3013 1309 a
3050 1258 3226 1326 primo
3258 1276 3441 1315 rerum
3481 1274 3605 1320 ortu

2035 1338 2137 1391 soli
2168 1340 2369 1395 indidit
2396 1342 2504 1396 vim
2533 1344 2923 1411 calefaciendi,
2960 1348 3103 1403 lunze
3142 1351 3209 1405 ad
3247 1353 3606 1411 illuminatio-

2035 1443 2165 1483 nem
2204 1432 2384 1486 noctis
2411 1433 2520 1486 vim
2558 1435 2895 1501 illustrandi,
2950 1446 3110 1495 terra:
3154 1443 3263 1496 vim
3306 1446 3604 1515 genitalem

2034 1533 2130 1574 seu
2162 1524 2479 1578 seminalem
2512 1526 2581 1579 ad
2614 1542 2799 1581 rerum
2820 1529 3241 1599 incrementum,
3267 1524 3471 1611 plantis
3493 1540 3602 1596 vim

2036 1610 2249 1668 fructus
2270 1615 2611 1684 proferendi,
2643 1621 2999 1689 animalibus,
3032 1634 3092 1679 ut
3110 1628 3279 1684 maris
3294 1641 3349 1684 et
3373 1631 3605 1688 femellce

1976 1764 1981 1769 ι
2035 1718 2331 1775 congressu
2348 1720 2808 1785 progenerentur,
2826 1722 2901 1783 et,
2930 1726 2989 1771 ut
3010 1734 3124 1772 rem
3143 1719 3200 1773 in
3215 1725 3604 1792 compendium

352 1779 453 1847 τὴν
503 1780 854 1849 καρποφόρον
900 1778 1181 1832 τελείωσιν
1204 1820 1218 1846 ,
1280 1784 1395 1844 τοῖς
1424 1782 1479 1836 δὲ
1514 1781 1674 1846 ζώοις
1715 1784 1813 1855 τὴν
1846 1784 1923 1838 διὰ

2034 1796 2352 1864 conferam,
2396 1801 2558 1855 sicuti
2600 1804 2830 1860 cuilibet
2863 1817 3076 1863 naturae
3118 1826 3273 1866 suam
3318 1815 3601 1885 propriam

353 1870 648 1931 συνουσίας
681 1866 941 1921 σύστασιν
962 1909 975 1932 ,
1034 1869 1129 1921 καὶ
1179 1870 1385 1941 ἑκάστῃ
1422 1870 1608 1935 ἁπλῶς
1640 1873 1800 1942 φύσει
1833 1874 1928 1945 τὴν

349 1959 563 2013 οίκείαν
594 1960 875 2031 ἐνέργειαν
901 1975 915 1988 ⁸
973 1959 1117 2012 οὕτω
1147 1960 1346 2013 δέδωκε
1381 1960 1477 2014 καὶ⁸
1505 1961 1789 2030 στοιχείοις
1828 1964 1929 2033 τὴν

349 2049 462 2102 τῶν
495 2051 797 2119 σωμάτων,
831 2048 906 2111 ὡς
937 2049 1063 2118 ἐμοὶ
1092 2049 1260 2115 δοκεῖ,
1298 2050 1440 2103 κατὰ
1466 2051 1566 2121 τὴν
1594 2049 1761 2102 αὑτοῦ
1785 2051 1928 2120 γνῶ·

352 2158 462 2207 σιν,
492 2141 629 2213 πρὸς
653 2141 798 2212 ζωὴν
825 2139 920 2193 καὶ
943 2138 1197 2215 θάνατον,
1232 2141 1501 2211 διοίκησίν
1527 2158 1586 2194 τε
1620 2142 1716 2195 καὶ
1741 2142 1929 2214 κυϐέρ-

350 2249 529 2286 νησιν.

383 2250 596 2374 η’ἶῒῦτο
621 2321 679 2374 δὲ
715 2322 1016 2391 ἀναγκαῖον
1046 2322 1186 2375 πάνυ
1217 2323 1367 2375 ἐστὶν
1407 2324 1552 2393 ὑμᾶς
1582 2323 1925 2391 ἐπίστασθαι,

350 2411 418 2463 ἵν’
458 2411 694 2482 ὁπηνίκα
737 2411 909 2483 θεάσῃ
955 2413 1175 2477 άσεὸετς
1207 2415 1305 2484 μὲν
1342 2413 1856 2484 πολυχρονιοῦντας,
1890 2418 1924 2489 ἢ

349 2506 510 2560 πάλιν
536 2503 636 2575 μὲν
661 2504 852 2557 τοῦτον
875 2503 1030 2574 ἄφνω
1052 2506 1412 2570 τελευτῶντα,
1445 2508 1636 2564 τοῦτον
1661 2509 1716 2563 δὲ
1741 2509 1924 2575 ἐξαπί-

346 2612 447 2666 νης
478 2594 624 2667 ιιτὴν
672 2595 894 2665 ὁμιλίαν
923 2588 1324 2666 ’κρατηθένταο
1385 2598 1480 2652 τοῦ
1530 2599 1587 2652 δὲ
1635 2598 1732 2653 τοῦ
1776 2601 1925 2655 όσίυυ

345 2688 518 2757 νήπια
570 2689 754 2740 πάντα
785 2685 854 2739 τὰ
881 2687 1051 2740 τέκνα
1080 2687 1421 2743 τελευτῶντα
1443 2704 1459 2719 °
1513 2691 1705 2745 τούτου
1737 2692 1803 2746 δὲ
1832 2693 1924 2747 τοῦ

344 2777 644 2841 δυσσεϐοῦς
699 2779 827 2840 τοὺς
871 2779 1022 2842 υἱοὺς
1071 2779 1501 2853 ὕπεργηρῶντας
1527 2798 1541 2814 ⁶
1602 2785 1696 2838 καὶ
1736 2786 1926 2840 τοῦτον

348 2870 415 2925 ἂν
463 2871 556 2924 τὸν
603 2870 896 2939 θεάρεστον
950 2871 1044 2923 ἐπὶ
1091 2871 1292 2938 πολλὰς
1344 2873 1446 2938 τὰς
1492 2875 1706 2946 ἡμέρας
1753 2877 1923 2950 ψυχο-

350 2962 627 3033 μαχοῦντα
646 3003 662 3029 ,
713 2961 805 3015 τὸν
832 2962 888 3016 δὲ
911 2962 1150 3032 Ἕλληνα
1178 2966 1473 3035 εἰρηνικῶς
1506 2969 1600 3020 καὶ
1632 2970 1924 3041 ἀταράχως

2032 1889 2231 1957 agendi
2258 1878 2597 1948 'facultatem
2641 1895 2906 1977 impertiit
2942 1898 3014 1964 ’⁷,
3064 1902 3139 1956 ita
3177 1878 3440 1975 quoq—ue,
3481 1924 3600 1964 mea

2031 1978 2325 2044 sententia,
2343 1980 2808 2053 deditcorporum
2829 1987 3117 2046 elementis
3143 2001 3203 2047 ut
3224 1993 3348 2050 vita
3371 2006 3427 2051 et
3454 2013 3603 2052 mor-

2033 2069 2102 2123 tis
2142 2071 2676 2131 administrationem
2715 2087 2772 2135 et
2818 2081 3277 2150 gubernationem
3320 2088 3425 2145 sub
3474 2106 3601 2161 pro-

2030 2158 2272 2216 videntia
2290 2177 2388 2218 sua
2412 2165 2671 2224 habeant.

2098 2319 2224 2378 Haec
2251 2338 2413 2380 nosse
2438 2327 2596 2383 valde
2624 2332 2998 2387 necessarium
3028 2344 3131 2401 est,
3158 2344 3218 2391 ut
3244 2338 3599 2407 quandocun-

2027 2424 2136 2480 que
2170 2412 2374 2469 videris
2408 2416 2608 2486 impios
2638 2419 2708 2474 ad
2741 2422 2945 2477 multos
2975 2439 3149 2480 annos
3179 2427 3346 2482 vitam
3390 2430 3596 2498 produ-

2024 2504 2174 2570 'cere,
2206 2506 2353 2562 hunc
2384 2509 2650 2565 velociter
2686 2514 2983 2585 exstingui,
3013 2514 3166 2570 illum
3199 2517 3254 2573 in
3291 2520 3407 2589 ipsa
3436 2520 3596 2576 fami-

2025 2594 2148 2649 liari
2190 2597 2559 2656 collocatione
2597 2604 2855 2672 opprimi,
2891 2605 3056 2677 hujus
3093 2608 3199 2663 viri
3243 2610 3374 2666 boni
3411 2621 3469 2668 et
3497 2615 3595 2683 pii,

2024 2686 2233 2743 liberos
2269 2703 2461 2746 omnes
2495 2691 2550 2745 in
2586 2692 2813 2750 infantia
2847 2711 2878 2751 a
2910 2706 3089 2753 morte
3124 2700 3333 2772 abripi,
3367 2704 3597 2760 alterius

2024 2778 2279 2852 scelerati
2325 2780 2468 2837 filios
2505 2792 2719 2838 aetatem
2763 2785 2936 2854 ferre;
2973 2778 3120 2845 hunc
3154 2792 3266 2848 Deo
3302 2805 3515 2865 gratum
3541 2804 3598 2854 et

2023 2870 2251 2925 charum
2276 2872 2527 2942 pluribus
2552 2875 2749 2932 diebus
2772 2894 2896 2934 cum
2922 2880 3033 2937 leto
3060 2883 3284 2951 luctari;
3310 2887 3593 2944 ethnieum

2021 2973 2158 3015 vero
2181 2968 2240 3015 et
2264 2976 2293 3016 a
2322 2972 2468 3018 recta
2497 2964 2602 3021 ﬁde
2632 2968 2895 3037 alienum,
2923 2973 3111 3042 quiete
3142 2984 3199 3031 et
3226 2976 3434 3048 absque
3464 2994 3593 3051 per-

256 3044 268 3051 .
342 3059 780 3130 τελευτήσαντα·
843 3059 937 3113 καὶ
984 3059 1189 3133 ταύτην
1234 3063 1331 3132 μὲν
1368 3064 1469 3132 τὴν
1496 3064 1658 3132 ἁγίαν
1686 3069 1922 3134 γυναῖκα

2025 3051 2339 3110 turbatione
2388 3057 2626 3113 animam
2670 3061 2881 3129 eluere;
2928 3064 3071 3119 hanc
3117 3069 3436 3135 mulierem,
3467 3074 3593 3129 vitae

344 3153 563 3223 στεῖραν
592 3146 779 3217 οὖσαν,
827 3150 1030 3221 ταύτην
1051 3151 1106 3206 δὲ
1136 3152 1232 3222 τήν
1257 3152 1536 3222 Ἑλληνίδα
1566 3133 1917 3211 πολύτεκνον·

2028 3139 2345 3198 innocentia
2383 3146 2756 3215 spectabilem,
2792 3152 3080 3209 sterilitate
3116 3159 3321 3225 premi;
3354 3133 3530 3229 illam,
3559 3176 3589 3219 a

340 3243 400 3297 ὲν
426 3242 600 3315 ταύτῃ
629 3244 727 3315 μὲν
754 3245 821 3314 τῇ
851 3242 1098 3296 Θεοσεὸεἶ
1123 3243 1278 3317 χώρᾳ
1303 3247 1625 3302 ἀδιάλειπτοι
1654 3249 1918 3304 θανατικὰ

337 3334 604 3405 γινόμενα
623 3375 639 3398 ,
689 3334 875 3407 ἐκείνῃ
900 3334 957 3388 δὲ
991 3335 1277 3407 Ἑλληνικῇ
1310 3338 1496 3408 ὲνορίᾳ
1522 3339 1778 3393 οὐδέποτε
1807 3341 1916 3395 λοι-

342 3424 503 3492 μικὸν
542 3426 959 3495 καταφθάνοντα
986 3442 1001 3457 ⁸
1060 3429 1156 3480 καὶ
1188 3428 1378 3491 ἁπλῶς
1424 3430 1589 3499 ἡνίκα
1618 3431 1791 3487 ταῦτα
1824 3433 1918 3488 καὶ

337 3516 410 3571 τά
458 3517 686 3571 τοιαῦτα
731 3516 943 3588 φοϐερὰ
998 3519 1093 3571 καὶ
1133 3518 1413 3590 παράδοξα
1439 3519 1613 3593 θεάσῃ⁸
1633 3524 1914 3594 γινόμενα,

340 3606 420 3676 μὴ
448 3606 741 3678 θαμσηθῇς
764 3645 780 3669 ,
838 3609 975 3679 μηδὲ
1010 3609 1116 3678 μὴν
1164 3609 1414 3681 ἀπρεπές
1438 3627 1490 3664 τι
1531 3612 1564 3683 ἢ
1596 3612 1916 3684 βλάσφημον

336 3696 481 3750 κατὰ
506 3694 644 3749 Θεοῦ
680 3696 964 3768 ἐννοήσῃς,
1004 3695 1197 3767 μαθὼν
1226 3698 1470 3770 ἀκριϐῶς
1503 3700 1569 3753 ὲκ
1598 3700 1703 3754 τῶν
1728 3718 1914 3770 προει-

341 3804 409 3857 ρη
420 3787 620 3857 μένων,
642 3788 736 3840 ὅτι
762 3785 939 3839 πάντα
964 3787 1139 3845 ταῦτα
1173 3789 1267 3841 καὶ
1292 3789 1358 3843 τά
1380 3789 1604 3843 τοιαῦτα
1633 3791 1733 3844 οὐκ
1760 3792 1917 3855 ὲκτὸς

318 3879 440 3949 ,μὲν
479 3878 580 3948 τῆς
620 3880 1002 3934 παντεπόπτου
1055 3881 1146 3934 καὶ
1190 3872 1561 3954 προνοητικῆς
1605 3884 1702 3937 τοῦ
1735 3888 1912 3954 Δημι-

332 3972 560 4043 ουργοῦ,
593 3973 688 4026 καὶ
715 3974 1133 4043 διαπράττοντος
1156 3973 1428 4042 γνώσεως,
1454 3976 1600 4044 ὅμως
1623 3978 1720 4047 οὐχ
1743 3977 1914 4047 ἑτέρῳ

333 4064 446 4117 τινὶ
475 4056 695 4136 τρόπῳ,
733 4064 870 4119 ἀλλὰ
897 4065 984 4119 διὰ
1013 4067 1113 4135 τῆς
1142 4066 1252 4120 τῶν
1276 4066 1608 4121 Θεοκτίστων
1636 4070 1916 4137 στοιχείων

333 4157 673 4228 ἀρχεδότου,
731 4158 826 4212 καὶ
874 4156 1155 4212 θεοσδότου
1202 4158 1468 4213 εὐτάκτου
1512 4160 1910 4232 κυϐερνήσεως,

334 4250 434 4302 καὶ
469 4248 702 4313 τάξεως,
747 4249 842 4302 καὶ⁸
867 4249 1102 4318 φυσικῆς
1124 4248 1464 4319 διοικήσεως.
1513 4249 1659 4320 Πλὴν
1682 4250 1778 4321 οὐχ
1802 4252 1913 4319 όρι-

332 4338 557 4396 στικὸν.
610 4338 730 4391 οὐδὲ
781 4339 1090 4409 ἐριστικὸν,
1142 4339 1281 4392 ἀλλὰ
1326 4339 1600 4409 γνωμικὸν
1641 4343 1733 4393 καὶ
1761 4344 1914 4394 είκα-

333 4425 518 4479 στικδν
545 4424 882 4495 εἰρήκαμεν,
937 4424 1317 4489 δυσωποῦντες
1359 4428 1484 4491 τοὺς
1527 4434 1908 4497 γνωστικωτέ-

331 4531 482 4587 ρους,
518 4514 851 4587 συγγνώμην
873 4516 1135 4581 διδόντας,
1164 4518 1255 4571 καὶ
1275 4519 1726 4592 ἀναπληροῦντας
1748 4521 1904 4593 ἡμῶν

330 4605 711 4677 ὑστερήματα.

693 4744 1224 4835 ΕΡΩἹῊΣῙΣ
1314 4744 1505 4847 HZ'.

784 4887 843 4941 Τί
868 4887 1039 4941 ἐστιν
1067 4889 1480 4958 ὑπερηφανίας

556 5038 567 5049 .
927 5000 1318 5057 ΔΠΟΚΡΙΣΙΣ.

400 5091 473 5144 Τὸ
532 5091 667 5154 ὅλως
716 5090 862 5161 ἔχειν
916 5092 1008 5146 τὸν
1063 5092 1349 5165 ἄνθρωπον
1397 5094 1454 5145 ὲν
1507 5094 1714 5163 ἐαυτῷ,
1771 5095 1800 5148 ὅ
1853 5113 1908 5149 τι

328 5182 593 5252 πράττειν
622 5184 858 5252 ἀγαθὸν,
896 5183 973 5255 μὴ
1019 5185 1308 5254 νοουμένου
1362 5184 1455 5237 τοῦ
1497 5184 1747 5254 λέγοντος
1777 5227 1792 5251 ,
1826 5188 1907 5240 ὅτι

333 5288 353 5323 ι
377 5272 537 5326 Πᾶσα
573 5272 889 5346 δικαιοσύνη
917 5275 947 5328 ὑ
957 5274 1074 5346 μῶν
1102 5273 1331 5330 ἐνώπιον
1351 5273 1448 5331 τοῦ
1476 5275 1611 5330 Θεοῦ
1634 5275 1711 5341 ὡς
1740 5277 1905 5346 ῥάκος

328 5362 583 5435 dtexan
592 5365 761 5435 μένης
785 5365 956 5421 ἐστίν.
987 5385 1006 5419 ι

398 5498 444 5533 ⁸⁷
484 5497 622 5554 Gen.
654 5515 693 5553 ι.
774 5500 819 5532 ⁸⁸
852 5500 960 5555 lsa.
995 5508 1138 5567 utr”,
1165 5502 1219 5557 6.

2022 3232 2285 3303 religione
2328 3250 2459 3291 vera
2510 3252 2786 3305 aversam,
2831 3244 3003 3299 multa
3055 3248 3208 3315 prole
3256 3249 3586 3317 exhilarari;

2019 3339 2209 3380 rursus
2252 3326 2306 3381 in
2356 3328 2459 3383 hac
2498 3331 2609 3385 Deo
2648 3331 2832 3387 dedita
2860 3335 3107 3405 regione,
3150 3341 3329 3394 omnis
3371 3346 3587 3413 generis

2017 3416 2241 3471 morbos
2267 3417 2487 3474 assidue
2518 3423 2783 3490 grassari;
2816 3424 2978 3479 aliam
3005 3437 3189 3484 autem
3218 3433 3582 3502 provinciam,

2016 3522 2159 3561 vera:
2189 3507 2316 3563 ﬁdei
2349 3519 2651 3581 expertem,
2682 3515 2832 3570 nulla
2865 3520 3189 3590 contagione
3222 3512 3461 3593 unquam
3497 3530 3584 3583 in-

2015 3596 2236 3665 festari;
2262 3616 2374 3654 uno
2398 3602 2586 3667 verbo,
2612 3620 2735 3659 cum
2763 3607 2878 3661 hrec
2906 3616 3013 3663 tam
3040 3614 3310 3681 stupenda
3333 3625 3389 3669 et
3413 3616 3585 3671 admi-

2016 3690 2185 3745 randa
2227 3691 2452 3758 videris,
2482 3705 2550 3749 ne
2588 3698 2966 3769 obstupescas,
3000 3716 3138 3757 neve
3179 3715 3372 3760 contra
3412 3708 3582 3763 Deum

2016 3778 2278 3834 indecens
2320 3782 2453 3850 quid
2501 3792 2597 3839 aut
2633 3786 3012 3857 blasphemum
3056 3791 3240 3845 animo
3277 3795 3580 3865 concipias.

2014 3880 2270 3927 accurate
2308 3888 2376 3927 ex
2414 3875 2692 3943 prmdictis
2729 3877 2977 3945 edoctus,
3014 3880 3131 3937 haec
3168 3883 3295 3938 talia
3312 3900 3426 3941 non
3463 3887 3581 3942 ﬁeri

2013 3961 2235 4031 quidem
2269 3963 2476 4034 absque
2510 3966 2825 4023 Conditoris
2857 3971 3204 4040 providentia
3237 3985 3293 4030 et
3322 3977 3578 4043 scientia;

2014 4052 2109 4107 sed
2145 4062 2326 4109 tamen
2368 4072 2479 4111 non
2517 4059 2626 4112 alio
2663 4061 2827 4116 modo
2860 4077 3022 4133 quam
3058 4080 3158 4134 per
3182 4067 3580 4125 elementorum

2014 4144 2269 4212 primitus
2287 4162 2335 4210 ,α
2375 4148 2488 4203 Deo
2527 4151 2882 4208 constitutam
2924 4155 3401 4226 gubernationem,
3428 4163 3581 4217 ordi-

2013 4251 2138 4290 nem
2180 4247 2236 4292 et
2275 4242 2581 4296 naturalem
2620 4243 3173 4302 administrationem.
3204 4249 3474 4307 Caeterum
3516 4270 3581 4310 ea

2013 4345 2134 4398 qua:
2168 4330 2426 4396 diximus,
2455 4349 2566 4388 non
2600 4335 2897 4393 deﬁniendi
2932 4349 3027 4394 aut
3055 4344 3425 4400 contendendi
3459 4356 3579 4403 stu-

2014 4421 2106 4474 dio
2137 4423 2501 4491 protulimus,
2516 4427 2611 4482 sed
2642 4444 2743 4484 ceu
2771 4431 3101 4500 probabilia,
3125 4443 3183 4489 et
3213 4436 3267 4491 in
3299 4441 3584 4511 conjectu—

2013 4513 2089 4566 ris
2129 4513 2302 4582 posita
2340 4516 2697 4585 adduximus,
2732 4532 2986 4593 rogantes
3020 4534 3078 4579 ut
3111 4527 3388 4587 doctiores
3423 4530 3581 4588 nabis

2013 4602 2315 4672 ignoscant,
2343 4614 2399 4661 et
2425 4607 2673 4665 defectus
2702 4622 2922 4669 nostros
2952 4612 3261 4687 suppleant.

2285 4741 2854 4844 QLUESTIO
2923 4748 3311 4840 XCVII.

2522 4890 2663 4958 Quid
2687 4897 2756 4949 sit
2785 4897 3071 4968 superbia?

2596 5006 2995 5065 RESPONSIO.

2082 5090 2176 5144 Est
2198 5092 2405 5162 opinio,
2425 5095 2581 5163 quasi
2607 5080 2739 5165 quis,
2755 5098 3023 5169 quidquid
3047 5100 3177 5155 boni
3203 5100 3258 5155 in
3284 5103 3580 5174 semetipso

2009 5181 2161 5248 facit,
2189 5200 2219 5238 a
2254 5185 2435 5255 seipso
2468 5187 2519 5240 id
2554 5187 2782 5256 habeat;
2817 5207 2927 5247 non
2960 5193 3015 5247 in
3048 5203 3288 5250 mentem
3325 5207 3579 5251 revocato

2007 5275 2102 5331 illo
2123 5277 2218 5346 qui
2244 5277 2379 5333 dicit
2406 5296 2419 5332 :
2453 5299 2471 5330 ι
2503 5277 2693 5338 Omnis
2712 5283 2924 5353 iustitia
2946 5296 3129 5341 vestra
3152 5297 3237 5342 est
3262 5287 3317 5342 in
3346 5301 3575 5357 conspe-

2007 5378 2099 5424 ctu
2132 5370 2227 5425 Dei
2255 5372 2413 5442 quasi
2445 5388 2657 5443 pannus
2687 5384 3040 5433 menstruatae
3062 5375 3127 5433 ".
3162 5398 3183 5432 ι

1639 5595 1872 5653 vitam
1913 5598 2311 5685 Lacrioxss.

400 5683 432 5726 ¹ι
457 5683 690 5744 Videtur
715 5685 907 5742 deesse
934 5683 1096 5739 κατά.
