4026 6140
426 353 534 415 755
1639 360 1700 418 S.
1724 356 1974 419 ANAST.

2078 357 2121 417 EI
2149 356 2475 419 ΞΙΝΔΙΤίΕ
3560 358 3593 420 ’ἶ

422 463 605 526 obeat.
636 460 994 533 deﬁrnctirlue
1035 473 1259 535 peccata
1297 466 1505 525 fuerint
1532 470 1674 525 levia
1711 479 1770 526 et
1800 469 1974 531 exilia,

2096 469 2292 537 μένων,
2322 470 2406 524 ὅτι
2441 468 2490 521 εί
2528 465 2625 537 μὲν
2656 464 2789 534 ψιλά
2832 482 2953 521 τινα
2982 465 3076 520 καὶ
3109 465 3304 537 εὐτελῆ
3351 464 3663 537 τυγχάνου-

419 551 853 609 emolumentum
886 554 1077 624 utique
1110 571 1177 611 ex
1210 558 1508 628 synexihus
1527 576 1626 630 pro
1657 575 1717 615 se
1747 559 1974 615 celebra

2095 576 2168 624 σι,
2203 562 2272 614 τὰ
2296 558 2393 614 τοῦ
2423 559 2847 629 τελευτήσαντος
2872 560 3248 631 ἁμαρτήματα
3298 559 3662 630 προσλαμδά-

422 643 492 698 tis
525 643 653 715 (hoc
681 653 787 710 est,
815 660 883 700 ex
912 646 1200 703 sacriﬁciis
1225 664 1325 719 pro
1354 665 1413 706 se
1444 651 1663 720 oblatis)
1696 651 1909 722 capiet;
1944 668 1970 707 s

2091 651 2239 706 νεταί
2271 669 2395 705 τινα
2419 650 2688 718 ὠφέλειαν
2716 653 2781 704 ἑκ
2809 649 2919 705 τῶν
2948 651 3089 721 ὑπὲρ
3110 651 3292 704 αὐτῶν
3320 650 3665 721 τελουμένων

419 743 602 792 autem
649 735 860 791 fuerint
897 737 1085 807 gravia
1131 746 1187 795 et
1230 741 1509 808 enormia,
1552 742 1691 797 nihil
1736 743 1974 798 utilitati:

2092 744 2364 810 συνάξεων
2386 761 2400 776 ·
2442 745 2490 798 εί
2522 744 2579 797 δὲ
2611 743 2783 814 βαρέα
2812 744 2906 796 καὶ
2930 743 3146 813 χαλεπά
3188 745 3316 806 εἱσι,
3346 743 3663 799 συνέκλεισε

419 827 758 898 percipiunt,
779 829 907 899 quia
920 829 1187 901 Deusjam
1215 832 1283 887 iis
1304 849 1426 903 qum
1446 834 1516 889 ad
1543 834 1689 905 ipsos
1717 842 1987 904 spectant,

2090 835 2158 889 τὰ
2184 835 2305 889 κατ’
2336 835 2535 897 αὐτοὺς
2558 837 2587 888 6
2611 835 2763 897 Θεὸς.
2796 834 2943 904 Πλὴν
2973 834 3034 887 οὐ
3064 834 3143 887 δεῖ
3177 836 3323 905 ἡμᾶς
3356 835 3663 905 φροντίζειν

419 919 584 974 tinem
609 920 889 989 imposuit.
909 919 1017 976 Sed
1040 937 1264 979 necesse
1288 939 1397 978 non
1420 934 1507 980 est
1527 935 1586 980 ut
1606 925 1675 980 de
1699 935 1841 980 statu
1868 939 1974 995 pos:

2094 925 2234 996 μετά
2261 925 2511 981 θάνατον.

418 1021 682 1076 mortem,
714 1010 883 1066 nimia
909 1013 1283 1070 sollicitudine
1308 1031 1411 1072 nos
1440 1018 1773 1075 cruciemus.

946 1143 1506 1250 QUIESTIO

831 1289 1067 1344 unus
1097 1289 1405 1347 or.me
1438 1292 1573 1365 (95).

414 1376 472 1432 Si
503 1379 618 1452 quis
649 1380 706 1433 in
736 1381 952 1451 ﬂagitiis
986 1380 1290 1436 carnalibus
1318 1383 1439 1452 jam
1470 1385 1525 1437 in
1560 1383 1985 1439 consuetudinem

484 1449 1122 1523 adductisfo’nsenescat;
1162 1449 1437 1523 videatque
1466 1469 1522 1506 se
1550 1470 1716 1523 neque
1740 1455 1985 1523 jejuniis,

481 1533 649 1587 neque
677 1518 797 1573 aliis
830 1520 1312 1586 exercitationibus,
1346 1518 1511 1591 neque
1541 1518 1985 1576 humicubationi-

481 1592 574 1668 bus
616 1604 829 1712 operm?
870 1591 1001 1645 dare
1041 1605 1217 1660 posse,
1254 1592 1511 1661 quomodo
1548 1591 1751 1646 saluari
1794 1594 1985 1663 poterit

481 1673 592 1712 1am
620 1674 777 1712 senex

470 1673 592 1725 1am
620 1674 777 1714 senes:

894 1764 897 1771 ’
995 1773 1396 1830 RESPONSIO.

478 1859 616 1915 Cum
639 1861 907 1918 Dominus
937 1863 1086 1918 dicat
1113 1881 1126 1917 :
1161 1883 1180 1916 ι
1210 1863 1409 1935 Jugum
1435 1879 1616 1921 meum
1649 1880 1816 1921 suave
1855 1872 1942 1921 est
1968 1906 1983 1930 ,

395 1956 466 2029 ‘et
490 1963 632 2003 onus
657 1950 778 2005 leve
800 1951 868 2015 “,
904 1968 923 2003 ι
959 1952 1183 2020 planum
1220 1952 1282 2007 lit
1316 1968 1503 2009 senem
1540 1969 1758 2024 quoque
1793 1963 1849 2011 et
1880 1956 1983 2010 im.

410 2034 670 2125 becillum
702 2037 809 2108 legi
836 2036 1041 2093 Christi
1068 2039 1383 2097 satisfacere
1407 2055 1597 2111 posse;
1627 2058 1807 2113 neque
1836 2044 1983 2098 enim

410 2128 673 2197 prmccpit
702 2128 862 2184 nobis
890 2129 1281 2200 virginitatem,
1307 2147 1485 2203 neque
1517 2135 1886 2189 secessionem
1916 2134 1984 2190 ab

410 2219 667 2273 omnibus
700 2235 823 2288 qua:
856 2221 913 2275 in
950 2220 1157 2275 mundo
1188 2229 1346 2287 sunt,
1378 2238 1558 2292 neque
1593 2224 1981 2280 abstinentiam

410 2326 441 2365 a
480 2324 645 2365 carne
682 2317 739 2365 et
774 2310 933 2378 vino;
979 2311 1076 2367 sed
1116 2312 1251 2377 hoc,
1281 2321 1342 2367 ut
1380 2312 1674 2383 diligamus
1713 2314 1885 2368 Deum
1927 2323 1984 2368 et

409 2400 721 2471 proximum
739 2440 753 2466 ,
782 2410 843 2456 ut
872 2401 1087 2473 injuria:
1114 2410 1352 2471 acceptae
1380 2403 1707 2457 memoriam
1738 2404 1980 2474 depona-

408 2506 554 2558 mus,
584 2501 644 2547 ut
673 2491 910 2547 humiles
937 2493 1131 2557 simus,
1158 2500 1219 2546 ut
1245 2493 1369 2547 aliis
1393 2509 1495 2564 pro
1518 2494 1733 2549 viribus
1757 2510 1981 2566 compa-

408 2581 633 2647 tiamur,
660 2592 721 2638 ut
758 2598 1037 2639 aerumnas
1078 2582 1393 2646 toleremus,
1427 2591 1490 2638 ut
1531 2584 1694 2638 mites
1735 2593 1791 2638 et
1831 2585 1981 2654 paci-

409 2674 544 2729 ﬁcos
587 2690 690 2729 nos
730 2682 1078 2745 praestemus.
1114 2673 1245 2741 Quae
1290 2674 1476 2730 omnia
1523 2684 1579 2730 ct
1620 2674 1889 2741 inﬁrmus,
1926 2685 1983 2732 et

408 2777 607 2829 senex,
645 2772 701 2819 et
740 2765 1091 2821 matrimonio
1139 2765 1428 2834 copulatus
1474 2764 1655 2821 facere
1702 2775 1883 2837 potest
1924 2776 1982 2823 et

406 2852 659 2909 faciendo
693 2856 926 2912 salutem
959 2865 1351 2926 consequetur,
1382 2856 1514 2912 licet
1546 2857 1734 2913 omnia
1771 2859 1979 2915 scelera

407 2946 556 3017 regis
579 2947 842 3003 Manassm
868 2955 1262 3020 perpetrasset.

797 3075 1357 3182 QUjESTIO
1427 3078 1582 3167 CI.

404 3222 463 3280 Si
496 3224 612 3296 quis
645 3223 791 3296 duas,
814 3222 897 3279 vel
934 3221 1110 3296 plures
1150 3226 1384 3280 homines
1418 3225 1652 3296 occidat,
1688 3216 1981 3296 captusque

473 3302 640 3420 mor?!
680 3295 961 3361 multetur,
1002 3313 1129 3351 num
1175 3297 1533 3351 remissionem
1580 3295 1859 3364 obtinebit,
1887 3295 1971 3350 an

472 3382 575 3420 non

986 3481 1385 3538 RESPONSIO.
1672 3536 1675 3539 .

468 3568 606 3627 Cum
638 3570 726 3626 lex
757 3581 816 3627 et
845 3572 991 3628 Deus
1024 3572 1215 3627 dicant
1248 3591 1261 3627 :
1305 3590 1324 3624 ι
1364 3572 1594 3629 Oculum
1636 3583 1738 3642 pro
1778 3571 1967 3639 oculo;

397 3663 634 3719 animam
668 3681 772 3736 pro
808 3667 992 3721 anima
1011 3666 1079 3734 “,
1119 3685 1139 3718 ι
1182 3680 1284 3737 ego
1316 3682 1428 3721 non
1467 3681 1691 3737 possum
1729 3664 1913 3720 dicere
1953 3680 1969 3719 :

397 3757 649 3812 Animam
682 3774 782 3828 pro
815 3759 1105 3814 animabus
1135 3760 1345 3814 multis.
1373 3760 1471 3815 Est
1500 3760 1647 3815 enim
1679 3760 1844 3813 homo
1874 3758 1968 3829 qui

397 3848 549 3905 mille
588 3850 909 3907 hominibus
946 3859 1189 3922 prmstet,
1216 3853 1334 3907 sive
1375 3852 1447 3906 sit
1481 3852 1714 3908 aliorum
1752 3852 1965 3918 doctor,

398 3941 515 3997 sive
575 3957 876 4012 egenorum
930 3944 1225 3999 muniﬁcus
1280 3943 1526 3999 nutritor
1580 3962 1594 3998 :
1654 3959 1819 4013 quem
1872 3943 1968 4013 qui

397 4030 623 4097 occidit,
654 4048 766 4088 non
797 4049 968 4088 unum
999 4034 1280 4089 hominem
1310 4034 1536 4099 occidit,
1565 4034 1662 4104 sed
1693 4033 1967 4104 integrum

399 4122 686 4193 populum,
710 4135 769 4179 et
790 4125 939 4180 mille
964 4125 1392 4181 homicidiorum
1420 4141 1553 4180 reus
1577 4134 1682 4187 cst,
1707 4125 1969 4195 quemadé

396 4212 618 4267 modum
656 4213 923 4280 Herodes,
952 4217 1047 4287 qui
1083 4233 1479 4287 praecursorem
1515 4218 1882 4283 interemit“,
1913 4226 1970 4273 et

395 4303 488 4358 alii
527 4306 803 4372 scelerati,
830 4308 925 4377 qui
964 4308 1243 4378 apostolos
1280 4307 1712 4373 interfecerunt;
1743 4309 1967 4363 melius-

395 4410 503 4465 que
543 4394 738 4453 fuisset
786 4398 992 4453 Neroni
1046 4407 1213 4455 totam
1256 4396 1486 4455 Romam
1536 4415 1567 4453 a
1609 4398 1717 4454 ﬁde
1759 4398 1964 4454 Christi

2594 1128 3147 1215 ΕΡΩΤΗΣΙΣ.
3226 1102 3233 1111 ’

2099 1367 2237 1421 Ἐάν
2266 1385 2355 1437 τις
2381 1368 2764 1436 συνεθισθεὶς
2819 1368 2895 1437 τῇ
2946 1366 3254 1437 σωματικῇ
3283 1367 3557 1437 ἁμαρτίᾳ,
3589 1368 3660 1422 ἐν

2156 1436 2312 1508 αὐτῇ
2330 1434 2761 1508 ίκαταγηράσῃ,
2803 1434 2902 1493 κᾱὶ
2932 1434 3202 1508 θεωρήσῃ
3224 1434 3327 1489 ίέν⁷
3351 1434 3537 1508 αὐτῷ,
3567 1437 3657 1490 ὅτι

2156 1507 2294 1560 οὔτε
2346 1510 2701 1575 νηστεῦσαί,
2730 1506 2794 1575 ’ἢ
2841 1506 3134 1575 ἀσκῆσαι,
3189 1508 3227 1573 ἢ
3275 1506 3656 1574 χαμευνῆσαι

2153 1564 2420 1639 δύναται,
2451 1564 2578 1643 πῶς
2606 1564 2966 1632 οὖᾶινλοιπὸν
2988 1564 3240 1632 δύναται
3275 1564 3545 1644 δ’ὠθῆναὶ
3578 1577 3651 1631 ἐν

2155 1645 2307 1714 γήρᾳ
2334 1646 2648 1715 ὑπάρχωνε

2674 1757 3068 1815 ΑΠΟΚΡΙΣΙΣ.
3214 1812 3221 1817 .

2157 1851 2265 1905 Τοῦ
2304 1851 2510 1922 Κυρίου
2540 1851 2808 1919 λέγοντος,
2830 1853 2912 1905 ὅτι
2958 1869 2979 1903 ι
3002 1852 3061 1904 '0
3078 1848 3241 1918 ζυγός
3270 1867 3370 1920 μου
3396 1849 3652 1923 χρηστδς,

2085 1944 2177 1998 καὶ
2191 1943 2252 1997 τὸ
2280 1943 2499 2013 φορτίον
2524 1960 2625 2013 μου
2649 1942 2883 2012 ἐλαφρόν
2910 1944 3078 2006 ἐστιν,
3096 1961 3114 1992 ι
3144 1941 3385 2011 εὔδηλον,
3417 1943 3498 1995 ὅτι
3515 1945 3543 1995 6
3559 1942 3654 2008 γέ-

2088 2052 2214 2106 ρων,
2242 2036 2345 2093 ’καὶ
2390 2035 2653 2098 ἀδύνατος
2683 2034 2908 2087 δύναται
2964 2032 3197 2103 φυλάξαι
3236 2034 3328 2088 τὸν
3362 2036 3523 2104 νόμον
3556 2035 3655 2089 ab.

2083 2125 2179 2177 τοῦ
2200 2140 2215 2155 ο
2252 2123 2376 2177 οὔτε
2407 2124 2704 2193 παρθενίαν
2735 2125 2865 2194 ἡμῖν
2893 2123 3114 2195 ὥρισεν,
3145 2122 3269 2178 οὔτε
3298 2124 3515 2178 πάντων
3543 2124 3654 2178 τῶν

2082 2214 2140 2267 ἐν
2165 2213 2355 2284 κόσμῳ
2382 2214 2733 2284 ἀναχώρησιν
2759 2230 2774 2244 ·
2812 2214 2926 2268 ἀλλ’
2967 2214 3092 2268 οὔτε
3134 2216 3345 2286 ἀποχὴν
3396 2216 3577 2286 κρεῶν
3617 2216 3652 2285 ἣ

2081 2306 2224 2359 οἷνου
2246 2322 2260 2337 ’
2296 2305 2413 2358 ἀλλ’
2453 2305 2675 2376 ἀγαπᾷν
2722 2306 2813 2359 τὸν
2840 2304 2993 2371 Θεὸν,
3026 2306 3121 2360 καὶ
3153 2307 3246 2360 τὸν
3290 2306 3539 2379 πλησίον,
3575 2308 3653 2378 μὴ

2084 2399 2464 2467 μνησικακεῖν,
2520 2400 2993 2469 ταπεινοφρονεῖν,
3050 2399 3354 2470 συμπαθεῖν
3406 2400 3468 2454 τὸ
3509 2400 3653 2454 κατά

2079 2489 2329 2558 δύναμιν,
2377 2488 2669 2558 ὑπομένειν
2721 2491 2820 2552 τὰς
2854 2490 3083 2560 θλίψεις,
3140 2493 3317 2561 πρᾶον
3357 2486 3501 2544 εἶναι
3557 2492 3653 2545 xa‘t

2080 2581 2375 2651 εἰρηνικόν.
2408 2579 2595 2634 Ταῦτα
2626 2577 2719 2634 οὗν
2752 2581 2847 2634 καὶ
2884 2584 2912 2635 6
2955 2582 3221 2643 ἀσθενῶν,
3263 2582 3357 2636 καὶ
3387 2585 3415 2636 6
3446 2583 3649 2654 γέρων,

2079 2678 2174 2732 καὶ
2232 2679 2261 2731 6
2313 2677 2370 2730 ἐν
2419 2676 2609 2746 κόσμῳ
2645 2675 2884 2744 ιγυναιξὶ
2947 2675 3373 2745 συνεζευγμένας
3427 2675 3652 2730 δύναται

2080 2768 2325 2837 ποιῆσαι,
2383 2766 2478 2819 καὶ
2556 2766 2792 2837 ποιήσας
2872 2765 3091 2829 πάντως
3164 2766 3491 2835 σωθήσεται,
3553 2765 3654 2820 ἐὰν

2079 2859 2301 2928 ἐποίησε
2359 2858 2458 2922 τὰς
2503 2857 2782 2930 ἁμαρτίας
2829 2857 2926 2911 τοῦ
2966 2858 3237 2929 Μανασσῆ
3289 2859 3504 2913 ἑκείνου
3552 2858 3650 2912 τοῦ

2081 2949 2365 3023 βασιλέως.

2497 3094 3025 3183 ΕΡΩΤΗΣΙΣ
3069 3082 3241 3180 ΡΑὀ

2093 3233 2232 3290 Ἐάν
2258 3249 2349 3298 τις
2378 3232 2488 3303 duo
2515 3231 2703 3295 τινὰς,
2741 3232 2780 3299 ἢ
2804 3232 2923 3303 -καὶ
2954 3233 3240 3298 πλείονας
3282 3231 3509 3303 ᾰνρρας
3541 3251 3650 3303 φο-

2144 3296 2359 3369 νεύσῄ.
2393 3299 2521 3372 εἶτα
2562 3296 2847 3370 κρατηθῇ,
2873 3303 2970 3356 καὶ
3011 3296 3305 3372 ἀποθάῦσῃ,
3338 3296 3453 3371 (ipa
3488 3296 3648 3361 σὺν.

2146 3374 2436 3441 εχωρήθη,
2472 3371 2511 3439 ἢ
2547 3371 2648 3437 οὔ;

2229 3480 2234 3485 ’
2655 3485 3045 3542 ΑΠΟΚΡΙΣῘΣ.

2149 3577 2255 3632 Τοῦ
2302 3576 2492 3648 νόμου,
2524 3576 2621 3632 καὶ
2665 3578 2762 3631 τοῦ
2797 3576 2935 3630 Θεοῦ
2967 3577 3237 3645 λέγοντος,
3268 3596 3287 3629 ‹
3328 3577 3643 3649 Ὀφθαλμὸν

2076 3671 2195 3725 ἀντὶ
2230 3670 2533 3741 ὀφθαλμοῦ,
2573 3670 2671 3722 καὶ
2712 3669 2889 3739 ψυχὴν
2942 3669 3065 3724 avsi.
3107 3669 3319 3739 ψυχῆς,
3360 3689 3379 3721 ι
3425 3669 3538 3737 ἐγὼ
3581 3671 3642 3723 οὐ

2074 3760 2309 3831 δύναμαι
2354 3763 2561 3815 εἰπεῖν·
2592 3760 2787 3830 Ψυχὴν
2838 3762 2969 3830 μίαν
3014 3759 3132 3814 ἀντὶ
3183 3761 3372 3831 ψυχῶν
3407 3760 3642 3816 πολλῶν.

2079 3854 2235 3906 Ἐστι
2267 3851 2376 3921 γὰρ
2407 3850 2694 3922 ἄνθρωπος
2739 3851 3014 3923 διαφέρων
3067 3852 3273 3922 μυρίων
3313 3853 3644 3923 ἀνθρώπιον,

2075 3945 2185 3997 εἴτε
2231 3943 2574 4008 διδάσκαλος,
2624 3945 2736 3997 εἴτε
2791 3942 3214 4013 πτωχοτρόφος’
3254 3943 3439 3996 ὅντινα
3471 3946 3499 3996 6
3543 3960 3644 4012 φο-

2073 4035 2267 4099 νεύων,
2302 4036 2400 4105 οῦχ
2430 4035 2524 4088 Eva.
2550 4034 2838 4106 ἄνθρωπον
2867 4035 3177 4102 ἐφόνευσεν,
3204 4035 3339 4088 ἀλλά
3369 4035 3517 4093 λαὸν.
3551 4036 3644 4088 καὶ

2079 4129 2289 4201 μυρίων
2320 4128 2494 4195 φόνων
2523 4112 2669 4179 ἔστὶν
2700 4125 3002 4188 ὑπεύθυνος
3026 4126 3232 4188 λοιπὸν,
3251 4125 3442 4196 ὥσπερ
3475 4126 3645 4200 Ἠρώο

2074 4219 2171 4289 δης
2209 4218 2476 4288 φονεύσας
2502 4217 2594 4270 τὸν
2624 4217 2955 4289 Πρόδρομον,
2998 4219 3092 4271 καὶ
3133 4220 3181 4271 οί
3227 4217 3407 4271 λοιποὶ
3449 4218 3644 4287 ἄνομοι

2073 4310 2198 4374 τοὺς
2228 4309 2561 4374 ἀποστόλους
2595 4310 3014 4371 ἀποκτείναντες
3036 4327 3050 4342 ο
3091 4310 3352 4380 συνέφερε
3392 4312 3499 4385 γὰρ
3539 4308 3645 4363 Νέ-

2079 4420 2223 4473 ρωνα
2252 4404 2513 4470 φονεῦσαι
2546 4404 2729 4456 πᾶσαν
2760 4401 2983 4472 Ῥώμην
3009 4404 3236 4467 ἄπιστον
3268 4400 3456 4468 οὖσαν,
3487 4403 3520 4472 ἢ
3551 4402 3642 4455 τὸν

395 4501 664 4554 aversam,
700 4504 864 4558 quam
907 4490 1200 4544 Doctorem
1242 4489 1413 4557 orbis,
1451 4490 1675 4546 beatum
1710 4490 1963 4556 Paulum,

2078 4492 2165 4548 τοῦ
2202 4493 2409 4565 κόσμου
2442 4493 2788 4561 Διδάσκαλον,
2820 4494 2912 4548 τὸν
2942 4494 3207 4567 μακάριον
3237 4494 3467 4554 Παῦλον.

394 4578 577 4648 gladio
613 4578 925 4649 percutere.

639 4707 807 4780 nos
880 4662 1441 4817 QUIESTIO
1515 4715 1726 4802 CII.

393 4858 535 4915 Num
565 4858 675 4913 Deo
704 4859 953 4931 placeant
978 4876 1198 4915 munera
1229 4877 1348 4932 quae
1378 4862 1477 4932 ipsi
1508 4877 1572 4915 ea:
1597 4861 1751 4932 furtis
1793 4870 1840 4915 et
1865 4860 1967 4915 ini-

858 4879 953 4915 απτ
978 4879 1198 4915 numera
1266 4879 1348 4916 me
1378 4879 1474 4932 ψει
1508 4889 1512 4912 ‹

856 4932 1140 5003 quitatibus
1173 4879 1464 5004 oﬂqeruntur
1487 4932 1512 4985 ?

978 5045 1379 5101 RESPONSIO.

464 5135 660 5192 Diﬁ‘ert
684 5136 893 5193 furtum
917 5154 948 5193 a
982 5137 1151 5203 furto,
1178 5148 1233 5193 et
1260 5136 1526 5208 injuslitia
1548 5136 1620 5190 ab
1648 5135 1915 5205 iniustitia
1946 5153 1959 5189 :

388 5227 538 5283 aliud
582 5228 729 5283 enim
762 5238 847 5284 est
886 5245 1079 5301 rapere
1117 5228 1327 5299 aliquid
1362 5243 1431 5283 ex
1478 5242 1655 5292 sacro,
1698 5225 1848 5280 aliud
1895 5242 1965 5281 ex

390 5321 749 5389 proventibus
781 5330 942 5377 terra:
969 5322 1057 5377 vel
1088 5320 1277 5385 maris,
1318 5318 1601 5373 hominum
1632 5318 1958 5373 inﬁdelium.

390 5409 552 5467 Aliud
584 5422 669 5469 est
692 5412 893 5484 injuria
917 5412 1134 5468 allicere
1161 5425 1384 5482 egenos,
1419 5410 1687 5481 agricolas
1718 5420 1775 5465 et
1805 5426 1962 5465 men-

2486 4726 3020 4839 ΕΡΩΤΗΣΙΣ
3084 4728 3248 4812 PB'.

2067 4862 2251 4917 Δεκτά
2274 4864 2433 4917 εἰσιν
2460 4863 2574 4931 ἄρα
2592 4864 2671 4928 τῷ
2694 4864 2816 4930 Θεῷ
2843 4865 2916 4918 τὰ
2947 4864 3067 4919 ἀπὸ
3088 4863 3438 4933 κλεμμάτων
3457 4879 3642 4933 προσ-

2264 4936 2269 4941 ”
2459 4934 2721 5003 ἀγόμενα
2750 4935 2911 4999 αὐτῷ
2947 4934 3221 5004 χρήματα
3239 4951 3259 5000 ;

2655 5046 3051 5102 ΑΠΟΚΡΙΣΙΣ.

2142 5136 2301 5187 Ἐστι
2326 5133 2564 5204 κλέμμα,
2594 5136 2688 5188 καὶ
2722 5136 2965 5207 κλέμμα,
3019 5136 3112 5191 καὶ
3147 5135 3350 5201 ἀδικία,
3387 5136 3483 5188 καλ⁸
3526 5135 3642 5187 ἀδι-

2067 5226 2162 5279 κία
2188 5241 2202 5256 ·
2247 5226 2376 5280 ἄλλο
2413 5228 2523 5295 γάρ
2555 5228 2670 5281 ἐστι
2701 5228 2763 5281 τὸ
2790 5228 3149 5298 παράψασθαι
3181 5228 3289 5281 ἀπὸ
3329 5226 3424 5281 τοῦ
3471 5223 3638 5297 ἱεροῦ,

2066 5320 2250 5389 ἕτερον
2277 5319 2338 5372 τὸ
2386 5320 2450 5372 ὲκ
2500 5320 2807 5393 προσοδιῶν
2834 5320 2958 5389 γῆς,
3010 5321 3043 5394 ἢ
3109 5319 3399 5390 θαλάττης,
3434 5318 3641 5385 ἀνδρῶν

2066 5411 2332 5465 ἀπίστων.
2355 5412 2462 5465 Καὶ
2487 5411 2614 5467 ἄλλο
2647 5412 2707 5466 τὸ
2751 5413 3007 5485 ἀδικῆσαι
3039 5414 3302 5490 ἀπόρους,
3332 5422 3636 5487 γεωργοὺς,

460 5549 505 5578 ’⁸
536 5548 723 5604 Matth.
765 5566 839 5614 xx,
871 5548 963 5604 30.
1037 5549 1083 5582 “
1106 5548 1278 5606 Exod.
1308 5565 1418 5617 nt,
1441 5547 1531 5603 ει.
1611 5548 1658 5581 ’⁸
1686 5547 1875 5603 Matth.
1910 5565 2017 5613 xlv,
2048 5549 2152 5615 ll);
2187 5549 2353 5605 Marc.
2387 5549 2590 5634 “.27.

1902 5660 2135 5720 NOTAE.

1902 5661 1948 5712 Ν
1999 5661 2040 5716 Τ
2120 5704 2135 5720 .

460 5746 570 5817 (93)
594 5746 794 5814 Quzest.
831 5750 894 5805 ﬁl
936 5751 1002 5806 ad
1047 5751 1300 5809 Antioch.
1335 5754 1542 5811 Similis
1574 5762 1659 5812 est
1699 5753 1930 5826 qumstio
1952 5661 2175 5825 (duitas,
2218 5753 2469 5825 superius
2494 5753 2603 5825 jam
2634 5753 2833 5824 posita.
