4026 6140
298 5656 329 5667 ὀ

409 347 512 413 759
1615 363 1676 423 s.
1709 363 2103 428 ANASTASII
2154 347 2477 437 5mm
3561 389 3666 451 τεο

406 465 574 520 corde
616 477 721 528 est,
766 468 839 523 ita
874 476 935 523 ut
973 486 1153 540 neque
1184 483 1412 543 propter
1446 474 1555 529 vita
1600 474 1840 542 functos,
1882 492 1959 532 uel

2087 484 2179 537 καὶ
2213 490 2350 560 μήτε
2388 492 2481 545 ἐπὶ
2530 495 2763 565 νεκροῖς,
2801 498 2937 568 μήτε
2969 498 3061 552 ἐπὶ
3098 501 3211 562 τοῖς
3243 499 3394 565 ἰδίοις
3428 500 3661 568 τέκνοις,

404 574 514 620 nnc
581 569 812 629 propter
865 562 1124 633 proprios
1177 565 1402 630 liberos,
1461 582 1639 636 neque
1691 568 1764 623 ob
1813 569 1959 623 ullan

2086 581 2221 650 μηδὲ
2251 584 2338 635 ἐπ’
2361 584 2494 658 ἄλλῃ
2520 562 2776 660 συμφορᾷ
2797 562 3065 661 Ida-2956a:
3090 562 3409 662 δυνάμενος,
3452 594 3484 665 ἢ
3537 562 3663 647 aeu;

405 651 570 704 aliam
606 652 970 708 calamitatem
1006 656 1299 727 lacrymari
1323 658 1408 721 rel
1446 657 1513 711 ad
1553 659 1724 712 Deum
1759 675 1959 728 gemeri

2082 672 2279 739 γνάσαι
2304 676 2439 745 προς
2473 678 2563 729 τὸν
2589 679 2742 744 Θεὸν,
2792 681 2851 733 τὸ
2886 683 3081 751 στῆθος
3116 684 3293 754 τύψει,
3332 686 3423 738 τὸν
3449 685 3661 754 γέλωτα

403 751 592 808 queat,
645 742 736 797 hic
761 753 956 813 pectus
1006 746 1221 811 tundet,
1256 748 1427 802 risum
1465 755 1799 818 compescet,
1850 764 1983 803 ocu-
2084 742 2392 834 περικόψει,

404 832 598 901 losque
642 833 919 901 demittet,
961 845 1017 892 et
1062 838 1165 893 hac
1210 841 1422 894 ratione
1464 841 1731 912 lacrymas
1786 857 1815 894 a
1871 842 1980 895 Deo

403 919 743 990 impetrabit.
789 925 1085 980 Sciendum
1126 938 1311 982 autem
1347 932 1519 984 multo
1555 930 1978 986 fructuosiorem

401 1028 523 1067 esse
543 1017 871 1081 orationem,
896 1020 950 1073 in
972 1021 1161 1075 abdito
1184 1023 1431 1076 conclavi
1456 1024 1782 1088 institutam,
1812 1040 1974 1094 quam

401 1119 524 1172 quze
566 1104 625 1160 ﬁt
674 1123 861 1163 coram
911 1112 1171 1167 omnibus
1221 1112 1275 1167 in
1316 1114 1572 1168 ecclesia.

909 1222 1471 1325 QUIESTIO

778 1376 787 1387 ο
879 1346 1115 1402 EXTRA
1154 1348 1243 1403 OB
1255 1347 1487 1402 DINEM.

649 1436 791 1493 Num
835 1441 1024 1493 bonum
1071 1451 1149 1495 est
1184 1450 1402 1513 peccata
1444 1442 1726 1508 conﬁteri?

985 1532 1388 1590 RESPONSIO.

2428 770 2554 832 τοὺς
2593 771 2907 842 ὀφθαλμοὺς
2930 774 3278 839 ταπεινώσει,
3311 776 3483 838 οὕτως
3502 778 3660 846 χαρί-

2083 855 2234 919 ζεται
2267 860 2416 929 αὐτῷ
2441 863 2469 912 ὁ
2498 861 2628 925 Θεὸς
2675 865 2768 916 καὶ
2799 864 2857 917 τὸ
2893 865 3152 935 δάκρυον.
3179 867 3300 939 Χρὴ
3337 869 3392 921 δὲ
3429 870 3658 921 ἐπίστα-

2083 946 2222 1007 σθαι,
2252 942 2335 1000 ὅτι
2370 950 2502 1002 πολὺ
2530 952 2854 1023 συμφέρειή
2885 956 3161 1025 προσευχὴ
3189 958 3221 1024 ἡ
3250 959 3305 1008 ὲν
3337 957 3416 1027 τῷ
3448 958 3659 1028 ταμείῳ

2083 1054 2177 1089 σου
2224 1040 2514 1108 γενομένη,
2561 1041 2703 1111 ὑπὲρ
2743 1042 2835 1097 τὸν
2888 1044 2960 1121 ὲν,
2994 1048 3058 1115 τῇ
3104 1045 3373 1117 ἐκκλησίᾳ
3425 1046 3655 1102 ενώπιον

2081 1130 2299 1183 πάντων
2334 1132 2748 1204 ἐπιτελουμένη.

2557 1260 3116 1347 ΕΡΩΤΗΣΙΣ;

2205 1393 2407 1449 Καλὸν
2440 1388 2555 1466 ἄρα
2585 1397 2650 1451 τὸ
2682 1399 3177 1469 ἐξομολογεῖσθαι
3208 1401 3532 1475 dpaptlac;

2672 1514 3058 1589 ᾹΠΟΚΡΙΣΙΣ.

465 1618 675 1700 Bonum
717 1631 774 1677 et
824 1622 1119 1679 admodum
1151 1627 1284 1681 utile
1326 1638 1410 1683 est
1461 1629 1733 1692 conﬁteri,
1770 1628 1862 1683 sed
1900 1629 1959 1682 ita

2146 1623 2347 1685 Καλὸν,
2378 1635 2476 1678 και
2504 1626 2647 1680 πάνυ
2675 1626 2977 1697 ὠφέλιμον,
2998 1628 3150 1682 ’ἀλλὰ
3192 1629 3264 1700 μὴ
3304 1632 3417 1693 τοῖς
3460 1631 3647 1700 πᾶσιν,

394 1719 457 1765 ιιι
501 1694 774 1769 confessio
826 1731 935 1770 non
984 1717 1081 1771 fiat
1136 1720 1381 1785 cuilibet,
1431 1721 1652 1791 quando
1696 1735 1875 1788 neque
1915 1728 1959 1773 tu

2074 1712 2196 1765 ἐπεὶ
2220 1711 2345 1766 οὔτε
2372 1731 2453 1766 σοι
2473 1707 2629 1767 τοῦτο
2656 1717 2876 1783 ὠφελεῖ,
2907 1718 3043 1772 ἀλλὰ
3074 1720 3167 1773 καὶ
3200 1720 3324 1784 τοὺς
3351 1721 3649 1786 ἀκούοντας

395 1803 687 1860 utilitatem
721 1806 849 1862 inde
884 1809 1056 1878 capis,
1103 1819 1159 1864 et
1188 1811 1416 1881 insuper
1447 1812 1738 1867 audientes
1773 1811 1959 1866 inﬁcis.

2066 1802 2349 1872 μολύνεις.
2382 1804 2508 1858 Ἐάν
2538 1806 2631 1859 οὖν
2660 1807 2828 1880 εὕρῃς
2857 1809 3026 1879 ἄνδρα
3076 1812 3447 1879 πνευματικὸν
3488 1811 3648 1866 δυνά-

394 1895 452 1949 Si
495 1905 680 1951 autem
712 1898 961 1955 invenias
991 1902 1168 1956 virum
1201 1903 1567 1973 spiritualem,
1597 1904 1690 1974 qui
1721 1904 1818 1957 tibi
1856 1920 1959 1958 me-

2076 1895 2236 1965 μενὸν
2267 1912 2327 1949 σε
2355 1897 2662 1966 ἰατρεῦσαι,
2696 1900 2790 1952 καὶ
2821 1898 3083 1965 εὔξασθαι
3124 1901 3261 1973 ὑπὲρ
3297 1901 3416 1970 σοῦ,
3440 1888 3649 1973 ’ἐκείνῳ

392 1986 631 2041 dicinam
666 1987 868 2055 facere,
895 1999 951 2046 et
981 2008 1084 2063 pro
1114 2004 1165 2049 te
1198 2010 1389 2065 preces
1419 1996 1485 2051 ad
1524 1997 1697 2051 Deum
1737 1995 1968 2051 fundere

395 2074 589 2143 possit,
630 2075 761 2132 huic
805 2080 907 2134 soli
950 2081 1320 2139 conﬁteberis.
1562 2084 1574 2095 ’

773 2211 1332 2314 QUfESTIO
1373 2177 1596 2307 ἐνι
1630 2261 1652 2307 .-

394 2353 540 2409 Unde
571 2361 830 2432 cognoscit
859 2364 1011 2416 homo
1030 2363 1126 2417 sibi
1151 2381 1181 2417 a
1212 2363 1317 2417 Deo
1346 2375 1557 2430 peccata
1587 2372 1804 2422 remissa
1833 2384 1962 2432 esse,

459 2434 508 2480 et
529 2444 585 2482 se
610 2430 1024 2486 misericordiam
1058 2435 1111 2487 in
1144 2434 1226 2488 die
1247 2433 1429 2502 iudicii
1457 2438 1896 2491 consecuturum?

972 2572 1376 2631 RESPONSIO.

458 2642 535 2712 Ex
585 2661 810 2743 propria
865 2664 1227 2731 conscientia,
1284 2676 1338 2721 et
1390 2684 1457 2723 ex
1509 2669 1761 2741 libertate
1801 2688 1964 2743 quam

386 2746 551 2803 habet
599 2742 805 2808 anima'
833 2754 889 2809 in
932 2757 1182 2815 oratione
1224 2758 1292 2813 ad
1334 2761 1527 2816 Deum.
1559 2763 1788 2830 Quando
1817 2742 1964 2823 enim

386 2837 554 2893 homo
583 2852 667 2898 est
689 2844 922 2917 alicujus
944 2864 1118 2917 paenae
1146 2866 1295 2916 reus,
1320 2859 1450 2907 tunc
1482 2864 1623 2910 astat
1653 2859 1765 2912 Deo
1796 2859 1967 2914 instar

385 2931 654 2999 damnati,
691 2936 783 3005 qui
819 2938 1239 3010 assistitjudici,
1266 2946 1446 3000 omnis
1477 2947 1692 3007 ﬁducia:
1725 2968 1962 3022 expers:

385 3024 464 3077 sic
499 3033 555 3078 et
588 3026 770 3081 anima
822 3028 878 3082 in
910 3032 1159 3087 oratione
1196 3036 1403 3090 assistit
1437 3038 1570 3106 Deo,
1616 3058 1729 3096 non
1753 3044 1862 3113 jam
1904 3053 1965 3099 ut

2076 1985 2218 2054 αόνῳ
2248 1985 2666 2058 ἐξομολόγησον.

2483 2198 3013 2285 ΕΡΩΤΗΣΙΣ
3050 2201 3247 2300 PG’.

2067 2336 2260 2408 Πόθεν
2289 2337 2566 2407 γινώσκει
2604 2343 2636 2393 ὁ
2667 2339 2997 2407 ἄνθρωπος,
3031 2341 3117 2393 ἔτι
3162 2340 3592 2408 σιηηεχὼρησεν
3615 2342 3649 2393 ὁ

2141 2406 2424 2477 Θεὸςτὰς
2469 2406 2783 2477 ἁμαρτίας-⁷
2815 2411 3022 2471 αὑτοῦ,
3081 2410 3175 2462 καὶ
3235 2406 3347 2462 ὅτι
3377 2410 3647 2476 εὑρίσκει

2139 2475 2311 2543 ἕλεος
2337 2475 2672 2545 πάντωςίέν
2693 2479 2769 2548 τῇ
2793 2478 2982 2547 ἡμέρῃ
3005 2478 3117 2548 τῆς
3146 2480 3435 2548 κρίσεως;

2656 2592 3054 2654 ΑΠΟΚΡΙΣΙΣ.

2152 2680 2246 2733 Ἐκ
2278 2680 2377 2749 τῆς
2396 2679 2530 2742 ἰδίας
2561 2680 2942 2749 συνειδήσεως,
2968 2682 3061 2733 καὶ
3089 2680 3154 2733 ἐκ
3184 2683 3280 2750 τῆς
3306 2680 3642 2752 παρρησίας,

2065 2764 2133 2841 ἧς
2164 2770 2276 2839 ἔχει
2310 2772 2342 2838 ἡ
2372 2770 2520 2840 ψυχὴ
2551 2773 2608 2822 ἐν
2642 2774 2918 2841 προσευχῇ
2965 2771 3104 2844 πρὸς
3134 2771 3240 2822 κτὸν
3280 2769 3646 2825 Θεὸν.ς”οταν

2067 2861 2177 2931 γὰρ
2210 2864 2237 2915 ὁ
2268 2863 2552 2931 ἄνθρωπος
2600 2861 2902 2924 ὑπεύθυνός
2935 2866 3051 2916 ὲστι
3100 2862 3395 2925 κολάσεως,
3428 2873 3456 2911 P
3485 2862 3646 2934 δίκην

2067 2954 2360 3007 καταδίκου
2387 2955 2532 3017 τινὸς
2559 2955 2974 3024 παρισταμένου
3010 2954 3088 3024 τῷ
3116 2955 3337 3024 ἄρχοντι
3375 2955 3450 3023 μὴ
3488 2954 3643 3024 ἕχον.

2066 3064 2156 3110 τος
2189 3049 2448 3100 παντοίαν
2481 3046 2815 3118 παρρησίαν,
2842 3046 2983 3100 οὕτω
3011 3048 3105 3100 καὶ
3136 3048 3168 3111 ἡ
3197 3047 3342 3117 ψυχὴ
3382 3046 3645 3114 παρίστα-

383 3115 724 3173 damnationi
765 3119 1023 3186 obnoxia,
1053 3124 1149 3179 sed
1186 3116 1246 3179 ut
1275 3126 1438 3182 homo
1468 3129 1708 3198 debitor,
1741 3135 1835 3202 qui
1862 3135 1959 3190 de-

2070 3157 2157 3192 ται
2183 3138 2260 3207 τῷ
2295 3138 2414 3206 Θεῷ
2448 3141 2505 3191 ἐν
2536 3143 2601 3210 τῇ
2629 3143 2931 3211 προσευχῇ,
2958 3142 3058 3192 οὐκ
3090 3140 3170 3193 ἔτι
3202 3138 3277 3202 ὼς
3324 3139 3633 3204 κατάδικος,

383 3206 560 3264 Ιιίιιιηι
604 3211 706 3266 sibi
739 3214 1063 3282 condonari,
1108 3225 1166 3272 et
1194 3218 1262 3272 ab
1300 3218 1406 3275 hoc
1445 3221 1641 3278 ordine
1676 3226 1963 3283 transferri

382 3302 554 3371 cupit.
592 3304 705 3383 Deo
744 3306 972 3377 insuper
1001 3318 1164 3375 astat,
1216 3318 1476 3381 tauquam
1507 3330 1701 3371 servus
1744 3318 1961 3375 Domini

381 3408 573 3450 amans
610 3406 667 3452 et
695 3397 1020 3465 observans,
1068 3410 1125 3456 et
1148 3401 1216 3454 ab
1247 3401 1352 3456 hoc
1380 3400 1551 3473 gradu
1583 3403 1814 3464 ulterius
1837 3426 1964 3479 pro-

381 3484 584 3541 cedens
624 3489 961 3559 colloquitur
997 3507 1122 3546 cum
1172 3490 1284 3545 Deo
1316 3493 1486 3547 instar
1514 3499 1861 3560 mercenarii,
1892 3500 1961 3569 ab

380 3583 529 3637 omni
577 3583 766 3639 debito
797 3587 963 3641 soluti
1000 3595 1055 3641 et
1089 3587 1270 3641 liberi.
1302 3587 1460 3661 41],
1506 3590 1747 3646 Tandem
1779 3592 1959 3673 anima

375 3676 623 3745 pondere
640 3693 750 3748 quo
766 3679 1141 3748 premebatur,
1163 3695 1454 3751 progressu
1484 3685 1743 3754 temporis
1759 3686 1955 3752 levata,

377 3766 629 3836 loquitur
656 3779 715 3825 et
744 3770 957 3825 assistit
987 3772 1100 3825 Deo
1138 3773 1290 3826 velut
1329 3780 1539 3831 amicus
1567 3778 1765 3843 amico,
1808 3788 1863 3833 et
1898 3786 1959 3833 ut

375 3871 579 3927 sponsa
613 3860 841 3928 pr0prio
884 3876 1107 3931 sponso,
1143 3871 1199 3917 et
1242 3872 1304 3918 ut
1345 3864 1489 3922 ﬁlius
1528 3884 1629 3923 suo
1668 3871 1829 3939 patri,
1862 3871 1955 3925 ubi

376 3949 516 4002 nihil
554 3952 792 4019 amplius
838 3953 945 4008 loci
999 3955 1333 4024 relinquitur
1368 3959 1577 4026 timori,
1626 3978 1807 4032 neque
1847 3942 1954 4021 ulla

375 4049 461 4095 est
506 4040 575 4095 de
618 4043 892 4113 supplicio
950 4045 1245 4118 inﬂigendo
1298 4053 1578 4123 cogitatio,
1626 4055 1719 4110 sed
1770 4057 1954 4112 omnia

374 4132 526 4187 aliud
571 4148 683 4188 non
727 4148 854 4191 sunt
888 4153 1051 4208 quam
1084 4141 1341 4209 cbaritas,
1382 4146 1511 4216 jnge
1556 4147 1838 4216 gaudium,
1884 4149 1953 4202 li-

373 4221 563 4279 hertas
614 4225 961 4295 indeliciens,
1011 4232 1205 4289 anima:
1257 4236 1469 4301 laetitia,
1520 4237 1847 4306 tripudium,
1897 4247 1955 4294 et

372 4316 666 4371 exsultatio
699 4318 1073 4387 interminata,
1104 4335 1271 4395 prout
1302 4327 1465 4381 nobis
1493 4328 1719 4383 tradunt
1750 4330 1826 4384 illi
1857 4330 1950 4403 qui

374 4409 546 4478 gratia
591 4409 798 4470 Christi
851 4416 921 4470 ad
967 4417 1074 4472 hoc
1123 4418 1403 4489 fastigium
1450 4421 1627 4476 evecti
1691 4432 1838 4477 sunt.

372 4617 405 4649 κ
546 4514 561 4525 “
717 4547 1280 4651 onmno
1356 4553 1647 4641 CVII.

375 4685 432 4743 Si
466 4689 603 4760 quod
655 4705 787 4759 opus
822 4694 1125 4763 aggrediar,
1168 4696 1307 4749 unde
1338 4698 1637 4805 coniiciunt,
1676 4716 1801 4752 num
1844 4699 1948 4755 Deo

893 4762 1121 4816 nlaceat.
1173 4784 1243 4816 an
1284 4772 1428 4816 non:

893 4772 1121 4834 placeat,
1173 4784 1243 4820 an
1284 4772 1428 4821 non!

964 4881 1366 4939 RESPO‘NSIO.

445 4968 817 5025 Perfectorum
860 4982 917 5028 et
960 4975 1327 5044 spiritualium
1364 4964 1609 5032 v'irorum
1653 4989 1738 5033 est
1766 4980 1948 5034 omnia

371 5070 631 5118 accurate
673 5064 977 5135 dijudicare
1020 5068 1086 5131 ’⁷,
1134 5078 1196 5123 ut
1244 5070 1319 5123 ait
1366 5069 1685 5139 Apostolus.
1732 5069 1950 5126 Solidus

369 5155 518 5208 enim
567 5156 728 5213 cibus
773 5167 857 5214 est
901 5161 1275 5231 perfecturum
1324 5164 1390 5223 ³⁸,
1441 5162 1534 5230 qui
1581 5172 1810 5232 propter
1848 5165 1949 5219 liae

374 5246 548 5301 bitum
592 5248 798 5306 habent
852 5268 1048 5308 sensus
1096 5253 1163 5306 ad
1213 5252 1665 5323 dijudicationem
1711 5254 1838 5309 boni
1893 5267 1948 5312 et

437 5382 483 5415 ²⁷
516 5381 537 5435 l
569 5382 695 5438 Cor.
729 5399 788 5447 ιι,
822 5384 907 5439 15.
986 5384 1031 5415 ³⁸
1060 5383 1227 5437 Hebr.
1260 5398 1312 5445 ν,
1342 5383 1425 5435 14.

2065 3231 2178 3284 ἀλλ’
2210 3231 2283 3294 ὡς
2313 3229 2597 3301 ἄνθρωπος
2631 3230 2945 3299 χρεωστῶν,
2977 3232 3071 3283 καὶ
3120 3229 3458 3300 παρακαλῶν
3506 3246 3631 3298 συγ·

2065 3320 2378 3390 χωρηΟῆναι
2406 3319 2514 3372 ἀπὸ
2550 3320 2754 3389 ταύτης
2785 3320 2886 3388 τῆς
2930 3318 3158 3384 τάξεως,
3216 3320 3311 3372 ἐάν
3339 3319 3636 3390 φροντίσῃς

2064 3412 2251 3466 αὑτοῦ.
2304 3411 2474 3465 Πάλιν
2531 3412 2865 3482 παρίσταται
2895 3413 2966 3475 ὡς
2999 3412 3183 3474 δοῦλος
3224 3413 3634 3482 φιλοδέσποτος,

2063 3504 2158 3556 καὶ
2187 3502 2294 3555 ἀπὸ
2313 3501 2503 3554 τούτου
2536 3503 2863 3573 προκόπτων
2894 3503 3147 3554 συλλαλεί
3184 3502 3260 3572 τῷ
3289 3502 3408 3572 θεῷ
3438 3503 3513 3565 ὡς
3552 3504 3640 3572 μί’

2064 3595 2240 3659 σθιος,
2270 3593 2343 3664 μὴ
2372 3594 2511 3664 ἔχων
2547 3595 2708 3665 χρέος
2738 3596 2922 3647 ἐπάνω
2954 3593 3118 3647 αὑτοῦ
3159 3596 3252 3647 καὶ
3278 3594 3462 3648 λοιπὸν
3494 3596 3637 3649 κατὰ

2062 3688 2364 3757 πρόσϐασιν
2392 3685 2763 3756 κουφιζομένη
2794 3685 2888 3738 τοῦ
2929 3686 3124 3756 βάρους
3160 3688 3192 3757 ἡ
3237 3686 3402 3757 ψυχὴ,
3438 3686 3635 3739 συλλα-

2059 3776 2158 3840 λεῖ,
2194 3768 2288 3830 κάι
2332 3775 2669 3846 παρίσταται
2711 3774 2786 3836 ὠς
2833 3774 2984 3842 φίλος
3017 3773 3154 3843 πρὸς
3200 3773 3373 3841 φίλον,
3414 3772 3511 3825 καὶ
3558 3772 3633 3835 ὡς

2060 3870 2245 3938 νύμφη
2284 3867 2361 3937 τῷ
2401 3867 2516 3936 ἰδίῳ
2543 3866 2782 3936 νυμφίῳ,
2816 3866 2911 3918 καὶ
2936 3865 3011 3926 ὡς
3042 3865 3159 3928 υἱὸς
3182 3865 3259 3935 τῷ
3300 3865 3413 3933 ἰδίῳ
3443 3863 3634 3934 πατρὶ,

2058 3962 2192 4014 ὅπου
2221 3960 2321 4012 οὐκ
2350 3957 2462 4011 ἔστι
2497 3957 2658 4023 φόϐος
2683 3956 2887 4018 λοιπὸν,
2923 3955 3043 4008 οὐδὲ
3081 3956 3262 4025 χρέος,
3305 3955 3423 4007 οὐδὲ
3453 3954 3636 4008 ἔννοια,

2057 4053 2175 4116 οἵας
2203 4054 2402 4123 δήποτε
2434 4050 2732 4113 κολάσεως,
2763 4049 2897 4102 ἀλλὰ
2931 4048 3083 4102 πᾶσα
3117 4048 3331 4115 ἀγάπη,
3362 4047 3455 4099 καὶ
3486 4046 3633 4117 χαρὰ

2055 4145 2332 4214 διηνεκὴς,
2366 4145 2461 4196 καὶ
2495 4143 2780 4212 παρρησία
2833 4141 3134 4204 ἄπαυστος,
3172 4141 3275 4192 ⁹καὶ
3307 4138 3491 4208 ψυχῆς
3546 4139 3635 4190 εὑ-

2057 4237 2296 4309 φροσύνη
2332 4238 2425 4288 καὶ
2472 4235 2845 4304 σκιρτήματα,
2906 4233 3001 4286 καὶ
3050 4231 3372 4300 ἀγαλλίασις
3427 4231 3635 4284 ἀκατά-

2055 4346 2317 4391 παυστος,
2342 4326 2597 4395 καθάπερ
2623 4328 2756 4395 ἡμῖν
2779 4323 3095 4393 διηγοῦνται
3135 4325 3185 4376 οἱ
3216 4326 3282 4394 τῇ
3325 4324 3512 4394 χάριτι
3542 4320 3632 4376 τοῦ

2055 4421 2293 4494 Χριστοῦ
2323 4422 2403 4485 εἰς
2425 4419 2651 4473 τοιαῦτα
2678 4418 3122 4488 καταντήσαντες
3149 4416 3345 4488 μέτρα.

2452 4561 2984 4649 ΕΡΩΤΗΣΙΣ
3046 4557 3208 4645 PZ'.

2059 4713 2202 4768 Ἐὰν
2236 4709 2474 4773 θελήσω
2514 4707 2733 4781 πρᾶξαι
2768 4702 3028 4781 etprima,
3078 4704 3159 4781 (ξς
3182 4700 3413 4781 γορῐζὶέ),
3448 4703 3637 4781 πόθεν

2155 4771 2378 4851 ὀφείλω
2412 4771 2646 4848 μαθεῖν,
2685 4779 2736 4829 εὶ
2761 4775 3006 4842 ἀρέσκει
3054 4773 3134 4838 τῷ
3173 4773 3318 4838 Θεῷ,
3350 4771 3387 4840 ἢ
3415 4773 3528 4837 οῦ;

2635 4884 3028 4940 ΛΠΟΚΡΙΣΙΣ.

2129 4982 2251 5036 Τῶν
2301 4980 2525 5033 τελείων
2580 4978 2675 5031 καὶ
2727 4974 3115 5044 πνευματικῶν
3162 4971 3374 5042 ἀνδρῶν
3414 4972 3530 5023 ἐστι
3576 4969 3638 5023 τὸ

2058 5076 2235 5129 πάντα
2262 5073 2506 5144 ἀκριϐῶς
2537 5070 2854 5141 διακρίνειν.
2885 5067 3064 5129 καθώς
3104 5083 3270 5137 φησιν
3300 5066 3327 5117 ὁ
3370 5063 3634 5117 Ἀπόστο-

2056 5169 2163 5231 λος.
2197 5168 2429 5220 Τελείων
2462 5165 2571 5235 γάρ
2600 5166 2745 5217 ἐστιν
2769 5164 2800 5233 ἡ
2827 5162 3019 5229 στερεᾶ
3049 5158 3243 5231 τροφὴ,
3276 5158 3385 5211 τῶν
3420 5157 3508 5210 διὰ
3538 5156 3636 5224 τὴν

2055 5261 2167 5326 ἕξιν
2226 5260 2295 5313 τὰ
2350 5256 2684 5327 αἰσθητήρια
2739 5253 2973 5323 ἐχόντων
3013 5248 3445 5321 γεγυμνασμένα
3499 5250 3634 5317 πρὸς

1655 5472 1890 5529 VARle
1936 5474 2337 5529 LECTIONES.

386 5588 397 5597 ’
439 5598 472 5641 P
506 5591 773 5648 Videntur
806 5593 898 5650 hic
925 5591 1225 5649 desiderari
1262 5593 1378 5649 lucc
1396 5594 1480 5648 vel
1509 5594 1707 5649 similia
1738 5597 1904 5651 verba
1937 5615 1949 5650 :
1984 5596 2312 5669 παρίσταται
2338 5596 2412 5667 cf:
2437 5596 2573 5666 Θεῷ.

1884 5727 2111 5782 ΝυΤᾹῖ.

446 5809 556 5880 (95)
580 5810 787 5868 Similis
811 5824 1003 5884 quiest.
1034 5815 1127 5870 121
1162 5816 1229 5872 ad
1263 5816 1616 5888 Antiochum,
1656 5831 1710 5876 et
1748 5835 1938 5893 quaest.
1981 5824 2102 5878 151.
