  <div class='ocr_page' id='page_1' title='image "/cluster/home/n/w/nwhite01/storage/ocr_20150623/89/mdp.39015008868328/405.png"; bbox 0 0 4026 6140; ppageno 0'>
   <div class='ocr_carea' id='block_1_1' title="bbox 378 297 491 366">
    <p class='ocr_par' dir='ltr' id='par_1_1' title="bbox 378 297 491 366">
     <span class='ocr_line' id='line_1_1' title="bbox 378 297 491 366; baseline -0.027 -1"><span class='ocrx_word' id='word_1_1' title='bbox 378 297 491 366; x_wconf 74' lang='grc' dir='ltr'><strong>’ῑ63</strong></span> 
     </span>
    </p>
   </div>
   <div class='ocr_carea' id='block_1_2' title="bbox 1575 287 2438 357">
    <p class='ocr_par' dir='ltr' id='par_1_2' title="bbox 1575 287 2438 357">
     <span class='ocr_line' id='line_1_2' title="bbox 1575 287 2438 357; baseline -0.009 1"><span class='ocrx_word' id='word_1_2' title='bbox 1575 297 1636 357; x_wconf 93' lang='lat' dir='ltr'><strong>S.</strong></span> <span class='ocrx_word' id='word_1_3' title='bbox 1676 289 2073 356; x_wconf 82' lang='lat' dir='ltr'><strong>ANASTASII</strong></span> <span class='ocrx_word' id='word_1_4' title='bbox 2114 287 2438 351; x_wconf 72' lang='grc' dir='ltr'><strong>ΞΙΝΑΙΤίΕ</strong></span> 
     </span>
    </p>
   </div>
   <div class='ocr_carea' id='block_1_3' title="bbox 3520 287 3628 352">
    <p class='ocr_par' dir='ltr' id='par_1_3' title="bbox 3520 287 3628 352">
     <span class='ocr_line' id='line_1_3' title="bbox 3520 287 3628 352; baseline 0 -1"><span class='ocrx_word' id='word_1_5' title='bbox 3520 287 3628 352; x_wconf 75' lang='grc' dir='ltr'><strong>τοι</strong></span> 
     </span>
    </p>
   </div>
   <div class='ocr_carea' id='block_1_4' title="bbox 387 398 1965 476">
    <p class='ocr_par' dir='ltr' id='par_1_4' title="bbox 387 398 1953 476">
     <span class='ocr_line' id='line_1_4' title="bbox 387 398 1953 476; baseline -0.007 -10"><span class='ocrx_word' id='word_1_6' title='bbox 387 413 593 468; x_wconf 84' lang='lat' dir='ltr'><strong>tionem</strong></span> <span class='ocrx_word' id='word_1_7' title='bbox 626 405 821 462; x_wconf 77' lang='lat' dir='ltr'><strong>incidit</strong></span> <span class='ocrx_word' id='word_1_8' title='bbox 851 422 864 459; x_wconf 92' lang='lat'>:</span> <span class='ocrx_word' id='word_1_9' title='bbox 896 405 1149 476; x_wconf 83' lang='lat' dir='ltr'><strong>pluribus</strong></span> <span class='ocrx_word' id='word_1_10' title='bbox 1194 398 1380 460; x_wconf 86' lang='lat' dir='ltr'><strong>autem</strong></span> <span class='ocrx_word' id='word_1_11' title='bbox 1422 405 1730 469; x_wconf 80' lang='lat' dir='ltr'><strong>orantibus,</strong></span> <span class='ocrx_word' id='word_1_12' title='bbox 1762 412 1818 458; x_wconf 85' lang='lat' dir='ltr'><strong>et</strong></span> <span class='ocrx_word' id='word_1_13' title='bbox 1860 416 1953 457; x_wconf 90' lang='lat' dir='ltr'><strong>ac-</strong></span> 
     </span>
    </p>
   </div>
   <div class='ocr_carea' id='block_1_5' title="bbox 2071 398 3631 476">
    <p class='ocr_par' dir='ltr' id='par_1_5' title="bbox 2071 399 3631 471">
     <span class='ocr_line' id='line_1_5' title="bbox 2071 399 3631 471; baseline 0.004 -18"><span class='ocrx_word' id='word_1_14' title='bbox 2071 400 2373 471; x_wconf 67' lang='lat' dir='ltr'><strong>lap6aivwv,</strong></span> <span class='ocrx_word' id='word_1_15' title='bbox 2409 400 2669 464; x_wconf 77' lang='grc' dir='ltr'><strong>πολλάκις</strong></span> <span class='ocrx_word' id='word_1_16' title='bbox 2698 401 2776 463; x_wconf 80' lang='grc' dir='ltr'><strong>είς</strong></span> <span class='ocrx_word' id='word_1_17' title='bbox 2813 399 2980 469; x_wconf 82' lang='grc' dir='ltr'>τῦφον</span> <span class='ocrx_word' id='word_1_18' title='bbox 3007 399 3273 470; x_wconf 77' lang='grc' dir='ltr'><strong>ἐμπίπτει</strong></span> <span class='ocrx_word' id='word_1_19' title='bbox 3293 415 3311 432; x_wconf 79' lang='grc' dir='ltr'><strong>ο</strong></span> <span class='ocrx_word' id='word_1_20' title='bbox 3364 400 3631 459; x_wconf 80' lang='grc' dir='ltr'>πλειόνων</span> 
     </span>
    </p>
   </div>
   <div class='ocr_carea' id='block_1_6' title="bbox 386 494 1954 570">
    <p class='ocr_par' dir='ltr' id='par_1_6' title="bbox 386 494 1954 570">
     <span class='ocr_line' id='line_1_6' title="bbox 386 494 1954 570; baseline -0.005 -15"><span class='ocrx_word' id='word_1_21' title='bbox 386 499 739 570; x_wconf 87' lang='lat' dir='ltr'><strong>cipientihus,</strong></span> <span class='ocrx_word' id='word_1_22' title='bbox 787 498 934 553; x_wconf 86' lang='lat' dir='ltr'><strong>intra</strong></span> <span class='ocrx_word' id='word_1_23' title='bbox 976 498 1302 553; x_wconf 90' lang='lat' dir='ltr'><strong>humilitatis</strong></span> <span class='ocrx_word' id='word_1_24' title='bbox 1347 506 1546 553; x_wconf 92' lang='lat' dir='ltr'><strong>metam</strong></span> <span class='ocrx_word' id='word_1_25' title='bbox 1585 513 1644 551; x_wconf 90' lang='lat' dir='ltr'><strong>se</strong></span> <span class='ocrx_word' id='word_1_26' title='bbox 1688 494 1954 551; x_wconf 87' lang='lat' dir='ltr'><strong>continet.</strong></span> 
     </span>
    </p>
   </div>
   <div class='ocr_carea' id='block_1_7' title="bbox 388 586 1959 661">
    <p class='ocr_par' dir='ltr' id='par_1_7' title="bbox 388 586 1959 661">
     <span class='ocr_line' id='line_1_7' title="bbox 388 586 1959 661; baseline -0.004 -15"><span class='ocrx_word' id='word_1_27' title='bbox 388 592 502 646; x_wconf 85' lang='lat' dir='ltr'><strong>Hoc</strong></span> <span class='ocrx_word' id='word_1_28' title='bbox 528 591 696 661; x_wconf 81' lang='lat' dir='ltr'><strong>igitur</strong></span> <span class='ocrx_word' id='word_1_29' title='bbox 711 605 836 645; x_wconf 91' lang='lat' dir='ltr'><strong>cum</strong></span> <span class='ocrx_word' id='word_1_30' title='bbox 854 589 1073 655; x_wconf 90' lang='lat' dir='ltr'><strong>crebro,</strong></span> <span class='ocrx_word' id='word_1_31' title='bbox 1093 589 1368 659; x_wconf 86' lang='lat' dir='ltr'><strong>adjunctis</strong></span> <span class='ocrx_word' id='word_1_32' title='bbox 1392 589 1534 653; x_wconf 90' lang='lat' dir='ltr'><strong>aliis,</strong></span> <span class='ocrx_word' id='word_1_33' title='bbox 1555 588 1722 644; x_wconf 90' lang='lat' dir='ltr'><strong>sociis</strong></span> <span class='ocrx_word' id='word_1_34' title='bbox 1747 586 1959 657; x_wconf 58' lang='lat' dir='ltr'><strong>praesti-</strong></span> 
     </span>
    </p>
   </div>
   <div class='ocr_carea' id='block_1_8' title="bbox 390 678 1957 750">
    <p class='ocr_par' dir='ltr' id='par_1_8' title="bbox 390 678 1957 750">
     <span class='ocr_line' id='line_1_8' title="bbox 390 678 1957 750; baseline -0.002 -16"><span class='ocrx_word' id='word_1_35' title='bbox 390 684 596 743; x_wconf 90' lang='lat' dir='ltr'><strong>tissem,</strong></span> <span class='ocrx_word' id='word_1_36' title='bbox 645 680 856 735; x_wconf 86' lang='lat' dir='ltr'><strong>obtinui</strong></span> <span class='ocrx_word' id='word_1_37' title='bbox 902 680 1048 750; x_wconf 87' lang='lat' dir='ltr'><strong>quod</strong></span> <span class='ocrx_word' id='word_1_38' title='bbox 1079 680 1251 745; x_wconf 89' lang='lat' dir='ltr'><strong>volui,</strong></span> <span class='ocrx_word' id='word_1_39' title='bbox 1301 688 1357 735; x_wconf 87' lang='lat' dir='ltr'><strong>et</strong></span> <span class='ocrx_word' id='word_1_40' title='bbox 1387 680 1590 735; x_wconf 86' lang='lat' dir='ltr'><strong>suadeo</strong></span> <span class='ocrx_word' id='word_1_41' title='bbox 1623 678 1781 735; x_wconf 80' lang='lat' dir='ltr'><strong>vobis</strong></span> <span class='ocrx_word' id='word_1_42' title='bbox 1809 678 1957 733; x_wconf 86' lang='lat' dir='ltr'><strong>utin</strong></span> 
     </span>
    </p>
   </div>
   <div class='ocr_carea' id='block_1_9' title="bbox 387 756 1958 840">
    <p class='ocr_par' dir='ltr' id='par_1_9' title="bbox 387 756 1958 840">
     <span class='ocr_line' id='line_1_9' title="bbox 387 756 1958 840; baseline -0.002 -13"><span class='ocrx_word' id='word_1_43' title='bbox 387 771 584 827; x_wconf 80' lang='lat' dir='ltr'><strong>vestris</strong></span> <span class='ocrx_word' id='word_1_44' title='bbox 624 771 690 826; x_wconf 87' lang='lat' dir='ltr'><strong>ad</strong></span> <span class='ocrx_word' id='word_1_45' title='bbox 737 756 908 826; x_wconf 87' lang='lat' dir='ltr'><strong>Deum</strong></span> <span class='ocrx_word' id='word_1_46' title='bbox 943 772 1205 840; x_wconf 84' lang='lat' dir='ltr'><strong>precibus</strong></span> <span class='ocrx_word' id='word_1_47' title='bbox 1233 771 1378 825; x_wconf 88' lang='lat' dir='ltr'><strong>idem</strong></span> <span class='ocrx_word' id='word_1_48' title='bbox 1410 770 1671 826; x_wconf 84' lang='lat' dir='ltr'><strong>factitctis</strong></span> <span class='ocrx_word' id='word_1_49' title='bbox 1697 787 1708 825; x_wconf 92' lang='lat'><strong>:</strong></span> <span class='ocrx_word' id='word_1_50' title='bbox 1738 768 1958 839; x_wconf 87' lang='lat' dir='ltr'><strong>quando</strong></span> 
     </span>
    </p>
   </div>
   <div class='ocr_carea' id='block_1_10' title="bbox 388 860 1960 928">
    <p class='ocr_par' dir='ltr' id='par_1_10' title="bbox 388 860 1960 928">
     <span class='ocr_line' id='line_1_10' title="bbox 388 860 1960 928; baseline -0.002 -11"><span class='ocrx_word' id='word_1_51' title='bbox 388 864 535 917; x_wconf 90' lang='lat' dir='ltr'><strong>enim</strong></span> <span class='ocrx_word' id='word_1_52' title='bbox 584 863 694 917; x_wconf 93' lang='lat' dir='ltr'><strong>duo</strong></span> <span class='ocrx_word' id='word_1_53' title='bbox 744 864 830 917; x_wconf 87' lang='lat' dir='ltr'><strong>vel</strong></span> <span class='ocrx_word' id='word_1_54' title='bbox 881 873 993 917; x_wconf 89' lang='lat' dir='ltr'><strong>tres</strong></span> <span class='ocrx_word' id='word_1_55' title='bbox 1029 879 1093 917; x_wconf 84' lang='lat' dir='ltr'><strong>ex</strong></span> <span class='ocrx_word' id='word_1_56' title='bbox 1127 871 1241 917; x_wconf 90' lang='lat' dir='ltr'><strong>toto</strong></span> <span class='ocrx_word' id='word_1_57' title='bbox 1274 863 1459 917; x_wconf 88' lang='lat' dir='ltr'><strong>animo</strong></span> <span class='ocrx_word' id='word_1_58' title='bbox 1499 870 1682 928; x_wconf 80' lang='lat' dir='ltr'><strong>orant,</strong></span> <span class='ocrx_word' id='word_1_59' title='bbox 1730 861 1815 915; x_wconf 86' lang='lat' dir='ltr'><strong>vel</strong></span> <span class='ocrx_word' id='word_1_60' title='bbox 1860 860 1960 915; x_wconf 88' lang='lat' dir='ltr'><strong>ali-</strong></span> 
     </span>
    </p>
   </div>
   <div class='ocr_carea' id='block_1_11' title="bbox 389 953 1956 1024">
    <p class='ocr_par' dir='ltr' id='par_1_11' title="bbox 389 953 1956 1024">
     <span class='ocr_line' id='line_1_11' title="bbox 389 953 1956 1024; baseline -0.001 -18"><span class='ocrx_word' id='word_1_61' title='bbox 389 953 609 1021; x_wconf 89' lang='lat' dir='ltr'><strong>quando</strong></span> <span class='ocrx_word' id='word_1_62' title='bbox 673 953 740 1007; x_wconf 89' lang='lat' dir='ltr'><strong>ad</strong></span> <span class='ocrx_word' id='word_1_63' title='bbox 792 953 1028 1007; x_wconf 88' lang='lat' dir='ltr'><strong>alterum</strong></span> <span class='ocrx_word' id='word_1_64' title='bbox 1092 954 1423 1023; x_wconf 89' lang='lat' dir='ltr'><strong>tertiumque</strong></span> <span class='ocrx_word' id='word_1_65' title='bbox 1475 953 1621 1008; x_wconf 89' lang='lat' dir='ltr'><strong>diem</strong></span> <span class='ocrx_word' id='word_1_66' title='bbox 1668 953 1956 1024; x_wconf 84' lang='lat' dir='ltr'><strong>jejunant,</strong></span> 
     </span>
    </p>
   </div>
   <div class='ocr_carea' id='block_1_12' title="bbox 390 1043 1960 1114">
    <p class='ocr_par' dir='ltr' id='par_1_12' title="bbox 390 1043 1960 1114">
     <span class='ocr_line' id='line_1_12' title="bbox 390 1043 1960 1114; baseline 0 -16"><span class='ocrx_word' id='word_1_67' title='bbox 390 1045 615 1099; x_wconf 89' lang='lat' dir='ltr'><strong>omnino</strong></span> <span class='ocrx_word' id='word_1_68' title='bbox 661 1046 779 1100; x_wconf 74' lang='lat' dir='ltr'><strong>sive</strong></span> <span class='ocrx_word' id='word_1_69' title='bbox 822 1061 922 1114; x_wconf 85' lang='lat' dir='ltr'><strong>per</strong></span> <span class='ocrx_word' id='word_1_70' title='bbox 947 1046 1234 1111; x_wconf 73' lang='lat' dir='ltr'><strong>visionem,</strong></span> <span class='ocrx_word' id='word_1_71' title='bbox 1272 1046 1387 1100; x_wconf 87' lang='lat' dir='ltr'><strong>sive</strong></span> <span class='ocrx_word' id='word_1_72' title='bbox 1435 1045 1542 1099; x_wconf 89' lang='lat' dir='ltr'><strong>alio</strong></span> <span class='ocrx_word' id='word_1_73' title='bbox 1585 1044 1747 1099; x_wconf 89' lang='lat' dir='ltr'><strong>modo</strong></span> <span class='ocrx_word' id='word_1_74' title='bbox 1789 1044 1837 1098; x_wconf 88' lang='lat' dir='ltr'><strong>is</strong></span> <span class='ocrx_word' id='word_1_75' title='bbox 1864 1043 1960 1112; x_wconf 86' lang='lat' dir='ltr'><strong>qui</strong></span> 
     </span>
    </p>
   </div>
   <div class='ocr_carea' id='block_1_13' title="bbox 391 1134 1506 1205">
    <p class='ocr_par' dir='ltr' id='par_1_13' title="bbox 391 1134 1506 1205">
     <span class='ocr_line' id='line_1_13' title="bbox 391 1134 1506 1205; baseline 0.001 -18"><span class='ocrx_word' id='word_1_76' title='bbox 391 1134 596 1203; x_wconf 75' lang='lat' dir='ltr'><strong>aliquid</strong></span> <span class='ocrx_word' id='word_1_77' title='bbox 640 1135 879 1190; x_wconf 88' lang='lat' dir='ltr'><strong>instituit</strong></span> <span class='ocrx_word' id='word_1_78' title='bbox 922 1151 1082 1205; x_wconf 85' lang='lat' dir='ltr'><strong>agere</strong></span> <span class='ocrx_word' id='word_1_79' title='bbox 1136 1135 1340 1190; x_wconf 89' lang='lat' dir='ltr'><strong>certior</strong></span> <span class='ocrx_word' id='word_1_80' title='bbox 1393 1134 1506 1189; x_wconf 81' lang='lat' dir='ltr'><strong>ﬁet.</strong></span> 
     </span>
    </p>
   </div>
   <div class='ocr_carea' id='block_1_14' title="bbox 768 1266 1585 1372">
    <p class='ocr_par' dir='ltr' id='par_1_14' title="bbox 768 1266 1585 1372">
     <span class='ocr_line' id='line_1_14' title="bbox 768 1266 1585 1372; baseline -0.002 -17"><span class='ocrx_word' id='word_1_81' title='bbox 768 1266 1323 1372; x_wconf 66' lang='lat' dir='ltr'><strong>QUIESTIO</strong></span> <span class='ocrx_word' id='word_1_82' title='bbox 1395 1267 1585 1355; x_wconf 82' lang='lat' dir='ltr'><strong>CX.</strong></span> 
     </span>
    </p>
   </div>
   <div class='ocr_carea' id='block_1_15' title="bbox 397 1405 1963 1480">
    <p class='ocr_par' dir='ltr' id='par_1_15' title="bbox 397 1405 1963 1480">
     <span class='ocr_line' id='line_1_15' title="bbox 397 1405 1963 1480; baseline 0 -20"><span class='ocrx_word' id='word_1_83' title='bbox 397 1405 621 1472; x_wconf 76' lang='lat' dir='ltr'><strong>Quando</strong></span> <span class='ocrx_word' id='word_1_84' title='bbox 643 1414 900 1480; x_wconf 77' lang='lat' dir='ltr'><strong>principes</strong></span> <span class='ocrx_word' id='word_1_85' title='bbox 928 1412 1093 1464; x_wconf 80' lang='lat' dir='ltr'><strong>nostri</strong></span> <span class='ocrx_word' id='word_1_86' title='bbox 1112 1418 1232 1463; x_wconf 82' lang='lat' dir='ltr'><strong>sunt</strong></span> <span class='ocrx_word' id='word_1_87' title='bbox 1260 1409 1451 1480; x_wconf 72' lang='lat' dir='ltr'><strong>Iudrei,</strong></span> <span class='ocrx_word' id='word_1_88' title='bbox 1486 1407 1568 1462; x_wconf 86' lang='lat' dir='ltr'><strong>vel</strong></span> <span class='ocrx_word' id='word_1_89' title='bbox 1595 1407 1963 1480; x_wconf 50' lang='lat' dir='ltr'><strong>inﬁdelemuel</strong></span> 
     </span>
    </p>
   </div>
   <div class='ocr_carea' id='block_1_16' title="bbox 474 1478 1964 1604">
    <p class='ocr_par' dir='ltr' id='par_1_16' title="bbox 474 1478 1964 1604">
     <span class='ocr_line' id='line_1_16' title="bbox 474 1478 1964 1604; baseline -0.001 -71"><span class='ocrx_word' id='word_1_90' title='bbox 474 1482 724 1604; x_wconf 49' lang='lat' dir='ltr'><strong>luet-elici;</strong></span> <span class='ocrx_word' id='word_1_91' title='bbox 759 1478 885 1535; x_wconf 78' lang='lat' dir='ltr'><strong>num</strong></span> <span class='ocrx_word' id='word_1_92' title='bbox 921 1498 1017 1552; x_wconf 88' lang='lat' dir='ltr'><strong>pro</strong></span> <span class='ocrx_word' id='word_1_93' title='bbox 1053 1481 1158 1534; x_wconf 76' lang='lat' dir='ltr'><strong>illis</strong></span> <span class='ocrx_word' id='word_1_94' title='bbox 1207 1482 1262 1533; x_wconf 85' lang='lat' dir='ltr'><strong>in</strong></span> <span class='ocrx_word' id='word_1_95' title='bbox 1296 1479 1509 1533; x_wconf 78' lang='lat' dir='ltr'><strong>ecclesia</strong></span> <span class='ocrx_word' id='word_1_96' title='bbox 1540 1495 1716 1549; x_wconf 71' lang='lat' dir='ltr'><strong>preces</strong></span> <span class='ocrx_word' id='word_1_97' title='bbox 1747 1478 1964 1547; x_wconf 76' lang='lat' dir='ltr'><strong>fundere</strong></span> 
     </span>
     <span class='ocr_line' id='line_1_17' title="bbox 474 1562 668 1604; baseline 0 0"><span class='ocrx_word' id='word_1_98' title='bbox 474 1562 668 1604; x_wconf 80' lang='lat' dir='ltr'><strong>ovortet</strong></span> 
     </span>
    </p>
   </div>
   <div class='ocr_carea' id='block_1_17' title="bbox 465 1562 668 1622">
    <p class='ocr_par' dir='ltr' id='par_1_17' title="bbox 465 1562 668 1622">
     <span class='ocr_line' id='line_1_18' title="bbox 465 1562 668 1622; baseline -0.02 -14"><span class='ocrx_word' id='word_1_99' title='bbox 465 1562 668 1622; x_wconf 82' lang='lat' dir='ltr'><strong>oportet</strong></span> 
     </span>
    </p>
   </div>
   <div class='ocr_carea' id='block_1_18' title="bbox 981 1664 1381 1721">
    <p class='ocr_par' dir='ltr' id='par_1_18' title="bbox 981 1664 1381 1721">
     <span class='ocr_line' id='line_1_19' title="bbox 981 1664 1381 1721; baseline -0.005 0"><span class='ocrx_word' id='word_1_100' title='bbox 981 1664 1381 1721; x_wconf 81' lang='lat' dir='ltr'><strong>RESPONSIO.</strong></span> 
     </span>
    </p>
   </div>
   <div class='ocr_carea' id='block_1_19' title="bbox 2055 492 3628 566">
    <p class='ocr_par' dir='ltr' id='par_1_19' title="bbox 2055 492 3628 566">
     <span class='ocr_line' id='line_1_20' title="bbox 2055 492 3628 566; baseline 0.003 -20"><span class='ocrx_word' id='word_1_101' title='bbox 2055 492 2112 546; x_wconf 82' lang='grc' dir='ltr'>δὲ</span> <span class='ocrx_word' id='word_1_102' title='bbox 2161 492 2472 563; x_wconf 79' lang='grc' dir='ltr'><strong>εὐχομένων</strong></span> <span class='ocrx_word' id='word_1_103' title='bbox 2529 492 2626 545; x_wconf 72' lang='grc' dir='ltr'>καὶ</span> <span class='ocrx_word' id='word_1_104' title='bbox 2675 492 3115 563; x_wconf 83' lang='grc' dir='ltr'>είσακυυομένων</span> <span class='ocrx_word' id='word_1_105' title='bbox 3169 494 3225 546; x_wconf 79' lang='grc' dir='ltr'>ἐν</span> <span class='ocrx_word' id='word_1_106' title='bbox 3276 494 3628 566; x_wconf 83' lang='grc' dir='ltr'><strong>ταπεινότητι</strong></span> 
     </span>
    </p>
   </div>
   <div class='ocr_carea' id='block_1_20' title="bbox 2060 577 3625 656">
    <p class='ocr_par' dir='ltr' id='par_1_20' title="bbox 2060 577 3625 656">
     <span class='ocr_line' id='line_1_21' title="bbox 2060 577 3625 656; baseline 0.003 -24"><span class='ocrx_word' id='word_1_107' title='bbox 2060 580 2301 652; x_wconf 79' lang='grc' dir='ltr'>μένουσι.</span> <span class='ocrx_word' id='word_1_108' title='bbox 2355 580 2527 636; x_wconf 91' lang='grc' dir='ltr'>Τοῦτο</span> <span class='ocrx_word' id='word_1_109' title='bbox 2553 577 2645 635; x_wconf 83' lang='grc' dir='ltr'><strong>οῦν</strong></span> <span class='ocrx_word' id='word_1_110' title='bbox 2683 580 2945 643; x_wconf 78' lang='grc' dir='ltr'><strong>πολλάκις</strong></span> <span class='ocrx_word' id='word_1_111' title='bbox 2993 581 3112 652; x_wconf 87' lang='grc' dir='ltr'>μεθ’</span> <span class='ocrx_word' id='word_1_112' title='bbox 3148 583 3352 652; x_wconf 83' lang='grc' dir='ltr'>ἐτέρων</span> <span class='ocrx_word' id='word_1_113' title='bbox 3394 585 3625 656; x_wconf 75' lang='grc' dir='ltr'><strong>ποιήσας</strong></span> 
     </span>
    </p>
   </div>
   <div class='ocr_carea' id='block_1_21' title="bbox 2058 671 3626 743">
    <p class='ocr_par' dir='ltr' id='par_1_21' title="bbox 2058 671 3626 743">
     <span class='ocr_line' id='line_1_22' title="bbox 2058 671 3626 743; baseline 0.002 -18"><span class='ocrx_word' id='word_1_114' title='bbox 2058 671 2341 741; x_wconf 75' lang='grc' dir='ltr'>ἐπέτυχον,</span> <span class='ocrx_word' id='word_1_115' title='bbox 2370 673 2464 725; x_wconf 63' lang='grc' dir='ltr'><strong>καὶ⁸</strong></span> <span class='ocrx_word' id='word_1_116' title='bbox 2489 673 2617 743; x_wconf 87' lang='grc' dir='ltr'>ὑμῖν</span> <span class='ocrx_word' id='word_1_117' title='bbox 2642 672 2704 726; x_wconf 75' lang='grc' dir='ltr'>τὸ</span> <span class='ocrx_word' id='word_1_118' title='bbox 2729 672 2861 741; x_wconf 79' lang='grc' dir='ltr'>αὐτὸ</span> <span class='ocrx_word' id='word_1_119' title='bbox 2885 673 2976 725; x_wconf 90' lang='grc' dir='ltr'><strong>νῦν</strong></span> <span class='ocrx_word' id='word_1_120' title='bbox 3002 691 3066 726; x_wconf 91' lang='grc' dir='ltr'><strong>συ</strong></span> <span class='ocrx_word' id='word_1_121' title='bbox 3076 672 3357 743; x_wconf 78' lang='grc' dir='ltr'>μόουλεὺω</span> <span class='ocrx_word' id='word_1_122' title='bbox 3381 675 3476 727; x_wconf 80' lang='grc' dir='ltr'>ἐπὶ</span> <span class='ocrx_word' id='word_1_123' title='bbox 3516 679 3626 739; x_wconf 82' lang='grc' dir='ltr'>τοῖς</span> 
     </span>
    </p>
   </div>
   <div class='ocr_carea' id='block_1_22' title="bbox 2059 762 3620 838">
    <p class='ocr_par' dir='ltr' id='par_1_22' title="bbox 2059 762 3620 838">
     <span class='ocr_line' id='line_1_23' title="bbox 2059 762 3620 838; baseline 0.004 -24"><span class='ocrx_word' id='word_1_124' title='bbox 2059 763 2201 815; x_wconf 87' lang='grc' dir='ltr'>κατὰ</span> <span class='ocrx_word' id='word_1_125' title='bbox 2229 762 2361 816; x_wconf 80' lang='grc' dir='ltr'>Θεὸν</span> <span class='ocrx_word' id='word_1_126' title='bbox 2389 765 2718 834; x_wconf 76' lang='grc' dir='ltr'>αἰτήμασιν·</span> <span class='ocrx_word' id='word_1_127' title='bbox 2751 765 2915 833; x_wconf 78' lang='grc' dir='ltr'>ἡνίκα</span> <span class='ocrx_word' id='word_1_128' title='bbox 2966 764 3075 835; x_wconf 80' lang='grc' dir='ltr'><strong>γὰρ</strong></span> <span class='ocrx_word' id='word_1_129' title='bbox 3101 765 3214 830; x_wconf 80' lang='grc' dir='ltr'>δύο,</span> <span class='ocrx_word' id='word_1_130' title='bbox 3266 766 3298 836; x_wconf 79' lang='grc' dir='ltr'><strong>ἢ</strong></span> <span class='ocrx_word' id='word_1_131' title='bbox 3336 769 3484 838; x_wconf 81' lang='grc' dir='ltr'>τρεῖς</span> <span class='ocrx_word' id='word_1_132' title='bbox 3512 767 3620 820; x_wconf 83' lang='grc' dir='ltr'>ὁλο-</span> 
     </span>
    </p>
   </div>
   <div class='ocr_carea' id='block_1_23' title="bbox 2058 854 3629 929">
    <p class='ocr_par' dir='ltr' id='par_1_23' title="bbox 2058 854 3629 929">
     <span class='ocr_line' id='line_1_24' title="bbox 2058 854 3629 929; baseline 0.004 -23"><span class='ocrx_word' id='word_1_133' title='bbox 2058 854 2245 924; x_wconf 73' lang='grc' dir='ltr'>ψὺχως</span> <span class='ocrx_word' id='word_1_134' title='bbox 2283 854 2536 925; x_wconf 75' lang='grc' dir='ltr'>εὔχονται</span> <span class='ocrx_word' id='word_1_135' title='bbox 2564 858 2693 926; x_wconf 74' lang='grc' dir='ltr'>περὶ</span> <span class='ocrx_word' id='word_1_136' title='bbox 2740 856 3087 927; x_wconf 86' lang='grc' dir='ltr'>πράγματος,</span> <span class='ocrx_word' id='word_1_137' title='bbox 3119 858 3152 927; x_wconf 85' lang='grc' dir='ltr'>ἢ</span> <span class='ocrx_word' id='word_1_138' title='bbox 3182 858 3276 911; x_wconf 72' lang='grc' dir='ltr'><strong>καὶ</strong></span> <span class='ocrx_word' id='word_1_139' title='bbox 3307 860 3629 929; x_wconf 84' lang='grc' dir='ltr'>νηστεύουσι</span> 
     </span>
    </p>
   </div>
   <div class='ocr_carea' id='block_1_24' title="bbox 2059 943 3631 1019">
    <p class='ocr_par' dir='ltr' id='par_1_24' title="bbox 2059 943 3631 1019">
     <span class='ocr_line' id='line_1_25' title="bbox 2059 943 3631 1019; baseline 0.005 -23"><span class='ocrx_word' id='word_1_140' title='bbox 2059 943 2317 1007; x_wconf 83' lang='grc' dir='ltr'>πολλάκις</span> <span class='ocrx_word' id='word_1_141' title='bbox 2343 944 2433 997; x_wconf 74' lang='grc' dir='ltr'>ἐπὶ</span> <span class='ocrx_word' id='word_1_142' title='bbox 2461 944 2721 1015; x_wconf 80' lang='grc' dir='ltr'>δευτέραν</span> <span class='ocrx_word' id='word_1_143' title='bbox 2765 948 2858 1000; x_wconf 78' lang='grc' dir='ltr'>καὶ</span> <span class='ocrx_word' id='word_1_144' title='bbox 2908 947 3099 1018; x_wconf 77' lang='grc' dir='ltr'>τρίτην</span> <span class='ocrx_word' id='word_1_145' title='bbox 3139 947 3372 1019; x_wconf 78' lang='grc' dir='ltr'>ἡμέραν,</span> <span class='ocrx_word' id='word_1_146' title='bbox 3418 952 3631 1015; x_wconf 82' lang='grc' dir='ltr'>πάντως</span> 
     </span>
    </p>
   </div>
   <div class='ocr_carea' id='block_1_25' title="bbox 2062 1034 3630 1111">
    <p class='ocr_par' dir='ltr' id='par_1_25' title="bbox 2062 1034 3630 1111">
     <span class='ocr_line' id='line_1_26' title="bbox 2062 1034 3630 1111; baseline 0.007 -27"><span class='ocrx_word' id='word_1_147' title='bbox 2062 1034 2169 1085; x_wconf 73' lang='grc' dir='ltr'>εἴτε</span> <span class='ocrx_word' id='word_1_148' title='bbox 2201 1034 2267 1087; x_wconf 90' lang='grc' dir='ltr'>δι’</span> <span class='ocrx_word' id='word_1_149' title='bbox 2293 1035 2590 1107; x_wconf 82' lang='grc' dir='ltr'>ὁράματος,</span> <span class='ocrx_word' id='word_1_150' title='bbox 2640 1035 2696 1088; x_wconf 79' lang='grc' dir='ltr'><strong>εί</strong></span> <span class='ocrx_word' id='word_1_151' title='bbox 2727 1053 2783 1089; x_wconf 88' lang='grc' dir='ltr'><strong>τε</strong></span> <span class='ocrx_word' id='word_1_152' title='bbox 2816 1047 2837 1073; x_wconf 72' lang='grc' dir='ltr'><em>τ</em></span> <span class='ocrx_word' id='word_1_153' title='bbox 2877 1038 2910 1107; x_wconf 82' lang='grc' dir='ltr'><strong>ἡ</strong></span> <span class='ocrx_word' id='word_1_154' title='bbox 2951 1037 3149 1108; x_wconf 83' lang='grc' dir='ltr'>καρδία</span> <span class='ocrx_word' id='word_1_155' title='bbox 3178 1038 3270 1091; x_wconf 88' lang='grc' dir='ltr'><strong>τοῦ</strong></span> <span class='ocrx_word' id='word_1_156' title='bbox 3306 1038 3630 1111; x_wconf 82' lang='grc' dir='ltr'>βουλομένου</span> 
     </span>
    </p>
   </div>
   <div class='ocr_carea' id='block_1_26' title="bbox 2063 1128 2739 1202">
    <p class='ocr_par' dir='ltr' id='par_1_26' title="bbox 2063 1128 2739 1202">
     <span class='ocr_line' id='line_1_27' title="bbox 2063 1128 2739 1202; baseline 0.006 -21"><span class='ocrx_word' id='word_1_157' title='bbox 2063 1128 2268 1198; x_wconf 80' lang='grc' dir='ltr'>πρᾶξαι</span> <span class='ocrx_word' id='word_1_158' title='bbox 2290 1132 2395 1201; x_wconf 88' lang='grc' dir='ltr'><strong>πλη</strong></span> <span class='ocrx_word' id='word_1_159' title='bbox 2403 1133 2739 1202; x_wconf 80' lang='grc' dir='ltr'>ροφορεῖται.</span> 
     </span>
    </p>
   </div>
   <div class='ocr_carea' id='block_1_27' title="bbox 2481 1278 3221 1365">
    <p class='ocr_par' dir='ltr' id='par_1_27' title="bbox 2481 1278 3221 1365">
     <span class='ocr_line' id='line_1_28' title="bbox 2481 1278 3221 1365; baseline -0.009 -4"><span class='ocrx_word' id='word_1_160' title='bbox 2481 1278 3013 1365; x_wconf 84' lang='grc' dir='ltr'><strong>ΕΡΩΤΗΣΙΣ</strong></span> <span class='ocrx_word' id='word_1_161' title='bbox 3078 1280 3221 1361; x_wconf 89' lang='lat' dir='ltr'><strong>PI&#39;.</strong></span> 
     </span>
    </p>
   </div>
   <div class='ocr_carea' id='block_1_28' title="bbox 2077 1412 3632 1485">
    <p class='ocr_par' dir='ltr' id='par_1_28' title="bbox 2077 1412 3632 1485">
     <span class='ocr_line' id='line_1_29' title="bbox 2077 1412 3632 1485; baseline -0.001 -16"><span class='ocrx_word' id='word_1_162' title='bbox 2077 1414 2219 1469; x_wconf 79' lang='grc' dir='ltr'><strong>Ἐάν</strong></span> <span class='ocrx_word' id='word_1_163' title='bbox 2290 1415 2463 1485; x_wconf 15' lang='grc' dir='ltr'>εἶσιν,</span> <span class='ocrx_word' id='word_1_164' title='bbox 2510 1418 2566 1469; x_wconf 85' lang='lat' dir='ltr'><strong>ol</strong></span> <span class='ocrx_word' id='word_1_165' title='bbox 2625 1415 2916 1485; x_wconf 76' lang='grc' dir='ltr'>ἄρχοντες</span> <span class='ocrx_word' id='word_1_166' title='bbox 2982 1415 3154 1483; x_wconf 74' lang='grc' dir='ltr'><strong>ἡμῶν</strong></span> <span class='ocrx_word' id='word_1_167' title='bbox 3230 1412 3524 1485; x_wconf 77' lang='grc' dir='ltr'>Ἰουδαῖοι,</span> <span class='ocrx_word' id='word_1_168' title='bbox 3564 1414 3632 1485; x_wconf 42' lang='grc' dir='ltr'><strong>’ἦ</strong></span> 
     </span>
    </p>
   </div>
   <div class='ocr_carea' id='block_1_29' title="bbox 2134 1481 3636 1555">
    <p class='ocr_par' dir='ltr' id='par_1_29' title="bbox 2134 1481 3636 1555">
     <span class='ocr_line' id='line_1_30' title="bbox 2134 1481 3636 1555; baseline 0 -18"><span class='ocrx_word' id='word_1_169' title='bbox 2134 1485 2399 1555; x_wconf 68' lang='grc' dir='ltr'>ἄπιστοι,</span> <span class='ocrx_word' id='word_1_170' title='bbox 2434 1484 2473 1551; x_wconf 85' lang='grc' dir='ltr'><strong><em>ἣ</em></strong></span> <span class='ocrx_word' id='word_1_171' title='bbox 2504 1481 2805 1553; x_wconf 58' lang='grc' dir='ltr'>αἱρετὶκοὶ,</span> <span class='ocrx_word' id='word_1_172' title='bbox 2844 1486 2942 1540; x_wconf 82' lang='grc' dir='ltr'><strong>δεῖ</strong></span> <span class='ocrx_word' id='word_1_173' title='bbox 2958 1481 3239 1555; x_wconf 64' lang='grc' dir='ltr'>εὔχεσθαι</span> <span class='ocrx_word' id='word_1_174' title='bbox 3261 1484 3413 1554; x_wconf 81' lang='grc' dir='ltr'>ὑπὲρ</span> <span class='ocrx_word' id='word_1_175' title='bbox 3437 1481 3636 1539; x_wconf 78' lang='grc' dir='ltr'>αὐτῶν</span> 
     </span>
    </p>
   </div>
   <div class='ocr_carea' id='block_1_30' title="bbox 2132 1554 2876 1626">
    <p class='ocr_par' dir='ltr' id='par_1_30' title="bbox 2132 1554 2876 1626">
     <span class='ocr_line' id='line_1_31' title="bbox 2132 1554 2876 1626; baseline 0.003 -18"><span class='ocrx_word' id='word_1_176' title='bbox 2132 1556 2205 1608; x_wconf 79' lang='grc' dir='ltr'><strong>ἐν</strong></span> <span class='ocrx_word' id='word_1_177' title='bbox 2232 1554 2305 1623; x_wconf 77' lang='grc' dir='ltr'>τῇ</span> <span class='ocrx_word' id='word_1_178' title='bbox 2341 1555 2660 1626; x_wconf 76' lang='grc' dir='ltr'>ἐκκλησίᾳ,</span> <span class='ocrx_word' id='word_1_179' title='bbox 2685 1555 2723 1623; x_wconf 75' lang='grc' dir='ltr'><em>ἢ</em></span> <span class='ocrx_word' id='word_1_180' title='bbox 2769 1557 2876 1621; x_wconf 82' lang='grc' dir='ltr'>οῦ;</span> 
     </span>
    </p>
   </div>
   <div class='ocr_carea' id='block_1_31' title="bbox 2672 1668 3064 1721">
    <p class='ocr_par' dir='ltr' id='par_1_31' title="bbox 2672 1668 3064 1721">
     <span class='ocr_line' id='line_1_32' title="bbox 2672 1668 3064 1721; baseline -0.005 0"><span class='ocrx_word' id='word_1_181' title='bbox 2672 1668 3064 1721; x_wconf 78' lang='grc' dir='ltr'><strong>ΑΠΟΚΡΙΣΙΣ.</strong></span> 
     </span>
    </p>
   </div>
   <div class='ocr_carea' id='block_1_32' title="bbox 463 1732 1965 1831">
    <p class='ocr_par' dir='ltr' id='par_1_32' title="bbox 463 1756 1963 1829">
     <span class='ocr_line' id='line_1_33' title="bbox 463 1756 1963 1829; baseline -0.004 -14"><span class='ocrx_word' id='word_1_182' title='bbox 463 1759 683 1829; x_wconf 89' lang='lat' dir='ltr'><strong>Utique.</strong></span> <span class='ocrx_word' id='word_1_183' title='bbox 731 1758 959 1824; x_wconf 84' lang='lat' dir='ltr'><strong>Quando</strong></span> <span class='ocrx_word' id='word_1_184' title='bbox 989 1758 1136 1812; x_wconf 87' lang='lat' dir='ltr'><strong>enim</strong></span> <span class='ocrx_word' id='word_1_185' title='bbox 1166 1758 1460 1827; x_wconf 86' lang='lat' dir='ltr'><strong>Apostolus</strong></span> <span class='ocrx_word' id='word_1_186' title='bbox 1487 1756 1648 1827; x_wconf 85' lang='lat' dir='ltr'><strong>jussit</strong></span> <span class='ocrx_word' id='word_1_187' title='bbox 1679 1770 1840 1810; x_wconf 89' lang='lat' dir='ltr'><strong>orare</strong></span> <span class='ocrx_word' id='word_1_188' title='bbox 1865 1768 1963 1824; x_wconf 90' lang='lat' dir='ltr'><strong>pro</strong></span> 
     </span>
    </p>
   </div>
   <div class='ocr_carea' id='block_1_33' title="bbox 2071 1732 3639 1831">
    <p class='ocr_par' dir='ltr' id='par_1_33' title="bbox 2134 1756 3639 1831">
     <span class='ocr_line' id='line_1_34' title="bbox 2134 1756 3639 1831; baseline -0.001 -19"><span class='ocrx_word' id='word_1_189' title='bbox 2134 1759 2263 1814; x_wconf 81' lang='grc' dir='ltr'>Ναί.</span> <span class='ocrx_word' id='word_1_190' title='bbox 2299 1761 2421 1813; x_wconf 82' lang='grc' dir='ltr'>’Ότι</span> <span class='ocrx_word' id='word_1_191' title='bbox 2457 1759 2566 1831; x_wconf 78' lang='grc' dir='ltr'><strong>γὰρ</strong></span> <span class='ocrx_word' id='word_1_192' title='bbox 2597 1759 2832 1830; x_wconf 65' lang='grc' dir='ltr'>ἔγραψεν</span> <span class='ocrx_word' id='word_1_193' title='bbox 2864 1763 2892 1814; x_wconf 89' lang='lat'><strong>6</strong></span> <span class='ocrx_word' id='word_1_194' title='bbox 2938 1758 3282 1825; x_wconf 84' lang='grc' dir='ltr'>Ἀπόστολος,</span> <span class='ocrx_word' id='word_1_195' title='bbox 3337 1756 3639 1830; x_wconf 79' lang='grc' dir='ltr'>προσεύχε-</span> 
     </span>
    </p>
   </div>
   <div class='ocr_carea' id='block_1_34' title="bbox 395 1845 1961 1919">
    <p class='ocr_par' dir='ltr' id='par_1_34' title="bbox 395 1845 1961 1919">
     <span class='ocr_line' id='line_1_35' title="bbox 395 1845 1961 1919; baseline -0.002 -16"><span class='ocrx_word' id='word_1_196' title='bbox 395 1849 616 1919; x_wconf 81' lang='lat' dir='ltr'><strong>regibus</strong></span> <span class='ocrx_word' id='word_1_197' title='bbox 655 1857 711 1902; x_wconf 91' lang='lat' dir='ltr'><strong>et</strong></span> <span class='ocrx_word' id='word_1_198' title='bbox 744 1848 996 1901; x_wconf 88' lang='lat' dir='ltr'><strong>omnibus</strong></span> <span class='ocrx_word' id='word_1_199' title='bbox 1026 1847 1132 1901; x_wconf 90' lang='lat' dir='ltr'><strong>illis</strong></span> <span class='ocrx_word' id='word_1_200' title='bbox 1156 1846 1249 1917; x_wconf 87' lang='lat' dir='ltr'><strong>qui</strong></span> <span class='ocrx_word' id='word_1_201' title='bbox 1284 1855 1411 1901; x_wconf 88' lang='lat' dir='ltr'><strong>sunt</strong></span> <span class='ocrx_word' id='word_1_202' title='bbox 1437 1847 1492 1901; x_wconf 91' lang='lat' dir='ltr'><strong>in</strong></span> <span class='ocrx_word' id='word_1_203' title='bbox 1532 1846 1869 1901; x_wconf 83' lang='lat' dir='ltr'><strong>sublimitate</strong></span> <span class='ocrx_word' id='word_1_204' title='bbox 1894 1845 1961 1911; x_wconf 81' lang='lat'><strong>”,</strong></span> 
     </span>
    </p>
   </div>
   <div class='ocr_carea' id='block_1_35' title="bbox 395 1938 1961 2011">
    <p class='ocr_par' dir='ltr' id='par_1_35' title="bbox 395 1938 1961 2011">
     <span class='ocr_line' id='line_1_36' title="bbox 395 1938 1961 2011; baseline 0 -18"><span class='ocrx_word' id='word_1_205' title='bbox 395 1942 676 2011; x_wconf 89' lang='lat' dir='ltr'><strong>principes</strong></span> <span class='ocrx_word' id='word_1_206' title='bbox 731 1938 921 1993; x_wconf 85' lang='lat' dir='ltr'><strong>mundi</strong></span> <span class='ocrx_word' id='word_1_207' title='bbox 976 1956 1119 1994; x_wconf 73' lang='lat' dir='ltr'><strong>vera:</strong></span> <span class='ocrx_word' id='word_1_208' title='bbox 1170 1939 1451 2009; x_wconf 81' lang='lat' dir='ltr'><strong>religionis</strong></span> <span class='ocrx_word' id='word_1_209' title='bbox 1477 1948 1722 1994; x_wconf 85' lang='lat' dir='ltr'><strong>exsortes</strong></span> <span class='ocrx_word' id='word_1_210' title='bbox 1781 1944 1961 1993; x_wconf 85' lang='lat' dir='ltr'><strong>erant.</strong></span> 
     </span>
    </p>
   </div>
   <div class='ocr_carea' id='block_1_36' title="bbox 395 2026 1965 2098">
    <p class='ocr_par' dir='ltr' id='par_1_36' title="bbox 395 2026 1965 2098">
     <span class='ocr_line' id='line_1_37' title="bbox 395 2026 1965 2098; baseline -0.003 -13"><span class='ocrx_word' id='word_1_211' title='bbox 395 2031 549 2085; x_wconf 86' lang='lat' dir='ltr'><strong>Adde</strong></span> <span class='ocrx_word' id='word_1_212' title='bbox 604 2029 747 2098; x_wconf 88' lang='lat' dir='ltr'><strong>quod</strong></span> <span class='ocrx_word' id='word_1_213' title='bbox 797 2029 1049 2084; x_wconf 85' lang='lat' dir='ltr'><strong>etiamin</strong></span> <span class='ocrx_word' id='word_1_214' title='bbox 1096 2044 1248 2083; x_wconf 90' lang='lat' dir='ltr'><strong>sacra</strong></span> <span class='ocrx_word' id='word_1_215' title='bbox 1282 2029 1557 2083; x_wconf 84' lang='lat' dir='ltr'><strong>oblatione</strong></span> <span class='ocrx_word' id='word_1_216' title='bbox 1600 2026 1855 2082; x_wconf 85' lang='lat' dir='ltr'><strong>sacerdos</strong></span> <span class='ocrx_word' id='word_1_217' title='bbox 1883 2026 1965 2082; x_wconf 91' lang='lat' dir='ltr'><strong>sic</strong></span> 
     </span>
    </p>
   </div>
   <div class='ocr_carea' id='block_1_37' title="bbox 394 2118 1964 2192">
    <p class='ocr_par' dir='ltr' id='par_1_37' title="bbox 394 2118 1964 2192">
     <span class='ocr_line' id='line_1_38' title="bbox 394 2118 1964 2192; baseline -0.003 -16"><span class='ocrx_word' id='word_1_218' title='bbox 394 2131 655 2192; x_wconf 88' lang='lat' dir='ltr'><strong>precatur</strong></span> <span class='ocrx_word' id='word_1_219' title='bbox 685 2138 699 2174; x_wconf 89' lang='lat'><strong>:</strong></span> <span class='ocrx_word' id='word_1_220' title='bbox 736 2140 752 2171; x_wconf 78' lang='grc' dir='ltr'><strong>ι</strong></span> <span class='ocrx_word' id='word_1_221' title='bbox 776 2120 1067 2184; x_wconf 85' lang='lat' dir='ltr'><strong>Memento,</strong></span> <span class='ocrx_word' id='word_1_222' title='bbox 1101 2121 1353 2183; x_wconf 89' lang='lat' dir='ltr'><strong>Domine,</strong></span> <span class='ocrx_word' id='word_1_223' title='bbox 1383 2121 1562 2174; x_wconf 92' lang='lat' dir='ltr'><strong>omnis</strong></span> <span class='ocrx_word' id='word_1_224' title='bbox 1589 2119 1783 2174; x_wconf 74' lang='lat' dir='ltr'><strong>animas</strong></span> <span class='ocrx_word' id='word_1_225' title='bbox 1808 2118 1964 2186; x_wconf 84' lang='lat' dir='ltr'><strong>cujus</strong></span> 
     </span>
    </p>
   </div>
   <div class='ocr_carea' id='block_1_38' title="bbox 394 2210 1964 2278">
    <p class='ocr_par' dir='ltr' id='par_1_38' title="bbox 394 2210 1964 2278">
     <span class='ocr_line' id='line_1_39' title="bbox 394 2210 1964 2278; baseline -0.002 -11"><span class='ocrx_word' id='word_1_226' title='bbox 394 2211 712 2267; x_wconf 88' lang='lat' dir='ltr'><strong>memoriam</strong></span> <span class='ocrx_word' id='word_1_227' title='bbox 740 2211 998 2278; x_wconf 83' lang='lat' dir='ltr'><strong>fecimus;</strong></span> <span class='ocrx_word' id='word_1_228' title='bbox 1048 2213 1293 2266; x_wconf 90' lang='lat' dir='ltr'><strong>omnium</strong></span> <span class='ocrx_word' id='word_1_229' title='bbox 1322 2211 1602 2275; x_wconf 88' lang='lat' dir='ltr'><strong>miserere,</strong></span> <span class='ocrx_word' id='word_1_230' title='bbox 1627 2220 1682 2266; x_wconf 91' lang='lat' dir='ltr'><strong>et</strong></span> <span class='ocrx_word' id='word_1_231' title='bbox 1709 2210 1964 2267; x_wconf 90' lang='lat' dir='ltr'><strong>omnibus</strong></span> 
     </span>
    </p>
   </div>
   <div class='ocr_carea' id='block_1_39' title="bbox 394 2302 979 2358">
    <p class='ocr_par' dir='ltr' id='par_1_39' title="bbox 394 2302 979 2358">
     <span class='ocr_line' id='line_1_40' title="bbox 394 2302 979 2358; baseline -0.005 0"><span class='ocrx_word' id='word_1_232' title='bbox 394 2302 614 2358; x_wconf 85' lang='lat' dir='ltr'><strong>veniam</strong></span> <span class='ocrx_word' id='word_1_233' title='bbox 658 2303 920 2358; x_wconf 89' lang='lat' dir='ltr'><strong>concede.</strong></span> <span class='ocrx_word' id='word_1_234' title='bbox 961 2322 979 2354; x_wconf 77' lang='grc' dir='ltr'><strong>ι</strong></span> 
     </span>
    </p>
   </div>
   <div class='ocr_carea' id='block_1_40' title="bbox 773 2432 1641 2539">
    <p class='ocr_par' dir='ltr' id='par_1_40' title="bbox 773 2432 1641 2539">
     <span class='ocr_line' id='line_1_41' title="bbox 773 2432 1641 2539; baseline -0.003 -17"><span class='ocrx_word' id='word_1_235' title='bbox 773 2432 1335 2539; x_wconf 66' lang='grc' dir='ltr'><strong>ΟΗᾹΕΞΤΙΟ</strong></span> <span class='ocrx_word' id='word_1_236' title='bbox 1399 2434 1641 2521; x_wconf 84' lang='lat' dir='ltr'><strong>CXI.</strong></span> 
     </span>
    </p>
   </div>
   <div class='ocr_carea' id='block_1_41' title="bbox 394 2581 1961 2663">
    <p class='ocr_par' dir='ltr' id='par_1_41' title="bbox 394 2581 1961 2663">
     <span class='ocr_line' id='line_1_42' title="bbox 394 2581 1961 2663; baseline -0.005 -22"><span class='ocrx_word' id='word_1_237' title='bbox 394 2585 536 2651; x_wconf 80' lang='lat' dir='ltr'><strong>Quid</strong></span> <span class='ocrx_word' id='word_1_238' title='bbox 571 2586 731 2657; x_wconf 83' lang='lat' dir='ltr'><strong>igitur</strong></span> <span class='ocrx_word' id='word_1_239' title='bbox 750 2585 786 2663; x_wconf 84' lang='lat'><strong>?_</strong></span> <span class='ocrx_word' id='word_1_240' title='bbox 809 2598 879 2638; x_wconf 88' lang='lat' dir='ltr'><strong>an</strong></span> <span class='ocrx_word' id='word_1_241' title='bbox 922 2590 974 2637; x_wconf 79' lang='lat' dir='ltr'><strong>et</strong></span> <span class='ocrx_word' id='word_1_242' title='bbox 1002 2599 1094 2652; x_wconf 84' lang='lat' dir='ltr'><strong>pro</strong></span> <span class='ocrx_word' id='word_1_243' title='bbox 1120 2584 1354 2663; x_wconf 73' lang='lat' dir='ltr'><strong>ethnicis,</strong></span> <span class='ocrx_word' id='word_1_244' title='bbox 1389 2591 1512 2637; x_wconf 81' lang='lat' dir='ltr'><strong>ante</strong></span> <span class='ocrx_word' id='word_1_245' title='bbox 1547 2581 1741 2638; x_wconf 75' lang='lat' dir='ltr'><strong>Christi</strong></span> <span class='ocrx_word' id='word_1_246' title='bbox 1765 2581 1961 2663; x_wconf 63' lang='lat' dir='ltr'><strong>aduen-</strong></span> 
     </span>
    </p>
   </div>
   <div class='ocr_carea' id='block_1_42' title="bbox 467 2651 1962 2779">
    <p class='ocr_par' dir='ltr' id='par_1_42' title="bbox 467 2651 1962 2779">
     <span class='ocr_line' id='line_1_43' title="bbox 467 2651 1962 2778; baseline -0.003 -69"><span class='ocrx_word' id='word_1_247' title='bbox 467 2666 576 2778; x_wconf 58' lang='lat' dir='ltr'><strong>3lm</strong></span> <span class='ocrx_word' id='word_1_248' title='bbox 593 2651 833 2777; x_wconf 50' lang='grc' dir='ltr'>ῑηονιιέἱε,</span> <span class='ocrx_word' id='word_1_249' title='bbox 858 2651 1013 2709; x_wconf 82' lang='lat' dir='ltr'><strong>orare</strong></span> <span class='ocrx_word' id='word_1_250' title='bbox 1030 2662 1253 2724; x_wconf 79' lang='lat' dir='ltr'><strong>Oportet,</strong></span> <span class='ocrx_word' id='word_1_251' title='bbox 1278 2670 1464 2724; x_wconf 78' lang='lat' dir='ltr'><strong>eosque</strong></span> <span class='ocrx_word' id='word_1_252' title='bbox 1480 2668 1813 2723; x_wconf 82' lang='lat' dir='ltr'><strong>nequaquam</strong></span> <span class='ocrx_word' id='word_1_253' title='bbox 1834 2651 1962 2705; x_wconf 76' lang='lat' dir='ltr'><strong>diris</strong></span> 
     </span>
     <span class='ocr_line' id='line_1_44' title="bbox 505 2742 712 2779; baseline 0.005 -1"><span class='ocrx_word' id='word_1_254' title='bbox 505 2742 712 2779; x_wconf 81' lang='lat' dir='ltr'><strong>evovere</strong></span> 
     </span>
    </p>
   </div>
   <div class='ocr_carea' id='block_1_43' title="bbox 977 2830 1380 2892">
    <p class='ocr_par' dir='ltr' id='par_1_43' title="bbox 977 2830 1380 2892">
     <span class='ocr_line' id='line_1_45' title="bbox 977 2830 1380 2892; baseline -0.002 -4"><span class='ocrx_word' id='word_1_255' title='bbox 977 2830 1380 2892; x_wconf 81' lang='lat' dir='ltr'><strong>RESPONSIO.</strong></span> 
     </span>
    </p>
   </div>
   <div class='ocr_carea' id='block_1_44' title="bbox 469 2922 1960 2992">
    <p class='ocr_par' dir='ltr' id='par_1_44' title="bbox 469 2922 1960 2992">
     <span class='ocr_line' id='line_1_46' title="bbox 469 2922 1960 2992; baseline -0.001 -15"><span class='ocrx_word' id='word_1_256' title='bbox 469 2922 824 2992; x_wconf 85' lang='lat' dir='ltr'><strong>Nequaquam</strong></span> <span class='ocrx_word' id='word_1_257' title='bbox 881 2923 1017 2978; x_wconf 89' lang='lat' dir='ltr'><strong>diris</strong></span> <span class='ocrx_word' id='word_1_258' title='bbox 1068 2924 1364 2979; x_wconf 84' lang='lat' dir='ltr'><strong>devovebis</strong></span> <span class='ocrx_word' id='word_1_259' title='bbox 1403 2922 1681 2978; x_wconf 90' lang='lat' dir='ltr'><strong>hominem</strong></span> <span class='ocrx_word' id='word_1_260' title='bbox 1710 2922 1803 2992; x_wconf 92' lang='lat' dir='ltr'><strong>qui</strong></span> <span class='ocrx_word' id='word_1_261' title='bbox 1835 2929 1960 2976; x_wconf 89' lang='lat' dir='ltr'><strong>ante</strong></span> 
     </span>
    </p>
   </div>
   <div class='ocr_carea' id='block_1_45' title="bbox 2065 1848 3636 1919">
    <p class='ocr_par' dir='ltr' id='par_1_45' title="bbox 2065 1848 3636 1919">
     <span class='ocr_line' id='line_1_47' title="bbox 2065 1848 3636 1919; baseline -0.001 -17"><span class='ocrx_word' id='word_1_262' title='bbox 2065 1848 2191 1902; x_wconf 87' lang='grc' dir='ltr'>σθαι</span> <span class='ocrx_word' id='word_1_263' title='bbox 2231 1849 2371 1918; x_wconf 82' lang='grc' dir='ltr'>ὑπὲρ</span> <span class='ocrx_word' id='word_1_264' title='bbox 2418 1849 2703 1919; x_wconf 89' lang='grc' dir='ltr'>βασιλέων,</span> <span class='ocrx_word' id='word_1_265' title='bbox 2759 1849 2854 1903; x_wconf 72' lang='grc' dir='ltr'><strong>καὶ</strong></span> <span class='ocrx_word' id='word_1_266' title='bbox 2888 1850 3110 1904; x_wconf 89' lang='grc' dir='ltr'>πάντων</span> <span class='ocrx_word' id='word_1_267' title='bbox 3155 1848 3266 1902; x_wconf 85' lang='grc' dir='ltr'><strong>τῶν</strong></span> <span class='ocrx_word' id='word_1_268' title='bbox 3307 1850 3364 1901; x_wconf 80' lang='grc' dir='ltr'>ἐν</span> <span class='ocrx_word' id='word_1_269' title='bbox 3395 1849 3636 1918; x_wconf 77' lang='grc' dir='ltr'>ὑπεροχῇ</span> 
     </span>
    </p>
   </div>
   <div class='ocr_carea' id='block_1_46' title="bbox 2063 1936 3636 2011">
    <p class='ocr_par' dir='ltr' id='par_1_46' title="bbox 2063 1936 3636 2011">
     <span class='ocr_line' id='line_1_48' title="bbox 2063 1936 3636 2011; baseline -0.002 -18"><span class='ocrx_word' id='word_1_270' title='bbox 2063 1939 2253 1993; x_wconf 78' lang='grc' dir='ltr'>ὀντων.</span> <span class='ocrx_word' id='word_1_271' title='bbox 2316 1940 2521 2002; x_wconf 84' lang='grc' dir='ltr'>Πάντες</span> <span class='ocrx_word' id='word_1_272' title='bbox 2565 1941 2616 1992; x_wconf 80' lang='grc' dir='ltr'>οἱ</span> <span class='ocrx_word' id='word_1_273' title='bbox 2679 1939 2941 2009; x_wconf 84' lang='grc' dir='ltr'>βασιλεῖς,</span> <span class='ocrx_word' id='word_1_274' title='bbox 2996 1943 3090 1993; x_wconf 75' lang='grc' dir='ltr'>καὶ</span> <span class='ocrx_word' id='word_1_275' title='bbox 3137 1940 3189 1993; x_wconf 86' lang='grc' dir='ltr'>οἱ</span> <span class='ocrx_word' id='word_1_276' title='bbox 3227 1941 3484 2011; x_wconf 80' lang='grc' dir='ltr'>ἄρχοντες</span> <span class='ocrx_word' id='word_1_277' title='bbox 3540 1936 3636 1991; x_wconf 89' lang='grc' dir='ltr'><strong>τοῦ</strong></span> 
     </span>
    </p>
   </div>
   <div class='ocr_carea' id='block_1_47' title="bbox 2065 2030 3639 2103">
    <p class='ocr_par' dir='ltr' id='par_1_47' title="bbox 2065 2030 3639 2103">
     <span class='ocr_line' id='line_1_49' title="bbox 2065 2030 3639 2103; baseline -0.002 -17"><span class='ocrx_word' id='word_1_278' title='bbox 2065 2032 2272 2102; x_wconf 87' lang='grc' dir='ltr'>κόσμου</span> <span class='ocrx_word' id='word_1_279' title='bbox 2305 2031 2533 2084; x_wconf 75' lang='grc' dir='ltr'>ὲλεεινοὶ</span> <span class='ocrx_word' id='word_1_280' title='bbox 2561 2030 2830 2102; x_wconf 82' lang='grc' dir='ltr'>ὑπῆρχον.</span> <span class='ocrx_word' id='word_1_281' title='bbox 2885 2032 3032 2103; x_wconf 83' lang='grc' dir='ltr'><strong>Πλὴν</strong></span> <span class='ocrx_word' id='word_1_282' title='bbox 3063 2033 3148 2085; x_wconf 81' lang='grc' dir='ltr'>ὅτι</span> <span class='ocrx_word' id='word_1_283' title='bbox 3190 2035 3285 2086; x_wconf 76' lang='grc' dir='ltr'><strong>καὶ</strong></span> <span class='ocrx_word' id='word_1_284' title='bbox 3319 2032 3376 2084; x_wconf 78' lang='grc' dir='ltr'>ὲν</span> <span class='ocrx_word' id='word_1_285' title='bbox 3411 2034 3476 2102; x_wconf 85' lang='grc' dir='ltr'>τῇ</span> <span class='ocrx_word' id='word_1_286' title='bbox 3506 2031 3639 2100; x_wconf 79' lang='grc' dir='ltr'>ἁγίᾳ</span> 
     </span>
    </p>
   </div>
   <div class='ocr_carea' id='block_1_48' title="bbox 2063 2124 3638 2198">
    <p class='ocr_par' dir='ltr' id='par_1_48' title="bbox 2063 2124 3638 2198">
     <span class='ocr_line' id='line_1_50' title="bbox 2063 2124 3638 2198; baseline 0.001 -19"><span class='ocrx_word' id='word_1_287' title='bbox 2063 2128 2426 2198; x_wconf 81' lang='grc' dir='ltr'>προσκομιδῇ,</span> <span class='ocrx_word' id='word_1_288' title='bbox 2456 2127 2486 2179; x_wconf 97' lang='lat'><strong>6</strong></span> <span class='ocrx_word' id='word_1_289' title='bbox 2519 2126 2699 2196; x_wconf 79' lang='grc' dir='ltr'>ἱερεὺς</span> <span class='ocrx_word' id='word_1_290' title='bbox 2718 2125 2861 2179; x_wconf 82' lang='grc' dir='ltr'>οὕτω</span> <span class='ocrx_word' id='word_1_291' title='bbox 2886 2127 3131 2180; x_wconf 85' lang='grc' dir='ltr'>δυσωπεῖ</span> <span class='ocrx_word' id='word_1_292' title='bbox 3160 2124 3251 2178; x_wconf 82' lang='grc' dir='ltr'><strong>τὸν</strong></span> <span class='ocrx_word' id='word_1_293' title='bbox 3269 2124 3402 2178; x_wconf 80' lang='grc' dir='ltr'>Θεὸν</span> <span class='ocrx_word' id='word_1_294' title='bbox 3426 2124 3638 2191; x_wconf 76' lang='grc' dir='ltr'>λέγων’</span> 
     </span>
    </p>
   </div>
   <div class='ocr_carea' id='block_1_49' title="bbox 2068 2210 3636 2288">
    <p class='ocr_par' dir='ltr' id='par_1_49' title="bbox 2068 2210 3636 2288">
     <span class='ocr_line' id='line_1_51' title="bbox 2068 2210 3636 2288; baseline -0.001 -19"><span class='ocrx_word' id='word_1_295' title='bbox 2068 2235 2088 2269; x_wconf 74' lang='grc' dir='ltr'><strong>ι</strong></span> <span class='ocrx_word' id='word_1_296' title='bbox 2117 2216 2422 2288; x_wconf 87' lang='grc' dir='ltr'>Μνήσθητι,</span> <span class='ocrx_word' id='word_1_297' title='bbox 2456 2217 2651 2286; x_wconf 75' lang='grc' dir='ltr'>Κύριε,</span> <span class='ocrx_word' id='word_1_298' title='bbox 2684 2218 2866 2287; x_wconf 82' lang='grc' dir='ltr'>πάσης</span> <span class='ocrx_word' id='word_1_299' title='bbox 2918 2218 3096 2288; x_wconf 78' lang='grc' dir='ltr'>ψυχῆς</span> <span class='ocrx_word' id='word_1_300' title='bbox 3136 2210 3212 2271; x_wconf 81' lang='grc' dir='ltr'>ὧν</span> <span class='ocrx_word' id='word_1_301' title='bbox 3258 2215 3636 2288; x_wconf 77' lang='grc' dir='ltr'>ἐμνήσθημεν,</span> 
     </span>
    </p>
   </div>
   <div class='ocr_carea' id='block_1_50' title="bbox 2062 2307 3499 2380">
    <p class='ocr_par' dir='ltr' id='par_1_50' title="bbox 2062 2307 3499 2380">
     <span class='ocr_line' id='line_1_52' title="bbox 2062 2307 3499 2380; baseline -0.002 -18"><span class='ocrx_word' id='word_1_302' title='bbox 2062 2309 2156 2363; x_wconf 72' lang='grc' dir='ltr'><strong>καὶ</strong></span> <span class='ocrx_word' id='word_1_303' title='bbox 2188 2310 2394 2372; x_wconf 83' lang='grc' dir='ltr'>πάντας</span> <span class='ocrx_word' id='word_1_304' title='bbox 2421 2308 2666 2379; x_wconf 78' lang='grc' dir='ltr'>ἐλέησον,</span> <span class='ocrx_word' id='word_1_305' title='bbox 2697 2310 2793 2362; x_wconf 75' lang='grc' dir='ltr'>καὶ</span> <span class='ocrx_word' id='word_1_306' title='bbox 2818 2310 3027 2374; x_wconf 79' lang='grc' dir='ltr'>πάντας</span> <span class='ocrx_word' id='word_1_307' title='bbox 3056 2307 3439 2380; x_wconf 81' lang='grc' dir='ltr'>συγχώρησον.</span> <span class='ocrx_word' id='word_1_308' title='bbox 3480 2325 3499 2359; x_wconf 73' lang='grc' dir='ltr'><strong>ο</strong></span> 
     </span>
    </p>
   </div>
   <div class='ocr_carea' id='block_1_51' title="bbox 2436 2438 3263 2528">
    <p class='ocr_par' dir='ltr' id='par_1_51' title="bbox 2436 2438 3263 2528">
     <span class='ocr_line' id='line_1_53' title="bbox 2436 2438 3263 2528; baseline -0.005 -2"><span class='ocrx_word' id='word_1_309' title='bbox 2436 2441 2965 2528; x_wconf 85' lang='grc' dir='ltr'><strong>ΕΡΩΤΗΣΙΣ</strong></span> <span class='ocrx_word' id='word_1_310' title='bbox 3037 2438 3263 2527; x_wconf 83' lang='grc' dir='ltr'><strong>ΡΙΑ’.</strong></span> 
     </span>
    </p>
   </div>
   <div class='ocr_carea' id='block_1_52' title="bbox 2068 2572 3640 2657">
    <p class='ocr_par' dir='ltr' id='par_1_52' title="bbox 2068 2572 3640 2657">
     <span class='ocr_line' id='line_1_54' title="bbox 2068 2572 3640 2657; baseline 0.004 -27"><span class='ocrx_word' id='word_1_311' title='bbox 2068 2577 2129 2631; x_wconf 87' lang='grc' dir='ltr'>Τί</span> <span class='ocrx_word' id='word_1_312' title='bbox 2153 2572 2314 2657; x_wconf 57' lang='grc' dir='ltr'><strong>οῦν-ξΔ</strong></span> <span class='ocrx_word' id='word_1_313' title='bbox 2349 2580 2446 2635; x_wconf 78' lang='grc' dir='ltr'>καὶ</span> <span class='ocrx_word' id='word_1_314' title='bbox 2486 2582 2609 2657; x_wconf 63' lang='grc' dir='ltr'>ζοῖς</span> <span class='ocrx_word' id='word_1_315' title='bbox 2641 2583 2904 2657; x_wconf 66' lang='grc' dir='ltr'>Ἕλλησι</span> <span class='ocrx_word' id='word_1_316' title='bbox 2933 2584 3058 2657; x_wconf 72' lang='grc' dir='ltr'>τοῖς</span> <span class='ocrx_word' id='word_1_317' title='bbox 3095 2580 3640 2657; x_wconf 38' lang='grc' dir='ltr'>τελευτήσασι-πρῤ</span> 
     </span>
    </p>
   </div>
   <div class='ocr_carea' id='block_1_53' title="bbox 2131 2650 3641 2725">
    <p class='ocr_par' dir='ltr' id='par_1_53' title="bbox 2131 2650 3641 2725">
     <span class='ocr_line' id='line_1_55' title="bbox 2131 2650 3641 2725; baseline 0.005 -25"><span class='ocrx_word' id='word_1_318' title='bbox 2131 2650 2240 2725; x_wconf 64' lang='grc' dir='ltr'>τῆς</span> <span class='ocrx_word' id='word_1_319' title='bbox 2267 2650 2524 2725; x_wconf 59' lang='grc' dir='ltr'>Χριστοῦ</span> <span class='ocrx_word' id='word_1_320' title='bbox 2572 2655 2930 2720; x_wconf 81' lang='grc' dir='ltr'>παρουσίας,</span> <span class='ocrx_word' id='word_1_321' title='bbox 2971 2653 3062 2708; x_wconf 87' lang='grc' dir='ltr'><strong>δεῖ</strong></span> <span class='ocrx_word' id='word_1_322' title='bbox 3089 2655 3395 2724; x_wconf 81' lang='grc' dir='ltr'>εὔχεσθαι,</span> <span class='ocrx_word' id='word_1_323' title='bbox 3424 2652 3523 2708; x_wconf 71' lang='grc' dir='ltr'>καί</span> <span class='ocrx_word' id='word_1_324' title='bbox 3553 2650 3641 2725; x_wconf 70' lang='grc' dir='ltr'>μὴ</span> 
     </span>
    </p>
   </div>
   <div class='ocr_carea' id='block_1_54' title="bbox 2132 2718 2607 2790">
    <p class='ocr_par' dir='ltr' id='par_1_54' title="bbox 2132 2718 2607 2790">
     <span class='ocr_line' id='line_1_56' title="bbox 2132 2718 2607 2790; baseline 0.006 -18"><span class='ocrx_word' id='word_1_325' title='bbox 2132 2718 2576 2790; x_wconf 80' lang='grc' dir='ltr'>ἀναθεματίζειν</span> <span class='ocrx_word' id='word_1_326' title='bbox 2587 2739 2607 2788; x_wconf 82' lang='grc'><strong><em>;</em></strong></span> 
     </span>
    </p>
   </div>
   <div class='ocr_carea' id='block_1_55' title="bbox 2652 2830 3042 2886">
    <p class='ocr_par' dir='ltr' id='par_1_55' title="bbox 2652 2830 3042 2886">
     <span class='ocr_line' id='line_1_57' title="bbox 2652 2830 3042 2886; baseline 0.008 -4"><span class='ocrx_word' id='word_1_327' title='bbox 2652 2830 3042 2886; x_wconf 77' lang='grc' dir='ltr'><strong>ΑΠΟΚΡΙΣΙΣ.</strong></span> 
     </span>
    </p>
   </div>
   <div class='ocr_carea' id='block_1_56' title="bbox 2132 2917 3644 2995">
    <p class='ocr_par' dir='ltr' id='par_1_56' title="bbox 2132 2917 3644 2995">
     <span class='ocr_line' id='line_1_58' title="bbox 2132 2917 3644 2995; baseline 0.002 -25"><span class='ocrx_word' id='word_1_328' title='bbox 2132 2917 2416 2988; x_wconf 84' lang='grc' dir='ltr'>Μηδαμῶς</span> <span class='ocrx_word' id='word_1_329' title='bbox 2447 2920 2859 2995; x_wconf 85' lang='grc' dir='ltr'>ἁναθεματίσῃς</span> <span class='ocrx_word' id='word_1_330' title='bbox 2881 2923 3172 2994; x_wconf 80' lang='grc' dir='ltr'>ἄνθρωπον</span> <span class='ocrx_word' id='word_1_331' title='bbox 3199 2920 3306 2992; x_wconf 77' lang='grc' dir='ltr'>πρὸ</span> <span class='ocrx_word' id='word_1_332' title='bbox 3331 2920 3428 2991; x_wconf 82' lang='grc' dir='ltr'>τῆς</span> <span class='ocrx_word' id='word_1_333' title='bbox 3450 2920 3644 2991; x_wconf 76' lang='grc' dir='ltr'>ἐπιδη-</span> 
     </span>
    </p>
   </div>
   <div class='ocr_carea' id='block_1_57' title="bbox 398 3011 1965 3113">
    <p class='ocr_par' dir='ltr' id='par_1_57' title="bbox 398 3014 1964 3076">
     <span class='ocr_line' id='line_1_59' title="bbox 398 3014 1964 3076; baseline -0.001 -7"><span class='ocrx_word' id='word_1_334' title='bbox 398 3014 601 3072; x_wconf 86' lang='lat' dir='ltr'><strong>Christi</strong></span> <span class='ocrx_word' id='word_1_335' title='bbox 633 3014 927 3069; x_wconf 82' lang='lat' dir='ltr'><strong>adventum</strong></span> <span class='ocrx_word' id='word_1_336' title='bbox 950 3014 1242 3071; x_wconf 70' lang='lat' dir='ltr'><strong>defunctus</strong></span> <span class='ocrx_word' id='word_1_337' title='bbox 1272 3023 1387 3076; x_wconf 86' lang='lat' dir='ltr'><strong>est;</strong></span> <span class='ocrx_word' id='word_1_338' title='bbox 1423 3031 1547 3070; x_wconf 89' lang='lat' dir='ltr'><strong>nam</strong></span> <span class='ocrx_word' id='word_1_339' title='bbox 1573 3024 1628 3068; x_wconf 90' lang='lat' dir='ltr'><strong>et</strong></span> <span class='ocrx_word' id='word_1_340' title='bbox 1662 3014 1729 3068; x_wconf 91' lang='lat' dir='ltr'><strong>ad</strong></span> <span class='ocrx_word' id='word_1_341' title='bbox 1760 3014 1964 3068; x_wconf 82' lang='lat' dir='ltr'><strong>inferos</strong></span> 
     </span>
    </p>
   </div>
   <div class='ocr_carea' id='block_1_58' title="bbox 2071 3011 3645 3113">
    <p class='ocr_par' dir='ltr' id='par_1_58' title="bbox 2071 3011 3645 3086">
     <span class='ocr_line' id='line_1_60' title="bbox 2071 3011 3645 3086; baseline 0.003 -24"><span class='ocrx_word' id='word_1_342' title='bbox 2071 3011 2194 3080; x_wconf 75' lang='grc' dir='ltr'>μίας</span> <span class='ocrx_word' id='word_1_343' title='bbox 2239 3011 2478 3080; x_wconf 84' lang='grc' dir='ltr'>Χριστοῦ</span> <span class='ocrx_word' id='word_1_344' title='bbox 2509 3013 2910 3084; x_wconf 84' lang='grc' dir='ltr'>τελευτήσαντα</span> <span class='ocrx_word' id='word_1_345' title='bbox 2939 3030 2952 3046; x_wconf 78' lang='grc' dir='ltr'><strong><em>ο</em></strong></span> <span class='ocrx_word' id='word_1_346' title='bbox 2986 3015 3081 3068; x_wconf 74' lang='grc' dir='ltr'>καὶ</span> <span class='ocrx_word' id='word_1_347' title='bbox 3113 3016 3169 3069; x_wconf 84' lang='grc' dir='ltr'>ὲν</span> <span class='ocrx_word' id='word_1_348' title='bbox 3217 3014 3294 3085; x_wconf 83' lang='grc' dir='ltr'>τῷ</span> <span class='ocrx_word' id='word_1_349' title='bbox 3337 3013 3434 3086; x_wconf 74' lang='grc' dir='ltr'>ᾄδῃ</span> <span class='ocrx_word' id='word_1_350' title='bbox 3472 3031 3645 3083; x_wconf 86' lang='grc' dir='ltr'>προσ-</span> 
     </span>
    </p>
   </div>
   <div class='ocr_carea' id='block_1_59' title="bbox 399 3105 1963 3177">
    <p class='ocr_par' dir='ltr' id='par_1_59' title="bbox 399 3105 1963 3177">
     <span class='ocr_line' id='line_1_61' title="bbox 399 3105 1963 3177; baseline 0.002 -17"><span class='ocrx_word' id='word_1_351' title='bbox 399 3105 718 3177; x_wconf 81' lang='lat' dir='ltr'><strong>praedicatio</strong></span> <span class='ocrx_word' id='word_1_352' title='bbox 769 3105 1065 3161; x_wconf 90' lang='lat' dir='ltr'><strong>Salvatoris</strong></span> <span class='ocrx_word' id='word_1_353' title='bbox 1125 3107 1394 3176; x_wconf 90' lang='lat' dir='ltr'><strong>pervenit.</strong></span> <span class='ocrx_word' id='word_1_354' title='bbox 1450 3106 1693 3162; x_wconf 89' lang='lat' dir='ltr'><strong>Primum</strong></span> <span class='ocrx_word' id='word_1_355' title='bbox 1742 3106 1963 3176; x_wconf 86' lang='lat' dir='ltr'><strong>quidem</strong></span> 
     </span>
    </p>
   </div>
   <div class='ocr_carea' id='block_1_60' title="bbox 398 3194 1968 3264">
    <p class='ocr_par' dir='ltr' id='par_1_60' title="bbox 398 3194 1968 3264">
     <span class='ocr_line' id='line_1_62' title="bbox 398 3194 1968 3264; baseline 0 -14"><span class='ocrx_word' id='word_1_356' title='bbox 398 3196 610 3250; x_wconf 80' lang='lat' dir='ltr'><strong>Joanne</strong></span> <span class='ocrx_word' id='word_1_357' title='bbox 641 3210 981 3264; x_wconf 65' lang='lat' dir='ltr'><strong>praecursore</strong></span> <span class='ocrx_word' id='word_1_358' title='bbox 1005 3194 1284 3251; x_wconf 89' lang='lat' dir='ltr'><strong>Christum</strong></span> <span class='ocrx_word' id='word_1_359' title='bbox 1313 3196 1425 3250; x_wconf 86' lang='lat' dir='ltr'><strong>illic</strong></span> <span class='ocrx_word' id='word_1_360' title='bbox 1454 3196 1848 3260; x_wconf 89' lang='lat' dir='ltr'><strong>annuntiante;</strong></span> <span class='ocrx_word' id='word_1_361' title='bbox 1873 3196 1968 3250; x_wconf 88' lang='lat' dir='ltr'><strong>de-</strong></span> 
     </span>
    </p>
   </div>
   <div class='ocr_carea' id='block_1_61' title="bbox 402 3282 1968 3358">
    <p class='ocr_par' dir='ltr' id='par_1_61' title="bbox 402 3282 1968 3358">
     <span class='ocr_line' id='line_1_63' title="bbox 402 3282 1968 3358; baseline 0.001 -21"><span class='ocrx_word' id='word_1_362' title='bbox 402 3282 533 3343; x_wconf 75' lang='lat' dir='ltr'><strong>inde</strong></span> <span class='ocrx_word' id='word_1_363' title='bbox 581 3287 700 3356; x_wconf 88' lang='lat' dir='ltr'><strong>ipso</strong></span> <span class='ocrx_word' id='word_1_364' title='bbox 737 3286 959 3341; x_wconf 91' lang='lat' dir='ltr'><strong>Christo</strong></span> <span class='ocrx_word' id='word_1_365' title='bbox 986 3287 1340 3355; x_wconf 66' lang='lat' dir='ltr'><strong>praedicante,</strong></span> <span class='ocrx_word' id='word_1_366' title='bbox 1387 3285 1547 3358; x_wconf 63' lang='grc'><strong>413</strong></span> <span class='ocrx_word' id='word_1_367' title='bbox 1582 3287 1649 3341; x_wconf 89' lang='lat' dir='ltr'><strong>de</strong></span> <span class='ocrx_word' id='word_1_368' title='bbox 1699 3302 1809 3356; x_wconf 92' lang='lat' dir='ltr'><strong>quo</strong></span> <span class='ocrx_word' id='word_1_369' title='bbox 1839 3285 1968 3341; x_wconf 88' lang='lat' dir='ltr'><strong>audi</strong></span> 
     </span>
    </p>
   </div>
   <div class='ocr_carea' id='block_1_62' title="bbox 400 3377 1969 3448">
    <p class='ocr_par' dir='ltr' id='par_1_62' title="bbox 400 3377 1969 3448">
     <span class='ocr_line' id='line_1_64' title="bbox 400 3377 1969 3448; baseline -0.001 -16"><span class='ocrx_word' id='word_1_370' title='bbox 400 3377 536 3448; x_wconf 89' lang='lat' dir='ltr'><strong>quid</strong></span> <span class='ocrx_word' id='word_1_371' title='bbox 589 3386 813 3433; x_wconf 90' lang='lat' dir='ltr'><strong>sanctus</strong></span> <span class='ocrx_word' id='word_1_372' title='bbox 859 3378 1058 3434; x_wconf 86' lang='lat' dir='ltr'><strong>Petrus</strong></span> <span class='ocrx_word' id='word_1_373' title='bbox 1086 3379 1294 3433; x_wconf 87' lang='lat' dir='ltr'><strong>scribat</strong></span> <span class='ocrx_word' id='word_1_374' title='bbox 1328 3395 1340 3432; x_wconf 93' lang='lat'>:</span> <span class='ocrx_word' id='word_1_375' title='bbox 1383 3397 1402 3429; x_wconf 75' lang='grc' dir='ltr'><strong>ι</strong></span> <span class='ocrx_word' id='word_1_376' title='bbox 1431 3378 1489 3432; x_wconf 92' lang='lat' dir='ltr'><strong>ln</strong></span> <span class='ocrx_word' id='word_1_377' title='bbox 1524 3394 1634 3448; x_wconf 90' lang='lat' dir='ltr'><strong>quo</strong></span> <span class='ocrx_word' id='word_1_378' title='bbox 1659 3386 1714 3431; x_wconf 90' lang='lat' dir='ltr'><strong>et</strong></span> <span class='ocrx_word' id='word_1_379' title='bbox 1756 3377 1844 3431; x_wconf 89' lang='lat' dir='ltr'><strong>his</strong></span> <span class='ocrx_word' id='word_1_380' title='bbox 1875 3377 1969 3445; x_wconf 89' lang='lat' dir='ltr'><strong>qui</strong></span> 
     </span>
    </p>
   </div>
   <div class='ocr_carea' id='block_1_63' title="bbox 400 3467 1967 3538">
    <p class='ocr_par' dir='ltr' id='par_1_63' title="bbox 400 3467 1967 3538">
     <span class='ocr_line' id='line_1_65' title="bbox 400 3467 1967 3538; baseline -0.001 -15"><span class='ocrx_word' id='word_1_381' title='bbox 400 3467 460 3523; x_wconf 87' lang='lat' dir='ltr'><strong>in</strong></span> <span class='ocrx_word' id='word_1_382' title='bbox 488 3484 705 3524; x_wconf 86' lang='lat' dir='ltr'><strong>carcere</strong></span> <span class='ocrx_word' id='word_1_383' title='bbox 736 3478 895 3523; x_wconf 90' lang='lat' dir='ltr'><strong>erant</strong></span> <span class='ocrx_word' id='word_1_384' title='bbox 927 3469 1232 3538; x_wconf 84' lang='lat' dir='ltr'><strong>spiritibus,</strong></span> <span class='ocrx_word' id='word_1_385' title='bbox 1263 3468 1489 3523; x_wconf 90' lang='lat' dir='ltr'><strong>veniens</strong></span> <span class='ocrx_word' id='word_1_386' title='bbox 1515 3467 1850 3537; x_wconf 84' lang='lat' dir='ltr'><strong>praedicavit.</strong></span> <span class='ocrx_word' id='word_1_387' title='bbox 1874 3467 1967 3537; x_wconf 90' lang='lat' dir='ltr'><strong>qui</strong></span> 
     </span>
    </p>
   </div>
   <div class='ocr_carea' id='block_1_64' title="bbox 402 3553 1968 3625">
    <p class='ocr_par' dir='ltr' id='par_1_64' title="bbox 402 3553 1968 3625">
     <span class='ocr_line' id='line_1_66' title="bbox 402 3553 1968 3625; baseline 0.001 -16"><span class='ocrx_word' id='word_1_388' title='bbox 402 3553 674 3610; x_wconf 86' lang='lat' dir='ltr'><strong>increduli</strong></span> <span class='ocrx_word' id='word_1_389' title='bbox 717 3554 937 3610; x_wconf 80' lang='lat' dir='ltr'><strong>fuerant</strong></span> <span class='ocrx_word' id='word_1_390' title='bbox 985 3556 1282 3625; x_wconf 85' lang='lat' dir='ltr'><strong>aliquando</strong></span> <span class='ocrx_word' id='word_1_391' title='bbox 1321 3557 1387 3611; x_wconf 76' lang='lat'><strong>“.</strong></span> <span class='ocrx_word' id='word_1_392' title='bbox 1429 3576 1446 3608; x_wconf 78' lang='grc' dir='ltr'><strong>ι</strong></span> <span class='ocrx_word' id='word_1_393' title='bbox 1499 3557 1696 3611; x_wconf 89' lang='lat' dir='ltr'><strong>Fertur</strong></span> <span class='ocrx_word' id='word_1_394' title='bbox 1746 3557 1968 3625; x_wconf 88' lang='lat' dir='ltr'><strong>antiqua</strong></span> 
     </span>
    </p>
   </div>
   <div class='ocr_carea' id='block_1_65' title="bbox 402 3648 1970 3720">
    <p class='ocr_par' dir='ltr' id='par_1_65' title="bbox 402 3648 1970 3720">
     <span class='ocr_line' id='line_1_67' title="bbox 402 3648 1970 3720; baseline -0.001 -16"><span class='ocrx_word' id='word_1_395' title='bbox 402 3648 627 3704; x_wconf 80' lang='lat' dir='ltr'><strong>traditio</strong></span> <span class='ocrx_word' id='word_1_396' title='bbox 661 3648 729 3703; x_wconf 90' lang='lat' dir='ltr'><strong>de</strong></span> <span class='ocrx_word' id='word_1_397' title='bbox 776 3649 1104 3704; x_wconf 87' lang='lat' dir='ltr'><strong>scholastico</strong></span> <span class='ocrx_word' id='word_1_398' title='bbox 1150 3650 1388 3720; x_wconf 90' lang='lat' dir='ltr'><strong>quodam</strong></span> <span class='ocrx_word' id='word_1_399' title='bbox 1439 3649 1533 3720; x_wconf 90' lang='lat' dir='ltr'><strong>qui</strong></span> <span class='ocrx_word' id='word_1_400' title='bbox 1570 3650 1739 3703; x_wconf 89' lang='lat' dir='ltr'><strong>multa</strong></span> <span class='ocrx_word' id='word_1_401' title='bbox 1768 3649 1970 3719; x_wconf 90' lang='lat' dir='ltr'><strong>probra</strong></span> 
     </span>
    </p>
   </div>
   <div class='ocr_carea' id='block_1_66' title="bbox 403 3737 1968 3810">
    <p class='ocr_par' dir='ltr' id='par_1_66' title="bbox 403 3737 1968 3810">
     <span class='ocr_line' id='line_1_68' title="bbox 403 3737 1968 3810; baseline 0 -18"><span class='ocrx_word' id='word_1_402' title='bbox 403 3737 460 3792; x_wconf 88' lang='lat' dir='ltr'><strong>in</strong></span> <span class='ocrx_word' id='word_1_403' title='bbox 492 3738 775 3793; x_wconf 87' lang='lat' dir='ltr'><strong>Platonem</strong></span> <span class='ocrx_word' id='word_1_404' title='bbox 808 3739 1194 3808; x_wconf 86' lang='lat' dir='ltr'><strong>philosophum</strong></span> <span class='ocrx_word' id='word_1_405' title='bbox 1235 3739 1492 3810; x_wconf 91' lang='lat' dir='ltr'><strong>jaciebat,</strong></span> <span class='ocrx_word' id='word_1_406' title='bbox 1538 3738 1625 3794; x_wconf 90' lang='lat' dir='ltr'><strong>cui</strong></span> <span class='ocrx_word' id='word_1_407' title='bbox 1668 3738 1968 3793; x_wconf 89' lang='lat' dir='ltr'><strong>secundum</strong></span> 
     </span>
    </p>
   </div>
   <div class='ocr_carea' id='block_1_67' title="bbox 400 3826 1965 3896">
    <p class='ocr_par' dir='ltr' id='par_1_67' title="bbox 400 3826 1965 3896">
     <span class='ocr_line' id='line_1_69' title="bbox 400 3826 1965 3896; baseline 0 -17"><span class='ocrx_word' id='word_1_408' title='bbox 400 3827 644 3895; x_wconf 90' lang='lat' dir='ltr'><strong>quietem</strong></span> <span class='ocrx_word' id='word_1_409' title='bbox 692 3828 947 3896; x_wconf 87' lang='lat' dir='ltr'><strong>apparuit</strong></span> <span class='ocrx_word' id='word_1_410' title='bbox 987 3828 1163 3890; x_wconf 88' lang='lat' dir='ltr'><strong>Plato,</strong></span> <span class='ocrx_word' id='word_1_411' title='bbox 1197 3842 1432 3896; x_wconf 90' lang='lat' dir='ltr'><strong>eumque</strong></span> <span class='ocrx_word' id='word_1_412' title='bbox 1482 3827 1560 3880; x_wconf 91' lang='lat' dir='ltr'><strong>sic</strong></span> <span class='ocrx_word' id='word_1_413' title='bbox 1606 3826 1804 3880; x_wconf 81' lang='lat' dir='ltr'><strong>all‘atus</strong></span> <span class='ocrx_word' id='word_1_414' title='bbox 1843 3833 1965 3879; x_wconf 90' lang='lat' dir='ltr'><strong>est:</strong></span> 
     </span>
    </p>
   </div>
   <div class='ocr_carea' id='block_1_68' title="bbox 403 3912 1971 3979">
    <p class='ocr_par' dir='ltr' id='par_1_68' title="bbox 403 3912 1971 3979">
     <span class='ocr_line' id='line_1_70' title="bbox 403 3912 1971 3979; baseline 0.002 -12"><span class='ocrx_word' id='word_1_415' title='bbox 403 3912 552 3968; x_wconf 79' lang='lat' dir='ltr'><strong>Heus</strong></span> <span class='ocrx_word' id='word_1_416' title='bbox 582 3922 660 3978; x_wconf 90' lang='lat' dir='ltr'><strong>tu,</strong></span> <span class='ocrx_word' id='word_1_417' title='bbox 696 3915 885 3971; x_wconf 88' lang='lat' dir='ltr'><strong>desine</strong></span> <span class='ocrx_word' id='word_1_418' title='bbox 925 3932 956 3970; x_wconf 88' lang='lat' dir='ltr'><strong>a</strong></span> <span class='ocrx_word' id='word_1_419' title='bbox 1006 3917 1313 3971; x_wconf 88' lang='lat' dir='ltr'><strong>maledictis</strong></span> <span class='ocrx_word' id='word_1_420' title='bbox 1348 3917 1404 3970; x_wconf 93' lang='lat' dir='ltr'><strong>in</strong></span> <span class='ocrx_word' id='word_1_421' title='bbox 1441 3931 1526 3971; x_wconf 89' lang='lat' dir='ltr'><strong>me</strong></span> <span class='ocrx_word' id='word_1_422' title='bbox 1567 3916 1871 3979; x_wconf 85' lang='lat' dir='ltr'><strong>vibrandis,</strong></span> <span class='ocrx_word' id='word_1_423' title='bbox 1900 3930 1971 3970; x_wconf 90' lang='lat' dir='ltr'><strong>ne</strong></span> 
     </span>
    </p>
   </div>
   <div class='ocr_carea' id='block_1_69' title="bbox 400 4003 1967 4077">
    <p class='ocr_par' dir='ltr' id='par_1_69' title="bbox 400 4003 1967 4077">
     <span class='ocr_line' id='line_1_71' title="bbox 400 4003 1967 4077; baseline 0.004 -21"><span class='ocrx_word' id='word_1_424' title='bbox 400 4003 537 4072; x_wconf 89' lang='lat' dir='ltr'><strong>quid</strong></span> <span class='ocrx_word' id='word_1_425' title='bbox 582 4005 710 4058; x_wconf 88' lang='lat' dir='ltr'><strong>mali</strong></span> <span class='ocrx_word' id='word_1_426' title='bbox 761 4006 857 4058; x_wconf 90' lang='lat' dir='ltr'><strong>tibi</strong></span> <span class='ocrx_word' id='word_1_427' title='bbox 908 4021 1174 4061; x_wconf 84' lang='lat' dir='ltr'><strong>accersas.</strong></span> <span class='ocrx_word' id='word_1_428' title='bbox 1206 4006 1610 4068; x_wconf 72' lang='lat' dir='ltr'><strong>Peccator&#39;l‘ui,</strong></span> <span class='ocrx_word' id='word_1_429' title='bbox 1645 4023 1754 4061; x_wconf 90' lang='lat' dir='ltr'><strong>non</strong></span> <span class='ocrx_word' id='word_1_430' title='bbox 1810 4023 1967 4077; x_wconf 85' lang='lat' dir='ltr'><strong>nego.</strong></span> 
     </span>
    </p>
   </div>
   <div class='ocr_carea' id='block_1_70' title="bbox 399 4091 1968 4163">
    <p class='ocr_par' dir='ltr' id='par_1_70' title="bbox 399 4091 1968 4163">
     <span class='ocr_line' id='line_1_72' title="bbox 399 4091 1968 4163; baseline 0.001 -16"><span class='ocrx_word' id='word_1_431' title='bbox 399 4091 695 4158; x_wconf 68' lang='lat' dir='ltr'><strong>Caeterum,</strong></span> <span class='ocrx_word' id='word_1_432' title='bbox 744 4095 963 4163; x_wconf 85' lang='lat' dir='ltr'><strong>quando</strong></span> <span class='ocrx_word' id='word_1_433' title='bbox 1004 4094 1260 4151; x_wconf 86' lang='lat' dir='ltr'><strong>Christus</strong></span> <span class='ocrx_word' id='word_1_434' title='bbox 1310 4097 1376 4150; x_wconf 87' lang='lat' dir='ltr'><strong>ad</strong></span> <span class='ocrx_word' id='word_1_435' title='bbox 1411 4096 1618 4151; x_wconf 78' lang='lat' dir='ltr'><strong>inferos</strong></span> <span class='ocrx_word' id='word_1_436' title='bbox 1666 4095 1968 4161; x_wconf 83' lang='lat' dir='ltr'><strong>descendit,</strong></span> 
     </span>
    </p>
   </div>
   <div class='ocr_carea' id='block_1_71' title="bbox 403 4186 1972 4257">
    <p class='ocr_par' dir='ltr' id='par_1_71' title="bbox 403 4186 1972 4257">
     <span class='ocr_line' id='line_1_73' title="bbox 403 4186 1972 4257; baseline 0.003 -20"><span class='ocrx_word' id='word_1_437' title='bbox 403 4193 531 4238; x_wconf 88' lang='lat' dir='ltr'><strong>ante</strong></span> <span class='ocrx_word' id='word_1_438' title='bbox 565 4201 755 4240; x_wconf 87' lang='lat' dir='ltr'><strong>omnes</strong></span> <span class='ocrx_word' id='word_1_439' title='bbox 802 4186 940 4242; x_wconf 91' lang='lat' dir='ltr'><strong>alios</strong></span> <span class='ocrx_word' id='word_1_440' title='bbox 990 4202 1090 4257; x_wconf 84' lang='lat' dir='ltr'><strong>ego</strong></span> <span class='ocrx_word' id='word_1_441' title='bbox 1128 4188 1183 4240; x_wconf 92' lang='lat' dir='ltr'><strong>in</strong></span> <span class='ocrx_word' id='word_1_442' title='bbox 1211 4188 1366 4241; x_wconf 92' lang='lat' dir='ltr'><strong>illum</strong></span> <span class='ocrx_word' id='word_1_443' title='bbox 1415 4187 1646 4241; x_wconf 84' lang='lat' dir='ltr'><strong>credidi.</strong></span> <span class='ocrx_word' id='word_1_444' title='bbox 1693 4187 1818 4241; x_wconf 78' lang='lat' dir='ltr'><strong>lbcc</strong></span> <span class='ocrx_word' id='word_1_445' title='bbox 1847 4202 1972 4241; x_wconf 92' lang='lat' dir='ltr'><strong>cum</strong></span> 
     </span>
    </p>
   </div>
   <div class='ocr_carea' id='block_1_72' title="bbox 402 4274 1972 4347">
    <p class='ocr_par' dir='ltr' id='par_1_72' title="bbox 402 4274 1972 4347">
     <span class='ocr_line' id='line_1_74' title="bbox 402 4274 1972 4347; baseline 0.002 -19"><span class='ocrx_word' id='word_1_446' title='bbox 402 4274 589 4338; x_wconf 72' lang='lat' dir='ltr'><strong>audis,</strong></span> <span class='ocrx_word' id='word_1_447' title='bbox 629 4291 696 4330; x_wconf 91' lang='lat' dir='ltr'><strong>ne</strong></span> <span class='ocrx_word' id='word_1_448' title='bbox 746 4292 974 4332; x_wconf 85' lang='lat' dir='ltr'><strong>censeas</strong></span> <span class='ocrx_word' id='word_1_449' title='bbox 1016 4277 1072 4331; x_wconf 92' lang='lat' dir='ltr'><strong>in</strong></span> <span class='ocrx_word' id='word_1_450' title='bbox 1123 4277 1339 4332; x_wconf 81' lang='lat' dir='ltr'><strong>inferno</strong></span> <span class='ocrx_word' id='word_1_451' title='bbox 1384 4293 1599 4347; x_wconf 87' lang='lat' dir='ltr'><strong>semper</strong></span> <span class='ocrx_word' id='word_1_452' title='bbox 1628 4275 1746 4330; x_wconf 87' lang='lat' dir='ltr'><strong>dari</strong></span> <span class='ocrx_word' id='word_1_453' title='bbox 1796 4278 1972 4347; x_wconf 55' lang='lat' dir='ltr'><strong>paeni-</strong></span> 
     </span>
    </p>
   </div>
   <div class='ocr_carea' id='block_1_73' title="bbox 2067 3102 3644 3177">
    <p class='ocr_par' dir='ltr' id='par_1_73' title="bbox 2067 3102 3644 3177">
     <span class='ocr_line' id='line_1_75' title="bbox 2067 3102 3644 3177; baseline 0.003 -22"><span class='ocrx_word' id='word_1_454' title='bbox 2067 3102 2212 3168; x_wconf 81' lang='grc' dir='ltr'>ἁπαξ</span> <span class='ocrx_word' id='word_1_455' title='bbox 2241 3103 2335 3156; x_wconf 71' lang='grc' dir='ltr'><strong>καὶ</strong></span> <span class='ocrx_word' id='word_1_456' title='bbox 2367 3103 2527 3165; x_wconf 89' lang='grc' dir='ltr'>μόνον</span> <span class='ocrx_word' id='word_1_457' title='bbox 2560 3105 2778 3173; x_wconf 73' lang='grc' dir='ltr'>ἐγένετο</span> <span class='ocrx_word' id='word_1_458' title='bbox 2804 3105 2867 3158; x_wconf 82' lang='grc' dir='ltr'><strong>τὸ</strong></span> <span class='ocrx_word' id='word_1_459' title='bbox 2894 3106 3134 3177; x_wconf 82' lang='grc' dir='ltr'>Χριστοῦ</span> <span class='ocrx_word' id='word_1_460' title='bbox 3171 3107 3457 3177; x_wconf 85' lang='grc' dir='ltr'>κήρυγμα.</span> <span class='ocrx_word' id='word_1_461' title='bbox 3496 3108 3644 3176; x_wconf 86' lang='grc' dir='ltr'>Προ-</span> 
     </span>
    </p>
   </div>
   <div class='ocr_carea' id='block_1_74' title="bbox 2065 3191 3645 3269">
    <p class='ocr_par' dir='ltr' id='par_1_74' title="bbox 2065 3191 3645 3269">
     <span class='ocr_line' id='line_1_76' title="bbox 2065 3191 3645 3269; baseline 0.003 -24"><span class='ocrx_word' id='word_1_462' title='bbox 2065 3191 2245 3247; x_wconf 81' lang='grc' dir='ltr'>λαὸὼν</span> <span class='ocrx_word' id='word_1_463' title='bbox 2267 3193 2378 3264; x_wconf 80' lang='grc' dir='ltr'><strong>γὰρ</strong></span> <span class='ocrx_word' id='word_1_464' title='bbox 2423 3196 2679 3265; x_wconf 82' lang='grc' dir='ltr'>Ἰωάννης</span> <span class='ocrx_word' id='word_1_465' title='bbox 2721 3198 2749 3250; x_wconf 90' lang='lat'><strong>6</strong></span> <span class='ocrx_word' id='word_1_466' title='bbox 2792 3197 3101 3268; x_wconf 80' lang='grc' dir='ltr'>πρόδρομος</span> <span class='ocrx_word' id='word_1_467' title='bbox 3146 3198 3379 3269; x_wconf 78' lang='grc' dir='ltr'>ἐκήρυξε</span> <span class='ocrx_word' id='word_1_468' title='bbox 3419 3198 3645 3251; x_wconf 82' lang='grc' dir='ltr'>κάκεῖσε</span> 
     </span>
    </p>
   </div>
   <div class='ocr_carea' id='block_1_75' title="bbox 2065 3284 3645 3359">
    <p class='ocr_par' dir='ltr' id='par_1_75' title="bbox 2065 3284 3645 3359">
     <span class='ocr_line' id='line_1_77' title="bbox 2065 3284 3645 3359; baseline 0.003 -22"><span class='ocrx_word' id='word_1_469' title='bbox 2065 3284 2156 3338; x_wconf 67' lang='grc' dir='ltr'><strong>τὸν</strong></span> <span class='ocrx_word' id='word_1_470' title='bbox 2198 3286 2434 3356; x_wconf 86' lang='grc' dir='ltr'>Χριστόν</span> <span class='ocrx_word' id='word_1_471' title='bbox 2457 3304 2470 3318; x_wconf 86' lang='grc'>·</span> <span class='ocrx_word' id='word_1_472' title='bbox 2501 3288 2592 3340; x_wconf 71' lang='grc' dir='ltr'><strong>καὶ</strong></span> <span class='ocrx_word' id='word_1_473' title='bbox 2617 3286 2849 3341; x_wconf 83' lang='grc' dir='ltr'>ἄκουσον</span> <span class='ocrx_word' id='word_1_474' title='bbox 2879 3287 2974 3341; x_wconf 90' lang='grc' dir='ltr'><strong>τοῦ</strong></span> <span class='ocrx_word' id='word_1_475' title='bbox 3007 3287 3162 3357; x_wconf 81' lang='grc' dir='ltr'>ἁγίου</span> <span class='ocrx_word' id='word_1_476' title='bbox 3198 3289 3411 3359; x_wconf 80' lang='grc' dir='ltr'>Πέτρου</span> <span class='ocrx_word' id='word_1_477' title='bbox 3455 3288 3645 3357; x_wconf 83' lang='grc' dir='ltr'>λέγον-</span> 
     </span>
    </p>
   </div>
   <div class='ocr_carea' id='block_1_76' title="bbox 2064 3378 3646 3451">
    <p class='ocr_par' dir='ltr' id='par_1_76' title="bbox 2064 3378 3646 3451">
     <span class='ocr_line' id='line_1_78' title="bbox 2064 3378 3646 3451; baseline 0.001 -22"><span class='ocrx_word' id='word_1_478' title='bbox 2064 3394 2155 3440; x_wconf 78' lang='grc' dir='ltr'><strong>τος</strong></span> <span class='ocrx_word' id='word_1_479' title='bbox 2184 3378 2313 3449; x_wconf 71' lang='grc' dir='ltr'>περὶ</span> <span class='ocrx_word' id='word_1_480' title='bbox 2340 3378 2601 3449; x_wconf 84' lang='grc' dir='ltr'>Χριστοῦ,</span> <span class='ocrx_word' id='word_1_481' title='bbox 2648 3380 2730 3432; x_wconf 84' lang='grc' dir='ltr'>ὅτι</span> <span class='ocrx_word' id='word_1_482' title='bbox 2785 3398 2805 3431; x_wconf 77' lang='grc' dir='ltr'><strong>ι</strong></span> <span class='ocrx_word' id='word_1_483' title='bbox 2826 3380 3141 3451; x_wconf 73' lang='grc' dir='ltr'>Πορευθεὶς,</span> <span class='ocrx_word' id='word_1_484' title='bbox 3173 3381 3362 3450; x_wconf 75' lang='grc' dir='ltr'>φησὶν,</span> <span class='ocrx_word' id='word_1_485' title='bbox 3410 3379 3646 3449; x_wconf 78' lang='grc' dir='ltr'>ἐκήρυξε</span> 
     </span>
    </p>
   </div>
   <div class='ocr_carea' id='block_1_77' title="bbox 2067 3467 3640 3541">
    <p class='ocr_par' dir='ltr' id='par_1_77' title="bbox 2067 3467 3640 3541">
     <span class='ocr_line' id='line_1_79' title="bbox 2067 3467 3640 3541; baseline 0.001 -22"><span class='ocrx_word' id='word_1_486' title='bbox 2067 3469 2297 3531; x_wconf 71' lang='grc' dir='ltr'>καὶτοῖς</span> <span class='ocrx_word' id='word_1_487' title='bbox 2339 3470 2399 3520; x_wconf 85' lang='grc' dir='ltr'>ὲν</span> <span class='ocrx_word' id='word_1_488' title='bbox 2436 3469 2536 3540; x_wconf 77' lang='grc' dir='ltr'><strong>ᾄδῃ</strong></span> <span class='ocrx_word' id='word_1_489' title='bbox 2572 3467 2589 3506; x_wconf 77' lang='grc' dir='ltr'>ι</span> <span class='ocrx_word' id='word_1_490' title='bbox 2619 3469 2897 3534; x_wconf 81' lang='grc' dir='ltr'>πνεύμασι</span> <span class='ocrx_word' id='word_1_491' title='bbox 2932 3473 3047 3533; x_wconf 87' lang='grc' dir='ltr'>τοῖς</span> <span class='ocrx_word' id='word_1_492' title='bbox 3074 3487 3206 3523; x_wconf 89' lang='grc' dir='ltr'>ποτε</span> <span class='ocrx_word' id='word_1_493' title='bbox 3237 3469 3595 3541; x_wconf 83' lang='grc' dir='ltr'>ἀπειθήσασι.</span> <span class='ocrx_word' id='word_1_494' title='bbox 3621 3488 3640 3520; x_wconf 71' lang='grc' dir='ltr'><strong>ι</strong></span> 
     </span>
    </p>
   </div>
   <div class='ocr_carea' id='block_1_78' title="bbox 2066 3554 3648 3630">
    <p class='ocr_par' dir='ltr' id='par_1_78' title="bbox 2066 3554 3648 3630">
     <span class='ocr_line' id='line_1_80' title="bbox 2066 3554 3648 3630; baseline 0.001 -20"><span class='ocrx_word' id='word_1_495' title='bbox 2066 3559 2178 3611; x_wconf 77' lang='grc' dir='ltr'><strong>Καὶ</strong></span> <span class='ocrx_word' id='word_1_496' title='bbox 2229 3559 2324 3612; x_wconf 90' lang='grc' dir='ltr'><strong>νῦν</strong></span> <span class='ocrx_word' id='word_1_497' title='bbox 2350 3560 2574 3628; x_wconf 82' lang='grc' dir='ltr'>φέρεται</span> <span class='ocrx_word' id='word_1_498' title='bbox 2623 3560 2704 3624; x_wconf 82' lang='grc' dir='ltr'><strong>εἰς</strong></span> <span class='ocrx_word' id='word_1_499' title='bbox 2748 3560 2983 3630; x_wconf 83' lang='grc' dir='ltr'>ἀρχαίας</span> <span class='ocrx_word' id='word_1_500' title='bbox 3027 3554 3387 3630; x_wconf 78' lang='grc' dir='ltr'>παραδόσεις,</span> <span class='ocrx_word' id='word_1_501' title='bbox 3430 3561 3513 3612; x_wconf 81' lang='grc' dir='ltr'><strong>ὅτι</strong></span> <span class='ocrx_word' id='word_1_502' title='bbox 3561 3577 3648 3623; x_wconf 91' lang='grc' dir='ltr'><strong>τις</strong></span> 
     </span>
    </p>
   </div>
   <div class='ocr_carea' id='block_1_79' title="bbox 2071 3652 3649 3725">
    <p class='ocr_par' dir='ltr' id='par_1_79' title="bbox 2071 3652 3649 3725">
     <span class='ocr_line' id='line_1_81' title="bbox 2071 3652 3649 3725; baseline 0.003 -22"><span class='ocrx_word' id='word_1_503' title='bbox 2071 3652 2423 3721; x_wconf 72' lang='grc' dir='ltr'>σχολαστικὸς</span> <span class='ocrx_word' id='word_1_504' title='bbox 2472 3654 2643 3708; x_wconf 87' lang='grc' dir='ltr'>πολλὰ</span> <span class='ocrx_word' id='word_1_505' title='bbox 2697 3656 3052 3725; x_wconf 78' lang='grc' dir='ltr'>κατηράσατο</span> <span class='ocrx_word' id='word_1_506' title='bbox 3095 3654 3187 3708; x_wconf 83' lang='grc' dir='ltr'><strong>τὸν</strong></span> <span class='ocrx_word' id='word_1_507' title='bbox 3239 3655 3504 3709; x_wconf 86' lang='grc' dir='ltr'>Πλάτωνα</span> <span class='ocrx_word' id='word_1_508' title='bbox 3553 3655 3649 3707; x_wconf 83' lang='grc' dir='ltr'><strong>τὸν</strong></span> 
     </span>
    </p>
   </div>
   <div class='ocr_carea' id='block_1_80' title="bbox 2069 3744 3648 3818">
    <p class='ocr_par' dir='ltr' id='par_1_80' title="bbox 2069 3744 3648 3818">
     <span class='ocr_line' id='line_1_82' title="bbox 2069 3744 3648 3818; baseline 0.004 -22"><span class='ocrx_word' id='word_1_509' title='bbox 2069 3744 2382 3814; x_wconf 78' lang='grc' dir='ltr'>φιλόσοφον.</span> <span class='ocrx_word' id='word_1_510' title='bbox 2407 3747 2666 3804; x_wconf 82' lang='grc' dir='ltr'>Φαίνεται</span> <span class='ocrx_word' id='word_1_511' title='bbox 2692 3745 2787 3802; x_wconf 76' lang='grc' dir='ltr'><strong>οὖν</strong></span> <span class='ocrx_word' id='word_1_512' title='bbox 2808 3748 2958 3818; x_wconf 83' lang='grc' dir='ltr'>αὐτῷ</span> <span class='ocrx_word' id='word_1_513' title='bbox 2989 3749 3113 3804; x_wconf 83' lang='grc' dir='ltr'>καθ’</span> <span class='ocrx_word' id='word_1_514' title='bbox 3132 3747 3334 3811; x_wconf 75' lang='grc' dir='ltr'>ὕπνους</span> <span class='ocrx_word' id='word_1_515' title='bbox 3360 3748 3387 3801; x_wconf 90' lang='lat'><strong>6</strong></span> <span class='ocrx_word' id='word_1_516' title='bbox 3421 3748 3648 3802; x_wconf 81' lang='grc' dir='ltr'>Πλάτων</span> 
     </span>
    </p>
   </div>
   <div class='ocr_carea' id='block_1_81' title="bbox 2067 3836 3647 3912">
    <p class='ocr_par' dir='ltr' id='par_1_81' title="bbox 2067 3836 3647 3912">
     <span class='ocr_line' id='line_1_83' title="bbox 2067 3836 3647 3912; baseline 0.002 -21"><span class='ocrx_word' id='word_1_517' title='bbox 2067 3837 2279 3906; x_wconf 83' lang='grc' dir='ltr'>λέγων·</span> <span class='ocrx_word' id='word_1_518' title='bbox 2337 3836 2666 3908; x_wconf 75' lang='grc' dir='ltr'>Ἄνθρωπε,</span> <span class='ocrx_word' id='word_1_519' title='bbox 2738 3840 2947 3894; x_wconf 89' lang='grc' dir='ltr'>παῦσαι</span> <span class='ocrx_word' id='word_1_520' title='bbox 3003 3841 3096 3895; x_wconf 89' lang='grc' dir='ltr'><strong>τοῦ</strong></span> <span class='ocrx_word' id='word_1_521' title='bbox 3153 3841 3500 3912; x_wconf 74' lang='grc' dir='ltr'>καταρᾶσθαι</span> <span class='ocrx_word' id='word_1_522' title='bbox 3557 3859 3647 3911; x_wconf 87' lang='grc' dir='ltr'><strong>με,</strong></span> 
     </span>
    </p>
   </div>
   <div class='ocr_carea' id='block_1_82' title="bbox 2070 3930 3650 4005">
    <p class='ocr_par' dir='ltr' id='par_1_82' title="bbox 2070 3930 3650 4005">
     <span class='ocr_line' id='line_1_84' title="bbox 2070 3930 3650 4005; baseline 0.002 -21"><span class='ocrx_word' id='word_1_523' title='bbox 2070 3930 2297 3984; x_wconf 83' lang='grc' dir='ltr'>σεαυτὸν</span> <span class='ocrx_word' id='word_1_524' title='bbox 2328 3931 2437 4001; x_wconf 78' lang='grc' dir='ltr'><strong>γὰρ</strong></span> <span class='ocrx_word' id='word_1_525' title='bbox 2468 3931 2747 4001; x_wconf 86' lang='grc' dir='ltr'>βλάπτεις,</span> <span class='ocrx_word' id='word_1_526' title='bbox 2775 3934 2855 3986; x_wconf 86' lang='grc' dir='ltr'>ὃτι</span> <span class='ocrx_word' id='word_1_527' title='bbox 2895 3932 2994 4005; x_wconf 78' lang='grc' dir='ltr'>μὲν</span> <span class='ocrx_word' id='word_1_528' title='bbox 3017 3933 3301 4003; x_wconf 85' lang='grc' dir='ltr'>ἄνθρωπος</span> <span class='ocrx_word' id='word_1_529' title='bbox 3324 3933 3650 4004; x_wconf 77' lang='grc' dir='ltr'>ἁμαρτωλὸς</span> 
     </span>
    </p>
   </div>
   <div class='ocr_carea' id='block_1_83' title="bbox 2069 4022 3648 4097">
    <p class='ocr_par' dir='ltr' id='par_1_83' title="bbox 2069 4022 3648 4097">
     <span class='ocr_line' id='line_1_85' title="bbox 2069 4022 3648 4097; baseline 0.004 -23"><span class='ocrx_word' id='word_1_530' title='bbox 2069 4022 2269 4091; x_wconf 78' lang='grc' dir='ltr'>γέγονα</span> <span class='ocrx_word' id='word_1_531' title='bbox 2284 4038 2296 4053; x_wconf 80' lang='grc'><strong>’</strong></span> <span class='ocrx_word' id='word_1_532' title='bbox 2322 4023 2422 4077; x_wconf 84' lang='grc' dir='ltr'><strong>οὑκ</strong></span> <span class='ocrx_word' id='word_1_533' title='bbox 2447 4023 2734 4094; x_wconf 83' lang='grc' dir='ltr'>ἀρνοῦμαι.</span> <span class='ocrx_word' id='word_1_534' title='bbox 2761 4025 2907 4096; x_wconf 83' lang='grc' dir='ltr'>Πλὴν</span> <span class='ocrx_word' id='word_1_535' title='bbox 2925 4025 3276 4090; x_wconf 77' lang='grc' dir='ltr'>κατελθόντος</span> <span class='ocrx_word' id='word_1_536' title='bbox 3298 4026 3391 4080; x_wconf 88' lang='grc' dir='ltr'><strong>τοῦ</strong></span> <span class='ocrx_word' id='word_1_537' title='bbox 3408 4024 3648 4097; x_wconf 85' lang='grc' dir='ltr'>Χριστοῦ</span> 
     </span>
    </p>
   </div>
   <div class='ocr_carea' id='block_1_84' title="bbox 2071 4112 3650 4189">
    <p class='ocr_par' dir='ltr' id='par_1_84' title="bbox 2071 4112 3650 4189">
     <span class='ocr_line' id='line_1_86' title="bbox 2071 4112 3650 4189; baseline 0.003 -25"><span class='ocrx_word' id='word_1_538' title='bbox 2071 4112 2132 4165; x_wconf 85' lang='grc' dir='ltr'>ὲν</span> <span class='ocrx_word' id='word_1_539' title='bbox 2180 4113 2256 4182; x_wconf 81' lang='grc' dir='ltr'>τῷ</span> <span class='ocrx_word' id='word_1_540' title='bbox 2304 4113 2426 4185; x_wconf 77' lang='grc' dir='ltr'>ᾄδῃ,</span> <span class='ocrx_word' id='word_1_541' title='bbox 2468 4114 2639 4178; x_wconf 76' lang='grc' dir='ltr'>ὅντως</span> <span class='ocrx_word' id='word_1_542' title='bbox 2672 4116 2850 4179; x_wconf 75' lang='grc' dir='ltr'>οὐδεὶς</span> <span class='ocrx_word' id='word_1_543' title='bbox 2884 4117 3184 4189; x_wconf 27' lang='grc' dir='ltr'>’ἐπίστευσε</span> <span class='ocrx_word' id='word_1_544' title='bbox 3233 4114 3341 4187; x_wconf 76' lang='grc' dir='ltr'>πρὸ</span> <span class='ocrx_word' id='word_1_545' title='bbox 3386 4114 3520 4184; x_wconf 79' lang='grc' dir='ltr'>ἐμοῦ</span> <span class='ocrx_word' id='word_1_546' title='bbox 3570 4117 3650 4180; x_wconf 77' lang='grc' dir='ltr'>εἰς</span> 
     </span>
    </p>
   </div>
   <div class='ocr_carea' id='block_1_85' title="bbox 2072 4203 3649 4280">
    <p class='ocr_par' dir='ltr' id='par_1_85' title="bbox 2072 4203 3649 4280">
     <span class='ocr_line' id='line_1_87' title="bbox 2072 4203 3649 4280; baseline 0.001 -22"><span class='ocrx_word' id='word_1_547' title='bbox 2072 4206 2256 4259; x_wconf 83' lang='grc' dir='ltr'>αὑτόν.</span> <span class='ocrx_word' id='word_1_548' title='bbox 2289 4206 2473 4259; x_wconf 84' lang='grc' dir='ltr'>Ταῦτα</span> <span class='ocrx_word' id='word_1_549' title='bbox 2503 4205 2558 4259; x_wconf 77' lang='grc' dir='ltr'>δὲ</span> <span class='ocrx_word' id='word_1_550' title='bbox 2585 4206 2823 4270; x_wconf 78' lang='grc' dir='ltr'>ἁκούων,</span> <span class='ocrx_word' id='word_1_551' title='bbox 2854 4207 2929 4276; x_wconf 85' lang='grc' dir='ltr'>μὴ</span> <span class='ocrx_word' id='word_1_552' title='bbox 2961 4209 3187 4280; x_wconf 82' lang='grc' dir='ltr'>νομίσῃς</span> <span class='ocrx_word' id='word_1_553' title='bbox 3236 4203 3375 4260; x_wconf 76' lang='grc' dir='ltr'>εἶναι</span> <span class='ocrx_word' id='word_1_554' title='bbox 3416 4206 3649 4260; x_wconf 86' lang='grc' dir='ltr'>πάντοτε</span> 
     </span>
    </p>
   </div>
   <div class='ocr_carea' id='block_1_86' title="bbox 2075 4296 3650 4369">
    <p class='ocr_par' dir='ltr' id='par_1_86' title="bbox 2075 4296 3650 4369">
     <span class='ocr_line' id='line_1_88' title="bbox 2075 4296 3650 4369; baseline 0.001 -21"><span class='ocrx_word' id='word_1_555' title='bbox 2075 4298 2133 4348; x_wconf 80' lang='grc' dir='ltr'>ὲν</span> <span class='ocrx_word' id='word_1_556' title='bbox 2170 4296 2249 4365; x_wconf 81' lang='grc' dir='ltr'><strong>τῷ</strong></span> <span class='ocrx_word' id='word_1_557' title='bbox 2282 4296 2381 4368; x_wconf 81' lang='grc' dir='ltr'>ᾃδῃ</span> <span class='ocrx_word' id='word_1_558' title='bbox 2432 4297 2750 4367; x_wconf 82' lang='grc' dir='ltr'>μετάνοιαν’</span> <span class='ocrx_word' id='word_1_559' title='bbox 2810 4297 2959 4362; x_wconf 73' lang='grc' dir='ltr'>απαξ</span> <span class='ocrx_word' id='word_1_560' title='bbox 2999 4299 3110 4369; x_wconf 72' lang='grc' dir='ltr'><strong>γὰρ</strong></span> <span class='ocrx_word' id='word_1_561' title='bbox 3154 4298 3248 4350; x_wconf 72' lang='grc' dir='ltr'>καὶ</span> <span class='ocrx_word' id='word_1_562' title='bbox 3300 4298 3459 4368; x_wconf 87' lang='grc' dir='ltr'>μόνον</span> <span class='ocrx_word' id='word_1_563' title='bbox 3493 4297 3650 4351; x_wconf 87' lang='grc' dir='ltr'>τοῦτο</span> 
     </span>
    </p>
   </div>
   <div class='ocr_carea' id='block_1_87' title="bbox 403 4366 1965 4460">
    <p class='ocr_par' dir='ltr' id='par_1_87' title="bbox 403 4366 1965 4438">
     <span class='ocr_line' id='line_1_89' title="bbox 403 4366 1965 4438; baseline 0.004 -20"><span class='ocrx_word' id='word_1_564' title='bbox 403 4366 591 4421; x_wconf 63' lang='lat' dir='ltr'><strong>tentia:</strong></span> <span class='ocrx_word' id='word_1_565' title='bbox 623 4367 824 4422; x_wconf 91' lang='lat' dir='ltr'><strong>locum.</strong></span> <span class='ocrx_word' id='word_1_566' title='bbox 851 4367 1032 4423; x_wconf 87' lang='lat' dir='ltr'><strong>Semel</strong></span> <span class='ocrx_word' id='word_1_567' title='bbox 1059 4369 1111 4422; x_wconf 89' lang='lat' dir='ltr'><strong>id</strong></span> <span class='ocrx_word' id='word_1_568' title='bbox 1148 4369 1368 4432; x_wconf 90' lang='lat' dir='ltr'><strong>accidit,</strong></span> <span class='ocrx_word' id='word_1_569' title='bbox 1392 4369 1610 4438; x_wconf 89' lang='lat' dir='ltr'><strong>quando</strong></span> <span class='ocrx_word' id='word_1_570' title='bbox 1636 4369 1965 4438; x_wconf 85' lang='lat' dir='ltr'><strong>Redemptor</strong></span> 
     </span>
    </p>
   </div>
   <div class='ocr_carea' id='block_1_88' title="bbox 2071 4366 3649 4460">
    <p class='ocr_par' dir='ltr' id='par_1_88' title="bbox 2073 4386 3649 4460">
     <span class='ocr_line' id='line_1_90' title="bbox 2073 4386 3649 4460; baseline 0.001 -21"><span class='ocrx_word' id='word_1_571' title='bbox 2073 4386 2317 4455; x_wconf 83' lang='grc' dir='ltr'>γέγονεν,</span> <span class='ocrx_word' id='word_1_572' title='bbox 2342 4388 2423 4441; x_wconf 84' lang='grc' dir='ltr'><strong>ὅτι</strong></span> <span class='ocrx_word' id='word_1_573' title='bbox 2477 4388 2712 4459; x_wconf 74' lang='grc' dir='ltr'>Χριστὸς</span> <span class='ocrx_word' id='word_1_574' title='bbox 2741 4390 2800 4441; x_wconf 80' lang='grc' dir='ltr'>ὲν</span> <span class='ocrx_word' id='word_1_575' title='bbox 2852 4391 2965 4452; x_wconf 87' lang='grc' dir='ltr'>τοῖς</span> <span class='ocrx_word' id='word_1_576' title='bbox 3007 4389 3387 4458; x_wconf 85' lang='grc' dir='ltr'>καταχθονίοις</span> <span class='ocrx_word' id='word_1_577' title='bbox 3412 4388 3649 4460; x_wconf 78' lang='grc' dir='ltr'>κατελή-</span> 
     </span>
    </p>
   </div>
   <div class='ocr_carea' id='block_1_89' title="bbox 402 4459 1974 4524">
    <p class='ocr_par' dir='ltr' id='par_1_89' title="bbox 402 4459 1974 4524">
     <span class='ocr_line' id='line_1_91' title="bbox 402 4459 1974 4524; baseline 0.003 -12"><span class='ocrx_word' id='word_1_578' title='bbox 402 4469 593 4513; x_wconf 86' lang='lat' dir='ltr'><strong>noster</strong></span> <span class='ocrx_word' id='word_1_579' title='bbox 640 4462 708 4514; x_wconf 89' lang='lat' dir='ltr'><strong>ad</strong></span> <span class='ocrx_word' id='word_1_580' title='bbox 754 4462 874 4515; x_wconf 92' lang='lat' dir='ltr'><strong>loca</strong></span> <span class='ocrx_word' id='word_1_581' title='bbox 925 4461 1284 4515; x_wconf 87' lang='lat' dir='ltr'><strong>subterranea</strong></span> <span class='ocrx_word' id='word_1_582' title='bbox 1323 4459 1627 4524; x_wconf 87' lang='lat' dir='ltr'><strong>descendit,</strong></span> <span class='ocrx_word' id='word_1_583' title='bbox 1677 4468 1736 4514; x_wconf 88' lang='lat' dir='ltr'><strong>ut</strong></span> <span class='ocrx_word' id='word_1_584' title='bbox 1781 4475 1974 4516; x_wconf 88' lang='lat' dir='ltr'><strong>omnes</strong></span> 
     </span>
    </p>
   </div>
   <div class='ocr_carea' id='block_1_90' title="bbox 402 4551 1675 4620">
    <p class='ocr_par' dir='ltr' id='par_1_90' title="bbox 402 4551 1675 4620">
     <span class='ocr_line' id='line_1_92' title="bbox 402 4551 1675 4620; baseline 0.002 -16"><span class='ocrx_word' id='word_1_585' title='bbox 402 4552 496 4620; x_wconf 93' lang='lat' dir='ltr'><strong>qui</strong></span> <span class='ocrx_word' id='word_1_586' title='bbox 540 4565 569 4604; x_wconf 90' lang='lat' dir='ltr'><strong>a</strong></span> <span class='ocrx_word' id='word_1_587' title='bbox 615 4551 836 4605; x_wconf 87' lang='lat' dir='ltr'><strong>condito</strong></span> <span class='ocrx_word' id='word_1_588' title='bbox 872 4551 1078 4606; x_wconf 92' lang='lat' dir='ltr'><strong>mundo</strong></span> <span class='ocrx_word' id='word_1_589' title='bbox 1107 4552 1361 4605; x_wconf 89' lang='lat' dir='ltr'><strong>obierant</strong></span> <span class='ocrx_word' id='word_1_590' title='bbox 1394 4551 1675 4606; x_wconf 86' lang='lat' dir='ltr'><strong>inviseret.</strong></span> 
     </span>
    </p>
   </div>
   <div class='ocr_carea' id='block_1_91' title="bbox 719 4681 1634 4785">
    <p class='ocr_par' dir='ltr' id='par_1_91' title="bbox 719 4681 1634 4785">
     <span class='ocr_line' id='line_1_93' title="bbox 719 4681 1634 4785; baseline 0 -16"><span class='ocrx_word' id='word_1_591' title='bbox 719 4681 1279 4785; x_wconf 71' lang='lat' dir='ltr'><strong>QUIESTIO</strong></span> <span class='ocrx_word' id='word_1_592' title='bbox 1353 4683 1634 4770; x_wconf 87' lang='lat' dir='ltr'><strong>CXII.</strong></span> 
     </span>
    </p>
   </div>
   <div class='ocr_carea' id='block_1_92' title="bbox 403 4821 1966 4897">
    <p class='ocr_par' dir='ltr' id='par_1_92' title="bbox 403 4821 1966 4897">
     <span class='ocr_line' id='line_1_94' title="bbox 403 4821 1966 4897; baseline 0.001 -16"><span class='ocrx_word' id='word_1_593' title='bbox 403 4821 546 4881; x_wconf 85' lang='lat' dir='ltr'><strong>Num</strong></span> <span class='ocrx_word' id='word_1_594' title='bbox 576 4840 754 4880; x_wconf 80' lang='lat' dir='ltr'><strong>verum</strong></span> <span class='ocrx_word' id='word_1_595' title='bbox 782 4833 856 4879; x_wconf 80' lang='lat' dir='ltr'><strong>est</strong></span> <span class='ocrx_word' id='word_1_596' title='bbox 886 4825 1158 4897; x_wconf 84' lang='lat' dir='ltr'><strong>mulierem</strong></span> <span class='ocrx_word' id='word_1_597' title='bbox 1189 4826 1343 4881; x_wconf 84' lang='lat' dir='ltr'><strong>illam</strong></span> <span class='ocrx_word' id='word_1_598' title='bbox 1370 4827 1747 4897; x_wconf 78' lang='lat' dir='ltr'><strong>pylhouissam,</strong></span> <span class='ocrx_word' id='word_1_599' title='bbox 1780 4825 1966 4882; x_wconf 78' lang='lat' dir='ltr'><strong>Saulis</strong></span> 
     </span>
    </p>
   </div>
   <div class='ocr_carea' id='block_1_93' title="bbox 652 4896 1729 4967">
    <p class='ocr_par' dir='ltr' id='par_1_93' title="bbox 652 4896 1729 4967">
     <span class='ocr_line' id='line_1_95' title="bbox 652 4896 1729 4967; baseline 0.001 -18"><span class='ocrx_word' id='word_1_600' title='bbox 652 4904 864 4967; x_wconf 83' lang='lat' dir='ltr'><strong>rogatu,</strong></span> <span class='ocrx_word' id='word_1_601' title='bbox 894 4896 1196 4951; x_wconf 82' lang='lat' dir='ltr'><strong>Samuelem</strong></span> <span class='ocrx_word' id='word_1_602' title='bbox 1216 4914 1335 4953; x_wconf 85' lang='lat' dir='ltr'><strong>vere</strong></span> <span class='ocrx_word' id='word_1_603' title='bbox 1363 4896 1612 4951; x_wconf 74' lang='lat' dir='ltr'><strong>excitasse</strong></span> <span class='ocrx_word' id='word_1_604' title='bbox 1646 4897 1729 4950; x_wconf 76' lang='grc' dir='ltr'><strong>³³ἳ</strong></span> 
     </span>
    </p>
   </div>
   <div class='ocr_carea' id='block_1_94' title="bbox 982 5005 1381 5061">
    <p class='ocr_par' dir='ltr' id='par_1_94' title="bbox 982 5005 1381 5061">
     <span class='ocr_line' id='line_1_96' title="bbox 982 5005 1381 5061; baseline -0.003 0"><span class='ocrx_word' id='word_1_605' title='bbox 982 5005 1381 5061; x_wconf 82' lang='lat' dir='ltr'><strong>RESPONSIO.</strong></span> 
     </span>
    </p>
   </div>
   <div class='ocr_carea' id='block_1_95' title="bbox 476 5095 1975 5168">
    <p class='ocr_par' dir='ltr' id='par_1_95' title="bbox 476 5095 1975 5168">
     <span class='ocr_line' id='line_1_97' title="bbox 476 5095 1975 5168; baseline 0.003 -15"><span class='ocrx_word' id='word_1_606' title='bbox 476 5095 702 5167; x_wconf 87' lang='lat' dir='ltr'><strong>Utique,</strong></span> <span class='ocrx_word' id='word_1_607' title='bbox 740 5098 872 5167; x_wconf 87' lang='lat' dir='ltr'><strong>quia</strong></span> <span class='ocrx_word' id='word_1_608' title='bbox 912 5098 968 5152; x_wconf 90' lang='lat' dir='ltr'><strong>in</strong></span> <span class='ocrx_word' id='word_1_609' title='bbox 1009 5108 1282 5168; x_wconf 88' lang='lat' dir='ltr'><strong>potestate</strong></span> <span class='ocrx_word' id='word_1_610' title='bbox 1327 5098 1536 5153; x_wconf 90' lang='lat' dir='ltr'><strong>diaboli</strong></span> <span class='ocrx_word' id='word_1_611' title='bbox 1576 5108 1736 5155; x_wconf 90' lang='lat' dir='ltr'><strong>erant</strong></span> <span class='ocrx_word' id='word_1_612' title='bbox 1786 5115 1975 5157; x_wconf 82' lang='lat' dir='ltr'><strong>omnes</strong></span> 
     </span>
    </p>
   </div>
   <div class='ocr_carea' id='block_1_96' title="bbox 404 5189 1977 5267">
    <p class='ocr_par' dir='ltr' id='par_1_96' title="bbox 404 5189 1977 5267">
     <span class='ocr_line' id='line_1_98' title="bbox 404 5189 1977 5267; baseline 0.002 -24"><span class='ocrx_word' id='word_1_613' title='bbox 404 5197 515 5243; x_wconf 88' lang='lat' dir='ltr'><strong>tam</strong></span> <span class='ocrx_word' id='word_1_614' title='bbox 576 5189 848 5258; x_wconf 71' lang='lat' dir='ltr'><strong>iustorum</strong></span> <span class='ocrx_word' id='word_1_615' title='bbox 906 5204 1071 5258; x_wconf 91' lang='lat' dir='ltr'><strong>quam</strong></span> <span class='ocrx_word' id='word_1_616' title='bbox 1123 5189 1453 5258; x_wconf 83' lang='lat' dir='ltr'><strong>injustorum</strong></span> <span class='ocrx_word' id='word_1_617' title='bbox 1505 5189 1741 5267; x_wconf 63' lang='lat' dir='ltr'><strong>animae,</strong></span> <span class='ocrx_word' id='word_1_618' title='bbox 1799 5190 1977 5247; x_wconf 89' lang='lat' dir='ltr'><strong>donec</strong></span> 
     </span>
    </p>
   </div>
   <div class='ocr_carea' id='block_1_97' title="bbox 402 5277 1976 5348">
    <p class='ocr_par' dir='ltr' id='par_1_97' title="bbox 402 5277 1976 5348">
     <span class='ocr_line' id='line_1_99' title="bbox 402 5277 1976 5348; baseline 0.001 -14"><span class='ocrx_word' id='word_1_619' title='bbox 402 5277 656 5335; x_wconf 91' lang='lat' dir='ltr'><strong>Christus</strong></span> <span class='ocrx_word' id='word_1_620' title='bbox 696 5282 762 5335; x_wconf 90' lang='lat' dir='ltr'><strong>ad</strong></span> <span class='ocrx_word' id='word_1_621' title='bbox 802 5280 1009 5335; x_wconf 79' lang='lat' dir='ltr'><strong>inferos</strong></span> <span class='ocrx_word' id='word_1_622' title='bbox 1047 5278 1437 5348; x_wconf 81' lang='lat' dir='ltr'><strong>profectus,iis</strong></span> <span class='ocrx_word' id='word_1_623' title='bbox 1488 5279 1581 5348; x_wconf 90' lang='lat' dir='ltr'><strong>qui</strong></span> <span class='ocrx_word' id='word_1_624' title='bbox 1637 5279 1693 5334; x_wconf 91' lang='lat' dir='ltr'><strong>in</strong></span> <span class='ocrx_word' id='word_1_625' title='bbox 1742 5280 1976 5337; x_wconf 90' lang='lat' dir='ltr'><strong>vinculis</strong></span> 
     </span>
    </p>
   </div>
   <div class='ocr_carea' id='block_1_98' title="bbox 403 5366 1976 5440">
    <p class='ocr_par' dir='ltr' id='par_1_98' title="bbox 403 5366 1976 5440">
     <span class='ocr_line' id='line_1_100' title="bbox 403 5366 1976 5440; baseline 0.002 -17"><span class='ocrx_word' id='word_1_626' title='bbox 403 5369 781 5426; x_wconf 80' lang='lat' dir='ltr'><strong>attinebantur</strong></span> <span class='ocrx_word' id='word_1_627' title='bbox 811 5370 953 5424; x_wconf 80' lang='lat' dir='ltr'><strong>dixit</strong></span> <span class='ocrx_word' id='word_1_628' title='bbox 989 5386 1002 5422; x_wconf 91' lang='lat'><strong>:</strong></span> <span class='ocrx_word' id='word_1_629' title='bbox 1046 5366 1226 5422; x_wconf 81' lang='lat' dir='ltr'><strong>Exite.</strong></span> <span class='ocrx_word' id='word_1_630' title='bbox 1274 5366 1421 5422; x_wconf 84' lang='lat' dir='ltr'><strong>Audi</strong></span> <span class='ocrx_word' id='word_1_631' title='bbox 1466 5367 1721 5437; x_wconf 89' lang='lat' dir='ltr'><strong>Paulum,</strong></span> <span class='ocrx_word' id='word_1_632' title='bbox 1770 5369 1862 5440; x_wconf 89' lang='lat' dir='ltr'><strong>qui</strong></span> <span class='ocrx_word' id='word_1_633' title='bbox 1898 5370 1976 5426; x_wconf 86' lang='lat' dir='ltr'><strong>ait</strong></span> 
     </span>
    </p>
   </div>
   <div class='ocr_carea' id='block_1_99' title="bbox 2075 4479 3650 4554">
    <p class='ocr_par' dir='ltr' id='par_1_99' title="bbox 2075 4479 3650 4554">
     <span class='ocr_line' id='line_1_101' title="bbox 2075 4479 3650 4554; baseline 0.003 -23"><span class='ocrx_word' id='word_1_634' title='bbox 2075 4479 2228 4543; x_wconf 86' lang='grc' dir='ltr'>λυθε,</span> <span class='ocrx_word' id='word_1_635' title='bbox 2291 4481 2416 4544; x_wconf 77' lang='grc' dir='ltr'>τοὺς</span> <span class='ocrx_word' id='word_1_636' title='bbox 2478 4481 2574 4535; x_wconf 87' lang='grc' dir='ltr'><strong>ἀπ’</strong></span> <span class='ocrx_word' id='word_1_637' title='bbox 2647 4481 2847 4545; x_wconf 80' lang='grc' dir='ltr'>αἰῶνος</span> <span class='ocrx_word' id='word_1_638' title='bbox 2913 4483 3354 4554; x_wconf 83' lang='grc' dir='ltr'>κεκοιμημένους</span> <span class='ocrx_word' id='word_1_639' title='bbox 3425 4481 3650 4536; x_wconf 74' lang='grc' dir='ltr'>ἐπισκέ-</span> 
     </span>
    </p>
   </div>
   <div class='ocr_carea' id='block_1_100' title="bbox 2076 4568 2296 4639">
    <p class='ocr_par' dir='ltr' id='par_1_100' title="bbox 2076 4568 2296 4639">
     <span class='ocr_line' id='line_1_102' title="bbox 2076 4568 2296 4639; baseline 0.009 -17"><span class='ocrx_word' id='word_1_640' title='bbox 2076 4568 2296 4639; x_wconf 73' lang='grc' dir='ltr'>ψασθατ.</span> 
     </span>
    </p>
   </div>
   <div class='ocr_carea' id='block_1_101' title="bbox 2464 4691 3263 4778">
    <p class='ocr_par' dir='ltr' id='par_1_101' title="bbox 2464 4691 3263 4778">
     <span class='ocr_line' id='line_1_103' title="bbox 2464 4691 3263 4778; baseline -0.004 -1"><span class='ocrx_word' id='word_1_641' title='bbox 2464 4692 2996 4778; x_wconf 80' lang='grc' dir='ltr'><strong>ΕΡΩΤΗΣΙΣ</strong></span> <span class='ocrx_word' id='word_1_642' title='bbox 3058 4691 3263 4777; x_wconf 86' lang='lat' dir='ltr'><strong>PIB&#39;.</strong></span> 
     </span>
    </p>
   </div>
   <div class='ocr_carea' id='block_1_102' title="bbox 2077 4825 3651 4899">
    <p class='ocr_par' dir='ltr' id='par_1_102' title="bbox 2077 4825 3651 4899">
     <span class='ocr_line' id='line_1_104' title="bbox 2077 4825 3651 4899; baseline -0.001 -14"><span class='ocrx_word' id='word_1_643' title='bbox 2077 4825 2229 4899; x_wconf 74' lang='grc' dir='ltr'>Ἀρα</span> <span class='ocrx_word' id='word_1_644' title='bbox 2254 4830 2479 4898; x_wconf 76' lang='grc' dir='ltr'>ἀληθὲς</span> <span class='ocrx_word' id='word_1_645' title='bbox 2503 4830 2589 4882; x_wconf 85' lang='grc' dir='ltr'>ὅτι</span> <span class='ocrx_word' id='word_1_646' title='bbox 2633 4833 2739 4884; x_wconf 75' lang='grc' dir='ltr'><strong>τὸν</strong></span> <span class='ocrx_word' id='word_1_647' title='bbox 2774 4832 3055 4897; x_wconf 72' lang='grc' dir='ltr'>Σαμουὴλ</span> <span class='ocrx_word' id='word_1_648' title='bbox 3092 4831 3129 4896; x_wconf 72' lang='grc' dir='ltr'>ἡ</span> <span class='ocrx_word' id='word_1_649' title='bbox 3175 4827 3651 4897; x_wconf 61' lang='grc' dir='ltr'>ἐγγαστρίμυθος</span> 
     </span>
    </p>
   </div>
   <div class='ocr_carea' id='block_1_103' title="bbox 2425 4900 3301 4969">
    <p class='ocr_par' dir='ltr' id='par_1_103' title="bbox 2425 4900 3301 4969">
     <span class='ocr_line' id='line_1_105' title="bbox 2425 4900 3301 4969; baseline -0.003 -14"><span class='ocrx_word' id='word_1_650' title='bbox 2425 4900 2732 4969; x_wconf 76' lang='grc' dir='ltr'><strong>ἀνήγαγεν</strong></span> <span class='ocrx_word' id='word_1_651' title='bbox 2770 4900 2876 4957; x_wconf 80' lang='grc' dir='ltr'>,ἐπὶ</span> <span class='ocrx_word' id='word_1_652' title='bbox 2917 4901 3021 4955; x_wconf 83' lang='grc' dir='ltr'><strong>τοῦ</strong></span> <span class='ocrx_word' id='word_1_653' title='bbox 3065 4900 3301 4964; x_wconf 78' lang='grc' dir='ltr'>Σαούλ;</span> 
     </span>
    </p>
   </div>
   <div class='ocr_carea' id='block_1_104' title="bbox 2650 5012 3036 5066">
    <p class='ocr_par' dir='ltr' id='par_1_104' title="bbox 2650 5012 3036 5066">
     <span class='ocr_line' id='line_1_106' title="bbox 2650 5012 3036 5066; baseline 0.003 -1"><span class='ocrx_word' id='word_1_654' title='bbox 2650 5012 3036 5066; x_wconf 79' lang='grc' dir='ltr'><strong>ΔΠΟΚΡΙΣΙΣ.</strong></span> 
     </span>
    </p>
   </div>
   <div class='ocr_carea' id='block_1_105' title="bbox 2150 5098 3649 5173">
    <p class='ocr_par' dir='ltr' id='par_1_105' title="bbox 2150 5098 3649 5173">
     <span class='ocr_line' id='line_1_107' title="bbox 2150 5098 3649 5173; baseline -0.003 -17"><span class='ocrx_word' id='word_1_655' title='bbox 2150 5102 2277 5168; x_wconf 76' lang='grc' dir='ltr'>Ναὶ,</span> <span class='ocrx_word' id='word_1_656' title='bbox 2306 5102 2411 5156; x_wconf 76' lang='grc' dir='ltr'><strong>ὑπὸ</strong></span> <span class='ocrx_word' id='word_1_657' title='bbox 2442 5098 2541 5169; x_wconf 80' lang='grc' dir='ltr'><strong>τὴν</strong></span> <span class='ocrx_word' id='word_1_658' title='bbox 2577 5105 2736 5173; x_wconf 88' lang='grc' dir='ltr'>χεῖρα</span> <span class='ocrx_word' id='word_1_659' title='bbox 2779 5102 2875 5156; x_wconf 85' lang='grc' dir='ltr'><strong>τοῦ</strong></span> <span class='ocrx_word' id='word_1_660' title='bbox 2921 5101 3169 5157; x_wconf 76' lang='grc' dir='ltr'>διαϐόλου</span> <span class='ocrx_word' id='word_1_661' title='bbox 3200 5102 3445 5170; x_wconf 84' lang='grc' dir='ltr'>ὑπῆρχον</span> <span class='ocrx_word' id='word_1_662' title='bbox 3478 5101 3649 5153; x_wconf 75' lang='grc' dir='ltr'>πᾶσαι</span> 
     </span>
    </p>
   </div>
   <div class='ocr_carea' id='block_1_106' title="bbox 2078 5182 3650 5262">
    <p class='ocr_par' dir='ltr' id='par_1_106' title="bbox 2078 5182 3650 5262">
     <span class='ocr_line' id='line_1_108' title="bbox 2078 5182 3650 5262; baseline -0.001 -17"><span class='ocrx_word' id='word_1_663' title='bbox 2078 5192 2136 5245; x_wconf 79' lang='grc' dir='ltr'>αἱ</span> <span class='ocrx_word' id='word_1_664' title='bbox 2179 5191 2367 5262; x_wconf 72' lang='grc' dir='ltr'>ψυχαὶ,</span> <span class='ocrx_word' id='word_1_665' title='bbox 2415 5191 2524 5244; x_wconf 87' lang='grc' dir='ltr'>τῶν</span> <span class='ocrx_word' id='word_1_666' title='bbox 2569 5193 2738 5259; x_wconf 81' lang='grc' dir='ltr'>ἁγίων</span> <span class='ocrx_word' id='word_1_667' title='bbox 2771 5193 2869 5246; x_wconf 76' lang='grc' dir='ltr'>καὶ</span> <span class='ocrx_word' id='word_1_668' title='bbox 2910 5192 3019 5245; x_wconf 84' lang='grc' dir='ltr'><strong>τῶν</strong></span> <span class='ocrx_word' id='word_1_669' title='bbox 3048 5191 3412 5261; x_wconf 85' lang='grc' dir='ltr'>ἁμαρτωλῶν,</span> <span class='ocrx_word' id='word_1_670' title='bbox 3460 5191 3567 5254; x_wconf 76' lang='grc' dir='ltr'>ἕως</span> <span class='ocrx_word' id='word_1_671' title='bbox 3588 5182 3650 5243; x_wconf 74' lang='grc' dir='ltr'>οὗ</span> 
     </span>
    </p>
   </div>
   <div class='ocr_carea' id='block_1_107' title="bbox 2078 5276 3647 5352">
    <p class='ocr_par' dir='ltr' id='par_1_107' title="bbox 2078 5276 3647 5352">
     <span class='ocr_line' id='line_1_109' title="bbox 2078 5276 3647 5352; baseline -0.004 -19"><span class='ocrx_word' id='word_1_672' title='bbox 2078 5280 2355 5334; x_wconf 80' lang='grc' dir='ltr'>κατελθίον</span> <span class='ocrx_word' id='word_1_673' title='bbox 2379 5282 2435 5333; x_wconf 84' lang='grc' dir='ltr'><strong>ὲν</strong></span> <span class='ocrx_word' id='word_1_674' title='bbox 2464 5279 2541 5351; x_wconf 81' lang='grc' dir='ltr'>τῷ</span> <span class='ocrx_word' id='word_1_675' title='bbox 2563 5279 2662 5352; x_wconf 76' lang='grc' dir='ltr'><strong>ᾄδῃ</strong></span> <span class='ocrx_word' id='word_1_676' title='bbox 2699 5283 2728 5333; x_wconf 92' lang='lat'><strong>6</strong></span> <span class='ocrx_word' id='word_1_677' title='bbox 2755 5280 3014 5351; x_wconf 76' lang='grc' dir='ltr'>Χριστὸς,</span> <span class='ocrx_word' id='word_1_678' title='bbox 3038 5276 3161 5331; x_wconf 70' lang='grc' dir='ltr'>εἷπε</span> <span class='ocrx_word' id='word_1_679' title='bbox 3188 5279 3298 5340; x_wconf 87' lang='grc' dir='ltr'>τοῖς</span> <span class='ocrx_word' id='word_1_680' title='bbox 3322 5279 3381 5329; x_wconf 85' lang='grc' dir='ltr'><strong>ὲν</strong></span> <span class='ocrx_word' id='word_1_681' title='bbox 3402 5276 3647 5346; x_wconf 83' lang='grc' dir='ltr'>δεσμοῖς,</span> 
     </span>
    </p>
   </div>
   <div class='ocr_carea' id='block_1_108' title="bbox 2091 5366 3649 5445">
    <p class='ocr_par' dir='ltr' id='par_1_108' title="bbox 2091 5366 3649 5445">
     <span class='ocr_line' id='line_1_110' title="bbox 2091 5366 3649 5445; baseline -0.008 -13"><span class='ocrx_word' id='word_1_682' title='bbox 2091 5373 2388 5441; x_wconf 81' lang='grc' dir='ltr'>Ἐξέλοετε,</span> <span class='ocrx_word' id='word_1_683' title='bbox 2407 5374 2502 5430; x_wconf 70' lang='grc' dir='ltr'>καὶ</span> <span class='ocrx_word' id='word_1_684' title='bbox 2526 5376 2635 5439; x_wconf 88' lang='grc' dir='ltr'>τοῖς</span> <span class='ocrx_word' id='word_1_685' title='bbox 2659 5367 3527 5445; x_wconf 81' lang='grc' dir='ltr'>κατεχομένοις,Ἐλευθερώθητε.</span> <span class='ocrx_word' id='word_1_686' title='bbox 3541 5366 3649 5423; x_wconf 78' lang='grc' dir='ltr'><strong>Καὶ</strong></span> 
     </span>
    </p>
   </div>
   <div class='ocr_carea' id='block_1_109' title="bbox 474 5481 2237 5563">
    <p class='ocr_par' dir='ltr' id='par_1_109' title="bbox 474 5481 2237 5563">
     <span class='ocr_line' id='line_1_111' title="bbox 474 5481 2237 5563; baseline 0.004 -25"><span class='ocrx_word' id='word_1_687' title='bbox 474 5484 520 5518; x_wconf 73' lang='grc' dir='ltr'><strong>³ο</strong></span> <span class='ocrx_word' id='word_1_688' title='bbox 550 5485 570 5539; x_wconf 91' lang='grc'><strong>1</strong></span> <span class='ocrx_word' id='word_1_689' title='bbox 595 5483 738 5540; x_wconf 90' lang='lat' dir='ltr'><strong>Tim.</strong></span> <span class='ocrx_word' id='word_1_690' title='bbox 762 5500 820 5549; x_wconf 79' lang='grc' dir='ltr'><strong>ιι,</strong></span> <span class='ocrx_word' id='word_1_691' title='bbox 848 5483 903 5538; x_wconf 73' lang='lat'><strong>2.</strong></span> <span class='ocrx_word' id='word_1_692' title='bbox 976 5483 1062 5538; x_wconf 80' lang='lat' dir='ltr'><strong>“l</strong></span> <span class='ocrx_word' id='word_1_693' title='bbox 1090 5483 1238 5538; x_wconf 88' lang='lat' dir='ltr'><strong>Petr.</strong></span> <span class='ocrx_word' id='word_1_694' title='bbox 1272 5481 1465 5549; x_wconf 72' lang='lat'><strong>111,19.</strong></span> <span class='ocrx_word' id='word_1_695' title='bbox 1545 5482 1589 5517; x_wconf 84' lang='lat'>“</span> <span class='ocrx_word' id='word_1_696' title='bbox 1622 5482 1643 5538; x_wconf 91' lang='lat' dir='ltr'><strong>l</strong></span> <span class='ocrx_word' id='word_1_697' title='bbox 1674 5483 1811 5553; x_wconf 81' lang='lat' dir='ltr'><strong>Reg.</strong></span> <span class='ocrx_word' id='word_1_698' title='bbox 1845 5498 2043 5556; x_wconf 78' lang='lat' dir='ltr'><strong>xxvm,</strong></span> <span class='ocrx_word' id='word_1_699' title='bbox 2080 5487 2170 5543; x_wconf 72' lang='lat' dir='ltr'><strong>Il.</strong></span> <span class='ocrx_word' id='word_1_700' title='bbox 2230 5556 2237 5563; x_wconf 31' lang='lat' dir='ltr'><strong><em>l</em></strong></span> 
     </span>
    </p>
   </div>
   <div class='ocr_carea' id='block_1_110' title="bbox 1705 5598 2367 5658">
    <p class='ocr_par' dir='ltr' id='par_1_110' title="bbox 1705 5598 2367 5658">
     <span class='ocr_line' id='line_1_112' title="bbox 1705 5598 2367 5658; baseline 0 -1"><span class='ocrx_word' id='word_1_701' title='bbox 1705 5598 1942 5658; x_wconf 65' lang='lat' dir='ltr'><strong>VARIA’.</strong></span> <span class='ocrx_word' id='word_1_702' title='bbox 1970 5599 2367 5657; x_wconf 78' lang='lat' dir='ltr'><strong>LECTlONES.</strong></span> 
     </span>
    </p>
   </div>
   <div class='ocr_carea' id='block_1_111' title="bbox 548 5682 1434 5764">
    <p class='ocr_par' dir='ltr' id='par_1_111' title="bbox 548 5682 1434 5764">
     <span class='ocr_line' id='line_1_113' title="bbox 548 5682 1434 5764; baseline 0.002 -21"><span class='ocrx_word' id='word_1_703' title='bbox 548 5688 647 5744; x_wconf 83' lang='lat' dir='ltr'><strong>Hic</strong></span> <span class='ocrx_word' id='word_1_704' title='bbox 673 5689 827 5746; x_wconf 78' lang='lat' dir='ltr'><strong>deest</strong></span> <span class='ocrx_word' id='word_1_705' title='bbox 848 5682 1075 5764; x_wconf 79' lang='lat' dir='ltr'><strong>aliquid.</strong></span> <span class='ocrx_word' id='word_1_706' title='bbox 1154 5704 1174 5733; x_wconf 76' lang='grc'>⁸</span> <span class='ocrx_word' id='word_1_707' title='bbox 1201 5694 1434 5764; x_wconf 78' lang='grc' dir='ltr'>φυλακῇ.</span> 
     </span>
    </p>
   </div>
  </div>
