4026 6140
363 391 472 455 765

1740 386 2252 473 QUJESTIONES.

3497 394 3603 456 756

369 509 592 563 ἄκουσον
621 502 835 559 Παύλου
864 502 1135 569 λέγοντος,
1153 505 1235 557 δτι
1266 523 1283 555 ι
1306 503 1687 557 Ἐϐασίλευσεν
1714 503 1742 553 6
1767 502 1935 556 Θάνα-

2041 514 2292 571 mortem,
2340 504 2446 562 hoc
2501 515 2605 571 est,
2659 507 2959 574 diabolum,
3018 520 3274 575 regnasse
3311 506 3380 559 ab
3431 508 3601 565 Adam

362 614 472 660 τος,
486 616 504 649 ι
522 595 798 651 τουτέστιν
811 598 840 650 6
852 595 1116 663 διάϐολος,
1140 597 1276 651 «ἀπὸ
1290 597 1462 667 Ἀδὰμ
1478 595 1636 667 μέχρι
1654 595 1936 659 Μωῦσέος,

366 690 531 760 ἤγουν
552 687 647 741 τοῦ
686 685 1048 759 πληρώματος
1082 687 1176 741 τοῦ
1206 687 1394 758 νόμου,
1437 690 1532 741 καὶ
1575 688 1669 740 ἐπὶ
1701 688 1828 748 τοὺς
1862 688 1936 755 μὴ

367 781 788 850 ἁμαρτήσαντας
836 781 894 832 ἐν
941 778 1019 849 τῷ
1065 779 1373 849 ὁμοιώματι
1424 780 1522 848 τῆς
1571 777 1938 847 παραϐάσεως

377 874 571 942 Ἀδὰμ,
595 892 615 924 ι
645 872 891 950 τουτέστι
917 873 1010 925 καὶ
1035 873 1129 925 ἰπὶ
1150 873 1247 935 τας
1267 872 1375 925 τῶν
1400 872 1570 940 ἁγίων
1592 872 1788 941 ψυχάς.

758 1013 1286 1099 ΕΡΩΤΗΣΙΣ
1326 1013 1537 1098 PII".

368 1146 571 1199 Καλόν
594 1146 660 1199 τὸ
684 1146 1009 1208 ,βαστάζειν
1030 1149 1368 1215 Quaeram-Inv
1405 1148 1584 1213 ἁγίαν
1619 1146 1689 1198 ἐν
1717 1161 1936 1199 σκευο-

437 1216 637 1283 φορίῳ,
672 1217 1080 1284 ἀπείχόμενόν
1116 1235 1247 1270 τινα
1289 1217 1387 1269 ἐπὶ
1428 1216 1628 1282 ξένης.
1664 1215 1702 1279 ἢ
1734 1231 1938 1268 κοινω-

434 1285 583 1348 νεῖν,
612 1284 763 1338 ὅπου
792 1285 841 1339 δ’
876 1286 953 1340 ἂν
980 1287 1078 1341 καί
1110 1288 1372 1356 εὕρωμεν
1416 1287 1773 1347 κοινωνίαν;

958 1463 1346 1516 ΔΠΟΚΡΙΣῘΣ.

437 1553 512 1608 τὸ
540 1553 638 1623 μὲν
670 1553 937 1622 πανάγιον
985 1554 1144 1624 σῶμα
1171 1554 1263 1607 τοῦ
1295 1554 1532 1624 Χριστοῦ
1570 1558 1632 1611 οὐ
1674 1552 1938 1623 καθυϐρί-

364 1645 514 1711 ζεται
552 1646 659 1699 ἀπὸ
682 1646 871 1699 τούτου
890 1647 1285 1717 περιαγόμενον
1333 1648 1426 1699 καὶ
1466 1645 1899 1717 περιφερόμενον
1919 1659 1933 1674 ⁶

362 1740 528 1802 αὐτὸς
572 1739 680 1809 γὰρ
715 1736 781 1809 ἦν
807 1742 835 1793 6
877 1739 1112 1809 Χριστὸς
1142 1739 1279 1808 πρὸς
1313 1738 1526 1800 πάντας
1558 1736 1935 1807 περιφερόμεο

2039 610 2213 664 usque
2243 595 2310 649 ad
2356 596 2574 667 Moysen
2594 636 2608 659 ,
2648 598 2753 651 hoc
2795 606 2900 661 cst,
2934 612 3112 666 usque
3136 596 3203 649 ad
3233 598 3601 665 complemen.

2038 695 2154 742 tum
2195 686 2349 756 legis,
2399 689 2565 742 etiam
2614 688 2668 742 in
2701 688 2826 742 illos
2870 689 2964 756 qui
3003 703 3112 740 non
3155 700 3514 755 peccaverant
3547 690 3600 744 in

2037 777 2448 833 similitudinem
2528 780 2995 850 praevaricationis
3042 780 3172 833 Adae
3220 779 3284 843 ³³,
3337 780 3441 836 hoc
3494 792 3599 849 est,

2038 869 2202 921 etiam
2248 869 2304 923 in
2337 870 2547 926 animas
2579 880 2946 940 sanctorum”

2315 1001 2875 1105 QUIESTIO
2974 1006 3327 1093 CXIII.

2037 1142 2469 1218 An_co_nsu_llum
2509 1146 2595 1218 sit,
2648 1147 2918 1218 cumqui:
2967 1163 3181 1218 peregre
3234 1148 3602 1218 proﬁciscitur,

2106 1211 2493 1286 E_ucharisliam
2526 1216 2579 1267 in
2604 1211 3005 1269 vasculo—secum
3029 1211 3244 1286 deferre
3263 1211 3351 1271 ιιεῗ
3376 1211 3607 1273 commit;

2108 1283 2284 1363 nicare
2332 1286 2517 1407 ubrique
2565 1294 2611 1337 ct
2640 1303 2691 1345 ,α
2739 1296 3044 1357 quocunque
3082 1283 3387 1355 communio,
3434 1289 3605 1342 admi-

2108 1361 2367 1406 nistratur
3060 1357 3067 1364 '

2108 1357 2367 1406 nistratur
2386 1357 2410 1406 Ρ
3060 1357 3067 1364 ’

2629 1467 3024 1522 RESPONSIO.

2108 1555 2521 1611 Sanctissimum
2573 1556 2775 1612 Christi
2824 1573 3027 1626 corpus
3058 1558 3206 1611 nulla
3258 1558 3455 1628 injuria
3492 1559 3606 1613 alii-

2036 1646 2181 1700 citur
2211 1663 2279 1700 ex
2327 1647 2432 1701 hoc
2483 1648 2629 1717 quod
2677 1649 3063 1703 circumfertur
3114 1649 3261 1720 (Q7);
3312 1666 3435 1703 nam
3486 1652 3605 1720 ipse

2035 1736 2286 1792 Christus
2327 1739 2456 1792 olim
2509 1739 2576 1792 ad
2624 1754 2814 1793 omnes
2850 1739 3114 1793 circuibat
3149 1749 3205 1793 et
3242 1740 3603 1795 circumfere-

360 1848 474 1895 vo;,
505 1832 601 1884 καὶ
633 1832 708 1894 ὡς
735 1828 907 1896 εἷπον,
944 1832 1004 1884 οὐ
1053 1830 1441 1899 καθυϐρίζεται
1485 1829 1594 1883 ἀπὸ
1645 1828 1855 1893 τούτου,
1900 1828 1933 1895 ἢ

2042 1829 2241 1883 batur:
2274 1844 2404 1899 ergo
2457 1829 2663 1883 nullam
2712 1830 2967 1898 injuriam
3013 1847 3080 1884 ex
3139 1832 3242 1885 hoc
3286 1832 3510 1900 patitur,
3544 1839 3606 1884 ut

362 1923 442 1993 μὴ
475 1924 582 1977 ἀπὸ
616 1925 867 1996 ρυπαρᾶς
899 1924 1125 1996 καρδίας
1155 1940 1167 1953 ·
1204 1924 1287 1977 ὅτι
1332 1922 1387 1975 δὲ
1431 1924 1491 1975 οὐ
1538 1922 1620 1975 δεῖ
1660 1922 1935 1974 κοινωνεῖν

358 2015 528 2068 παντὶ
583 2017 740 2080 ἐκτὸς
800 2018 901 2084 τῆς
954 2016 1248 2083 καθολικῆς
1305 2014 1657 2082 Ἐκκλησίας,
1711 2016 1739 2066 6
1790 2013 1934 2075 θεῖος

375 2107 700 2169 Ἀπόστολος
731 2110 878 2179 ἡμᾶς
914 2108 1157 2162 διδάσκει
1183 2108 1385 2173 λέγων’
1424 2104 1517 2169 Εἷς
1540 2106 1765 2175 Κύριος,
1783 2121 1937 2157 τουτ-

362 2200 514 2252 ἐστιν
547 2203 575 2254 6
626 2199 835 2270 ἀληθὴς
884 2199 1111 2271 Κύριος,
1168 2198 1267 2267 μία
1316 2200 1520 2264 πίστις,
1565 2197 1861 2258 τουτέστιν,
1901 2196 1933 2263 ἡ

362 2293 629 2363 εὐσεϐήςο
693 2294 750 2345 ai
797 2293 907 2361 γὰρ
954 2292 1141 2345 λοιπαὶ
1192 2291 1292 2344 οὐκ
1351 2290 1462 2343 εἰσὶ
1513 2288 1746 2350 πίστεις,
1799 2286 1936 2339 ἀλλά

365 2384 585 2453 Θνήσεις
611 2401 623 2414 ο
666 2383 857 2453 ὥσπερ
881 2380 976 2436 οὗν
1015 2382 1428 2452 ἀποδημοῦντες
1456 2380 1555 2449 τῆς
1590 2379 1723 2439 ιδίας
1757 2390 1935 2446 γαμε-

361 2478 483 2547 τῆς,
517 2477 614 2530 ἐὰν
644 2475 1039 2546 συγγενώμεθα
1085 2476 1244 2545 ἄλλῃ,
1277 2476 1379 2527 οὐκ
1411 2473 1527 2526 ἐστι
1566 2472 1763 2540 γάμος.
1800 2468 1936 2522 ἀλλὰ

361 2570 613 2639 πορνεία.
646 2568 832 2638 Πολλῷ
865 2569 1065 2638 μᾶλλον
1096 2568 1406 2636 φυλάξομεν
1446 2564 1546 2634 τὴν
1579 2561 1935 2632 σωφροσύνην

361 2660 542 2731 ημῶν,
585 2659 678 2713 καὶ
720 2660 819 2727 τῆς
851 2658 1012 2726 ἁγίας
1059 2659 1214 2728 ἡμῶν
1267 2658 1534 2726 ἀμιάντου
1575 2652 1808 2720 συζύγου
1840 2650 1937 2703 τοῦ

360 2752 600 2825 Χριστοῦ
641 2751 969 2823 Ἐκκλησίας
1011 2751 1086 2822 μὴ
1114 2749 1495 2821 χωρισθῶμεν.

762 3052 1289 3140 ΕΡΩΤΗΣῙΣ
1359 3047 1570 3137 ΡΙΔ’.

364 3193 578 3257 Ἐδοεέ
592 3209 714 3247 τισι
742 3193 941 3263 λέγειν
956 3212 969 3225 ·
998 3192 1324 3247 Ἀδύνατόν
1344 3192 1473 3245 ἐστι
1493 3188 1788 3263 φεύγοντά
1803 3207 1936 3263 τινα

432 3265 549 3317 ἀπὸ
588 3260 908 3333 θανατᾶοῦ
969 3262 1083 3333 (97)
1132 3264 1317 3318 τόπου
1361 3264 1447 3328 είς
1493 3260 1696 3329 ἕτερον
1749 3262 1937 3315 τόπον

432 3332 803 3403 διασωθῆναι
830 3334 899 3386 ἐκ
936 3332 1220 3387 θανάτου.

958 3445 1346 3502 ΑΠΟΚΡῙΣΙΣ.

441 3545 504 3600 '0
551 3545 660 3599 τῶν
699 3544 1005 3598 θανατικῶν
1044 3543 1221 3610 λόγος,
1268 3544 1363 3595 καὶ
1392 3542 1453 3594 τὸ
1499 3542 1693 3595 τούτου
1726 3542 1934 3612 μυστή-

368 3656 502 3710 ριον,
537 3640 671 3710 βαθὺ
701 3639 795 3692 καὶ
824 3635 1294 3706 δυσκατάληπτον,
1352 3635 1445 3688 καὶ
1490 3634 1691 3703 ὀλίγοις
1725 3634 1935 3704 χωρού-

366 3732 527 3800 μενόν
560 3732 728 3795 ἐστιν,
769 3730 830 3782 οὐ
870 3729 979 3800 γὰρ
1019 3729 1237 3789 πάντως
1274 3727 1374 3780 ὅσα
1406 3729 1576 3795 χωρεῖ
1619 3727 1648 3778 6
1692 3726 1815 3788 νοῦς
1840 3725 1934 3777 τοῦ

362 3824 726 3886 διδάσκοντος,
767 3821 991 3874 δύναται
1039 3820 1285 3891 χωρῆσαι
1326 3820 1418 3870 καὶ
1446 3819 1474 3871 6
1504 3816 1627 3881 νοῦς
1668 3816 1759 3870 τοῦ
1794 3817 1935 3871 διδα·

368 3916 630 3984 σκομένου
683 3913 835 3966 λαοῦ.
890 3912 1080 3982 Ὀμως
1116 3913 1325 3982 ἥκουσα
1359 3909 1511 3976 παρὰ
1560 3908 1861 3978 ἀνθρώπων
1912 3908 1930 3946 ι

368 4010 643 4077 μυστήρια
675 4004 810 4058 Θεοῦ
842 4005 933 4057 καὶ
967 4003 1218 4057 παιδείαν
1254 4001 1347 4055 τοῦ
1394 4002 1546 4055 λαοῦ.
1581 4002 1843 4071 Δεύτερος
1877 3999 1935 4053 δὲ

367 4100 473 4153 ἀπὸ
526 4099 731 4171 φθορᾶς
772 4099 949 4169 ἀέρων
983 4098 1078 4151 καὶ
1124 4096 1335 4167 ἀτμῶν,
1381 4095 1477 4148 καὶ
1520 4093 1935 4163 ἀναθυμιάσεων

363 4192 461 4263 τῆς
493 4193 616 4262 γῆς,
643 4192 735 4246 καὶ
765 4191 973 4244 ὑδάτων
1002 4191 1094 4242 καὶ
1124 4198 1151 4225 υ
1195 4187 1559 4259 ονησιμαίων,
1603 4186 1695 4238 καὶ
1725 4201 1939 4252 κονιορ-

363 4282 491 4348 τῶν,
544 4282 637 4335 καὶ
684 4282 968 4343 δυσωδίας,
1016 4281 1118 4333 ’καὶ
1156 4282 1349 4348 ῥύπου,
1397 4279 1491 4331 καὶ
1537 4276 1597 4329 τὸ
1651 4276 1747 4344 μὲν
1799 4273 1938 4328 κατὰ

362 4375 591 4444 ἀπειλὴν
626 4374 761 4427 Θεοῦ
801 4374 1085 4443 γινόμενον
1139 4371 1448 4435 θανατικδν,
1495 4369 1671 4433 οὐδεὶς
1719 4367 1938 4421 δύναται

364 4464 784 4526 καταλαϐέσθαι,
821 4466 959 4534 ποίῳ
997 4463 1174 4533 καιρῷ
1216 4463 1445 4531 γίνεται,
1481 4461 1575 4515 καὶ
1610 4460 1843 4529 μάλιστα
1882 4461 1939 4510 ὲν
1972 4488 2015 4534 n-

362 4562 483 4622 ταῖς
537 4557 1017 4627 πολυανδρούσαις,
1075 4556 1170 4609 καὶ
1233 4556 1529 4623 καθύγροις
1572 4551 1793 4622 χώραις,
1842 4552 1939 4605 καὶ

364 4648 625 4702 κατάλσει
657 4656 686 4683 ν
711 4665 723 4677 ·
765 4648 887 4701 ὅθεν
920 4646 1066 4699 ἐστιν
1090 4645 1351 4707 είδέσθαι,
1388 4643 1587 4706 πολλὰς
1612 4642 1944 4696 ὲθνῶν’ἀσε-

364 4739 475 4794 ϐῶν
497 4741 592 4793 καὶ
613 4738 894 4793 δυσσεδῶν
922 4742 1019 4808 ὲρη
1031 4738 1215 4807 μικὰς,
1257 4738 1524 4808 μηδέποτε
1560 4736 1649 4788 πεί
1659 4753 1755 4806 ραν
1782 4735 1947 4790 Θανα-

361 4831 516 4883 τικοῦ
543 4830 861 4901 ἐσχηκυίας.
904 4830 969 4883 Τί
1002 4825 1126 4894 οὖν;
1158 4824 1306 4897 Ἀρα
1345 4827 1435 4881 διὰ
1475 4828 1572 4899 τὴν
1596 4827 1947 4898 δικαιοσύνην

363 4923 545 4976 αὐτῶν
573 4940 588 4990 ;
624 4921 894 4989 Οὐδαμῶς
915 4938 927 4951 ·
973 4919 1109 4974 ἀλλὰ
1144 4919 1231 4973 διὰ
1272 4921 1371 4988 τὴν
1405 4921 1604 4988 κρᾶσιν
1646 4918 1753 4970 τῶν
1786 4919 1847 4988 ξη
1862 4936 1948 4988 ρο-

364 5013 559 5078 ποιῶν,
607 5014 703 5066 καὶ
733 5012 1029 5081 ὑγιοποιῶν
1058 5011 1252 5083 ἀέρων.
1299 5009 1524 5080 Νομίζω
1573 5007 1687 5082 οὖν,
1724 5008 1947 5061 δυνατὸν

436 5148 482 5181 ³³
513 5147 676 5204 Rom.
705 5163 762 5213 ν,
794 5146 880 5201 lt.
955 5145 1001 5178 “
1024 5143 1231 5214 Ephes.
1257 5157 1330 5206 iv,
1360 5142 1412 5197 5.

2037 1921 2170 1985 dixi,
2226 1922 2319 1975 sed
2357 1929 2567 1975 tantum
2622 1937 2690 1975 ex
2736 1922 2953 1990 impuro
3001 1922 3190 1976 corde.
3239 1922 3410 1976 Porro
3456 1938 3604 1977 com—

2038 2015 2355 2069 munioncm
2383 2029 2494 2067 non
2526 2029 2645 2067 esse
2688 2012 3062 2081 accipiendam
3099 2024 3250 2068 extra
3278 2013 3604 2069 catholicam

2036 2106 2377 2167 Ecclesiam,
2440 2104 2660 2158 divinus
2714 2102 3009 2173 Apostolus
3063 2103 3227 2159 docet
3278 2119 3401 2157 cum
3462 2104 3539 2159 ait
3589 2122 3602 2158 :

2045 2216 2063 2247 ι
2097 2196 2251 2251 Unus
2293 2195 2578 2257 Dominus,
2643 2195 2749 2249 hoc
2789 2205 2895 2259 est,
2937 2210 3103 2249 verus
3151 2195 3435 2255 Dominus.
3499 2210 3605 2249 una

2038 2283 2174 2342 lides
2222 2288 2289 2353 “,
2321 2307 2338 2338 ι
2376 2288 2479 2341 hoc
2506 2294 2609 2351 est,
2644 2287 2733 2355 pia
2780 2294 2837 2340 et
2868 2286 3155 2355 religiosa;
3207 2302 3333 2339 nam
3382 2286 3608 2355 reliquae

2037 2396 2148 2434 non
2196 2389 2325 2434 sunt
2354 2378 2507 2442 ﬁdes,
2542 2378 2637 2433 sed
2669 2385 2890 2431 mortes.
2921 2377 3388 2444 Quemadmodum
3419 2377 3604 2447 igitur,

2039 2473 2108 2534 si,
2152 2473 2281 2527 dum
2339 2490 2368 2526 a
2417 2470 2638 2542 propria
2693 2472 2924 2541 conjuge
2975 2471 3271 2533 absumus,
3324 2486 3447 2525 cum
3498 2470 3607 2525 alia

2039 2565 2501 2620 consuetudinem
2550 2565 2869 2626 habeamus,
2917 2563 2971 2618 id
3023 2578 3366 2632 nequaquam
3415 2562 3608 2616 matri-

2038 2657 2305 2719 monium,
2357 2656 2450 2710 sed
2498 2658 2758 2711 scortatio
2805 2657 3019 2711 censeri
3057 2655 3222 2727 414
3268 2654 3434 2708 debet
3472 2671 3485 2707 :
3533 2654 3608 2708 ita

2041 2760 2095 2806 et
2147 2751 2235 2803 hic
2285 2748 2462 2804 danda
2512 2763 2680 2818 opera
2729 2756 2813 2803 est
2865 2756 2924 2802 ut
2977 2746 3391 2815 temperantiam
3423 2752 3607 2799 custo-

2042 2844 2288 2908 diamus,
2336 2852 2392 2898 et
2446 2858 2477 2898 a
2532 2850 2721 2897 sancta
2773 2841 3089 2911 illibataque
3148 2856 3346 2911 sponsa
3405 2839 3608 2896 Christi

2041 2937 2285 2992 Ecclesia
2328 2951 2441 2990 non
2490 2951 2830 3006 separemur.

2240 3065 2799 3173 QUIESTIO
2873 3066 3158 3155 CXIV
3228 3071 3379 3149 (99).

2044 3213 2368 3280 Quibusdam
2404 3215 2573 3269 visum
2610 3221 2684 3268 est
2712 3215 2827 3284 ﬁeri
2862 3230 2963 3267 non
2999 3229 3152 3284 posse
3187 3221 3243 3266 ut
3275 3212 3365 3282 qui
3404 3227 3467 3264 ex
3500 3210 3610 3264 loco

2112 3285 2409 3355 cantagioso
2458 3284 2590 3355 fugit
2631 3283 2719 3339 ad'
2757 3283 2944 3349 alium,
2987 3283 3236 3337 liberetur
3271 3300 3304 3337 ο
3352 3288 3537 3335 morte.

2635 3457 3031 3514 BESPONSIO.

2109 3548 2349 3615 Quarstio
2385 3548 2453 3603 de
2502 3550 2683 3605 causis
2712 3550 3056 3619 contagionis
3098 3548 3268 3603 ardua
3316 3557 3421 3613 est,
3462 3564 3613 3603 com-

2041 3641 2318 3709 preheusu
2347 3639 2605 3703 diﬂicilis,
2639 3641 2938 3711 paucisque
2985 3642 3173 3710 pervia
3209 3657 3222 3692 :
3255 3641 3433 3709 neque
3464 3641 3609 3693 enim

2042 3729 2226 3782 omnia
2269 3745 2390 3798 quae
2427 3730 2685 3799 magister
2728 3732 2894 3800 capit,
2943 3730 3088 3799 capit
3124 3743 3342 3797 quoque
3373 3728 3611 3797 populus

2043 3819 2261 3874 auditor
2302 3837 2315 3873 :
2361 3820 2724 3875 nihilominus
2781 3820 2959 3874 dicam
3010 3836 3131 3889 qua:
3175 3819 3381 3874 audivi.
3431 3819 3612 3874 Prima

2043 3910 2206 3980 hujus
2254 3912 2393 3966 ratio
2442 3912 2510 3965 ad
2562 3913 2775 3967 occulta
2824 3913 2917 3967 Dei
2964 3912 3174 3983 judicia
3216 3921 3271 3966 et
3297 3913 3364 3967 ad
3398 3912 3612 3966 instru-

2040 4000 2279 4055 etionem
2319 4002 2507 4071 populi
2558 4003 2817 4072 pertinet.
2855 4002 3106 4057 Secunda
3158 4004 3336 4057 oritur
3383 4018 3446 4057 ex
3491 4017 3618 4056 cor-

2044 4094 2297 4163 ruptione
2330 4095 2494 4157 aeris,
2535 4111 2798 4165 vaporum
2848 4103 2903 4149 et
2934 4095 3342 4149 exhalationum
3374 4094 3619 4148 letifera-

2043 4202 2165 4241 rum
2210 4195 2369 4241 terra:
2416 4197 2473 4241 et
2509 4202 2684 4256 aquae,
2737 4203 2802 4240 ex
2837 4187 3177 4256 pulverihus,
3226 4202 3293 4239 ex
3344 4186 3517 4239 fetore
3558 4192 3616 4238 et

2046 4278 2321 4333 sordibus.
2371 4279 2439 4333 Et
2484 4278 2706 4348 quidem
2753 4279 2899 4347 quali
2954 4289 3201 4347 tempore
3231 4278 3336 4332 illa
3362 4276 3618 4346 contagio

2045 4389 2168 4443 quae
2220 4372 2468 4427 nascitur
2516 4388 2584 4426 ex
2644 4371 3070 4426 comminatione
3126 4379 3184 4426 et
3240 4369 3617 4443 indignatione

2046 4465 2143 4519 Dei
2186 4465 2434 4528 exsistat,
2466 4479 2627 4520 nemo
2662 4464 2971 4533 intelligere
3004 4464 3171 4519 valet.
3219 4462 3519 4533 prtesertim
3561 4461 3617 4515 in

2046 4554 2278 4610 urbibus
2312 4554 2593 4624 populosis
2623 4563 2677 4609 et
2704 4554 2965 4617 humidis,
3006 4570 3068 4609 ac
3095 4553 3368 4627 salsugine
3403 4551 3621 4607 infectis

2045 4644 2383 4714 regionibus.
2433 4643 2612 4709 Quare
2660 4642 2911 4698 videmus
2939 4643 3184 4697 solitaria
3228 4640 3476 4710 quaedam
3512 4640 3619 4693 im-

2045 4738 2262 4806 piorum
2307 4745 2365 4791 et
2419 4737 2812 4791 sceleratorum
2859 4736 3145 4790 hominum
3198 4734 3476 4788 domicilia
3518 4748 3618 4803 pe-

2046 4830 2250 4884 stifera!
2289 4829 2398 4883 luis
2431 4830 2653 4899 penitus
2678 4829 2925 4899 expertia
2959 4844 3101 4884 esse.
3133 4828 3275 4895 Quid
3308 4826 3509 4894 igitur?
3535 4827 3620 4880 An

2047 4922 2153 4976 hoc
2208 4921 2268 4974 lit
2329 4930 2555 4990 propter
2596 4921 2866 4991 justitiam
2919 4937 3027 4991 qua
3086 4920 3341 4991 pollent?
3398 4917 3620 4972 Minime

2047 5024 2202 5063 vero.
2243 5008 2349 5065 Sed
2386 5019 2609 5080 propter
2638 5018 3063 5081 temperaturam
3106 5010 3237 5066 sicci
3267 5017 3324 5064 et
3351 5005 3622 5064 salutiferi

1671 5256 1909 5313 VARUE
1950 5256 2353 5314 LECTIONES.

439 5383 460 5416 τ
493 5377 593 5434 llic
626 5377 746 5433 sine
771 5377 941 5433 dubio
964 5376 1146 5447 aliqua
1202 5372 1403 5427 desunt
1449 5376 1510 5424 ut
1552 5377 1703 5439 patet
1745 5385 1812 5425 ex
1857 5370 2235 5440 sequentibus.

368 5448 516 5518 μέσι.

2339 5380 2366 5409 ιι
2392 5369 2625 5426 Videtur
2651 5370 2949 5427 delendum
2987 5387 3058 5423 κα
3071 5369 3105 5423 ί.
3162 5344 3208 5405 ’ν
3242 5365 3387 5437 Lego
3413 5361 3617 5415 καθαλ-

1863 5530 2095 5588 ΝΟΤᾹΞ.

441 5632 551 5701 (97)
593 5631 727 5684 Ἀπὸ
756 5629 1070 5685 θανατικοῦ.
1103 5627 1277 5701 Hodie
1323 5626 1526 5701 Graecis
1541 5625 1616 5701 _1:6
1646 5626 1933 5680 θανατικδν

367 5696 459 5782 est
482 5696 765 5782 ήλοιμικὴ
785 5702 960 5782 νόσος,
992 5701 1025 5772 ἢ
1052 5703 1079 5754 6
1101 5698 1310 5770 λοιμὸς,
1342 5698 1409 5753 ad
1443 5696 1695 5764 verbum,
1726 5705 1933 5751 morta-

371 5768 515 5825 litas.
548 5768 870 5841 (Ascuam)

2107 5626 2219 5696 (98)
2257 5627 2467 5681 Similis
2494 5626 2560 5680 ad
2587 5625 2848 5680 Antioch.
2870 5631 3064 5694 quaest.
3088 5622 3220 5696 ιιι.

2104 5692 2215 5769 (99)
2241 5697 2319 5753 Ad
2348 5696 2603 5752 Antioch.
2625 5702 2816 5767 quaest.
2866 5692 2964 5749 {0‘2
2992 5702 3046 5748 et
3082 5692 3203 5746 105.
