4026 6140
398 282 506 346 769

1775 279 2290 351 QUJESTIONES.

3549 295 3656 357 770

399 412 560 469 ιησεν
574 388 671 448 οὖν
691 394 888 457 αὐτοὺς
913 394 1086 463 λέγων
1102 411 1115 425 ο
1147 394 1273 447 Ἐὰν
1298 392 1396 465 ἔχη
1420 386 1451 443 δ
1477 391 1729 463 βασιλεὺς
1748 394 1969 459 ταμεῖα,

2080 391 2205 459 quis
2240 407 2335 445 rex
2369 390 2600 447 haberet
2645 395 2945 459 conclavia,
3003 396 3309 469 domosque
3355 405 3657 475 pretiosas,

398 488 493 542 καὶ
522 486 706 549 οῐκους
730 485 965 555 τιμίους,
991 484 1122 538 ἔνθα
1149 486 1571 555 διαπράττονται
1602 483 1672 536 τὰ
1701 485 1974 552 ἀναγκαῖα

402 580 679 651 μυστήρια
728 575 914 643 αὐτοῦ,
944 578 1054 630 τίνι
1086 577 1357 644 πιστεύει,
1393 578 1580 641 αὐτοῖς
1613 581 1727 640 τοῖς
1764 579 1975 657 πιστοῖς

400 670 714 740 ἀνθρώποις
745 669 932 733 αὐτοῦ,
977 670 1010 740 ἢ
1057 673 1169 733 τοῖς
1199 672 1488 737 ἀπίστοις;
1540 671 1775 737 Λέγουσι
1837 671 1975 738 πρὸς

398 762 561 814 αὑτὸν
591 764 790 814 ὲκεῐνοι
813 777 827 792 ⁸
868 761 1162 831 Πρόδηλον,
1198 762 1281 814 ὃτι
1316 766 1428 825 τοῖς
1470 762 1815 833 πιστοτέροις
1837 762 1974 814 ὅλων

398 854 505 905 τῶν
528 854 831 924 ἀνθρώπων
864 854 1026 906 αὐτοῦ
1053 854 1303 907 πιστεύει
1330 857 1455 917 τοὺς
1482 855 1758 917 τοιούτους
1788 856 1971 916 οἴκους

396 946 426 998 ὁ
448 945 722 1015 βασιλεύς.
756 946 888 997 Τότε
920 946 1236 1016 ἀποκριθεὶς
1272 947 1300 999 ὁ
1326 947 1624 1017 ὀρθόδοξος,
1684 944 1804 999 εἷπε
1838 947 1973 1017 πρὸς

397 1036 621 1096 αὐτούς’
684 1037 891 1090 «Ὥστε
950 1039 1172 1106 μάθετε,
1228 1041 1307 1093 ὅτι
1362 1040 1462 1093 οὐκ
1516 1041 1662 1093 ἔστιν
1719 1042 1810 1093 ἐπὶ
1869 1040 1973 1109 γῆς

399 1129 583 1191 πίστις
617 1129 918 1200 ὀρθόδοξος,
959 1132 1007 1181 εξ
1051 1132 1127 1200 μὴ
1154 1132 1255 1200 τῆς
1285 1132 1580 1200 καθολικῆς
1622 1118 1969 1200 Ἐσξκλησέας.

397 1222 508 1273 Καὶ
538 1216 625 1273 διὰ
645 1220 802 1273 τοῦτο
832 1222 1217 1274 ὲνεπίστευσεν
1238 1225 1371 1293 ἡμῖν
1404 1226 1430 1276 ὁ
1455 1223 1586 1287 Θεὸς
1610 1226 1818 1285 πάντας
1844 1223 1972 1286 τοὺς

398 1310 588 1377 ἁγίους
629 1310 723 1361 καὶ
760 1309 1096 1378 ἀναγκαίους
1136 1311 1319 1374 οἴκους
1352 1311 1539 1375 αὐτοῦ,
1580 1315 1636 1365 ὲν
1672 1308 1752 1375 οἷς
1786 1312 1973 1383 ἐπιδη-

401 1403 578 1472 μήσας
607 1402 675 1453 τὰ
705 1402 982 1471 μυστήρια
1033 1400 1199 1455 αὐτοῦ
1244 1405 1539 1474 πεποίηκε’
1584 1405 1833 1457 τουτέστι
1872 1409 1971 1475 τὴν

397 1492 671 1563 Ναζαρὲτ,
719 1491 780 1543 τὸ
825 1491 1046 1563 Ταὸὼρ,
1098 1494 1197 1565 τὴν
1228 1492 1495 1565 Βηθλεὲμ,
1538 1495 1629 1548 τὸν
1675 1495 1968 1565 Ἰορδάνην,

394 1588 493 1658 τὴν
544 1587 702 1652 Σιὼν,
762 1588 823 1641 τὸ
869 1586 1128 1653 Γολγοοᾶ,
1175 1587 1275 1657 τὴν
1341 1588 1679 1651 Ἀνάστασιν,
1750 1588 1847 1640 καὶ
1908 1588 1968 1639 οὐ

399 1680 579 1749 μόνον,
622 1680 760 1735 ἀλλὰ
795 1681 888 1733 καὶ
922 1680 984 1733 τὸ
1012 1681 1161 1746 Σινᾶ,
1220 1682 1315 1734 καὶ
1353 1681 1543 1743 ἁπλῶς
1591 1682 1801 1743 πάντας
1843 1679 1968 1740 τοὺς

395 1771 593 1835 ἄλλους
619 1774 819 1835 τόπους
843 1772 941 1837 τῆς
977 1773 1195 1842 καινῆς,
1220 1774 1316 1826 καὶ
1342 1775 1442 1844 τῆς
1475 1773 1731 1837 παλαιᾶς,
1783 1774 1830 1826 οἱ
1870 1773 1969 1841 τῆς

394 1867 590 1935 καινῆς
623 1868 717 1920 καὶ
749 1867 1047 1939 καθολικῆς
1090 1869 1421 1939 Ἐκκλησίας
1457 1870 1800 1939 κατέχομεν.’
1845 1867 1970 1920 Ἐὰν

393 1953 486 2011 οὖν
516 1960 799 2025 κακόδοξοί
830 1962 1016 2030 ἐσμεν,
1062 1961 1219 2029 ὑμεῖς
1264 1962 1535 2031 ὀρθόδοξοι
1578 1964 1873 2033 ὑπάρχετε,
1908 1963 1967 2015 οὐ

392 2051 573 2114 καλῶς
604 2050 863 2122 ἐποίησεν
895 2055 923 2104 ὁ
954 2053 1085 2117 Θεὸς
1128 2056 1259 2123 ἡμῖν
1300 2054 1598 2121 πιστεύσας
1629 2057 1753 2116 τοὺς
1780 2056 1970 2122 ἁγίους

394 2144 591 2206 τόπους
621 2144 804 2199 αὐτοῦ,
862 2145 982 2198 Κᾶν
1026 2144 1240 2215 εἴπητε,
1290 2147 1371 2199 ὅτι
1423 2146 1567 2216 χειρὶ
1596 2146 1848 2219 βασιλικῇ
1878 2149 1971 2201 καὶ

390 2238 687 2305 τιῇοαννικῇ
722 2236 941 2299 τούτους
967 2238 1291 2307 κατέίομεν,
1310 2237 1597 2307 ἐλέγχεσθε
1626 2238 1967 2309 ψευδόμενοι.

406 2326 537 2380 Ἰδοὺ
586 2329 697 2398 γὰρ
750 2328 1042 2399 βαρϐάρων
1086 2330 1431 2399 κρατούντων
1484 2331 1581 2400 τὴν
1623 2330 1806 2400 χώραν
1861 2331 1971 2383 τῶν

392 2418 565 2485 ἁγίων
588 2421 791 2483 τόπων,
814 2421 913 2472 οὐκ
952 2420 1155 2493 ἐπῆρεν
1199 2421 1400 2483 αὐτοὺς
1437 2421 1496 2487 ἐξ
1540 2423 1699 2490 ἡμῶν
1743 2422 1772 2473 ὁ
1815 2421 1966 2484 θεός.

392 2510 456 2562 Εἰ
491 2510 545 2563 δὲ
590 2511 706 2573 καὶ,
756 2510 829 2573 ὡς
885 2512 1053 2576 εἰκὸς,
1089 2509 1271 2574 δόξετε
1306 2512 1504 2579 λέγειν,
1534 2513 1631 2577 ὅτι,
1657 2513 1969 2581 ἐκράτησαν

392 2600 525 2654 ποτὲ
548 2602 598 2654 οἱ
651 2603 918 2670 Ἀρειανοὶ
949 2603 1052 2670 πρὸ
1096 2604 1292 2671 ὀλίγων
1338 2605 1545 2673 χρόνων
1595 2608 1723 2667 τοὺς
1782 2605 1970 2672 ἀγεους

391 2693 630 2759 τόπους,
686 2694 795 2746 ἰδοὺ
846 2693 1066 2763 ἀληθῶς
1104 2696 1301 2747 ἐκεῖνοι
1340 2697 1427 2748 διὰ
1456 2696 1637 2767 χειρὸς
1683 2695 1969 2777 βασίλικῆς

391 2786 485 2837 καὶ
535 2782 826 2854 τυραννξας
871 2784 1130 2853 ἥρπασαν
1161 2786 1286 2848 τοὺς
1337 2785 1527 2851 ἁγίους
1584 2786 1804 2849 τόπους,
1849 2782 1969 2834 ἀλλ’

390 2876 543 2929 οὐδὲν
572 2878 800 2948 ἴσχυσαν
824 2897 837 2909 ’
891 2881 1091 2943 εὐθέως
1120 2882 1229 2952 γὰρ
1272 2882 1432 2935 πάλιν
1466 2884 1493 2934 ό
1526 2883 1660 2957 Θεὸς
1696 2884 1827 2952 ἡμῖν
1858 2883 1970 2945 τοῖς

390 2964 693 3035 ὀρθοδόξοις
729 2969 1044 3033 παρέδωκεν
1079 2971 1295 3033 αὐτούς.
1343 2972 1469 3025 Ἰδοὺ
1506 2971 1689 3025 λοιπὸν
1728 2972 1971 3025 ἑπτακό-

395 3072 496 3107 σιοι
547 3057 743 3125 χρόνοι.
796 3058 904 3110 Καὶ
957 3062 1128 3113 ταῦτα
1184 3060 1517 3126 ἀκούσαντες
1572 3065 1620 3116 οἱ
1672 3062 1961 3135 αἱρετικοὶ,
1992 3083 2036 3143 c

391 3148 770 3218 αἰσχυνθέντες
802 3151 1173 3223 ἀνεχιῖιρησαν.

764 3270 1294 3358 ΕΡΩΤΗΣΙΣ
1376 3278 1599 3361 PIH’.
1814 3265 1842 3297 ’

392 3402 765 3481 Τίνοςμχάριν
792 3409 864 3481 οὐ
896 3412 1227 3477 πεποίηκεν
1270 3417 1302 3465 ὀ
1342 3413 1613 3480 Σατανᾶς
1669 3417 1968 3481 τοσαύτας

459 3476 738 3554 αἱρέσεις.
764 3479 861 3554 καὶ
899 3482 1230 3554 σχίσματα,
1257 3484 1325 3536 ἐν
1351 3484 1521 3552 ἑτέρᾳ
1554 3476 1777 3552 πίστει,
1800 3488 1852 3539 ει
1878 3476 1965 3554 μή

460 3545 532 3597 ὲν
553 3545 625 3613 τῇ
653 3547 771 3599 τῶν
789 3545 1193 3615 Χριστιακῶιη

979 3664 1372 3719 ΑΠΟΚΡῘΣΙΣ.

461 3750 580 3804 Ὀτι
647 3755 819 3805 πᾶσαι
877 3757 934 3807 αἱ
980 3756 1165 3809 λοιπαὶ
1220 3760 1338 3829 τῶν,
1382 3762 1737 3817 ἀΰαπτίστων
1793 3763 1964 3819 ἐθνῶν

392 3843 602 3907 πίστεις
635 3847 922 3917 ἀγαπηταὶ
948 3848 1025 3917 τῷ
1064 3849 1298 3904 διαϐόλω
1326 3854 1455 3918 εἰσὶ,
1479 3854 1575 3907 καὶ
1610 3856 1784 3919 οὐδεὶς
1813 3857 1963 3929 αὐτῷ

389 3932 543 4001 λόγος
576 3935 885 4004 πολεμῆσαι
942 3939 1150 4007 ἰσχύσει
1182 3943 1370 4004 αὐτὸς.
1412 3945 1458 3997 ει
1503 3945 1579 4015 μὴ
1635 3946 1735 4017 τὴν
1778 3948 1962 4001 πίστιν

388 4024 478 4076 τοῦ
509 4026 749 4096 Χριστοῦ
776 4027 850 4090 ὡς
878 4030 1283 4103 ἀντικειμένην,
1337 4036 1431 4087 καὶ
1475 4037 1836 4107 πολεμοῦσαν,
1869 4042 1963 4094 καὶ

389 4114 668 4178 πολλάκις,
719 4117 812 4169 καὶ
867 4120 1252 4190 κατάρχουσαν
1275 4125 1461 4180 αὐτοῦ.
1500 4127 1611 4179 Καὶ
1638 4129 1719 4182 ὅτι
1748 4129 1963 4201 ἀληθῶς

387 4203 554 4268 οὕτως
578 4208 749 4270 ἐστὶν,
784 4209 993 4263 ἐκεῖθεν
1021 4212 1136 4265 ἔστι
1162 4214 1375 4283 μαθεῖν.
1402 4217 1514 4289 Πρὸ
1543 4220 1642 4289 τῆς
1665 4222 1961 4293 ἐπιδημίας

385 4296 478 4351 τοῦ
506 4300 747 4369 Χριστοῦ
780 4303 881 4355 οὐκ
906 4298 973 4373 ἦν
1002 4304 1152 4367 ἔθνος
1204 4306 1473 4372 θεοσεϐὲς.
1532 4313 1581 4364 εἰ
1634 4316 1710 4384 μὴ
1756 4314 1816 4366 τὸ
1863 4315 1958 4367 τοῦ

400 4390 639 4463 Ἰσραήλ.
678 4394 792 4446 Οὐκ
831 4395 1049 4465 ἴσχυσεν
1089 4400 1118 4450 ὀ
1158 4401 1401 4463 Σατανᾶς
1437 4404 1566 4458 ἄλλο
1605 4406 1757 4471 ἔθνος
1803 4410 1961 4462 πολε-

390 4479 558 4549 μῆσαί
590 4498 742 4545 ποτε,
793 4484 840 4535 ει
870 4486 943 4555 μὴ
984 4487 1136 4539 αὐτὸ.
1175 4490 1337 4544 Ὅθεν
1374 4482 1555 4548 καὶ⁴αἰ
1578 4498 1760 4565 ιφυλαὶ
1784 4499 1963 4570 διῃρέ-

388 4572 579 4638 θησαν,
616 4574 759 4644 καὶὴ
796 4574 1046 4644 βασιλεέα
1070 4581 1267 4647 αὐτῶν,
1312 4586 1406 4636 καὶ
1436 4585 1698 4652 πολλάκις
1736 4592 1963 4657 ἑαυτοὺς

386 4663 759 4735 ἐπολέμησαν,
822 4671 918 4721 καὶ
991 4672 1191 4742 μυρίας
1262 4675 1498 4741 πίστεις,
1568 4681 1660 4732 καὶ
1724 4684 1965 4752 αἱρέσεις

387 4755 708 4826 κέκτηνται,
744 4759 839 4812 καὶ
890 4761 1001 4814 εἴθε
1054 4772 1075 4799 ²
1118 4764 1220 4820 κᾶν
1260 4768 1387 4837 περὶ
1424 4771 1559 4822 Θεοῦ
1602 4773 1875 4842 ἐμάχοντο
1906 4779 1964 4827 ὲν

385 4848 505 4910 ταῖς
535 4849 803 4918 αἱρέσεσι,
845 4854 940 4905 καὶ
985 4855 1043 4905 ἐν
1089 4859 1204 4918 τοῖς
1245 4859 1539 4930 σχίσμασιν
1582 4865 1783 4931 αὐτῶν,
1831 4866 1963 4921 ἀλλὰ

386 4940 514 5006 περὶ
556 4939 815 5010 εἰδώλων,
854 4944 1037 5010 καθὼς
1080 4945 1228 5000 ἐστιν
1277 4952 1820 5037 ἐκῆτῶνΒασιλειῶν,
1870 4962 1963 5015 καὶ

386 5027 449 5080 ἑκ
475 5027 583 5082 τῶν
613 5033 910 5100 προφητῶν
938 5036 1150 5105 μαθεῖν.
1183 5027 1464 5108 Δέγειόὗν
1491 5046 1520 5097 ὁ
1559 5045 1848 5116 Ἱερεμίας,
1880 5052 1962 5104 ὅτι

392 5124 568 5175 «κατὰ
605 5124 694 5177 τὸν
730 5126 1095 5197 ἀριθμὸντῶν
1126 5131 1334 5186 πόλεων
1376 5135 1594 5208 Ἰσραὴλ
1639 5140 1883 5212 ὑπῆρχον
1914 5146 1961 5196 οἱ

382 5212 497 5268 θεοὶ
543 5216 727 5271 αὐτῶν
765 5238 785 5271 ι
822 5222 912 5273 καὶ
950 5223 1007 5274 αἱ
1041 5225 1282 5294 αἱρέσεις
1314 5228 1416 5298 τῆς
1452 5234 1689 5300 ματαίας
1727 5236 1962 5303 πίστεως

454 5356 519 5409 ³3⁸
549 5357 757 5414 Jerem.
792 5377 852 5426 ιι,
879 5362 988 5429 28;
1018 5381 1091 5430 xi,
1120 5367 1207 5421 15.

2080 482 2172 535 ubi
2199 494 2595 553 peragerentur
2622 486 2803 543 omnia
2831 489 2953 556 ejus
2993 504 3193 544 arcana
3240 495 3491 558 consilia,
3527 501 3651 567 qui-

2078 574 2181 627 bus
2207 590 2269 629 ea
2300 575 2523 629 credet?
2553 577 2692 630 Num
2722 578 2827 631 sibi
2864 580 3004 644 ﬁdis,
3035 597 3105 635 an
3135 582 3357 637 inﬁdis?
3401 587 3655 657 Respon-

2076 666 2278 721 derunt
2319 668 2397 720 illi
2444 670 2798 724 manifestum
2848 688 2968 725 esse
3020 673 3338 744 hujusmodi
3391 678 3508 732 loca
3541 698 3649 737 non

2076 756 2184 811 nisi
2214 758 2471 812 ﬁdelibus
2492 774 2521 812 a
2558 776 2685 829 rege
2714 764 3093 817 concreditqu
3126 767 3214 821 iri.
3243 768 3398 824 Tunc
3429 773 3496 825 ad
3528 775 3652 831 illos

2075 850 2452 904 orthodovus:
2508 851 2711 906 Discite
2742 870 2873 924 ergo
2910 857 3116 909 nullam
3149 858 3201 911 in
3229 863 3390 916 terris
3416 869 3647 934 reperiri

2074 956 2262 993 veram
2305 941 2490 1006 ﬁdem,
2538 942 2643 996 nisi
2703 944 2847 997 illam
2877 962 3041 1014 quam
3092 950 3361 1006 catholica
3403 955 3649 1011 Ecclesia

2078 1032 2393 1099 proﬁtetur.
2426 1034 2733 1103 Eapropter
2780 1038 3059 1092 commisit
3084 1040 3245 1096 nobis
3290 1044 3433 1099 Deus
3463 1050 3649 1103 omnia

2072 1122 2193 1177 loca
2220 1134 2427 1186 sancta,
2459 1134 2514 1179 et
2541 1126 2812 1181 domicilia
2846 1133 3173 1197 necessaria,
3194 1132 3249 1186 in
3275 1137 3479 1204 quibus
3514 1149 3653 1194 tem-

2074 1230 2205 1284 pore
2260 1218 2719 1286 peregrinationis
2766 1237 2879 1276 sua:
2936 1227 3195 1295 mysteria
3260 1245 3357 1283 sua
3413 1235 3647 1304 peregit.

2073 1307 2187 1362 lIoc
2224 1320 2327 1374 est,
2380 1310 2671 1375 Nazaretb,
2730 1323 2989 1385 montem.
3027 1317 3285 1385 Tliabor,
3342 1321 3646 1388 Bethleem,

2072 1400 2389 1466 Jordanem,
2424 1412 2665 1459 montem
2701 1406 2853 1471 Sion,
2886 1408 3230 1479 Golgotham,
3262 1400 3653 1471 llesurrectio:

2070 1507 2198 1547 nem
2225 1509 2241 1549 τ
2269 1511 2447 1564 neque
2474 1497 2589 1551 lucc
2618 1506 2853 1565 tantum,
2885 1503 2978 1555 sed
3007 1513 3062 1557 et
3092 1513 3333 1559 montem
3364 1507 3513 1571 Sina,
3541 1525 3652 1563 uno

2074 1584 2266 1648 verbo,
2299 1598 2488 1640 omnes
2520 1588 2656 1641 alios
2700 1589 2850 1643 locos
2896 1591 3035 1644 Novi
3091 1601 3147 1645 et
3197 1594 3415 1650 Veteris
3462 1596 3651 1651 Testa-

2080 1677 2271 1741 menti,
2309 1693 2431 1743 nos,
2492 1680 2586 1748 qui
2636 1682 2964 1736 catholicam
3001 1684 3301 1739 Ecclesium
3341 1688 3648 1757 sequimur,

2081 1765 2444 1834 possidemus.
2502 1769 2556 1823 Si
2615 1770 2788 1840 igitur;
2825 1789 2928 1827 nos
2959 1774 3097 1828 male
3131 1776 3198 1830 de
3230 1780 3396 1833 rebus
3445 1780 3652 1834 divinis

2074 1858 2363 1923 sentimus,
2393 1876 2490 1914 vos
2534 1872 2716 1916 autem
2758 1863 2918 1930 bene,
2969 1866 3115 1921 baud
3164 1867 3328 1939 416
3357 1879 3505 1924 recte
3538 1872 3649 1942 egit

2076 1953 2222 2007 Deus
2255 1970 2378 2009 cum
2404 1965 2591 2011 sancta
2626 1974 2721 2012 sua
2755 1958 2876 2011 loca
2900 1959 3063 2013 nobis
3092 1964 3338 2015 tradidit.
3375 1962 3431 2016 Si
3481 1980 3647 2034 ogge-

2074 2046 2211 2099 ratis
2240 2062 2342 2100 nos
2375 2058 2539 2102 manu
2592 2050 2740 2119 regia
2772 2065 2828 2106 et
2853 2053 3135 2123 tyrannica
3191 2054 3307 2109 haec
3350 2056 3468 2111 loca
3504 2058 3649 2111 obti-

2074 2150 2227 2199 nere,
2257 2137 2463 2191 nullius
2489 2140 2693 2208 negotii
2717 2148 2837 2193 erat
2858 2156 2956 2195 vos
3002 2141 3257 2197 falsitatis
3292 2144 3648 2215 redarguere.

2072 2226 2214 2281 Ecce
2247 2228 2392 2283 enim
2424 2246 2549 2283 cum
2591 2231 2821 2287 Barbari
2844 2234 3121 2303 regionem
3148 2235 3201 2288 in
3233 2252 3341 2305 qua
3373 2237 3491 2291 loca
3518 2254 3648 2292 san-

2073 2328 2159 2373 cta
2193 2329 2321 2373 sunt
2351 2331 2643 2389 occupent,
2700 2324 2849 2377 haud
2885 2325 3029 2379 Deus
3071 2340 3134 2379 ea
3170 2342 3197 2380 a
3228 2327 3388 2381 nobis
3437 2329 3648 2385 auferri

2072 2425 2266 2479 passus
2290 2419 2392 2465 est.
2424 2412 2479 2465 Si
2512 2429 2664 2477 vero,
2718 2422 2778 2467 ut
2834 2416 3119 2484 probabile
3141 2427 3244 2480 est,
3272 2418 3472 2473 dicturi
3513 2422 3648 2475 estis

2070 2500 2306 2555 Arianos
2347 2518 2455 2555 non
2493 2503 2566 2556 ita
2616 2504 2829 2572 pridem
2862 2505 2980 2560 loca
3033 2492 3221 2575 sancta
3262 2510 3527 2574 tenuisse,
3561 2526 3650 2569 re.-

2064 2591 2410 2659 'spondemus
2444 2592 2549 2646 hoc
2575 2594 2733 2662 plane
2759 2596 3021 2650 violentia
3055 2598 3339 2667 tyrannica
3370 2602 3645 2656 evenisse.

2074 2682 2179 2736 Sed
2212 2682 2417 2737 frustra
2440 2684 2594 2737 fuere
2632 2703 2646 2737 :
2682 2687 2951 2741 continuo
2998 2690 3147 2742 enim
3201 2690 3345 2744 Deus
3370 2692 3533 2745 nobis
3557 2708 3648 2747 or-

2072 2774 2331 2829 thodoxis
2353 2776 2473 2829 loca
2502 2785 2689 2830 sancta
2717 2779 2984 2832 restituit.
3032 2772 3100 2833 Et
3124 2781 3233 2851 jam
3274 2782 3649 2852 septingente-

2070 2868 2242 2923 simus
2271 2885 2447 2924 annus
2477 2870 2675 2940 agitur.
2702 2870 2797 2925 llis
2818 2872 3041 2939 auditis,
3072 2874 3319 2929 haeretici
3365 2875 3646 2945 pudefacti

2070 2971 2440 3017 recesserunt.

2227 3252 2792 3369 eumsrlo
2885 3268 3278 3364 CXVIII
3357 3253 3475 3360 (2).

2066 3409 2175 3467 Cur
2214 3409 2448 3465 Satanas
2479 3414 2533 3465 in
2570 3411 2721 3466 nulla
2772 3413 2883 3467 alia
2924 3413 3247 3482 professione
3299 3425 3410 3471 tam
3446 3418 3641 3474 multa:

2144 3483 2364 3588 hwrese:
2393 3490 2441 3535 et
2470 3483 2757 3536 rclcismata
2792 3484 3059 3549 excitavit,
3089 3500 3249 3553 quam
3282 3486 3335 3539 in
3365 3487 3471 3554 [ide
3499 3492 3640 3542 clari-

2144 3554 2311 3588 ιήηηιι

2135 3562 2313 3606 stiana
2333 3562 2345 3604 Ξ

2649 3666 3051 3723 RESPONSIO.

2135 3763 2273 3830 Quia
2324 3779 2516 3819 omnes
2556 3775 2718 3820 secta:
2749 3767 2995 3836 gentium
3036 3767 3313 3837 baptismo
3350 3767 3640 3822 destituta—

2068 3872 2192 3910 rum
2258 3857 2478 3910 diabolo
2542 3865 2707 3927 gratze
2750 3867 2881 3911 sunt
2935 3868 2991 3911 et
3050 3867 3311 3927 acceptae.
3366 3857 3639 3923 Quocirca

2066 3952 2333 4005 adversus
2414 3952 2532 4006 illas
2612 3968 2858 4022 pugnare
2929 3952 3278 4023 supersedet.
3348 3953 3405 4006 In
3466 3953 3636 4007 solam

2062 4043 2265 4099 Christi
2325 4042 2525 4107 ﬁdem,
2580 4059 2681 4097 ceu
2734 4043 2837 4098 sibi
2896 4043 3211 4113 ,oppositam
3263 4055 3319 4099 et
3383 4044 3642 4100 adversa-

2067 4136 2206 4190 riam
2251 4137 2467 4207 sibique
2516 4153 2658 4207 szepe
2700 4138 3099 4203 dominantem,
3135 4139 3345 4208 spicula
3380 4155 3476 4193 sua
3504 4139 3641 4193 diri-

2064 4230 2159 4299 git.
2200 4231 2333 4283 Rem
2358 4230 2431 4285 ita
2465 4245 2522 4283 se
2556 4230 2782 4294 habere,
2807 4230 2895 4284 vel
2932 4230 3059 4283 inde
3090 4231 3289 4284 disces.
3329 4230 3467 4283 Ante
3482 4230 3641 4284 Chri-

2065 4322 2133 4375 sti
2174 4321 2469 4375 adventum
2518 4337 2624 4374 nou
2670 4332 2791 4376 erat
2842 4337 2978 4390 gens
3025 4338 3147 4389 quae
3178 4322 3352 4389 Deum
3408 4322 3637 4380 coleret.

1990 4431 2036 4488 ι)
2067 4414 2313 4482 exceptis
2361 4414 2648 4468 lsraelitis.
2701 4413 2842 4468 Hinc
2885 4414 3251 4469 Cacodaemon
3316 4430 3428 4468 non
3459 4416 3641 4484 potuit

2066 4508 2213 4561 bella
2260 4522 2503 4572 movere,
2565 4507 2671 4561 nisi
2722 4506 2780 4560 in
2830 4506 2985 4561 istos.
3034 4507 3109 4561 Ea
3154 4509 3222 4562 de
3251 4523 3416 4563 causa
3465 4510 3643 4565 tribus

2068 4601 2286 4655 illorum
2342 4600 2569 4664 divisas,
2627 4616 2854 4670 regnum
2889 4601 3147 4664 scissum,
3208 4600 3465 4670 ipsosque
3499 4616 3641 4669 same

2065 4694 2273 4748 mutuis
2295 4693 2454 4747 bellis
2485 4693 2725 4755 attritos,
2763 4702 2819 4746 et
2855 4693 2907 4746 in
2938 4694 3116 4746 varias
3146 4702 3326 4747 sectas
3368 4709 3433 4749 ac
3462 4694 3641 4748 haere-

2068 4801 2155 4839 ses
2184 4786 2453 4840 dissectos
2479 4785 2754 4839 novimus.
2798 4785 2985 4853 Neque
3013 4802 3114 4853 pro
3174 4787 3284 4840 Deo
3327 4795 3645 4855 pugnarunt

2070 4879 2126 4932 in
2149 4879 2265 4933 suis
2288 4878 2590 4933 haeresibus
2626 4886 2685 4932 et
2723 4878 3058 4942 'scbismatis,
3091 4879 3186 4934 sed
3222 4895 3321 4948 pro
3364 4879 3549 4943 idolis,
3586 4889 3645 4933 ut

2071 4978 2302 5037 apparet
2324 4968 2560 5021 exlibris
2586 4969 2818 5047 Regum,
2843 4979 2899 5023 et
2923 4985 2989 5023 ex
3016 4971 3320 5039 prophetis,
3344 4986 3413 5025 ex
3442 4971 3646 5040 quibus

2068 5060 2335 5115 Jeremias
2391 5060 2490 5121 ait,
2563 5078 2582 5111 ι
2623 5061 2929 5114 secundum
2991 5077 3283 5115 numerum
3352 5060 3643 5116 civitatum

2068 5152 2233 5206 Israel
2261 5152 2652 5221 multiplicatos
2681 5168 2802 5206 esse
2827 5152 2962 5207 deos
2983 5170 3175 5207 eorum
3204 5154 3291 5218 ’°‘,
3314 5173 3332 5204 ι
3370 5169 3647 5222 vanasque

2068 5244 2308 5299 haereses
2342 5253 2398 5299 ct
2426 5244 2746 5299 schismata.
2806 5245 3105 5312 Propterea
3153 5253 3213 5299 ut
3264 5260 3435 5308 nunc,
3479 5243 3553 5298 ita
3590 5251 3649 5298 et

3254 5463 3277 5471 ῃ

1655 5472 1883 5529 VUllAa
1922 5476 2322 5534 LECTIONES.

1857 5616 2090 5674 NOTE.

455 5534 480 5563 ι
670 5528 764 5581 καὶ
789 5528 932 5583 οὔτε.

440 5687 527 5761 (2)
558 5687 765 5757 Quaest.
797 5692 863 5747 45
893 5694 960 5749 ad
986 5694 1245 5751 Antioch.
