4026 6140
413 280 520 343 775

1615 267 1678 326 3.
1719 259 2118 324 ANASTASII
2154 257 2480 322 ςΙΝΑΙΤᾹΞ

3563 248 3668 312 776

411 406 537 448 nem
575 389 634 443 in
665 398 794 442 aere
847 389 1161 439 versantem
1186 377 1380 434 audire
1417 377 1636 431 decreta
1661 375 1759 430 Dei
1799 383 1988 429 contra

2112 372 2172 424 ἱτι
2202 373 2282 430 είς
2311 371 2403 424 τὸν
2446 369 2586 440 ἀέρα
2619 366 2910 438 διατρίϐων
2945 367 2972 419 ό
3004 363 3271 430 διάϐολος,
3315 364 3673 436 προσακροᾶ-

413 481 688 538 homines.
723 475 890 548 5.19
941 473 1049 529 Sed
1107 473 1214 525 hoc
1241 468 1360 524 fieri
1405 468 1601 536 nequit
1635 481 1648 518 :
1690 481 1801 518 non
1839 462 1986 516 enim

417 589 550 630 sono
583 571 757 633 vocis,
789 567 887 621 sed
919 567 1119 619 insono
1162 571 1219 616 et
1262 559 1530 615 ineffabili
1565 556 1800 614 consilio
1843 555 1988 608 Deus

416 668 598 725 omnia
619 664 746 734 agit.
772 661 891 716 Meo
915 659 1082 729 igitur
1107 654 1338 725 judicio,
1371 667 1496 707 cum
1523 651 1692 709 Satan
1733 649 1804 702 sit
1828 645 1992 716 spiri-

417 770 506 817 tus
536 757 720 814 tenuis
747 767 804 809 et
833 750 1086 820 corporis
1119 763 1351 816 expers.
1401 745 1558 798 novit
1597 753 1654 798 et
1680 747 1993 820 perscruta-

417 861 506 906 tur
538 854 827 920 plusquam
852 844 995 897 ullus
1012 839 1260 894 medicus
1287 837 1594 900 facultates,
1619 832 1989 905 Operationes,

419 919 760 995 incrementa
830 944 888 987 et
959 931 1313 986 decrementa
1377 925 1562 979 vitalis
1623 919 1993 976 subsistentice

418 1047 580 1102 quam
609 1042 812 1096 corpus
861 1040 960 1094 per
1003 1021 1331 1091 sanguinem
1363 1017 1558 1071 habet.
1610 1015 1677 1068 Et
1709 1012 1836 1066 inde
1881 1026 1994 1082 non

419 1131 592 1184 certo,
645 1118 738 1174 sed
773 1115 1132 1187 probabiliter
1161 1113 1438 1180 coniectat
1467 1109 1536 1162 de
1581 1107 1693 1161 vita
1730 1103 1992 1158 hominis.

421 1213 568 1268 ldcm
591 1208 886 1263 dicendum
913 1204 980 1258 de
1013 1201 1256 1262 fatidicis
1289 1209 1347 1254 et
1383 1196 1754 1264 ventriloquis
1779 1191 1998 1264 (pytho-

421 1304 629 1374 nissis).
660 1301 816 1362 Nam,
851 1312 975 1351 cum
1016 1295 1296 1348 daemones
1329 1292 1438 1346 sint
1463 1289 1690 1359 spiritus
1743 1285 1914 1340 exiles
1940 1289 1998 1338 et

422 1395 668 1457 subtiles,
686 1392 842 1446 facile
873 1390 1160 1443 intuentur
1174 1385 1298 1455 quis
1323 1385 1469 1437 hunc
1494 1383 1576 1436 vel
1601 1382 1754 1435 illum
1779 1395 1875 1450 per
1887 1377 1998 1448 pla-

423 1491 568 1560 gium
595 1483 906 1554 abstulerit,
934 1488 988 1534 et
1008 1495 1119 1549 quo
1139 1494 1227 1532 res
1247 1465 1397 1531 furto
1414 1477 1626 1530 ablatas
1645 1473 1994 1529 abstruserit.

423 1580 548 1635 llaec
569 1575 842 1631 etsimilia
866 1570 1112 1625 indicare
1146 1576 1401 1639 possunt.
1436 1565 1609 1620 Sicuti
1640 1581 1786 1633 smpe
1808 1563 1995 1629 etiam,

424 1669 640 1742 quando
671 1668 723 1720 in
777 1663 930 1718 india
955 1661 1214 1731 copiosos
1244 1659 1452 1712 imbres
1483 1657 1744 1711 decidere
1783 1655 1996 1718 vident,

2087 482 2180 518 ται
2220 465 2322 526 τὰς
2355 462 2504 530 παρὰ
2529 459 2668 514 Θεοῦ
2693 458 2992 529 γενομένας
3023 457 3162 511 κατὰ
3191 459 3496 525 ἀνθρώπων
3528 455 3667 508 άπο-

2091 557 2303 625 φάσεις.
2345 553 2631 606 Ἀδύνατον
2661 551 2716 604 δὲ
2747 549 2922 603 τοῦτο·
2950 549 3011 601 ού
3037 547 3146 616 γάρ
3171 549 3522 618 κραυγητικῇ
3551 565 3668 625 59w—

2091 621 2178 719 φῇ,
2229 647 2356 701 ἀλλ’·
2391 645 2686 715 άφθέγκτῳ
2733 643 2829 696 και
2886 641 3114 713 ἀρρήτῳ
3156 639 3319 711 βουλῇ
3373 640 3442 692 τὰ
3493 621 3672 692 πάντα

2095 743 2240 796 ποιεῖ
2273 742 2301 792 ό
2329 739 2480 800 Θεός.
2510 734 2720 790 Ούκοῦν
2755 735 2877 806 ἐμοὶ
2900 735 3068 799 δοκεῖ,
3103 733 3186 786 ὅτι
3227 732 3445 801 πνεῦμα
3475 731 3674 784 λεπτὸν

2093 834 2188 887 καὶ
2215 831 2508 901 ἀσώματον
2541 829 2801 899 ὑπάρχων
2850 829 2878 878 ὁ
2913 827 3158 888 Σατανᾶς
3181 866 3196 889 ,
3239 823 3530 876 ἐπίσταται
3579 821 3676 874 καὶ

2095 923 2348 997 διερευνᾷ
2391 923 2532 990 ὑπὲρ
2574 921 2756 977 πᾶσαν
2799 917 3049 988 ἰατρικὴν
3098 917 3411 986 ἐπιστήμην
3461 913 3678 983 ἀνθρὼ-

2097 1033 2237 1078 πων,
2272 1017 2368 1078 τὰς
2406 1015 2666 1082 δυνάμεις
2698 1014 2793 1064 καὶ
2821 1011 3124 1080 ἐνεργείας,
3161 1008 3258 1062 καὶ
3293 1009 3418 1070 τοὺς
3447 1007 3678 1060 πλεονα-

2099 1111 2293 1179 σμούς,
2326 1106 2544 1170 καὶτὰς
2577 1105 2846 1174 ἐλλείψεις
2885 1104 2984 1174 τῆς
3024 1103 3262 1170 ζωτικῆς
3294 1098 3388 1152 τοῦ
3427 1099 3678 1168 σώματος

2097 1201 2186 1253 διὰ
2213 1197 2306 1250 τοῦ
2345 1197 2578 1266 αἵματος
2611 1193 2920 1264 ὑπάρξεως.
2963 1191 3233 1246 Κάκεῖθεν
3259 1187 3448 1242 λοιπὸν
3483 1206 3680 1258 στοχα-

2102 1289 2322 1352 στικῶς,
2353 1279 2481 1340 ἀλλ”
2502 1287 2604 1339 ούκ
2633 1284 2877 1356 ἀκριϐῶς
2903 1283 3264 1352 τεκμαίρεται
3293 1282 3390 1352 τὴν
3419 1267 3680 1352 τελευτὴν

2099 1380 2196 1434 τοῦ
2225 1379 2534 1451 ἀνθρώπου.
2564 1377 2638 1430 Τὸ
2671 1377 2804 1430 αὐτὸ
2825 1377 2880 1429 δὲ
2913 1375 3060 1429 ἔστιν
3085 1377 3280 1438 εἰπεῖν,
3317 1373 3413 1426 καὶ
3439 1375 3531 1425 ἐπὶ
3568 1374 3684 1427 τῶν

2107 1473 2353 1544 μάντεων
2379 1473 2474 1524 καὶ
2526 1467 3020 1539 ἐγγαστριμύθωνο
3055 1469 3138 1521 ὅτι
3179 1467 3466 1537 πνεύματα
3505 1467 3680 1520 λεπτά

2101 1563 2462 1634 τυγχάνοντες
2499 1561 2550 1614 οἱ
2583 1562 2838 1632 δαίμονες
2876 1559 3166 1630 θεωροῦσι,
3185 1560 3274 1622 τίς
3298 1561 3324 1612 ὁ
3355 1558 3561 1628 κλέψας
3588 1559 3680 1612 τὸν

2103 1655 2250 1708 δεῖνα
2282 1653 2610 1724 ἄνθρωπον,
2667 1650 2761 1704 καὶ
2813 1651 2920 1702 ποῦ
2963 1651 3032 1703 τὰ
3060 1649 3340 1702 κλαπέντα
3380 1649 3679 1721 παρέθετο.

423 1713 726 1834 padicunt
746 1713 1261 1825 aliq—uibusrxﬁgypti
1280 1749 1476 1803 incolis
1489 1748 1670 1826 Nilum
1687 1745 1794 1802 alte
1812 1713 2006 1800 ascen;

2113 1749 2220 1800 Καὶ
2248 1746 2475 1800 δύναται
2503 1745 2677 1798 ταῦτα
2706 1743 2898 1806 εἰπεῖν,
2945 1741 3095 1794 ὥσπε
3105 1759 3136 1811 ρ
3182 1742 3445 1804 πολλάκις
3474 1742 3682 1812 θεωρή-

425 1833 633 1909 surum.
669 1849 725 1903 Si
747 1848 1028 1918 quis_vero
1046 1859 1112 1898 ex
1150 1843 1258 1896 illis
1306 1839 1628 1895 sciscitetur
1664 1851 2001 1903 mensuram,

2112 1855 2303 1900 σαντες
2334 1835 2712 1907 πολυομϐρίαν
2755 1837 2814 1888 ὲν
2839 1835 2906 1904 τῇ
2952 1833 3151 1904 Ἰνδικῇ
3182 1833 3338 1905 χώρᾳ
3381 1835 3684 1903 γεγενημέ-

426 1944 531 1998 hoc
575 1948 660 1996 est
718 1938 787 1992 ad
846 1944 1078 2006 quotum
1122 1931 1372 1986 cubitum
1423 1929 1511 1984 vel
1560 1928 1794 1999 digitum
1846 1927 2006 1982 Nilus

2112 1949 2206 2002 νην
2241 1929 2565 2003 προλέγουσί
2596 1945 2738 1982 τισιν
2769 1931 2827 1980 ὲν
2857 1925 3144 1996 Αἰγύπτῳ,
3172 1927 3417 1996 μεγάλην
3455 1926 3683 1980 ἔσεσθαι

427 2046 761 2089 ascensurus
811 2029 902 2094 sit,
960 2027 1249 2081 enimvero
1283 2031 1396 2077 tum
1444 2021 1860 2083 obmutescunt,
1901 2031 2006 2072 nec

2112 2024 2206 2094 τὴν
2230 2021 2324 2075 τοῦ
2349 2020 2542 2074 Νείλου
2572 2019 2856 2073 ἀνάϐασιν.
2888 2019 2950 2070 Εἰ
2979 2017 3036 2070 δέ
3057 2035 3141 2084 τις
3163 2018 3430 2089 ἐρωτήσει
3459 2017 3684 2082 τούτους

429 2121 575 2193 quod
597 2121 844 2176 futurum
875 2124 958 2172 est
975 2101 1348 2186 praenuntiam
1387 2117 1614 2166 norunt.

681 2405 1254 2520 QUIESTIO
1329 2405 1751 2493 CXXVI.

433 2565 656 2636 Quidam
721 2561 903 2616 dicunt
949 2557 1242 2636 dgrmonent
1278 2552 1552 2634 excidisse,
1595 2551 1736 2612 quod
1779 2549 2009 2613 noluerit

930 2627 1158 2681 adorare
1217 2623 1502 2678 hominem.
1937 2645 1944 2651 -

1017 2735 1420 2795 neseonsxo.
1655 2805 1660 2810 _
1687 2785 1692 2790 .

502 2839 725 2898 Fabulae
777 2837 896 2891 istae
925 2849 995 2888 ex
1045 2831 1362 2886 Graecorum
1417 2833 1472 2882 et
1498 2825 1742 2881 Arabum
1783 2824 2004 2883 oﬂicina

434 2930 772 3004 procedunt;
802 2940 952 2987 nam,
981 2929 1040 2974 ut
1065 2936 1135 2974 ex
1178 2917 1466 2988 prephetis
1515 2915 1807 2978 discimus,
1834 2915 2009 2984 potis-

432 3003 634 3079 simum
689 3033 758 3072 ex
799 3030 993 3082 magno
1045 3009 1368 3073 Ezechiele,
1421 3014 1646 3076 propter
1694 3003 2010 3082 superbiam

433 3115 682 3184 abjectus
699 3115 784 3163 est
817 3081 1068 3164 Satanas,
1092 3101 1410 3170 priusquam
1444 3096 1616 3151 Adam
1654 3081 2004 3150 conderetur.

429 3204 574 3260 Cum
607 3201 756 3256 enim
785 3199 930 3251 Deus
957 3191 1350 3262 aspcctabilem
1376 3189 1524 3248 hanc
1539 3203 1722 3241 rerum
1741 3185 2012 3240 universi-

435 3305 604 3350 tatem
664 3297 901 3352 crcaret,
953 3285 1208 3356 sperabat
1259 3282 1474 3336 daemon
1513 3295 1580 3338 .se
1634 3279 1782 3333 illius
1825 3292 2010 3348 regem

435 3385 800 3442 constitutum
849 3380 938 3434 iri.
965 3376 1197 3444 Quando
1236 3375 1406 3444 igitur
1435 3371 1822 3427 animadvertit
1869 3369 2013 3424 Ada-

435 3492 590 3532 mum
615 3491 646 3529 3
669 3456 783 3528 beo
795 3485 928 3546 ’CSSE
957 3476 1328 3538 procreatum,
1349 3473 1407 3519 ει
1451 3462 1816 3518 constitutum
1845 3473 2014 3530 super

435 3585 606 3640 opera
635 3581 894 3623 manuum
921 3564 1040 3634 ejus
1063 3601 1080 3626 ,
1156 3570 1213 3614 et
1249 3561 1433 3614 omnia
1477 3559 1723 3629 subjecta
1781 3558 1885 3613 sub
1913 3573 2013 3627 pe-

437 3659 603 3714 dibus
620 3657 804 3726 ejus",
825 3669 955 3711 tunc
979 3652 1248 3708 adversus
1270 3649 1423 3704 illum
1455 3657 1721 3715 armatus,
1757 3648 2014 3704 eumdem

436 3750 757 3824 prostravit.
1491 3754 1502 3760 “

663 3874 1232 3988 QUAESTIO
1307 3873 1786 3964 CXXVII.

441 4029 636 4084 Dixisti
681 4043 866 4096 supra,
909 4025 964 4077 in
999 4022 1368 4096 dissertalfone
1419 4020 1484 4096 tle
1515 4019 2018 4096 elementis,_crebro

470 4090 757 4152 ~accidere'
799 4103 946 4147 utea:
1006 4090 1254 4146 naturali
1307 4092 1542 4159 quadam
1594 4091 1916 4141 connexione
1969 4097 2018 4140 et

511 4170 790 4222 humerum
847 4180 1008 4218 causa
1074 4160 1321 4215 mulieres
1361 4159 1603 4228 qumdum
1626 4159 1728 4228 sint
1791 4159 2015 4223 steriles,

511 4239 754 4306 quwdam
785 4236 1044 4306 fecrmdw,
1077 4231 1323 4306 mundam
1361 4227 1653 4302 paucorum
1689 4227 2016 4294 liberorum;

514 4301 605 4364 sed
647 4301 996 4361 consumam:
1027 4301 1324 4374 arplio-usti.

1023 4478 1428 4536 RESPONSIO.

515 4581 571 4635 Si
601 4580 719 4633 haec
756 4586 813 4632 et
843 4574 1045 4629 Similia
1076 4573 1242 4626 nimis
1292 4572 1614 4625 minutatim
1645 4566 1902 4639 persequi
1925 4581 2021 4620 ve-

443 4673 632 4733 limus,
665 4667 1043 4722 necessarium
1071 4663 1178 4718 erit
1215 4661 1458 4716 medicas
1487 4661 1754 4732 quasdam
1775 4658 2021 4728 disputa-

447 4765 650 4825 tiones,
678 4775 859 4829 neque
900 4755 1180 4812 communi
1207 4755 1493 4818 Ecclesiae,
1533 4769 1713 4823 neque
1759 4749 2023 4806 auditori-

445 4855 550 4910 bus
570 4853 727 4908 valde
770 4857 1137 4920 congrucntcs
1171 4845 1409 4918 ingredi.
1439 4845 1833 4908 Nihilominus,
1872 4841 2020 4912 quod

445 4946 610 5020 420
659 4941 957 4998 obscurius
1001 4941 1212 4995 dictum
1261 4947 1380 5004 est,
1432 4939 1690 4993 nonnihil
1743 4937 2024 4990 declarare

446 5039 710 5093 conabor.
739 5036 798 5090 In
835 5034 1024 5089 multis
1057 5049 1224 5088 sacra:
1259 5031 1564 5102 Scriptura:
1607 5029 1747 5084 locis
1774 5027 2024 5082 nomina-

449 5145 684 5188 turcaro
745 5130 1007 5184 humana.
1051 5125 1524 5194 Quemadmodum
1553 5137 1684 5193 ergo
1726 5132 1872 5176 terra
1911 5135 2026 5174 me-

455 5224 728 5279 diocriter
777 5222 1025 5292 irrigata,
1091 5219 1290 5274 fertilis
1352 5215 1622 5279 efﬁcitur;
1689 5213 1766 5268 ita
1829 5211 2060 5267 eadem-

447 5315 853 5377 mcdiocritate,
886 5313 1078 5367 eadem
1128 5309 1439 5366 fecunditas
1471 5322 1613 5376 sche
1643 5316 1800 5360 utero
1835 5304 2018 5358 obtin-

445 5413 556 5480 git:
583 5425 710 5462 nam
738 5407 1000 5460 mulieres
1043 5419 1165 5473 quae
1204 5403 1260 5456 in
1319 5400 1534 5455 deliciis
1567 5399 1918 5460 sordescunt,
1965 5408 2018 5451 et

516 5537 560 5567 ⁵³
589 5537 731 5590 Psal.
766 5553 880 5598 vm,
921 5538 977 5602 7,
1017 5538 1072 5593 8.

2047 4416 2094 4468 D

2107 2116 2199 2170 τδν
2244 2113 2520 2184 πηχισμδν
2561 2114 2657 2165 καὶ
2701 2113 2832 2176 τοὺς
2863 2111 3164 2173 δακτύλους
3195 2111 3294 2174 τῆς
3339 2109 3682 2174 ἀναϐάσεως,

2110 2203 2460 2274 ἐλεγχόμενοι
2515 2199 2824 2272 ἀποροῦσι,
2865 2199 3032 2270 μηδὲν
3086 2198 3195 2252 τῶν
3232 2198 3536 2271 μελλόντων
3566 2201 3689 2253 ἑπι-

2112 2313 2386 2367 σταμενοι.

2454 2414 2986 2503 ΕΡΩΤΗΣΙΣ
3028 2415 3313 2512 PKG'.

2113 2556 2416 2615 Θέλουσιν
2441 2555 2633 2610 εἰπεῖν·
2655 2571 2836 2620 τινες,
2882 2555 2972 2608 ὅτι
3015 2554 3112 2612 διὰ
3133 2555 3202 2608 τό
3225 2553 3310 2622 μὴ
3342 2551 3690 2624 προσ-κυνῆ.

2251 2645 2358 2683 σαι
2399 2628 2508 2680 τόν
2527 2627 2851 2694 ἄνθρωπον
2880 2625 3174 2690 ἐξέπεσεν
3197 2627 3229 2678 ό
3252 2624 3545 2692 Σατανᾶς.

2697 2716 3090 2797 Α’ΠΟΚΡΙΣΙΣ.

2127 2895 2148 2914 Χ
2197 2837 2462 2908 Ἑλλήνων
2514 2836 2610 2890 καὶ
2653 2835 2902 2900 Ἀράϐων
2943 2837 3084 2888 εἰσὶν
3135 2836 3186 2888 οι
3219 2835 3454 2892 τοιοῦτοι
3503 2836 3692 2908 μῦθον

2113 2931 2300 2994 καθὼς
2329 2932 2436 3002 γὰρ
2467 2934 2531 2984 ἐκ
2560 2931 2668 2984 τῶν
2698 2933 2996 3002 προφητῶν
3037 2933 3159 2986 ἔστι
3194 2933 3408 3000 μαθεῖν,
3451 2933 3546 2986 καὶ
3584 2934 3694 3004 μά-

2039 3062 2080 3119 C
2113 3023 2272 3075 λιστα
2301 3021 2451 3090 παρὰ
2475 3021 2570 3073 τοῦ
2605 3021 3153 3094 μεγάλου,“1εςεκιὴλ,
3175 3022 3263 3076 διὰ
3284 3022 3382 3092 τὴν
3407 3023 3699 3095 ὑπερηφα-

2118 3115 2238 3168 νίαν
2270 3113 2435 3166 αὐτοῦ
2476 3113 2739 3185 ἐξερρίφη
2779 3117 2806 3168 ὁ
2859 3115 3106 3178 Σατανᾶς
3140 3114 3248 3186 πρὸ
3291 3115 3388 3169 τιῦ
3439 3118 3698 3185 γενέσθαι

2117 3205 2208 3258 τὸν
2260 3205 2452 3272 Ἀδάμ.
2489 3205 2960 3276 Δημιουργοῢντος
3011 3205 3120 3278 γάρ
3168 3205 3261 3259 τοῦ
3313 3206 3448 3260 Θεοῦ
3488 3207 3702 3278 ταύτην

2117 3293 2216 3362 τὴν
2241 3293 2525 3363 ὁρωμένην
2555 3287 2758 3358 κτίσιν,
2791 3294 3046 3364 ἐνόμισεν
3076 3297 3102 3348 ὁ
3125 3295 3395 3361 διάϐολος,
3430 3297 3513 3350 ὅτι
3533 3299 3701 3352 αὐτὸν

2121 3383 2411 3448 καθίστησι
2443 3381 2668 3450 βασιλέα
2710 3383 2900 3452 αὐτῆς.
2921 3383 3050 3436 Ὅτε
3078 3383 3172 3437 οὖν
3205 3379 3364 3448 εἶδεν,
3390 3386 3474 3440 ὅτι
3507 3389 3704 3458 ὲποίηυ

2124 3491 2215 3527 σεν
2243 3477 2272 3526 ὁ
2308 3474 2441 3536 Θεὸς
2473 3475 2564 3526 τόν
2605 3475 2800 3544 ’Δδάμ,
2829 3475 2926 3527 καὶ¹
2949 3476 3288 3547 κατέστησεν
3315 3478 3478 3532 αὑτὸν
3511 3481 3606 3534 ἐπὶ
3627 3482 3702 3536 τὰ

2121 3565 2260 3635 ἔργα
2285 3563 2394 3616 τῶν
2439 3563 2641 3634 χειρῶν
2675 3563 2863 3629 αὑτοῦ,
2899 3567 2994 3618 καὶ
3039 3567 3218 3620 πάντα
3261 3568 3530 3634 ὑπέταξεν
3561 3573 3702 3627 ὑπο-

2121 3659 2274 3710 κάτω
2306 3653 2417 3707 τῶν
2448 3653 2624 3706 ποδῶν
2655 3654 2820 3707 αὑτοῦ
2845 3695 2861 3722 ,
2909 3655 3030 3708 τότε
3064 3655 3314 3728 ὡπλίσθη
3345 3659 3469 3711 κατ’
3501 3659 3699 3727 αὑτοῦ,

2124 3748 2218 3800 καὶ
2251 3746 2537 3818 ἠπάτησεν
2565 3743 2751 3798 αὐτόν.

2430 3891 2964 3977 ΕΡΩΤΗΣΙΣ
3019 3889 3270 4001 PKZ’.

2123 4023 2316 4091 Εἷπας
2367 4027 2436 4080 ἐν
2477 4027 2554 4096 τῇ
2597 4028 2988 4095 προλαϐούσῃ
3034 4028 3168 4094 περὶ
3217 4025 3337 4080 τῶν
3379 4027 3704 4096 στοιχείων

2194 4099 2558 4166 φυσιολογίᾳ
2609 4097 2700 4150 ὅτι
2755 4097 3055 4162 πολλάκις
3102 4099 3170 4152 ἐκ
3219 4096 3487 4166 φυσικῆς
3532 4114 3704 4164 τινος

2195 4164 2558 4236 ἀκολουθίας
2611 4168 2708 4236 καὶ
2749 4166 2956 4236 χυμῶν
2997 4169 3190 4232 αἰτίας
3221 4164 3495 4234 γίνονταί
3532 4184 3702 4232 τινες

2191 4235 2310 4305 μὲν
2331 4237 2614 4320 γυναῖκες
2640 4235 2899 4301 ἄτεκνοι,
2923 4237 3082 4302 τινὲς
3107 4238 3175 4290 δὲ
3201 4237 3490 4299 εὔτεκνοι,
3516 4237 3700 4290 ἄλλοι

2197 4305 2267 4358 δὲ
2309 4305 2496 4360 πάλιν
2543 4306 2925 4360 ολιγότεκνοι·
2956 4307 3065 4360 τόν
3107 4307 3176 4360 δὲ
3215 4307 3438 4360 τρόπον
3464 4305 3576 4360 τῦρ
3609 4309 3700 4360 al-

2199 4323 2267 4358 οε
2309 4323 2496 4360 πάλιν
2543 4323 2925 4374 ολιγοτεκνοι·
2956 4323 3065 4362 τον
3107 4323 3176 4360 οε
3215 4323 3438 4375 mortar
3464 4323 3576 4374 της

2199 4376 2330 4442 τίας
2359 4379 2468 4429 οὐκ
2493 4377 2825 4446 samiae-ag.
3401 4389 3406 4394 '

2714 4488 3108 4542 ΑΠΟΚΡῙΣΙΣ.

2215 4576 2280 4632 El
2323 4579 2496 4633 ταῦτα
2543 4579 2637 4633 καὶ
2686 4579 2912 4632 τοιαῦτα
2944 4579 3260 4648 βουλόμενοι
3317 4577 3700 4650 λεπτολογεῖν,

2128 4669 2530 4736 ἀναγκάζονται
2557 4668 2584 4708 ἆ
2615 4670 2693 4731 εἰς
2730 4671 2980 4738 ίατρικάς
3013 4686 3165 4732 τινας
3209 4669 3468 4740 ἔρχεσθαι
3504 4689 3703 4741 φυσιο-

2126 4762 2336 4829 λογίας,
2381 4763 2454 4831 μὴ
2490 4763 2632 4815 πάνυ
2679 4760 3030 4832 ἁρμοζούσας
3073 4765 3142 4833 τῇ
3187 4765 3340 4832 κοινῇ
3399 4761 3704 4838 Ἐκκλησία

2128 4853 2222 4907 καὶ
2267 4855 2568 4924 ἀκροάσει·
2606 4854 2756 4920 ὅμως
2809 4853 3062 4924 ἀμυδρῶς
3121 4871 3237 4914 πως
3291 4853 3355 4906 τὸ
3407 4857 3705 4925 εἰρημένον

2129 4944 2424 5014 σαφηνίσαι
2459 4945 2812 5015 πειράσομαι.
2850 4944 2939 4996 Ἐν
2969 4943 3183 5008 πολλοῖς
3213 4943 3401 5006 τόποις
3425 4944 3528 5014 τῆς
3550 4947 3704 5018 ἱερᾶς

2125 5035 2352 5106 Γραφῆς
2381 5036 2712 5104 εὑρίσκομεν
2743 5035 3299 5106 προσαγορευομένην
3338 5037 3436 5108 τὴν
3485 5037 3704 5109 ἀνθρω-

2126 5127 2290 5195 πίνην
2321 5126 2518 5196 σάρκα.
2549 5126 2764 5197 Ὥσπερ
2803 5122 2899 5179 οὖν
2931 5127 3048 5178 ἐστι
3075 5126 3144 5196 γῆ
3179 5128 3533 5200 καρποφόρος
3562 5146 3701 5198 συμ-

2129 5217 2344 5287 μέτρως
2369 5215 2723 5288 ποτιζομένη,
2759 5216 2904 5272 οὕτω
2941 5217 3203 5284 πολλάκις
3236 5220 3446 5288 γίνεται
3485 5223 3580 5276 καὶ
3611 5221 3703 5275 ἐπὶ

2126 5309 2225 5376 τῆς
2257 5311 2492 5381 μήτρας,
2525 5311 2621 5364 καὶ
2648 5312 2744 5380 τῆς
2775 5311 2958 5380 γονῆς.
2995 5311 3061 5363 Ai
3109 5313 3208 5382 μὲν
3241 5313 3702 5386 καταρῥυπούμεο

2127 5417 2214 5452 ναι
2251 5404 2316 5452 τῢ
2347 5401 2622 5472 σῖτα-πάλῃ.
2655 5401 2749 5453 καὶ
2774 5399 2852 5470 τῷ
2892 5397 3074 5468 πολλῷ
3105 5400 3434 5474 συνδυασμῷ
3467 5401 3697 5474 ἀποῤῥι-

1750 5618 1984 5677 ἾΑΒΙΑΕ
2030 5618 2439 5678 LECTEONES.

517 5696 545 5734 ά
579 5694 722 5766 Lege
747 5695 960 5765 ἀνάγκη
1002 5693 1172 5746 ἔσται.
