4026 6140
356 280 461 347 ’137

1543 291 1603 351 S.
1647 292 2049 359 ANASTASII
2089 294 2414 360 SINAITJE

3502 308 3598 371 7‘38

353 400 446 446 tur
476 411 489 446 :
527 408 676 461 saepe
719 394 866 448 enim
916 396 1063 451 Deus
1091 399 1288 453 liberat
1317 400 1466 461 illos,
1509 403 1602 470 qui
1632 412 1762 457 sunt
1792 403 1920 458 alio-

2028 409 2138 461 τῶν
2183 407 2442 460 τοιούτων
2488 406 2755 461 θανάτων.
2792 406 2931 469 Τοὺς
2986 406 3085 478 μὲν
3138 408 3247 480 γὰρ
3291 409 3545 476 πολλάκις
3573 419 3599 469 ὁ

352 492 490 534 rum‘
509 480 768 535 doctores
808 491 866 538 et
912 485 1279 551 institutores,
1317 497 1373 543 et
1412 504 1715 559 pauperum
1772 507 1933 546 cura-

353 584 521 636 tores,
554 588 789 642 quorum
808 574 1011 635 bonam
1042 579 1378 636 voluntatem
1407 584 1674 651 approbat
1706 584 1929 654 quidem

348 666 518 728 heus,
549 664 643 720 sed
700 665 823 721 illos
864 668 931 722 ad
983 669 1283 726 multorum
1334 674 1565 729 salutem
1614 656 1928 737 conservat.

348 756 501 810 Alios
527 754 746 818 liberat,
766 757 894 826 quia
917 773 1001 813 res
1028 772 1257 831 propter
1287 779 1451 834 quam
1486 767 1622 820 mori
1652 776 1928 834 statuunt,

349 860 463 901 non
514 853 796 911 esttantae
838 849 1113 909 mercedis
1138 862 1356 921 quant-.e
1417 855 1521 909 sibi
1569 856 1925 925 persuadent.

348 935 562 993 Crebro
594 936 786 995 itidem
816 937 1072 996 diabolus
1125 942 1354 1010 invidet,
1398 962 1466 1001 ne
1499 947 1664 1003 homo
1699 963 1930 1004 corone—

351 1023 467 1084 tur.
500 1027 641 1083 Sunt
673 1030 903 1103 insuper
941 1031 1036 1086 alii
1074 1034 1225 1089 modi
1268 1051 1408 1105 quos
1435 1037 1718 1109 sigillatim
1752 1041 1929 1109 expli-

419 1484 557 1553 Quid
586 1497 660 1543 est
692 1466 817 1575 vera
840 1490 1116 1575 puerilitas
1144 1495 1238 1549 ἵει
1261 1498 1517 1575 quomodo
1543 1497 1717 1575 ilium,
1744 1500 1852 1557 Deo

682 1559 992 1629 adjuvante,
1029 1559 1284 1620 exerceri
1316 1560 1549 1622 edemus
1576 1570 1601 1624 .9

934 1677 1336 1747 nsspousw.

2032 500 2160 563 Θεὸς
2212 498 2522 570 λυτροῦτᾳι,
2551 497 2682 562 ἴσως
2729 498 3081 579 διδασκάλους
3123 499 3600 573 ῆπτωχοτρόφους

2030 591 2401 663 τυγχάνοντας
2431 609 2445 623 ο
2482 592 2574 657 καὶ
2617 591 2716 662 τὴν
2753 590 2850 661 μὲν
2884 574 3149 655 πρόθεσιν
3184 592 3364 667 αὐτῶν
3409 593 3598 655 ἀπεδέ-

2032 681 2181 748 ξατο,
2218 681 2356 751 πρὸς
2387 681 2446 734 δὲ
2475 681 2574 751 τὴν
2599 679 2875 750 σωτηρίαν
2905 678 3081 735 ἄλλων
3106 679 3331 743 τούτους
3361 678 3599 751 ἐλυτρώ-

2033 775 2441 839 σατο.⁹Αλλους
2492 774 2655 829 πάλιν
2705 773 3016 844 λυτροῦται,
3074 771 3265 844 ἐπειδὴ
3318 772 3451 836 ἴσως
3501 775 3599 831 οὐκ

2030 865 2142 936 ἔχει
2181 865 2421 920 τοιοῦτον
2455 864 2643 936 μισθὸν
2671 864 2732 917 τὸ
2768 865 3024 934 πρᾶγμα,
3050 862 3116 915 δι’
3143 863 3202 915 ὃν
3224 863 3597 933 ἀποθνήσκου-

2016 976 2133 1020 κσιν,
2162 953 2272 1012 οἷον
2302 959 2456 1011 αὐτοὶ
2478 955 2781 1026 νομίζουσι.
2810 954 3074 1017 Πολλάκις
3102 953 3158 1007 δὲ
3191 955 3285 1007 καὶ
3309 956 3337 1007 ὁ
3361 954 3601 1019 διάϐολος

2027 1050 2318 1113 ἀντικοτεϊ,
2350 1048 2436 1101 ἵνα
2474 1047 2548 1118 μὴ
2582 1044 2900 1115 στεφανωθῇ
2925 1045 2952 1095 ό
2978 1042 3283 1113 ἅνθρωπος.
3314 1043 3423 1095 Καὶ
3452 1042 3600 1097 ἄλλοι
3668 1110 3676 1123 ί

2026 1141 2083 1194 δὲ
2121 1141 2363 1205 πλεῖστοι
2390 1140 2585 1211 τρόποι
2614 1138 2776 1205 εἰσιν,
2811 1136 2903 1201 οὒς
2939 1137 3040 1194 οὐκ
3071 1135 3287 1216 ἀνάγκη
3308 1133 3489 1217 λέγειν
3515 1134 3604 1197 διὰ

2026 1233 2153 1298 τοὺς
2185 1232 2260 1304 μὴ
2293 1231 2623 1317 χωροῦντας.

2376 1354 2907 1443 ΕΡΩΤΗΣΙΣ
2960 1347 3207 1445 ΡΛΕὀ

2027 1496 2088 1557 Τί
2115 1497 2288 1558 ἐστιν
2322 1492 2581 1561 ἀληθινὴ
2636 1495 2999 1557 ταπεΙνωσις
3029 1509 3050 1556 ;
3076 1490 3175 1561 καὶ
3233 1489 3360 1556 πῶς
3409 1484 3610 1553 αὐτὴν

2228 1564 2390 1620 ’.σὺν
2422 1560 2543 1629 Θεῷ
2572 1560 2946 1631 κατορθῶσαι
2990 1560 3296 1630 δυνάμεθα
3321 1575 3342 1624 ,'

2619 1675 3009 1731 ΑΠΟΚΡΙΣΙΣ.

414 1761 535 1818 Νοη
589 1766 845 1843 consistit
895 1744 1181 1851 humilitas
1233 1772 1290 1827 in
1322 1771 1428 1830 hoc
1459 1783 1520 1830 ut
1555 1778 1678 1847 quis
1704 1785 1920 1851 peccet;

2096 1773 2209 1826 Οὐκ
2265 1770 2433 1836 ἔστιν,
2468 1768 2543 1833 ὥς
2580 1784 2726 1831 τινες
2765 1766 3076 1837 νομίζουσι,
3115 1767 3175 1819 τὸ
3222 1765 3608 1837 ἁμαρτάνειν,

345 1869 515 1939 seque
571 1854 919 1927 peccatorem
949 1848 1007 1931 et
1038 1858 1315 1933 supplicio
1346 1865 1574 1937 dignum
1614 1848 1876 1939 agnoscat
1905 1888 1920 1931 ;

345 1937 490 2015 ha'nc
546 1947 696 2023 enim
747 1950 815 2005 de
856 1966 915 2021 se
963 1944 1428 2031 existimationem
1494 1937 1728 2034 quilibet
1787 1954 1923 2034 pec-

345 2047 501 2091 cator
553 2037 739 2106 habet,
768 2039 951 2117 forsan
1008 2044 1065 2123 et
1123 2034 1444 2120 daemones;
1491 2032 1616 2123 ideo
1668 2032 1925 2122 dicebant

342 2126 566 2183 Christo
596 2148 610 2184 :
656 2151 672 2184 ι
711 2132 920 2205 Venisti
950 2126 1077 2213 ante
1138 2132 1356 2215 tempus
1389 2156 1490 2196 nos
1519 2142 1754 2215 perdere
1786 2144 1854 2196 ⁸⁸.
1897 2161 1916 2195 ι

340 2217 586 2279 Dicendo
617 2231 820 2295 autem,
854 2236 977 2280 ante
1004 2236 1229 2309 tempus,
1257 2230 1639 2302 signiﬁcarunt
1667 2242 1924 2290 constare

340 2309 448 2393 sibi
503 2327 562 2367 se
617 2313 675 2369 in
722 2316 973 2387 gehenna
993 2316 1303 2392 judicatum
1336 2323 1425 2377 iri.
1458 2323 1600 2380 Hinc
1630 2325 1707 2380 ait
1739 2325 1924 2401 scrip-

339 2410 465 2466 tura
501 2422 514 2457 :
548 2422 567 2461 ι
605 2404 800 2467 Credis
824 2409 995 2465 unum
1019 2408 1392 2489 esse'Deum?
1426 2415 1607 2484 Etiam
1635 2406 1914 2479 demones

339 2493 575 2550 credunt
602 2506 659 2552 et
683 2501 1122 2559 contremiscunt
1143 2502 1209 2559 “.
1242 2524 1261 2557 ι
1286 2496 1459 2575 Igitur
1488 2521 1616 2579 vera
1640 2506 1923 2564 humilitas

338 2589 426 2636 est
468 2584 629 2649 bonis
677 2589 939 2658 operibus
969 2592 1230 2648 insistere
1254 2636 1268 2660 ,
1304 2609 1364 2650 se
1390 2611 1525 2651 vero
1553 2595 1919 2667 immundum,

339 2674 550 2747 Deique
583 2676 769 2735 favere
798 2682 1086 2754 indignum
1119 2694 1401 2757 reputare,
1428 2702 1610 2757 neque
1663 2688 1919 2752 salutem,

338 2766 446 2824 nisi
500 2784 568 2823 ex
618 2771 713 2835 Dei
747 2772 1091 2846 benignitate
1123 2772 1229 2833 sibi
1264 2778 1535 2848 polliceri.
1570 2778 1922 2850 Quaacunque

323 2851 505 2911 'enim'
527 2858 669 2931 bona
722 2876 891 2932 opera
918 2874 1223 2937 patremus,
1256 2884 1369 2924 non
1417 2869 1777 2938 rependimus
1807 2870 1922 2925 Deo

339 2948 515 3005 vicem
556 2966 658 3020 pro
688 2953 805 3007 solo
848 2970 973 3010 aere
1026 2974 1191 3027 quem
1228 2959 1584 3029 respiramus.
1618 2956 1754 3014 Nam
1791 2960 1922 3015 licet

2025 1863 2120 1917 καὶ
2164 1861 2309 1932 ἔχειν
2351 1859 2540 1914 ἑαυτὸν
2582 1858 2907 1929 ἁμαρτωλὸν
2965 1857 3059 1910 καὶ
3107 1857 3259 1921 ἄξιον
3305 1856 3611 1916 κολάσεως.

2024 1942 2241 2022 Ταύτην
2289 1949 2396 2023 γὰρ
2443 1950 2544 2022 τὴν
2577 1949 2790 2002 ἔννοιαν
2825 1949 2902 2001 πᾶ
2957 1948 3246 2018 ἄνθρωπος
3274 1946 3614 2018 ἁμαρτωλὸς

2023 2042 2158 2111 ἔχει,
2186 2041 2332 2110 τάχα
2369 2039 2428 2092 δὲ
2473 2038 2566 2091 καὶ
2610 2038 2661 2090 οἱ
2705 2037 2960 2108 δαίμονες
2993 2053 3006 2066 ·
3043 2037 3124 2089 διὸ
3169 2034 3264 2089 καὶ
3303 2034 3501 2103 ἔλεγον
3532 2031 3617 2105 τῷ

2022 2125 2245 2207 Χριστῷ
2272 2172 2286 2196 ,
2321 2132 2404 2185 ὃτι
2438 2148 2456 2182 ι
2481 2125 2688 2193 ’Ἦλθες
2717 2129 2827 2200 πρὸ
2850 2126 3044 2198 καιροῦ
3076 2124 3343 2181 ἀπολέσαι
3378 2127 3562 2195 ήμᾷς.
3586 2141 3610 2175 ι

2022 2225 2283 2288 Εἰπόντες
2338 2222 2397 2276 δὲ
2448 2222 2527 2287 τὸ,
2561 2222 2676 2289 πρὸ
2726 2219 2959 2288 καιροῦ,
2989 2219 3292 2291 ὲσήμαναν,
3321 2216 3410 2273 ὅτι
3441 2232 3618 2284 γινω-

2023 2333 2236 2380 σκουσι,
2264 2315 2359 2368 καὶ
2391 2312 2721 2376 ἐλπίζουσιν,
2746 2312 2820 2375 ὡς
2863 2313 2920 2365 ὲν
2944 2309 3141 2381 γεέννῃ
3168 2309 3286 2362 ἐκεῖ
3335 2323 3622 2377 κατακριο

2023 2408 2303 2487 θήσονται.
2324 2403 2435 2469 Διὸ,
2458 2404 2532 2467 ὥς
2559 2420 2725 2472 φησιν
2748 2405 2780 2474 ἡ
2804 2402 3017 2473 Γραφὴ,
3041 2402 3124 2454 ὅτι
3146 2421 3163 2450 ι
3193 2402 3267 2459 Σὺ
3290 2398 3620 2476 πιστεύεις,

2021 2499 2102 2553 ὅτι
2128 2493 2208 2561 εἷς
2238 2499 2385 2550 ἐστιν
2411 2494 2439 2545 ό
2478 2494 2632 2557 Θεόςο
2665 2492 2887 2564 καὶγὰρ
2905 2492 2976 2546 τὰ
3000 2492 3258 2564 δαιμόνια
3281 2488 3624 2551 πιστεύουσι

2022 2590 2118 2644 καὶ
2165 2586 2502 2660 φρίττουσιν.
2544 2604 2562 2638 ι
2597 2583 2807 2638 Οὐκοῦν
2859 2583 3335 2656 ταπεινοφροσύνῃ
3397 2581 3625 2652 ἀληθής

2021 2685 2138 2737 ἐστι
2192 2682 2253 2734 τὸ
2299 2679 2564 2752 πράττειν
2617 2676 2684 2732 τὰ
2738 2677 2940 2746 ἀγαθὰ,
2972 2678 3283 2746 λογίζεσθαι
3318 2676 3383 2729 δὲ
3417 2675 3629 2729 ἑαυτὸν

2020 2771 2335 2844 ἀκάθαρτον
2388 2770 2483 2825 καὶ
2534 2766 2752 2834 ἀνάξιον
2788 2767 2884 2822 τοῦ
2933 2767 3094 2834 Θεοῦ,
3126 2768 3214 2821 διὰ
3275 2767 3464 2838 μόνην
3519 2766 3628 2837 τὴν

2022 2861 2434 2933 φιλανθρωπίαν
2463 2859 2628 2915 αὐτοῦ
2666 2861 2907 2930 σωθῆναι
2942 2858 3261 2929 νομίζοντα.
3306 2859 3472 2912 Ὅσα
3511 2858 3631 2928 γὰρ

2021 2951 2203 3022 ἀγαθὰ
2248 2953 2345 3007 ἐὰν
2389 2952 2739 3023 ποιήσωμεν,
2773 2951 2874 3004 οὐκ
2906 2947 3457 3020 ἀπολογούμεθα-τῷ
3504 2946 3634 3018 Θεῷ

339 3041 598 3113 universa
640 3059 765 3112 quae
817 3056 1122 3117 suppetunt
1164 3050 1462 3105 oﬂ‘eramus
1518 3051 1630 3106 Deo
1660 3066 1675 3117 ;
1710 3051 1917 3106 nullam

2025 3045 2166 3115 ὑπὲρ
2230 3044 2393 3113 μόνου
2440 3042 2605 3096 αὑτοῦ
2663 3041 2756 3096 τοῦ
2815 3042 2978 3113 ἀέρος
3019 3040 3115 3095 τοῦ
3165 3039 3634 3111 ἀναπνεομένου.

338 3124 502 3188 nobis
553 3135 863 3199 mercedem
892 3128 1106 3204 debet,
1139 3140 1315 3210 ipsius
1347 3141 1498 3196 enim
1529 3141 1716 3196 omnia
1743 3151 1872 3209 sunt
1898 3159 1913 3209 ;

336 3210 523 3278 nullus
551 3233 735 3279 autem
751 3226 867 3296 qui,
886 3243 1007 3297 quae
1021 3245 1120 3284 sua
1147 3239 1277 3285 sunt
1305 3231 1527 3301 accipit,
1546 3232 1799 3287 oﬂ‘erenti
1823 3232 1919 3288 de-

338 3306 489 3391 bitor
517 3312 773 3379 edicitur.
792 3318 867 3373 De
886 3328 1105 3388 caetero,
1132 3321 1267 3391 quid
1291 3309 1660 3389 retribuamus
1687 3323 1919 3379 Domino

338 3390 451 3473 pro.
474 3401 594 3475 ipso
621 3415 747 3473 ortu
777 3411 1012 3471 nostro?
1038 3426 1140 3481 pro
1171 3412 1330 3483 bonis
1365 3413 1567 3483 quibus
1592 3429 1695 3469 nos
1720 3430 1916 3469 cumu-

337 3496 453 3571 lare
500 3489 757 3569 dignatus
805 3502 937 3557 est?
974 3518 1073 3572 pro
1124 3500 1345 3569 liberis,
1388 3521 1490 3576 pro
1548 3505 1776 3573 divitiis,
1812 3520 1916 3574 pro

336 3590 601 3660 periculis
624 3608 693 3647 ex
731 3594 931 3663 quibus
964 3595 1163 3665 sacpius
1190 3611 1293 3652 nos
1316 3596 1618 3651 liberavit?
1652 3612 1755 3667 pro
1783 3611 1912 3651 san-

337 3680 503 3752 guine
558 3673 723 3751 quem
757 3697 858 3753 pro
887 3682 1052 3738 nobis
1099 3683 1339 3740 effudit?
1378 3685 1447 3740 Et
1494 3685 1767 3756 posthaec
1812 3701 1912 3756 pro

337 3769 581 3841 peccatis
628 3770 854 3835 nostris,
913 3787 1035 3842 quae
1094 3772 1399 3831 clementer
1446 3773 1819 3840 condonavit,
1855 3784 1914 3836 et

337 3872 438 3939 pro
496 3874 667 3930 regno
723 3862 988 3917 malorum
1051 3864 1197 3934 quod
1225 3865 1388 3920 nobis
1414 3864 1718 3936 promisit?

2025 3136 2195 3189 Ὅταν
2237 3134 2348 3206 γὰρ
2377 3133 2474 3187 καὶ
2514 3133 2715 3192 πάντα,
2744 3133 2845 3185 ὅσα
2894 3131 3112 3202 ἔχομεν,
3138 3131 3638 3203 προσενέγκωμεν

2024 3225 2171 3297 αὐτῷ
2200 3266 2215 3291 ,
2250 3226 2309 3278 οὐ
2339 3226 2606 3296 χρεωστεϊ
2632 3225 2772 3294 ἡμῖν·
2798 3222 3010 3293 μισθόν.
3037 3222 3212 3275 Αὑτοῦ
3246 3222 3370 3293 γᾴρ
3402 3226 3533 3275 ἐστι
3564 3222 3643 3276 τὰ

2027 3317 2317 3390 σύμπαντα
2348 3331 2362 3346 ⁶
2406 3316 2583 3392 οὐδεὶς
2626 3315 2684 3368 δὲ
2714 3314 2782 3369 τὰ
2827 3315 2935 3367 ῐδια
2978 3313 3309 3384 λαμϐάνων,
3346 3314 3646 3385 χρεωστεῖ

2028 3409 2219 3481 μισθὸν
2255 3407 2439 3463 δοῦναι
2478 3409 2591 3471 τοῖς
2641 3410 3046 3478 προσφέρουσιν
3084 3403 3233 3489 αὐτῷ
3276 3406 3466 3461 αὑτά.
3504 3406 3649 3460 Λοι-

2023 3501 2123 3554 πὸν
2173 3500 2225 3554 τί
2265 3497 2741 3568 ἁνταποδώσωμεν
2782 3497 2862 3567 τῷ
2900 3497 3092 3568 Κυρίῳ
3120 3496 3262 3568 ὑπὲρ
3287 3497 3494 3570 αὐτῆς
3536 3498 3649 3569 τῆς

2020 3592 2287 3663 γενέσεως
2360 3592 2556 3663 ἡμῶνς
2613 3590 2753 3662 ὑπὲρ
2817 3590 2927 3644 τῶν
2987 3587 3242 3657 ἀγαθῶν,
3302 3583 3392 3644 ὧν
3465 3590 3651 3657 ἀξίως

2019 3683 2309 3755 ἐχαρίσατο
2370 3684 2543 3754 ήμῖνς
2612 3681 2755 3753 ὑπὲρ
2823 3681 3067 3746 τέκνων,
3124 3681 3267 3751 ὑπὲρ
3336 3682 3645 3748 πλούτου,

2019 3776 2160 3845 ὑπὲρ
2216 3773 2503 3839 κινδύνων,
2537 3773 2595 3841 ἐξ
2663 3769 2738 3826 ὧν
2798 3773 3055 3836 πολλάκις
3100 3772 3392 3844 ἐρρύσατο
3438 3776 3649 3845 ἠμᾶςς

2019 3865 2159 3938 ὑπὲρ
2211 3865 2305 3919 τοῦ
2346 3866 2615 3936 αἵματος,
2654 3859 2717 3920 οὗ
2765 3864 3014 3935 ὲξέχευεν
3064 3865 3203 3933 ὑπὲρ
3267 3864 3492 3935 ἡμῶν;
3543 3866 3650 3921 καὶ

341 3952 482 4039 μετὰ
521 3953 693 4029 ταῦτα
746 3956 907 4021 πάλιν
946 3958 1086 4030 ὑπὲρ
1139 3960 1247 4012 τῶν
1287 3960 1569 4037 ᾴμαρτιῶν
1626 3960 1825 4043 ἡμῶνς
1885 3961 1980 4031 καὶ
2027 3961 2146 4028 τότε
2207 3960 2347 4046 ὑπὲρ
2405 3961 2504 4032 τῆς
2563 3957 2837 4033 βασιλείας
2890 3957 2997 4011 τῶν
3054 3956 3334 4029 οὐρανῶν,
3404 3954 3486 4032 ἧς
3540 3960 3656 4013 ὓπ-

337 4032 527 4131 ᾆσχετο
554 4049 684 4119 ἡμῖν
700 4066 715 4117 ;

406 4122 544 4197 Cum
575 4141 744 4213 igitur
781 4151 863 4200 tot
896 4154 952 4201 ct
980 4153 1131 4203 tanta
1181 4148 1507 4216 debeamus,
1542 4166 1726 4221 neque
1755 4150 1915 4222 quid-.-

338 4245 500 4305 quam
533 4235 935 4303 persolvamus,
958 4246 1163 4308 quanta
1195 4241 1254 4296 in
1276 4240 1592 4297 humilitate
1614 4243 1916 4312 cordisque

338 4324 670 4399 contritione
703 4328 1222 4399 perpetimversari
1265 4330 1582 4407 debemus?
1612 4333 1687 4387 ita
1731 4341 1794 4409 ut
1820 4346 1917 4390 nev-

2090 4152 2153 4204 Εί
2188 4145 2282 4205 οῦν
2316 4150 2552 4205 τοσαῦτα
2601 4149 3036 4220 χρεωστοῦντες,
3059 4149 3155 4203 καὶ
3203 4151 3397 4220 μηδὲν
3440 4153 3660 4207 ἀποδια-

2017 4240 2218 4307 δόντες,
2258 4244 2315 4295 ὲν
2360 4242 2490 4313 ποίᾳ
2534 4241 2862 4295 ταπεινώσει
2905 4242 3000 4295 καὶ
3058 4241 3335 4315 συντριϐῇ
3395 4244 3661 4316 καρδίας

2019 4332 2308 4405 ὀφείλομεν
2342 4328 2483 4388 εἶναι
2515 4334 2809 4397 διαπαντός
2842 4351 2857 4401 ;
2904 4334 3133 4405 μηδενὸς
3182 4340 3662 4411 κατεπαιρόμε-

336 4411 473 4474 mini
515 4428 617 4469 nos
670 4423 1090 4485 anteponamus,
1125 4420 1403 4474 neminem
1456 4420 1911 4486 condemnemus,

2024 4443 2119 4497 νοι,
2182 4425 2385 4496 μηδένα
2426 4425 2888 4509 κατακρίνοντες,
2937 4425 3142 4496 μηδένα
3183 4425 3657 4499 λοιδοροῦντες,

337 4504 619 4565 neminem
671 4507 1093 4573 calumniemur,
1124 4512 1447 4569 memoriam
1487 4513 1651 4568 illatae
1697 4514 1916 4584 injuriae

2024 4515 2214 4587 μηδενὶ
2251 4506 2724 4587 μνησικακοῦντες
2750 4556 2764 4580 ,
2807 4517 3018 4586 πάντας
3069 4517 3432 4585 ἀγαπῶντες
3464 4560 3483 4583 ,
3511 4524 3667 4576 πᾶσι

339 4591 707 4664 deponamus,
731 4612 924 4655 omnes
953 4598 1265 4677 diligamus,
1296 4609 1353 4657 et
1395 4603 1657 4659 omnibus
1695 4618 1920 4674 compa-

341 4686 567 4752 tiamur,
625 4687 1021 4746 Desideremus
1078 4692 1375 4749 Dominum
1435 4709 1503 4750 eo
1551 4694 1749 4750 aﬂ‘ectu
1808 4709 1919 4765 quo

340 4776 501 4842 multi
524 4778 732 4845 amicas
759 4779 1099 4837 desiderant.
1132 4783 1253 4838 Non
1285 4776 1412 4841 raro
1445 4785 1593 4840 enim
1624 4786 1829 4841 accidit
1860 4796 1922 4842 ut

341 4868 439 4940 qui
461 4869 697 4940 alicujus
747 4872 1001 4931 mulieris
1043 4875 1347 4945 cupiditate
1382 4878 1695 4942 tenebatur,
1723 4893 1918 4934 omnes

343 4973 473 5013 suas
505 4958 796 5021 facultates
833 4960 1213 5032 insumpserit,
1235 4981 1348 5035 quo
1376 4967 1636 5029 sordibus
1658 4969 1781 5039 ejus
1811 4983 1914 5041 po-

346 5050 564 5107 tiretur.
596 5049 912 5117 Timeamus
954 5055 1149 5120 Deum,
1184 5057 1380 5119 saltem
1411 5067 1469 5113 ut
1502 5058 1645 5121 feras
1673 5068 1729 5114 et
1758 5069 1915 5115 catu—

343 5142 446 5207 105.
473 5139 630 5210 Sape
676 5142 824 5207 enim
877 5146 1150 5218 contingit
1186 5156 1248 5202 ut
1282 5147 1413 5203 dum
1460 5149 1632 5221 aliqui
1669 5150 1913 5217 furatum

344 5232 580 5311 tendunt
604 5274 618 5299 ,
650 5235 963 5290 caniculum
1004 5237 1297 5294 latrantem
1329 5240 1575 5307 audiant,
1607 5242 1917 5313 pedemque

342 5339 375 5381 ο
406 5327 641 5398 vestigio
699 5327 967 5392 referant,
1001 5345 1110 5385 non
1162 5331 1359 5387 timore
1406 5333 1527 5398 Dei,
1558 5334 1656 5393 sed
1706 5333 1933 5402 catelli.

2020 4605 2450 4677 συμπαθοῦντες.
2479 4608 2813 4678 Ποθήσωμεν
2883 4608 2973 4661 τὸν
3034 4607 3360 4680 Δεσπότην,
3392 4611 3521 4666 κᾶν
3583 4614 3668 4676 ὡς

2018 4697 2292 4769 ποθοῦμεν
2332 4696 2432 4762 τὰς
2475 4698 2772 4770 ἑταιρίδας.
2802 4697 3210 4769 Πολλάκις,γάρ
3239 4717 3344 4766 τις
3384 4704 3671 4777 ποθήσας

2019 4792 2272 4860 γυναῖκα,
2313 4791 2492 4853 πᾶσαν
2515 4790 2681 4843 αὑτοῦ
2712 4788 2810 4861 τὴν
2843 4788 3079 4861 ὓπαρξιν
3109 4790 3532 4865 ἐδαπάνησεν,
3572 4797 3670 4850 ἴνα

2019 4878 2118 4949 τῆς
2169 4878 2441 4950 ῥυπαρίας
2482 4879 2652 4945 αὐτῆς
2703 4878 2956 4950 ἐπιτύχῃ.
2987 4880 3078 4933 Διὸ
3115 4878 3501 4956 φοϐηθῶμεν
3568 4886 3671 4940 τὸν

2018 4968 2172 5033 Θεὸν,
2203 4968 2308 5022 κᾶν
2337 4968 2413 5031 ὡς
2435 4970 2564 5032 τοὺς
2594 4969 2787 5041 θῆρας,
2818 4969 2852 5041 ἢ
2881 4971 3007 5033 τοὺς
3036 4967 3231 5032 κύνας.
3262 4973 3524 5044 κλέψαι
3548 4977 3670 5045 γὰρ

2018 5060 2283 5125 πολλάκις
2338 5061 2746 5132 ἀπερχόμενοι,
2775 5062 2870 5116 καὶ
2902 5063 3089 5132 φωνῆς
3126 5066 3455 5137 κυναρίων
3477 5072 3545 5126 ὲν
3584 5070 3672 5143 τῷ

2017 5155 2171 5235 τόπερ
2196 5154 2550 5221 ἀκούσαντες,
2578 5154 2779 5220 εὐθέως
2804 5155 3286 5227 ὑποστρέψαντες,
3333 5163 3427 5234 μὴ
3473 5162 3670 5235 φυση-

2021 5234 2209 5309 θέντὲς
2237 5246 2327 5302 τὸν
2355 5246 2511 5312 Θεὸν,
2543 5247 2680 5302 ἀλλὰ
2721 5249 2852 5312 τοὺς
2902 5247 3091 5313 κύνας.
3121 5246 3220 5302 Διδ
3281 5234 3675 5329 φοϐηθῶμεν

2025 5338 2207 5392 αὐτόν.
2234 5336 2532 5408 Γενώμεθα
2571 5341 2637 5410 τῇ
2685 5338 2833 5411 ψυχῇ
2873 5338 3062 5411 ὥσπερ
3111 5340 3159 5392 oi
3209 5336 3583 5415 κατάδικοι,
3619 5352 3674 5402 οἱ

342 5415 692 5488 Quapropter
748 5420 1037 5477 timeamus
1099 5422 1295 5478 Deum.
1353 5424 1553 5480 Animo
1612 5426 1917 5481 aliieiamur

2024 5427 2173 5491 ὄντες
2222 5429 2281 5482 ὲν
2327 5430 2447 5491 ταῖς
2495 5430 2764 5498 φυλακαῖς
2788 5470 2802 5494 ,
2828 5428 3125 5493 διαπαντὸς
3173 5438 3671 5508 μεριμνῶντες,

346 5506 509 5572 sicuti
543 5510 610 5564 ad
651 5519 883 5568 mortem
935 5514 1204 5583 damnati,
1237 5517 1333 5586 qui
1374 5519 1613 5574 vinculis
1639 5518 1911 5586 adstricti,

2025 5520 2154 5573 πότε
2201 5520 2416 5591 ἔρχεται
2471 5521 2499 5573 ό
2550 5520 2861 5594 ἐξεταστὴς.
2898 5522 2992 5576 καὶ
3048 5506 3362 5582 ἀποδώσει
3422 5530 3675 5601 ἑκάστῳ

420 5658 465 5689 ⁸³
488 5659 675 5725 Matth.
700 5679 809 5730 vm,
834 5665 921 5719 29.
1000 5667 1043 5697 “
1061 5667 1174 5723 Jac.
1199 5683 1255 5735 ιι.
1288 5668 1370 5732 l9.
