  <div class='ocr_page' id='page_1' title='image "/cluster/home/n/w/nwhite01/storage/ocr_20150623/89/mdp.39015008868328/422.png"; bbox 0 0 4026 6140; ppageno 0'>
   <div class='ocr_carea' id='block_1_1' title="bbox 348 213 446 275">
    <p class='ocr_par' dir='ltr' id='par_1_1' title="bbox 348 213 446 275">
     <span class='ocr_line' id='line_1_1' title="bbox 348 213 446 275; baseline 0 -2"><span class='ocrx_word' id='word_1_1' title='bbox 348 213 446 275; x_wconf 71' lang='grc'><strong>797</strong></span> 
     </span>
    </p>
   </div>
   <div class='ocr_carea' id='block_1_2' title="bbox 347 411 1924 489">
    <p class='ocr_par' dir='ltr' id='par_1_2' title="bbox 347 411 1924 489">
     <span class='ocr_line' id='line_1_2' title="bbox 347 411 1924 489; baseline 0.001 -21"><span class='ocrx_word' id='word_1_2' title='bbox 347 411 389 485; x_wconf 76' lang='grc' dir='ltr'>ᾧ</span> <span class='ocrx_word' id='word_1_3' title='bbox 424 416 628 478; x_wconf 72' lang='grc' dir='ltr'>πάντες</span> <span class='ocrx_word' id='word_1_4' title='bbox 676 416 948 487; x_wconf 69' lang='grc' dir='ltr'>ἥμαρτον,</span> <span class='ocrx_word' id='word_1_5' title='bbox 989 435 1006 466; x_wconf 74' lang='grc' dir='ltr'><strong>ι</strong></span> <span class='ocrx_word' id='word_1_6' title='bbox 1041 418 1090 468; x_wconf 74' lang='grc' dir='ltr'>εἰ</span> <span class='ocrx_word' id='word_1_7' title='bbox 1122 416 1200 488; x_wconf 70' lang='grc' dir='ltr'>μὴ</span> <span class='ocrx_word' id='word_1_8' title='bbox 1240 416 1300 469; x_wconf 83' lang='grc' dir='ltr'>ὃν</span> <span class='ocrx_word' id='word_1_9' title='bbox 1343 417 1548 488; x_wconf 79' lang='grc' dir='ltr'>τρόπον</span> <span class='ocrx_word' id='word_1_10' title='bbox 1577 419 1611 489; x_wconf 80' lang='grc' dir='ltr'><strong>ἡ</strong></span> <span class='ocrx_word' id='word_1_11' title='bbox 1657 418 1924 489; x_wconf 74' lang='grc' dir='ltr'>καθολικὴ</span> 
     </span>
    </p>
   </div>
   <div class='ocr_carea' id='block_1_3' title="bbox 360 506 1923 581">
    <p class='ocr_par' dir='ltr' id='par_1_3' title="bbox 360 506 1923 581">
     <span class='ocr_line' id='line_1_3' title="bbox 360 506 1923 581; baseline -0.001 -18"><span class='ocrx_word' id='word_1_12' title='bbox 360 508 656 580; x_wconf 78' lang='grc' dir='ltr'>Ἐκκλησία</span> <span class='ocrx_word' id='word_1_13' title='bbox 683 509 894 579; x_wconf 74' lang='grc' dir='ltr'>ἐνόησε.</span> <span class='ocrx_word' id='word_1_14' title='bbox 942 508 1041 561; x_wconf 70' lang='grc' dir='ltr'><strong>Διὰ</strong></span> <span class='ocrx_word' id='word_1_15' title='bbox 1075 506 1233 561; x_wconf 82' lang='grc' dir='ltr'>τοῦτο</span> <span class='ocrx_word' id='word_1_16' title='bbox 1260 509 1369 580; x_wconf 67' lang='grc' dir='ltr'>γὰρ</span> <span class='ocrx_word' id='word_1_17' title='bbox 1422 509 1518 562; x_wconf 70' lang='grc' dir='ltr'>καὶ</span> <span class='ocrx_word' id='word_1_18' title='bbox 1557 513 1607 564; x_wconf 83' lang='grc' dir='ltr'>οἱ</span> <span class='ocrx_word' id='word_1_19' title='bbox 1655 511 1845 581; x_wconf 71' lang='grc' dir='ltr'>μικροὶ</span> <span class='ocrx_word' id='word_1_20' title='bbox 1873 511 1923 563; x_wconf 88' lang='grc' dir='ltr'><strong>οί</strong></span> 
     </span>
    </p>
   </div>
   <div class='ocr_carea' id='block_1_4' title="bbox 353 599 1923 671">
    <p class='ocr_par' dir='ltr' id='par_1_4' title="bbox 353 599 1923 671">
     <span class='ocr_line' id='line_1_4' title="bbox 353 599 1923 671; baseline 0.002 -18"><span class='ocrx_word' id='word_1_21' title='bbox 353 599 516 670; x_wconf 75' lang='grc' dir='ltr'>μηδὲν</span> <span class='ocrx_word' id='word_1_22' title='bbox 565 600 985 670; x_wconf 78' lang='grc' dir='ltr'><strong>ἁμαρτημάτων</strong></span> <span class='ocrx_word' id='word_1_23' title='bbox 1039 602 1120 664; x_wconf 87' lang='grc' dir='ltr'><strong>είς</strong></span> <span class='ocrx_word' id='word_1_24' title='bbox 1187 601 1415 663; x_wconf 75' lang='grc' dir='ltr'>ἑαυτοὺς</span> <span class='ocrx_word' id='word_1_25' title='bbox 1452 599 1536 653; x_wconf 74' lang='grc' dir='ltr'>ἔτι</span> <span class='ocrx_word' id='word_1_26' title='bbox 1575 601 1923 671; x_wconf 77' lang='grc' dir='ltr'><strong>πλημμελεῖν</strong></span> 
     </span>
    </p>
   </div>
   <div class='ocr_carea' id='block_1_5' title="bbox 348 688 1917 761">
    <p class='ocr_par' dir='ltr' id='par_1_5' title="bbox 348 688 1917 761">
     <span class='ocr_line' id='line_1_5' title="bbox 348 688 1917 761; baseline -0.001 -17"><span class='ocrx_word' id='word_1_27' title='bbox 348 692 655 759; x_wconf 78' lang='grc' dir='ltr'>δυνάμενοι,</span> <span class='ocrx_word' id='word_1_28' title='bbox 677 692 758 751; x_wconf 77' lang='grc' dir='ltr'>εἰς</span> <span class='ocrx_word' id='word_1_29' title='bbox 785 690 982 759; x_wconf 68' lang='grc' dir='ltr'>ἄφεσιν</span> <span class='ocrx_word' id='word_1_30' title='bbox 995 690 1284 761; x_wconf 77' lang='grc' dir='ltr'>ἁμαρτιῶν</span> <span class='ocrx_word' id='word_1_31' title='bbox 1301 688 1519 760; x_wconf 82' lang='grc' dir='ltr'>ἀληθῶς</span> <span class='ocrx_word' id='word_1_32' title='bbox 1540 689 1917 759; x_wconf 75' lang='grc' dir='ltr'><strong>βαπτίζονται,</strong></span> 
     </span>
    </p>
   </div>
   <div class='ocr_carea' id='block_1_6' title="bbox 355 781 1923 854">
    <p class='ocr_par' dir='ltr' id='par_1_6' title="bbox 355 781 1923 854">
     <span class='ocr_line' id='line_1_6' title="bbox 355 781 1923 854; baseline -0.001 -17"><span class='ocrx_word' id='word_1_33' title='bbox 355 783 440 837; x_wconf 82' lang='grc' dir='ltr'><strong>ἵνα</strong></span> <span class='ocrx_word' id='word_1_34' title='bbox 477 781 731 853; x_wconf 77' lang='grc' dir='ltr'><strong>καθαρθῇ</strong></span> <span class='ocrx_word' id='word_1_35' title='bbox 768 783 826 834; x_wconf 74' lang='grc' dir='ltr'>ἐν</span> <span class='ocrx_word' id='word_1_36' title='bbox 853 782 1037 845; x_wconf 72' lang='grc' dir='ltr'>αὐτοῖς</span> <span class='ocrx_word' id='word_1_37' title='bbox 1072 781 1163 835; x_wconf 68' lang='grc' dir='ltr'><strong>διὰ</strong></span> <span class='ocrx_word' id='word_1_38' title='bbox 1185 785 1285 853; x_wconf 70' lang='grc' dir='ltr'><strong>τῆς</strong></span> <span class='ocrx_word' id='word_1_39' title='bbox 1306 781 1751 851; x_wconf 68' lang='grc' dir='ltr'><strong>παλιγγενεσίας,</strong></span> <span class='ocrx_word' id='word_1_40' title='bbox 1782 783 1923 854; x_wconf 68' lang='grc' dir='ltr'>ὅπερ</span> 
     </span>
    </p>
   </div>
   <div class='ocr_carea' id='block_1_7' title="bbox 353 874 1281 945">
    <p class='ocr_par' dir='ltr' id='par_1_7' title="bbox 353 874 1281 945">
     <span class='ocr_line' id='line_1_7' title="bbox 353 874 1281 945; baseline -0.001 -17"><span class='ocrx_word' id='word_1_41' title='bbox 353 876 609 929; x_wconf 74' lang='grc' dir='ltr'>εἵλκυσαν</span> <span class='ocrx_word' id='word_1_42' title='bbox 633 875 721 928; x_wconf 77' lang='grc' dir='ltr'><strong>διὰ</strong></span> <span class='ocrx_word' id='word_1_43' title='bbox 753 874 851 945; x_wconf 80' lang='grc' dir='ltr'>τῆς</span> <span class='ocrx_word' id='word_1_44' title='bbox 876 874 1281 945; x_wconf 74' lang='grc' dir='ltr'>ἁρχαιογονίαςς</span> 
     </span>
    </p>
   </div>
   <div class='ocr_carea' id='block_1_8' title="bbox 1710 212 2225 286">
    <p class='ocr_par' dir='ltr' id='par_1_8' title="bbox 1710 212 2225 286">
     <span class='ocr_line' id='line_1_8' title="bbox 1710 212 2225 286; baseline 0.006 -13"><span class='ocrx_word' id='word_1_45' title='bbox 1710 212 2225 286; x_wconf 65' lang='grc' dir='ltr'>ουτΕεΉοΝΕε.</span> 
     </span>
    </p>
   </div>
   <div class='ocr_carea' id='block_1_9' title="bbox 348 318 1933 409">
    <p class='ocr_par' dir='ltr' id='par_1_9' title="bbox 348 318 1928 399">
     <span class='ocr_line' id='line_1_9' title="bbox 348 318 1928 399; baseline -0.001 -19"><span class='ocrx_word' id='word_1_46' title='bbox 348 342 456 388; x_wconf 82' lang='grc' dir='ltr'>τος,</span> <span class='ocrx_word' id='word_1_47' title='bbox 495 326 589 379; x_wconf 73' lang='grc' dir='ltr'><strong>καὶ</strong></span> <span class='ocrx_word' id='word_1_48' title='bbox 633 321 693 375; x_wconf 76' lang='grc' dir='ltr'>οὖ</span> <span class='ocrx_word' id='word_1_49' title='bbox 709 340 805 387; x_wconf 83' lang='grc' dir='ltr'>;ως</span> <span class='ocrx_word' id='word_1_50' title='bbox 844 323 922 387; x_wconf 74' lang='grc' dir='ltr'>εἰς</span> <span class='ocrx_word' id='word_1_51' title='bbox 966 324 1171 388; x_wconf 56' lang='lat' dir='ltr'><strong>nauta;</strong></span> <span class='ocrx_word' id='word_1_52' title='bbox 1195 318 1514 393; x_wconf 69' lang='grc' dir='ltr'>ἀνθρώπους</span> <span class='ocrx_word' id='word_1_53' title='bbox 1545 326 1843 399; x_wconf 78' lang='grc' dir='ltr'>εἰσῆ).θεν],</span> <span class='ocrx_word' id='word_1_54' title='bbox 1872 331 1928 379; x_wconf 81' lang='grc' dir='ltr'><strong>ἐν</strong></span> 
     </span>
    </p>
   </div>
   <div class='ocr_carea' id='block_1_10' title="bbox 2036 318 3714 409">
    <p class='ocr_par' dir='ltr' id='par_1_10' title="bbox 2036 330 3714 409">
     <span class='ocr_line' id='line_1_10' title="bbox 2036 330 3714 409; baseline 0 -22"><span class='ocrx_word' id='word_1_55' title='bbox 2036 347 2159 402; x_wconf 82' lang='lat' dir='ltr'><strong>gere</strong></span> <span class='ocrx_word' id='word_1_56' title='bbox 2192 341 2409 402; x_wconf 85' lang='lat' dir='ltr'><strong>oportet</strong></span> <span class='ocrx_word' id='word_1_57' title='bbox 2454 331 2600 402; x_wconf 87' lang='lat' dir='ltr'><strong>quod</strong></span> <span class='ocrx_word' id='word_1_58' title='bbox 2650 331 2719 409; x_wconf 80' lang='lat' dir='ltr'><strong>ah</strong></span> <span class='ocrx_word' id='word_1_59' title='bbox 2744 331 3007 402; x_wconf 84' lang='lat' dir='ltr'><strong>Apostolo</strong></span> <span class='ocrx_word' id='word_1_60' title='bbox 3029 332 3238 389; x_wconf 87' lang='lat' dir='ltr'><strong>dictum</strong></span> <span class='ocrx_word' id='word_1_61' title='bbox 3291 342 3417 388; x_wconf 92' lang='lat' dir='ltr'><strong>est:</strong></span> <span class='ocrx_word' id='word_1_62' title='bbox 3453 352 3471 384; x_wconf 75' lang='grc' dir='ltr'><strong>ι</strong></span> <span class='ocrx_word' id='word_1_63' title='bbox 3502 330 3611 389; x_wconf 81' lang='lat' dir='ltr'><strong>Per</strong></span> <span class='ocrx_word' id='word_1_64' title='bbox 3693 381 3714 405; x_wconf 45' lang='grc' dir='ltr'><strong>η</strong></span> 
     </span>
    </p>
   </div>
   <div class='ocr_carea' id='block_1_11' title="bbox 3506 216 3611 278">
    <p class='ocr_par' dir='ltr' id='par_1_11' title="bbox 3506 216 3611 278">
     <span class='ocr_line' id='line_1_11' title="bbox 3506 216 3611 278; baseline 0 0"><span class='ocrx_word' id='word_1_65' title='bbox 3506 216 3611 278; x_wconf 78' lang='lat'><strong>793</strong></span> 
     </span>
    </p>
   </div>
   <div class='ocr_carea' id='block_1_12' title="bbox 2035 423 3606 498">
    <p class='ocr_par' dir='ltr' id='par_1_12' title="bbox 2035 423 3606 498">
     <span class='ocr_line' id='line_1_12' title="bbox 2035 423 3606 498; baseline 0 -20"><span class='ocrx_word' id='word_1_66' title='bbox 2035 439 2206 478; x_wconf 89' lang='lat' dir='ltr'><strong>unum</strong></span> <span class='ocrx_word' id='word_1_67' title='bbox 2253 424 2532 477; x_wconf 82' lang='lat' dir='ltr'><strong>hominem</strong></span> <span class='ocrx_word' id='word_1_68' title='bbox 2586 431 2874 494; x_wconf 85' lang='lat' dir='ltr'><strong>peccatum</strong></span> <span class='ocrx_word' id='word_1_69' title='bbox 2911 423 3168 479; x_wconf 74' lang='lat' dir='ltr'><strong>introivit</strong></span> <span class='ocrx_word' id='word_1_70' title='bbox 3218 426 3277 479; x_wconf 91' lang='lat' dir='ltr'><strong>in</strong></span> <span class='ocrx_word' id='word_1_71' title='bbox 3314 423 3606 498; x_wconf 85' lang='lat' dir='ltr'><strong>mundum,</strong></span> 
     </span>
    </p>
   </div>
   <div class='ocr_carea' id='block_1_13' title="bbox 2030 515 3610 587">
    <p class='ocr_par' dir='ltr' id='par_1_13' title="bbox 2030 515 3610 587">
     <span class='ocr_line' id='line_1_13' title="bbox 2030 515 3610 587; baseline 0 -17"><span class='ocrx_word' id='word_1_72' title='bbox 2030 524 2086 571; x_wconf 86' lang='lat' dir='ltr'><strong>et</strong></span> <span class='ocrx_word' id='word_1_73' title='bbox 2126 531 2225 586; x_wconf 90' lang='lat' dir='ltr'><strong>per</strong></span> <span class='ocrx_word' id='word_1_74' title='bbox 2250 522 2539 585; x_wconf 86' lang='lat' dir='ltr'><strong>peccatum</strong></span> <span class='ocrx_word' id='word_1_75' title='bbox 2572 531 2741 580; x_wconf 83' lang='lat' dir='ltr'><strong>mors,</strong></span> <span class='ocrx_word' id='word_1_76' title='bbox 2798 524 2855 570; x_wconf 91' lang='lat' dir='ltr'><strong>et</strong></span> <span class='ocrx_word' id='word_1_77' title='bbox 2889 516 2970 571; x_wconf 87' lang='lat' dir='ltr'><strong>sic</strong></span> <span class='ocrx_word' id='word_1_78' title='bbox 3027 516 3083 571; x_wconf 89' lang='lat' dir='ltr'><strong>in</strong></span> <span class='ocrx_word' id='word_1_79' title='bbox 3111 530 3303 587; x_wconf 89' lang='lat' dir='ltr'><strong>omnes</strong></span> <span class='ocrx_word' id='word_1_80' title='bbox 3352 515 3610 570; x_wconf 82' lang='lat' dir='ltr'><strong>homines</strong></span> 
     </span>
    </p>
   </div>
   <div class='ocr_carea' id='block_1_14' title="bbox 2029 605 3611 677">
    <p class='ocr_par' dir='ltr' id='par_1_14' title="bbox 2029 605 3611 677">
     <span class='ocr_line' id='line_1_14' title="bbox 2029 605 3611 677; baseline -0.001 -16"><span class='ocrx_word' id='word_1_81' title='bbox 2029 607 2295 677; x_wconf 73' lang='lat' dir='ltr'><strong>pervasit,</strong></span> <span class='ocrx_word' id='word_1_82' title='bbox 2328 606 2383 660; x_wconf 92' lang='lat' dir='ltr'><strong>in</strong></span> <span class='ocrx_word' id='word_1_83' title='bbox 2420 623 2529 676; x_wconf 92' lang='lat' dir='ltr'><strong>quo</strong></span> <span class='ocrx_word' id='word_1_84' title='bbox 2563 622 2753 661; x_wconf 91' lang='lat' dir='ltr'><strong>omnes</strong></span> <span class='ocrx_word' id='word_1_85' title='bbox 2776 616 3151 677; x_wconf 89' lang='lat' dir='ltr'><strong>peccaverunt</strong></span> <span class='ocrx_word' id='word_1_86' title='bbox 3180 607 3250 672; x_wconf 80' lang='grc'>’⁸,</span> <span class='ocrx_word' id='word_1_87' title='bbox 3285 626 3303 658; x_wconf 76' lang='grc' dir='ltr'><strong>ι</strong></span> <span class='ocrx_word' id='word_1_88' title='bbox 3338 605 3611 676; x_wconf 85' lang='lat' dir='ltr'><strong>nisiquo-</strong></span> 
     </span>
    </p>
   </div>
   <div class='ocr_carea' id='block_1_15' title="bbox 2030 697 3613 773">
    <p class='ocr_par' dir='ltr' id='par_1_15' title="bbox 2030 697 3613 773">
     <span class='ocr_line' id='line_1_15' title="bbox 2030 697 3613 773; baseline -0.001 -20"><span class='ocrx_word' id='word_1_89' title='bbox 2030 698 2194 754; x_wconf 89' lang='lat' dir='ltr'><strong>modo</strong></span> <span class='ocrx_word' id='word_1_90' title='bbox 2238 698 2512 773; x_wconf 85' lang='lat' dir='ltr'><strong>catholica</strong></span> <span class='ocrx_word' id='word_1_91' title='bbox 2579 700 2823 755; x_wconf 83' lang='lat' dir='ltr'><strong>Ecclesia</strong></span> <span class='ocrx_word' id='word_1_92' title='bbox 2875 715 3095 769; x_wconf 84' lang='lat' dir='ltr'><strong>semper</strong></span> <span class='ocrx_word' id='word_1_93' title='bbox 3158 698 3455 753; x_wconf 84' lang='lat' dir='ltr'><strong>intellexit.</strong></span> <span class='ocrx_word' id='word_1_94' title='bbox 3504 697 3613 753; x_wconf 85' lang='lat' dir='ltr'><strong>Per</strong></span> 
     </span>
    </p>
   </div>
   <div class='ocr_carea' id='block_1_16' title="bbox 2024 785 3608 860">
    <p class='ocr_par' dir='ltr' id='par_1_16' title="bbox 2024 785 3608 860">
     <span class='ocr_line' id='line_1_16' title="bbox 2024 785 3608 860; baseline -0.001 -17"><span class='ocrx_word' id='word_1_95' title='bbox 2024 788 2177 843; x_wconf 81' lang='lat' dir='ltr'><strong>hunc</strong></span> <span class='ocrx_word' id='word_1_96' title='bbox 2236 789 2385 843; x_wconf 90' lang='lat' dir='ltr'><strong>enim</strong></span> <span class='ocrx_word' id='word_1_97' title='bbox 2416 788 2542 845; x_wconf 84' lang='lat' dir='ltr'><strong>tidei</strong></span> <span class='ocrx_word' id='word_1_98' title='bbox 2597 805 2866 844; x_wconf 86' lang='lat' dir='ltr'><strong>canonem</strong></span> <span class='ocrx_word' id='word_1_99' title='bbox 2916 785 3155 845; x_wconf 82' lang='lat' dir='ltr'><strong>infantes</strong></span> <span class='ocrx_word' id='word_1_100' title='bbox 3207 803 3450 860; x_wconf 81' lang='lat' dir='ltr'><strong>quoque,</strong></span> <span class='ocrx_word' id='word_1_101' title='bbox 3511 788 3608 857; x_wconf 87' lang='lat' dir='ltr'><strong>qui</strong></span> 
     </span>
    </p>
   </div>
   <div class='ocr_carea' id='block_1_17' title="bbox 2024 878 3609 951">
    <p class='ocr_par' dir='ltr' id='par_1_17' title="bbox 2024 878 3609 951">
     <span class='ocr_line' id='line_1_17' title="bbox 2024 878 3609 951; baseline -0.002 -17"><span class='ocrx_word' id='word_1_102' title='bbox 2024 878 2241 934; x_wconf 77' lang='lat' dir='ltr'><strong>nullum</strong></span> <span class='ocrx_word' id='word_1_103' title='bbox 2300 895 2370 936; x_wconf 81' lang='lat' dir='ltr'><strong>ex</strong></span> <span class='ocrx_word' id='word_1_104' title='bbox 2428 896 2487 935; x_wconf 90' lang='lat' dir='ltr'><strong>se</strong></span> <span class='ocrx_word' id='word_1_105' title='bbox 2539 888 2828 951; x_wconf 88' lang='lat' dir='ltr'><strong>peccatum</strong></span> <span class='ocrx_word' id='word_1_106' title='bbox 2864 881 3211 936; x_wconf 82' lang='lat' dir='ltr'><strong>committere</strong></span> <span class='ocrx_word' id='word_1_107' title='bbox 3274 887 3609 951; x_wconf 75' lang='lat' dir='ltr'><strong>potuerunt,</strong></span> 
     </span>
    </p>
   </div>
   <div class='ocr_carea' id='block_1_18' title="bbox 352 968 3603 1047">
    <p class='ocr_par' dir='ltr' id='par_1_18' title="bbox 352 968 3603 1047">
     <span class='ocr_line' id='line_1_18' title="bbox 352 968 3603 1047; baseline 0.001 -26"><span class='ocrx_word' id='word_1_108' title='bbox 352 981 479 1022; x_wconf 87' lang='lat' dir='ltr'><strong>vere</strong></span> <span class='ocrx_word' id='word_1_109' title='bbox 509 968 565 1022; x_wconf 89' lang='lat' dir='ltr'><strong>in</strong></span> <span class='ocrx_word' id='word_1_110' title='bbox 589 978 940 1038; x_wconf 81' lang='lat' dir='ltr'><strong>peccatorum</strong></span> <span class='ocrx_word' id='word_1_111' title='bbox 987 971 1365 1026; x_wconf 86' lang='lat' dir='ltr'><strong>remissionem</strong></span> <span class='ocrx_word' id='word_1_112' title='bbox 1398 970 1752 1040; x_wconf 81' lang='lat' dir='ltr'><strong>baptizantur</strong></span> <span class='ocrx_word' id='word_1_113' title='bbox 1794 988 1806 1022; x_wconf 90' lang='lat'><strong>:</strong></span> <span class='ocrx_word' id='word_1_114' title='bbox 1851 978 1912 1029; x_wconf 90' lang='lat' dir='ltr'><strong>ut</strong></span> <span class='ocrx_word' id='word_1_115' title='bbox 1945 986 2050 1043; x_wconf 88' lang='lat' dir='ltr'><strong>per</strong></span> <span class='ocrx_word' id='word_1_116' title='bbox 2084 974 2563 1047; x_wconf 69' lang='lat' dir='ltr'><strong>regenerationem</strong></span> <span class='ocrx_word' id='word_1_117' title='bbox 2603 974 2658 1029; x_wconf 91' lang='lat' dir='ltr'><strong>in</strong></span> <span class='ocrx_word' id='word_1_118' title='bbox 2685 974 2767 1030; x_wconf 87' lang='lat' dir='ltr'><strong>eis</strong></span> <span class='ocrx_word' id='word_1_119' title='bbox 2795 973 3093 1030; x_wconf 90' lang='lat' dir='ltr'><strong>mundetur</strong></span> <span class='ocrx_word' id='word_1_120' title='bbox 3148 972 3299 1045; x_wconf 88' lang='lat' dir='ltr'><strong>quod</strong></span> <span class='ocrx_word' id='word_1_121' title='bbox 3338 971 3410 1045; x_wconf 84' lang='lat' dir='ltr'><strong>ab</strong></span> <span class='ocrx_word' id='word_1_122' title='bbox 3456 971 3603 1028; x_wconf 87' lang='lat' dir='ltr'><strong>anti-</strong></span> 
     </span>
    </p>
   </div>
   <div class='ocr_carea' id='block_1_19' title="bbox 353 1058 1136 1130">
    <p class='ocr_par' dir='ltr' id='par_1_19' title="bbox 353 1058 1136 1130">
     <span class='ocr_line' id='line_1_19' title="bbox 353 1058 1136 1130; baseline -0.001 -17"><span class='ocrx_word' id='word_1_123' title='bbox 353 1075 460 1130; x_wconf 90' lang='lat' dir='ltr'><strong>qua</strong></span> <span class='ocrx_word' id='word_1_124' title='bbox 489 1058 700 1130; x_wconf 78' lang='lat' dir='ltr'><strong>origine</strong></span> <span class='ocrx_word' id='word_1_125' title='bbox 721 1067 1136 1113; x_wconf 80' lang='lat' dir='ltr'><strong>contraxerunt.</strong></span> 
     </span>
    </p>
   </div>
   <div class='ocr_carea' id='block_1_20' title="bbox 586 1183 1556 1288">
    <p class='ocr_par' dir='ltr' id='par_1_20' title="bbox 586 1183 1556 1288">
     <span class='ocr_line' id='line_1_20' title="bbox 586 1183 1556 1288; baseline 0.022 -22"><span class='ocrx_word' id='word_1_126' title='bbox 586 1280 593 1288; x_wconf 29' lang='grc'><strong>,</strong></span> <span class='ocrx_word' id='word_1_127' title='bbox 696 1183 1228 1283; x_wconf 82' lang='grc' dir='ltr'><strong>ΕΡΩΤΗΣΙΣ</strong></span> <span class='ocrx_word' id='word_1_128' title='bbox 1291 1185 1556 1286; x_wconf 79' lang='grc' dir='ltr'><strong>ΡΜΔὀ</strong></span> 
     </span>
    </p>
   </div>
   <div class='ocr_carea' id='block_1_21' title="bbox 361 1319 1932 1389">
    <p class='ocr_par' dir='ltr' id='par_1_21' title="bbox 361 1319 1932 1389">
     <span class='ocr_line' id='line_1_21' title="bbox 361 1319 1932 1389; baseline -0.003 -10"><span class='ocrx_word' id='word_1_129' title='bbox 361 1327 422 1379; x_wconf 74' lang='lat' dir='ltr'><strong>Ti</strong></span> <span class='ocrx_word' id='word_1_130' title='bbox 470 1322 692 1389; x_wconf 75' lang='grc' dir='ltr'>δήποτε</span> <span class='ocrx_word' id='word_1_131' title='bbox 729 1322 870 1377; x_wconf 77' lang='grc' dir='ltr'>οὔτε</span> <span class='ocrx_word' id='word_1_132' title='bbox 917 1322 1190 1383; x_wconf 73' lang='grc' dir='ltr'>πλείονα,</span> <span class='ocrx_word' id='word_1_133' title='bbox 1215 1323 1354 1377; x_wconf 78' lang='grc' dir='ltr'>οὔτε</span> <span class='ocrx_word' id='word_1_134' title='bbox 1377 1323 1671 1379; x_wconf 73' lang='grc' dir='ltr'><strong>ἐλάττονά</strong></span> <span class='ocrx_word' id='word_1_135' title='bbox 1714 1325 1832 1378; x_wconf 83' lang='grc' dir='ltr'>εισι</span> <span class='ocrx_word' id='word_1_136' title='bbox 1859 1319 1932 1376; x_wconf 80' lang='grc' dir='ltr'>τὰ</span> 
     </span>
    </p>
   </div>
   <div class='ocr_carea' id='block_1_22' title="bbox 959 1391 1335 1463">
    <p class='ocr_par' dir='ltr' id='par_1_22' title="bbox 959 1391 1335 1463">
     <span class='ocr_line' id='line_1_22' title="bbox 959 1391 1335 1463; baseline 0 -17"><span class='ocrx_word' id='word_1_137' title='bbox 959 1391 1009 1446; x_wconf 82' lang='grc' dir='ltr'><em>Ε</em></span> <span class='ocrx_word' id='word_1_138' title='bbox 1015 1393 1295 1463; x_wconf 65' lang='grc' dir='ltr'>ὺαγγέλια</span> <span class='ocrx_word' id='word_1_139' title='bbox 1314 1410 1335 1459; x_wconf 85' lang='grc'><em>;</em></span> 
     </span>
    </p>
   </div>
   <div class='ocr_carea' id='block_1_23' title="bbox 956 1504 1347 1560">
    <p class='ocr_par' dir='ltr' id='par_1_23' title="bbox 956 1504 1347 1560">
     <span class='ocr_line' id='line_1_23' title="bbox 956 1504 1347 1560; baseline 0 0"><span class='ocrx_word' id='word_1_140' title='bbox 956 1504 1347 1560; x_wconf 76' lang='grc' dir='ltr'><strong>ΔΠΟΚΡΙΣΙΣ.</strong></span> 
     </span>
    </p>
   </div>
   <div class='ocr_carea' id='block_1_24' title="bbox 2302 1177 3344 1288">
    <p class='ocr_par' dir='ltr' id='par_1_24' title="bbox 2302 1177 3344 1288">
     <span class='ocr_line' id='line_1_24' title="bbox 2302 1177 3344 1288; baseline -0.004 -15"><span class='ocrx_word' id='word_1_141' title='bbox 2302 1177 2867 1288; x_wconf 65' lang='lat' dir='ltr'><strong>QUESTIO</strong></span> <span class='ocrx_word' id='word_1_142' title='bbox 2938 1181 3344 1272; x_wconf 85' lang='lat' dir='ltr'><strong>CXLIV.</strong></span> 
     </span>
    </p>
   </div>
   <div class='ocr_carea' id='block_1_25' title="bbox 2032 1329 3614 1469">
    <p class='ocr_par' dir='ltr' id='par_1_25' title="bbox 2032 1329 3614 1469">
     <span class='ocr_line' id='line_1_25' title="bbox 2032 1329 3614 1469; baseline 0.004 -84"><span class='ocrx_word' id='word_1_143' title='bbox 2032 1330 2142 1389; x_wconf 86' lang='lat' dir='ltr'><strong>Cur</strong></span> <span class='ocrx_word' id='word_1_144' title='bbox 2169 1345 2264 1385; x_wconf 85' lang='lat' dir='ltr'><strong>nec</strong></span> <span class='ocrx_word' id='word_1_145' title='bbox 2293 1329 2454 1400; x_wconf 85' lang='lat' dir='ltr'><strong>plura</strong></span> <span class='ocrx_word' id='word_1_146' title='bbox 2489 1344 2586 1382; x_wconf 83' lang='lat' dir='ltr'><strong>nec</strong></span> <span class='ocrx_word' id='word_1_147' title='bbox 2615 1330 3044 1469; x_wconf 51' lang='grc' dir='ltr'><strong>ραὲῑῗῑζρονεῗαι</strong></span> <span class='ocrx_word' id='word_1_148' title='bbox 3092 1330 3396 1403; x_wconf 59' lang='lat' dir='ltr'><strong>Maia</strong></span> <span class='ocrx_word' id='word_1_149' title='bbox 3446 1351 3614 1406; x_wconf 78' lang='lat' dir='ltr'><strong>quam</strong></span> 
     </span>
    </p>
   </div>
   <div class='ocr_carea' id='block_1_26' title="bbox 2632 1510 3034 1568">
    <p class='ocr_par' dir='ltr' id='par_1_26' title="bbox 2632 1510 3034 1568">
     <span class='ocr_line' id='line_1_26' title="bbox 2632 1510 3034 1568; baseline 0.002 -2"><span class='ocrx_word' id='word_1_150' title='bbox 2632 1510 3034 1568; x_wconf 76' lang='lat' dir='ltr'><strong>RESPONSIO.</strong></span> 
     </span>
    </p>
   </div>
   <div class='ocr_carea' id='block_1_27' title="bbox 440 1574 1933 1681">
    <p class='ocr_par' dir='ltr' id='par_1_27' title="bbox 440 1589 1926 1669">
     <span class='ocr_line' id='line_1_27' title="bbox 440 1589 1926 1669; baseline -0.003 -17"><span class='ocrx_word' id='word_1_151' title='bbox 440 1598 657 1666; x_wconf 72' lang='grc' dir='ltr'>Ἐπειδὴ</span> <span class='ocrx_word' id='word_1_152' title='bbox 677 1597 921 1669; x_wconf 78' lang='grc' dir='ltr'>τέσσαρα</span> <span class='ocrx_word' id='word_1_153' title='bbox 950 1598 1189 1667; x_wconf 79' lang='grc' dir='ltr'><strong>κλίματα</strong></span> <span class='ocrx_word' id='word_1_154' title='bbox 1214 1597 1307 1650; x_wconf 85' lang='grc' dir='ltr'><strong>τοῦ</strong></span> <span class='ocrx_word' id='word_1_155' title='bbox 1340 1598 1569 1668; x_wconf 82' lang='grc' dir='ltr'>κόσμου,</span> <span class='ocrx_word' id='word_1_156' title='bbox 1586 1599 1644 1651; x_wconf 79' lang='grc' dir='ltr'>ὲν</span> <span class='ocrx_word' id='word_1_157' title='bbox 1664 1589 1707 1664; x_wconf 82' lang='grc' dir='ltr'>ᾧ</span> <span class='ocrx_word' id='word_1_158' title='bbox 1734 1598 1926 1665; x_wconf 79' lang='grc' dir='ltr'>ἐσμεν,</span> 
     </span>
    </p>
   </div>
   <div class='ocr_carea' id='block_1_28' title="bbox 2036 1574 3609 1681">
    <p class='ocr_par' dir='ltr' id='par_1_28' title="bbox 2103 1603 3609 1681">
     <span class='ocr_line' id='line_1_28' title="bbox 2103 1603 3609 1681; baseline 0.002 -20"><span class='ocrx_word' id='word_1_159' title='bbox 2103 1604 2241 1661; x_wconf 90' lang='lat' dir='ltr'><strong>Cum</strong></span> <span class='ocrx_word' id='word_1_160' title='bbox 2268 1603 2459 1658; x_wconf 89' lang='lat' dir='ltr'><strong>mundi</strong></span> <span class='ocrx_word' id='word_1_161' title='bbox 2498 1605 2553 1659; x_wconf 90' lang='lat' dir='ltr'><strong>in</strong></span> <span class='ocrx_word' id='word_1_162' title='bbox 2584 1620 2695 1674; x_wconf 90' lang='lat' dir='ltr'><strong>quo</strong></span> <span class='ocrx_word' id='word_1_163' title='bbox 2717 1603 2957 1659; x_wconf 86' lang='lat' dir='ltr'><strong>vivimus</strong></span> <span class='ocrx_word' id='word_1_164' title='bbox 2989 1612 3231 1675; x_wconf 86' lang='lat' dir='ltr'><strong>quatuor</strong></span> <span class='ocrx_word' id='word_1_165' title='bbox 3256 1604 3427 1681; x_wconf 62' lang='lat' dir='ltr'><strong>plagae</strong></span> <span class='ocrx_word' id='word_1_166' title='bbox 3467 1617 3609 1681; x_wconf 76' lang='lat' dir='ltr'><strong>sint,</strong></span> 
     </span>
    </p>
   </div>
   <div class='ocr_carea' id='block_1_29' title="bbox 356 1688 1930 1759">
    <p class='ocr_par' dir='ltr' id='par_1_29' title="bbox 356 1688 1930 1759">
     <span class='ocr_line' id='line_1_29' title="bbox 356 1688 1930 1759; baseline -0.001 -17"><span class='ocrx_word' id='word_1_167' title='bbox 356 1691 482 1754; x_wconf 67' lang='grc' dir='ltr'>ιίσὶ,</span> <span class='ocrx_word' id='word_1_168' title='bbox 514 1690 606 1741; x_wconf 73' lang='grc' dir='ltr'>καὶ</span> <span class='ocrx_word' id='word_1_169' title='bbox 636 1690 878 1758; x_wconf 80' lang='grc' dir='ltr'>τέσσαρα</span> <span class='ocrx_word' id='word_1_170' title='bbox 919 1688 1185 1743; x_wconf 70' lang='grc' dir='ltr'>καθολικὰ</span> <span class='ocrx_word' id='word_1_171' title='bbox 1214 1688 1522 1759; x_wconf 86' lang='grc' dir='ltr'>πνεύματα,</span> <span class='ocrx_word' id='word_1_172' title='bbox 1546 1688 1930 1759; x_wconf 78' lang='grc' dir='ltr'><strong>κατέσπαρται</strong></span> 
     </span>
    </p>
   </div>
   <div class='ocr_carea' id='block_1_30' title="bbox 353 1779 1932 1852">
    <p class='ocr_par' dir='ltr' id='par_1_30' title="bbox 353 1779 1932 1852">
     <span class='ocr_line' id='line_1_30' title="bbox 353 1779 1932 1852; baseline -0.004 -15"><span class='ocrx_word' id='word_1_173' title='bbox 353 1784 409 1837; x_wconf 74' lang='grc' dir='ltr'><strong>δὲ</strong></span> <span class='ocrx_word' id='word_1_174' title='bbox 444 1784 477 1852; x_wconf 83' lang='grc' dir='ltr'>ἠ</span> <span class='ocrx_word' id='word_1_175' title='bbox 516 1781 816 1850; x_wconf 73' lang='grc' dir='ltr'><strong>Ἐκκλησία</strong></span> <span class='ocrx_word' id='word_1_176' title='bbox 867 1781 961 1835; x_wconf 67' lang='grc' dir='ltr'><strong>ἐπὶ</strong></span> <span class='ocrx_word' id='word_1_177' title='bbox 996 1780 1180 1850; x_wconf 81' lang='grc' dir='ltr'>πάσης</span> <span class='ocrx_word' id='word_1_178' title='bbox 1225 1782 1325 1851; x_wconf 81' lang='grc' dir='ltr'>τῆς</span> <span class='ocrx_word' id='word_1_179' title='bbox 1353 1781 1481 1850; x_wconf 77' lang='grc' dir='ltr'>γῆς,</span> <span class='ocrx_word' id='word_1_180' title='bbox 1515 1780 1705 1843; x_wconf 86' lang='grc' dir='ltr'>στύλος</span> <span class='ocrx_word' id='word_1_181' title='bbox 1737 1780 1795 1832; x_wconf 84' lang='grc' dir='ltr'><strong>δὲ</strong></span> <span class='ocrx_word' id='word_1_182' title='bbox 1834 1779 1932 1832; x_wconf 78' lang='grc' dir='ltr'><strong>καὶ</strong></span> 
     </span>
    </p>
   </div>
   <div class='ocr_carea' id='block_1_31' title="bbox 355 1869 1935 1945">
    <p class='ocr_par' dir='ltr' id='par_1_31' title="bbox 355 1869 1935 1945">
     <span class='ocr_line' id='line_1_31' title="bbox 355 1869 1935 1945; baseline -0.003 -17"><span class='ocrx_word' id='word_1_183' title='bbox 355 1874 639 1945; x_wconf 75' lang='grc' dir='ltr'><strong>στήριγμα</strong></span> <span class='ocrx_word' id='word_1_184' title='bbox 680 1872 1009 1942; x_wconf 83' lang='grc' dir='ltr'>Ἐκκλησίας</span> <span class='ocrx_word' id='word_1_185' title='bbox 1055 1872 1116 1925; x_wconf 75' lang='grc' dir='ltr'>τὸ</span> <span class='ocrx_word' id='word_1_186' title='bbox 1138 1871 1491 1941; x_wconf 70' lang='grc' dir='ltr'>Εύαγγὲλιον,</span> <span class='ocrx_word' id='word_1_187' title='bbox 1525 1872 1620 1926; x_wconf 74' lang='grc' dir='ltr'>καὶ</span> <span class='ocrx_word' id='word_1_188' title='bbox 1660 1891 1678 1923; x_wconf 77' lang='lat' dir='ltr'><strong>r</strong></span> <span class='ocrx_word' id='word_1_189' title='bbox 1715 1869 1935 1941; x_wconf 85' lang='grc' dir='ltr'>πνεῦμα</span> 
     </span>
    </p>
   </div>
   <div class='ocr_carea' id='block_1_32' title="bbox 353 1963 1934 2035">
    <p class='ocr_par' dir='ltr' id='par_1_32' title="bbox 353 1963 1934 2035">
     <span class='ocr_line' id='line_1_32' title="bbox 353 1963 1934 2035; baseline -0.003 -15"><span class='ocrx_word' id='word_1_190' title='bbox 353 1964 522 2035; x_wconf 75' lang='grc' dir='ltr'>ζωῆς,</span> <span class='ocrx_word' id='word_1_191' title='bbox 550 1985 570 2017; x_wconf 69' lang='grc' dir='ltr'><strong>ι</strong></span> <span class='ocrx_word' id='word_1_192' title='bbox 600 1964 827 2027; x_wconf 74' lang='grc' dir='ltr'>εἰκότως</span> <span class='ocrx_word' id='word_1_193' title='bbox 854 1966 1127 2032; x_wconf 80' lang='grc' dir='ltr'>τέσσαρας</span> <span class='ocrx_word' id='word_1_194' title='bbox 1144 1964 1312 2034; x_wconf 72' lang='grc' dir='ltr'>ἐχρῆν</span> <span class='ocrx_word' id='word_1_195' title='bbox 1334 1963 1559 2029; x_wconf 82' lang='grc' dir='ltr'>στύλους</span> <span class='ocrx_word' id='word_1_196' title='bbox 1596 1964 1934 2034; x_wconf 77' lang='grc' dir='ltr'>πανταχόθεν</span> 
     </span>
    </p>
   </div>
   <div class='ocr_carea' id='block_1_33' title="bbox 352 2055 1937 2128">
    <p class='ocr_par' dir='ltr' id='par_1_33' title="bbox 352 2055 1937 2128">
     <span class='ocr_line' id='line_1_33' title="bbox 352 2055 1937 2128; baseline -0.001 -18"><span class='ocrx_word' id='word_1_197' title='bbox 352 2057 619 2119; x_wconf 76' lang='grc' dir='ltr'>πνέοντας</span> <span class='ocrx_word' id='word_1_198' title='bbox 642 2055 743 2127; x_wconf 84' lang='grc' dir='ltr'><strong>τὴν</strong></span> <span class='ocrx_word' id='word_1_199' title='bbox 776 2056 1109 2128; x_wconf 77' lang='grc' dir='ltr'>ἀφθαρσίαν,</span> <span class='ocrx_word' id='word_1_200' title='bbox 1146 2056 1243 2110; x_wconf 68' lang='grc' dir='ltr'>καὶ</span> <span class='ocrx_word' id='word_1_201' title='bbox 1272 2055 1770 2127; x_wconf 75' lang='grc' dir='ltr'>ἀναζωπυροῦντας</span> <span class='ocrx_word' id='word_1_202' title='bbox 1807 2055 1937 2118; x_wconf 82' lang='grc' dir='ltr'>τοὺς</span> 
     </span>
    </p>
   </div>
   <div class='ocr_carea' id='block_1_34' title="bbox 348 2140 1934 2219">
    <p class='ocr_par' dir='ltr' id='par_1_34' title="bbox 348 2140 1934 2219">
     <span class='ocr_line' id='line_1_34' title="bbox 348 2140 1934 2219; baseline -0.002 -17"><span class='ocrx_word' id='word_1_203' title='bbox 348 2146 698 2219; x_wconf 76' lang='grc' dir='ltr'>ἀνθρώπους.</span> <span class='ocrx_word' id='word_1_204' title='bbox 742 2146 833 2212; x_wconf 81' lang='grc' dir='ltr'><strong>Ἐξ</strong></span> <span class='ocrx_word' id='word_1_205' title='bbox 882 2140 959 2201; x_wconf 82' lang='grc' dir='ltr'>ὧν</span> <span class='ocrx_word' id='word_1_206' title='bbox 1016 2147 1275 2219; x_wconf 85' lang='grc' dir='ltr'>φανερὸν,</span> <span class='ocrx_word' id='word_1_207' title='bbox 1298 2148 1384 2201; x_wconf 84' lang='grc' dir='ltr'>ὅτι</span> <span class='ocrx_word' id='word_1_208' title='bbox 1438 2148 1467 2201; x_wconf 80' lang='grc' dir='ltr'><strong>ὁ</strong></span> <span class='ocrx_word' id='word_1_209' title='bbox 1516 2146 1625 2200; x_wconf 84' lang='grc' dir='ltr'><strong>τῶν</strong></span> <span class='ocrx_word' id='word_1_210' title='bbox 1680 2146 1934 2200; x_wconf 79' lang='grc' dir='ltr'>ἁπάντων</span> 
     </span>
    </p>
   </div>
   <div class='ocr_carea' id='block_1_35' title="bbox 348 2237 1926 2310">
    <p class='ocr_par' dir='ltr' id='par_1_35' title="bbox 348 2237 1926 2310">
     <span class='ocr_line' id='line_1_35' title="bbox 348 2237 1926 2310; baseline -0.003 -16"><span class='ocrx_word' id='word_1_211' title='bbox 348 2240 602 2310; x_wconf 75' lang='grc' dir='ltr'>τεχνίτης</span> <span class='ocrx_word' id='word_1_212' title='bbox 636 2239 825 2307; x_wconf 79' lang='grc' dir='ltr'>Λόγος,</span> <span class='ocrx_word' id='word_1_213' title='bbox 861 2257 878 2290; x_wconf 73' lang='grc' dir='ltr'><strong>ι</strong></span> <span class='ocrx_word' id='word_1_214' title='bbox 904 2241 931 2293; x_wconf 90' lang='grc' dir='ltr'><strong>ό</strong></span> <span class='ocrx_word' id='word_1_215' title='bbox 961 2238 1272 2309; x_wconf 78' lang='grc' dir='ltr'>καθήμενος</span> <span class='ocrx_word' id='word_1_216' title='bbox 1303 2239 1396 2292; x_wconf 70' lang='grc' dir='ltr'>ἐπὶ</span> <span class='ocrx_word' id='word_1_217' title='bbox 1425 2237 1536 2291; x_wconf 83' lang='grc' dir='ltr'><strong>τῶν</strong></span> <span class='ocrx_word' id='word_1_218' title='bbox 1568 2237 1868 2307; x_wconf 71' lang='grc' dir='ltr'>Χερουϐὶμ,</span> <span class='ocrx_word' id='word_1_219' title='bbox 1907 2256 1926 2289; x_wconf 71' lang='grc' dir='ltr'><strong>ι</strong></span> 
     </span>
    </p>
   </div>
   <div class='ocr_carea' id='block_1_36' title="bbox 350 2328 1934 2402">
    <p class='ocr_par' dir='ltr' id='par_1_36' title="bbox 350 2328 1934 2402">
     <span class='ocr_line' id='line_1_36' title="bbox 350 2328 1934 2402; baseline -0.004 -15"><span class='ocrx_word' id='word_1_220' title='bbox 350 2332 447 2387; x_wconf 75' lang='grc' dir='ltr'>καὶ</span> <span class='ocrx_word' id='word_1_221' title='bbox 483 2333 723 2401; x_wconf 81' lang='grc' dir='ltr'>συνέχων</span> <span class='ocrx_word' id='word_1_222' title='bbox 756 2331 823 2386; x_wconf 74' lang='grc' dir='ltr'>τὰ</span> <span class='ocrx_word' id='word_1_223' title='bbox 854 2332 1053 2397; x_wconf 82' lang='grc' dir='ltr'>πάντα,</span> <span class='ocrx_word' id='word_1_224' title='bbox 1086 2331 1427 2402; x_wconf 68' lang='grc' dir='ltr'>φανερωθεὶς</span> <span class='ocrx_word' id='word_1_225' title='bbox 1465 2333 1578 2393; x_wconf 81' lang='grc' dir='ltr'>τοῖς</span> <span class='ocrx_word' id='word_1_226' title='bbox 1621 2328 1934 2400; x_wconf 73' lang='grc' dir='ltr'>ἀνθρώποις</span> 
     </span>
    </p>
   </div>
   <div class='ocr_carea' id='block_1_37' title="bbox 350 2421 1933 2496">
    <p class='ocr_par' dir='ltr' id='par_1_37' title="bbox 350 2421 1933 2496">
     <span class='ocr_line' id='line_1_37' title="bbox 350 2421 1933 2496; baseline -0.002 -19"><span class='ocrx_word' id='word_1_227' title='bbox 350 2424 555 2477; x_wconf 69' lang='grc' dir='ltr'>ἔδωκεν</span> <span class='ocrx_word' id='word_1_228' title='bbox 586 2426 720 2496; x_wconf 78' lang='grc' dir='ltr'>ἡμῖν</span> <span class='ocrx_word' id='word_1_229' title='bbox 769 2424 1150 2495; x_wconf 81' lang='grc' dir='ltr'>τετράμορφον</span> <span class='ocrx_word' id='word_1_230' title='bbox 1215 2424 1275 2477; x_wconf 82' lang='grc' dir='ltr'><strong>τὸ</strong></span> <span class='ocrx_word' id='word_1_231' title='bbox 1328 2421 1686 2492; x_wconf 81' lang='grc' dir='ltr'>Εύαγγὲλιον,</span> <span class='ocrx_word' id='word_1_232' title='bbox 1740 2421 1818 2474; x_wconf 73' lang='grc' dir='ltr'>ἑνὶ</span> <span class='ocrx_word' id='word_1_233' title='bbox 1875 2421 1933 2475; x_wconf 83' lang='grc' dir='ltr'><strong>δὲ</strong></span> 
     </span>
    </p>
   </div>
   <div class='ocr_carea' id='block_1_38' title="bbox 348 2511 1968 2585">
    <p class='ocr_par' dir='ltr' id='par_1_38' title="bbox 348 2511 1968 2585">
     <span class='ocr_line' id='line_1_38' title="bbox 348 2511 1968 2585; baseline -0.002 -18"><span class='ocrx_word' id='word_1_234' title='bbox 348 2512 626 2584; x_wconf 76' lang='grc' dir='ltr'>πνεύματι</span> <span class='ocrx_word' id='word_1_235' title='bbox 674 2514 1028 2585; x_wconf 76' lang='grc' dir='ltr'>συνεχόμενον</span> <span class='ocrx_word' id='word_1_236' title='bbox 1053 2554 1067 2578; x_wconf 94' lang='grc'><strong>,</strong></span> <span class='ocrx_word' id='word_1_237' title='bbox 1096 2512 1281 2577; x_wconf 75' lang='grc' dir='ltr'>καθὼς</span> <span class='ocrx_word' id='word_1_238' title='bbox 1325 2512 1354 2565; x_wconf 85' lang='grc' dir='ltr'>ὁ</span> <span class='ocrx_word' id='word_1_239' title='bbox 1397 2511 1563 2565; x_wconf 75' lang='grc' dir='ltr'>Δαϐὶδ</span> <span class='ocrx_word' id='word_1_240' title='bbox 1609 2511 1968 2579; x_wconf 73' lang='grc' dir='ltr'><strong>αἰτούμενος⁸</strong></span> 
     </span>
    </p>
   </div>
   <div class='ocr_carea' id='block_1_39' title="bbox 346 2601 1933 2677">
    <p class='ocr_par' dir='ltr' id='par_1_39' title="bbox 346 2601 1933 2677">
     <span class='ocr_line' id='line_1_39' title="bbox 346 2601 1933 2677; baseline -0.004 -17"><span class='ocrx_word' id='word_1_241' title='bbox 346 2605 521 2660; x_wconf 80' lang='grc' dir='ltr'>αὑτοῦ</span> <span class='ocrx_word' id='word_1_242' title='bbox 575 2605 674 2676; x_wconf 75' lang='grc' dir='ltr'>τὴν</span> <span class='ocrx_word' id='word_1_243' title='bbox 727 2607 1037 2677; x_wconf 84' lang='grc' dir='ltr'>παρουσίαν</span> <span class='ocrx_word' id='word_1_244' title='bbox 1063 2647 1077 2671; x_wconf 96' lang='grc'><strong>,</strong></span> <span class='ocrx_word' id='word_1_245' title='bbox 1111 2605 1299 2674; x_wconf 71' lang='grc' dir='ltr'>φησὶν,</span> <span class='ocrx_word' id='word_1_246' title='bbox 1337 2622 1355 2654; x_wconf 74' lang='grc' dir='ltr'><strong>ι</strong></span> <span class='ocrx_word' id='word_1_247' title='bbox 1404 2604 1461 2656; x_wconf 84' lang='grc'><strong>’0</strong></span> <span class='ocrx_word' id='word_1_248' title='bbox 1487 2602 1797 2673; x_wconf 71' lang='grc' dir='ltr'>καθήμενος</span> <span class='ocrx_word' id='word_1_249' title='bbox 1838 2601 1933 2656; x_wconf 75' lang='grc' dir='ltr'><strong>ἐπὶ</strong></span> 
     </span>
    </p>
   </div>
   <div class='ocr_carea' id='block_1_40' title="bbox 342 2691 1934 2767">
    <p class='ocr_par' dir='ltr' id='par_1_40' title="bbox 342 2691 1934 2767">
     <span class='ocr_line' id='line_1_40' title="bbox 342 2691 1934 2767; baseline -0.004 -18"><span class='ocrx_word' id='word_1_250' title='bbox 342 2696 460 2749; x_wconf 76' lang='grc' dir='ltr'><strong>τῶν</strong></span> <span class='ocrx_word' id='word_1_251' title='bbox 498 2697 800 2767; x_wconf 67' lang='grc' dir='ltr'>Χερουϐὶμ,</span> <span class='ocrx_word' id='word_1_252' title='bbox 839 2696 1135 2766; x_wconf 75' lang='grc' dir='ltr'>ὲμφάνηθι.</span> <span class='ocrx_word' id='word_1_253' title='bbox 1180 2714 1198 2747; x_wconf 72' lang='grc' dir='ltr'><strong>ι</strong></span> <span class='ocrx_word' id='word_1_254' title='bbox 1226 2694 1335 2748; x_wconf 70' lang='grc' dir='ltr'><strong>Καὶ</strong></span> <span class='ocrx_word' id='word_1_255' title='bbox 1371 2692 1480 2763; x_wconf 80' lang='grc' dir='ltr'>γὰρ</span> <span class='ocrx_word' id='word_1_256' title='bbox 1528 2696 1599 2747; x_wconf 67' lang='grc' dir='ltr'>τὰ</span> <span class='ocrx_word' id='word_1_257' title='bbox 1650 2691 1934 2762; x_wconf 70' lang='grc' dir='ltr'>Χερουϐὶμ</span> 
     </span>
    </p>
   </div>
   <div class='ocr_carea' id='block_1_41' title="bbox 343 2782 1931 2858">
    <p class='ocr_par' dir='ltr' id='par_1_41' title="bbox 343 2782 1931 2858">
     <span class='ocr_line' id='line_1_41' title="bbox 343 2782 1931 2858; baseline -0.004 -18"><span class='ocrx_word' id='word_1_258' title='bbox 343 2787 793 2858; x_wconf 78' lang='grc' dir='ltr'>τετραπρόσωπα</span> <span class='ocrx_word' id='word_1_259' title='bbox 821 2803 834 2815; x_wconf 83' lang='grc'><em>’</em></span> <span class='ocrx_word' id='word_1_260' title='bbox 874 2788 967 2840; x_wconf 71' lang='grc' dir='ltr'><strong>καὶ</strong></span> <span class='ocrx_word' id='word_1_261' title='bbox 987 2786 1054 2839; x_wconf 73' lang='grc' dir='ltr'>τὰ</span> <span class='ocrx_word' id='word_1_262' title='bbox 1089 2786 1358 2856; x_wconf 82' lang='grc' dir='ltr'>πρόσωπα</span> <span class='ocrx_word' id='word_1_263' title='bbox 1386 2783 1568 2840; x_wconf 77' lang='grc' dir='ltr'>αὐτῶν</span> <span class='ocrx_word' id='word_1_264' title='bbox 1603 2785 1809 2846; x_wconf 86' lang='grc' dir='ltr'>είκόνες</span> <span class='ocrx_word' id='word_1_265' title='bbox 1833 2782 1931 2852; x_wconf 81' lang='grc' dir='ltr'>τῆς</span> 
     </span>
    </p>
   </div>
   <div class='ocr_carea' id='block_1_42' title="bbox 2034 1686 3613 1767">
    <p class='ocr_par' dir='ltr' id='par_1_42' title="bbox 2034 1686 3613 1767">
     <span class='ocr_line' id='line_1_42' title="bbox 2034 1686 3613 1767; baseline 0.001 -14"><span class='ocrx_word' id='word_1_266' title='bbox 2034 1706 2093 1753; x_wconf 89' lang='lat' dir='ltr'><strong>et</strong></span> <span class='ocrx_word' id='word_1_267' title='bbox 2121 1705 2360 1767; x_wconf 82' lang='lat' dir='ltr'><strong>quatuor</strong></span> <span class='ocrx_word' id='word_1_268' title='bbox 2388 1697 2735 1752; x_wconf 81' lang='lat' dir='ltr'><strong>universales</strong></span> <span class='ocrx_word' id='word_1_269' title='bbox 2764 1697 2941 1763; x_wconf 87' lang='lat' dir='ltr'><strong>venti,</strong></span> <span class='ocrx_word' id='word_1_270' title='bbox 2967 1698 3216 1753; x_wconf 87' lang='lat' dir='ltr'><strong>Ecclesia</strong></span> <span class='ocrx_word' id='word_1_271' title='bbox 3258 1686 3448 1755; x_wconf 78' lang='lat' dir='ltr'><strong>autem</strong></span> <span class='ocrx_word' id='word_1_272' title='bbox 3504 1699 3613 1755; x_wconf 87' lang='lat' dir='ltr'><strong>dif-</strong></span> 
     </span>
    </p>
   </div>
   <div class='ocr_carea' id='block_1_43' title="bbox 2035 1783 3615 1863">
    <p class='ocr_par' dir='ltr' id='par_1_43' title="bbox 2035 1783 3615 1863">
     <span class='ocr_line' id='line_1_43' title="bbox 2035 1783 3615 1863; baseline 0.005 -26"><span class='ocrx_word' id='word_1_273' title='bbox 2035 1783 2297 1838; x_wconf 74' lang='lat' dir='ltr'><strong>fundatur</strong></span> <span class='ocrx_word' id='word_1_274' title='bbox 2322 1800 2419 1854; x_wconf 91' lang='lat' dir='ltr'><strong>per</strong></span> <span class='ocrx_word' id='word_1_275' title='bbox 2452 1792 2619 1839; x_wconf 87' lang='lat' dir='ltr'><strong>totam</strong></span> <span class='ocrx_word' id='word_1_276' title='bbox 2663 1795 2892 1850; x_wconf 88' lang='lat' dir='ltr'><strong>terram,</strong></span> <span class='ocrx_word' id='word_1_277' title='bbox 2927 1787 3088 1857; x_wconf 89' lang='lat' dir='ltr'><strong>cujus</strong></span> <span class='ocrx_word' id='word_1_278' title='bbox 3137 1787 3393 1863; x_wconf 85' lang='lat' dir='ltr'><strong>columna</strong></span> <span class='ocrx_word' id='word_1_279' title='bbox 3425 1797 3482 1844; x_wconf 90' lang='lat' dir='ltr'><strong>et</strong></span> <span class='ocrx_word' id='word_1_280' title='bbox 3521 1789 3615 1844; x_wconf 86' lang='lat' dir='ltr'><strong>fir-</strong></span> 
     </span>
    </p>
   </div>
   <div class='ocr_carea' id='block_1_44' title="bbox 2037 1876 3618 1950">
    <p class='ocr_par' dir='ltr' id='par_1_44' title="bbox 2037 1876 3618 1950">
     <span class='ocr_line' id='line_1_44' title="bbox 2037 1876 3618 1950; baseline 0.004 -20"><span class='ocrx_word' id='word_1_281' title='bbox 2037 1886 2374 1932; x_wconf 87' lang='lat' dir='ltr'><strong>mamentum</strong></span> <span class='ocrx_word' id='word_1_282' title='bbox 2437 1884 2523 1932; x_wconf 88' lang='lat' dir='ltr'><strong>est</strong></span> <span class='ocrx_word' id='word_1_283' title='bbox 2579 1876 3034 1948; x_wconf 76' lang='lat' dir='ltr'><strong>Evangelium”,</strong></span> <span class='ocrx_word' id='word_1_284' title='bbox 3088 1889 3146 1934; x_wconf 89' lang='lat' dir='ltr'><strong>ct</strong></span> <span class='ocrx_word' id='word_1_285' title='bbox 3187 1897 3205 1929; x_wconf 85' lang='grc'><em>‹</em></span> <span class='ocrx_word' id='word_1_286' title='bbox 3261 1881 3496 1950; x_wconf 88' lang='lat' dir='ltr'><strong>spiritus</strong></span> <span class='ocrx_word' id='word_1_287' title='bbox 3533 1883 3618 1936; x_wconf 82' lang='lat' dir='ltr'><strong>vi-</strong></span> 
     </span>
    </p>
   </div>
   <div class='ocr_carea' id='block_1_45' title="bbox 2037 1952 3617 2039">
    <p class='ocr_par' dir='ltr' id='par_1_45' title="bbox 2037 1952 3617 2039">
     <span class='ocr_line' id='line_1_45' title="bbox 2037 1952 3617 2039; baseline 0.009 -23"><span class='ocrx_word' id='word_1_288' title='bbox 2037 1979 2103 2025; x_wconf 57' lang='lat' dir='ltr'><strong>ta;</strong></span> <span class='ocrx_word' id='word_1_289' title='bbox 2131 1969 2237 2035; x_wconf 69' lang='grc' dir='ltr'>’νς</span> <span class='ocrx_word' id='word_1_290' title='bbox 2265 1989 2282 2021; x_wconf 75' lang='grc' dir='ltr'><strong>ι</strong></span> <span class='ocrx_word' id='word_1_291' title='bbox 2322 1969 2519 2024; x_wconf 83' lang='lat' dir='ltr'><strong>merito</strong></span> <span class='ocrx_word' id='word_1_292' title='bbox 2551 1979 2792 2039; x_wconf 90' lang='lat' dir='ltr'><strong>quatuor</strong></span> <span class='ocrx_word' id='word_1_293' title='bbox 2816 1969 3096 2025; x_wconf 83' lang='lat' dir='ltr'><strong>columnae</strong></span> <span class='ocrx_word' id='word_1_294' title='bbox 3137 1952 3341 2026; x_wconf 75' lang='lat' dir='ltr'><strong>erecta:</strong></span> <span class='ocrx_word' id='word_1_295' title='bbox 3364 1982 3519 2039; x_wconf 87' lang='lat' dir='ltr'><strong>sunt,</strong></span> <span class='ocrx_word' id='word_1_296' title='bbox 3547 1989 3617 2031; x_wconf 79' lang='lat' dir='ltr'><strong>ex</strong></span> 
     </span>
    </p>
   </div>
   <div class='ocr_carea' id='block_1_46' title="bbox 2036 2048 3613 2130">
    <p class='ocr_par' dir='ltr' id='par_1_46' title="bbox 2036 2048 3613 2130">
     <span class='ocr_line' id='line_1_46' title="bbox 2036 2048 3613 2130; baseline 0.003 -18"><span class='ocrx_word' id='word_1_297' title='bbox 2036 2059 2238 2130; x_wconf 83' lang='lat' dir='ltr'><strong>quibus</strong></span> <span class='ocrx_word' id='word_1_298' title='bbox 2269 2058 2406 2113; x_wconf 82' lang='lat' dir='ltr'><strong>ﬂans</strong></span> <span class='ocrx_word' id='word_1_299' title='bbox 2428 2058 2658 2129; x_wconf 88' lang='lat' dir='ltr'><strong>spiritus</strong></span> <span class='ocrx_word' id='word_1_300' title='bbox 2683 2058 2934 2114; x_wconf 89' lang='lat' dir='ltr'><strong>homines</strong></span> <span class='ocrx_word' id='word_1_301' title='bbox 2977 2048 3268 2126; x_wconf 81' lang='lat' dir='ltr'><strong>refociliet,</strong></span> <span class='ocrx_word' id='word_1_302' title='bbox 3305 2070 3361 2116; x_wconf 89' lang='lat' dir='ltr'><strong>et</strong></span> <span class='ocrx_word' id='word_1_303' title='bbox 3412 2062 3481 2117; x_wconf 90' lang='lat' dir='ltr'><strong>ad</strong></span> <span class='ocrx_word' id='word_1_304' title='bbox 3531 2063 3613 2116; x_wconf 90' lang='lat' dir='ltr'><strong>in-</strong></span> 
     </span>
    </p>
   </div>
   <div class='ocr_carea' id='block_1_47' title="bbox 2035 2149 3612 2223">
    <p class='ocr_par' dir='ltr' id='par_1_47' title="bbox 2035 2149 3612 2223">
     <span class='ocr_line' id='line_1_47' title="bbox 2035 2149 3612 2223; baseline 0 -15"><span class='ocrx_word' id='word_1_305' title='bbox 2035 2153 2447 2223; x_wconf 88' lang='lat' dir='ltr'><strong>corruptionem</strong></span> <span class='ocrx_word' id='word_1_306' title='bbox 2492 2150 2751 2205; x_wconf 84' lang='lat' dir='ltr'><strong>adducat.</strong></span> <span class='ocrx_word' id='word_1_307' title='bbox 2814 2149 2953 2206; x_wconf 85' lang='lat' dir='ltr'><strong>Hinc</strong></span> <span class='ocrx_word' id='word_1_308' title='bbox 2999 2151 3196 2220; x_wconf 88' lang='lat' dir='ltr'><strong>liquet,</strong></span> <span class='ocrx_word' id='word_1_309' title='bbox 3258 2151 3327 2206; x_wconf 89' lang='lat' dir='ltr'><strong>ab</strong></span> <span class='ocrx_word' id='word_1_310' title='bbox 3360 2152 3612 2208; x_wconf 87' lang='lat' dir='ltr'><strong>omnium</strong></span> 
     </span>
    </p>
   </div>
   <div class='ocr_carea' id='block_1_48' title="bbox 2036 2242 3612 2313">
    <p class='ocr_par' dir='ltr' id='par_1_48' title="bbox 2036 2242 3612 2313">
     <span class='ocr_line' id='line_1_48' title="bbox 2036 2242 3612 2313; baseline -0.004 -11"><span class='ocrx_word' id='word_1_311' title='bbox 2036 2245 2324 2302; x_wconf 88' lang='lat' dir='ltr'><strong>conditore</strong></span> <span class='ocrx_word' id='word_1_312' title='bbox 2352 2244 2488 2299; x_wconf 87' lang='lat' dir='ltr'><strong>Filio</strong></span> <span class='ocrx_word' id='word_1_313' title='bbox 2504 2243 2624 2305; x_wconf 88' lang='lat' dir='ltr'><strong>Dei,</strong></span> <span class='ocrx_word' id='word_1_314' title='bbox 2648 2262 2666 2293; x_wconf 74' lang='grc' dir='ltr'><strong>ι</strong></span> <span class='ocrx_word' id='word_1_315' title='bbox 2691 2242 2959 2312; x_wconf 87' lang='lat' dir='ltr'><strong>quisedet</strong></span> <span class='ocrx_word' id='word_1_316' title='bbox 2983 2259 3151 2313; x_wconf 90' lang='lat' dir='ltr'><strong>super</strong></span> <span class='ocrx_word' id='word_1_317' title='bbox 3170 2242 3474 2299; x_wconf 88' lang='lat' dir='ltr'><strong>Cheruhim</strong></span> <span class='ocrx_word' id='word_1_318' title='bbox 3493 2245 3562 2311; x_wconf 70' lang='grc'><strong>⁸³,</strong></span> <span class='ocrx_word' id='word_1_319' title='bbox 3590 2263 3612 2296; x_wconf 73' lang='grc' dir='ltr'>ι</span> 
     </span>
    </p>
   </div>
   <div class='ocr_carea' id='block_1_49' title="bbox 2034 2326 3615 2401">
    <p class='ocr_par' dir='ltr' id='par_1_49' title="bbox 2034 2326 3615 2401">
     <span class='ocr_line' id='line_1_49' title="bbox 2034 2326 3615 2401; baseline -0.001 -8"><span class='ocrx_word' id='word_1_320' title='bbox 2034 2326 2365 2393; x_wconf 72' lang='grc' dir='ltr'>οισοοὴιίηεῑ</span> <span class='ocrx_word' id='word_1_321' title='bbox 2394 2335 2676 2395; x_wconf 88' lang='lat' dir='ltr'><strong>universa,</strong></span> <span class='ocrx_word' id='word_1_322' title='bbox 2708 2350 2833 2388; x_wconf 88' lang='lat' dir='ltr'><strong>cum</strong></span> <span class='ocrx_word' id='word_1_323' title='bbox 2889 2349 2948 2390; x_wconf 92' lang='lat' dir='ltr'><strong>se</strong></span> <span class='ocrx_word' id='word_1_324' title='bbox 2987 2335 3313 2401; x_wconf 77' lang='lat' dir='ltr'><strong>hominibus</strong></span> <span class='ocrx_word' id='word_1_325' title='bbox 3379 2336 3615 2392; x_wconf 81' lang='lat' dir='ltr'><strong>manife-</strong></span> 
     </span>
    </p>
   </div>
   <div class='ocr_carea' id='block_1_50' title="bbox 2036 2424 3608 2498">
    <p class='ocr_par' dir='ltr' id='par_1_50' title="bbox 2036 2424 3608 2498">
     <span class='ocr_line' id='line_1_50' title="bbox 2036 2424 3608 2498; baseline -0.003 -14"><span class='ocrx_word' id='word_1_326' title='bbox 2036 2436 2253 2493; x_wconf 83' lang='lat' dir='ltr'><strong>stasset,</strong></span> <span class='ocrx_word' id='word_1_327' title='bbox 2289 2425 2670 2498; x_wconf 83' lang='lat' dir='ltr'><strong>quadriforme</strong></span> <span class='ocrx_word' id='word_1_328' title='bbox 2694 2424 3075 2496; x_wconf 76' lang='lat' dir='ltr'><strong>Evangelium,</strong></span> <span class='ocrx_word' id='word_1_329' title='bbox 3098 2440 3210 2480; x_wconf 92' lang='lat' dir='ltr'><strong>uno</strong></span> <span class='ocrx_word' id='word_1_330' title='bbox 3233 2425 3434 2495; x_wconf 90' lang='lat' dir='ltr'><strong>spiritu</strong></span> <span class='ocrx_word' id='word_1_331' title='bbox 3458 2441 3608 2480; x_wconf 88' lang='lat' dir='ltr'><strong>com-</strong></span> 
     </span>
    </p>
   </div>
   <div class='ocr_carea' id='block_1_51' title="bbox 2035 2506 3612 2589">
    <p class='ocr_par' dir='ltr' id='par_1_51' title="bbox 2035 2506 3612 2589">
     <span class='ocr_line' id='line_1_51' title="bbox 2035 2506 3612 2589; baseline -0.001 -16"><span class='ocrx_word' id='word_1_332' title='bbox 2035 2519 2372 2589; x_wconf 84' lang='lat' dir='ltr'><strong>prehensum</strong></span> <span class='ocrx_word' id='word_1_333' title='bbox 2404 2516 2739 2587; x_wconf 86' lang='lat' dir='ltr'><strong>processisse</strong></span> <span class='ocrx_word' id='word_1_334' title='bbox 2767 2532 2782 2569; x_wconf 89' lang='lat'><strong>:</strong></span> <span class='ocrx_word' id='word_1_335' title='bbox 2818 2524 2985 2585; x_wconf 89' lang='lat' dir='ltr'><strong>prout</strong></span> <span class='ocrx_word' id='word_1_336' title='bbox 3012 2506 3274 2571; x_wconf 55' lang='lat' dir='ltr'><strong>et&#39;David</strong></span> <span class='ocrx_word' id='word_1_337' title='bbox 3309 2516 3612 2572; x_wconf 80' lang='lat' dir='ltr'><strong>adventum</strong></span> 
     </span>
    </p>
   </div>
   <div class='ocr_carea' id='block_1_52' title="bbox 2035 2606 3713 2679">
    <p class='ocr_par' dir='ltr' id='par_1_52' title="bbox 2035 2606 3713 2679">
     <span class='ocr_line' id='line_1_52' title="bbox 2035 2606 3713 2679; baseline -0.002 -15"><span class='ocrx_word' id='word_1_338' title='bbox 2035 2608 2241 2664; x_wconf 87' lang='lat' dir='ltr'><strong>Christi</strong></span> <span class='ocrx_word' id='word_1_339' title='bbox 2265 2606 2570 2678; x_wconf 75' lang='lat' dir='ltr'><strong>efﬂagitans</strong></span> <span class='ocrx_word' id='word_1_340' title='bbox 2601 2607 2678 2661; x_wconf 87' lang='lat' dir='ltr'><strong>ait</strong></span> <span class='ocrx_word' id='word_1_341' title='bbox 2721 2625 2734 2661; x_wconf 94' lang='lat'>:</span> <span class='ocrx_word' id='word_1_342' title='bbox 2772 2627 2791 2659; x_wconf 89' lang='grc'><strong><em>‹</em></strong></span> <span class='ocrx_word' id='word_1_343' title='bbox 2824 2606 2926 2674; x_wconf 86' lang='lat' dir='ltr'><strong>Qui</strong></span> <span class='ocrx_word' id='word_1_344' title='bbox 2989 2607 3150 2662; x_wconf 88' lang='lat' dir='ltr'><strong>sedes</strong></span> <span class='ocrx_word' id='word_1_345' title='bbox 3184 2623 3352 2677; x_wconf 87' lang='lat' dir='ltr'><strong>super</strong></span> <span class='ocrx_word' id='word_1_346' title='bbox 3400 2606 3616 2663; x_wconf 78' lang='lat' dir='ltr'><strong>Cheru-</strong></span> <span class='ocrx_word' id='word_1_347' title='bbox 3691 2614 3713 2679; x_wconf 61' lang='grc' dir='ltr'><strong><em>ζ</em></strong></span> 
     </span>
    </p>
   </div>
   <div class='ocr_carea' id='block_1_53' title="bbox 2035 2697 3709 2771">
    <p class='ocr_par' dir='ltr' id='par_1_53' title="bbox 2035 2697 3709 2771">
     <span class='ocr_line' id='line_1_53' title="bbox 2035 2697 3709 2771; baseline -0.004 -14"><span class='ocrx_word' id='word_1_348' title='bbox 2035 2703 2171 2768; x_wconf 89' lang='lat' dir='ltr'><strong>bim,</strong></span> <span class='ocrx_word' id='word_1_349' title='bbox 2220 2700 2572 2757; x_wconf 78' lang='lat' dir='ltr'><strong>manifestare</strong></span> <span class='ocrx_word' id='word_1_350' title='bbox 2603 2701 2669 2753; x_wconf 74' lang='lat'><strong>”.</strong></span> <span class='ocrx_word' id='word_1_351' title='bbox 2706 2720 2723 2750; x_wconf 73' lang='grc' dir='ltr'><strong>ι</strong></span> <span class='ocrx_word' id='word_1_352' title='bbox 2752 2697 2888 2753; x_wconf 85' lang='lat' dir='ltr'><strong>Nam</strong></span> <span class='ocrx_word' id='word_1_353' title='bbox 2941 2698 3241 2771; x_wconf 87' lang='lat' dir='ltr'><strong>Cherubim</strong></span> <span class='ocrx_word' id='word_1_354' title='bbox 3269 2707 3507 2769; x_wconf 83' lang='lat' dir='ltr'><strong>quatuor</strong></span> <span class='ocrx_word' id='word_1_355' title='bbox 3533 2699 3615 2755; x_wconf 87' lang='lat' dir='ltr'><strong>fa-</strong></span> <span class='ocrx_word' id='word_1_356' title='bbox 3690 2708 3709 2750; x_wconf 64' lang='lat'><strong>2</strong></span> 
     </span>
    </p>
   </div>
   <div class='ocr_carea' id='block_1_54' title="bbox 2037 2780 3707 2859">
    <p class='ocr_par' dir='ltr' id='par_1_54' title="bbox 2037 2780 3707 2859">
     <span class='ocr_line' id='line_1_54' title="bbox 2037 2780 3707 2859; baseline -0.005 -11"><span class='ocrx_word' id='word_1_357' title='bbox 2037 2793 2231 2848; x_wconf 88' lang='lat' dir='ltr'><strong>ciebus</strong></span> <span class='ocrx_word' id='word_1_358' title='bbox 2266 2798 2542 2854; x_wconf 86' lang='lat' dir='ltr'><strong>constant,</strong></span> <span class='ocrx_word' id='word_1_359' title='bbox 2566 2804 2803 2859; x_wconf 83' lang='lat' dir='ltr'><strong>quorum</strong></span> <span class='ocrx_word' id='word_1_360' title='bbox 2841 2787 3010 2843; x_wconf 84' lang='lat' dir='ltr'><strong>facies</strong></span> <span class='ocrx_word' id='word_1_361' title='bbox 3041 2804 3227 2843; x_wconf 90' lang='lat' dir='ltr'><strong>rerum</strong></span> <span class='ocrx_word' id='word_1_362' title='bbox 3263 2804 3293 2843; x_wconf 91' lang='lat' dir='ltr'><strong>a</strong></span> <span class='ocrx_word' id='word_1_363' title='bbox 3317 2788 3456 2842; x_wconf 81' lang='lat' dir='ltr'><strong>Filio</strong></span> <span class='ocrx_word' id='word_1_364' title='bbox 3514 2786 3615 2841; x_wconf 86' lang='lat' dir='ltr'><strong>Dei</strong></span> <span class='ocrx_word' id='word_1_365' title='bbox 3698 2780 3707 2803; x_wconf 49' lang='grc' dir='ltr'><strong><em>τ</em></strong></span> 
     </span>
    </p>
   </div>
   <div class='ocr_carea' id='block_1_55' title="bbox 338 2875 1933 2965">
    <p class='ocr_par' dir='ltr' id='par_1_55' title="bbox 338 2875 1931 2950">
     <span class='ocr_line' id='line_1_55' title="bbox 338 2875 1931 2950; baseline -0.003 -18"><span class='ocrx_word' id='word_1_366' title='bbox 338 2879 740 2950; x_wconf 71' lang='grc' dir='ltr'>πραγματείας</span> <span class='ocrx_word' id='word_1_367' title='bbox 772 2879 865 2933; x_wconf 87' lang='grc' dir='ltr'><strong>τοῦ</strong></span> <span class='ocrx_word' id='word_1_368' title='bbox 904 2877 1033 2932; x_wconf 87' lang='grc' dir='ltr'>Υίοῦ</span> <span class='ocrx_word' id='word_1_369' title='bbox 1071 2877 1163 2932; x_wconf 85' lang='grc' dir='ltr'><strong>τοῦ</strong></span> <span class='ocrx_word' id='word_1_370' title='bbox 1197 2877 1353 2932; x_wconf 85' lang='grc' dir='ltr'>Θεοῦ.</span> <span class='ocrx_word' id='word_1_371' title='bbox 1392 2877 1465 2931; x_wconf 83' lang='grc' dir='ltr'><strong>Τὸ</strong></span> <span class='ocrx_word' id='word_1_372' title='bbox 1497 2877 1594 2947; x_wconf 83' lang='grc' dir='ltr'>μὲν</span> <span class='ocrx_word' id='word_1_373' title='bbox 1620 2877 1729 2947; x_wconf 86' lang='grc' dir='ltr'>γὰρ</span> <span class='ocrx_word' id='word_1_374' title='bbox 1759 2875 1931 2946; x_wconf 65' lang='grc' dir='ltr'>πρόσο</span> 
     </span>
    </p>
   </div>
   <div class='ocr_carea' id='block_1_56' title="bbox 2036 2875 3619 2965">
    <p class='ocr_par' dir='ltr' id='par_1_56' title="bbox 2036 2876 3619 2955">
     <span class='ocr_line' id='line_1_56' title="bbox 2036 2876 3619 2955; baseline -0.002 -17"><span class='ocrx_word' id='word_1_375' title='bbox 2036 2883 2405 2955; x_wconf 76' lang='lat' dir='ltr'><strong>gerendarum</strong></span> <span class='ocrx_word' id='word_1_376' title='bbox 2453 2880 2720 2951; x_wconf 82' lang='lat' dir='ltr'><strong>imagines</strong></span> <span class='ocrx_word' id='word_1_377' title='bbox 2771 2888 2919 2935; x_wconf 88' lang='lat' dir='ltr'><strong>sunt.</strong></span> <span class='ocrx_word' id='word_1_378' title='bbox 2962 2880 3147 2935; x_wconf 89' lang='lat' dir='ltr'><strong>Prima</strong></span> <span class='ocrx_word' id='word_1_379' title='bbox 3196 2878 3369 2935; x_wconf 84' lang='lat' dir='ltr'><strong>facies</strong></span> <span class='ocrx_word' id='word_1_380' title='bbox 3417 2876 3619 2935; x_wconf 75' lang='lat' dir='ltr'><strong>similis</strong></span> 
     </span>
    </p>
   </div>
   <div class='ocr_carea' id='block_1_57' title="bbox 276 2964 1929 3041">
    <p class='ocr_par' dir='ltr' id='par_1_57' title="bbox 276 2964 1929 3041">
     <span class='ocr_line' id='line_1_57' title="bbox 276 2964 1929 3041; baseline -0.004 -17"><span class='ocrx_word' id='word_1_381' title='bbox 276 3024 283 3031; x_wconf 80' lang='grc'><strong>,</strong></span> <span class='ocrx_word' id='word_1_382' title='bbox 342 2988 499 3039; x_wconf 78' lang='grc' dir='ltr'>ωπον</span> <span class='ocrx_word' id='word_1_383' title='bbox 525 2985 552 3012; x_wconf 78' lang='grc' dir='ltr'><strong>ι</strong></span> <span class='ocrx_word' id='word_1_384' title='bbox 571 2971 707 3037; x_wconf 78' lang='grc' dir='ltr'>ζῶον</span> <span class='ocrx_word' id='word_1_385' title='bbox 733 2979 760 3020; x_wconf 75' lang='grc'><strong><em>1</em></strong></span> <span class='ocrx_word' id='word_1_386' title='bbox 784 3014 798 3033; x_wconf 83' lang='grc'><strong>,</strong></span> <span class='ocrx_word' id='word_1_387' title='bbox 832 2972 985 3041; x_wconf 74' lang='grc' dir='ltr'>φασὶ,</span> <span class='ocrx_word' id='word_1_388' title='bbox 1029 2971 1228 3031; x_wconf 75' lang='grc' dir='ltr'>λέοντι,</span> <span class='ocrx_word' id='word_1_389' title='bbox 1252 2969 1315 3023; x_wconf 82' lang='grc' dir='ltr'><strong>τὸ</strong></span> <span class='ocrx_word' id='word_1_390' title='bbox 1366 2968 1687 3040; x_wconf 76' lang='grc' dir='ltr'>ἔμπρακτον</span> <span class='ocrx_word' id='word_1_391' title='bbox 1711 2964 1929 3029; x_wconf 75' lang='grc' dir='ltr'>.αὐτοῦ,</span> 
     </span>
    </p>
   </div>
   <div class='ocr_carea' id='block_1_58' title="bbox 345 3052 1926 3132">
    <p class='ocr_par' dir='ltr' id='par_1_58' title="bbox 345 3052 1926 3132">
     <span class='ocr_line' id='line_1_58' title="bbox 345 3052 1926 3132; baseline -0.007 -13"><span class='ocrx_word' id='word_1_392' title='bbox 345 3063 450 3119; x_wconf 72' lang='grc' dir='ltr'><strong>καὶ</strong></span> <span class='ocrx_word' id='word_1_393' title='bbox 500 3063 833 3132; x_wconf 68' lang='grc' dir='ltr'>ἡγεμονικὶν</span> <span class='ocrx_word' id='word_1_394' title='bbox 859 3062 951 3116; x_wconf 80' lang='grc' dir='ltr'>καὶ</span> <span class='ocrx_word' id='word_1_395' title='bbox 974 3052 1275 3131; x_wconf 47' lang='grc' dir='ltr'>’βασιλικὸν</span> <span class='ocrx_word' id='word_1_396' title='bbox 1298 3057 1733 3131; x_wconf 76' lang='grc' dir='ltr'>χαρακτηρίζον.</span> <span class='ocrx_word' id='word_1_397' title='bbox 1769 3055 1843 3109; x_wconf 80' lang='grc' dir='ltr'><strong>Τὸ</strong></span> <span class='ocrx_word' id='word_1_398' title='bbox 1868 3055 1926 3108; x_wconf 78' lang='grc' dir='ltr'><strong>δὲ</strong></span> 
     </span>
    </p>
   </div>
   <div class='ocr_carea' id='block_1_59' title="bbox 344 3149 1936 3223">
    <p class='ocr_par' dir='ltr' id='par_1_59' title="bbox 344 3149 1936 3223">
     <span class='ocr_line' id='line_1_59' title="bbox 344 3149 1936 3223; baseline -0.005 -15"><span class='ocrx_word' id='word_1_399' title='bbox 344 3152 630 3221; x_wconf 83' lang='grc' dir='ltr'>δεύτερον,</span> <span class='ocrx_word' id='word_1_400' title='bbox 664 3155 851 3223; x_wconf 77' lang='grc' dir='ltr'>ὅμοιον</span> <span class='ocrx_word' id='word_1_401' title='bbox 887 3154 1095 3223; x_wconf 81' lang='grc' dir='ltr'><strong>μόσχῳ,</strong></span> <span class='ocrx_word' id='word_1_402' title='bbox 1124 3154 1225 3222; x_wconf 73' lang='grc' dir='ltr'>τὴν</span> <span class='ocrx_word' id='word_1_403' title='bbox 1259 3151 1617 3222; x_wconf 79' lang='grc' dir='ltr'>ίερουργικὴν</span> <span class='ocrx_word' id='word_1_404' title='bbox 1646 3149 1740 3203; x_wconf 74' lang='grc' dir='ltr'><strong>καὶ</strong></span> <span class='ocrx_word' id='word_1_405' title='bbox 1788 3149 1936 3220; x_wconf 78' lang='grc' dir='ltr'>ἱερα-</span> 
     </span>
    </p>
   </div>
   <div class='ocr_carea' id='block_1_60' title="bbox 340 3240 1934 3317">
    <p class='ocr_par' dir='ltr' id='par_1_60' title="bbox 340 3240 1934 3317">
     <span class='ocr_line' id='line_1_60' title="bbox 340 3240 1934 3317; baseline -0.004 -19"><span class='ocrx_word' id='word_1_406' title='bbox 340 3246 515 3315; x_wconf 76' lang='grc' dir='ltr'>τικὴν</span> <span class='ocrx_word' id='word_1_407' title='bbox 551 3244 702 3311; x_wconf 80' lang='grc' dir='ltr'>τάξιν</span> <span class='ocrx_word' id='word_1_408' title='bbox 735 3248 1018 3317; x_wconf 76' lang='grc' dir='ltr'>ἐμφαῖνον,</span> <span class='ocrx_word' id='word_1_409' title='bbox 1052 3246 1125 3297; x_wconf 70' lang='grc' dir='ltr'>Τὸ</span> <span class='ocrx_word' id='word_1_410' title='bbox 1149 3244 1206 3298; x_wconf 84' lang='grc' dir='ltr'>δὲ</span> <span class='ocrx_word' id='word_1_411' title='bbox 1252 3243 1436 3315; x_wconf 86' lang='grc' dir='ltr'>τρίτον</span> <span class='ocrx_word' id='word_1_412' title='bbox 1469 3242 1591 3313; x_wconf 78' lang='grc' dir='ltr'>ἔχον</span> <span class='ocrx_word' id='word_1_413' title='bbox 1642 3240 1934 3311; x_wconf 87' lang='grc' dir='ltr'>πρόσωπον</span> 
     </span>
    </p>
   </div>
   <div class='ocr_carea' id='block_1_61' title="bbox 343 3329 1932 3407">
    <p class='ocr_par' dir='ltr' id='par_1_61' title="bbox 343 3329 1932 3407">
     <span class='ocr_line' id='line_1_61' title="bbox 343 3329 1932 3407; baseline -0.004 -18"><span class='ocrx_word' id='word_1_414' title='bbox 343 3335 667 3407; x_wconf 75' lang='grc' dir='ltr'>ᾀνθρώπου,</span> <span class='ocrx_word' id='word_1_415' title='bbox 700 3338 800 3406; x_wconf 77' lang='grc' dir='ltr'><strong>τὴν</strong></span> <span class='ocrx_word' id='word_1_416' title='bbox 856 3335 999 3389; x_wconf 74' lang='grc' dir='ltr'>κατὰ</span> <span class='ocrx_word' id='word_1_417' title='bbox 1050 3335 1334 3406; x_wconf 74' lang='grc' dir='ltr'>ἄνθρωπον</span> <span class='ocrx_word' id='word_1_418' title='bbox 1379 3330 1553 3386; x_wconf 76' lang='grc' dir='ltr'>ἀὑτοῦ</span> <span class='ocrx_word' id='word_1_419' title='bbox 1629 3329 1932 3403; x_wconf 79' lang='grc' dir='ltr'>παρουσίαν</span> 
     </span>
    </p>
   </div>
   <div class='ocr_carea' id='block_1_62' title="bbox 343 3420 1934 3499">
    <p class='ocr_par' dir='ltr' id='par_1_62' title="bbox 343 3420 1934 3499">
     <span class='ocr_line' id='line_1_62' title="bbox 343 3420 1934 3499; baseline -0.006 -17"><span class='ocrx_word' id='word_1_420' title='bbox 343 3426 715 3499; x_wconf 64' lang='grc' dir='ltr'>φανερώτατα</span> <span class='ocrx_word' id='word_1_421' title='bbox 739 3427 1043 3499; x_wconf 79' lang='grc' dir='ltr'>διαγράφον</span> <span class='ocrx_word' id='word_1_422' title='bbox 1063 3466 1077 3480; x_wconf 94' lang='grc'><strong>.</strong></span> <span class='ocrx_word' id='word_1_423' title='bbox 1106 3427 1179 3481; x_wconf 80' lang='grc' dir='ltr'><strong>Τὸ</strong></span> <span class='ocrx_word' id='word_1_424' title='bbox 1208 3426 1266 3479; x_wconf 81' lang='grc' dir='ltr'>δὲ</span> <span class='ocrx_word' id='word_1_425' title='bbox 1287 3427 1547 3497; x_wconf 78' lang='grc' dir='ltr'>τέταρτον</span> <span class='ocrx_word' id='word_1_426' title='bbox 1571 3424 1759 3492; x_wconf 80' lang='grc' dir='ltr'>ὅμοιον</span> <span class='ocrx_word' id='word_1_427' title='bbox 1791 3420 1934 3490; x_wconf 85' lang='grc' dir='ltr'>ἀετῷ</span> 
     </span>
    </p>
   </div>
   <div class='ocr_carea' id='block_1_63' title="bbox 344 3514 1935 3592">
    <p class='ocr_par' dir='ltr' id='par_1_63' title="bbox 344 3514 1935 3592">
     <span class='ocr_line' id='line_1_63' title="bbox 344 3514 1935 3592; baseline -0.004 -18"><span class='ocrx_word' id='word_1_428' title='bbox 344 3520 640 3592; x_wconf 71' lang='grc' dir='ltr'>πετομένῳ</span> <span class='ocrx_word' id='word_1_429' title='bbox 664 3561 677 3585; x_wconf 93' lang='grc'><strong>,</strong></span> <span class='ocrx_word' id='word_1_430' title='bbox 700 3519 799 3589; x_wconf 74' lang='grc' dir='ltr'>τὴν</span> <span class='ocrx_word' id='word_1_431' title='bbox 834 3518 932 3572; x_wconf 85' lang='grc' dir='ltr'><strong>τοῦ</strong></span> <span class='ocrx_word' id='word_1_432' title='bbox 970 3518 1285 3587; x_wconf 81' lang='grc' dir='ltr'>[Ινεύματος</span> <span class='ocrx_word' id='word_1_433' title='bbox 1335 3517 1427 3570; x_wconf 76' lang='grc' dir='ltr'>ἐπὶ</span> <span class='ocrx_word' id='word_1_434' title='bbox 1469 3516 1567 3586; x_wconf 82' lang='grc' dir='ltr'>τὴν</span> <span class='ocrx_word' id='word_1_435' title='bbox 1604 3514 1935 3583; x_wconf 79' lang='grc' dir='ltr'>Ἐκκλησίαν</span> 
     </span>
    </p>
   </div>
   <div class='ocr_carea' id='block_1_64' title="bbox 343 3598 1935 3683">
    <p class='ocr_par' dir='ltr' id='par_1_64' title="bbox 343 3598 1935 3683">
     <span class='ocr_line' id='line_1_64' title="bbox 343 3598 1935 3683; baseline -0.005 -19"><span class='ocrx_word' id='word_1_436' title='bbox 343 3612 729 3682; x_wconf 68' lang='grc' dir='ltr'>ἑφιπταμένην</span> <span class='ocrx_word' id='word_1_437' title='bbox 757 3610 902 3664; x_wconf 85' lang='grc' dir='ltr'>δόσιν</span> <span class='ocrx_word' id='word_1_438' title='bbox 929 3607 1243 3680; x_wconf 78' lang='grc' dir='ltr'>σαφηνίζον.</span> <span class='ocrx_word' id='word_1_439' title='bbox 1272 3608 1383 3662; x_wconf 69' lang='grc' dir='ltr'><strong>Καὶ</strong></span> <span class='ocrx_word' id='word_1_440' title='bbox 1407 3605 1475 3661; x_wconf 82' lang='grc' dir='ltr'>τὰ</span> <span class='ocrx_word' id='word_1_441' title='bbox 1511 3604 1820 3683; x_wconf 62' lang='grc' dir='ltr'>Εύαγγέλια</span> <span class='ocrx_word' id='word_1_442' title='bbox 1841 3598 1935 3656; x_wconf 76' lang='grc' dir='ltr'><strong>οὖν</strong></span> 
     </span>
    </p>
   </div>
   <div class='ocr_carea' id='block_1_65' title="bbox 342 3689 1937 3772">
    <p class='ocr_par' dir='ltr' id='par_1_65' title="bbox 342 3689 1937 3772">
     <span class='ocr_line' id='line_1_65' title="bbox 342 3689 1937 3772; baseline -0.006 -13"><span class='ocrx_word' id='word_1_443' title='bbox 342 3704 563 3767; x_wconf 72' lang='grc' dir='ltr'>τούτοις</span> <span class='ocrx_word' id='word_1_444' title='bbox 609 3701 902 3772; x_wconf 70' lang='grc' dir='ltr'>σύμφωνα,</span> <span class='ocrx_word' id='word_1_445' title='bbox 940 3703 999 3754; x_wconf 82' lang='grc' dir='ltr'>ἐν</span> <span class='ocrx_word' id='word_1_446' title='bbox 1049 3695 1130 3763; x_wconf 71' lang='grc' dir='ltr'>οἷς</span> <span class='ocrx_word' id='word_1_447' title='bbox 1164 3689 1526 3768; x_wconf 67' lang='grc' dir='ltr'>ὲγκαθέζεται</span> <span class='ocrx_word' id='word_1_448' title='bbox 1574 3696 1828 3769; x_wconf 84' lang='grc' dir='ltr'>Χριστός.</span> <span class='ocrx_word' id='word_1_449' title='bbox 1861 3696 1937 3750; x_wconf 83' lang='grc' dir='ltr'>Τὸ</span> 
     </span>
    </p>
   </div>
   <div class='ocr_carea' id='block_1_66' title="bbox 347 3788 1932 3867">
    <p class='ocr_par' dir='ltr' id='par_1_66' title="bbox 347 3788 1932 3867">
     <span class='ocr_line' id='line_1_66' title="bbox 347 3788 1932 3867; baseline -0.006 -17"><span class='ocrx_word' id='word_1_450' title='bbox 347 3796 456 3867; x_wconf 76' lang='grc' dir='ltr'><strong>μὲν</strong></span> <span class='ocrx_word' id='word_1_451' title='bbox 490 3795 601 3865; x_wconf 75' lang='grc' dir='ltr'>γὰρ</span> <span class='ocrx_word' id='word_1_452' title='bbox 632 3794 772 3848; x_wconf 88' lang='grc' dir='ltr'><strong>κατὰ</strong></span> <span class='ocrx_word' id='word_1_453' title='bbox 812 3793 1065 3864; x_wconf 73' lang='grc' dir='ltr'>Ἰωάννην</span> <span class='ocrx_word' id='word_1_454' title='bbox 1104 3791 1205 3862; x_wconf 84' lang='grc' dir='ltr'>τὴν</span> <span class='ocrx_word' id='word_1_455' title='bbox 1238 3791 1345 3845; x_wconf 63' lang='grc' dir='ltr'><strong>ἀπὸ</strong></span> <span class='ocrx_word' id='word_1_456' title='bbox 1393 3790 1489 3843; x_wconf 79' lang='grc' dir='ltr'><strong>τοῦ</strong></span> <span class='ocrx_word' id='word_1_457' title='bbox 1519 3788 1734 3861; x_wconf 83' lang='grc' dir='ltr'>Πατρδς</span> <span class='ocrx_word' id='word_1_458' title='bbox 1765 3788 1932 3842; x_wconf 83' lang='grc' dir='ltr'>αὐτοῦ</span> 
     </span>
    </p>
   </div>
   <div class='ocr_carea' id='block_1_67' title="bbox 344 3879 1933 3960">
    <p class='ocr_par' dir='ltr' id='par_1_67' title="bbox 344 3879 1933 3960">
     <span class='ocr_line' id='line_1_67' title="bbox 344 3879 1933 3960; baseline -0.005 -20"><span class='ocrx_word' id='word_1_459' title='bbox 344 3886 694 3960; x_wconf 66' lang='grc' dir='ltr'>ἡγεμονικὴν</span> <span class='ocrx_word' id='word_1_460' title='bbox 745 3885 840 3938; x_wconf 71' lang='grc' dir='ltr'><strong>καὶ</strong></span> <span class='ocrx_word' id='word_1_461' title='bbox 884 3882 1095 3948; x_wconf 74' lang='grc' dir='ltr'>ἔνδοξον</span> <span class='ocrx_word' id='word_1_462' title='bbox 1142 3880 1338 3951; x_wconf 79' lang='grc' dir='ltr'>γενεὰν</span> <span class='ocrx_word' id='word_1_463' title='bbox 1389 3882 1693 3955; x_wconf 79' lang='grc' dir='ltr'>διηγεῖται,</span> <span class='ocrx_word' id='word_1_464' title='bbox 1726 3879 1885 3947; x_wconf 80' lang='grc' dir='ltr'>λέγον</span> <span class='ocrx_word' id='word_1_465' title='bbox 1917 3896 1933 3911; x_wconf 76' lang='grc'><em>’</em></span> 
     </span>
    </p>
   </div>
   <div class='ocr_carea' id='block_1_68' title="bbox 351 3971 1937 4049">
    <p class='ocr_par' dir='ltr' id='par_1_68' title="bbox 351 3971 1937 4049">
     <span class='ocr_line' id='line_1_68' title="bbox 351 3971 1937 4049; baseline -0.006 -16"><span class='ocrx_word' id='word_1_466' title='bbox 351 3999 374 4033; x_wconf 71' lang='grc' dir='ltr'>ι</span> <span class='ocrx_word' id='word_1_467' title='bbox 432 3980 521 4031; x_wconf 81' lang='grc' dir='ltr'>Ἐν</span> <span class='ocrx_word' id='word_1_468' title='bbox 565 3978 708 4049; x_wconf 76' lang='grc' dir='ltr'><strong>ἀρχῇ</strong></span> <span class='ocrx_word' id='word_1_469' title='bbox 740 3971 808 4046; x_wconf 79' lang='grc' dir='ltr'>ἦν</span> <span class='ocrx_word' id='word_1_470' title='bbox 842 3978 869 4028; x_wconf 89' lang='grc' dir='ltr'>ὁ</span> <span class='ocrx_word' id='word_1_471' title='bbox 896 3975 1089 4042; x_wconf 84' lang='grc' dir='ltr'>Λόγος.</span> <span class='ocrx_word' id='word_1_472' title='bbox 1130 3992 1150 4026; x_wconf 71' lang='grc' dir='ltr'><strong><em>ι</em></strong></span> <span class='ocrx_word' id='word_1_473' title='bbox 1187 3973 1260 4026; x_wconf 82' lang='grc' dir='ltr'>Τὸ</span> <span class='ocrx_word' id='word_1_474' title='bbox 1306 3972 1364 4026; x_wconf 84' lang='grc' dir='ltr'><strong>δὲ</strong></span> <span class='ocrx_word' id='word_1_475' title='bbox 1391 3972 1534 4025; x_wconf 74' lang='grc' dir='ltr'>κατὰ</span> <span class='ocrx_word' id='word_1_476' title='bbox 1574 3972 1821 4037; x_wconf 78' lang='grc' dir='ltr'>Λουκᾶν,</span> <span class='ocrx_word' id='word_1_477' title='bbox 1846 3972 1937 4024; x_wconf 80' lang='grc' dir='ltr'><strong>ὅτε</strong></span> 
     </span>
    </p>
   </div>
   <div class='ocr_carea' id='block_1_69' title="bbox 348 4062 1936 4141">
    <p class='ocr_par' dir='ltr' id='par_1_69' title="bbox 348 4062 1936 4141">
     <span class='ocr_line' id='line_1_69' title="bbox 348 4062 1936 4141; baseline -0.006 -17"><span class='ocrx_word' id='word_1_478' title='bbox 348 4069 506 4141; x_wconf 77' lang='grc' dir='ltr'>ἱεροῦ</span> <span class='ocrx_word' id='word_1_479' title='bbox 531 4079 554 4109; x_wconf 76' lang='grc' dir='ltr'><strong><em>ι</em></strong></span> <span class='ocrx_word' id='word_1_480' title='bbox 592 4067 942 4141; x_wconf 75' lang='grc' dir='ltr'>χαρακτῆρος</span> <span class='ocrx_word' id='word_1_481' title='bbox 973 4068 1243 4137; x_wconf 80' lang='grc' dir='ltr'>ὑπάρχον,</span> <span class='ocrx_word' id='word_1_482' title='bbox 1276 4064 1389 4141; x_wconf 65' lang='grc' dir='ltr'>ἀπὸ</span> <span class='ocrx_word' id='word_1_483' title='bbox 1412 4064 1505 4118; x_wconf 88' lang='grc' dir='ltr'><strong>τοῦ</strong></span> <span class='ocrx_word' id='word_1_484' title='bbox 1541 4063 1811 4136; x_wconf 84' lang='grc' dir='ltr'>Ζαχαρίου</span> <span class='ocrx_word' id='word_1_485' title='bbox 1841 4062 1936 4116; x_wconf 89' lang='grc' dir='ltr'><strong>τοῦ</strong></span> 
     </span>
    </p>
   </div>
   <div class='ocr_carea' id='block_1_70' title="bbox 349 4154 1938 4233">
    <p class='ocr_par' dir='ltr' id='par_1_70' title="bbox 349 4154 1938 4233">
     <span class='ocr_line' id='line_1_70' title="bbox 349 4154 1938 4233; baseline -0.006 -16"><span class='ocrx_word' id='word_1_486' title='bbox 349 4164 551 4233; x_wconf 73' lang='grc' dir='ltr'>ἱερέως</span> <span class='ocrx_word' id='word_1_487' title='bbox 590 4160 911 4231; x_wconf 54' lang='grc' dir='ltr'>θυμιῶντας</span> <span class='ocrx_word' id='word_1_488' title='bbox 944 4158 1023 4229; x_wconf 83' lang='grc' dir='ltr'>τῷ</span> <span class='ocrx_word' id='word_1_489' title='bbox 1051 4157 1171 4228; x_wconf 84' lang='grc' dir='ltr'>Θεῷ</span> <span class='ocrx_word' id='word_1_490' title='bbox 1212 4154 1436 4227; x_wconf 72' lang='grc' dir='ltr'>ἦρξατο.</span> <span class='ocrx_word' id='word_1_491' title='bbox 1475 4156 1630 4228; x_wconf 85' lang='grc' dir='ltr'>ᾝδει</span> <span class='ocrx_word' id='word_1_492' title='bbox 1672 4154 1783 4226; x_wconf 86' lang='grc' dir='ltr'>γὰρ</span> <span class='ocrx_word' id='word_1_493' title='bbox 1807 4195 1822 4221; x_wconf 91' lang='grc'><strong>,</strong></span> <span class='ocrx_word' id='word_1_494' title='bbox 1854 4156 1938 4209; x_wconf 83' lang='grc' dir='ltr'><strong>ὅτι</strong></span> 
     </span>
    </p>
   </div>
   <div class='ocr_carea' id='block_1_71' title="bbox 2035 2967 3612 3045">
    <p class='ocr_par' dir='ltr' id='par_1_71' title="bbox 2035 2967 3612 3045">
     <span class='ocr_line' id='line_1_71' title="bbox 2035 2967 3612 3045; baseline -0.004 -16"><span class='ocrx_word' id='word_1_495' title='bbox 2035 2972 2181 3029; x_wconf 91' lang='lat' dir='ltr'><strong>leoni</strong></span> <span class='ocrx_word' id='word_1_496' title='bbox 2208 2973 2275 3039; x_wconf 77' lang='lat'><strong>&quot;,</strong></span> <span class='ocrx_word' id='word_1_497' title='bbox 2302 2987 2409 3042; x_wconf 88' lang='lat' dir='ltr'><strong>qua</strong></span> <span class='ocrx_word' id='word_1_498' title='bbox 2434 2969 2779 3041; x_wconf 79' lang='lat' dir='ltr'><strong>significatur</strong></span> <span class='ocrx_word' id='word_1_499' title='bbox 2810 2970 3019 3025; x_wconf 88' lang='lat' dir='ltr'><strong>Christi</strong></span> <span class='ocrx_word' id='word_1_500' title='bbox 3083 2970 3140 3024; x_wconf 91' lang='lat' dir='ltr'><strong>in</strong></span> <span class='ocrx_word' id='word_1_501' title='bbox 3199 2970 3411 3040; x_wconf 81' lang='lat' dir='ltr'><strong>agendo</strong></span> <span class='ocrx_word' id='word_1_502' title='bbox 3447 2967 3612 3045; x_wconf 67' lang='grc'><strong>432</strong></span> 
     </span>
    </p>
   </div>
   <div class='ocr_carea' id='block_1_72' title="bbox 2035 3059 3618 3129">
    <p class='ocr_par' dir='ltr' id='par_1_72' title="bbox 2035 3059 3618 3129">
     <span class='ocr_line' id='line_1_72' title="bbox 2035 3059 3618 3129; baseline -0.003 -11"><span class='ocrx_word' id='word_1_503' title='bbox 2035 3061 2349 3125; x_wconf 77' lang='lat' dir='ltr'><strong>efﬁcacitas,</strong></span> <span class='ocrx_word' id='word_1_504' title='bbox 2374 3059 2677 3116; x_wconf 86' lang='lat' dir='ltr'><strong>dominatio</strong></span> <span class='ocrx_word' id='word_1_505' title='bbox 2695 3074 2791 3115; x_wconf 87' lang='lat' dir='ltr'><strong>seu</strong></span> <span class='ocrx_word' id='word_1_506' title='bbox 2835 3059 3200 3129; x_wconf 82' lang='lat' dir='ltr'><strong>principatus,</strong></span> <span class='ocrx_word' id='word_1_507' title='bbox 3233 3068 3290 3113; x_wconf 90' lang='lat' dir='ltr'><strong>et</strong></span> <span class='ocrx_word' id='word_1_508' title='bbox 3321 3059 3470 3129; x_wconf 80' lang='lat' dir='ltr'><strong>regia</strong></span> <span class='ocrx_word' id='word_1_509' title='bbox 3517 3073 3618 3128; x_wconf 85' lang='lat' dir='ltr'><strong>po-</strong></span> 
     </span>
    </p>
   </div>
   <div class='ocr_carea' id='block_1_73' title="bbox 2038 3150 3621 3222">
    <p class='ocr_par' dir='ltr' id='par_1_73' title="bbox 2038 3150 3621 3222">
     <span class='ocr_line' id='line_1_73' title="bbox 2038 3150 3621 3222; baseline -0.003 -11"><span class='ocrx_word' id='word_1_510' title='bbox 2038 3162 2229 3212; x_wconf 87' lang='lat' dir='ltr'><strong>testas.</strong></span> <span class='ocrx_word' id='word_1_511' title='bbox 2253 3152 2505 3209; x_wconf 87' lang='lat' dir='ltr'><strong>Secunda</strong></span> <span class='ocrx_word' id='word_1_512' title='bbox 2531 3151 2700 3207; x_wconf 84' lang='lat' dir='ltr'><strong>facies</strong></span> <span class='ocrx_word' id='word_1_513' title='bbox 2724 3151 2923 3207; x_wconf 86' lang='lat' dir='ltr'><strong>similis</strong></span> <span class='ocrx_word' id='word_1_514' title='bbox 2948 3152 3125 3207; x_wconf 88' lang='lat' dir='ltr'><strong>vitulo</strong></span> <span class='ocrx_word' id='word_1_515' title='bbox 3152 3151 3221 3217; x_wconf 80' lang='lat'><strong>&quot;,</strong></span> <span class='ocrx_word' id='word_1_516' title='bbox 3244 3167 3351 3222; x_wconf 90' lang='lat' dir='ltr'><strong>qua</strong></span> <span class='ocrx_word' id='word_1_517' title='bbox 3407 3150 3621 3207; x_wconf 89' lang='lat' dir='ltr'><strong>Christi</strong></span> 
     </span>
    </p>
   </div>
   <div class='ocr_carea' id='block_1_74' title="bbox 2037 3238 3619 3311">
    <p class='ocr_par' dir='ltr' id='par_1_74' title="bbox 2037 3238 3619 3311">
     <span class='ocr_line' id='line_1_74' title="bbox 2037 3238 3619 3311; baseline -0.002 -15"><span class='ocrx_word' id='word_1_518' title='bbox 2037 3239 2396 3296; x_wconf 85' lang='lat' dir='ltr'><strong>sacerdotalis</strong></span> <span class='ocrx_word' id='word_1_519' title='bbox 2423 3249 2480 3294; x_wconf 87' lang='lat' dir='ltr'><strong>et</strong></span> <span class='ocrx_word' id='word_1_520' title='bbox 2500 3238 2833 3309; x_wconf 80' lang='lat' dir='ltr'><strong>pontiﬁcalis</strong></span> <span class='ocrx_word' id='word_1_521' title='bbox 2885 3239 3125 3311; x_wconf 76' lang='lat' dir='ltr'><strong>dignitas</strong></span> <span class='ocrx_word' id='word_1_522' title='bbox 3175 3240 3445 3297; x_wconf 88' lang='lat' dir='ltr'><strong>innuitur.</strong></span> <span class='ocrx_word' id='word_1_523' title='bbox 3477 3240 3619 3295; x_wconf 89' lang='lat' dir='ltr'><strong>Ter-</strong></span> 
     </span>
    </p>
   </div>
   <div class='ocr_carea' id='block_1_75' title="bbox 2039 3330 3620 3400">
    <p class='ocr_par' dir='ltr' id='par_1_75' title="bbox 2039 3330 3620 3400">
     <span class='ocr_line' id='line_1_75' title="bbox 2039 3330 3620 3400; baseline -0.001 -14"><span class='ocrx_word' id='word_1_524' title='bbox 2039 3333 2133 3397; x_wconf 90' lang='lat' dir='ltr'><strong>tia,</strong></span> <span class='ocrx_word' id='word_1_525' title='bbox 2162 3330 2334 3385; x_wconf 86' lang='lat' dir='ltr'><strong>facies</strong></span> <span class='ocrx_word' id='word_1_526' title='bbox 2358 3330 2602 3385; x_wconf 88' lang='lat' dir='ltr'><strong>hominis</strong></span> <span class='ocrx_word' id='word_1_527' title='bbox 2629 3330 2702 3394; x_wconf 78' lang='lat'><strong>&quot;,</strong></span> <span class='ocrx_word' id='word_1_528' title='bbox 2742 3345 2865 3400; x_wconf 64' lang='lat' dir='ltr'><strong>quae</strong></span> <span class='ocrx_word' id='word_1_529' title='bbox 2905 3331 3256 3400; x_wconf 59' lang='lat' dir='ltr'><strong>praesentiam</strong></span> <span class='ocrx_word' id='word_1_530' title='bbox 3313 3330 3523 3386; x_wconf 88' lang='lat' dir='ltr'><strong>Christi</strong></span> <span class='ocrx_word' id='word_1_531' title='bbox 3562 3331 3620 3385; x_wconf 92' lang='lat' dir='ltr'><strong>in</strong></span> 
     </span>
    </p>
   </div>
   <div class='ocr_carea' id='block_1_76' title="bbox 2042 3421 3618 3489">
    <p class='ocr_par' dir='ltr' id='par_1_76' title="bbox 2042 3421 3618 3489">
     <span class='ocr_line' id='line_1_76' title="bbox 2042 3421 3618 3489; baseline -0.001 -11"><span class='ocrx_word' id='word_1_532' title='bbox 2042 3424 2281 3478; x_wconf 88' lang='lat' dir='ltr'><strong>humana</strong></span> <span class='ocrx_word' id='word_1_533' title='bbox 2317 3437 2482 3477; x_wconf 87' lang='lat' dir='ltr'><strong>carne</strong></span> <span class='ocrx_word' id='word_1_534' title='bbox 2532 3421 2823 3477; x_wconf 82' lang='lat' dir='ltr'><strong>evidenter</strong></span> <span class='ocrx_word' id='word_1_535' title='bbox 2875 3422 3138 3477; x_wconf 85' lang='lat' dir='ltr'><strong>delineat.</strong></span> <span class='ocrx_word' id='word_1_536' title='bbox 3173 3422 3377 3489; x_wconf 84' lang='lat' dir='ltr'><strong>Quarta</strong></span> <span class='ocrx_word' id='word_1_537' title='bbox 3427 3422 3618 3487; x_wconf 86' lang='lat' dir='ltr'><strong>facies,</strong></span> 
     </span>
    </p>
   </div>
   <div class='ocr_carea' id='block_1_77' title="bbox 2037 3513 3620 3585">
    <p class='ocr_par' dir='ltr' id='par_1_77' title="bbox 2037 3513 3620 3585">
     <span class='ocr_line' id='line_1_77' title="bbox 2037 3513 3620 3585; baseline 0.001 -17"><span class='ocrx_word' id='word_1_538' title='bbox 2037 3516 2236 3571; x_wconf 88' lang='lat' dir='ltr'><strong>similis</strong></span> <span class='ocrx_word' id='word_1_539' title='bbox 2284 3515 2481 3585; x_wconf 69' lang='lat' dir='ltr'><strong>aquila:</strong></span> <span class='ocrx_word' id='word_1_540' title='bbox 2531 3514 2738 3569; x_wconf 88' lang='lat' dir='ltr'><strong>volanti</strong></span> <span class='ocrx_word' id='word_1_541' title='bbox 2786 3514 2853 3579; x_wconf 71' lang='grc'>³⁸,</span> <span class='ocrx_word' id='word_1_542' title='bbox 2890 3513 3100 3570; x_wconf 83' lang='lat' dir='ltr'><strong>indicat</strong></span> <span class='ocrx_word' id='word_1_543' title='bbox 3164 3514 3407 3583; x_wconf 87' lang='lat' dir='ltr'><strong>Spiritus</strong></span> <span class='ocrx_word' id='word_1_544' title='bbox 3442 3514 3620 3569; x_wconf 87' lang='lat' dir='ltr'><strong>sancti</strong></span> 
     </span>
    </p>
   </div>
   <div class='ocr_carea' id='block_1_78' title="bbox 2038 3603 3619 3674">
    <p class='ocr_par' dir='ltr' id='par_1_78' title="bbox 2038 3603 3619 3674">
     <span class='ocr_line' id='line_1_78' title="bbox 2038 3603 3619 3674; baseline 0 -15"><span class='ocrx_word' id='word_1_545' title='bbox 2038 3619 2206 3673; x_wconf 84' lang='lat' dir='ltr'><strong>super</strong></span> <span class='ocrx_word' id='word_1_546' title='bbox 2271 3604 2575 3658; x_wconf 88' lang='lat' dir='ltr'><strong>Ecclesiam</strong></span> <span class='ocrx_word' id='word_1_547' title='bbox 2620 3603 2858 3657; x_wconf 83' lang='lat' dir='ltr'><strong>volantis</strong></span> <span class='ocrx_word' id='word_1_548' title='bbox 2913 3604 3143 3657; x_wconf 90' lang='lat' dir='ltr'><strong>donum.</strong></span> <span class='ocrx_word' id='word_1_549' title='bbox 3198 3603 3268 3658; x_wconf 89' lang='lat' dir='ltr'><strong>Et</strong></span> <span class='ocrx_word' id='word_1_550' title='bbox 3323 3603 3619 3674; x_wconf 80' lang='lat' dir='ltr'><strong>Evangelia</strong></span> 
     </span>
    </p>
   </div>
   <div class='ocr_carea' id='block_1_79' title="bbox 2038 3691 3619 3763">
    <p class='ocr_par' dir='ltr' id='par_1_79' title="bbox 2038 3691 3619 3763">
     <span class='ocr_line' id='line_1_79' title="bbox 2038 3691 3619 3763; baseline 0.001 -18"><span class='ocrx_word' id='word_1_551' title='bbox 2038 3692 2284 3763; x_wconf 87' lang='lat' dir='ltr'><strong>quidem,</strong></span> <span class='ocrx_word' id='word_1_552' title='bbox 2325 3693 2379 3746; x_wconf 91' lang='lat' dir='ltr'><strong>in</strong></span> <span class='ocrx_word' id='word_1_553' title='bbox 2415 3693 2618 3761; x_wconf 89' lang='lat' dir='ltr'><strong>quibus</strong></span> <span class='ocrx_word' id='word_1_554' title='bbox 2645 3691 2904 3747; x_wconf 84' lang='lat' dir='ltr'><strong>Christus</strong></span> <span class='ocrx_word' id='word_1_555' title='bbox 2960 3691 3187 3756; x_wconf 88' lang='lat' dir='ltr'><strong>residet,</strong></span> <span class='ocrx_word' id='word_1_556' title='bbox 3239 3691 3326 3746; x_wconf 92' lang='lat' dir='ltr'><strong>his</strong></span> <span class='ocrx_word' id='word_1_557' title='bbox 3373 3703 3619 3747; x_wconf 80' lang='lat' dir='ltr'><strong>consona</strong></span> 
     </span>
    </p>
   </div>
   <div class='ocr_carea' id='block_1_80' title="bbox 2040 3780 3619 3852">
    <p class='ocr_par' dir='ltr' id='par_1_80' title="bbox 2040 3780 3619 3852">
     <span class='ocr_line' id='line_1_80' title="bbox 2040 3780 3619 3852; baseline -0.001 -15"><span class='ocrx_word' id='word_1_558' title='bbox 2040 3789 2169 3837; x_wconf 89' lang='lat' dir='ltr'><strong>sunt</strong></span> <span class='ocrx_word' id='word_1_559' title='bbox 2207 3799 2219 3834; x_wconf 92' lang='lat'><strong>:</strong></span> <span class='ocrx_word' id='word_1_560' title='bbox 2254 3796 2381 3835; x_wconf 89' lang='lat' dir='ltr'><strong>nam</strong></span> <span class='ocrx_word' id='word_1_561' title='bbox 2411 3780 2545 3835; x_wconf 88' lang='lat' dir='ltr'><strong>illud</strong></span> <span class='ocrx_word' id='word_1_562' title='bbox 2580 3781 2885 3836; x_wconf 89' lang='lat' dir='ltr'><strong>secundum</strong></span> <span class='ocrx_word' id='word_1_563' title='bbox 2927 3781 3219 3847; x_wconf 85' lang='lat' dir='ltr'><strong>Joannem,</strong></span> <span class='ocrx_word' id='word_1_564' title='bbox 3251 3781 3619 3852; x_wconf 89' lang='lat' dir='ltr'><strong>principalem</strong></span> 
     </span>
    </p>
   </div>
   <div class='ocr_carea' id='block_1_81' title="bbox 2040 3869 3619 3941">
    <p class='ocr_par' dir='ltr' id='par_1_81' title="bbox 2040 3869 3619 3941">
     <span class='ocr_line' id='line_1_81' title="bbox 2040 3869 3619 3941; baseline -0.003 -13"><span class='ocrx_word' id='word_1_565' title='bbox 2040 3871 2187 3929; x_wconf 90' lang='lat' dir='ltr'><strong>illam</strong></span> <span class='ocrx_word' id='word_1_566' title='bbox 2219 3878 2274 3926; x_wconf 87' lang='lat' dir='ltr'><strong>et</strong></span> <span class='ocrx_word' id='word_1_567' title='bbox 2301 3871 2593 3941; x_wconf 84' lang='lat' dir='ltr'><strong>gloriosam</strong></span> <span class='ocrx_word' id='word_1_568' title='bbox 2646 3869 3059 3940; x_wconf 83' lang='lat' dir='ltr'><strong>generationem</strong></span> <span class='ocrx_word' id='word_1_569' title='bbox 3115 3885 3185 3925; x_wconf 79' lang='lat' dir='ltr'><strong>ex</strong></span> <span class='ocrx_word' id='word_1_570' title='bbox 3217 3870 3381 3925; x_wconf 88' lang='lat' dir='ltr'><strong>Patre</strong></span> <span class='ocrx_word' id='word_1_571' title='bbox 3444 3883 3619 3939; x_wconf 83' lang='lat' dir='ltr'><strong>expo-</strong></span> 
     </span>
    </p>
   </div>
   <div class='ocr_carea' id='block_1_82' title="bbox 2041 3961 3619 4033">
    <p class='ocr_par' dir='ltr' id='par_1_82' title="bbox 2041 3961 3619 4033">
     <span class='ocr_line' id='line_1_82' title="bbox 2041 3961 3619 4033; baseline -0.003 -14"><span class='ocrx_word' id='word_1_572' title='bbox 2041 3965 2122 4019; x_wconf 86' lang='lat' dir='ltr'><strong>nit</strong></span> <span class='ocrx_word' id='word_1_573' title='bbox 2150 3982 2163 4017; x_wconf 88' lang='lat'><strong>:</strong></span> <span class='ocrx_word' id='word_1_574' title='bbox 2196 3985 2213 4014; x_wconf 74' lang='grc' dir='ltr'><strong>ι</strong></span> <span class='ocrx_word' id='word_1_575' title='bbox 2238 3964 2296 4018; x_wconf 88' lang='lat' dir='ltr'><strong>In</strong></span> <span class='ocrx_word' id='word_1_576' title='bbox 2322 3961 2596 4033; x_wconf 78' lang='lat' dir='ltr'><strong>principio</strong></span> <span class='ocrx_word' id='word_1_577' title='bbox 2621 3961 3013 4017; x_wconf 79' lang='lat' dir='ltr'><strong>eratVerbum</strong></span> <span class='ocrx_word' id='word_1_578' title='bbox 3045 3962 3114 4015; x_wconf 70' lang='grc' dir='ltr'><strong>θ’.</strong></span> <span class='ocrx_word' id='word_1_579' title='bbox 3146 3981 3165 4015; x_wconf 74' lang='grc' dir='ltr'><strong>ι</strong></span> <span class='ocrx_word' id='word_1_580' title='bbox 3198 3961 3339 4017; x_wconf 88' lang='lat' dir='ltr'><strong>Illud</strong></span> <span class='ocrx_word' id='word_1_581' title='bbox 3366 3977 3499 4017; x_wconf 87' lang='lat' dir='ltr'><strong>vero</strong></span> <span class='ocrx_word' id='word_1_582' title='bbox 3528 3977 3619 4015; x_wconf 86' lang='lat' dir='ltr'><strong>se-</strong></span> 
     </span>
    </p>
   </div>
   <div class='ocr_carea' id='block_1_83' title="bbox 2042 4050 3617 4123">
    <p class='ocr_par' dir='ltr' id='par_1_83' title="bbox 2042 4050 3617 4123">
     <span class='ocr_line' id='line_1_83' title="bbox 2042 4050 3617 4123; baseline -0.003 -12"><span class='ocrx_word' id='word_1_583' title='bbox 2042 4055 2287 4111; x_wconf 91' lang='lat' dir='ltr'><strong>cundum</strong></span> <span class='ocrx_word' id='word_1_584' title='bbox 2329 4054 2555 4117; x_wconf 86' lang='lat' dir='ltr'><strong>Lucam,</strong></span> <span class='ocrx_word' id='word_1_585' title='bbox 2593 4064 2853 4123; x_wconf 86' lang='lat' dir='ltr'><strong>tanquam</strong></span> <span class='ocrx_word' id='word_1_586' title='bbox 2908 4053 3270 4109; x_wconf 86' lang='lat' dir='ltr'><strong>sacerdotalis</strong></span> <span class='ocrx_word' id='word_1_587' title='bbox 3329 4050 3558 4116; x_wconf 79' lang='lat' dir='ltr'><strong>Ordinis,</strong></span> <span class='ocrx_word' id='word_1_588' title='bbox 3584 4069 3617 4108; x_wconf 88' lang='lat' dir='ltr'><strong>a</strong></span> 
     </span>
    </p>
   </div>
   <div class='ocr_carea' id='block_1_84' title="bbox 2042 4144 3621 4203">
    <p class='ocr_par' dir='ltr' id='par_1_84' title="bbox 2042 4144 3621 4203">
     <span class='ocr_line' id='line_1_84' title="bbox 2042 4144 3621 4203; baseline -0.001 -3"><span class='ocrx_word' id='word_1_589' title='bbox 2042 4146 2304 4203; x_wconf 88' lang='lat' dir='ltr'><strong>Zacharia</strong></span> <span class='ocrx_word' id='word_1_590' title='bbox 2337 4144 2623 4199; x_wconf 89' lang='lat' dir='ltr'><strong>sacerdote</strong></span> <span class='ocrx_word' id='word_1_591' title='bbox 2666 4144 2954 4198; x_wconf 86' lang='lat' dir='ltr'><strong>incensum</strong></span> <span class='ocrx_word' id='word_1_592' title='bbox 2997 4145 3108 4199; x_wconf 88' lang='lat' dir='ltr'><strong>Deo</strong></span> <span class='ocrx_word' id='word_1_593' title='bbox 3175 4145 3434 4200; x_wconf 90' lang='lat' dir='ltr'><strong>adolente</strong></span> <span class='ocrx_word' id='word_1_594' title='bbox 3470 4146 3484 4175; x_wconf 89' lang='grc'>¹</span> <span class='ocrx_word' id='word_1_595' title='bbox 3530 4144 3621 4198; x_wconf 90' lang='lat' dir='ltr'><strong>in-</strong></span> 
     </span>
    </p>
   </div>
   <div class='ocr_carea' id='block_1_85' title="bbox 350 4235 1933 4323">
    <p class='ocr_par' dir='ltr' id='par_1_85' title="bbox 350 4249 1931 4323">
     <span class='ocr_line' id='line_1_85' title="bbox 350 4249 1931 4323; baseline -0.003 -15"><span class='ocrx_word' id='word_1_596' title='bbox 350 4254 604 4318; x_wconf 78' lang='grc' dir='ltr'>σιτευτὺς</span> <span class='ocrx_word' id='word_1_597' title='bbox 631 4253 984 4322; x_wconf 75' lang='grc' dir='ltr'>ἐτοιμάζεται</span> <span class='ocrx_word' id='word_1_598' title='bbox 1011 4251 1212 4323; x_wconf 85' lang='grc' dir='ltr'>μόσχος</span> <span class='ocrx_word' id='word_1_599' title='bbox 1248 4250 1390 4320; x_wconf 82' lang='grc' dir='ltr'>ὑπὲρ</span> <span class='ocrx_word' id='word_1_600' title='bbox 1420 4251 1518 4320; x_wconf 84' lang='grc' dir='ltr'>τῆς</span> <span class='ocrx_word' id='word_1_601' title='bbox 1546 4249 1886 4322; x_wconf 76' lang='grc' dir='ltr'>ἀνευρέσεως</span> <span class='ocrx_word' id='word_1_602' title='bbox 1906 4263 1931 4291; x_wconf 75' lang='grc' dir='ltr'><strong>α</strong></span> 
     </span>
    </p>
   </div>
   <div class='ocr_carea' id='block_1_86' title="bbox 2036 4235 3618 4323">
    <p class='ocr_par' dir='ltr' id='par_1_86' title="bbox 2042 4235 3618 4306">
     <span class='ocr_line' id='line_1_86' title="bbox 2042 4235 3618 4306; baseline -0.003 -12"><span class='ocrx_word' id='word_1_603' title='bbox 2042 4238 2295 4294; x_wconf 90' lang='lat' dir='ltr'><strong>choatur.</strong></span> <span class='ocrx_word' id='word_1_604' title='bbox 2326 4237 2550 4292; x_wconf 81' lang='lat' dir='ltr'><strong>Sciebat</strong></span> <span class='ocrx_word' id='word_1_605' title='bbox 2586 4235 2738 4290; x_wconf 89' lang='lat' dir='ltr'><strong>enim</strong></span> <span class='ocrx_word' id='word_1_606' title='bbox 2771 4236 3008 4288; x_wconf 90' lang='lat' dir='ltr'><strong>vitulum</strong></span> <span class='ocrx_word' id='word_1_607' title='bbox 3041 4235 3348 4305; x_wconf 80' lang='lat' dir='ltr'><strong>saginatum</strong></span> <span class='ocrx_word' id='word_1_608' title='bbox 3405 4251 3618 4306; x_wconf 70' lang='lat' dir='ltr'><strong>praepa-</strong></span> 
     </span>
    </p>
   </div>
   <div class='ocr_carea' id='block_1_87' title="bbox 348 4338 1929 4418">
    <p class='ocr_par' dir='ltr' id='par_1_87' title="bbox 348 4338 1929 4418">
     <span class='ocr_line' id='line_1_87' title="bbox 348 4338 1929 4418; baseline -0.004 -15"><span class='ocrx_word' id='word_1_609' title='bbox 348 4348 446 4404; x_wconf 78' lang='grc' dir='ltr'><strong>τοῦ</strong></span> <span class='ocrx_word' id='word_1_610' title='bbox 484 4347 752 4418; x_wconf 82' lang='grc' dir='ltr'>νεωτέρου</span> <span class='ocrx_word' id='word_1_611' title='bbox 797 4345 986 4409; x_wconf 77' lang='grc' dir='ltr'>παιδὸς</span> <span class='ocrx_word' id='word_1_612' title='bbox 1022 4345 1233 4414; x_wconf 80' lang='grc' dir='ltr'>μέλλων</span> <span class='ocrx_word' id='word_1_613' title='bbox 1289 4338 1641 4397; x_wconf 51' lang='grc' dir='ltr'>θύεσθαιέτὸ</span> <span class='ocrx_word' id='word_1_614' title='bbox 1694 4342 1751 4396; x_wconf 79' lang='grc' dir='ltr'><strong>δὲ</strong></span> <span class='ocrx_word' id='word_1_615' title='bbox 1786 4342 1929 4396; x_wconf 88' lang='grc' dir='ltr'>κατὰ</span> 
     </span>
    </p>
   </div>
   <div class='ocr_carea' id='block_1_88' title="bbox 350 4432 1936 4507">
    <p class='ocr_par' dir='ltr' id='par_1_88' title="bbox 350 4432 1936 4507">
     <span class='ocr_line' id='line_1_88' title="bbox 350 4432 1936 4507; baseline -0.005 -13"><span class='ocrx_word' id='word_1_616' title='bbox 350 4438 637 4494; x_wconf 78' lang='grc' dir='ltr'>Ματθαῖον</span> <span class='ocrx_word' id='word_1_617' title='bbox 702 4435 804 4507; x_wconf 84' lang='grc' dir='ltr'><strong>τὴν</strong></span> <span class='ocrx_word' id='word_1_618' title='bbox 896 4434 1039 4489; x_wconf 81' lang='grc' dir='ltr'>κατὰ</span> <span class='ocrx_word' id='word_1_619' title='bbox 1102 4434 1392 4505; x_wconf 83' lang='grc' dir='ltr'>ἄνθρωπον</span> <span class='ocrx_word' id='word_1_620' title='bbox 1453 4432 1617 4486; x_wconf 82' lang='grc' dir='ltr'>αὐτοῦ</span> <span class='ocrx_word' id='word_1_621' title='bbox 1676 4434 1936 4504; x_wconf 79' lang='grc' dir='ltr'>γέννησιν</span> 
     </span>
    </p>
   </div>
   <div class='ocr_carea' id='block_1_89' title="bbox 323 4524 1936 4602">
    <p class='ocr_par' dir='ltr' id='par_1_89' title="bbox 323 4524 1936 4602">
     <span class='ocr_line' id='line_1_89' title="bbox 323 4524 1936 4602; baseline -0.005 -17"><span class='ocrx_word' id='word_1_622' title='bbox 323 4531 327 4535; x_wconf 83' lang='grc'><strong>’</strong></span> <span class='ocrx_word' id='word_1_623' title='bbox 355 4530 620 4602; x_wconf 81' lang='grc' dir='ltr'>κηρύττει</span> <span class='ocrx_word' id='word_1_624' title='bbox 646 4528 805 4598; x_wconf 78' lang='grc' dir='ltr'>λέγον</span> <span class='ocrx_word' id='word_1_625' title='bbox 836 4543 852 4558; x_wconf 90' lang='grc'><strong>·</strong></span> <span class='ocrx_word' id='word_1_626' title='bbox 896 4546 914 4579; x_wconf 80' lang='lat' dir='ltr'><strong>r</strong></span> <span class='ocrx_word' id='word_1_627' title='bbox 948 4526 1138 4590; x_wconf 80' lang='grc' dir='ltr'>Βίϐλος</span> <span class='ocrx_word' id='word_1_628' title='bbox 1167 4526 1435 4595; x_wconf 75' lang='grc' dir='ltr'>γενέσεως</span> <span class='ocrx_word' id='word_1_629' title='bbox 1470 4524 1645 4596; x_wconf 87' lang='grc' dir='ltr'>Ἰησοῦ</span> <span class='ocrx_word' id='word_1_630' title='bbox 1673 4524 1936 4595; x_wconf 81' lang='grc' dir='ltr'>Χριστοῦ,</span> 
     </span>
    </p>
   </div>
   <div class='ocr_carea' id='block_1_90' title="bbox 356 4613 1935 4686">
    <p class='ocr_par' dir='ltr' id='par_1_90' title="bbox 356 4613 1935 4686">
     <span class='ocr_line' id='line_1_90' title="bbox 356 4613 1935 4686; baseline -0.004 -13"><span class='ocrx_word' id='word_1_631' title='bbox 356 4617 477 4686; x_wconf 77' lang='grc' dir='ltr'>υἱοῦ</span> <span class='ocrx_word' id='word_1_632' title='bbox 526 4616 711 4685; x_wconf 73' lang='grc' dir='ltr'>Δαϐὶδ,</span> <span class='ocrx_word' id='word_1_633' title='bbox 749 4615 868 4673; x_wconf 81' lang='grc' dir='ltr'>υίοῦ</span> <span class='ocrx_word' id='word_1_634' title='bbox 911 4614 1180 4685; x_wconf 78' lang='grc' dir='ltr'>Ἀϐραάμ.</span> <span class='ocrx_word' id='word_1_635' title='bbox 1214 4634 1233 4671; x_wconf 70' lang='grc' dir='ltr'><strong><em>ι</em></strong></span> <span class='ocrx_word' id='word_1_636' title='bbox 1260 4613 1336 4668; x_wconf 79' lang='grc' dir='ltr'><strong>Τὸ</strong></span> <span class='ocrx_word' id='word_1_637' title='bbox 1383 4613 1440 4669; x_wconf 74' lang='grc' dir='ltr'><strong>δὲ</strong></span> <span class='ocrx_word' id='word_1_638' title='bbox 1487 4615 1628 4677; x_wconf 80' lang='grc' dir='ltr'><strong>κατᾶ</strong></span> <span class='ocrx_word' id='word_1_639' title='bbox 1687 4613 1935 4684; x_wconf 82' lang='grc' dir='ltr'>Μάρκον,</span> 
     </span>
    </p>
   </div>
   <div class='ocr_carea' id='block_1_91' title="bbox 356 4703 1940 4780">
    <p class='ocr_par' dir='ltr' id='par_1_91' title="bbox 356 4703 1940 4780">
     <span class='ocr_line' id='line_1_91' title="bbox 356 4703 1940 4780; baseline -0.006 -15"><span class='ocrx_word' id='word_1_640' title='bbox 356 4710 467 4773; x_wconf 71' lang='grc' dir='ltr'><strong>ἀπὸ</strong></span> <span class='ocrx_word' id='word_1_641' title='bbox 519 4707 616 4777; x_wconf 80' lang='grc' dir='ltr'><strong>τοῦ</strong></span> <span class='ocrx_word' id='word_1_642' title='bbox 673 4706 1019 4780; x_wconf 77' lang='grc' dir='ltr'>προφητικοῦ</span> <span class='ocrx_word' id='word_1_643' title='bbox 1078 4706 1388 4776; x_wconf 86' lang='grc' dir='ltr'>πνεύματος</span> <span class='ocrx_word' id='word_1_644' title='bbox 1415 4745 1431 4771; x_wconf 92' lang='grc'><strong>,</strong></span> <span class='ocrx_word' id='word_1_645' title='bbox 1485 4703 1580 4757; x_wconf 89' lang='grc' dir='ltr'><strong>τοῦ</strong></span> <span class='ocrx_word' id='word_1_646' title='bbox 1630 4703 1690 4771; x_wconf 77' lang='grc' dir='ltr'><strong>ἐξ</strong></span> <span class='ocrx_word' id='word_1_647' title='bbox 1768 4703 1940 4774; x_wconf 78' lang='grc' dir='ltr'>ὕψους</span> 
     </span>
    </p>
   </div>
   <div class='ocr_carea' id='block_1_92' title="bbox 356 4796 1938 4870">
    <p class='ocr_par' dir='ltr' id='par_1_92' title="bbox 356 4796 1938 4870">
     <span class='ocr_line' id='line_1_92' title="bbox 356 4796 1938 4870; baseline -0.004 -16"><span class='ocrx_word' id='word_1_648' title='bbox 356 4802 606 4864; x_wconf 63' lang='grc' dir='ltr'>ἐπιόντος</span> <span class='ocrx_word' id='word_1_649' title='bbox 636 4801 751 4867; x_wconf 80' lang='grc' dir='ltr'>τοῖς</span> <span class='ocrx_word' id='word_1_650' title='bbox 791 4797 1101 4870; x_wconf 78' lang='grc' dir='ltr'>ἀνθρώποις</span> <span class='ocrx_word' id='word_1_651' title='bbox 1141 4796 1242 4868; x_wconf 79' lang='grc' dir='ltr'>τὴν</span> <span class='ocrx_word' id='word_1_652' title='bbox 1279 4796 1457 4869; x_wconf 76' lang='grc' dir='ltr'>ἀρχὴν</span> <span class='ocrx_word' id='word_1_653' title='bbox 1502 4796 1819 4867; x_wconf 74' lang='grc' dir='ltr'>ἐποιήσατο,</span> <span class='ocrx_word' id='word_1_654' title='bbox 1846 4796 1938 4848; x_wconf 75' lang='grc' dir='ltr'><strong>λέ-</strong></span> 
     </span>
    </p>
   </div>
   <div class='ocr_carea' id='block_1_93' title="bbox 356 4887 1938 4965">
    <p class='ocr_par' dir='ltr' id='par_1_93' title="bbox 356 4887 1938 4965">
     <span class='ocr_line' id='line_1_93' title="bbox 356 4887 1938 4965; baseline -0.006 -16"><span class='ocrx_word' id='word_1_655' title='bbox 356 4912 453 4964; x_wconf 80' lang='grc' dir='ltr'><strong>γον</strong></span> <span class='ocrx_word' id='word_1_656' title='bbox 481 4910 497 4926; x_wconf 91' lang='grc'><strong>·</strong></span> <span class='ocrx_word' id='word_1_657' title='bbox 531 4912 551 4944; x_wconf 71' lang='grc' dir='ltr'><strong>ε</strong></span> <span class='ocrx_word' id='word_1_658' title='bbox 600 4893 770 4965; x_wconf 80' lang='grc' dir='ltr'>’Δρχὴ</span> <span class='ocrx_word' id='word_1_659' title='bbox 807 4890 902 4951; x_wconf 87' lang='grc' dir='ltr'><strong>τοῦ</strong></span> <span class='ocrx_word' id='word_1_660' title='bbox 948 4888 1280 4959; x_wconf 80' lang='grc' dir='ltr'>Εὑαγγελίου</span> <span class='ocrx_word' id='word_1_661' title='bbox 1326 4887 1502 4960; x_wconf 80' lang='grc' dir='ltr'>Ἰησοῦ</span> <span class='ocrx_word' id='word_1_662' title='bbox 1566 4888 1828 4959; x_wconf 82' lang='grc' dir='ltr'>Χριστοῦ,</span> <span class='ocrx_word' id='word_1_663' title='bbox 1860 4887 1938 4951; x_wconf 83' lang='grc' dir='ltr'>ὡς</span> 
     </span>
    </p>
   </div>
   <div class='ocr_carea' id='block_1_94' title="bbox 356 4981 1929 5059">
    <p class='ocr_par' dir='ltr' id='par_1_94' title="bbox 356 4981 1929 5059">
     <span class='ocr_line' id='line_1_94' title="bbox 356 4981 1929 5059; baseline -0.004 -19"><span class='ocrx_word' id='word_1_664' title='bbox 356 4986 670 5059; x_wconf 77' lang='grc' dir='ltr'>γέγραπται</span> <span class='ocrx_word' id='word_1_665' title='bbox 706 4985 768 5039; x_wconf 73' lang='grc' dir='ltr'>ὲν</span> <span class='ocrx_word' id='word_1_666' title='bbox 807 4983 984 5055; x_wconf 61' lang='grc' dir='ltr'>Ἰσαίῳ.</span> <span class='ocrx_word' id='word_1_667' title='bbox 1007 4982 1087 5053; x_wconf 82' lang='grc' dir='ltr'>τῷ</span> <span class='ocrx_word' id='word_1_668' title='bbox 1116 4982 1395 5055; x_wconf 81' lang='grc' dir='ltr'>προφήτῃ.</span> <span class='ocrx_word' id='word_1_669' title='bbox 1431 5001 1451 5035; x_wconf 73' lang='grc' dir='ltr'><strong><em>ι</em></strong></span> <span class='ocrx_word' id='word_1_670' title='bbox 1486 4982 1596 5036; x_wconf 67' lang='grc' dir='ltr'><strong>Καὶ</strong></span> <span class='ocrx_word' id='word_1_671' title='bbox 1623 4982 1787 5046; x_wconf 77' lang='grc' dir='ltr'>αὐτὸς</span> <span class='ocrx_word' id='word_1_672' title='bbox 1810 4981 1868 5034; x_wconf 80' lang='grc' dir='ltr'><strong>δὲ</strong></span> <span class='ocrx_word' id='word_1_673' title='bbox 1899 4983 1929 5034; x_wconf 88' lang='grc' dir='ltr'><strong>ό</strong></span> 
     </span>
    </p>
   </div>
   <div class='ocr_carea' id='block_1_95' title="bbox 359 5071 1937 5147">
    <p class='ocr_par' dir='ltr' id='par_1_95' title="bbox 359 5071 1937 5147">
     <span class='ocr_line' id='line_1_95' title="bbox 359 5071 1937 5147; baseline -0.004 -14"><span class='ocrx_word' id='word_1_674' title='bbox 359 5078 533 5147; x_wconf 81' lang='grc' dir='ltr'>Λόγος</span> <span class='ocrx_word' id='word_1_675' title='bbox 558 5075 654 5130; x_wconf 88' lang='grc' dir='ltr'><strong>τοῦ</strong></span> <span class='ocrx_word' id='word_1_676' title='bbox 681 5074 819 5130; x_wconf 83' lang='grc' dir='ltr'>Θεοῦ</span> <span class='ocrx_word' id='word_1_677' title='bbox 872 5077 985 5139; x_wconf 86' lang='grc' dir='ltr'>τοῖς</span> <span class='ocrx_word' id='word_1_678' title='bbox 1027 5075 1126 5146; x_wconf 85' lang='grc' dir='ltr'>μὲν</span> <span class='ocrx_word' id='word_1_679' title='bbox 1174 5073 1282 5145; x_wconf 78' lang='grc' dir='ltr'><strong>πρὸ</strong></span> <span class='ocrx_word' id='word_1_680' title='bbox 1321 5073 1598 5137; x_wconf 81' lang='grc' dir='ltr'>Μωῡσέως</span> <span class='ocrx_word' id='word_1_681' title='bbox 1655 5071 1937 5142; x_wconf 81' lang='grc' dir='ltr'>πατριάρ-</span> 
     </span>
    </p>
   </div>
   <div class='ocr_carea' id='block_1_96' title="bbox 359 5162 1936 5240">
    <p class='ocr_par' dir='ltr' id='par_1_96' title="bbox 359 5162 1936 5240">
     <span class='ocr_line' id='line_1_96' title="bbox 359 5162 1936 5240; baseline -0.004 -18"><span class='ocrx_word' id='word_1_682' title='bbox 359 5185 507 5240; x_wconf 84' lang='grc' dir='ltr'>χαις,</span> <span class='ocrx_word' id='word_1_683' title='bbox 540 5168 685 5222; x_wconf 74' lang='grc' dir='ltr'>κατὰ</span> <span class='ocrx_word' id='word_1_684' title='bbox 713 5165 774 5220; x_wconf 86' lang='grc' dir='ltr'><strong>τὸ</strong></span> <span class='ocrx_word' id='word_1_685' title='bbox 812 5164 998 5220; x_wconf 70' lang='grc' dir='ltr'>θεῖκδν</span> <span class='ocrx_word' id='word_1_686' title='bbox 1030 5166 1125 5219; x_wconf 77' lang='grc' dir='ltr'><strong>καὶ</strong></span> <span class='ocrx_word' id='word_1_687' title='bbox 1154 5163 1367 5230; x_wconf 71' lang='grc' dir='ltr'>ἔνδοξον</span> <span class='ocrx_word' id='word_1_688' title='bbox 1423 5162 1602 5232; x_wconf 81' lang='grc' dir='ltr'>ὁμιλεῖ</span> <span class='ocrx_word' id='word_1_689' title='bbox 1631 5163 1659 5203; x_wconf 75' lang='grc' dir='ltr'>ιι</span> <span class='ocrx_word' id='word_1_690' title='bbox 1683 5179 1695 5192; x_wconf 72' lang='grc' dir='ltr'><strong>ο</strong></span> <span class='ocrx_word' id='word_1_691' title='bbox 1723 5165 1837 5227; x_wconf 73' lang='grc' dir='ltr'>τοῖς</span> <span class='ocrx_word' id='word_1_692' title='bbox 1878 5162 1936 5216; x_wconf 76' lang='grc' dir='ltr'><strong>δὲ</strong></span> 
     </span>
    </p>
   </div>
   <div class='ocr_carea' id='block_1_97' title="bbox 2034 4327 3621 4399">
    <p class='ocr_par' dir='ltr' id='par_1_97' title="bbox 2034 4327 3621 4399">
     <span class='ocr_line' id='line_1_97' title="bbox 2034 4327 3621 4399; baseline -0.002 -13"><span class='ocrx_word' id='word_1_693' title='bbox 2034 4330 2168 4394; x_wconf 90' lang='lat' dir='ltr'><strong>rari,</strong></span> <span class='ocrx_word' id='word_1_694' title='bbox 2192 4344 2358 4399; x_wconf 90' lang='lat' dir='ltr'><strong>quem</strong></span> <span class='ocrx_word' id='word_1_695' title='bbox 2380 4329 2452 4382; x_wconf 88' lang='lat' dir='ltr'><strong>ob</strong></span> <span class='ocrx_word' id='word_1_696' title='bbox 2483 4328 2770 4382; x_wconf 85' lang='lat' dir='ltr'><strong>inventum</strong></span> <span class='ocrx_word' id='word_1_697' title='bbox 2815 4328 3100 4398; x_wconf 89' lang='lat' dir='ltr'><strong>juniorem</strong></span> <span class='ocrx_word' id='word_1_698' title='bbox 3141 4327 3315 4383; x_wconf 78' lang='lat' dir='ltr'><strong>(ilium</strong></span> <span class='ocrx_word' id='word_1_699' title='bbox 3364 4328 3621 4383; x_wconf 87' lang='lat' dir='ltr'><strong>immola-</strong></span> 
     </span>
    </p>
   </div>
   <div class='ocr_carea' id='block_1_98' title="bbox 2034 4419 3618 4488">
    <p class='ocr_par' dir='ltr' id='par_1_98' title="bbox 2034 4419 3618 4488">
     <span class='ocr_line' id='line_1_98' title="bbox 2034 4419 3618 4488; baseline -0.003 -11"><span class='ocrx_word' id='word_1_700' title='bbox 2034 4422 2144 4477; x_wconf 90' lang='lat' dir='ltr'><strong>turi</strong></span> <span class='ocrx_word' id='word_1_701' title='bbox 2185 4427 2362 4475; x_wconf 90' lang='lat' dir='ltr'><strong>erant.</strong></span> <span class='ocrx_word' id='word_1_702' title='bbox 2393 4419 2753 4488; x_wconf 83' lang='lat' dir='ltr'><strong>Evangelium</strong></span> <span class='ocrx_word' id='word_1_703' title='bbox 2784 4419 3095 4475; x_wconf 87' lang='lat' dir='ltr'><strong>secundum</strong></span> <span class='ocrx_word' id='word_1_704' title='bbox 3143 4420 3460 4475; x_wconf 64' lang='lat' dir='ltr'><strong>Matthaaum</strong></span> <span class='ocrx_word' id='word_1_705' title='bbox 3509 4419 3618 4474; x_wconf 90' lang='lat' dir='ltr'><strong>hu-</strong></span> 
     </span>
    </p>
   </div>
   <div class='ocr_carea' id='block_1_99' title="bbox 2034 4508 3619 4581">
    <p class='ocr_par' dir='ltr' id='par_1_99' title="bbox 2034 4508 3619 4581">
     <span class='ocr_line' id='line_1_99' title="bbox 2034 4508 3619 4581; baseline -0.002 -15"><span class='ocrx_word' id='word_1_706' title='bbox 2034 4526 2250 4567; x_wconf 88' lang='lat' dir='ltr'><strong>manam</strong></span> <span class='ocrx_word' id='word_1_707' title='bbox 2282 4511 2401 4581; x_wconf 84' lang='lat' dir='ltr'><strong>ejus</strong></span> <span class='ocrx_word' id='word_1_708' title='bbox 2432 4508 2844 4580; x_wconf 81' lang='lat' dir='ltr'><strong>generationem</strong></span> <span class='ocrx_word' id='word_1_709' title='bbox 2897 4509 3228 4564; x_wconf 89' lang='lat' dir='ltr'><strong>annuntiat:</strong></span> <span class='ocrx_word' id='word_1_710' title='bbox 3268 4528 3286 4559; x_wconf 74' lang='grc'><strong>(</strong></span> <span class='ocrx_word' id='word_1_711' title='bbox 3314 4508 3480 4563; x_wconf 89' lang='lat' dir='ltr'><strong>Liber</strong></span> <span class='ocrx_word' id='word_1_712' title='bbox 3522 4523 3619 4579; x_wconf 82' lang='lat' dir='ltr'><strong>ge-</strong></span> 
     </span>
    </p>
   </div>
   <div class='ocr_carea' id='block_1_100' title="bbox 2033 4599 3615 4669">
    <p class='ocr_par' dir='ltr' id='par_1_100' title="bbox 2033 4599 3615 4669">
     <span class='ocr_line' id='line_1_100' title="bbox 2033 4599 3615 4669; baseline -0.004 -9"><span class='ocrx_word' id='word_1_713' title='bbox 2033 4602 2341 4660; x_wconf 86' lang='lat' dir='ltr'><strong>nerationis</strong></span> <span class='ocrx_word' id='word_1_714' title='bbox 2359 4601 2487 4657; x_wconf 81' lang='lat' dir='ltr'><strong>Jesu</strong></span> <span class='ocrx_word' id='word_1_715' title='bbox 2511 4601 2741 4669; x_wconf 88' lang='lat' dir='ltr'><strong>Christi,</strong></span> <span class='ocrx_word' id='word_1_716' title='bbox 2763 4601 2860 4656; x_wconf 84' lang='lat' dir='ltr'><strong>lilii</strong></span> <span class='ocrx_word' id='word_1_717' title='bbox 2892 4601 3085 4663; x_wconf 88' lang='lat' dir='ltr'><strong>David,</strong></span> <span class='ocrx_word' id='word_1_718' title='bbox 3110 4599 3208 4656; x_wconf 83' lang='lat' dir='ltr'><strong>lilii</strong></span> <span class='ocrx_word' id='word_1_719' title='bbox 3230 4600 3507 4661; x_wconf 81' lang='lat' dir='ltr'><strong>Abraham</strong></span> <span class='ocrx_word' id='word_1_720' title='bbox 3532 4601 3571 4654; x_wconf 78' lang='lat'><strong>’.</strong></span> <span class='ocrx_word' id='word_1_721' title='bbox 3594 4619 3615 4652; x_wconf 68' lang='grc' dir='ltr'><strong>ι</strong></span> 
     </span>
    </p>
   </div>
   <div class='ocr_carea' id='block_1_101' title="bbox 2043 4694 3622 4763">
    <p class='ocr_par' dir='ltr' id='par_1_101' title="bbox 2043 4694 3622 4763">
     <span class='ocr_line' id='line_1_101' title="bbox 2043 4694 3622 4763; baseline -0.003 -11"><span class='ocrx_word' id='word_1_722' title='bbox 2043 4696 2183 4755; x_wconf 90' lang='lat' dir='ltr'><strong>Illud</strong></span> <span class='ocrx_word' id='word_1_723' title='bbox 2227 4694 2531 4753; x_wconf 87' lang='lat' dir='ltr'><strong>secundum</strong></span> <span class='ocrx_word' id='word_1_724' title='bbox 2560 4694 2803 4751; x_wconf 76' lang='lat' dir='ltr'><strong>Marcum</strong></span> <span class='ocrx_word' id='word_1_725' title='bbox 2843 4694 3134 4750; x_wconf 78' lang='lat' dir='ltr'><strong>exordium</strong></span> <span class='ocrx_word' id='word_1_726' title='bbox 3168 4695 3405 4763; x_wconf 86' lang='lat' dir='ltr'><strong>sumpsit</strong></span> <span class='ocrx_word' id='word_1_727' title='bbox 3437 4709 3466 4748; x_wconf 86' lang='lat' dir='ltr'><strong>a</strong></span> <span class='ocrx_word' id='word_1_728' title='bbox 3492 4708 3622 4763; x_wconf 86' lang='lat' dir='ltr'><strong>pro-</strong></span> 
     </span>
    </p>
   </div>
   <div class='ocr_carea' id='block_1_102' title="bbox 2046 4786 3619 4860">
    <p class='ocr_par' dir='ltr' id='par_1_102' title="bbox 2046 4786 3619 4860">
     <span class='ocr_line' id='line_1_102' title="bbox 2046 4786 3619 4860; baseline -0.005 -12"><span class='ocrx_word' id='word_1_729' title='bbox 2046 4789 2266 4860; x_wconf 81' lang='lat' dir='ltr'><strong>phetico</strong></span> <span class='ocrx_word' id='word_1_730' title='bbox 2294 4787 2516 4859; x_wconf 77' lang='lat' dir='ltr'><strong>spiritu,</strong></span> <span class='ocrx_word' id='word_1_731' title='bbox 2554 4787 2649 4857; x_wconf 87' lang='lat' dir='ltr'><strong>qui</strong></span> <span class='ocrx_word' id='word_1_732' title='bbox 2671 4802 2739 4842; x_wconf 83' lang='lat' dir='ltr'><strong>ex</strong></span> <span class='ocrx_word' id='word_1_733' title='bbox 2761 4788 2872 4843; x_wconf 89' lang='lat' dir='ltr'><strong>alto</strong></span> <span class='ocrx_word' id='word_1_734' title='bbox 2899 4787 3219 4843; x_wconf 84' lang='lat' dir='ltr'><strong>hominibus</strong></span> <span class='ocrx_word' id='word_1_735' title='bbox 3256 4786 3579 4857; x_wconf 84' lang='lat' dir='ltr'><strong>supervenit</strong></span> <span class='ocrx_word' id='word_1_736' title='bbox 3603 4803 3619 4840; x_wconf 87' lang='lat'>:</span> 
     </span>
    </p>
   </div>
   <div class='ocr_carea' id='block_1_103' title="bbox 2050 4877 3621 4948">
    <p class='ocr_par' dir='ltr' id='par_1_103' title="bbox 2050 4877 3621 4948">
     <span class='ocr_line' id='line_1_103' title="bbox 2050 4877 3621 4948; baseline -0.001 -15"><span class='ocrx_word' id='word_1_737' title='bbox 2050 4879 2328 4936; x_wconf 72' lang='lat' dir='ltr'><strong>«Initium</strong></span> <span class='ocrx_word' id='word_1_738' title='bbox 2378 4877 2659 4948; x_wconf 73' lang='lat' dir='ltr'><strong>Evangelii</strong></span> <span class='ocrx_word' id='word_1_739' title='bbox 2706 4879 2837 4934; x_wconf 78' lang='lat' dir='ltr'><strong>Iesu</strong></span> <span class='ocrx_word' id='word_1_740' title='bbox 2877 4878 3110 4945; x_wconf 87' lang='lat' dir='ltr'><strong>Christi,</strong></span> <span class='ocrx_word' id='word_1_741' title='bbox 3164 4879 3312 4934; x_wconf 90' lang='lat' dir='ltr'><strong>sicut</strong></span> <span class='ocrx_word' id='word_1_742' title='bbox 3349 4878 3621 4948; x_wconf 88' lang='lat' dir='ltr'><strong>scriptum</strong></span> 
     </span>
    </p>
   </div>
   <div class='ocr_carea' id='block_1_104' title="bbox 2040 4970 3618 5042">
    <p class='ocr_par' dir='ltr' id='par_1_104' title="bbox 2040 4970 3618 5042">
     <span class='ocr_line' id='line_1_104' title="bbox 2040 4970 3618 5042; baseline -0.004 -11"><span class='ocrx_word' id='word_1_743' title='bbox 2040 4980 2128 5031; x_wconf 81' lang='lat' dir='ltr'><strong>est</strong></span> <span class='ocrx_word' id='word_1_744' title='bbox 2168 4971 2225 5031; x_wconf 87' lang='lat' dir='ltr'><strong>in</strong></span> <span class='ocrx_word' id='word_1_745' title='bbox 2268 4971 2408 5029; x_wconf 84' lang='lat' dir='ltr'><strong>Isaia</strong></span> <span class='ocrx_word' id='word_1_746' title='bbox 2454 4970 2729 5041; x_wconf 84' lang='lat' dir='ltr'><strong>propheta</strong></span> <span class='ocrx_word' id='word_1_747' title='bbox 2769 4971 2811 5026; x_wconf 87' lang='grc'><strong>⁸.</strong></span> <span class='ocrx_word' id='word_1_748' title='bbox 2843 4990 2861 5023; x_wconf 72' lang='grc' dir='ltr'><strong>ι</strong></span> <span class='ocrx_word' id='word_1_749' title='bbox 2895 4970 3043 5038; x_wconf 86' lang='lat' dir='ltr'><strong>Quid</strong></span> <span class='ocrx_word' id='word_1_750' title='bbox 3088 4971 3237 5042; x_wconf 83' lang='lat' dir='ltr'><strong>quod</strong></span> <span class='ocrx_word' id='word_1_751' title='bbox 3279 4972 3459 5042; x_wconf 89' lang='lat' dir='ltr'><strong>ipsum</strong></span> <span class='ocrx_word' id='word_1_752' title='bbox 3520 4970 3618 5027; x_wconf 88' lang='lat' dir='ltr'><strong>Dei</strong></span> 
     </span>
    </p>
   </div>
   <div class='ocr_carea' id='block_1_105' title="bbox 2045 5051 3617 5134">
    <p class='ocr_par' dir='ltr' id='par_1_105' title="bbox 2045 5051 3617 5134">
     <span class='ocr_line' id='line_1_105' title="bbox 2045 5051 3617 5134; baseline -0.004 -11"><span class='ocrx_word' id='word_1_753' title='bbox 2045 5065 2286 5123; x_wconf 79' lang='lat' dir='ltr'><strong>Verbum</strong></span> <span class='ocrx_word' id='word_1_754' title='bbox 2318 5064 2556 5134; x_wconf 80' lang='lat' dir='ltr'><strong>gloriosa</strong></span> <span class='ocrx_word' id='word_1_755' title='bbox 2585 5079 2685 5122; x_wconf 89' lang='lat' dir='ltr'><strong>sua</strong></span> <span class='ocrx_word' id='word_1_756' title='bbox 2711 5063 3000 5120; x_wconf 75' lang='lat' dir='ltr'><strong>divinitate</strong></span> <span class='ocrx_word' id='word_1_757' title='bbox 3029 5066 3464 5121; x_wconf 82' lang='lat' dir='ltr'><strong>eonversabatur</strong></span> <span class='ocrx_word' id='word_1_758' title='bbox 3489 5051 3617 5119; x_wconf 85' lang='lat' dir='ltr'><strong>cum</strong></span> 
     </span>
    </p>
   </div>
   <div class='ocr_carea' id='block_1_106' title="bbox 2042 5152 3619 5227">
    <p class='ocr_par' dir='ltr' id='par_1_106' title="bbox 2042 5152 3619 5227">
     <span class='ocr_line' id='line_1_106' title="bbox 2042 5152 3619 5227; baseline -0.004 -16"><span class='ocrx_word' id='word_1_759' title='bbox 2042 5154 2400 5227; x_wconf 86' lang='lat' dir='ltr'><strong>patriarchis,</strong></span> <span class='ocrx_word' id='word_1_760' title='bbox 2439 5153 2535 5224; x_wconf 88' lang='lat' dir='ltr'><strong>qui</strong></span> <span class='ocrx_word' id='word_1_761' title='bbox 2588 5153 2830 5225; x_wconf 77' lang='lat' dir='ltr'><strong>Moysem</strong></span> <span class='ocrx_word' id='word_1_762' title='bbox 2858 5159 3301 5221; x_wconf 84' lang='lat' dir='ltr'><strong>antecesserunt;</strong></span> <span class='ocrx_word' id='word_1_763' title='bbox 3344 5152 3453 5207; x_wconf 90' lang='lat' dir='ltr'><strong>illis</strong></span> <span class='ocrx_word' id='word_1_764' title='bbox 3488 5165 3619 5205; x_wconf 87' lang='lat' dir='ltr'><strong>vero</strong></span> 
     </span>
    </p>
   </div>
   <div class='ocr_carea' id='block_1_107' title="bbox 434 5286 3614 5364">
    <p class='ocr_par' dir='ltr' id='par_1_107' title="bbox 434 5286 3614 5364">
     <span class='ocr_line' id='line_1_107' title="bbox 434 5286 3614 5364; baseline -0.005 -8"><span class='ocrx_word' id='word_1_765' title='bbox 434 5303 477 5335; x_wconf 79' lang='lat'><strong>&quot;</strong></span> <span class='ocrx_word' id='word_1_766' title='bbox 514 5301 674 5356; x_wconf 77' lang='lat' dir='ltr'><strong>Rom.</strong></span> <span class='ocrx_word' id='word_1_767' title='bbox 706 5317 759 5364; x_wconf 89' lang='lat' dir='ltr'><strong>v,</strong></span> <span class='ocrx_word' id='word_1_768' title='bbox 804 5300 888 5356; x_wconf 72' lang='lat'><strong>{2.</strong></span> <span class='ocrx_word' id='word_1_769' title='bbox 962 5299 1200 5355; x_wconf 85' lang='lat' dir='ltr'><strong>&quot;lTim.</strong></span> <span class='ocrx_word' id='word_1_770' title='bbox 1227 5314 1304 5361; x_wconf 81' lang='lat' dir='ltr'><strong>ut,</strong></span> <span class='ocrx_word' id='word_1_771' title='bbox 1342 5296 1428 5351; x_wconf 81' lang='grc'><strong>15.</strong></span> <span class='ocrx_word' id='word_1_772' title='bbox 1506 5300 1572 5330; x_wconf 80' lang='grc'><strong>⁸³⁸</strong></span> <span class='ocrx_word' id='word_1_773' title='bbox 1611 5296 1810 5352; x_wconf 79' lang='lat' dir='ltr'><strong>Ezech.</strong></span> <span class='ocrx_word' id='word_1_774' title='bbox 1854 5311 1891 5359; x_wconf 87' lang='grc' dir='ltr'><strong>ι,</strong></span> <span class='ocrx_word' id='word_1_775' title='bbox 1929 5292 2019 5349; x_wconf 79' lang='lat'><strong>‘20.</strong></span> <span class='ocrx_word' id='word_1_776' title='bbox 2045 5362 2063 5364; x_wconf 98' lang='lat'>_</span> <span class='ocrx_word' id='word_1_777' title='bbox 2093 5292 2139 5327; x_wconf 75' lang='grc'><strong>⁸³</strong></span> <span class='ocrx_word' id='word_1_778' title='bbox 2176 5291 2321 5364; x_wconf 88' lang='lat' dir='ltr'><strong>Psal_._</strong></span> <span class='ocrx_word' id='word_1_779' title='bbox 2360 5307 2542 5364; x_wconf 52' lang='grc' dir='ltr'>ιονιξ,</span> <span class='ocrx_word' id='word_1_780' title='bbox 2584 5289 2635 5364; x_wconf 65' lang='grc'><strong>1.</strong></span> <span class='ocrx_word' id='word_1_781' title='bbox 2710 5290 2758 5323; x_wconf 66' lang='grc'><strong>³⁸</strong></span> <span class='ocrx_word' id='word_1_782' title='bbox 2796 5290 2936 5364; x_wconf 75' lang='lat' dir='ltr'><strong>Psal.</strong></span> <span class='ocrx_word' id='word_1_783' title='bbox 2978 5306 3154 5364; x_wconf 61' lang='lat' dir='ltr'><strong>casn,</strong></span> <span class='ocrx_word' id='word_1_784' title='bbox 3191 5291 3248 5343; x_wconf 77' lang='lat'><strong>2.</strong></span> <span class='ocrx_word' id='word_1_785' title='bbox 3285 5360 3298 5364; x_wconf 93' lang='lat'>_</span> <span class='ocrx_word' id='word_1_786' title='bbox 3322 5286 3614 5364; x_wconf 37' lang='lat' dir='ltr'><strong>&quot;‘Ezceh.</strong></span> 
     </span>
    </p>
   </div>
   <div class='ocr_carea' id='block_1_108' title="bbox 368 5356 1933 5440">
    <p class='ocr_par' dir='ltr' id='par_1_108' title="bbox 368 5356 1906 5436">
     <span class='ocr_line' id='line_1_108' title="bbox 368 5356 1906 5436; baseline -0.005 -9"><span class='ocrx_word' id='word_1_787' title='bbox 368 5388 406 5436; x_wconf 82' lang='grc' dir='ltr'>ι,</span> <span class='ocrx_word' id='word_1_788' title='bbox 449 5372 532 5427; x_wconf 85' lang='lat' dir='ltr'><strong>l0.</strong></span> <span class='ocrx_word' id='word_1_789' title='bbox 601 5372 650 5404; x_wconf 76' lang='grc' dir='ltr'>οι</span> <span class='ocrx_word' id='word_1_790' title='bbox 689 5356 826 5426; x_wconf 87' lang='lat' dir='ltr'><strong>ibid.</strong></span> <span class='ocrx_word' id='word_1_791' title='bbox 901 5371 945 5402; x_wconf 71' lang='grc' dir='ltr'><strong>’τ</strong></span> <span class='ocrx_word' id='word_1_792' title='bbox 986 5368 1123 5426; x_wconf 90' lang='lat' dir='ltr'><strong>ibid.</strong></span> <span class='ocrx_word' id='word_1_793' title='bbox 1200 5370 1246 5402; x_wconf 69' lang='grc' dir='ltr'>ιε</span> <span class='ocrx_word' id='word_1_794' title='bbox 1284 5356 1418 5423; x_wconf 82' lang='lat' dir='ltr'><strong>ibid.</strong></span> <span class='ocrx_word' id='word_1_795' title='bbox 1494 5368 1540 5400; x_wconf 75' lang='grc' dir='ltr'><strong>υ</strong></span> <span class='ocrx_word' id='word_1_796' title='bbox 1576 5366 1733 5421; x_wconf 86' lang='lat' dir='ltr'><strong>Joan.</strong></span> <span class='ocrx_word' id='word_1_797' title='bbox 1774 5382 1813 5430; x_wconf 87' lang='grc' dir='ltr'><strong>ι,</strong></span> <span class='ocrx_word' id='word_1_798' title='bbox 1860 5356 1906 5419; x_wconf 81' lang='grc' dir='ltr'>ι’.</span> 
     </span>
    </p>
   </div>
   <div class='ocr_carea' id='block_1_109' title="bbox 2036 5356 3409 5440">
    <p class='ocr_par' dir='ltr' id='par_1_109' title="bbox 2042 5356 3409 5440">
     <span class='ocr_line' id='line_1_109' title="bbox 2042 5356 3409 5440; baseline -0.002 -24"><span class='ocrx_word' id='word_1_799' title='bbox 2042 5362 2177 5417; x_wconf 91' lang='lat' dir='ltr'><strong>Luc.</strong></span> <span class='ocrx_word' id='word_1_800' title='bbox 2212 5378 2252 5424; x_wconf 87' lang='grc' dir='ltr'><strong>ι,</strong></span> <span class='ocrx_word' id='word_1_801' title='bbox 2292 5362 2344 5415; x_wconf 86' lang='grc'>5.</span> <span class='ocrx_word' id='word_1_802' title='bbox 2420 5362 2439 5391; x_wconf 81' lang='grc'><strong><em>²</em></strong></span> <span class='ocrx_word' id='word_1_803' title='bbox 2482 5360 2669 5415; x_wconf 83' lang='lat' dir='ltr'><strong>Matth.</strong></span> <span class='ocrx_word' id='word_1_804' title='bbox 2712 5376 2750 5425; x_wconf 86' lang='grc' dir='ltr'><strong>ι,</strong></span> <span class='ocrx_word' id='word_1_805' title='bbox 2796 5363 2843 5416; x_wconf 83' lang='grc'><strong>1.</strong></span> <span class='ocrx_word' id='word_1_806' title='bbox 2921 5362 2942 5393; x_wconf 89' lang='grc'><strong><em>³</em></strong></span> <span class='ocrx_word' id='word_1_807' title='bbox 2981 5361 3145 5416; x_wconf 83' lang='lat' dir='ltr'><strong>M&#39;arc.</strong></span> <span class='ocrx_word' id='word_1_808' title='bbox 3190 5374 3250 5440; x_wconf 27' lang='grc' dir='ltr'><strong>ι..</strong></span> <span class='ocrx_word' id='word_1_809' title='bbox 3280 5360 3331 5427; x_wconf 84' lang='grc'><strong>1,</strong></span> <span class='ocrx_word' id='word_1_810' title='bbox 3373 5356 3409 5413; x_wconf 74' lang='grc'><strong>2</strong></span> 
     </span>
    </p>
   </div>
   <div class='ocr_carea' id='block_1_110' title="bbox 1641 5496 2310 5555">
    <p class='ocr_par' dir='ltr' id='par_1_110' title="bbox 1641 5496 2310 5555">
     <span class='ocr_line' id='line_1_110' title="bbox 1641 5496 2310 5555; baseline -0.006 -2"><span class='ocrx_word' id='word_1_811' title='bbox 1641 5499 1870 5555; x_wconf 69' lang='lat' dir='ltr'><strong>VARl/E</strong></span> <span class='ocrx_word' id='word_1_812' title='bbox 1910 5496 2310 5554; x_wconf 71' lang='lat' dir='ltr'><strong>LECTIONES.</strong></span> 
     </span>
    </p>
   </div>
   <div class='ocr_carea' id='block_1_111' title="bbox 437 5587 2736 5685">
    <p class='ocr_par' dir='ltr' id='par_1_111' title="bbox 437 5587 2736 5679">
     <span class='ocr_line' id='line_1_111' title="bbox 437 5587 2736 5679; baseline -0.005 -26"><span class='ocrx_word' id='word_1_813' title='bbox 437 5606 459 5639; x_wconf 65' lang='grc'><strong>³</strong></span> <span class='ocrx_word' id='word_1_814' title='bbox 490 5600 720 5679; x_wconf 80' lang='grc' dir='ltr'>πρῶτον.</span> <span class='ocrx_word' id='word_1_815' title='bbox 798 5608 827 5649; x_wconf 67' lang='grc' dir='ltr'><strong>γ</strong></span> <span class='ocrx_word' id='word_1_816' title='bbox 850 5614 950 5670; x_wconf 92' lang='lat' dir='ltr'><strong>pro</strong></span> <span class='ocrx_word' id='word_1_817' title='bbox 977 5596 1111 5663; x_wconf 76' lang='grc' dir='ltr'>ζῶον</span> <span class='ocrx_word' id='word_1_818' title='bbox 1141 5598 1258 5670; x_wconf 76' lang='lat' dir='ltr'><strong>lege</strong></span> <span class='ocrx_word' id='word_1_819' title='bbox 1297 5599 1498 5669; x_wconf 84' lang='grc' dir='ltr'>ὅμοιον.</span> <span class='ocrx_word' id='word_1_820' title='bbox 1578 5606 1599 5633; x_wconf 84' lang='grc'><strong>²</strong></span> <span class='ocrx_word' id='word_1_821' title='bbox 1626 5593 1920 5669; x_wconf 80' lang='grc' dir='ltr'>ἱερατικοῦ.</span> <span class='ocrx_word' id='word_1_822' title='bbox 1997 5605 2021 5635; x_wconf 77' lang='grc' dir='ltr'>ι</span> <span class='ocrx_word' id='word_1_823' title='bbox 2040 5590 2394 5663; x_wconf 77' lang='grc' dir='ltr'>ἀναιρέσεως.</span> <span class='ocrx_word' id='word_1_824' title='bbox 2473 5589 2500 5629; x_wconf 77' lang='lat' dir='ltr'><strong>b</strong></span> <span class='ocrx_word' id='word_1_825' title='bbox 2523 5587 2736 5659; x_wconf 81' lang='grc' dir='ltr'>ὡμίλει,</span> 
     </span>
    </p>
   </div>
  </div>
