4026 6140
766 301 768 305 '
1589 296 1641 351 S.

389 296 492 362 807
724 401 1284 536 pomerio
1356 420 1641 508 CLII.

388 567 659 638 Quomodo
691 564 1037 636 intelligenda
1071 565 1138 638 sit
1183 564 1449 638 triduano
1475 562 1774 635 sepultura,
1801 573 1848 617 et
1881 579 1962 616 re-

893 636 1154 689 surrectio
1201 633 1398 688 Christi
1426 634 1452 686 Ρ

707 745 802 801 EX
858 743 1128 801 SEVERO
1183 742 1640 800 ANTIOCHENO.

457 838 775 907 Quamlibet
815 836 961 892 diem
1022 852 1050 889 a
1096 846 1324 905 vespera
1368 846 1714 907 computare,
1748 844 1805 892 et
1836 837 1960 891 cti‘ni

387 930 731 1001 pmcedente
756 937 920 982 nocte
973 941 1074 981 ceu
1105 932 1274 980 unum
1305 927 1563 996 copulare
1584 929 1845 983 solemus.
1873 927 1961 983 Sic

386 1023 534 1078 enim
568 1030 624 1075 et
665 1020 895 1091 Moyses,
927 1023 1052 1072 eum
1086 1017 1140 1071 in
1186 1017 1373 1071 Exodo
1401 1020 1756 1073 cmrcmonias
1799 1019 1960 1092 437

387 1113 612 1169 Pascha:
646 1121 703 1166 et
751 1112 1085 1180 Azymorum
1137 1108 1539 1162 solemnitatem
1593 1110 1956 1177 describeret,

387 1203 527 1257 dixit
557 1221 571 1256 :
610 1220 628 1252 ‹
661 1201 961 1270 Incipiente
988 1207 1184 1268 quarta
1213 1199 1424 1253 decima
1449 1198 1537 1254 die
1566 1202 1728 1270 primi
1756 1203 1960 1259 mensis

388 1307 421 1347 a
451 1307 695 1362 vespera,
721 1288 1023 1344 comedetis
1050 1301 1218 1356 panes
1238 1288 1531 1358 azymos".
1566 1306 1583 1338 ι
1609 1288 1707 1342 Ubi
1740 1288 1959 1343 initium

388 1382 671 1452 sequentis
709 1380 818 1434 diei
850 1379 918 1432 ab
945 1387 1263 1448 antegressa
1292 1392 1516 1447 vespera
1554 1379 1883 1444 numeravit,
1904 1388 1961 1434 et

388 1474 727 1528 vacationem
759 1486 789 1524 a
819 1468 1099 1523 laboribus
1131 1468 1187 1523 in
1235 1468 1474 1523 Sabbato
1523 1468 1596 1523 ita
1646 1469 1956 1539 descripsit,

388 1571 451 1616 nt
496 1571 553 1616 et
607 1561 950 1629 praecedente
1010 1567 1196 1623 nocte,
1249 1567 1306 1613 et
1343 1559 1592 1628 sequenti
1651 1559 1740 1614 die
1784 1561 1956 1615 otium

386 1662 634 1722 agerent.
696 1652 889 1706 Testes
950 1650 1021 1704 do
1067 1650 1306 1714 Judteos,
1358 1649 1452 1718 qui
1526 1664 1701 1719 usque
1745 1652 1800 1704 in
1855 1640 1957 1705 hos

1586 278 1649 351 ‘s‘.
1689 287 2088 351 ANASTASII
2127 272 2458 354 smAu'Ai

1988 408 2038 463 Α

2402 428 2930 514 ΕΡΩἸἪΣΙΣ
2993 428 3237 511 ΡΝΒτ
3332 375 3337 380 ’

2067 567 2199 635 Πῶς
2227 566 2482 636 νοητὲον
2510 566 2626 635 τὴν
2652 566 2760 620 τοῦ
2793 566 3016 636 Κυρίου
3049 563 3363 634 τριήμερον
3421 561 3641 633 ταφὴν,

2596 637 2695 690 καὶ
2729 635 3070 689 ἀνάστασιν
3080 651 3101 699 ;

2242 745 2614 799 ΑΠΟΚΡΙΣΙΣ
2653 741 2969 796 ΣΕΒΗΡΟΥ
3005 740 3440 796 ΑΝΤΙΟΧΕΙΑΣ.

2151 828 2422 907 Ἕκάστην
2443 838 2656 907 ἡμέραν
2677 834 2769 904 ἀφ’
2799 836 3036 904 ἑσπέρας
3068 831 3321 903 ἀριθμεῖν
3345 831 3641 906 εἰώθαμεν,

2070 932 2165 985 καὶ
2203 931 2342 1000 μετὰ
2365 930 2461 999 τῆς
2497 926 2881 999 προλαὸούσης
2908 925 3104 987 νυκτὸς
3135 925 3297 988 εἰς’ἒν
3326 927 3639 984 συνάπτειν.

2052 1022 2232 1076 ,οὕτω
2287 1021 2397 1092 γὰρ
2432 1016 2524 1075 καὶ
2554 1021 2633 1081 ,ἐν
2665 1021 2731 1091 τῇ
2771 1017 2935 1087 ἐξόδῳ
2965 1016 3026 1069 τὸ
3055 1016 3249 1086 Πάσχα
3281 1018 3374 1071 καὶ
3407 1016 3506 1090 τὴν
3534 1021 3643 1073 τῶν

2068 1116 2323 1185 ,Αζύμων
2354 1112 2548 1183 ἑορτὴν
2592 1111 3011 1180 διαταττόμενος
3048 1111 3076 1162 ὁ
3113 1104 3357 1179 Μωῢσῆς
3400 1109 3639 1182 ἔφησεν.

2075 1227 2093 1259 ι
2134 1205 2470 1275 Ἀρχομένης
2503 1203 2605 1273 τῆς
2660 1196 3265 1271 τεσσαρεσκαιδεκάτης
3290 1201 3384 1253 τοῦ
3421 1202 3641 1273 πρώτου

2072 1296 2260 1367 μηνὸς,
2287 1282 2647 1363 ἀέρ’-ἑρπέρας
2690 1290 2873 1345 ἔδεσοε
2909 1290 3112 1361 ἄζυμα,
3159 1309 3176 1341 ι
3214 1293 3309 1344 καὶ
3343 1290 3441 1363 τὴν
3466 1293 3641 1362 ἀρχὴν

2072 1384 2174 1456 τῆς
2233 1386 2362 1456 ἑξῆς
2397 1384 2608 1455 ἡμέρας
2659 1383 2764 1437 ἀπὸ
2799 1383 2898 1451 τῆς
2954 1381 3335 1452 προλαεούσης
3383 1382 3641 1454 ἡμέραςε

2069 1477 2368 1549 ἠρίθμησε,
2425 1477 2517 1528 καὶ
2564 1473 2658 1526 τοῦ
2692 1471 2967 1525 Σαϐϐάτου
2995 1472 3052 1524 δὲ
3104 1472 3203 1539 τὴν
3255 1473 3454 1543 ἀργίαν
3499 1472 3642 1526 οὕτω

2069 1569 2411 1638 παρέδωκεν,
2447 1566 2589 1620 ὥστε
2620 1565 2721 1634 τὴν
2753 1563 3131 1636 προλαϐοῦσαν
3163 1563 3357 1629 νύκτα,
3402 1565 3495 1617 καὶ
3542 1565 3642 1634 τὴν

2068 1662 2263 1730 ἐφεξῆς
2295 1658 2506 1730 ἡμέραν
2538 1656 2735 1727 σχολὴν
2763 1650 2937 1721 ὄγεινῖ
2969 1655 3062 1707 καὶ
3090 1654 3343 1724 δηλοῦσιν
3382 1654 3639 1721 Ἰουδαῖοι,

387 1744 646 1798 diernum
687 1742 835 1796 diem
871 1741 924 1794 id
961 1740 1275 1805 observant,
1304 1740 1510 1809 quippe
1543 1741 1637 1809 qui
1671 1756 1780 1795 non
1814 1741 1959 1795 illam

2069 1749 2232 1819 μέχρι
2273 1748 2369 1801 καὶ
2414 1748 2655 1818 τήμερον
2693 1744 2854 1797 τοῦτο
2899 1744 3280 1812 φυλάττοντες,
3312 1745 3406 1797 καὶ
3441 1744 3501 1797 ού
3544 1747 3641 1815 τὴν

386 1845 605 1890 noctem
633 1850 755 1903 quae
782 1833 1079 1887 Sabbatnm
1113 1831 1493 1900 subsequitur,
1529 1833 1624 1888 sed
1663 1833 1810 1887 illam
1841 1848 1963 1903 qua:

387 1925 790 1996 antegreditur,
816 1923 1121 1978 cessatione
1165 1923 1233 1976 ab
1273 1923 1535 1990 operibus
1573 1926 1628 1977 et
1657 1923 1843 1992 quiete
1871 1938 1964 1978 co-

386 2019 529 2072 lunt.
577 2017 647 2070 Et
687 2031 788 2070 nos
822 2016 878 2069 in
910 2015 1296 2071 observatione
1338 2015 1613 2070 Dominici
1659 2016 1791 2081 diei,
1821 2031 1961 2085 [πυκά

388 2110 675 2164 cedentem
724 2116 968 2172 noctem,
1014 2116 1272 2177 tanquam
1305 2122 1431 2161 cum
1479 2106 1570 2160 die
1625 2107 1958 2175 copulatam,

387 2212 444 2257 et
488 2218 597 2255 non
649 2208 968 2270 sequentem
1018 2207 1237 2252 noctem
1282 2212 1629 2252 veneramur.
1666 2195 1962 2263 Quodlibet

387 2294 534 2348 enim
577 2294 756 2346 noctis
781 2291 1004 2360 dieique
1036 2289 1386 2343 intervallum
1410 2295 1516 2343 est.
1556 2296 1616 2340 ut
1641 2288 1717 2343 ita
1746 2288 1960 2356 loquar,

388 2400 558 2439 unum
604 2398 825 2453 corpus,
879 2393 935 2437 ct
975 2380 1245 2450 quidquid
1285 2379 1490 2449 aliquis
1535 2377 1701 2433 faciat
1741 2379 1850 2433 illis
1882 2364 1964 2433 vi-

387 2475 525 2546 ginti
573 2482 812 2545 quatuor
855 2471 1030 2531 horis.
1090 2471 1145 2525 id
1194 2470 1288 2525 illo
1330 2469 1420 2524 die
1480 2462 1677 2525 fecisse
1737 2470 1958 2526 dicitur.

388 2566 637 2636 Exempli
684 2563 879 2634 gratia,
929 2577 1055 2617 cum
1104 2563 1249 2632 quis.
1279 2561 1493 2616 modica
1518 2562 1962 2634 peregrinatione

390 2659 568 2721 finita,
605 2659 677 2712 .in
713 2656 947 2727 patriam
985 2656 1072 2710 vel
1124 2654 1400 2710 civitatem
1452 2668 1604 2709 suam
1638 2656 1959 2721 revertitur,

390 2751 507 2805 sive
545 2749 808 2813 secunda,
843 2747 959 2803 sive
1007 2748 1166 2801 tertia
1194 2746 1553 2801 hebdomadis
1571 2747 1659 2802 die
1678 2757 1773 2801 aut
1801 2748 1959 2813 hora,

389 2857 584 2897 omnes
617 2841 810 2896 dicunt
836 2841 983 2895 hunc
1021 2840 1262 2895 secunda
1285 2840 1372 2894 vel
1402 2842 1559 2896 tertia
1585 2836 1674 2895 die
1704 2836 1958 2908 rediissm

392 2941 668 3003 totamque
698 2933 844 2988 diem
866 2947 987 3004 qua:
1017 2940 1100 2987 est
1126 2948 1232 2986 una
1258 2949 1381 2988 cum
1408 2933 1752 3004 prmcedente
1775 2944 1957 3000 nocte,

391 3025 821 3097 peregrinationi
867 3026 986 3096 ejus
1033 3024 1321 3094 deputant.
1392 3007 1400 3015 ’

458 3202 689 3272 Oportet
735 3201 902 3272 igitur
948 3214 1050 3255 nos
1092 3206 1307 3269 tempus
1354 3199 1621 3255 triduana:
1665 3200 1964 3271 sepultura".

391 3293 680 3347 desumere
713 3292 781 3345 ab
809 3307 876 3346 eo
909 3301 1151 3360 tempore
1181 3306 1290 3359 quo
1323 3290 1638 3346 incarnatus
1663 3291 1760 3347 Dci
1794 3292 1964 3348 Filius

392 3383 459 3437 ad
494 3382 698 3457 inferos
738 3380 1024 3435 descendit
1056 3396 1070 3432 :
1099 3379 1302 3434 abhinc
1336 3380 1483 3434 enim
1530 3395 1661 3435 vere
1692 3389 1749 3436 et
1785 3382 1964 3451 reipsa

393 3475 448 3529 in
474 3474 637 3529 corde
667 3482 823 3527 terra:
858 3472 1085 3526 exstitit.
1120 3471 1189 3525 At
1215 3487 1350 3526 vero
1378 3471 1432 3526 in
1457 3472 1623 3527 corde
1654 3486 1812 3527 terrze
1838 3471 1960 3538 fuit,

392 3573 678 3637 postquam
712 3564 765 3618 in
793 3579 957 3618 cruce
981 3563 1310 3633 exspiravit;
1338 3570 1469 3618 tunc
1495 3564 1642 3619 enim
1682 3564 1965 3619 «descen-

393 3658 473 3711 dit
506 3659 559 3711 in
589 3656 876 3711 inferiores
904 3663 1089 3725 partes
1120 3662 1279 3709 terrae
1308 3655 1376 3720 “,
1410 3674 1427 3705 ι
1464 3662 1521 3709 ιιι
1549 3655 1626 3710 ait
1649 3642 1959 3725 Apostolus.

393 3750 562 3820 Igitur
606 3750 677 3803 ab
716 3748 1013 3803 emissione
1053 3747 1282 3817 Spiritus
1323 3749 1675 3803 numeranda:
1712 3760 1820 3804 tres
1859 3750 1963 3805 illa:

392 3839 509 3893 dies
540 3846 599 3892 et‘
638 3846 847 3892 noctes.
896 3838 1069 3890 Porro
1112 3835 1368 3905 spiritum
1413 3836 1596 3890 emisit
1636 3836 1771 3891 hora
1820 3852 1962 3892 nona

392 3928 738 3992 Parasceves,
773 3926 983 3982 relictis
1020 3925 1201 3981 adhuc
1241 3941 1309 3979 ex
1341 3925 1431 3981 illa
1458 3926 1546 3981 die
1578 3926 1755 3982 tribus
1790 3927 1959 3982 horis.

392 4018 532 4086 Quia
563 4019 726 4089 igitur
751 4019 1049 4073 Parasceve
1085 4033 1210 4073 cum
1254 4026 1566 4088 antegressa
1608 4027 1766 4073 nocte
1796 4035 1965 4089 copu-

391 4110 556 4174 latur,
606 4110 904 4164 secundum
953 4110 1405 4165 consuetudinem
1446 4125 1476 4163 a
1525 4111 1696 4164 sacris
1735 4110 1965 4165 Litteris

393 4200 670 4265 traditam,
696 4210 863 4255 totam
894 4201 1221 4256 Parasceves
1248 4199 1396 4254 diem
1435 4209 1490 4255 et
1522 4210 1736 4256 noctem
1774 4203 1962 4257 Domi--

391 4307 521 4344 nnm
558 4290 612 4344 in
655 4291 819 4358 corde
845 4299 1005 4346 terra:
1029 4291 1304 4360 peregisse
1337 4291 1659 4360 cogitamus.
1695 4291 1962 4360 Deinceps

390 4392 516 4450 pDSt
566 4382 696 4436 solis
744 4396 1000 4436 occasum
1051 4380 1342 4434 inchoatur
1403 4380 1810 4435 Sabbatum-et
1856 4398 1961 4435 nox

390 4472 529 4538 ejus.
572 4486 735 4539 quam
768 4469 941 4525 Judaei
977 4483 1195 4537 quoque
1233 4468 1482 4539 religiose
1509 4471 1820 4525 observant.
1850 4470 1961 4526 llac

390 4563 505 4615 sola
543 4565 676 4632 (tota
708 4570 764 4614 et
793 4559 1023 4629 integra)
1056 4574 1179 4612 cum
1217 4559 1585 4629 subsequente
1611 4562 1699 4616 die
1731 4562 1785 4616 in
1824 4562 1962 4621 locis

391 4651 766 4706 subterraneis
810 4650 1073 4705 Dominus
1124 4660 1371 4706 versatus
1410 4659 1515 4707 est.
1563 4653 1790 4708 Peracto
1828 4654 1963 4709 Sab~

391 4744 536 4805 bato,
571 4752 627 4797 et
653 4758 753 4813 per
789 4742 922 4797 solis
961 4757 1214 4798 occasum
1244 4745 1482 4814 expleto,
1520 4746 1686 4814 cmpit
1714 4761 1821 4800 nox
1850 4746 1960 4801 diei

391 4833 703 4897 Dominicac,
736 4834 824 4888 cui
851 4833 1001 4889 nocti
1038 4849 1274 4905 sequens
1299 4836 1419 4891 dies
1460 4851 1527 4890 ex
1560 4838 1960 4893 consuetudine

390 4924 685 4994 Scriptura:
727 4934 1128 4995 consequenter
1166 4925 1581 4981 adnumeratur.
1630 4926 1708 4981 Ita
1744 4928 1956 4983 videbi-

391 5033 512 5071 mus
544 5017 833 5072 Dominum
860 5017 917 5072 in
941 5017 1201 5073 noctiduo
1233 5017 1531 5073 Dominicaa
1556 5032 1587 5071 a
1612 5020 1843 5074 mortuis
1875 5037 1962 5076 re—

388 5109 690 5164 surrexisse
712 5127 732 5162 τ
761 5124 886 5164 nam
909 5109 1002 5180 qui
1032 5118 1241 5179 partem
1276 5110 1424 5164 illius
1445 5110 1688 5166 noctidui
1716 5113 1770 5167 in
1794 5114 1958 5170 corde

391 5209 550 5256 terrae
572 5202 804 5272 peregit.
828 5208 1002 5255 totum
1029 5200 1105 5254 ibi
1131 5201 1406 5270 peregisse
1429 5211 1685 5256 censetur
1709 5220 1722 5255 :
1751 5220 1781 5258 a
1800 5214 1956 5273 parte

2072 1841 2221 1910 per}:
2266 1839 2327 1892 τὸ
2382 1838 2678 1919 Σάϐϐατον,
2729 1835 2865 1889 ἀλλὰ
2914 1836 3013 1905 τὴν
3068 1835 3173 1905 πρὸ
3224 1833 3314 1887 τοῦ
3362 1835 3641 1889 Σαϐϐἀτου

2068 1932 2238 1983 νύκτα
2269 1932 2336 1999 τῇ
2371 1930 2539 1998 ἀργίᾳ
2592 1930 2686 1981 καὶ
2720 1930 2785 1998 τῇ
2814 1925 2975 1996 σχολῇ
3001 1926 3293 1994 τιμῶντες.
3336 1927 3446 1979 Καὶ
3473 1928 3641 1994 ἡμεῖς

2067 2022 2122 2075 δὲ
2157 2022 2256 2091 τὴν
2280 2022 2419 2074 κατὰ
2465 2020 2564 2089 τὴν
2609 2017 2895 2088 Κυριακὴν
2929 2017 3164 2102 ἡμέραν,
3195 2015 3293 2086 τὴν
3334 2015 3642 2086 προλαϐοῦσι

2070 2128 2169 2163 σαν
2193 2109 2364 2162 νύκτα
2397 2109 2672 2179 τιμῶμεν,
2704 2108 2778 2170 ὡς
2803 2111 2868 2178 τῇ
2901 2108 3091 2179 ἡμέρᾳ
3115 2110 3180 2177 τῇ
3219 2108 3316 2177 μιᾷ
3370 2124 3674 2161 συναπτου

2071 2199 2269 2269 μένην,
2323 2199 2419 2252 καὶ
2478 2198 2540 2249 οὐ
2595 2197 2694 2267 τὴν
2736 2197 2935 2266 ἐφεξῆς
2983 2196 3173 2249 νύκτα.
3220 2196 3482 2250 Ἐκάστου
3533 2198 3642 2269 γὰρ

2069 2287 2414 2358 νυχθήμερον
2444 2286 2525 2351 ἓν,
2572 2286 2647 2348 ὡς
2692 2287 2758 2339 ἄν
2795 2303 2879 2348 τις
2922 2285 3052 2356 εἴπῃ
3081 2283 3125 2350 ί,
3166 2286 3325 2357 σῶμά
3370 2289 3509 2346 ἐστι.
3546 2290 3640 2341 καὶ

2067 2379 2202 2445 ὅπερ
2230 2377 2294 2431 ἄν
2318 2394 2400 2439 τις
2423 2378 2626 2448 ποιήσῃ
2645 2379 2701 2429 ὲν
2730 2376 2827 2446 μιᾷ
2854 2375 3429 2447 τῶνείκοσιτεσσάρων
3457 2377 3637 2448 ὡρῶν,

2069 2470 2254 2538 ἐκείνῃ
2278 2473 2345 2540 τῇ
2368 2469 2550 2540 ἡμέρᾳ
2578 2469 2728 2540 πάσῃ
2755 2469 2972 2536 λέγεται
3004 2471 3343 2538 πεπραχέναι
3374 2472 3436 2522 ἰδ
3466 2472 3642 2541 πρᾶγ·

2071 2579 2168 2633 μα.
2206 2558 2332 2615 Οἷον
2379 2563 2507 2614 ὅταν
2539 2578 2621 2624 τις
2651 2560 2850 2631 μικρὰν
2900 2560 3217 2631 ἀποδημίαν
3262 2562 3636 2633 στειλάμενος,

2068 2656 2147 2713 εἰς
2180 2652 2278 2722 τὴν
2314 2650 2449 2705 ἰδίαν
2479 2651 2859 2721 ὲπιστρέψοιεν
2900 2652 3128 2720 πατρίδα
3161 2651 3255 2705 καὶ
3286 2652 3463 2719 πόλιν,
3504 2650 3537 2725 ἢ
3580 2654 3640 2707 ὲν

2067 2745 2135 2813 τῇ
2191 2742 2444 2812 δευτέρᾳ,
2485 2742 2518 2811 ἢ
2566 2743 2632 2812 τῇ
2672 2741 2828 2811 τρίτῃ
2869 2741 2966 2809 τῆς
3017 2741 3312 2807 ἐϐδομάδις
3355 2742 3557 2815 ἡμέρᾳ,
3603 2743 3638 2814 ἢ

2066 2834 2205 2907 ὥρᾳ,
2247 2832 2750 2901 πάντεςλέγουσεν,
2781 2830 2854 2894 ὡς
2892 2832 2948 2884 '0
2975 2832 3120 2884 δεῖνα
3151 2818 3215 2902 τῇ
3241 2832 3469 2903 δευτέρᾳ
3500 2850 3643 2904 παρ-

2068 2926 2374 2995 εγένετο,ἢ
2412 2928 2477 2994 τῇ
2525 2924 2719 2994 τρίτῃο
2761 2925 2854 2975 καὶ
2899 2924 2998 2991 τὴν
3023 2924 3201 2976 πᾶσαν
3249 2921 3485 2994 ἡμέραν,
3515 2923 3639 2992 ἥτις

2068 3018 2186 3070 ἐστὶ
2224 3017 2320 3087 μία
2351 3016 2492 3084 μετὰ
2528 3016 2628 3082 τῆς
2659 3013 3036 3084 προὶαεούσης
3071 3014 3283 3078 νυκτὸς,
3311 3014 3406 3086 τὴν
3452 3014 3642 3086 ἐπιδηέ

1989 3101 2031 3158 C
2066 3109 2196 3177 μίαν
2227 3105 2393 3158 αὐτοῦ
2424 3105 2895 3175 προσλογίζονται.

2137 3198 2257 3268 Χρὴ
2313 3192 2405 3249 οὖν
2449 3198 2658 3249 ἐκεῖνον
2702 3195 2793 3247 τὸν
2837 3195 3028 3265 καιρὸν
3065 3182 3211 3266 ἡμᾶς
3259 3196 3483 3250 σκοπεῖν
3536 3196 3640 3266 τῆς

2063 3289 2365 3359 τριημέρου
2396 3288 2596 3355 ταφῆς,
2631 3287 2726 3354 τῆς
2760 3287 2841 3350 εἰς
2877 3288 2966 3339 τὸν
2999 3288 3132 3357 ᾅδην
3161 3288 3637 3353 καταῆάσεωςτοῦ

2067 3378 2445 3447 σαρκωθέντος
2478 3376 2613 3455 φεοῦ
2647 3377 2851 3443 Λόγουι
2892 3378 2951 3441 ὲξ
2981 3371 3040 3433 οὗ
3077 3380 3217 3433 κατὰ
3248 3380 3505 3452 ἀλήθειαν
3539 3383 3637 3450 γέ-

2064 3488 2221 3539 γονεν
2251 3473 2307 3524 ἐν
2352 3473 2415 3541 τῇ
2452 3458 2649 3540 καρδίᾳ
2690 3466 2791 3540 τῆς
2825 3471 2949 3538 γῆς.
3001 3472 3192 3538 Γέγονε
3243 3471 3300 3525 δὲ
3360 3473 3501 3543 μετὰ
3538 3473 3638 3544 τὴν

2064 3565 2360 3617 ἐκπνευσιν
2414 3580 2433 3613 t
2483 3562 2732 3625 καταϐὰς
2776 3564 2855 3624 εἰς
2907 3560 2975 3614 τὰ
3020 3563 3308 3635 κατώτερα
3350 3566 3489 3634 μέρη
3535 3564 3637 3634 τῆς

2064 3650 2187 3725 γῆς,
2209 3673 2226 3705 ι
2266 3654 2347 3716 ,ὥς
2381 3670 2544 3723 φησιν
2577 3655 2604 3704 ὁ
2654 3643 3002 3715 Ἂπόστολος.
3040 3653 3174 3706 Ἀπὸ
3209 3656 3273 3705 ἐκ
3305 3655 3585 3718 πνεύσεως
3610 3658 3636 3696 ι
3730 3642 3731 3645 “

2008 3754 2011 3759 ’
2063 3748 2246 3799 τοίνυν
2275 3743 2607 3814 ἀριθμητέον
2641 3743 2709 3796 τὰ
2750 3744 2874 3813 τρία
2908 3743 3228 3815 νυχθήμερα
3253 3762 3266 3776 ο
3299 3733 3487 3813 γέγονε
3512 3747 3568 3798 δὲ
3604 3749 3637 3817 ἡ

2065 3838 2359 3898 ἔκπνευσις
2392 3838 2448 3887 ὲν
2476 3837 2542 3906 τῇ
2574 3837 2768 3907 ὲννάτῃ
2814 3835 2933 3906 ὥρᾳ
2977 3834 3076 3904 τῆς
3108 3836 3493 3906 Παρασκευῆς,
3529 3836 3639 3890 λει-

2064 3933 2317 4002 πομένων
2350 3930 2459 3983 τῶν
2498 3930 2666 4000 τριῶν
2703 3929 2860 3998 ὡρῶν
2906 3929 3008 3999 τῆς
3056 3930 3291 3998 ἡμέρας.
3339 3930 3493 3982 Ἐπεὶ
3545 3927 3638 3984 οὖν

2062 4027 2094 4094 ἡ
2123 4020 2456 4092 Παρασκευὴ
2484 4023 2548 4089 τῇ
2576 4016 2924 4091 προλαδούσῃ
2953 4020 3109 4073 νυκτλ⁵
3134 4020 3467 4073 συνάπτεται
3495 4022 3639 4075 κατᾶ

2063 4118 2162 4185 τὴν
2189 4118 2247 4168 ὲν
2286 4117 2352 4184 τῇ
2391 4115 2584 4183 Γραφῇ
2626 4112 3075 4183 παραδεδομένην
3105 4111 3419 4182 συνήθειαν,
3455 4106 3639 4166 πᾶσαν

2063 4207 2162 4275 τὴν
2202 4207 2299 4274 τῆς
2330 4202 2692 4274 Παρασκευῆς
2721 4204 2935 4273 ἡμέραν
2961 4203 3057 4256 καὶ
3107 4204 3281 4257 νύκτα
3311 4201 3641 4273 λογιζόμεθα

2062 4297 2154 4349 τὸν
2183 4297 2386 4367 Κύριον
2421 4298 2479 4347 ὲν
2508 4297 2572 4364 τῇ
2604 4293 2804 4364 καρδίᾳ
2834 4294 2933 4362 τῆς
2959 4291 3062 4362 γῆς
3096 4294 3479 4363 πεποιηκέναι.
3512 4296 3639 4347 Λοι-

2064 4389 2165 4440 πδν
2193 4387 2251 4439 δὲ
2279 4388 2422 4457 μετὰ
2455 4387 2553 4463 τῂν
2584 4386 2676 4439 τοῦ
2703 4385 2855 4456 ἡλίου
2890 4385 3042 4440 δύσιν
3072 4382 3246 4455 ἀρχὴν
3275 4385 3544 4455 λαμϐάνει
3578 4386 3641 4438 τὸ

1997 4449 2038 4503 D
2071 4449 2377 4545 Σάϐϐατον,
2416 4449 2520 4533 καλ.-
2545 4480 2579 4549 ἡ
2614 4449 2778 4532 αὑτοῦ
2828 4477 2922 4542 νὺξ
2954 4449 3375 4548 παραλαμϐάνει
3411 4478 3470 4530 τὸ
3500 4478 3640 4531 Σάϐ-

2064 4570 2249 4624 ϐατον.
2304 4572 2413 4623 Καὶ
2457 4573 2491 4640 ἡ
2541 4570 2707 4623 αὑτοῦ
2750 4568 2867 4632 νὺξ,
2910 4569 2977 4640 ἢν
3032 4570 3125 4622 καὶ
3183 4569 3425 4623 Ἰουδαῖοι
3477 4571 3639 4639 ἁγίαν

2062 4661 2318 4732 τιμῶσιν.
2354 4661 2573 4733 Ταύτην
2599 4658 2693 4714 οὖν
2719 4663 2747 4714 ὁ
2777 4661 2981 4730 Κύριος
3011 4660 3182 4733 μόνην
3215 4661 3352 4730 μετὰ
3381 4663 3480 4731 τῆς
3509 4661 3637 4730 ἑξῆς

2064 4755 2422 4824 συνημμένης
2445 4754 2660 4825 ἡμέρας
2688 4755 2746 4805 ἐν
2792 4756 2904 4816 τοῖς
2937 4750 3312 4823 καταχθονίοις
3342 4754 3635 4825 πεποίηκε.

2065 4845 2172 4901 Τοῦ
2211 4844 2277 4899 as
2314 4845 2593 4899 Σαόσάτου
2631 4844 3036 4914 δια-γενομένου,
3088 4846 3183 4899 καὶ
3225 4846 3290 4914 τῇ
3335 4844 3431 4898 τού
3482 4845 3636 4914 ἡλίου

2062 4936 2214 4989 δύσει
2268 4933 2690 5004 περαιωθέντας,
2744 4933 2948 5003 ἡρξατο
2980 4934 3167 4986 λοιπὸν
3197 4935 3228 5003 ἡ
3273 4932 3371 4997 νὺξ
3396 4935 3494 5003 τῆς
3520 4935 3633 4986 Κυ-

2067 5026 2285 5096 ριακῆς.
2318 5025 2399 5095 Τῇ
2426 5025 2482 5078 δὲ
2526 5023 2685 5077 νυκτὶ
2718 5025 2899 5096 πᾲΑιν,
2938 5024 3034 5078 καὶ
3077 5026 3141 5095 τῇ
3179 5022 3380 5093 ἑφεξῆς
3415 5024 3633 5096 ἡμέραιν

2060 5084 2335 5185 κατὰ
2374 5084 2551 5185 ἀὐτῆς
2585 5084 2894 5185 συνὴθὲιανγ
2918 5114 3016 5184 τῆς
3049 5084 3641 5184 ι’ῥὲιφήςξέιᾷςοᾷὶοὸὼς

2061 5206 2464 5278 προλογίζεται.
2485 5208 2592 5259 Καὶ
2611 5206 2964 5277 εὑρεθήσεται
2990 5207 3018 5259 ὁ
3048 5206 3247 5276 Κύριος
3283 5207 3341 5258 ἐν
3364 5205 3445 5276 τῷ
3458 5205 3630 5259 τοιού-

385 5292 532 5346 enim
569 5301 740 5347 totum
787 5290 1152 5362 cognoscitur.
1181 5289 1528 5359 Quapropter
1561 5291 1617 5345 in
1660 5293 1957 5350 Parasceve

2063 5318 2136 5364 τῳ
2168 5299 2499 5369 νὐχθημέρῳ
2549 5299 2649 5366 τῆς
2689 5300 2977 5368 Κυριακῆς
3019 5296 3260 5361 ἀναστὰς
3292 5296 3358 5351 ὲκ
3399 5296 3629 5367 νεκρῶν.

387 5392 717 5452 postremam
741 5372 987 5438 noctidui
1010 5388 1217 5450 partem
1242 5380 1295 5434 in
1318 5380 1695 5438 subterraneis
1717 5386 1953 5458 peregit;

456 5519 501 5551 ³³
540 5517 713 5575 Exod.
746 5535 841 5583 xu,
893 5518 977 5574 i8.
1057 5520 1101 5550 ³⁸
1127 5520 1329 5591 Ephes-
1377 5534 1451 5585 ινφ
1476 5519 1529 5574 9-

2061 5391 2168 5443 Kal.
2217 5388 2326 5460 γὰρ
2364 5390 2392 5440 ὁ
2432 5389 2532 5457 τὴν
2575 5387 2751 5459 ἀρχὴν
2788 5385 2883 5441 τοῦ
2923 5386 3267 5460 νυχθημέρου
3307 5388 3542 5458 ποιήσας
3570 5388 3631 5440 ἐν

1686 5589 1916 5645 νΑῐῖΙᾸῦ
1954 5589 2349 5647 LECTIONES.
2394 5614 2402 5620 ·

469 5678 761 5747 ι’έσπέεας.

846 5677 861 5717 ί
890 5679 1051 5734 εἴποι.
1130 5680 1156 5720 ε
1179 5678 1395 5734 videtur
1421 5695 1529 5734 una
1570 5694 1672 5733 vox
1703 5680 1756 5735 in
1786 5679 1893 5736 MS.
1975 5684 2050 5754 ιιὴ
2081 5681 2273 5755 ἐφεξῆς
2301 5679 2507 5753 ἡμέρα.

3531 283 3637 350 888
3724 321 3735 324 ο

3696 4849 3718 4983 ι
