4026 6140
370 241 511 309 "815

1645 245 1706 303 S.
1735 236 2134 301 ANASTASII
2161 236 2487 300 SINAITJE

3555 241 3660 305 816

408 361 751 433 parationem
794 368 1146 429 peccatorum
1192 375 1223 415 a
1266 358 1492 423 sanctis,
1532 362 1588 411 et
1629 355 1846 426 dignam
1889 368 1986 424 pro

2090 354 2302 417 ουσίαν,
2346 358 2438 409 καὶ
2499 355 2592 409 τὸν
2646 356 2755 411 ἀπὸ
2814 351 2921 411 τῶν
2971 352 3142 428 ἁγίων
3195 357 3498 429 ἀφορισμδν
3553 360 3660 412 τῶν

404 456 671 527 cujusque
703 451 915 507 meritis
943 451 1389 507 retributionem.
1412 448 1481 503 At
1506 463 1639 503 vero
1669 447 1850 518 ianuae
1890 461 1982 501 oc—

2085 447 2450 517 ἁμαρτωλῶν,
2480 450 2576 503 καὶ
2602 450 2704 518 τὴν
2725 450 2942 504 δικαίαν
2970 454 3103 524 πρὸς
3128 452 3226 522 τὴν
3248 452 3477 506 ἑκάστου
3500 452 3661 519 ἀξίαν

405 544 614 611 clusio,
662 549 978 598 sanctorum
1024 541 1409 613 mysteriorum
1464 539 1746 608 ingressus
1797 536 1985 591 divina

2090 539 2342 610 ἀμοιϐήν.
2393 540 2459 593 Ἦ
2481 541 2537 594 δέ
2566 541 2676 595 τῶν
2696 541 2877 614 θυρῶν
2906 544 3137 609 κλεϊσις,
3170 546 3264 598 καὶ
3292 547 3324 614 ἡ
3353 545 3462 597 τῶν
3488 545 3663 613 ἁγίων

404 633 680 699 salutatio,
710 641 766 688 et
804 630 1073 702 Symboli,
1103 645 1213 699 quo
1255 629 1420 684 fidem
1465 626 1811 698 proﬁtemur,
1844 625 1987 681 reci-

404 726 560 791 tatio,
610 722 859 778 indicant
903 721 1246 776 sensibilium
1304 720 1620 779 transitum,
1667 715 1989 786 intelligibi-

370 861 373 864 ι
403 817 538 872 lium
559 813 1083 877 manifestationem,
1112 826 1306 866 novam
1336 809 1498 863 nobis
1523 806 1710 861 traditi
1738 804 1985 875 mystcrii

404 907 838 972 successionem;
863 903 1175 975 generalem
1200 900 1446 957 omnium
1471 915 1598 955 cum
1625 899 1741 953 Deo
1759 905 1817 952 et
1840 897 1985 950 inter

405 1015 465 1056 se
491 996 865 1062 concordiam,
897 994 1336 1059 consensionem,
1371 991 1695 1047 charitatem
1741 995 1798 1044 et
1827 987 1985 1041 iden-

407 1093 641 1155 titatem,
669 1098 726 1144 et
746 1102 850 1159 pro
874 1086 1053 1163 modis
1073 1085 1278 1155 quibus
1304 1085 1536 1140 salutem
1565 1079 1749 1150 adepti
1773 1092 1983 1143 sumus,

405 1184 703 1256 gratiarum
729 1182 1024 1237 actionem.
1051 1177 1447 1234 Sanctissimus
1472 1172 1705 1245 Trisagii
1728 1173 1983 1249 hymnus,

405 1274 476 1329 ab
505 1274 716 1345 angelis
746 1273 1124 1328 indesinenter
1148 1270 1428 1327 decantari
1455 1269 1669 1332 solitus,
1697 1266 1862 1321 docet
1884 1278 1987 1319 nos

374 1356 658 1422 ~caalestes
685 1374 740 1420 et
768 1370 1057 1420 terrestres
1100 1363 1339 1418 virtutes
1367 1359 1628 1416 consonis
1658 1356 1888 1411 vocibus
1933 1354 1988 1420 in

390 1457 579 1511 altera
624 1456 738 1510 vita
786 1456 959 1509 Deum
990 1452 1330 1508 Iaudaturas.
1362 1449 1641 1507 lnvocatio
1672 1456 1857 1503 autem
1890 1445 1985 1501 Dei

398 1545 603 1610 Patris,
635 1553 690 1600 et
714 1544 1095 1615 pronuntiatio
1124 1543 1277 1597 illius
1308 1560 1321 1596 :
1354 1542 1496 1598 Unus
1522 1549 1758 1601 sanctus,
1789 1545 1846 1591 et
1868 1550 1989 1606 quae

402 1642 735 1705 sequuntur,
764 1642 820 1688 et
851 1641 1164 1689 sanctorum
1196 1632 1582 1704 mysteriorum
1612 1626 1984 1701 participatio,

404 1725 565 1780 docet
586 1740 780 1781 mnnes
803 1724 919 1780 fore
947 1723 1089 1779 ﬁlios
1119 1732 1174 1780 et
1197 1724 1353 1794 quasi
1385 1732 1646 1794 cognatos
1673 1721 1789 1775 Dei.

2088 631 2406 702 μυστηρίων
2439 633 2660 698 εἴσοδος,
2695 637 2789 688 κα)⁸
2818 637 2847 688 ὁ
2876 635 3021 700 θεῖος
3046 638 3355 707 ἀσπασμὸς,
3385 638 3477 691 καὶ
3504 639 3538 708 ἡ
3563 637 3661 691 τοῦ

2089 720 2365 791 συμϐόλου
2420 722 2522 792 τῆς
2565 724 2803 788 πίστεως
2854 726 3160 799 ἐκφὼνησις
3211 729 3362 799 δηλοῖ
3415 729 3518 799 τὴν
3551 729 3663 783 τῶν

2088 810 2368 880 αἰσθητῶν
2399 813 2654 884 πάροδον,
2686 816 2781 868 καὶ
2811 816 2909 889 τὴν
2938 817 3046 871 τῶν
3083 819 3293 889 νοητῶν
3330 822 3661 891 φανέρωσιν,

2087 900 2185 955 καὶ
2216 900 2316 973 τὴν
2341 905 2536 972 καινὴν
2560 904 2655 957 τοῦ
2687 908 2817 978 περὶ⁸
2847 909 2995 977 ἡμᾶς
3021 908 3167 962 θείου
3204 911 3510 981 μυστηρίου
3544 910 3663 963 δια-

2085 990 2270 1061 δοχὴν,
2295 992 2391 1069 καί
2418 992 2520 1063 τὴν
2548 994 2765 1049 πάντων
2796 998 2933 1067 πρὸς
2952 999 3180 1063 ἑαυτούς
3200 1017 3260 1053 τε
3288 1002 3382 1056 καὶ
3411 1002 3503 1054 τὸν
3529 1002 3663 1055 Θεὸν

2086 1082 2461 1153 γενησομένην
2478 1084 2754 1153 ὁμόνοιαν,
2782 1089 2877 1140 καὶ
2897 1089 3378 1158 ὁμογνωμοσύνην,
3407 1091 3500 1143 καὶ
3525 1091 3660 1159 ἀγάσ

2089 1186 2223 1242 πην,
2257 1173 2353 1225 καὶ
2376 1174 2706 1244 ταυτότητα,
2741 1176 2835 1229 καὶ
2863 1177 2963 1246 τὴν
2990 1178 3074 1246 ἐφ’
3098 1173 3179 1241 οἷς
3216 1179 3503 1249 ἐσώθημεν
3532 1182 3662 1252 τρό⁹

2088 1278 2213 1326 ποις
2244 1263 2621 1336 εὐχαριστίαν.
2666 1269 2730 1321 Ἦ
2757 1268 2815 1322 δὲ
2843 1271 2939 1323 τοῦ
2976 1270 3272 1341 Τρισαγίου
3304 1275 3406 1343 τὴν
3444 1274 3541 1327 ἀπ’
3562 1277 3664 1326 αὑ-

2089 1353 2198 1409 τῶν
2231 1354 2260 1394 ι
2278 1356 2405 1409 τῶν
2436 1359 2687 1426 ἀγγέλων
2704 1360 3030 1431 ἀγιαστικὴν
3053 1363 3364 1432 δοξολογίαν
3391 1367 3662 1434 ἐκφαίνει,

2092 1447 2186 1498 καὶ
2226 1446 2325 1518 τὴν
2352 1452 2728 1523 γενησομένην
2752 1455 2893 1508 κατά
2921 1454 3013 1508 τὸν
3041 1455 3308 1525 μέλλοντα
3348 1457 3523 1510 αἰῶνα
3554 1458 3668 1509 τῶν

2088 1533 2358 1604 οὐρανίων
2412 1541 2507 1593 καὶ
2544 1542 2804 1608 ἐπιγείων
2857 1544 3166 1613 δυνάμεων,
3214 1545 3290 1609 ὡς
3329 1543 3396 1616 ἦν
3429 1545 3470 1612 ι,
3509 1547 3666 1601 πολι-

2090 1629 2239 1682 τείαν
2282 1632 2376 1684 καὶ
2418 1632 2663 1704 ἀγωγὴν,
2698 1637 2794 1689 καὶ
2847 1639 3170 1706 συμφωνίαν
3208 1642 3306 1711 τῆς
3336 1641 3663 1708 δοξολογίας.

1950 1762 1953 1765 η
2022 1707 2060 1759 Β
2101 1717 2168 1770 Ἥ
2197 1718 2253 1771 δὲ
2291 1722 2536 1793 μακαρία
2561 1724 2659 1778 τοῦ
2686 1726 2823 1780 Θεοῦ
2854 1730 2946 1783 καὶ
2981 1730 3194 1800 Πατρος
3228 1707 3537 1801 ἐπίκλησις,
3571 1732 3669 1784 καὶ

403 1818 438 1885 ἡ
465 1812 557 1872 τοῦ
588 1812 694 1883 Εἷς
735 1816 923 1886 ἅγιος,
956 1818 1051 1871 καὶ
1103 1815 1212 1870 τῶν
1259 1816 1383 1886 ἑξῆς
1417 1815 1752 1885 ἐκφώνησις,
1806 1809 1899 1864 καὶ
1948 1807 1983 1876 ἡ
2018 1807 2127 1860 τῶν
2156 1810 2331 1879 ἀγίων
2362 1818 2680 1888 μυστηρίων
2747 1820 3071 1890 μετάληψις,
3131 1823 3230 1894 τὴν
3265 1824 3356 1876 ἐπί
3382 1824 3516 1877 πᾶσι
3569 1823 3668 1878 καὶ

405 1913 496 1965 ἐπί
524 1915 741 1967 πάντων
764 1911 1032 1982 ἐσομένην
1062 1909 1332 1964 υἱοθεσίαν
1366 1912 1461 1964 καὶ
1484 1904 1993 1978 οἱκειότηταδηλοῖ.

405 2024 599 2081 [sideri
640 2022 926 2079 Ρειυεεοιω
950 2039 1015 2078 ex
1054 2021 1312 2101 Epistolis
1344 2021 1803 2093 (lib.1,25,122,
1838 2020 1981 2091 εδδ).

372 2182 389 2193 θ
478 2118 675 2176 Pacem
724 2116 983 2174 sacerdos
1034 2131 1103 2171 ex
1141 2116 1419 2172 cathedrae
1463 2115 1681 2187 fastigio
1716 2112 1995 2171 Ecclesia:

413 2211 720 2275 annuntiat,
770 2211 1064 2265 Dominum
1098 2210 1311 2266 scilicet
1353 2211 1576 2266 imitans
1607 2210 1663 2264 in
1699 2209 1868 2265 caelos
1895 2221 1986 2261 as-

408 2310 710 2372 sumptum,
770 2302 992 2371 quando
1038 2301 1328 2371 discipulis
1374 2301 1493 2356 suis
1544 2300 1986 2356 benedictionem

407 2404 464 2449 et
509 2393 736 2463 reliquit
775 2402 831 2448 et
879 2392 1054 2448 dedit.
1114 2392 1256 2449 lllud
1302 2401 1511 2456 autem,
1556 2393 1704 2463 quod
1750 2408 1783 2447 a
1828 2392 1987 2463 plebe

410 2483 785 2556 respondetur,
810 2500 823 2537 :
856 2483 926 2538 Et
951 2500 1069 2538 cum
1093 2485 1284 2554 spiritu
1327 2493 1439 2551 tuo,
1470 2484 1615 2539 hanc
1666 2483 1831 2538 habet
1860 2494 1987 2538 sen-

404 2578 639 2634 tentiam
672 2595 684 2629 :
718 2577 914 2632 Pacem
947 2576 1172 2645 quidem
1202 2577 1367 2633 nobis
1394 2576 1702 2647 praebuisti,
1734 2575 1986 2641 Domine,

413 2671 517 2725 hoc
544 2678 650 2735 est,
685 2676 934 2723 mutuam
963 2667 1316 2722 concordiam
1353 2684 1366 2722 :
1399 2682 1590 2739 pacem
1618 2675 1801 2723 autem
1831 2668 1992 2723 nobis

407 2761 499 2828 da,
547 2762 655 2816 hoc
696 2769 801 2825 est,
846 2760 1121 2832 ejusmodi
1154 2768 1335 2816 tecum
1383 2761 1825 2832 coniunctionem
1866 2774 1988 2829 quae

398 2853 561 2908 nullo
602 2852 766 2907 modo
805 2853 994 2908 divelli
1023 2853 1220 2922 possit,
1252 2862 1315 2908 ut
1342 2868 1469 2908 cum
1498 2853 1709 2922 Spiritu
1758 2860 1855 2907 tuo
1889 2866 1989 2922 pa-

2386 2022 2678 2092 Ἰσιὸὠρου
2715 2028 2783 2081 ἐκ
2830 2027 2949 2082 τῶν
2997 2032 3382 2090 Ἐπιστολῶν.

2163 2110 2402 2184 Εἰρήνην
2436 2117 2463 2168 ό
2497 2116 2674 2188 ἱερεὺς
2707 2120 2813 2173 ἀπὸ
2843 2122 2938 2175 τοῦ
2963 2122 3132 2192 ὕψους
3161 2124 3259 2195 τῆς
3295 2125 3565 2196 καθέδρας
3594 2124 3663 2200 τῇ

2105 2201 2405 2277 Ἐκκλησία
2462 2209 2885 2279 ἐπιφθέγγεται⁸
2943 2216 3034 2268 τὸν
3073 2216 3280 2288 Κύριον
3328 2217 3483 2291 [ἀπὸ]
3531 2218 3667 2274 καθ-

2092 2294 2254 2366 έδρας
2298 2299 2657 2370 μιμούμενος,
2704 2305 3243 2377 ἀντιλαμϐανόμενον,
3299 2311 3520 2380 εἰρήνην
3563 2314 3667 2381 τὴν

2091 2385 2323 2453 οἰκείαν,
2362 2390 2459 2442 καὶ
2508 2392 2759 2460 ἀφιέντα,
2796 2396 2888 2448 καὶ
2937 2397 3170 2451 διδόντα.
3207 2401 3278 2452 Τὸ
3318 2400 3393 2453 δέ·
3426 2402 3537 2456 Καὶ
3584 2403 3668 2469 τῷ

2090 2479 2385 2546 πνεύματί
2410 2497 2549 2546 σου,
2581 2484 2729 2553 παρὰ
2753 2486 2847 2538 τοῦ
2870 2486 2998 2540 λαοῦ
3026 2491 3470 2562 ἀποκρινόμενον,
3505 2495 3667 2547 τοῦτο

2089 2569 2277 2640 δηλοῖ·
2320 2573 2561 2645 Εἰρήνην
2598 2577 2699 2645 μὲν
2748 2580 2884 2648 ἡμῖν
2910 2581 3204 2652 παρέσχες,
3238 2586 3435 2656 Κύριε,
3463 2587 3563 2657 τὴν
3604 2591 3664 2641 ὲν

2091 2661 2345 2732 ἀλλήλοις
2371 2666 2654 2735 ὁμόνοιαν·
2715 2672 2938 2740 εἰρήνην
2976 2671 3032 2726 δέ
3080 2674 3173 2738 δὸς
3211 2680 3363 2746 ἡμῖν,
3395 2680 3493 2749 τὴν
3526 2680 3667 2751 πρὸς

2095 2754 2156 2806 σέ
2183 2755 2491 2827 ἀδιαίρετον
2542 2759 2757 2827 ἕνωσιν,
2814 2765 2901 2816 ἵνα
2949 2765 3027 2836 τῷ
3067 2769 3340 2837 πνεύματί
3385 2787 3474 2824 σου
3508 2774 3665 2843 εἰρη-

2094 2847 2368 2913 νεύοντες,
2397 2849 2425 2902 δ
2451 2852 2583 2921 ἡμῖν
2608 2852 2669 2904 ἐν
2690 2853 2831 2925 ἀρχῇ
2862 2855 2960 2924 τῆς
2985 2857 3349 2929 δημιουργίας
3374 2863 3662 2934 ἐνέθηκας,

400 2945 541 3009 ςοιιιί,
583 2959 748 3013 quem
798 2944 964 2999 nobis
1012 2945 1067 2998 in
1099 2945 1399 3000 creationis
1426 2943 1585 2998 initio
1628 2943 1904 3011 indidisti,
1956 2959 1986 2999 a

2094 2939 2389 3011 ἀχώριστοι
2427 2943 2525 3008 τῆς
2560 2943 2660 3013 σῆς
2688 2947 2909 3016 ἀγάπης
2940 2949 3319 3021 τυγχάνωμεν,

393 3045 502 3091 dna
538 3034 813 3090 charitate
865 3035 1100 3089 distrahi
1148 3050 1513 3105 nequeamus.

481 3126 623 3180 Pura
673 3123 767 3178 illa
816 3124 1018 3178 sindon
1059 3140 1181 3195 quae
1227 3124 1330 3179 sub
1372 3124 1685 3180 divinorum
1715 3123 1986 3179 donorum

400 3214 719 3271 ministerio
767 3228 1008 3283 expansa
1058 3223 1163 3280 est,
1212 3214 1436 3284 Josephi
1474 3214 1878 3270 Arimathensis
1904 3221 1991 3270 est

409 3305 799 3361 ministerium.
847 3305 918 3360 Ut
947 3305 1093 3359 enim
1142 3306 1234 3359 ille
1265 3306 1483 3361 Domini
1526 3322 1726 3376 corpus
1756 3306 1990 3362 sindone

412 3396 721 3451 involutum
779 3395 1080 3465 sepulturae
1138 3396 1419 3451 mandavit
1458 3396 1527 3461 ⁸⁸,
1589 3397 1784 3452 eodem
1826 3396 1989 3451 modo

402 3502 512 3543 nos
541 3487 940 3557 propositionis
969 3502 1167 3558 panem
1215 3488 1269 3541 in
1303 3488 1536 3543 sindone
1560 3487 1985 3553 sanctiﬁcantes,

406 3578 615 3634 Christi
636 3592 842 3647 corpus
871 3577 991 3633 sine
1010 3577 1358 3633 dubitatione
1382 3580 1709 3649 reperimus.
1732 3578 1986 3632 Linteum

410 3669 571 3735 ill'ud,
608 3685 732 3724 cum
779 3684 890 3739 quo
928 3668 1097 3741 ωε
1124 3669 1343 3725 diaconi
1377 3670 1433 3725 in
1475 3672 1681 3726 sanctis
1711 3670 1990 3741 mysteriis

403 3778 611 3817 munus
672 3778 832 3818 suum
889 3762 1134 3827 obeunt,
1188 3761 1557 3818 humilitatem
1614 3760 1987 3832 Domini,qui

411 3854 808 3924 discipulorum
846 3852 1014 3923 pedes
1056 3853 1190 3907 lavit
1219 3861 1275 3907 et
1303 3853 1554 3919 extersit,
1588 3853 1749 3908 nobis
1779 3853 1833 3906 in
1869 3868 1987 3907 me-

412 3946 643 4001 moriam
693 3944 911 4015 redigit.
956 3943 1098 3998 Illud
1147 3954 1330 3998 autem
1356 3944 1658 3999 amiculum
1691 3946 1837 4015 quod
1871 3944 1988 4014 epi-

404 4052 613 4107 scOpus
652 4035 895 4091 humeris
930 4042 1129 4105 gestat,
1161 4044 1326 4104 atque
1355 4051 1422 4090 ex
1463 4035 1609 4102 lana,
1636 4051 1748 4090 non
1776 4051 1844 4090 ex
1875 4035 1988 4090 lino

411 4135 728 4183 contextum
753 4136 857 4189 est,
890 4127 1009 4181 ovis
1046 4126 1195 4180 illius
1225 4142 1390 4196 quam
1431 4127 1700 4182 Dominus
1726 4127 1987 4182 aberran-

412 4230 521 4276 tem
566 4221 842 4291 quaesivit,
876 4221 1264 4289 inventamque
1294 4220 1544 4275 humeris
1586 4220 1703 4275 suis
1740 4220 1983 4285 sustulit,

406 4313 607 4383 pellem
639 4313 910 4383 designat.
934 4311 1239 4381 Episcopus
1257 4311 1427 4377 enim,
1449 4311 1547 4381 qui
1563 4310 1767 4367 Christi
1799 4321 1984 4384 typum

2175 3119 2235 3172 Ἦ
2266 3120 2323 3174 δὲ
2358 3121 2576 3195 καθαρά
2609 3124 2800 3178 σινδὼν
2827 3128 2860 3192 ἡ
2895 3127 3289 3200 ὑφαπλουμένη
3322 3136 3388 3203 τῇ
3423 3133 3531 3187 τῶν
3559 3135 3667 3189 δώ-

2093 3225 2202 3277 ρων
2256 3210 2532 3283 διακονία,
2591 3215 2624 3284 ἡ
2682 3215 2776 3269 τοῦ
2834 3219 3194 3288 ’Δριμαθαίου
3251 3221 3400 3275 ἐστὶν
3463 3226 3665 3297 Ἰωσὴφ

2091 3301 2426 3370 λειτουργία.
2469 3304 2556 3366 Ὠς
2604 3305 2714 3376 γὰρ
2767 3309 2973 3373 ἐκεῖνος
3017 3310 3077 3363 τὸ
3122 3310 3214 3364 τοῦ
3248 3313 3454 3384 Κυρίου
3503 3317 3667 3387 σῶμα

2094 3391 2292 3444 σινδόνι
2332 3393 2614 3463 ἐνειλήσας
2663 3396 2740 3467 τῷ
2756 3397 2931 3467 πάφῳ
2958 3400 3346 3471 παρέπεμψεν,
3376 3403 3519 3458 οὕτω
3565 3407 3665 3460 καὶ

2091 3480 2185 3532 ἐπὶ
2218 3483 2451 3546 σινδόνος
2484 3486 2646 3555 ἡμεῖς
2697 3488 2789 3540 τὸν
2821 3490 2985 3559 ἄρτον
3025 3493 3124 3563 τῆς
3152 3495 3464 3564 προθέσεως
3499 3498 3664 3566 ἁγιά-

2092 3570 2298 3635 ζοντες,
2325 3573 2487 3645 σῶμα
2514 3578 2750 3646 Χριστοῦ
2779 3579 3118 3646 ἀδιστάκτως
3145 3585 3494 3655 εὑρίσκομεν.
3512 3589 3577 3642 Ἦ
3605 3589 3665 3643 δέ

2090 3663 2271 3734 ὀθόνη.
2303 3665 2420 3735 μεθ’
2447 3663 2515 3740 ἧς
2545 3669 2952 3740 λειτουργοῦσιν
2972 3674 3029 3725 ἐν
3057 3677 3168 3739 τοῖς
3192 3677 3368 3745 ἁγίοις
3400 3681 3448 3731 οἰ
3477 3679 3663 3734 διάκο-

2090 3770 2190 3818 νοι,
2230 3755 2329 3824 τὴν
2363 3756 2455 3809 τοῦ
2490 3757 2729 3825 Χριστοῦ
2760 3761 3171 3832 ἀναμιμνήσκει
3201 3767 3554 3831 ταπείνωσιν,
3578 3769 3661 3820 νί-

2088 3844 2288 3913 ψαντος
2310 3847 2435 3909 τοὺς
2457 3848 2623 3912 πόδας
2652 3849 2761 3903 τῶν
2789 3852 3050 3922 μαθητῶν
3079 3855 3173 3907 καί
3202 3856 3561 3926 ἐκμάξαντος.
3589 3860 3663 3911 Τὸ

2089 3935 2146 3987 δὲ
2180 3936 2274 3988 τοῦ
2307 3938 2613 3990 ἐπισκόπου
2663 3939 2979 4012 ὠμοφόριον
3010 3943 3121 4014 (12)
3156 3945 3213 4011 ἐξ
3248 3947 3408 4017 ἐρέας
3435 3946 3515 4013 ὃν,
3544 3949 3662 4002 ἀλλ’

2089 4027 2150 4078 οὐ
2180 4026 2351 4090 λίνου,
2384 4026 2483 4099 τὴν
2530 4028 2626 4082 τοῦ
2660 4031 2936 4101 προϐάτου
2979 4033 3143 4105 δορὰν
3195 4037 3472 4107 σημαίνει,
3524 4040 3663 4111 ὅπερ

2091 4116 2364 4187 πλανηθέν
2395 4117 2634 4190 ζητήσας
2655 4121 2682 4173 ὁ
2705 4122 2909 4194 Κύριος
2929 4123 3024 4177 ἐπὶ
3052 4127 3163 4179 τῶν
3187 4125 3353 4196 ὤμων
3376 4130 3656 4185 ἀνέλαϐεν.

2100 4205 2159 4261 '0
2194 4209 2303 4279 γάρ
2342 4209 2643 4274 ἐπίσκοπος
2699 4214 2780 4276 εἰς
2840 4215 3006 4269 τόπον
3037 4214 3115 4270 ὢν
3154 4216 3250 4271 τοῦ
3301 4220 3562 4289 Χριστοῦ,
3600 4222 3666 4274 τὸ

2090 4297 2249 4369 ἔργον
2298 4300 2509 4353 ἐκείνου
2566 4301 2786 4373 πληροῖ,
2828 4304 2922 4358 καὶ
2954 4305 3196 4361 δείκνυσι
3248 4311 3385 4363 πᾶσι
3428 4311 3516 4365 διά
3566 4311 3660 4365 τοῦ

342 4430 371 4474 η
410 4404 574 4475 gerit,
620 4405 793 4475 ipsius
823 4418 1053 4458 munere
1101 4402 1372 4472 fungitur,
1425 4403 1545 4472 ipso
1585 4403 1752 4459 etiam
1789 4402 1981 4457 habitu

2093 4391 2390 4460 σχήματος,
2431 4392 2515 4445 ὅτι
2548 4398 2794 4465 μιμητής
2830 4397 2947 4449 ἐστι
2975 4396 3073 4450 τοῦ
3104 4401 3341 4468 μεγάλου
3380 4401 3691 4478 ποιμένος-,γ

413 4497 545 4553 illud
576 4498 836 4553 omnibus
865 4494 1130 4559 ostendit,
1161 4509 1219 4548 se
1255 4493 1389 4548 boni
1420 4493 1570 4548 illius
1604 4502 1660 4549 et
1679 4494 1858 4564 magni
1889 4509 1982 4563 pa-

411 4586 581 4642 storis
617 4587 950 4642 imitatorem
980 4600 1123 4649 esse,
1154 4585 1247 4654 qui
1282 4585 1464 4655 gregis
1502 4584 1851 4639 inﬁrmitates
1878 4584 1984 4639 sibi

413 4676 668 4731 ferendas
702 4678 1009 4747 proposuit.

414 4763 598 4819 Sancti
627 4764 817 4819 Basilii
846 4780 909 4818 ea:
950 4762 1081 4820 libro
1115 4766 1179 4818 de
1211 4764 1421 4835 Spiritu
1471 4770 1655 4817 sancto
1694 4762 1838 4833 (cap.
1867 4765 1985 4833 27).

486 4915 746 4986 Dogmata
781 4930 902 4985 quae
941 4930 998 4969 In
1046 4914 1287 4969 Ecclesia
1317 4914 1705 4984 praedicantur,
1736 4915 1983 4986 quaedam

417 5003 686 5059 habemus
717 5020 750 5060 e
796 5004 1045 5060 doctrina
1086 5004 1419 5075 scriptorum
1464 5005 1705 5075 prodita,
1737 5007 1982 5077 quaedam

421 5112 615 5152 rursus
646 5111 714 5152 ex
755 5096 1128 5167 apostolorum
1173 5097 1469 5153 traditione
1517 5099 1573 5153 in
1608 5100 1889 5171 mysterio,
1929 5100 1982 5153 id

419 5197 522 5252 ost,
554 5186 609 5241 in
636 5187 856 5243 occulto
888 5186 1084 5242 tradita
1116 5188 1441 5257 recepimus.
1468 5187 1713 5256 Quorum
1748 5200 1981 5259 utraque

494 5325 543 5359 ³⁸
577 5324 712 5380 Luc.
731 5338 880 5385 mn,
917 5321 1002 5376 53.

2090 4484 2182 4535 καὶ
2209 4482 2306 4548 τὰς
2342 4483 2625 4549 ἀσθενείας
2653 4486 2873 4541 πάντων
2902 4488 3093 4560 φέρειν
3122 4491 3588 4562 προϐεϐλημένος.

2098 4751 2206 4807 Τοῦ
2239 4752 2507 4823 μεγάλου
2538 4755 2859 4832 Βεσαείου
2914 4756 2990 4832 ἐκ,
3016 4757 3122 4832 τοῦ
3165 4762 3297 4827 περὶ
3336 4762 3441 4815 τοῦ
3488 4764 3660 4832 ἁγίου

2582 4826 2928 4895 [Ir-stipator-
2957 4830 3163 4897 λόγου.

2161 4914 2285 4968 Τῶν
2324 4916 2383 4968 ἐν
2427 4918 2492 4988 τῇ
2541 4918 2841 4990 Ἐκκλησία
2890 4922 3327 4993 πεφυλαγμενων
3374 4924 3658 4996 δογμάτων

2091 5006 2159 5060 τά
2189 5006 2288 5077 μὲν
2329 5007 2392 5059 ἐκ
2422 5007 2522 5078 τῆς
2551 5011 2829 5079 ἐγγράφου
2854 5012 3202 5079 διδασκαλίας
3231 5016 3449 5087 ἔχομεν,
3491 5018 3558 5072 τά
3603 5018 3656 5070 δὲ

2092 5101 2156 5152 ἐκ
2189 5098 2289 5169 τῆς
2313 5099 2422 5153 τῶν
2463 5102 2779 5156 ἀποστόλων
2806 5106 3157 5176 παραδόσεως
3182 5108 3497 5162 διαδοθέντα
3528 5112 3658 5181 ἡμῖν

2091 5193 2148 5243 ἐν
2181 5190 2468 5261 μυστηρίῳ
2525 5193 2962 5265 παρεδεξάμεθα.
2995 5197 3174 5268 "Amp
3232 5200 3521 5274 ἀμφότερα
3562 5203 3657 5272 τὴν

1720 5389 1953 5445 VARIE
1988 5389 2385 5447 LECTIONES.

1923 5525 2153 5585 ΝΟΤιΕ.

424 5682 433 5695 ,
496 5628 607 5698 (12)
654 5622 1019 5698 ’ᾧοφόριοπ
1068 5626 1208 5689 Non,
1243 5633 1303 5679 ut
1347 5623 1462 5689 alii,
1501 5623 1772 5694 ἐπωμίδα,
1804 5624 2265 5694 superbumeraic,
2287 5624 2383 5682 sed
2410 5626 2655 5697 pallium.
2693 5629 3016 5701 (Aulum)

492 5465 519 5507 ιι
550 5465 848 5520 ἄπαυστον.
927 5460 1046 5524 lsi;
1077 5461 1227 5530 μίαν.
