4026 6140
1596 321 1748 336 ,...-ιι.-.
1764 322 1818 332 ﬁ...

363 459 377 483 τ
402 450 460 511 ιτ
1739 450 1981 521 QUJES'J

2091 450 2256 512 NES.

3521 441 3640 506 813·

355 556 522 624 αὐτὴν
588 556 741 621 ί.;κὶ,ν
780 554 889 628 ἔχει
943 558 1076 629 πρὸς
1111 559 1207 630 τὴν
1244 559 1550 614 εὐσέϐειαν.
1590 560 1699 614 Καὶ
1726 559 1938 623 τούτοις
1970 599 1981 638 γ

2088 575 2229 616 irem
2260 559 2376 613 vim
2403 557 2611 613 habent
2634 557 2701 612 ad
2739 555 3022 626 pietatem.
3074 554 3186 610 Nec
3215 555 3304 610 his
3333 552 3624 624 quisquam

357 649 530 711 οὖδεὶς
558 649 797 721 ἀντερεῖ,
835 651 981 714 ὅστις
1037 651 1139 704 κᾶν
1195 652 1393 723 μικρὸν
1425 651 1557 720 γοῦν
1608 652 1811 722 θεσμὸν
1847 655 1940 705 ἐκ·

2042 652 2395 716 contradicit,
2424 651 2678 722 quisquis
2708 665 2840 706 sane
2870 651 2954 704 vel
2985 650 3227 704 tenuiter
3254 652 3518 717 expertus
3545 651 3631 698 est

360 743 751 811 κλησιαστικδν
782 745 1137 816 πεπείραται.
1167 747 1228 798 Ei
1263 747 1370 815 γὰρ
1401 747 1845 817 ἐπεχειρήσαμεν
1873 745 1941 798 τὰ

2088 763 2165 802 uae
2205 747 2315 801 sint
2357 748 2480 817 jura
2511 744 2907 801 ecclesiastica.
2940 743 3076 796 Nam
3120 741 3164 796 si
3197 736 3634 796 consuetudines

360 835 584 902 ἄγραφα
612 834 722 888 τῶν
751 836 890 913 ἐθῶν
927 836 1004 898 ὼς
1040 838 1114 909 μὴ
1159 839 1404 910 μεγάλην
1434 839 1627 908 ἔχοντα
1663 839 1759 908 τὴν
1785 837 1944 890 δύνα-

365 944 457 996 μιν
489 927 902 996 παραιτεῖσθαι,
957 928 1218 998 λάθοιμεν
1265 928 1330 982 ἂν
1373 931 1452 992 εἰς
1484 931 1624 982 αύτὰ
1653 932 1722 983 τὰ
1752 929 1944 999 καίρια

365 1019 667 1088 ζημοῦντες
703 1028 739 1055 ω
768 1019 832 1072 τὸ
873 1019 1230 1087 Εὑαγγὲλιον,
1268 1022 1467 1090 μᾶλλον
1501 1021 1557 1074 δὲ
1593 1023 1672 1084 είς
1704 1019 1946 1090 τούνομα

365 1110 519 1179 ψιλὸν
545 1110 913 1182 περισπῶντες
941 1112 1000 1164 τὸ
1033 1113 1317 1182 κήρυγμα.

445 1283 567 1341 υἶον
599 1287 684 1340 ἶνα
713 1286 810 1340 τοῦ
846 1289 1067 1358 πρώτου
1102 1289 1196 1342 καὶ
1243 1288 1560 1342 κοινοτάτου
1595 1289 1813 1358 πρῶτον
1850 1289 1952 1358 μά-

372 1381 449 1434 θω
487 1389 536 1447 η,
571 1380 646 1450 τῷ
672 1380 829 1451 τύπῳ
851 1369 945 1433 τοῦ
987 1380 1222 1452 σταυροῦ
1254 1382 1381 1444 τοὺς
1427 1381 1508 1443 είς
1548 1381 1610 1432 τὸ
1640 1380 1811 1449 δνομα
1855 1377 1951 1432 τοῦ

373 1473 583 1542 Κυρίου
606 1471 760 1541 ἡμῶν
777 1470 951 1540 Ἰησοῦ
976 1470 1216 1542 Χριστοῦ
1237 1471 1538 1541 ἠλπικότας
1565 1471 1952 1543 σημαίνεσθαι,

281 1551 297 1563 ’
373 1561 454 1622 τίς
488 1563 516 1614 ὁ
555 1559 642 1614 διὰ
687 1560 1017 1631 γράμματος
1069 1559 1331 1627 διδάξας;
1369 1563 1442 1616 Τὸ
1495 1563 1632 1633 πρὸς
1689 1563 1955 1626 ἀνατολὰς

378 1653 709 1724 στρέφεσθαι
743 1653 887 1707 κατὰ
919 1653 1016 1724 τὴν
1046 1654 1359 1725 προσευχὴν
1391 1657 1523 1709 ποῖα
1570 1656 1720 1724 ἡμᾶς
1751 1654 1956 1722 ἐδίδαξε

375 1743 419 1796 Γ
424 1743 764 1813 ραμμάτων;
827 1745 938 1814 Τῆς
977 1745 1276 1814 ἐκκλησίας
1333 1745 1402 1798 τὰ
1461 1747 1684 1815 ῥήματα
1745 1745 1837 1797 ἐπὶ⁵
1889 1746 1956 1815 τῇ

377 1835 647 1900 ἀναδείξει
678 1835 771 1890 τοῦ
796 1836 962 1907 ἄρτου
996 1837 1098 1907 τῆς
1130 1837 1518 1918 Εύχαριστίας,
1539 1837 1634 1890 καὶ
1670 1836 1764 1890 τοῦ
1799 1854 1961 1906 ποτηο

2045 854 2167 908 quae
2195 837 2400 908 scripto
2431 836 2666 906 proditae
2694 851 2806 889 non
2839 842 2988 897 sunt,
3016 841 3278 902 tanquam
3307 830 3454 885 haud
3486 829 3631 884 mul-

2046 943 2164 988 tum
2204 930 2473 985 habentes
2504 927 2791 990 momenti,
2841 939 3106 979 conemur
3133 924 3384 994 rejicere,
3419 922 3633 992 impru-

2048 1023 2243 1077 dentes
2280 1030 2336 1075 et
2381 1035 2445 1073 ea
2495 1017 2881 1073 damnabimus
2928 1030 3050 1084 quae
3091 1017 3147 1068 in
3193 1012 3493 1083 Evangelia
3539 1026 3639 1066 ne-

2050 1113 2292 1190 cessaria
2344 1111 2413 1165 ad
2456 1112 2691 1166 salutem
2740 1108 3054 1172 habentur;
3089 1105 3424 1178 imopotius
3460 1105 3636 1174 ipsam

2052 1205 2178 1260 ﬁdei
2199 1204 2648 1275 praedicationem
2677 1203 2742 1256 ad
2760 1201 2973 1256 nudum
3003 1214 3202 1252 nomen
3221 1197 3638 1253 contrahemus.

2124 1298 2280 1364 Quod
2329 1313 2501 1366 genus
2547 1305 2654 1360 est,
2699 1304 2759 1350 ut
2808 1297 2950 1366 eius,
2997 1293 3142 1362 quod
3177 1293 3415 1363 primum
3459 1299 3544 1345 est
3587 1300 3644 1344 et

2053 1387 2494 1457 vulgatissimum
2522 1386 2704 1456 primo
2734 1386 2858 1440 loco
2889 1398 3320 1438 commemorem
3347 1400 3360 1435 :
3396 1391 3456 1436 ut
3486 1385 3645 1452 signo

2055 1481 2238 1536 crucis
2284 1495 2382 1534 eos
2427 1481 2522 1549 qui
2567 1493 2720 1549 spem
2763 1479 3116 1533 collocarunt
3150 1475 3205 1529 iu
3237 1474 3522 1530 Christum
3567 1476 3645 1529 si-

2058 1584 2308 1640 gnemus,
2332 1569 2458 1638 quis
2483 1569 2692 1638 scripto
2715 1568 2944 1623 docuit?
2993 1568 3064 1624 Ut
3100 1566 3168 1621 ad
3196 1566 3466 1620 orientem
3500 1564 3645 1619 versi

2057 1677 2352 1732 precemur
2389 1677 2512 1732 quae
2542 1677 2644 1737 nos
2686 1661 2878 1716 docuit
2907 1657 3244 1730 Scriptura?
3275 1656 3648 1711 lnvocationis

2057 1754 2248 1821 verba,
2285 1769 2412 1808 cum
2467 1752 2780 1808 ostenditur
2812 1754 2970 1823 panis
3000 1753 3364 1808 Eucharistiae
3394 1757 3447 1804 et
3478 1763 3648 1818 pocu-

2060 1846 2176 1900 lum
2200 1846 2631 1910 benedictionis,
2656 1846 2781 1918 quis
2811 1853 3133 1901 sanctorum
3167 1845 3223 1898 in
3253 1844 3461 1913 scripto
3488 1840 3652 1895 nobis

383 1926 499 1994 ρίου
529 1927 628 1996 τῆς
664 1927 938 1996 εὐλογίας,
992 1928 1078 1992 τίς
1135 1929 1244 1982 τῶν
1285 1930 1455 1997 ἁγίων
1486 1929 1782 1998 ἐγγράφως
1828 1929 1960 2000 ἡμῖν

2088 1939 2339 2008 'eliquit?
2380 1938 2492 1994 Nec
2514 1940 2665 1994 enim
2701 1938 2788 1993 his
2819 1938 3067 1992 contenti
3111 1952 3304 1991 sumus
3347 1949 3469 2004 quae
3499 1947 3651 1987 com-

381 2019 707 2085 κατέλιπεν;
763 2021 837 2074 Ού
881 2021 990 2091 γὰρ
1043 2021 1106 2092 δὴ
1164 2021 1375 2085 τούτοις
1426 2020 1768 2091 ἀρκούμεθα,
1811 2013 1886 2072 ὧν
1933 2022 1962 2073 ὁ

395 2109 720 2174 Ἀπόστολος
755 2112 850 2164 καὶ
893 2112 954 2164 τὸ
987 2113 1328 2180 Εὑαγγέλιον
1373 2112 1646 2182 ἐμνήσθη,
1690 2110 1828 2166 ἀλλὰ
1869 2110 1963 2163 καὶ

385 2202 752 2272 προλέγομεν,
809 2205 902 2256 καὶ
958 2204 1289 2274 ἐπιλέγομεν
1341 2204 1527 2276 ἕτερα,
1581 2203 1657 2267 ὼς
1721 2202 1964 2272 μεγάλην

383 2293 578 2363 ἔχοντα
614 2294 752 2364 πρδς
782 2295 843 2346 τὸ
877 2297 1177 2366 μυστήριον
1210 2295 1309 2366 τὴν
1352 2296 1508 2366 ἰσχὺν
1539 2297 1604 2348 ἐκ
1640 2295 1740 2364 τῆς
1787 2293 1966 2364 ἀγρά-

388 2403 488 2454 φου
514 2386 864 2450 διδασκαλίας
895 2387 1441 2458 παραλαμϐάνοντες.

462 2477 825 2545 Εὑλογοῦντες
852 2479 909 2531 δέ
937 2479 1033 2531 καὶ
1060 2478 1121 2532 τὸ
1149 2477 1294 2549 ὕδωρ
1320 2479 1412 2531 τού
1443 2477 1842 2548 βαπτίσματος,
1875 2475 1971 2530 καὶ

388 2573 450 2624 τὸ
478 2572 655 2625 ἔλαιον
683 2573 782 2642 τῆς
807 2575 1063 2644 χρίσεως,
1089 2573 1184 2626 καὶ
1207 2573 1432 2645 προσέτι
1467 2573 1629 2626 αύτδν
1655 2574 1746 2626 τὸν
1778 2572 1972 2642 βαπτι-

393 2665 642 2735 ζόμενον,
676 2665 785 2717 ἀπὸ
824 2665 995 2718 ποίων
1028 2665 1360 2736 ἐγγράφων;
1397 2666 1512 2718 Οὐκ
1543 2663 1652 2719 ἀπὸ
1701 2665 1802 2733 τῆς
1839 2681 1972 2716 σιω·

396 2755 659 2824 πωμένης
713 2756 808 2808 καὶ
846 2757 1117 2825 μυστικῆς
1150 2755 1545 2825 παραδόσεως;
1588 2754 1652 2805 Τί
1703 2753 1759 2806 δέ
1805 2752 1973 2821 αὐτὴν

397 2847 490 2899 τοῦ
525 2847 708 2900 ἐλαίου
736 2847 834 2919 τὴν
876 2847 1076 2917 χρίσιν,
1117 2849 1203 2911 τίς
1232 2847 1389 2915 λόγος
1433 2845 1824 2916 γεγραμμένος
1872 2843 1976 2896 ἐδί-

397 2937 554 3003 δαξες
588 2938 662 2990 Τὸ
685 2939 741 2990 δέ
775 2940 893 3010 τρὶς
929 2939 1290 3008 βαπτίζεσθαι
1319 2937 1414 2990 τὸν
1445 2937 1631 2999 αὐτὸν,
1658 2934 1824 2988 πόθεν
1851 2951 1866 3000 ;

472 3032 642 3084 Ἀλλα
674 3032 751 3096 δέ,
786 3034 889 3085 ὅσα
935 3033 1069 3101 περὶ
1113 3032 1175 3084 τὸ
1215 3031 1521 3101 βάπτισμα,
1573 3026 1979 3083 ἀποτάττεσθαι

402 3124 483 3194 τῷ
517 3125 734 3195 Σατανᾷ
779 3126 1007 3188 καὶτοῖς
1035 3124 1291 3193 ἀγγέλοις
1329 3122 1517 3187 αὐτοῦ,
1550 3123 1614 3175 ἐκ
1662 3121 1823 3183 ποίας
1863 3121 1982 3173 ἐστὶ

403 3218 624 3289 γραφῆς
648 3234 662 3283 ;
684 3220 784 3272 οὐκ
814 3220 878 3272 ἐκ
903 3219 1002 3289 τῆς
1025 3216 1423 3288 ἀδημοσιεύτου
1445 3216 1648 3284 ταύτης
1693 3214 1787 3268 καὶ
1811 3213 1983 3282 ἁπορρ

2065 2033 2337 2079 memorat
2383 2025 2681 2096 Apostolus
2729 2033 2826 2080 aut
2875 2026 3270 2096 Evangelium;
3325 2039 3516 2079 verum
3548 2022 3652 2076 alia

2065 2130 2312 2185 quoque,
2344 2123 2401 2170 et
2429 2126 2555 2170 ante
2586 2125 2643 2172 et
2673 2125 2801 2187 post
2832 2115 3094 2182 dicimus,
3125 2124 3388 2186 tanquam
3418 2114 3652 2168 multum

2067 2206 2330 2262 habentia
2373 2209 2639 2262 momenti
2685 2208 2752 2263 ad
2791 2209 3140 2280 mysterium,
3194 2225 3316 2278 quae
3368 2223 3435 2262 ex
3489 2204 3657 2260 tradi-

2071 2300 2221 2354 tione
2273 2300 2416 2355 citra
2456 2300 2725 2370 scriptum
2766 2301 3104 2371 accepimus.

2142 2480 2549 2537 Consecramus
2567 2491 2755 2537 autem
2782 2498 2978 2552 aquam
3001 2483 3370 2553 baptismatis,
3393 2489 3448 2536 et
3476 2481 3657 2537 oleum

2077 2575 2380 2639 unctionis,
2430 2583 2698 2644 praeterea
2732 2577 2938 2646 ipsum,
2993 2577 3088 2646 qui
3136 2576 3475 2646 baptismum
3512 2574 3660 2630 acci-

2075 2664 2178 2735 pit,
2217 2679 2284 2718 ex
2312 2665 2516 2734 quibus
2546 2665 2807 2735 scriptis?
2836 2666 3030 2721 Nonne
3069 2682 3098 2720 a
3133 2667 3293 2721 tacita
3339 2674 3663 2734 secretaque

2079 2755 2413 2811 traditione?
2430 2756 2606 2826 Ipsam
2625 2773 2791 2826 porro
2809 2758 2915 2812 olei
2938 2759 3316 2813 inunctionem
3337 2758 3461 2828 quis
3480 2771 3664 2812 sermo

2079 2851 2284 2919 scripto
2305 2849 2560 2919 proditus
2597 2850 2956 2906 docuit?Jam
2993 2850 3349 2920 terimmergi
3383 2849 3664 2904 hominem

2081 2942 2230 2998 unde
2278 2951 2362 2997 est
2411 2942 2716 2997 traditum?

2153 3034 2385 3103 Reliqua
2430 3035 2562 3088 item
2597 3047 2718 3101 quae
2758 3029 2899 3086 ﬁunt
2942 3031 2998 3085 in
3029 3031 3327 3101 baptismo,
3377 3029 3548 3084 veluti
3582 3042 3668 3081 re-

2085 3126 2348 3181 nuntiare
2399 3124 2616 3180 Satanae
2669 3133 2727 3179 et
2772 3123 2987 3193 angelis
3035 3123 3176 3193 ejus,
3231 3120 3393 3194 M3
3450 3135 3518 3174 ex
3561 3134 3667 3187 qua

2088 3219 2365 3288 scriptura
2409 3217 2719 3272 habemus?
2768 3215 2963 3270 Nonne
3015 3229 3084 3268 ex
3127 3214 3339 3284 privata
3380 3219 3436 3266 et
3471 3225 3668 3265 arcana

408 3287 574 3378 ῥήτου
637 3287 1009 3372 διδασκαλίας,
1067 3287 1144 3378 ἣν
1182 3310 1240 3360 ἐν
1293 3305 1851 3376 ἀπολυπραγμονήτῳ
1887 3302 1981 3356 καὶ

2088 3287 2564 3365 hacitraditione?
2612 3308 2808 3362 Nonne
2855 3323 2924 3362 ex
2969 3306 3223 3360 doctrina
3264 3319 3426 3374 quam
3478 3303 3671 3357 Patres

405 3400 808 3470 ἀπεριγρόιπτῳ
837 3401 964 3469 σιγῇ
1007 3399 1055 3451 οί
1081 3396 1326 3468 Πατέρες
1351 3395 1507 3466 ήμῶν
1531 3392 1806 3464 ἐφύλαξαν
1827 3432 1843 3454 ,
1886 3408 1986 3446 κα-

405 3490 514 3550 λῶς
546 3491 746 3541 ἐκεῖνοι
777 3487 1174 3557 δεδιδαγμένοι,
1219 3485 1326 3538 τῶν
1363 3483 1678 3555 μυστηρίων
1707 3481 1778 3535 τὰ
1810 3480 1986 3551 σεμνὰ

411 3583 591 3650 σιωπῇ
625 3577 1028 3644 διασώζεσθαις
1064 3579 1131 3630 Ἀ
1161 3578 1269 3648 γὰρ
1300 3577 1423 3630 ούδέ
1450 3573 1776 3628 ἐποπτεύειν
1807 3571 1986 3637 ἔξεστι

407 3676 522 3735 τοῖς
549 3673 836 3742 ἀμυήτοις,
865 3671 1073 3725 τούτων
1120 3669 1238 3733 πῶς
1295 3669 1362 3723 ἂν
1393 3665 1460 3740 ἦν
1496 3668 1644 3731 είκὺς
1693 3665 1792 3737 τὴν
1838 3665 1986 3720 διδα-

411 3764 655 3818 σκαλίαν·
678 3762 1037 3835 θριαμϐεύειν
1068 3765 1124 3815 ἐν
1157 3763 1484 3832 γράμμασιν
1515 3777 1528 3825 ;

488 3945 653 3998 Ἀλλο
682 3945 863 3999 τοίνυν
899 3944 1098 4014 δόγμα,
1150 3943 1245 3997 καὶ
1280 3940 1410 3996 ἄλλο
1451 3940 1740 4012 κήρυγμα.
1772 3936 1855 3990 Τὰ
1891 3935 1990 4006 μὲν

414 4037 524 4108 γὰρ
549 4037 798 4106 δόγματα
815 4038 1090 4089 σιωπᾶται
1110 4052 1124 4066 ·
1148 4033 1286 4088 τὰδὲ
1312 4031 1648 4102 κηρύγματα
1670 4027 1993 4099 δημοσιεύε-

414 4147 530 4183 ται.
567 4129 783 4199 Σιωπῆς
812 4129 868 4180 δὲ
903 4124 1043 4191 εἶδος
1073 4128 1166 4180 καὶ
1198 4128 1230 4196 ή
1260 4124 1519 4192 ἀσάφεια,
1616 4122 1814 4193 χρῆται
1846 4119 1992 4190 Γρα-

418 4221 512 4291 φὴ,
542 4221 920 4292 δυσθεώρητον
949 4219 1435 4283 κατασκευάζουσα
1463 4217 1572 4271 τῶν
1593 4214 1882 4284 δογμάτων
1903 4211 1996 4265 τὲν

419 4313 542 4365 νοῦν
586 4313 724 4380 πρὸς
753 4311 816 4362 τὸ
839 4310 945 4364 τῶν
973 4309 1411 4380 ἐντυγχανόντων
1440 4305 1741 4368 λυσιτελές.
1788 4303 1995 4356 Τούτου

421 4399 580 4466 χάριν
608 4398 809 4460 πάντες
844 4399 944 4466 μὲν
967 4397 1232 4467 ὁρμῶμεν
1263 4396 1406 4450 κατὰ
1453 4393 1719 4456 ἀνατολὰς
1767 4394 1860 4445 ἐπὶ
1889 4391 2000 4445 τῶν

420 4489 766 4560 προσευχῶν,
807 4489 977 4558 ὀλίγοι
1016 4490 1072 4542 δὲ
1117 4489 1296 4560 ἴσμεν,
1321 4489 1404 4541 δτι
1432 4487 1532 4558 τὴν
1565 4485 1802 4556 ἀρχαίαν
1834 4484 2000 4539 πάλιν

2089 3401 2263 3457 nostri
2299 3402 2355 3455 in
2384 3400 2627 3464 silentio,
2656 3398 2804 3467 quod
2841 3397 3092 3453 curiosos
3119 3405 3177 3450 et
3206 3397 3414 3450 otiosos
3449 3394 3672 3449 submo-

2086 3499 2200 3557 vet,
2233 3490 2568 3546 servarunt?
2597 3489 2835 3543 Pulchre
2881 3488 3108 3557 quidem
3141 3487 3243 3550 illi,
3281 3486 3545 3539 nimirum
3576 3483 3674 3537 do-

2088 3582 2183 3644 cti,
2237 3595 2568 3635 arcanorum
2611 3579 3030 3634 venerationem
3075 3577 3298 3632 silentio
3329 3575 3670 3629 conservari.

2089 3671 2224 3726 Nam
2270 3685 2393 3739 quae
2443 3682 2549 3723 nec
2595 3668 2802 3721 intueri
2852 3666 2935 3720 fas
2978 3675 3059 3720 est
3111 3681 3222 3720 non
3271 3664 3527 3725 initiatis,
3579 3662 3673 3729 qui

2091 3760 2458 3818 conveniebat
2492 3761 2684 3816 horum
2731 3759 3038 3813 doctrinam
3083 3755 3386 3826 publicitus
3435 3755 3676 3808 circum-

2093 3853 2226 3909 ferri
2270 3851 2514 3922 scripto?

2164 3943 2331 3999 Aliud
2380 3950 2565 3997 autem
2622 3947 2709 3996 est
2755 3939 2974 4009 dogma,
3021 3937 3173 3992 aliud
3221 3937 3490 3992 edictum.
3543 3935 3677 3990 Nam

2097 4037 2352 4108 dogmata
2399 4035 2674 4101 silentur,
2741 4032 2923 4087 edicta
2970 4045 3105 4085 vero
3161 4030 3533 4101 publicentur.
3586 4028 3682 4082 Est

2096 4139 2283 4186 autem
2331 4127 2537 4185 silentii
2570 4126 2782 4197 species
2804 4125 2970 4180 etiam
3012 4123 3322 4180 obscuritas
3364 4137 3472 4192 qua
3510 4119 3684 4174 utitur

2099 4223 2408 4292 Scriptura,
2445 4226 2685 4275 mentem
2709 4217 2777 4272 ad
2808 4216 3333 4286 contemplationem
3366 4214 3682 4283 dogmatum

2100 4313 2402 4369 inhabilem
2427 4325 2710 4375 exercens,
2735 4308 2902 4378 idque
2925 4307 2993 4361 ad
3024 4306 3318 4361 utilitatem
3347 4306 3403 4358 in
3433 4303 3685 4372 Scriptu-

2101 4408 2178 4462 ris
2208 4406 2564 4462 versantium.
2606 4402 2758 4457 Hanc
2781 4401 2855 4456 ob
2889 4415 3112 4456 causam
3143 4413 3338 4462 omnes
3371 4406 3686 4466 spectamus

2101 4498 2169 4554 ad
2198 4499 2470 4554 orientem
2501 4510 2625 4550 cum
2658 4508 2967 4564 precamur.
2999 4490 3167 4546 Pauci
3192 4500 3376 4545 tamen
3408 4486 3684 4544 novimus.

421 4582 788 4652 ἐπιζητοῦμεν
822 4583 1057 4654 πατρίδα
1088 4582 1180 4636 τὸν
1219 4581 1568 4652 παράδεισον,
1600 4578 1660 4631 ὃν
1695 4576 1981 4646 ἐφύτευσεη

2103 4589 2251 4661 quod
2289 4589 2344 4645 id
2389 4588 2655 4644 facientes
2705 4585 2988 4655 antiquam
3033 4582 3375 4653 requirimus
3429 4577 3684 4650 patriam,

422 4671 450 4721 ὁ
477 4670 608 4731 Θεὸς
638 4673 696 4723 ἐν
735 4671 895 4740 Ἐδέμ
923 4671 1067 4740 κατα
1090 4671 1375 4734 ἀνατολάς.
1412 4670 1520 4724 Καὶ
1545 4669 1696 4739 ὀρθοὶ
1732 4669 1830 4739 μὲν
1862 4667 2000 4737 πλη-

427 4761 629 4830 ρούμεν
657 4761 758 4824 τὰς
788 4763 954 4832 εὐχὰς
1001 4765 1057 4814 ἐν
1087 4765 1153 4834 τῇ
1193 4764 1292 4834 μιᾷ
1320 4761 1428 4814 τῶν
1461 4760 1752 4814 Σαϐϐατων
1779 4777 1791 4789 ·
1826 4759 1918 4813 τὸν
1946 4759 2003 4811 δὲ

424 4852 582 4919 λόγον
606 4855 666 4906 ού
697 4855 902 4918 πάντες
936 4855 1174 4925 οἴδαμεν.
1205 4855 1278 4907 Οὐ
1310 4853 1420 4925 γὰρ
1458 4840 1621 4923 μόνον
1653 4851 1728 4916 ὡς
1770 4868 2003 4905 συνανα-

429 4943 654 5007 στάντες
681 4945 762 5014 τῷ
791 4946 1030 5016 Χριστῷ,
1067 4945 1162 4999 καὶ
1214 4945 1281 4998 τὰ
1322 4945 1435 4999 ἀνω
1481 4943 1666 5013 ζητεῖν
1697 4943 2004 5012 ὀφείλοντες

427 5035 484 5085 ἐν
507 5037 571 5105 τῇ
600 5036 964 5106 ἁναστασίμῳ
997 5037 1184 5108 ᾑμέρᾳ
1212 5039 1312 5106 τῆς
1338 5035 1634 5105 δεδομένης
1674 5035 1805 5104 ἡμῖν
1844 5033 2006 5103 χάρι-

426 5137 541 5185 τος,
570 5123 657 5175 διὰ
686 5125 786 5194 τῆς
816 5127 957 5178 κατὰ
983 5126 1082 5194 τὴν
1103 5125 1412 5196 προσευχὴν
1444 5124 1670 5186 ἑαυτοὺς
1705 5123 2012 5192 ὑπομιμνή-

433 5230 660 5284 σκομεν,
717 5216 832 5269 ἀλλ’
887 5216 970 5269 ὅτι
1020 5216 1170 5270 δοκεῖ
1209 5217 1342 5270 πᾶσι
1395 5215 1488 5267 τού
1551 5213 2008 5284 προσδοκωμένου

431 5306 856 5377 προσδιδομένου
874 5307 1068 5371 αἰῶνος
1095 5305 1234 5363 εἶναι
1256 5306 1440 5362 εἰκών.
1470 5307 1560 5359 Διὸ
1595 5307 1690 5359 καὶ
1711 5305 1854 5377 ἀρχὴ
1879 5301 2012 5359 οὖσα

431 5399 678 5468 ἡμερῶν,
703 5400 825 5469 οὐχὶ
856 5401 1044 5469 πρώτη
1081 5401 1232 5472 παρὰ
1269 5399 1536 5463 Μωσέως,
1565 5398 1708 5452 ἀλλὰ-
1744 5399 1841 5469 μία
1872 5398 2012 5452 ὠνό-

439 5508 666 5558 μασται.
699 5509 717 5542 ι
757 5492 1007 5559 Ἐγένετο
1041 5492 1170 5561 γὰρ,
1201 5492 1386 5562 φησὶν,
1419 5489 1647 5560 ἑσπέρα,
1675 5491 1772 5543 καὶ
1793 5490 2013 5558 ἐγένετο

437 5581 603 5651 πρωῒ.
625 5582 811 5652 ήμέρα
838 5582 955 5652 μία,
985 5601 1002 5634 ι
1027 5581 1102 5645 ὡς
1125 5581 1224 5652 τῆς
1253 5582 1530 5636 ἁνακαλου
1540 5581 1708 5652 μένης
1729 5581 2008 5644 πολλάκις,

507 5720 550 5752 ⁵⁹
581 5717 715 5771 Gen.
747 5735 784 5782 1,

2104 4683 2366 4739 videlicet
2415 4680 2756 4751 paradisum,
2787 4693 2952 4748 quem
2985 4675 3236 4731 consevit
3269 4674 3416 4729 Deus
3448 4673 3502 4727 in
3534 4672 3688 4728 Eden

2105 4776 2174 4830 ad
2222 4775 2517 4829 orientem.
2568 4776 2638 4828 At
2678 4771 2733 4825 in
2782 4786 2835 4840 p.
2855 4771 2962 4823 ima
3017 4767 3244 4823 Sabbati
3295 4766 3468 4822 erecti
3522 4763 3691 4836 perii-

2106 4867 2286 4922 cimus
2314 4865 2753 4934 deprecationes,
2783 4861 2879 4917 sed
2920 4862 3192 4917 rationem
3228 4875 3338 4914 non
3370 4873 3562 4914 omnes
3588 4872 3692 4911 uo-

2108 4959 2310 5013 vimus.
2360 4957 2479 5012 Non
2519 4956 2696 5012 solum
2749 4955 2898 5010 enim
2945 4952 3094 5024 quod
3131 4951 3303 5006 veluti
3353 4950 3517 5005 simul
3567 4965 3724 5036 cum|

2110 5048 2333 5105 Christo
2367 5046 2705 5109 resuscitati,
2739 5062 2862 5116 qua:
2903 5058 3123 5100 sursum
3159 5050 3288 5097 sunt
3321 5057 3571 5112 quaerere
3603 5040 3725 5129 (ιο-ξ

2114 5141 2364 5205 beamus,
2401 5139 2458 5193 in
2505 5139 2596 5194 die
2641 5139 3073 5194 resurrectionis
3121 5137 3263 5192 datze
3297 5136 3460 5190 nobis
3509 5134 3724 5205 gratiae.

2112 5234 2311 5289 stando
2371 5242 2663 5303 precantes
2738 5233 3107 5301 nosmetipsos
3146 5227 3698 5287 commonefacimus.

2113 5323 2210 5379 sed
2258 5321 2406 5392 quod
2437 5323 2485 5376 is
2513 5321 2634 5377 dies
2659 5321 2912 5376 videatur
2935 5321 3123 5390 aliquo
3153 5321 3315 5374 modo
3353 5320 3532 5388 imago
3561 5331 3697 5371 ven-

2119 5415 2225 5470 turi
2252 5415 2461 5470 sazculi.
2501 5415 2689 5484 quue
2712 5429 2836 5469 cum
2859 5415 2931 5467 sit
2953 5412 3287 5483 principium
3318 5412 3556 5475 dierum,
3587 5425 3699 5467 non

2118 5509 2331 5578 primus
2357 5524 2388 5562 a
2415 5508 2616 5579 Moyse,
2641 5507 2735 5562 sed
2762 5522 2902 5561 unus
2931 5507 3239 5576 appellatus
3285 5513 3392 5560 est.
3433 5524 3450 5555 ι
3471 5503 3700 5560 Factum

2117 5609 2223 5665 est,
2263 5600 2464 5669 inquit,
2494 5614 2725 5669 vespere
2767 5606 2822 5652 ct
2849 5613 3006 5674 mane
3032 5597 3154 5651 dies
3193 5613 3338 5652 unus
3373 5598 3460 5652 ":
3501 5616 3518 5650 ι
3576 5604 3700 5652 tan-

1717 5814 1952 5870 VARle
1998 5811 2401 5869 LECTIONES.

510 5917 547 5945 ω
571 5906 885 5978 ξιιμοῦντες.

967 5918 992 5945 υ
1018 5906 1260 5979 μνησθῶ..
