4026 6140
382 422 484 489 Si!)

1580 428 1638 487 ς.
1712 423 2106 483 ANASTASII
2161 423 2481 484 SlNAlT/ii

3543 417 3644 480 820

385 561 550 613 quam
597 545 690 615 qui
733 561 876 616 szepe
929 556 1199 611 recurrat,
1252 555 1305 599 et
1350 561 1489 600 unus
1539 546 1611 599 sit
1643 544 1787 598 idem
1819 554 1960 597 octa-

2089 542 2165 593 ιαὶ
2210 540 2310 608 μία
2368 542 2575 606 λοιπὸν,
2614 542 2645 609 ἡ
2689 539 2827 609 αὑτὴ
2867 538 2963 592 καὶ
2994 538 3157 608 ὀγδόη
3184 536 3286 608 τὴν
3317 537 3449 607 μίαν
3477 535 3648 598 ὅντως

387 654 509 703 vus,
548 650 719 691 unum
769 639 924 707 illum
962 639 1296 707 singularem
1338 654 1401 690 ac
1451 651 1644 690 verum
1684 647 1965 698 octavum,

388 732 545 800 cujus
584 727 872 784 I’salmista
922 728 1124 782 alicubi
1173 729 1229 781 in
1277 727 1510 782 Psalmis
1554 725 1827 787 meminit,
1870 738 1969 794 prr

389 838 447 879 se
501 823 841 891 srgniﬁcans,
895 821 1062 887 diem,
1117 822 1365 890 inquam,
1418 818 1784 889 post'horum
1832 826 1971 872 tem-

389 930 589 985 porum
647 922 851 970 statum
915 930 1198 985 nunquam
1247 912 1574 977 ﬁniendum,
1622 927 1688 966 ac
1727 924 1969 979 vesperze

390 1006 662 1070 nescium,
709 1022 813 1060 nec
856 1004 1162 1061 successori
1196 1004 1511 1066 cedentem,
1555 1002 1661 1057 hoc
1701 1010 1786 1057 est
1816 1009 1973 1055 teter—

390 1100 639 1163 nitatem,
679 1113 803 1169 quae
847 1113 951 1153 nec
982 1097 1145 1151 ﬁnem
1182 1096 1368 1156 habet,
1410 1110 1515 1149 nec
1549 1094 1764 1148 senium
1794 1093 1968 1147 novit.
2005 1117 2013 1124 -

391 1191 716 1248 Necessario
808 1190 978 1262 igitur
1009 1190 1063 1244 in
1105 1189 1209 1243 hoc
1238 1188 1329 1242 die
1355 1186 1599 1242 Ecclesia
1638 1201 1767 1240 suos
1795 1184 1971 1238 alum-

306 1298 313 1304 '
391 1301 491 1341 nos
513 1284 674 1339 docet
702 1289 913 1337 stantes
933 1280 1221 1337 absolvere
1250 1294 1444 1349 preces
1471 1292 1620 1340 suas,
1656 1282 1715 1330 ut
1749 1272 1972 1329 assidua

307 1364 316 1371 ’
394 1374 828 1431 eommonitione
867 1373 993 1426 vitae
1033 1371 1183 1426 illius
1232 1378 1514 1438 nunquam
1557 1367 1836 1427 desiturae,
1861 1377 1973 1417 non

394 1470 738 1542 negligamus
791 1466 858 1521 ad
894 1480 1015 1519 eam
1070 1463 1528 1533 demigrationem
1573 1471 1769 1527 parare
1816 1454 1977 1508 viati-

394 1577 539 1615 cum.
581 1559 726 1625 Quin
756 1567 812 1613 et
843 1565 1018 1611 totum
1054 1546 1273 1622 tempus
1295 1564 1468 1620 usque
1491 1548 1558 1601 ad
1588 1548 1973 1607 Pentecosten,

393 1653 697 1709 admonitio
746 1659 830 1706 est
858 1645 1291 1705 resurrectionis
1335 1658 1498 1713 quam
1546 1642 1601 1693 in
1647 1639 1740 1692 illo
1776 1636 1979 1692 saeculo

392 1750 796 1814 exspectamus.
829 1730 965 1796 Nam
999 1755 1142 1793 unus
1174 1738 1263 1791 ille
1296 1746 1351 1790 et
1381 1735 1594 1805 primus
1630 1731 1746 1785 dies
1777 1728 1980 1799 septies

2074 635 2160 689 ὲκι
2177 651 2293 705 ιθην
2323 636 2421 687 καὶ
2451 633 2708 703 ἀληθινὴν
2732 632 2943 702 ὀγδόην,
2966 627 3034 703 ἦς
3059 631 3156 684 καὶ
3181 631 3210 682 ὁ
3236 629 3397 683 Δαυῒδ
3426 628 3484 681 ἐν
3508 644 3650 680 τισιν

2074 726 2407 797 ἐπιγραφαῖς
2462 725 2575 778 τῶν
2637 723 2877 795 Ψαλμῶν
2920 721 3267 793 ἐπεμνήσθη.
3317 720 3384 774 δι’
3442 719 3650 788 ἑαυτῆς

2074 818 2452 888 ἐμφανίζουσα
2473 819 2573 889 τὴν
2591 817 2728 889 μετὰ
2749 816 2841 871 τὸν
2865 815 3055 886 χρόνον
3073 814 3266 869 τοῦτον
3289 812 3651 877 κατάστασιν,

2074 911 2173 981 τὴν
2188 911 2463 965 ἄπαυστον
2485 912 2517 980 ἡ
2528 909 2722 980 μέραν,
2745 890 3192 978 τῆν’ἀνέσπερον,
3216 905 3318 977 τὴν
3348 904 3650 972 ἁδιάδοχον,

2075 1005 2166 1057 τὸν
2196 1003 2433 1075 ἄληκτον
2465 1004 2672 1056 ἐκεῖνον
2713 1001 2807 1054 καὶ
2840 996 3037 1070 ἀγήρω
3068 998 3264 1052 αἰῶνα.
3306 995 3654 1064 Ἀναγκαίως

2076 1093 2171 1147 οὖν
2206 1093 2309 1156 τὰς
2342 1094 2399 1146 ἐν
2440 1093 2578 1163 αὐτῇ
2636 1089 2947 1160 προσευχὰς
2998 1087 3244 1150 ἑστῶτας
3298 1083 3657 1156 ἀποπληροῦν

2077 1188 2202 1248 τοὺς
2230 1185 2432 1254 ἑαυτῆς
2476 1181 2778 1253 τροφίμους
2827 1181 2861 1250 ἡ
2908 1177 3208 1249 Ἐκκλησία
3255 1176 3525 1242 παιδεύει,
3568 1176 3655 1229 ἵνα

2071 1281 2142 1349 ’τῇ
2177 1278 2393 1347 συνεχεῖ
2437 1276 2744 1345 ὑπομνήσει
2802 1272 2902 1342 τῆς
2946 1270 3313 1339 ἀτελευτήτου
3360 1269 3507 1337 ζωῆς
3530 1269 3656 1321 νεῶν

2080 1372 2216 1442 πρὸς
2258 1370 2360 1440 τὴν
2411 1367 2742 1438 μετάστασιν
2779 1366 2998 1434 ἐκείνην
3032 1363 3261 1432 ἐφοδίων
3319 1361 3396 1431 μὴ
3438 1358 3652 1431 ἀμελῶ-

2062 1481 2203 1534 ημεν.
2238 1463 2350 1516 Καὶ
2379 1462 2529 1514 πᾶσα
2566 1460 2623 1513 δε
2659 1461 2693 1530 ἡ
2722 1455 3072 1527 Πεντηκοστὴ
3102 1456 3204 1525 τῆς
3246 1454 3305 1507 ὲν
3364 1453 3442 1522 τῷ
3496 1452 3654 1505 αἰῶνι

2081 1555 2539 1627 προσδοκωμένης
2592 1549 2946 1613 ἀναστάσεως
3000 1550 3149 1601 ἐστιν
3198 1546 3525 1614 ὑπόμνημα.
3593 1542 3656 1593 ἸΙ

2081 1652 2189 1720 γὰρ
2225 1649 2324 1719 μία
2356 1646 2540 1717 ἐκείνη
2574 1646 2667 1698 καὶ
2685 1642 2878 1714 πρώτη
2898 1641 3084 1711 ἡμέρα
3115 1638 3347 1700 ἑπτάκις
3375 1635 3661 1689 ἑπταπλαο

2086 1740 2394 1802 σιασθεῖσα,
2425 1737 2525 1799 τὰς
2584 1733 2725 1788 ἑπτὰ
2749 1733 2849 1803 τῆς
2890 1732 3044 1802 ἱερᾶς
3082 1727 3469 1796 Πεντηκοστῆς
3505 1724 3660 1777 ἐϐδο-

393 1837 812 1909 multipiicatus,
847 1841 1058 1904 septem
1085 1847 1253 1887 sacra:
1285 1826 1639 1907 Pentecostes
1671 1824 1974 1879 hebdoma—

2089 1832 2256 1902 μάδας
2287 1828 2559 1883 ἀποτελεῖ.
2590 1828 2687 1880 Ἐκ
2730 1823 2953 1902 πρῴτης
2981 1822 3090 1892 γὰρ
3117 1819 3418 1891 ἀρχομένη,
3450 1818 3533 1879 εἰς
3559 1815 3662 1881 τὴν

393 1933 494 1985 das
541 1929 799 1985 absolvit.
852 1928 897 1982 A
934 1928 1114 1998 primo
1161 1926 1308 1980 enim
1355 1922 1627 1991 incipiens
1670 1921 1725 1972 in
1769 1916 1980 1988 princi—

392 2023 550 2105 pium
583 2021 810 2086 desinit,
846 2027 954 2074 etc.
980 2019 1211 2088 Insuper
1232 2017 1453 2086 quoties
1473 2027 1649 2084 genua
1681 2010 1976 2069 ﬂectimus.

394 2101 453 2169 et
479 2128 670 2169 rursus
700 2111 986 2183 erigimur,
1020 2111 1140 2179 ipso
1173 2109 1318 2162 facto
1346 2105 1692 2161 ostendimus
1723 2101 1868 2172 quod
1908 2101 1978 2155 ob

396 2218 684 2278 peccatum
730 2206 786 2260 iu
818 2213 1019 2258 terram
1059 2201 1266 2271 delapsi
1305 2213 1521 2263 sumus,
1568 2205 1627 2250 et
1658 2210 1756 2265 per
1783 2194 1979 2247 buma-

398 2302 625 2355 nitatem
678 2299 799 2370 ejus
836 2297 929 2365 qui
976 2294 1183 2349 creavit
1229 2307 1347 2357 nos,
1394 2290 1450 2342 in
1490 2289 1690 2343 coelum
1742 2283 1977 2339 revocati

398 2408 611 2448 sumus.

468 2482 699 2539 Deﬁciet
723 2496 811 2536 me
840 2479 981 2543 dies,
1017 2478 1061 2531 si
1100 2476 1357 2532 Ecclesia:
1390 2472 1647 2545 mysteria
1675 2470 1811 2525 citra
1845 2467 1982 2521 scri-

400 2584 554 2646 ptum
618 2574 821 2629 tradita
873 2585 1096 2642 pergam
1147 2582 1454 2623 recensere.
1512 2564 1717 2618 Omitto
1760 2568 1978 2623 caetera,

399 2671 575 2737 ipsam
626 2666 756 2721 ﬁdei
792 2662 1193 2735 professionem
1237 2657 1402 2731 Μή
1454 2670 1560 2726 qua
1607 2652 1887 2710 credimus
1925 2649 1978 2703 in

399 2762 642 2821 Patrem,
687 2766 744 2812 et
790 2756 1012 2818 Filium,
1060 2760 1115 2808 et
1148 2750 1419 2820 Spiritum
1472 2754 1745 2809 sanctum,
1791 2758 1822 2797 e
1862 2740 1984 2811 qui-

404 2855 509 2907 bus
550 2852 824 2905 habemus
854 2846 1117 2917 scriptis?
1150 2842 1370 2915 Etenim
1420 2842 1466 2895 si
1500 2839 1760 2909 quoniam
1790 2851 1859 2890 ex
1885 2834 1979 2888 ba-

404 2943 594 3015 ptismi
635 2934 951 3001 traditione,
1001 2940 1155 3008 iuxta
1198 2933 1418 3005 pietatis
1447 2930 1890 3002 congruentiam,
1926 2936 1984 2980 ut

404 3036 770 3105 baptizamur,
824 3034 898 3087 ita
943 3033 1171 3087 credere
1216 3028 1508 3088 debemus,
1542 3023 1779 3088 similem
1807 3020 1984 3091 bapti-

2078 1925 2248 1993 αὐτὴν
2289 1921 2611 1991 καταλήγει.
2654 1918 2766 1973 Καὶ
2800 1914 2925 1969 καθ’
2955 1915 3194 1982 ἑκάστην
3224 1911 3280 1963 δὲ
3310 1909 3661 1978 γονυκλισίαν

2081 2017 2174 2069 καὶ
2198 2014 2545 2067 διανάστασιν
2591 2010 2737 2079 ἔργῳ
2787 2007 3100 2076 δείκνυμεν,
3148 2004 3226 2057 ὅτι
3286 2002 3383 2056 καὶ
3421 2000 3511 2053 διὰ
3559 2001 3656 2068 τῆς

2079 2106 2354 2177 ἁμαρτίας
2390 2106 2470 2165 εἰς
2502 2102 2608 2171 γῆν
2643 2098 3050 2170 κατερῥύημεν,
3086 2095 3183 2148 καὶ
3219 2093 3308 2147 διὰ
3332 2093 3432 2163 τῆς
3464 2088 3657 2159 φιλαν-

2081 2198 2330 2269 Ορωπίας
2359 2196 2453 2248 τοῦ
2496 2194 2788 2255 κτίσαντος
2817 2191 2964 2261 ἡμᾶς
2996 2190 3076 2252 εἰς
3106 2186 3335 2258 οὐρανὸν
3364 2181 3667 2254 ἀνεκλήθη-

2086 2310 2205 2362 μεν.

2098 2490 2103 2496 ’
2168 2462 2466 2547 Ἐπιλείψει
2519 2491 2585 2544 με
2635 2473 2667 2544 ή
2713 2472 2895 2543 ἡμέρα
2933 2470 3000 2523 τὰ
3034 2468 3260 2538 ἄγραφα
3289 2464 3389 2533 τῆς
3430 2460 3657 2529 Ἐκκλη-

2086 2573 2207 2634 σίας
2243 2560 2519 2641 μυστήρια
2547 2564 2929 2637 διηγούμενον.
2968 2561 3074 2615 Ἐῶ
3099 2562 3166 2612 τὰ
3195 2558 3328 2612 ἄλλα
3349 2574 3361 2586 ·
3406 2554 3575 2623 αὐτὴν
3602 2552 3659 2602 δὲ

2068 2665 2182 2732 τὴν
2211 2662 2506 2734 ὁμολογίαν
2540 2658 2638 2726 τῆς
2671 2657 2929 2717 πίστεως
2967 2651 3245 2706 πιστεύειν
3291 2651 3369 2711 εἰς
3416 2646 3660 2714 Πατέρα,

2084 2752 2231 2818 Υίὺν,
2251 2733 2365 2803 καὶ
2395 2750 2551 2817 ὅιγιον
2579 2744 2831 2814 Πνεῦμα,
2864 2746 2928 2796 ἐκ
2961 2742 3135 2794 ποίων
3159 2737 3509 2810 γραμμάτων
3541 2733 3663 2804 έχο-

2090 2862 2223 2916 μεν;
2258 2844 2323 2898 Εἰ
2357 2842 2456 2912 μὲν
2494 2841 2558 2893 ὲκ
2603 2841 2703 2908 τῆς
2736 2837 2832 2889 τοῦ
2876 2833 3253 2904 βαπτίσματος
3284 2827 3665 2898 παραδόσεως,

2087 2937 2230 2991 κατὰ
2259 2936 2321 2987 τὸ
2344 2933 2439 3003 τῆς
2471 2929 2758 2991 εὐσεϐείας
2795 2926 3119 2997 μυστήριον,
3153 2921 3229 2984 ὡς
3263 2916 3667 2990 βαπτιζόμεοα,

2087 3030 2260 3091 οὕτως
2293 3028 2391 3080 καὶ
2441 3023 2722 3077 πιστεύειν
2767 3018 3100 3089 ὀφείλοντες,
3138 3014 3332 3086 ὁμοίαν
3361 3011 3440 3081 τῷ
3472 3009 3672 3080 βαπτί-

404 3144 525 3183 smo
557 3126 961 3198 professionem
997 3122 1345 3184 exhibemus,
1378 3116 1686 3173 concedant
1733 3113 1897 3168 nobis
1924 3122 1986 3166 ut

2093 3136 2259 3190 σματι
2291 3117 2392 3186 τὴν
2424 3113 2717 3186 ὁμολογίαν
2748 3107 3158 3178 κατατιθέμεθα
3179 3121 3191 3135 ·
3228 3102 3674 3173 συγχωρησάτω-

399 3224 556 3290 juxta
607 3215 860 3272 eamdem
902 3213 1356 3281 consequentiam
1405 3208 1662 3263 similiter
1708 3203 1985 3276 gloriﬁce-

408 3326 533 3365 mus
571 3310 770 3373 Deum,
804 3314 867 3360 ut
895 3304 1193 3360 credimus.
1223 3301 1380 3367 Quod
1411 3300 1455 3355 si
1490 3296 1836 3369 gloriﬁcandi
1868 3310 1988 3349 mo-

407 3405 539 3458 dum
559 3401 731 3457 veluti
757 3400 968 3468 scripto
988 3412 1097 3451 non
1120 3395 1383 3450 traditum
1404 3392 1683 3462 rejiciunt,
1710 3388 1991 3458 proferant

408 3494 572 3549 nobis
610 3501 668 3548 et
726 3490 853 3548 ﬁdei
913 3486 1313 3559 professionis,
1358 3493 1414 3538 et
1463 3491 1792 3538 caaterorum
1870 3495 1992 3547 qua:

409 3597 932 3645 commemoramus,
984 3579 1367 3650 probationem
1418 3593 1448 3631 e
1495 3575 1819 3645 Scripturis.
1850 3570 1990 3626 illud

412 3678 655 3733 dicimus
684 3695 698 3730 :
725 3675 783 3730 Si
813 3675 950 3728 nihil
977 3672 1129 3727 aliud
1171 3681 1258 3725 est
1295 3679 1583 3737 receptum
1608 3668 1816 3735 absque
1849 3663 1994 3717 Scri—

408 3768 622 3838 pturis,
687 3780 758 3819 ne
805 3765 912 3819 hoc
959 3761 1183 3832 quidem
1234 3759 1556 3828 recipiatur.
1611 3756 1707 3811 Sin
1757 3753 1992 3824 plurima

409 3874 613 3918 arcana
651 3857 790 3913 citra
841 3856 1109 3925 scriptum
1165 3859 1385 3920 recepta
1432 3859 1560 3903 sunt
1620 3846 1804 3911 nobis,
1867 3860 1992 3899 cum

411 3952 537 4009 aliis
585 3950 833 4017 pluribus
873 3958 930 4003 et
970 3942 1076 4002 h'oc
1122 3944 1471 4013 recipiamus.
1522 3939 1779 3994 Arbitror
1810 3944 1993 3991 autem

412 4044 778 4115 apostolicum
815 4056 935 4097 esse
980 4040 1148 4094 etiam
1193 4051 1302 4090 non
1340 4033 1563 4103 scriptis
1602 4027 1996 4084 traditionibus

415 4138 705 4193 inhaerere.
744 4155 761 4187 ι
793 4135 1003 4198 Laudo,
1052 4131 1253 4201 inquit,
1314 4144 1431 4191 vos,
1474 4125 1623 4196 quod
1658 4122 1840 4177 omnia
1876 4134 1993 4174 mea

416 4232 762 4296 meministis,
810 4237 867 4284 et
900 4223 1363 4297 quemadmodum
1414 4218 1615 4274 tradidi
1666 4215 1844 4278 vobis,
1891 4222 1998 4267 tra-

386 4328 655 4382 .diliones
697 4322 987 4385 obtinetis,
1015 4334 1154 4388 quas
1190 4314 1478 4385 accepistis
1518 4313 1634 4367 sive
1666 4325 1763 4378 per
1790 4318 1999 4362 sermo-

416 4435 545 4475 nem
598 4419 715 4473 sive
768 4431 870 4485 per
914 4412 1204 4483 epistolam
1252 4410 1317 4461 °°.
1355 4428 1371 4457 ›
1423 4431 1429 4437 ·

642 4529 895 4600 Ejusdem
942 4542 1003 4579 ex
1049 4525 1177 4577 libro
1219 4524 1281 4575 de
1327 4519 1528 4591 Spiritu
1576 4527 1778 4571 sancto.

487 4622 658 4675 Vetus
706 4618 1121 4673 Testamentum
1171 4612 1347 4681 palam
1389 4607 1708 4679 praedicavit
1745 4606 1999 4667 Patrem;

419 4715 619 4769 Filium
641 4726 774 4767 vero
795 4708 1117 4772 obscurius;
1153 4719 1315 4774 quem
1339 4702 1552 4756 Novum
1586 4699 2003 4753 Testamentum

422 4801 817 4865 manifestavit,
862 4809 917 4855 et
957 4797 1197 4867 Spiritus
1237 4792 1410 4848 sancti
1444 4790 1787 4846 divinitatem
1819 4794 2003 4840 osten-

422 4898 523 4951 dit.
548 4894 667 4950 Non
700 4893 847 4948 enim
870 4899 1048 4945 tutum
1077 4897 1216 4949 erat,
1248 4884 1426 4941 Patris
1453 4882 1741 4936 divinitate
1768 4880 2001 4933 necdum

425 4988 646 5058 penitus
664 4999 925 5041 concessa
948 4991 1004 5036 ct
1030 4980 1333 5049 propitiata,
1364 4976 1432 5030 de
1459 4973 1597 5029 Fiiio
1620 4984 1809 5043 aperte
1836 4971 2001 5026 verba

424 5082 607 5135 facere
634 5097 647 5132 :
673 5093 777 5133 nec
800 5075 921 5131 Filii
954 5074 1245 5129 divinitate
1276 5069 1521 5124 nondum
1548 5077 1764 5136 recepta
1796 5073 1849 5117 et
1876 5078 2002 5133 pro—

425 5174 688 5243 mulgata,
743 5169 978 5223 multum
1020 5166 1088 5221 de
1134 5164 1343 5235 Spiritu
1391 5169 1602 5223 sancto,
1644 5169 1708 5213 ut
1737 5156 2004 5212 audacius

425 5266 635 5338 aliquid
696 5264 907 5327 dicam,
962 5260 1248 5321 laborare,
1298 5271 1387 5320 ne,
1440 5242 1847 5324 qttod‘accidt't
1901 5248 2009 5303 illis

426 5359 520 5429 qui
549 5357 762 5412 deliciis
806 5370 970 5424 supra
999 5352 1146 5405 vires
1189 5355 1503 5419 gravantur,
1554 5345 1606 5397 in
1641 5344 1821 5398 lucem
1863 5341 2006 5395 sola-

426 5466 543 5505 rem
574 5449 812 5505 debilius
834 5447 1024 5501 oculos
1061 5442 1419 5514 conjicerent,
1444 5440 1624 5508 deque
1646 5445 1755 5489 tota
1787 5432 2040 5488 videndi'

429 5543 690 5597 tacultate
741 5540 1213 5610 periclitarentur.
1267 5534 1539 5590 Caeterum
1580 5525 2011 5600 pauicularibus

430 5633 843 5695 additamentis,
887 5640 972 5695 et,
1031 5639 1088 5683 ut
1137 5627 1306 5683 David
1364 5622 1659 5693 appeiiarit
1703 5621 1769 5681 ⁸⁸,
1820 5633 2011 5673 ascen.

432 5723 686 5777 sionibus
721 5736 778 5777 et
827 5740 893 5777 ex
946 5723 1119 5791 gloria
1159 5720 1211 5772 in
1254 5718 1481 5786 gloriam
1531 5710 2012 5782 progressionibus

438 5828 483 5869 tt
514 5815 852 5881 profectibus
872 5816 1054 5866 lumen
1081 5809 1369 5864 Trinitatis
1394 5805 1788 5860 iilustrioriltus
1814 5802 2008 5857 illuxit.
2055 5826 2063 5833 -

502 5924 543 5952 "’
581 5926 617 5980 ii
662 5926 851 5980 Thess.
890 5945 941 5990 ιι,
977 5928 1055 5979 ii.
1140 5928 1175 5951 θ’
1208 5926 1327 5980 Psal
1384 5940 1593 5989 mauu,
1623 5928 1671 5974 li.

2094 3229 2193 3265 σαν
2215 3213 2349 3282 ἡμῖν
2384 3210 2448 3261 ὲκ
2478 3208 2578 3277 τῆς
2611 3202 2939 3265 ἀκολουθίας
2970 3200 3162 3271 ὁμοίαν
3212 3199 3278 3267 τῇ
3333 3197 3517 3250 πίστει
3568 3194 3674 3263 τὴν

2090 3305 2248 3370 δόξαν
2282 3303 2613 3358 ἀποδιδόναι.
2648 3301 2712 3353 Εἰ
2755 3298 2812 3350 δὲ
2858 3297 3060 3368 τρόπον
3098 3294 3199 3362 τῆς
3247 3288 3557 3357 δοξολογξας
3596 3285 3678 3346 ὡς

2093 3400 2341 3470 ἄγραφον
2364 3392 2771 3466 παρωθοῦνται,
2808 3388 3052 3441 δότωσαν
3095 3385 3228 3455 ἡμῖν
3269 3382 3373 3450 τῆς
3416 3397 3477 3432 τε
3529 3375 3677 3430 κατὰ

2093 3493 2194 3561 τὴν
2226 3490 2409 3549 πίστιν
2438 3483 2753 3555 ὁμολογίαν,
2787 3482 2882 3535 καὶ
2912 3479 3022 3531 τῶν
3057 3474 3288 3537 λοιπῶν,
3322 3467 3395 3529 ὧν
3422 3469 3636 3540 ἀπηριῆ
3656 3497 3678 3506 -

2068 3614 2073 3619 ο
2100 3580 2421 3653 μησάμεοα,
2455 3578 2768 3646 ἐγγράφους
2794 3573 2894 3635 τὰς
2919 3569 3248 3632 ἀποδείξεις.
3281 3568 3489 3619 Ἐκεῖνο
3516 3563 3679 3629 λέγο-

2101 3690 2236 3741 μεν,
2270 3672 2350 3724 ὅτι
2413 3671 2461 3721 εἰ
2507 3667 2673 3738 μηδὲν
2730 3663 2918 3734 ἕτερον
2983 3663 3269 3732 ἄγραφον,
3324 3656 3461 3728 μηδὲ
3518 3653 3681 3707 τοῦτο

2098 3760 2518 3833 παραδεχθήτω.
2542 3758 2606 3809 Εἰ
2629 3756 2686 3809 δὲ
2714 3755 2783 3809 τὰ
2810 3753 3039 3806 πλεῖστα
3067 3751 3176 3803 τῶν
3206 3747 3487 3820 μυστικῶν
3511 3745 3682 3816 ἀγρά·

2099 3871 2211 3923 φως
2245 3854 2377 3923 ἡμῖν
2406 3847 2847 3921 ἐμπολιτεὺεται,
2894 3844 3034 3916 μετὰ
3083 3841 3297 3896 πολλῶν
3343 3841 3548 3911 ἑτέρων
3586 3838 3683 3891 καὶ

2098 3946 2254 4000 τοῦτο
2284 3941 2715 4012 κατεδεξάμεθα.
2750 3935 3140 3992 Ἀποστολικὺν
3181 3935 3238 3988 δὲ
3287 3930 3442 4003 οἶμαι
3492 3933 3589 3984 καλ.
3621 3932 3685 3984 τδ

2099 4040 2216 4107 ταῖς
2246 4035 2521 4105 ἀγράφοις
2573 4031 2910 4103 παραδόσεσι
2962 4028 3327 4098 παραμένειν.
3368 4045 3386 4077 ι
3436 4024 3686 4077 Ἐπαινῶ

2101 4132 2231 4199 γὰρ,
2267 4127 2456 4196 φησὶν,
2506 4125 2671 4192 ὑμᾶς,
2720 4123 2803 4174 ὅτι
2857 4120 3038 4173 πάντα
3081 4136 3182 4189 μου
3250 4116 3552 4188 μέμνησθε,
3587 4117 3688 4169 καὶ

2102 4220 2286 4283 καθὼς
2319 4204 2613 4288 παρέδωκα
2648 4215 2778 4284 ὑμῖν
2810 4212 2910 4273 τὰς
2964 4209 3314 4280 παραδόσεις,
3346 4208 3412 4271 ἃς
3442 4206 3688 4276 παρελά-

2104 4314 2251 4374 6ετε,
2286 4310 2395 4363 εἴτε
2420 4309 2509 4362 διὰ
2542 4307 2725 4374 λόγου,
2760 4300 2869 4357 εἴτε
2898 4303 2967 4356 δι’
3002 4301 3313 4370 ἐπιστολῆς.
3352 4321 3370 4352 ι

2030 4490 2080 4549 D
2165 4516 2275 4571 Τοῦ
2304 4515 2490 4570 αὐτοῦ
2519 4516 2587 4568 ἐκ
2618 4513 2720 4567 τοῦ
2758 4508 2887 4579 περὶ
2924 4509 3029 4564 τοῦ
3054 4508 3226 4577 ἁγίου
3258 4507 3623 4573 Πνεύματος.

2190 4609 2495 4678 Ἐκὴρυσσε
2532 4603 2786 4674 φανερῶς
2826 4605 2860 4673 ὴ
2915 4599 3132 4655 Παλαιὰ
3178 4599 3269 4650 τὸν
3305 4596 3559 4665 Πατέρα·
3598 4594 3693 4647 τὸν

2105 4705 2161 4757 δὲ
2192 4700 2584 4772 ἀμυδρῦτερον,
2615 4697 2961 4767 ἐφανέρωσεν
2992 4697 3025 4765 ἡ
3075 4693 3252 4759 Καινὴ
3283 4678 3371 4742 τὸν
3401 4686 3547 4742 Ti)”.
3584 4687 3692 4738 ὑπο

2109 4793 2280 4859 ἐδειξε
2306 4790 2401 4843 τοῦ
2428 4789 2748 4858 Πνεύματος
2771 4788 2869 4856 τὴν
2897 4787 3148 4856 Οεὸτητα.
3176 4785 3246 4835 Οἱ.
3282 4782 3387 4849 γὰρ
3415 4775 3483 4850 ἦν
3512 4781 3696 4846 ἀσφα-

2110 4886 2218 4949 λὲς,
2259 4884 2426 4957 μήπω
2458 4882 2558 4951 τῆς
2587 4880 2682 4934 τοῦ
2708 4879 2922 4950 [ἰατρὸς
2948 4878 3202 4946 θεότητος
3235 4870 3693 4941 ὁμολογηοεὶτης,

2110 4977 2202 5027 τὸν
2230 4973 2341 5026 υἱὸν
2375 4971 2616 5040 ἐκδήλως
2665 4967 3070 5039 κηρύττεεονυ
3119 4964 3249 5034 μηδὲ
3300 4962 3398 5028 τῆς
3430 4960 3524 5012 τοῦ
3562 4957 3695 5010 Tir»;

2111 5062 2549 5135 παραδεχθείσης
2582 5061 2643 5113 τὸ
2695 5060 2851 5128 ἆγιον
2892 5056 3142 5127 Πνεῦμα,
3190 5055 3254 5106 ἵν’
3311 5053 3448 5105 εἴπω
3498 5068 3550 5102 τι
3599 5050 3695 5101 καὶ

2112 5156 2534 5228 τολμηρότερον,
2564 5151 3015 5224 ὲπιφορτίξεσθαι
3039 5167 3051 5179 ο
3087 5150 3162 5219 μὴ
3226 5145 3482 5213 καθάπερ
3511 5142 3698 5213 τρυφῇ

2115 5253 2182 5320 τῇ
2212 5251 2351 5302 ὑπίο
2388 5247 2616 5317 δύναμιν
2646 5244 2995 5315 βαρυθέντες,
3025 5243 3120 5295 καὶ⁸
3170 5238 3385 5310 ἡλιακῷ
3426 5236 3569 5306 φωτὶ
3599 5251 3702 5287 σα-

2115 5343 2377 5415 ϐροτέραν
2409 5341 2490 5395 ἔτι
2521 5338 2921 5409 προσϐαλόντες
2947 5337 3046 5407 τὴν
3072 5335 3214 5404 ὄψιν,
3240 5334 3332 5387 καὶ
3353 5332 3434 5394 εἰς
3464 5329 3525 5381 τὸ
3558 5326 3704 5381 κατὰ

2116 5437 2346 5506 δύναμιν
2372 5434 2796 5488 κινδυνεύσωσι·
2831 5434 2951 5495 ταῖς
2982 5431 3038 5484 δὲ
3070 5428 3213 5483 κατὰ
3247 5427 3414 5498 μέρος
3448 5420 3703 5493 προσθή-

2119 5545 2243 5589 καις
2270 5569 2285 5594 ,
2322 5527 2416 5580 καὶ
2447 5525 2523 5589 ὡς
2548 5522 2672 5578 εἷπε
2700 5524 2883 5590 Δαυῖδ,
2930 5521 3254 5585 ἁναόἀσεσι,
3299 5517 3396 5571 καὶ
3430 5517 3510 5577 εἰς
3539 5513 3705 5577 δόξαν

2123 5620 2377 5690 προόδοις
2419 5619 2515 5672 καὶ
2570 5619 2898 5688 προκοπαῖς,
2948 5619 3008 5667 τὸ
3037 5615 3135 5685 τῆς
3166 5610 3399 5681 Τριὰδος
3440 5607 3556 5677 φῶς
3609 5608 3705 5658 ἐκ·

2128 5712 2334 5782 Ἀρέα
2362 5714 2474 5774 τοῖς
2506 5711 2606 5781 λαμ
2623 5709 2930 5781 προτέροις.
