4026 6140
808 242 823 273 Ι

348 401 447 467 821

1728 409 2241 483 ΟυιΕΞΤΙΟΝΕΞ.

3503 398 3612 461 822

349 515 467 572 Τοῦ
506 515 696 592 αὐτοῦ
724 517 794 592 ἐκ
826 517 936 592 τοῦ
962 517 1122 592 πρὸς
1147 519 1482 592 Εὔϐουλον,
1512 519 1662 592 πῶς,
1697 522 1732 574 δ
1793 519 1928 585 Υἱὸς

2059 518 2285 592 Ejusdem
2327 514 2397 569 ad
2432 511 2721 577 Eubulum,
2754 509 3031 592 _quomodo
3079 506 3302 562 Verbum
3343 502 3427 562 θέτ’
3458 505 3616 562 Patre

549 587 651 641 καὶ
682 588 877 659 Λόγος
908 588 976 642 ἐκ
1018 589 1125 644 τοῦ
1153 591 1384 659 Πατρός
1415 589 1733 660 ἐγεννήθη.

422 704 634 774 Ὥσπερ
667 701 777 772 γὰρ
825 704 854 756 6
884 702 1159 774 ἡμέτερος
1185 702 1345 772 λόγος
1368 702 1430 756 τὸ
1463 703 1668 773 ἀφανὲς
1698 701 1798 771 τῆς
1824 702 1928 772 ψυ-

350 797 455 869 κῆς
484 795 872 867 βουλευτήριον
921 797 1003 858 εἰς
1049 794 1167 864 φῶς
1220 795 1544 867 προσφέρει,
1584 794 1728 849 οὕτω
1768 796 1866 849 καὶ
1903 797 1932 849 6

332 889 480 951 Υἱὸς
507 887 601 941 καὶ
630 886 803 955 Λόγος
830 884 946 962 τοῦ.
967 884 1105 939 Θεοῦ
1137 885 1200 940 sb
1234 886 1728 958 ἀποκεκρυμμένον
1757 888 1814 940 ὲν
1853 886 1932 958 τῷ

353 978 533 1050 llath
560 978 669 1049 πρὸ
708 977 922 1032 αίὼνων
958 979 1260 1050 μυστήριον
1297 981 1363 1050 τῇ
1400 978 1695 1051 οἰκουμένῃ
1741 979 1934 1049 ἐφανέ-

354 1089 520 1143 ρωσε.
547 1071 661 1125 Καὶ
683 1069 876 1140 ῶσπερ
918 1072 948 1124 6
982 1069 1138 1139 λόγος
1166 1068 1394 1140 προϊὼν,
1421 1070 1542 1125 οὐδὲ
1574 1070 1669 1124 τὸν
1705 1070 1933 1139 λέγοντα

354 1166 555 1235 γυμνοτ
599 1162 820 1216 καὶτὸν
863 1162 1137 1218 ἀκούοντα
1168 1161 1389 1234 πληροίο
1441 1161 1661 1234 ἔρχεται
1710 1161 1821 1234 γὰρ
1853 1163 1933 1226 είς

354 1257 449 1310 τὸν
487 1255 762 1309 ἀκούοντα
797 1254 896 1309 οὐκ
947 1254 1318 1325 ἀφιστάμενος
1347 1253 1443 1308 τοῦ
1475 1254 1757 1323 λέγοντος·
1790 1252 1936 1329 οὕτω

358 1349 451 1402 καὶ
482 1351 511 1402 6
553 1347 690 1403 Θεοῦ
725 1347 900 1416 Λόγος
927 1345 1004 1401 ὢν
1031 1350 1089 1403 ὲν
1120 1346 1200 1418 τῷ
1227 1348 1424 1418 Πατρὶ,
1459 1345 1591 1419 ἦλθε
1618 1347 1756 1417 πρὸς
1789 1348 1936 1417 ἡμᾶς

360 1432 569 1513 σαρκί·’
610 1439 736 1493 οὔτε
765 1438 861 1493 τοῦ
902 1439 1119 1511 Πατρδς
1162 1438 1456 1510 χωρισθεὶς
1483 1439 1572 1493 διά
1618 1438 1717 1510 τὴν
1748 1438 1934 1507 φύσιν,

360 1535 456 1587 καὶ
483 1535 616 1605 ἡμῖν
660 1530 880 1596 ένωθεὶς
905 1530 995 1585 διὰ
1024 1531 1126 1602 τὴν
1167 1531 1353 1602 χάριν,
1386 1531 1519 1595 Θεὸς
1548 1529 1624 1584 ὢν
1647 1532 1714 1601 τῇ
1752 1529 1935 1599 φύσει,

2645 583 2883 655 genitum
2915 581 3003 635 sit.

2100 700 2537 770 Quemamodum
2583 695 2819 753 verbum
2857 699 3110 748 nostrum
3157 677 3395 746 obscura
3432 694 3490 742 et
3526 702 3618 742 ar-

2033 813 2168 854 cana
2209 797 2411 850 mentis
2459 790 2693 847 consilia
2740 789 2799 844 in
2840 789 3018 843 lucem
3066 783 3298 856 profert,
3338 781 3418 838 sic
3443 780 3621 840 Filius

2033 900 2089 948 et
2129 884 2503 965 Verbum‘Dei
2531 881 2917 940 absconditum
2954 880 3013 934 in
3041 879 3203 952 Patre
3242 885 3374 933 ante
3418 875 3620 932 saecula

2033 983 2359 1056 mysterium
2402 978 2523 1036 orbi
2568 984 2840 1033 terrarum
2867 971 3149 1045 patefecit.
3192 970 3259 1027 Et
3296 968 3463 1026 sicuti
3499 984 3623 1027 ver-

2032 1076 2187 1138 bum,
2247 1070 2470 1143 quando
2509 1066 2813 1138 profertur,
2850 1064 3174 1134 loquentem
3210 1076 3323 1117 non
3353 1059 3619 1121 denudat,

2035 1172 2092 1220 et
2130 1171 2316 1218 tamen
2374 1156 2652 1215 auditoris
2689 1170 2852 1212 aures
2889 1152 3100 1224 implet,
3146 1151 3299 1207 venit
3348 1151 3501 1207 enim
3552 1150 3621 1211 ad

2037 1242 2367 1319 auditorem,
2411 1266 2522 1307 non
2566 1246 2875 1306 abscedens
2905 1246 2974 1302 ab
3003 1261 3071 1301 eo
3101 1246 3198 1316 qui
3229 1244 3480 1314 loquitur
3511 1243 3640 1296 :ita.

2038 1351 2205 1406 etiam
2243 1347 2341 1403 Dei
2385 1344 2650 1407 Verbum,
2700 1339 2851 1412 quod
2884 1347 2970 1395 est
3028 1337 3099 1394 in.
3121 1337 3305 1403 Patre,
3351 1335 3505 1392 venit
3554 1332 3621 1389 ad

2038 1455 2142 1496 nos
2182 1439 2239 1493 in
2278 1452 2464 1503 carne,
2512 1450 2616 1491 nec
2652 1438 2968 1503 separatum
3002 1437 3089 1486 est
3115 1444 3145 1483 a
3182 1429 3344 1485 Patre
3396 1434 3625 1498 propter

2039 1541 2317 1597 naturam,
2366 1529 2530 1585 nobis
2578 1536 2765 1583 tamen
2810 1524 3171 1596 conjunctum
3224 1530 3452 1593 propter
3498 1537 3624 1592 gra-

360 1604 534 1694 Λόγος
582 1626 641 1678 δὲ
680 1624 781 1695 τὴν
829 1624 1242 1696 προσωνυμίαν.
1287 1624 1503 1696 Ὠσπερ
1540 1624 1650 1695 γὰρ
1685 1624 1940 1693 Ἰωάννης

2059 1624 2196 1688 .iam,
2221 1604 2667 1675 Deus'exsistens
2694 1622 2914 1681 natura,
2948 1611 3187 1668 Verbum
3215 1626 3350 1666 vero
3379 1610 3626 1681 appella-

359 1718 649 1788 ἅνθρωπος
680 1717 756 1771 ὢν
780 1719 847 1787 τῇ
872 1715 1054 1785 φύσει,
1082 1714 1232 1785 φωνὴ
1260 1714 1440 1786 βοῶσα
1476 1713 1682 1786 ἐκλήθη
1713 1723 1734 1745 °
1771 1713 1861 1773 διά
1880 1712 1941 1767 τὸ

2059 1714 2216 1770 .ione.
2262 1706 2741 1778 Quemadmodum
2778 1704 2928 1762 enim
2979 1696 3249 1769 Joannes,
3286 1701 3384 1773 qui
3428 1708 3628 1757 natura

362 1808 572 1872 ἀπαθὲς
599 1808 701 1878 τῆς
725 1806 961 1878 φύσεως.
1001 1826 1020 1859 ι
1060 1807 1151 1860 Ἐν
1186 1808 1328 1879 ἀρχῇ
1369 1802 1439 1878 ἦν
1481 1808 1510 1859 6
1542 1808 1736 1875 Λόγος,
1770 1825 1793 1859 ι
1823 1805 1939 1860 ἀλλ’

2059 1819 2211 1861 nomo
2237 1811 2380 1870 erat,
2408 1800 2717 1872 appellatus
2738 1807 2825 1854 est
2848 1812 2958 1852 vox
2990 1796 3236 1875 clamans
3260 1788 3376 1848 θ’..έ
3400 1800 3629 1864 propter

362 1899 426 1953 οὐ
463 1898 624 1967 λόγος
657 1872 1040 1959 ’ἀνυπόστατος
1064 1911 1078 1926 ⁸
1113 1897 1163 1949 oi
1478 1872 1942 1968 diiotnpoordy-

2059 1895 2547 1967 ,Inpassibilitatem
2578 1889 2741 1963 445
2767 1896 2984 1944 natura:
3013 1905 3027 1942 :
3058 1905 3077 1939 ι
3102 1872 3166 1941 ln
3200 1884 3476 1957 principio
3508 1891 3629 1939 erat

366 2006 514 2061 ματα
550 1990 645 2069 καί
685 1986 1037 2056 δικαιώματα
1078 1988 1412 2059 τυγχάνουσι
1460 1987 1619 2042 Θεοῦ.
1658 1988 1716 2042 '0
1761 1988 1817 2041 δὲ
1846 2004 1943 2058 μο-

2059 1989 2287 2048 Verbum
2336 1987 2403 2053 ⁸³,
2435 2005 2453 2038 ι
2494 1983 2595 2042 sed
2639 1982 2883 2041 Verbum
2928 1979 3266 2045 subsistens;
3323 1977 3431 2032 alia
3478 1975 3627 2032 enim

364 2085 590 2154 νογενὴς
619 2081 751 2145 Υίδς
766 2080 941 2150 Λόγος
964 2081 1136 2146 ἐστὶν,
1161 2081 1224 2134 ού
1252 2079 1550 2144 συλλαϐαῖς
1578 2081 1671 2133 καὶ
1701 2079 1944 2151 ῥήμασιν

2059 2083 2210 2140 verba
2254 2089 2385 2138 sunt
2416 2077 2675 2134 mandata
2707 2084 2763 2131 et
2786 2072 3213 2147 iustificationes
3249 2071 3370 2127 Dei.
3408 2069 3476 2126 At
3506 2069 3631 2125 uni-

364 2178 612 2247 ἑκφωνού
621 2194 803 2243 μενος,
832 2174 973 2231 ἀλλά
999 2175 1172 2245 Λόγος
1196 2174 1356 2244 λόγον
1394 2173 1537 2245 ζωῆς
1563 2172 1939 2245 χαριζόμενος.

2059 2175 2267 2249 genitus
2310 2172 2488 2228 Filius
2535 2168 2781 2227 Verbum
2810 2175 2918 2233 est,
2940 2181 3053 2235 non
3082 2161 3305 2235 syllabis
3342 2171 3399 2217 et
3426 2161 3629 2217 dictio—

362 2271 503 2338 Φησὶ
526 2269 658 2338 γάρ’
694 2286 713 2321 t
748 2268 816 2323 Εἴ
833 2284 919 2333 τις
947 2266 1136 2323 ἀκούει
1176 2284 1280 2339 μου
1308 2266 1399 2321 τὸν
1444 2267 1618 2338 λόγον,
1652 2265 1765 2337 ἔχει
1800 2264 1943 2336 ζωὴν

2059 2267 2211 2324 nibus
2237 2264 2536 2337 prolatum,
2562 2260 2659 2317 sed
2691 2252 2955 2325 Verbum,
2991 2254 3140 2329 quod
3166 2255 3336 2310 vitam
3364 2252 3630 2325 suppedi-

365 2362 605 2417 αἰώνιον.
639 2380 657 2413 ι
744 2380 775 2391 -

2059 2368 2125 2416 Lat
2154 2378 2165 2412 :
2201 2378 2219 2411 ι
2252 2358 2309 2413 Si
2335 2356 2466 2427 quis
2500 2366 2813 2411 sermonem
2848 2365 3031 2406 meum
3060 2346 3235 2415 audit,
3269 2345 3437 2402 habet
3462 2346 3629 2402 vitam

2045 2463 2307 2510 aeternam
2351 2449 2418 2504 “.
2457 2468 2476 2501 ι

441 2561 555 2615 Τοῦ
579 2560 768 2615 αὐτοῦ
796 2537 1007 2615 ἐνίτοῦ
1037 2559 1189 2629 πρὸς
1240 2559 1539 2630 Εὐάγριοδ·
1573 2559 1869 2629 μοναχόν.

2286 2565 2541 2638 Ejusdem
2584 2564 2656 2620 ad
2707 2562 3002 2634 Euagrium
3052 2560 3392 2615 monachum.

443 2656 540 2707 Ὃν
573 2652 777 2725 τρόπον
822 2652 880 2706 δὲ
940 2654 968 2705 6
1019 2651 1355 2723 προφορικὺς
1414 2650 1573 2720 λόγος
1638 2650 1946 2720 ἀδιαίρετος

2118 2658 2596 2730 Quemadmodum
2651 2671 2836 2715 sermo
2878 2655 2975 2726 qui
3023 2653 3308 2725 profertur
3358 2649 3633 2706 indiviso:

369 2743 472 2815 μέν
515 2746 633 2798 ἐστι
676 2743 775 2814 τῆς
817 2741 1342 2814 προσενεγκαμένης
1404 2741 1608 2813 ψυχῆς,
1673 2742 1766 2795 καὶ
1826 2742 1947 2804 ταῖς

2059 2764 2133 2812 est
2163 2756 2232 2811 ab
2268 2754 2450 2810 anima
2484 2766 2608 2823 qua:
2651 2749 2882 2821 profert,
2912 2757 2971 2804 et
3002 2746 3368 2803 nihilominus
3398 2742 3633 2799 audien-

365 2838 571 2908 ψυχαῖς
602 2836 658 2889 δὲ
684 2835 794 2890 τῶν
832 2835 1203 2908 ἀκροωμένων
1250 2834 1401 2889 οὐδὲν
1444 2828 1608 2907 ἦττον
1657 2835 1715 2887 ὲν
1763 2832 1949 2903 ταυτῷ

2059 2849 2191 2905 tium
2233 2845 2436 2902 animis
2466 2844 2736 2912 illabitur,
2762 2844 2839 2899 ita
2864 2851 2927 2898 ut
2954 2841 3024 2897 ab
3059 2839 3153 2895 illa
3181 2854 3292 2895 non
3322 2843 3631 2907 separetur,

367 2929 720 2995 καθίσταται,
750 2929 1012 3001 κάκείνης
1054 2927 1129 3000 μὴ
1161 2928 1556 2999 χωριζόμενος,
1590 2927 1685 2982 καὶ
1735 2927 1947 2990 τούτοις

2059 2948 2106 2994 et
2148 2945 2335 2992 tamen
2392 2935 2452 2991 in
2496 2934 2614 2990 illis
2653 2934 2809 2999 insit,
2865 2932 3165 3002 potiusque
3217 2929 3365 2985 inter
3421 2924 3645 2981 animos

368 3022 783 3093 εὑρισκόμενος,
814 3021 1012 3075 ἕνωσιν
1033 3021 1090 3074 δὲ
1120 3019 1323 3091 μᾶλλον
1366 3019 1400 3091 ἢ
1452 3019 1719 3091 διαίρεσιν
1765 3019 1948 3073 αὐτῶν

2059 3036 2271 3084 nostros
2303 3036 2361 3084 et
2390 3027 2632 3093 illorum,
2684 3024 2947 3080 unionem
2999 3036 3167 3092 quam
3206 3015 3632 3091 disjunctionem

368 3127 430 3163 τε
474 3112 568 3164 καὶ
609 3112 720 3167 τῶν
776 3109 1065 3195 ἡμετέρων
1104 3110 1295 3181 ψυχῶν
1347 3108 1718 3183 ἐργαζόμενος
1742 3129 1756 3145 ·
1804 3110 1949 3165 οὕτω

2059 3121 2253 3179 alliciat
2284 3140 2298 3176 :
2323 3121 2405 3177 sic
2433 3120 2615 3191 cogita
2643 3118 2843 3195 Filium
2868 3132 2904 3171 a
2934 3116 3097 3172 Patre
3125 3112 3348 3184 penitus
3376 3125 3486 3165 non
3513 3123 3647 3178 esse.

375 3219 467 3271 μοι
488 3201 601 3254 νόει
630 3202 725 3255 καὶ
755 3201 850 3255 τὸν
874 3192 1001 3255 Υίὺν
1049 3200 1145 3255 τοῦ
1202 3202 1421 3273 Πατρός
1473 3202 1551 3274 μὴ
1609 3201 1954 3275 χωρισθέντα

2059 3222 2390 3284 separatum,
2414 3222 2473 3268 ut
2510 3226 2615 3268 nec
2641 3192 2909 3281 Spiritum
2946 3214 3197 3265 sanctum
3226 3219 3256 3262 a
3285 3202 3450 3265 Filio,
3472 3208 3641 3271 prout

373 3293 616 3357 πώποτε,
633 3294 730 3349 καὶ
759 3292 952 3349 τούτου
976 3295 1033 3349 δὲ
1066 3295 1229 3349 πάλιν
1251 3294 1312 3349 τὸ
1341 3294 1498 3363 ἆγιον
1520 3294 1662 3352 Πνεῦ
1672 3312 1769 3366 μα,
1791 3294 1946 3368 ὁμοί-

371 3404 449 3451 ως
475 3387 550 3451 ὡς
588 3389 647 3440 ὲν
681 3386 760 3460 τῷ
793 3386 870 3459 νῷ
900 3388 1001 3459 τὴν
1033 3386 1358 3459 ἐνθύμησιν.
1382 3387 1489 3461 η’ος
1518 3388 1627 3461 γάρ
1684 3389 1784 3443 οῦκ
1836 3387 1953 3443 ἐστι

377 3480 582 3552 μεταξὺ
618 3479 710 3534 νοῦ
739 3481 833 3534 καὶ
859 3480 1234 3552 ἐνθυμήσεως,
1299 3460 1401 3534 καῖ
1447 3460 1627 3554 ψυχῆς
1688 3481 1955 3554 διαίρεσιν

376 3570 737 3642 ἐπινοηθῆναι
765 3588 893 3627 τινα
927 3571 1257 3643 καὶτομὴν,
1289 3571 1463 3637 οὕτως
1496 3572 1618 3626 οὐδὲ
1664 3571 1761 3626 τοῦ
1795 3572 1955 3641 ἁγίου

376 3661 720 3731 Πνεύματος,
758 3663 853 3721 καὶ
877 3662 975 3716 τοῦ
1011 3663 1146 3716 Υίοῦ
1178 3663 1395 3734 Πατρὺς
1455 3665 1513 3717 ὲν
1567 3664 1716 3734 μέσῳ
1758 3663 1953 3735 τομὴν,

375 3751 410 3822 ἢ
447 3751 719 3823 διαίρεσιν
748 3754 1106 3825 ἐπινοηθῆναι
1163 3772 1318 3809 ποτε.
1377 3754 1523 3809 Διὸτι
1585 3755 1693 3809 τῶν
1750 3754 1957 3826 νοητῶν

379 3841 477 3895 καὶ
517 3842 683 3896 θείων
728 3842 1036 3914 ἀδιαίρετος
1086 3845 1121 3914 ἠ
1170 3843 1352 3913 φύσις,
1410 3843 1443 3915 ἢ
1496 3843 1590 3897 καὶ
1637 3843 1698 3898 ὃν
1756 3844 1958 3914 τρόπον

377 3933 479 4001 οὐχ
507 3927 619 3987 οἷόν
644 3951 705 3987 τε
762 3935 925 3992 πάλιν
982 3936 1041 3990 ὲν
1096 3937 1253 4009 μέσῳ
1298 3936 1393 3991 τοῦ
1436 3936 1659 4006 κύκλου,
1716 3937 1812 3993 καὶ
1858 3939 1958 4009 τῆς

377 4029 600 4091 ἀκτῖνος
628 4027 725 4082 ’.ὖ
764 4028 920 4099 ἡλίου
947 4029 1212 4102 διαίρεσιν
1239 4030 1617 4102 εὑρίσκεσθαι,
1647 4030 1764 4085 ἀλλ’
1792 4035 1824 4102 ἡ
1860 4032 1959 4102 μὲν

379 4118 544 4181 ἀκτὶς
598 4121 871 4189 συνῆπται
924 4118 1004 4190 τῷ
1058 4120 1267 4192 κύκλῳ,
1322 4123 1412 4175 καὶ
1438 4123 1469 4189 6
1498 4121 1699 4185 κύκλος
1727 4117 1838 4175 οἷόν
1876 4140 1961 4187 τις

381 4203 662 4273 ὀφθαλμρς
691 4206 1014 4262 ἀποστέλλει
1044 4212 1326 4280 πανταχοῦ
1354 4210 1455 4275 τὰς
1495 4212 1742 4277 ἀκτῖνας,
1787 4210 1962 4276 οὕτως

382 4291 498 4348 οἷόν
548 4313 693 4360 τινες
750 4298 845 4351 τοῦ
895 4300 1111 4372 Πατρδς
1164 4302 1388 4365 ἀκτῖνες
1432 4302 1823 4373 ἀπεστάλησαν
1876 4303 1962 4371 ἐφ’

383 4390 555 4457 ἡμᾶς,
580 4390 608 4443 ὃ
632 4406 693 4442 τε
719 4390 1084 4465 φθεαγγώδης
1106 4402 1133 4442 Ρ
1160 4389 1310 4458 Υἱὸς,
1334 4395 1429 4448 καὶ
1448 4394 1510 4447 τδ
1532 4394 1686 4464 ἅγιον
1711 4395 1961 4466 Πνεῦμα.

387 4480 607 4551 Ὠσπερ
628 4479 739 4552 γάρ
757 4481 931 4536 αἰτοῦ
956 4485 1132 4553 φωτὸς
1161 4484 1381 4549 ἀκτῖνες
1420 4486 1721 4558 ἀμέριστον
1743 4487 1963 4558 ἔχουσαι

2056 3318 2160 3360 nec
2202 3318 2235 3358 a
2275 3309 2462 3359 mente
2507 3301 2772 3373 cogitatio
2798 3298 3129 3371 seiungitur.
3163 3291 3647 3362 Quemadmodum

2055 3396 2220 3460 enim.
2248 3395 2401 3449 nulla
2430 3405 2516 3450 est
2546 3394 2690 3449 inter
2725 3400 2987 3458 mentem,
3020 3389 3408 3455 cogitationem
3437 3393 3496 3441 et
3523 3384 3642 3440 ani-

2056 3502 2199 3542 mam
2244 3486 2447 3541 divisio
2501 3501 2599 3541 seu
2647 3485 2848 3551 sectio,
2896 3484 2974 3539 ita
3025 3496 3130 3537 nec
3178 3480 3324 3535 inter
3370 3475 3639 3547 Spiritum

2057 3587 2332 3642 sanctum,
2370 3577 2595 3641 Filium,
2636 3586 2693 3632 et
2748 3577 2972 3631 Patrem
3021 3574 3131 3628 ulla
3176 3570 3439 3627 distantia
3492 3567 3643 3622 inve-

2057 3671 2238 3737 nitur,
2297 3668 2428 3739 quia
2479 3666 2939 3725 intellectualium
3001 3673 3202 3720 natura
3249 3662 3485 3717 indivisa
3534 3668 3641 3715 est.

2058 3764 2294 3827 Rursus,
2358 3759 2829 3831 quemadmodum
2882 3759 3031 3813 inter
3076 3756 3268 3816 orbem
3312 3763 3369 3810 et
3427 3754 3641 3809 radium

2059 3856 2194 3911 solis
2223 3854 2373 3909 nulla
2420 3852 2623 3910 divisio
2661 3851 2977 3916 intercedit,
3010 3850 3107 3907 sed
3137 3848 3326 3904 radius
3352 3862 3481 3903 cum
3509 3846 3645 3902 orbo

2060 3946 2391 4016 conjunctus
2433 3952 2540 4008 est,
2578 3952 2637 3999 et
2683 3942 2840 3998 orbis
2877 3950 3133 4011 tanquam
3184 3939 3380 3995 oculus
3416 3937 3645 4009 quidam

2061 4036 2264 4091 emittit
2332 4048 2755 4106 quoquoversus
2806 4033 3012 4095 radios,
3079 4030 3162 4088 sic
3221 4039 3481 4101 tanquam
3529 4029 3645 4085 duo

2062 4127 2240 4182 Patris
2291 4126 2432 4182 radii
2478 4125 2547 4181 ad
2594 4140 2698 4181 nos
2729 4123 3038 4179 transmissi
3069 4130 3223 4186 sunt,
3255 4119 3524 4185 Verbum,
3548 4136 3647 4195 seu

2063 4219 2256 4283 Filius,
2283 4226 2339 4273 et
2362 4217 2607 4288 Spiritus
2636 4224 2865 4273 sanctus
2900 4232 2914 4269 :
2946 4215 3115 4271 sicuti
3150 4213 3300 4269 enim
3331 4213 3474 4268 lucis
3504 4212 3648 4268 radii

2065 4311 2272 4366 habent
2297 4311 2442 4365 inter
2472 4326 2534 4366 se
2565 4317 2764 4365 mutuo
2791 4308 3088 4364 indivisam
3132 4305 3543 4371 habitudinem,
3576 4306 3648 4359 ita

2066 4411 2127 4458 ut
2154 4418 2259 4459 nec
2287 4419 2317 4457 a
2346 4403 2470 4458 luce
2494 4416 2599 4458 nec
2645 4418 2677 4457 a
2707 4416 2767 4458 se
2808 4400 3046 4456 invicem
3092 4406 3472 4470 segregentur,
3501 4407 3558 4452 ct
3581 4396 3649 4451 ad

2068 4509 2171 4549 nos
2220 4509 2394 4563 usque
2429 4492 2783 4564 splendorem
2811 4506 2972 4547 suum
3020 4490 3416 4553 transmittant,
3454 4488 3649 4543 eodem

381 4570 529 4624 κατά
579 4574 892 4646 φύσινιτὴν
939 4576 1078 4647 πρὸς
1123 4577 1359 4648 ἀλλήλας
1382 4578 1628 4655 ξσχέσιν,
1686 4579 1812 4637 οὒτε
1866 4579 1954 4634 τοῦ

2066 4585 2234 4641 modo
2283 4585 2458 4641 Filius
2501 4594 2558 4641 et
2599 4584 2843 4656 Spiritus
2874 4595 3120 4645 sanctus,
3169 4582 3422 4655 geminus
3473 4580 3653 4637 I-‘atris

382 4662 563 4730 φωτὸς
614 4664 979 4737 χωρίζονται,
1037 4667 1162 4721 οὔτε
1219 4669 1465 4740 ἀλλήλων
1524 4671 1964 4741 ἀποτέμνονται,

382 4756 483 4808 καὶ
520 4755 717 4827 μέχρις
744 4758 906 4830 ἡμῶν
939 4759 1040 4829 τὴν
1095 4762 1255 4832 χάριν
1306 4760 1400 4814 τοῦ
1454 4762 1633 4832 φωτὸς
1694 4763 1965 4817 ἀποστέλ-

384 4848 592 4913 λουσιν,
624 4849 769 4905 ούτω
805 4852 900 4905 καὶ
929 4854 958 4904 6
991 4851 1140 4917 Υίδς,
1192 4853 1286 4905 καὶ
1319 4853 1380 4905 τὸ
1409 4853 1635 4923 Πνεῦμα
1671 4855 1733 4907 τὸ
1788 4854 1966 4923 ἆγιον,

385 4942 419 5010 ἡ
449 4941 670 5012 δίδυμος
699 4943 795 4997 τοῦ
831 4944 1047 5015 Πατρὸς
1080 4945 1260 5011 ἀκτὶς,
1300 4945 1395 4998 καὶ
1446 4945 1641 5017 μέχρις
1689 4945 1847 5015 ήμῶν
1896 4947 1973 5000 δι-

388 5037 625 5088 ικνεῖται
662 5036 762 5107 τῆς
792 5037 1052 5108 ἀληθείας
1082 5038 1142 5091 τὸ
1177 5038 1315 5109 φῶς,
1346 5039 1441 5092 καὶ
1484 5038 1563 5109 τῷ
1604 5039 1786 5109 llatth
1845 5058 1971 5093 συν-

386 5133 620 5202 ήνωίαι.
680 5136 780 5189 Ὃν
828 5134 1031 5205 τρόπον
1080 5135 1137 5188 δὲ
1184 5135 1276 5188 ἐπί
1323 5136 1727 5199 τινος-ὑδάτων
1766 5134 1971 5203 πηγῆς.

388 5224 759 5295 νεκταριῶδες
790 5225 1039 5293 ἀφθόνως
1076 5227 1415 5298 προϊεμένης
1474 5225 1618 5297 ὓδωρ
1680 5226 1972 5296 συμϐαίνει

392 5317 632 5390 ⁸όεύματι
659 5318 1011 5392 παμπληθὲς,
1044 5320 1143 5375 καὶ
1200 5320 1416 5392 ῥεῖθρον
1459 5319 1839 5390 ἀκατάσχετον
1894 5321 1974 5383 εἰς

389 5413 680 5482 ποταμοὺς
741 5412 836 5466 δύο
889 5413 967 5482 τῷ
1026 5413 1261 5484 ῥεύματι
1322 5411 1668 5483 τέμνεσθαι·
1735 5411 1867 5481 μίαν
1916 5412 1973 5478 ἐξ

391 5503 516 5566 ἑνὸς
569 5503 854 5576 ὀφθαλμοῦ
895 5503 995 5575 τὴν
1050 5506 1180 5575 ῥοὴν
1205 5504 1266 5570 ὲξ
1294 5506 1469 5577 ἀρχῆς
1502 5503 1827 5575 ἐσχηκότας,
1860 5502 1977 5572 6:6-

488 5639 717 5697 "Joan.
744 5638 885 5707 1,25.
942 5641 986 5673 ⁵³
1015 5639 1146 5696 ibid.
1180 5640 1225 5693 Ι.
1309 5638 1351 5671 ⁸⁵
1376 5639 1535 5695 Joan.
1572 5655 1625 5705 v,
1659 5638 1747 5693 2i.

2069 4677 2281 4741 radius,
2312 4693 2436 4733 cum
2477 4679 2638 4737 Patre
2670 4676 2864 4734 intime
2893 4678 3186 4740 uniuntur,
3230 4683 3285 4730 et
3336 4682 3516 4728 tamen
3561 4688 3649 4727 ve-

2069 4768 2250 4823 ritatis
2283 4768 2470 4822 lumen
2504 4768 2568 4823 ad
2597 4782 2699 4822 nos
2735 4782 2910 4837 usque
2935 4763 3349 4820 transfundunt.
3389 4763 3457 4817 Et
3490 4761 3651 4817 sicuti

2072 4863 2127 4917 in
2150 4863 2300 4918 fonte
2332 4862 2616 4932 perpetuis
2649 4862 2807 4932 aquis
2834 4860 3059 4931 copioso
3079 4858 3342 4929 perennis
3364 4856 3454 4911 ille
3478 4855 3653 4910 ﬂuxus

2074 4970 2218 5023 smpe
2246 4952 2300 5006 in
2324 4952 2465 5006 duos
2496 4951 2693 5007 fluvios
2720 4951 2859 5016 abit,
2889 4951 2982 5021 qui
3014 4950 3084 5004 ab
3118 4949 3277 5003 initio
3301 4964 3367 5002 ex
3398 4963 3507 5000 una
3540 4962 3646 5000 sca-

2080 5047 2231 5100 tebra
2265 5045 2604 5110 scaturiunt;
2653 5044 2916 5114 deinceps
2945 5044 3085 5098 duos
3119 5042 3412 5097 distinctos
3461 5054 3655 5096 cursus

2080 5142 2292 5198 tenent,
2343 5133 2480 5187 nihil
2529 5134 2850 5189 uocumenti
2900 5132 3225 5189 substantia:
3270 5147 3340 5185 ex
3384 5129 3654 5185 divisione

2077 5225 2249 5289 illata,
2277 5225 2378 5279 etsi
2400 5225 2549 5278 enim
2584 5240 2754 5280 cursu
2792 5232 2850 5280 et
2887 5225 2998 5279 situ
3029 5224 3172 5279 facta
3205 5230 3289 5277 est
3318 5219 3546 5285 divisio,
3578 5225 3653 5281 at,

2077 5317 2123 5371 si
2167 5317 2403 5387 liquoris
2449 5317 2769 5387 qualitatem
2828 5326 3075 5387 spectes,
3134 5313 3431 5384 utrobique
3493 5325 3654 5365 unam

2077 5410 2441 5480 eamdemque
2471 5425 2700 5480 prorsus
2732 5408 2983 5465 invenies
3009 5424 3024 5473 ;
3057 5415 3113 5462 et
3135 5404 3389 5476 quamvis
3412 5399 3654 5473 praedicti

2080 5503 2234 5558 lluvii
2287 5504 2481 5575 procul
2514 5518 2542 5557 a
2574 5518 2633 5558 se
2667 5500 2902 5556 invicem
2952 5498 3338 5568 dispescantur
3366 5503 3423 5550 et
3460 5493 3529 5548 ab
3549 5492 3649 5547 οή-

1695 5753 1932 5809 ΥΛΒΙίΕ
1969 5748 2372 5809 LECTIO‘NES.

473 5860 495 5885 °
526 5852 748 5921 Aliquid
775 5854 861 5910 hic
895 5854 1069 5909 deest.
1156 5853 1236 5913 Pl.
1269 5852 1577 5922 φεγτώδης.
