  <div class='ocr_page' id='page_1' title='image "/cluster/home/n/w/nwhite01/storage/ocr_20150623/89/mdp.39015008868328/439.png"; bbox 0 0 4026 6140; ppageno 0'>
   <div class='ocr_carea' id='block_1_1' title="bbox 360 360 464 423">
    <p class='ocr_par' dir='ltr' id='par_1_1' title="bbox 360 360 464 423">
     <span class='ocr_line' id='line_1_1' title="bbox 360 360 464 423; baseline -0.038 0"><span class='ocrx_word' id='word_1_1' title='bbox 360 360 464 423; x_wconf 73' lang='grc' dir='ltr'><strong>82Τ</strong></span> 
     </span>
    </p>
   </div>
   <div class='ocr_carea' id='block_1_2' title="bbox 1577 339 2445 425">
    <p class='ocr_par' dir='ltr' id='par_1_2' title="bbox 1577 339 2445 425">
     <span class='ocr_line' id='line_1_2' title="bbox 1577 339 2445 425; baseline 0.005 -7"><span class='ocrx_word' id='word_1_2' title='bbox 1577 360 1637 419; x_wconf 90' lang='lat' dir='ltr'><strong>s.</strong></span> <span class='ocrx_word' id='word_1_3' title='bbox 1680 339 2078 420; x_wconf 78' lang='lat' dir='ltr'><strong>ANASTASlI</strong></span> <span class='ocrx_word' id='word_1_4' title='bbox 2119 362 2445 425; x_wconf 70' lang='lat' dir='ltr'><strong>SINAIT.’E</strong></span> 
     </span>
    </p>
   </div>
   <div class='ocr_carea' id='block_1_3' title="bbox 3531 325 3638 429">
    <p class='ocr_par' dir='ltr' id='par_1_3' title="bbox 3531 325 3638 429">
     <span class='ocr_line' id='line_1_3' title="bbox 3531 325 3638 429; baseline -0.009 0"><span class='ocrx_word' id='word_1_5' title='bbox 3531 325 3638 429; x_wconf 66' lang='grc' dir='ltr'><strong>θεὲ</strong></span> 
     </span>
    </p>
   </div>
   <div class='ocr_carea' id='block_1_4' title="bbox 363 467 1957 544">
    <p class='ocr_par' dir='ltr' id='par_1_4' title="bbox 363 467 1950 544">
     <span class='ocr_line' id='line_1_4' title="bbox 363 467 1950 544; baseline 0.002 -20"><span class='ocrx_word' id='word_1_6' title='bbox 363 485 508 544; x_wconf 75' lang='lat' dir='ltr'><strong>enim</strong></span> <span class='ocrx_word' id='word_1_7' title='bbox 545 483 658 524; x_wconf 91' lang='lat' dir='ltr'><strong>non</strong></span> <span class='ocrx_word' id='word_1_8' title='bbox 708 477 926 538; x_wconf 79' lang='lat' dir='ltr'><strong>potest,</strong></span> <span class='ocrx_word' id='word_1_9' title='bbox 981 467 1088 522; x_wconf 84' lang='lat' dir='ltr'><strong>nisi</strong></span> <span class='ocrx_word' id='word_1_10' title='bbox 1139 469 1265 538; x_wconf 87' lang='lat' dir='ltr'><strong>quis</strong></span> <span class='ocrx_word' id='word_1_11' title='bbox 1309 469 1559 524; x_wconf 81' lang='lat' dir='ltr'><strong>sedulam</strong></span> <span class='ocrx_word' id='word_1_12' title='bbox 1611 472 1950 542; x_wconf 74' lang='lat' dir='ltr'><strong>multamque</strong></span> 
     </span>
    </p>
   </div>
   <div class='ocr_carea' id='block_1_5' title="bbox 2063 467 3636 544">
    <p class='ocr_par' dir='ltr' id='par_1_5' title="bbox 2063 471 3636 544">
     <span class='ocr_line' id='line_1_5' title="bbox 2063 471 3636 544; baseline 0.001 -20"><span class='ocrx_word' id='word_1_13' title='bbox 2063 473 2224 538; x_wconf 68' lang='grc' dir='ltr'>καίως</span> <span class='ocrx_word' id='word_1_14' title='bbox 2258 473 2572 528; x_wconf 78' lang='grc' dir='ltr'>ὑποτίθεται</span> <span class='ocrx_word' id='word_1_15' title='bbox 2597 471 2675 544; x_wconf 78' lang='lat'><strong>(9.)</strong></span> <span class='ocrx_word' id='word_1_16' title='bbox 2696 472 2874 540; x_wconf 72' lang='grc' dir='ltr'>λέγων</span> <span class='ocrx_word' id='word_1_17' title='bbox 2891 489 2903 503; x_wconf 92' lang='grc'><strong>·</strong></span> <span class='ocrx_word' id='word_1_18' title='bbox 2930 473 3288 543; x_wconf 61' lang='grc' dir='ltr'>Σχολάσατε</span> <span class='ocrx_word' id='word_1_19' title='bbox 3315 473 3415 528; x_wconf 76' lang='grc' dir='ltr'>καί</span> <span class='ocrx_word' id='word_1_20' title='bbox 3429 471 3636 542; x_wconf 62' lang='lat' dir='ltr'><strong>Triuia,</strong></span> 
     </span>
    </p>
   </div>
   <div class='ocr_carea' id='block_1_6' title="bbox 365 559 1956 632">
    <p class='ocr_par' dir='ltr' id='par_1_6' title="bbox 365 559 1956 632">
     <span class='ocr_line' id='line_1_6' title="bbox 365 559 1956 632; baseline 0.003 -17"><span class='ocrx_word' id='word_1_21' title='bbox 365 577 591 632; x_wconf 85' lang='lat' dir='ltr'><strong>operam</strong></span> <span class='ocrx_word' id='word_1_22' title='bbox 643 560 908 626; x_wconf 88' lang='lat' dir='ltr'><strong>orationi,</strong></span> <span class='ocrx_word' id='word_1_23' title='bbox 934 576 1216 630; x_wconf 68' lang='lat' dir='ltr'><strong>sacraeque</strong></span> <span class='ocrx_word' id='word_1_24' title='bbox 1270 559 1571 631; x_wconf 64' lang='lat' dir='ltr'><strong>Scriptura</strong></span> <span class='ocrx_word' id='word_1_25' title='bbox 1599 563 1824 619; x_wconf 90' lang='lat' dir='ltr'><strong>lectioni</strong></span> <span class='ocrx_word' id='word_1_26' title='bbox 1853 565 1956 619; x_wconf 90' lang='lat' dir='ltr'><strong>im-</strong></span> 
     </span>
    </p>
   </div>
   <div class='ocr_carea' id='block_1_7' title="bbox 369 652 1956 725">
    <p class='ocr_par' dir='ltr' id='par_1_7' title="bbox 369 652 1956 725">
     <span class='ocr_line' id='line_1_7' title="bbox 369 652 1956 725; baseline 0.003 -17"><span class='ocrx_word' id='word_1_27' title='bbox 369 655 593 724; x_wconf 84' lang='lat' dir='ltr'><strong>pendat,</strong></span> <span class='ocrx_word' id='word_1_28' title='bbox 628 662 690 707; x_wconf 92' lang='lat' dir='ltr'><strong>ut</strong></span> <span class='ocrx_word' id='word_1_29' title='bbox 719 661 816 706; x_wconf 90' lang='lat' dir='ltr'><strong>aut</strong></span> <span class='ocrx_word' id='word_1_30' title='bbox 842 652 1122 722; x_wconf 89' lang='lat' dir='ltr'><strong>postulata</strong></span> <span class='ocrx_word' id='word_1_31' title='bbox 1154 669 1185 708; x_wconf 92' lang='lat' dir='ltr'><strong>a</strong></span> <span class='ocrx_word' id='word_1_32' title='bbox 1215 653 1328 708; x_wconf 89' lang='lat' dir='ltr'><strong>Deo</strong></span> <span class='ocrx_word' id='word_1_33' title='bbox 1346 653 1639 725; x_wconf 75' lang='lat' dir='ltr'><strong>impetret,</strong></span> <span class='ocrx_word' id='word_1_34' title='bbox 1657 666 1754 710; x_wconf 90' lang='lat' dir='ltr'><strong>aut</strong></span> <span class='ocrx_word' id='word_1_35' title='bbox 1779 658 1956 714; x_wconf 90' lang='lat' dir='ltr'><strong>Deum</strong></span> 
     </span>
    </p>
   </div>
   <div class='ocr_carea' id='block_1_8' title="bbox 369 753 842 818">
    <p class='ocr_par' dir='ltr' id='par_1_8' title="bbox 369 753 842 818">
     <span class='ocr_line' id='line_1_8' title="bbox 369 753 842 818; baseline -0.004 -18"><span class='ocrx_word' id='word_1_36' title='bbox 369 767 390 800; x_wconf 74' lang='grc' dir='ltr'><strong>ι</strong></span> <span class='ocrx_word' id='word_1_37' title='bbox 403 763 498 802; x_wconf 88' lang='lat' dir='ltr'><strong>ere</strong></span> <span class='ocrx_word' id='word_1_38' title='bbox 521 753 842 818; x_wconf 77' lang='lat' dir='ltr'><strong>cognoscat.</strong></span> 
     </span>
    </p>
   </div>
   <div class='ocr_carea' id='block_1_9' title="bbox 435 1007 1958 1085">
    <p class='ocr_par' dir='ltr' id='par_1_9' title="bbox 435 1007 1958 1085">
     <span class='ocr_line' id='line_1_9' title="bbox 435 1007 1958 1085; baseline 0.003 -21"><span class='ocrx_word' id='word_1_39' title='bbox 435 1009 497 1064; x_wconf 90' lang='lat' dir='ltr'><strong>Si</strong></span> <span class='ocrx_word' id='word_1_40' title='bbox 555 1009 708 1064; x_wconf 87' lang='lat' dir='ltr'><strong>enim</strong></span> <span class='ocrx_word' id='word_1_41' title='bbox 754 1007 809 1062; x_wconf 90' lang='lat' dir='ltr'><strong>in</strong></span> <span class='ocrx_word' id='word_1_42' title='bbox 853 1007 1224 1078; x_wconf 88' lang='lat' dir='ltr'><strong>pereuntibus</strong></span> <span class='ocrx_word' id='word_1_43' title='bbox 1275 1008 1480 1064; x_wconf 82' lang='lat' dir='ltr'><strong>artium</strong></span> <span class='ocrx_word' id='word_1_44' title='bbox 1535 1010 1740 1067; x_wconf 85' lang='lat' dir='ltr'><strong>scholis</strong></span> <span class='ocrx_word' id='word_1_45' title='bbox 1792 1012 1958 1085; x_wconf 82' lang='lat' dir='ltr'><strong>longo</strong></span> 
     </span>
    </p>
   </div>
   <div class='ocr_carea' id='block_1_10' title="bbox 371 1101 1956 1172">
    <p class='ocr_par' dir='ltr' id='par_1_10' title="bbox 371 1101 1956 1172">
     <span class='ocr_line' id='line_1_10' title="bbox 371 1101 1956 1172; baseline 0.003 -15"><span class='ocrx_word' id='word_1_46' title='bbox 371 1115 621 1172; x_wconf 85' lang='lat' dir='ltr'><strong>tempore</strong></span> <span class='ocrx_word' id='word_1_47' title='bbox 663 1101 938 1172; x_wconf 87' lang='lat' dir='ltr'><strong>quispiam</strong></span> <span class='ocrx_word' id='word_1_48' title='bbox 992 1102 1272 1158; x_wconf 84' lang='lat' dir='ltr'><strong>interdum</strong></span> <span class='ocrx_word' id='word_1_49' title='bbox 1301 1104 1694 1170; x_wconf 74' lang='lat' dir='ltr'><strong>versatus,.vix</strong></span> <span class='ocrx_word' id='word_1_50' title='bbox 1738 1106 1956 1161; x_wconf 88' lang='lat' dir='ltr'><strong>tandem</strong></span> 
     </span>
    </p>
   </div>
   <div class='ocr_carea' id='block_1_11' title="bbox 373 1195 1958 1270">
    <p class='ocr_par' dir='ltr' id='par_1_11' title="bbox 373 1195 1958 1270">
     <span class='ocr_line' id='line_1_11' title="bbox 373 1195 1958 1270; baseline 0.003 -20"><span class='ocrx_word' id='word_1_51' title='bbox 373 1198 653 1268; x_wconf 82' lang='lat' dir='ltr'><strong>vulgarem</strong></span> <span class='ocrx_word' id='word_1_52' title='bbox 687 1195 960 1250; x_wconf 88' lang='lat' dir='ltr'><strong>condiscit</strong></span> <span class='ocrx_word' id='word_1_53' title='bbox 983 1203 1191 1262; x_wconf 86' lang='lat' dir='ltr'><strong>artem;</strong></span> <span class='ocrx_word' id='word_1_54' title='bbox 1229 1203 1440 1266; x_wconf 87' lang='lat' dir='ltr'><strong>quanto</strong></span> <span class='ocrx_word' id='word_1_55' title='bbox 1473 1198 1648 1266; x_wconf 78' lang='lat' dir='ltr'><strong>magis</strong></span> <span class='ocrx_word' id='word_1_56' title='bbox 1685 1213 1813 1253; x_wconf 79' lang='lat' dir='ltr'><strong>eum</strong></span> <span class='ocrx_word' id='word_1_57' title='bbox 1862 1201 1958 1270; x_wconf 91' lang='lat' dir='ltr'><strong>qui</strong></span> 
     </span>
    </p>
   </div>
   <div class='ocr_carea' id='block_1_12' title="bbox 373 1285 1958 1360">
    <p class='ocr_par' dir='ltr' id='par_1_12' title="bbox 373 1285 1958 1360">
     <span class='ocr_line' id='line_1_12' title="bbox 373 1285 1958 1360; baseline 0.005 -21"><span class='ocrx_word' id='word_1_58' title='bbox 373 1287 469 1340; x_wconf 88' lang='lat' dir='ltr'><strong>Dei</strong></span> <span class='ocrx_word' id='word_1_59' title='bbox 520 1286 893 1356; x_wconf 81' lang='lat' dir='ltr'><strong>cognitionem</strong></span> <span class='ocrx_word' id='word_1_60' title='bbox 941 1285 1108 1356; x_wconf 65' lang='grc'><strong>450</strong></span> <span class='ocrx_word' id='word_1_61' title='bbox 1150 1287 1460 1356; x_wconf 74' lang='lat' dir='ltr'><strong>acquirere</strong></span> <span class='ocrx_word' id='word_1_62' title='bbox 1515 1288 1680 1358; x_wconf 89' lang='lat' dir='ltr'><strong>eique</strong></span> <span class='ocrx_word' id='word_1_63' title='bbox 1736 1290 1958 1360; x_wconf 87' lang='lat' dir='ltr'><strong>placere</strong></span> 
     </span>
    </p>
   </div>
   <div class='ocr_carea' id='block_1_13' title="bbox 373 1378 1960 1450">
    <p class='ocr_par' dir='ltr' id='par_1_13' title="bbox 373 1378 1960 1450">
     <span class='ocr_line' id='line_1_13' title="bbox 373 1378 1960 1450; baseline 0.004 -17"><span class='ocrx_word' id='word_1_64' title='bbox 373 1378 581 1444; x_wconf 86' lang='lat' dir='ltr'><strong>studet,</strong></span> <span class='ocrx_word' id='word_1_65' title='bbox 617 1393 813 1434; x_wconf 82' lang='lat' dir='ltr'><strong>vacare</strong></span> <span class='ocrx_word' id='word_1_66' title='bbox 837 1387 1058 1448; x_wconf 78' lang='lat' dir='ltr'><strong>oportet</strong></span> <span class='ocrx_word' id='word_1_67' title='bbox 1083 1380 1216 1444; x_wconf 85' lang='lat' dir='ltr'><strong>Deo,</strong></span> <span class='ocrx_word' id='word_1_68' title='bbox 1247 1387 1304 1435; x_wconf 88' lang='lat' dir='ltr'><strong>et</strong></span> <span class='ocrx_word' id='word_1_69' title='bbox 1335 1395 1508 1450; x_wconf 88' lang='lat' dir='ltr'><strong>usque</strong></span> <span class='ocrx_word' id='word_1_70' title='bbox 1537 1382 1606 1436; x_wconf 89' lang='lat' dir='ltr'><strong>ad</strong></span> <span class='ocrx_word' id='word_1_71' title='bbox 1643 1381 1808 1436; x_wconf 83' lang='lat' dir='ltr'><strong>finem</strong></span> <span class='ocrx_word' id='word_1_72' title='bbox 1833 1385 1960 1440; x_wconf 73' lang='lat' dir='ltr'><strong>vita:</strong></span> 
     </span>
    </p>
   </div>
   <div class='ocr_carea' id='block_1_14' title="bbox 373 1469 1962 1542">
    <p class='ocr_par' dir='ltr' id='par_1_14' title="bbox 373 1469 1962 1542">
     <span class='ocr_line' id='line_1_14' title="bbox 373 1469 1962 1542; baseline 0.004 -20"><span class='ocrx_word' id='word_1_73' title='bbox 373 1469 613 1524; x_wconf 89' lang='lat' dir='ltr'><strong>animam</strong></span> <span class='ocrx_word' id='word_1_74' title='bbox 661 1485 818 1524; x_wconf 88' lang='lat' dir='ltr'><strong>suam</strong></span> <span class='ocrx_word' id='word_1_75' title='bbox 877 1470 1160 1525; x_wconf 83' lang='lat' dir='ltr'><strong>ferventer</strong></span> <span class='ocrx_word' id='word_1_76' title='bbox 1209 1481 1266 1526; x_wconf 89' lang='lat' dir='ltr'><strong>et</strong></span> <span class='ocrx_word' id='word_1_77' title='bbox 1320 1471 1604 1536; x_wconf 86' lang='lat' dir='ltr'><strong>ardenter,</strong></span> <span class='ocrx_word' id='word_1_78' title='bbox 1651 1473 1808 1542; x_wconf 88' lang='lat' dir='ltr'><strong>quasi</strong></span> <span class='ocrx_word' id='word_1_79' title='bbox 1857 1474 1962 1528; x_wconf 88' lang='lat' dir='ltr'><strong>alis</strong></span> 
     </span>
    </p>
   </div>
   <div class='ocr_carea' id='block_1_15' title="bbox 373 1559 1958 1632">
    <p class='ocr_par' dir='ltr' id='par_1_15' title="bbox 373 1559 1958 1632">
     <span class='ocr_line' id='line_1_15' title="bbox 373 1559 1958 1632; baseline 0.003 -19"><span class='ocrx_word' id='word_1_80' title='bbox 373 1559 710 1630; x_wconf 78' lang='lat' dir='ltr'><strong>quibusdam</strong></span> <span class='ocrx_word' id='word_1_81' title='bbox 743 1559 810 1614; x_wconf 92' lang='lat' dir='ltr'><strong>ad</strong></span> <span class='ocrx_word' id='word_1_82' title='bbox 843 1575 970 1616; x_wconf 90' lang='lat' dir='ltr'><strong>eum</strong></span> <span class='ocrx_word' id='word_1_83' title='bbox 993 1561 1246 1616; x_wconf 85' lang='lat' dir='ltr'><strong>elevare?</strong></span> <span class='ocrx_word' id='word_1_84' title='bbox 1267 1561 1464 1616; x_wconf 86' lang='lat' dir='ltr'><strong>Nonne</strong></span> <span class='ocrx_word' id='word_1_85' title='bbox 1495 1561 1654 1616; x_wconf 82' lang='lat' dir='ltr'><strong>vides</strong></span> <span class='ocrx_word' id='word_1_86' title='bbox 1679 1563 1958 1632; x_wconf 85' lang='lat' dir='ltr'><strong>quomodo</strong></span> 
     </span>
    </p>
   </div>
   <div class='ocr_carea' id='block_1_16' title="bbox 377 1653 1959 1726">
    <p class='ocr_par' dir='ltr' id='par_1_16' title="bbox 377 1653 1959 1726">
     <span class='ocr_line' id='line_1_16' title="bbox 377 1653 1959 1726; baseline 0.004 -21"><span class='ocrx_word' id='word_1_87' title='bbox 377 1653 453 1706; x_wconf 81' lang='lat' dir='ltr'><strong>illi</strong></span> <span class='ocrx_word' id='word_1_88' title='bbox 497 1653 594 1722; x_wconf 90' lang='lat' dir='ltr'><strong>qui</strong></span> <span class='ocrx_word' id='word_1_89' title='bbox 657 1653 962 1722; x_wconf 89' lang='lat' dir='ltr'><strong>temporale</strong></span> <span class='ocrx_word' id='word_1_90' title='bbox 1005 1661 1062 1708; x_wconf 89' lang='lat' dir='ltr'><strong>et</strong></span> <span class='ocrx_word' id='word_1_91' title='bbox 1121 1653 1392 1708; x_wconf 87' lang='lat' dir='ltr'><strong>caducum</strong></span> <span class='ocrx_word' id='word_1_92' title='bbox 1429 1655 1723 1724; x_wconf 88' lang='lat' dir='ltr'><strong>imperium</strong></span> <span class='ocrx_word' id='word_1_93' title='bbox 1772 1655 1959 1726; x_wconf 86' lang='lat' dir='ltr'><strong>adepti</strong></span> 
     </span>
    </p>
   </div>
   <div class='ocr_carea' id='block_1_17' title="bbox 375 1743 1960 1816">
    <p class='ocr_par' dir='ltr' id='par_1_17' title="bbox 375 1743 1960 1816">
     <span class='ocr_line' id='line_1_17' title="bbox 375 1743 1960 1816; baseline 0.003 -18"><span class='ocrx_word' id='word_1_94' title='bbox 375 1753 526 1808; x_wconf 86' lang='lat' dir='ltr'><strong>sunt,</strong></span> <span class='ocrx_word' id='word_1_95' title='bbox 561 1743 744 1798; x_wconf 86' lang='lat' dir='ltr'><strong>oblata</strong></span> <span class='ocrx_word' id='word_1_96' title='bbox 775 1745 856 1798; x_wconf 87' lang='lat' dir='ltr'><strong>rei</strong></span> <span class='ocrx_word' id='word_1_97' title='bbox 882 1743 1138 1813; x_wconf 69' lang='lat' dir='ltr'><strong>gerenda:</strong></span> <span class='ocrx_word' id='word_1_98' title='bbox 1171 1745 1483 1810; x_wconf 86' lang='lat' dir='ltr'><strong>occasione,</strong></span> <span class='ocrx_word' id='word_1_99' title='bbox 1519 1763 1549 1800; x_wconf 88' lang='lat' dir='ltr'><strong>a</strong></span> <span class='ocrx_word' id='word_1_100' title='bbox 1599 1747 1844 1816; x_wconf 87' lang='lat' dir='ltr'><strong>propriis</strong></span> <span class='ocrx_word' id='word_1_101' title='bbox 1865 1763 1960 1802; x_wconf 77' lang='lat' dir='ltr'><strong>co-</strong></span> 
     </span>
    </p>
   </div>
   <div class='ocr_carea' id='block_1_18' title="bbox 2059 561 3642 634">
    <p class='ocr_par' dir='ltr' id='par_1_18' title="bbox 2059 561 3642 634">
     <span class='ocr_line' id='line_1_18' title="bbox 2059 561 3642 634; baseline 0.001 -18"><span class='ocrx_word' id='word_1_102' title='bbox 2059 563 2147 618; x_wconf 81' lang='grc' dir='ltr'>ὅτι</span> <span class='ocrx_word' id='word_1_103' title='bbox 2179 564 2294 634; x_wconf 58' lang='grc' dir='ltr'><strong>ἐγώ</strong></span> <span class='ocrx_word' id='word_1_104' title='bbox 2327 567 2445 634; x_wconf 71' lang='grc' dir='ltr'>εἶμι</span> <span class='ocrx_word' id='word_1_105' title='bbox 2474 567 2506 618; x_wconf 83' lang='grc' dir='ltr'><strong><em>ό</em></strong></span> <span class='ocrx_word' id='word_1_106' title='bbox 2537 563 2700 626; x_wconf 84' lang='grc' dir='ltr'>Θεός.</span> <span class='ocrx_word' id='word_1_107' title='bbox 2756 563 2943 626; x_wconf 78' lang='grc' dir='ltr'>Ἐκτδς</span> <span class='ocrx_word' id='word_1_108' title='bbox 2977 564 3078 632; x_wconf 78' lang='grc' dir='ltr'>μὲν</span> <span class='ocrx_word' id='word_1_109' title='bbox 3129 564 3240 634; x_wconf 75' lang='grc' dir='ltr'><strong>γάρ</strong></span> <span class='ocrx_word' id='word_1_110' title='bbox 3290 561 3493 633; x_wconf 73' lang='grc' dir='ltr'>σχολῆς</span> <span class='ocrx_word' id='word_1_111' title='bbox 3546 566 3642 618; x_wconf 78' lang='grc' dir='ltr'>καὶ</span> 
     </span>
    </p>
   </div>
   <div class='ocr_carea' id='block_1_19' title="bbox 2061 653 3644 726">
    <p class='ocr_par' dir='ltr' id='par_1_19' title="bbox 2061 653 3644 726">
     <span class='ocr_line' id='line_1_19' title="bbox 2061 653 3644 726; baseline 0 -18"><span class='ocrx_word' id='word_1_112' title='bbox 2061 655 2264 722; x_wconf 81' lang='grc' dir='ltr'>πολλῆς</span> <span class='ocrx_word' id='word_1_113' title='bbox 2311 654 2641 725; x_wconf 85' lang='grc' dir='ltr'>προσεδρίας</span> <span class='ocrx_word' id='word_1_114' title='bbox 2687 653 2788 725; x_wconf 85' lang='grc' dir='ltr'>τῆς</span> <span class='ocrx_word' id='word_1_115' title='bbox 2833 655 2892 707; x_wconf 87' lang='grc' dir='ltr'><strong>ἐν</strong></span> <span class='ocrx_word' id='word_1_116' title='bbox 2951 656 3074 718; x_wconf 85' lang='grc' dir='ltr'>ταῖς</span> <span class='ocrx_word' id='word_1_117' title='bbox 3123 657 3487 726; x_wconf 69' lang='grc' dir='ltr'>προσευχαῖς,</span> <span class='ocrx_word' id='word_1_118' title='bbox 3546 655 3644 709; x_wconf 75' lang='grc' dir='ltr'>καὶ</span> 
     </span>
    </p>
   </div>
   <div class='ocr_carea' id='block_1_20' title="bbox 2059 745 3645 817">
    <p class='ocr_par' dir='ltr' id='par_1_20' title="bbox 2059 745 3645 817">
     <span class='ocr_line' id='line_1_20' title="bbox 2059 745 3645 817; baseline 0.001 -19"><span class='ocrx_word' id='word_1_119' title='bbox 2059 747 2116 798; x_wconf 85' lang='grc' dir='ltr'><strong>ἐν</strong></span> <span class='ocrx_word' id='word_1_120' title='bbox 2155 748 2275 808; x_wconf 80' lang='grc' dir='ltr'>ταῖς</span> <span class='ocrx_word' id='word_1_121' title='bbox 2319 745 2495 811; x_wconf 87' lang='grc' dir='ltr'>θείαις</span> <span class='ocrx_word' id='word_1_122' title='bbox 2534 747 2651 800; x_wconf 84' lang='grc' dir='ltr'>τῶν.</span> <span class='ocrx_word' id='word_1_123' title='bbox 2676 745 2910 817; x_wconf 85' lang='grc' dir='ltr'>Γραφῶν</span> <span class='ocrx_word' id='word_1_124' title='bbox 2935 747 3331 816; x_wconf 71' lang='grc' dir='ltr'><strong>ἀναγνώσεσιν,</strong></span> <span class='ocrx_word' id='word_1_125' title='bbox 3361 747 3464 802; x_wconf 79' lang='grc' dir='ltr'><strong>οὐκ</strong></span> <span class='ocrx_word' id='word_1_126' title='bbox 3493 747 3645 801; x_wconf 73' lang='grc' dir='ltr'>ἐστιν</span> 
     </span>
    </p>
   </div>
   <div class='ocr_carea' id='block_1_21' title="bbox 2058 835 3645 910">
    <p class='ocr_par' dir='ltr' id='par_1_21' title="bbox 2058 835 3645 910">
     <span class='ocr_line' id='line_1_21' title="bbox 2058 835 3645 910; baseline 0.002 -21"><span class='ocrx_word' id='word_1_127' title='bbox 2058 835 2183 890; x_wconf 70' lang='grc' dir='ltr'>οὔτε</span> <span class='ocrx_word' id='word_1_128' title='bbox 2211 839 2280 891; x_wconf 82' lang='grc' dir='ltr'>τὰ</span> <span class='ocrx_word' id='word_1_129' title='bbox 2328 841 2606 910; x_wconf 73' lang='grc' dir='ltr'><strong>αἰτήματα</strong></span> <span class='ocrx_word' id='word_1_130' title='bbox 2652 837 2863 906; x_wconf 86' lang='grc' dir='ltr'>λαϐεῖν,</span> <span class='ocrx_word' id='word_1_131' title='bbox 2923 838 3050 894; x_wconf 74' lang='grc' dir='ltr'>οὔτε</span> <span class='ocrx_word' id='word_1_132' title='bbox 3107 839 3200 894; x_wconf 82' lang='grc' dir='ltr'><strong>τὸν</strong></span> <span class='ocrx_word' id='word_1_133' title='bbox 3245 839 3382 894; x_wconf 80' lang='grc' dir='ltr'>Θεὸν</span> <span class='ocrx_word' id='word_1_134' title='bbox 3425 839 3645 910; x_wconf 69' lang='grc' dir='ltr'>άληθῶς</span> 
     </span>
    </p>
   </div>
   <div class='ocr_carea' id='block_1_22' title="bbox 2059 928 2378 996">
    <p class='ocr_par' dir='ltr' id='par_1_22' title="bbox 2059 928 2378 996">
     <span class='ocr_line' id='line_1_22' title="bbox 2059 928 2378 996; baseline 0.016 -15"><span class='ocrx_word' id='word_1_135' title='bbox 2059 928 2378 996; x_wconf 78' lang='grc' dir='ltr'><strong>ἐπιγνῶναι.</strong></span> 
     </span>
    </p>
   </div>
   <div class='ocr_carea' id='block_1_23' title="bbox 2129 1023 3646 1097">
    <p class='ocr_par' dir='ltr' id='par_1_23' title="bbox 2129 1023 3646 1097">
     <span class='ocr_line' id='line_1_23' title="bbox 2129 1023 3646 1097; baseline 0 -21"><span class='ocrx_word' id='word_1_136' title='bbox 2129 1024 2194 1077; x_wconf 82' lang='lat' dir='ltr'><strong>El</strong></span> <span class='ocrx_word' id='word_1_137' title='bbox 2217 1025 2326 1095; x_wconf 80' lang='grc' dir='ltr'>γὰρ</span> <span class='ocrx_word' id='word_1_138' title='bbox 2351 1027 2409 1077; x_wconf 83' lang='grc' dir='ltr'><strong>ἐν</strong></span> <span class='ocrx_word' id='word_1_139' title='bbox 2433 1027 2553 1089; x_wconf 85' lang='grc' dir='ltr'>ταῖς</span> <span class='ocrx_word' id='word_1_140' title='bbox 2582 1025 2788 1080; x_wconf 85' lang='grc' dir='ltr'>ἀπολλυ</span> <span class='ocrx_word' id='word_1_141' title='bbox 2798 1025 2995 1097; x_wconf 80' lang='grc' dir='ltr'>μέναις</span> <span class='ocrx_word' id='word_1_142' title='bbox 3021 1023 3135 1079; x_wconf 82' lang='grc' dir='ltr'>τῶν</span> <span class='ocrx_word' id='word_1_143' title='bbox 3178 1023 3387 1096; x_wconf 83' lang='grc' dir='ltr'>τεχνῶν</span> <span class='ocrx_word' id='word_1_144' title='bbox 3427 1023 3646 1094; x_wconf 84' lang='grc' dir='ltr'>σχολαῖς</span> 
     </span>
    </p>
   </div>
   <div class='ocr_carea' id='block_1_24' title="bbox 2060 1116 3647 1193">
    <p class='ocr_par' dir='ltr' id='par_1_24' title="bbox 2060 1116 3647 1193">
     <span class='ocr_line' id='line_1_24' title="bbox 2060 1116 3647 1193; baseline 0 -25"><span class='ocrx_word' id='word_1_145' title='bbox 2060 1116 2328 1180; x_wconf 83' lang='grc' dir='ltr'><strong>πολλάκις</strong></span> <span class='ocrx_word' id='word_1_146' title='bbox 2386 1134 2474 1180; x_wconf 88' lang='grc' dir='ltr'><strong>τις</strong></span> <span class='ocrx_word' id='word_1_147' title='bbox 2521 1119 2751 1188; x_wconf 80' lang='grc' dir='ltr'>χρόνους</span> <span class='ocrx_word' id='word_1_148' title='bbox 2809 1119 3031 1182; x_wconf 77' lang='grc' dir='ltr'>ἱκανοὺς</span> <span class='ocrx_word' id='word_1_149' title='bbox 3085 1116 3428 1189; x_wconf 69' lang='grc' dir='ltr'>πεποιηκὼς,</span> <span class='ocrx_word' id='word_1_150' title='bbox 3491 1116 3647 1193; x_wconf 67' lang='grc' dir='ltr'>μύλις</span> 
     </span>
    </p>
   </div>
   <div class='ocr_carea' id='block_1_25' title="bbox 2060 1207 3658 1282">
    <p class='ocr_par' dir='ltr' id='par_1_25' title="bbox 2060 1207 3658 1282">
     <span class='ocr_line' id='line_1_25' title="bbox 2060 1207 3658 1282; baseline 0.001 -22"><span class='ocrx_word' id='word_1_151' title='bbox 2060 1207 2192 1260; x_wconf 88' lang='grc' dir='ltr'><strong>ποτέ</strong></span> <span class='ocrx_word' id='word_1_152' title='bbox 2225 1207 2324 1279; x_wconf 80' lang='grc' dir='ltr'><strong>τὴν</strong></span> <span class='ocrx_word' id='word_1_153' title='bbox 2353 1208 2626 1278; x_wconf 76' lang='grc' dir='ltr'>τυχοῦσαν</span> <span class='ocrx_word' id='word_1_154' title='bbox 2677 1209 2922 1281; x_wconf 77' lang='grc' dir='ltr'><strong>ἠδυνήθη</strong></span> <span class='ocrx_word' id='word_1_155' title='bbox 2978 1208 3176 1282; x_wconf 80' lang='grc' dir='ltr'>μαθεῖν</span> <span class='ocrx_word' id='word_1_156' title='bbox 3229 1209 3449 1280; x_wconf 76' lang='grc' dir='ltr'>τέχνην,</span> <span class='ocrx_word' id='word_1_157' title='bbox 3497 1211 3658 1278; x_wconf 63' lang='grc' dir='ltr'>πότῳ.</span> 
     </span>
    </p>
   </div>
   <div class='ocr_carea' id='block_1_26' title="bbox 2063 1298 3649 1372">
    <p class='ocr_par' dir='ltr' id='par_1_26' title="bbox 2063 1298 3649 1372">
     <span class='ocr_line' id='line_1_26' title="bbox 2063 1298 3649 1372; baseline 0.001 -20"><span class='ocrx_word' id='word_1_158' title='bbox 2063 1298 2268 1369; x_wconf 75' lang='grc' dir='ltr'>μᾶλλον</span> <span class='ocrx_word' id='word_1_159' title='bbox 2324 1301 2354 1352; x_wconf 82' lang='grc' dir='ltr'>ὁ</span> <span class='ocrx_word' id='word_1_160' title='bbox 2391 1301 2492 1370; x_wconf 81' lang='grc' dir='ltr'>τὴν</span> <span class='ocrx_word' id='word_1_161' title='bbox 2517 1301 2612 1355; x_wconf 81' lang='grc' dir='ltr'>τοῦ</span> <span class='ocrx_word' id='word_1_162' title='bbox 2641 1301 2778 1355; x_wconf 88' lang='grc' dir='ltr'><strong>Θεοῦ</strong></span> <span class='ocrx_word' id='word_1_163' title='bbox 2812 1301 3038 1372; x_wconf 83' lang='grc' dir='ltr'>γνῶσιν,</span> <span class='ocrx_word' id='word_1_164' title='bbox 3071 1303 3166 1355; x_wconf 80' lang='grc' dir='ltr'>καὶ</span> <span class='ocrx_word' id='word_1_165' title='bbox 3188 1303 3289 1372; x_wconf 78' lang='grc' dir='ltr'>τὴν</span> <span class='ocrx_word' id='word_1_166' title='bbox 3315 1303 3452 1372; x_wconf 80' lang='grc' dir='ltr'>πρὸς</span> <span class='ocrx_word' id='word_1_167' title='bbox 3484 1302 3649 1355; x_wconf 70' lang='grc' dir='ltr'>αὐτὸν</span> 
     </span>
    </p>
   </div>
   <div class='ocr_carea' id='block_1_27' title="bbox 2059 1391 3648 1465">
    <p class='ocr_par' dir='ltr' id='par_1_27' title="bbox 2059 1391 3648 1465">
     <span class='ocr_line' id='line_1_27' title="bbox 2059 1391 3648 1465; baseline 0.003 -23"><span class='ocrx_word' id='word_1_168' title='bbox 2059 1391 2424 1463; x_wconf 73' lang='grc' dir='ltr'><strong>εὐαρέστησιν</strong></span> <span class='ocrx_word' id='word_1_169' title='bbox 2463 1392 2812 1463; x_wconf 81' lang='grc' dir='ltr'>κατορθῶσαι</span> <span class='ocrx_word' id='word_1_170' title='bbox 2873 1393 3226 1465; x_wconf 83' lang='grc' dir='ltr'>βουλόμενος,</span> <span class='ocrx_word' id='word_1_171' title='bbox 3269 1393 3482 1463; x_wconf 74' lang='grc' dir='ltr'>ὀφείλει</span> <span class='ocrx_word' id='word_1_172' title='bbox 3525 1411 3648 1464; x_wconf 71' lang='grc' dir='ltr'>σχο-</span> 
     </span>
    </p>
   </div>
   <div class='ocr_carea' id='block_1_28' title="bbox 2059 1482 3647 1557">
    <p class='ocr_par' dir='ltr' id='par_1_28' title="bbox 2059 1482 3647 1557">
     <span class='ocr_line' id='line_1_28' title="bbox 2059 1482 3647 1557; baseline 0.001 -22"><span class='ocrx_word' id='word_1_173' title='bbox 2059 1482 2244 1547; x_wconf 77' lang='grc' dir='ltr'>λάζειν</span> <span class='ocrx_word' id='word_1_174' title='bbox 2272 1485 2330 1536; x_wconf 92' lang='grc' dir='ltr'><strong>ἐν</strong></span> <span class='ocrx_word' id='word_1_175' title='bbox 2380 1483 2523 1554; x_wconf 83' lang='grc' dir='ltr'><strong>Θεῷ,</strong></span> <span class='ocrx_word' id='word_1_176' title='bbox 2581 1485 2680 1538; x_wconf 73' lang='grc' dir='ltr'>καὶ</span> <span class='ocrx_word' id='word_1_177' title='bbox 2729 1483 2949 1556; x_wconf 78' lang='grc' dir='ltr'><strong>θερμῶς</strong></span> <span class='ocrx_word' id='word_1_178' title='bbox 3005 1485 3100 1538; x_wconf 73' lang='grc' dir='ltr'>καὶ</span> <span class='ocrx_word' id='word_1_179' title='bbox 3157 1485 3426 1557; x_wconf 86' lang='grc' dir='ltr'>ἐμπύρως</span> <span class='ocrx_word' id='word_1_180' title='bbox 3481 1484 3647 1554; x_wconf 77' lang='grc' dir='ltr'>μέχρι</span> 
     </span>
    </p>
   </div>
   <div class='ocr_carea' id='block_1_29' title="bbox 2059 1571 3648 1647">
    <p class='ocr_par' dir='ltr' id='par_1_29' title="bbox 2059 1571 3648 1647">
     <span class='ocr_line' id='line_1_29' title="bbox 2059 1571 3648 1647; baseline -0.001 -19"><span class='ocrx_word' id='word_1_181' title='bbox 2059 1574 2252 1639; x_wconf 79' lang='grc' dir='ltr'><strong>τέλους</strong></span> <span class='ocrx_word' id='word_1_182' title='bbox 2297 1573 2444 1646; x_wconf 81' lang='grc' dir='ltr'>ζωῆς</span> <span class='ocrx_word' id='word_1_183' title='bbox 2475 1576 2573 1647; x_wconf 80' lang='grc' dir='ltr'>τὴν</span> <span class='ocrx_word' id='word_1_184' title='bbox 2619 1575 2820 1628; x_wconf 79' lang='grc' dir='ltr'>ἑαυτοῦ</span> <span class='ocrx_word' id='word_1_185' title='bbox 2869 1574 3050 1646; x_wconf 70' lang='grc' dir='ltr'>ψυχὴν</span> <span class='ocrx_word' id='word_1_186' title='bbox 3101 1576 3246 1646; x_wconf 78' lang='grc' dir='ltr'>ἔχειν</span> <span class='ocrx_word' id='word_1_187' title='bbox 3301 1571 3440 1646; x_wconf 80' lang='grc' dir='ltr'>πρός</span> <span class='ocrx_word' id='word_1_188' title='bbox 3483 1577 3648 1630; x_wconf 70' lang='grc' dir='ltr'>αὐτὸν</span> 
     </span>
    </p>
   </div>
   <div class='ocr_carea' id='block_1_30' title="bbox 2061 1667 3650 1740">
    <p class='ocr_par' dir='ltr' id='par_1_30' title="bbox 2061 1667 3650 1740">
     <span class='ocr_line' id='line_1_30' title="bbox 2061 1667 3650 1740; baseline -0.001 -19"><span class='ocrx_word' id='word_1_189' title='bbox 2061 1669 2476 1739; x_wconf 82' lang='grc' dir='ltr'>ἐπτερωμένην;</span> <span class='ocrx_word' id='word_1_190' title='bbox 2500 1669 2612 1738; x_wconf 83' lang='grc' dir='ltr'><strong>Οὐχ</strong></span> <span class='ocrx_word' id='word_1_191' title='bbox 2631 1669 2766 1740; x_wconf 85' lang='grc' dir='ltr'><strong>ὁρᾷς</strong></span> <span class='ocrx_word' id='word_1_192' title='bbox 2786 1668 2914 1730; x_wconf 70' lang='grc' dir='ltr'>τοὺς</span> <span class='ocrx_word' id='word_1_193' title='bbox 2943 1669 3043 1732; x_wconf 83' lang='grc' dir='ltr'>τὰς</span> <span class='ocrx_word' id='word_1_194' title='bbox 3071 1667 3334 1738; x_wconf 78' lang='grc' dir='ltr'>βιωτικάς</span> <span class='ocrx_word' id='word_1_195' title='bbox 3361 1669 3456 1722; x_wconf 77' lang='grc' dir='ltr'>καὶ</span> <span class='ocrx_word' id='word_1_196' title='bbox 3479 1685 3650 1740; x_wconf 74' lang='grc' dir='ltr'>προτ-</span> 
     </span>
    </p>
   </div>
   <div class='ocr_carea' id='block_1_31' title="bbox 2062 1758 3648 1832">
    <p class='ocr_par' dir='ltr' id='par_1_31' title="bbox 2062 1758 3648 1832">
     <span class='ocr_line' id='line_1_31' title="bbox 2062 1758 3648 1832; baseline -0.003 -16"><span class='ocrx_word' id='word_1_197' title='bbox 2062 1761 2288 1832; x_wconf 82' lang='grc' dir='ltr'>καίρους</span> <span class='ocrx_word' id='word_1_198' title='bbox 2343 1760 2725 1832; x_wconf 85' lang='grc' dir='ltr'>λαμϐάνοντας</span> <span class='ocrx_word' id='word_1_199' title='bbox 2767 1760 2967 1832; x_wconf 83' lang='grc' dir='ltr'>ἀρχὰς,</span> <span class='ocrx_word' id='word_1_200' title='bbox 3006 1759 3126 1824; x_wconf 86' lang='grc' dir='ltr'>πῶς</span> <span class='ocrx_word' id='word_1_201' title='bbox 3175 1758 3402 1813; x_wconf 74' lang='grc' dir='ltr'>ἐπειδὰν</span> <span class='ocrx_word' id='word_1_202' title='bbox 3450 1758 3648 1830; x_wconf 77' lang='grc' dir='ltr'>καιροῦ</span> 
     </span>
    </p>
   </div>
   <div class='ocr_carea' id='block_1_32' title="bbox 371 1824 1957 1924">
    <p class='ocr_par' dir='ltr' id='par_1_32' title="bbox 371 1824 1957 1908">
     <span class='ocr_line' id='line_1_32' title="bbox 371 1824 1957 1908; baseline 0.003 -20"><span class='ocrx_word' id='word_1_203' title='bbox 371 1835 738 1903; x_wconf 82' lang='lat' dir='ltr'><strong>gitationibus</strong></span> <span class='ocrx_word' id='word_1_204' title='bbox 771 1836 926 1890; x_wconf 81' lang='lat' dir='ltr'><strong>velut</strong></span> <span class='ocrx_word' id='word_1_205' title='bbox 952 1836 1020 1890; x_wconf 90' lang='lat' dir='ltr'><strong>ab</strong></span> <span class='ocrx_word' id='word_1_206' title='bbox 1064 1836 1190 1906; x_wconf 83' lang='lat' dir='ltr'><strong>igne</strong></span> <span class='ocrx_word' id='word_1_207' title='bbox 1236 1824 1540 1892; x_wconf 80' lang='lat' dir='ltr'><strong>incitentur</strong></span> <span class='ocrx_word' id='word_1_208' title='bbox 1573 1847 1630 1892; x_wconf 92' lang='lat' dir='ltr'><strong>et</strong></span> <span class='ocrx_word' id='word_1_209' title='bbox 1665 1837 1957 1908; x_wconf 88' lang='lat' dir='ltr'><strong>impellan-</strong></span> 
     </span>
    </p>
   </div>
   <div class='ocr_carea' id='block_1_33' title="bbox 2063 1824 3652 1924">
    <p class='ocr_par' dir='ltr' id='par_1_33' title="bbox 2063 1824 3652 1924">
     <span class='ocr_line' id='line_1_33' title="bbox 2063 1824 3652 1924; baseline -0.003 -18"><span class='ocrx_word' id='word_1_210' title='bbox 2063 1824 2202 1916; x_wconf 73' lang='grc' dir='ltr'>τινος</span> <span class='ocrx_word' id='word_1_211' title='bbox 2232 1824 2557 1924; x_wconf 77' lang='grc' dir='ltr'>δράξωνται,</span> <span class='ocrx_word' id='word_1_212' title='bbox 2587 1852 2664 1917; x_wconf 86' lang='grc' dir='ltr'>ὡς</span> <span class='ocrx_word' id='word_1_213' title='bbox 2691 1824 3000 1924; x_wconf 34' lang='grc' dir='ltr'>ύπὸνπυρὺς</span> <span class='ocrx_word' id='word_1_214' title='bbox 3037 1851 3342 1922; x_wconf 82' lang='grc' dir='ltr'>ὠθούμενοι</span> <span class='ocrx_word' id='word_1_215' title='bbox 3383 1851 3488 1904; x_wconf 76' lang='grc' dir='ltr'><strong>ὑπὸ</strong></span> <span class='ocrx_word' id='word_1_216' title='bbox 3541 1824 3652 1903; x_wconf 76' lang='grc' dir='ltr'>τῶν</span> 
     </span>
    </p>
   </div>
   <div class='ocr_carea' id='block_1_34' title="bbox 376 1927 1955 1998">
    <p class='ocr_par' dir='ltr' id='par_1_34' title="bbox 376 1927 1955 1998">
     <span class='ocr_line' id='line_1_34' title="bbox 376 1927 1955 1998; baseline 0.004 -19"><span class='ocrx_word' id='word_1_217' title='bbox 376 1937 486 1993; x_wconf 85' lang='lat' dir='ltr'><strong>tur,</strong></span> <span class='ocrx_word' id='word_1_218' title='bbox 516 1928 590 1982; x_wconf 89' lang='lat' dir='ltr'><strong>ita</strong></span> <span class='ocrx_word' id='word_1_219' title='bbox 615 1937 677 1982; x_wconf 91' lang='lat' dir='ltr'><strong>ut</strong></span> <span class='ocrx_word' id='word_1_220' title='bbox 701 1929 934 1998; x_wconf 88' lang='lat' dir='ltr'><strong>quilibet</strong></span> <span class='ocrx_word' id='word_1_221' title='bbox 977 1927 1195 1982; x_wconf 91' lang='lat' dir='ltr'><strong>illorum</strong></span> <span class='ocrx_word' id='word_1_222' title='bbox 1239 1929 1388 1984; x_wconf 87' lang='lat' dir='ltr'><strong>dicat</strong></span> <span class='ocrx_word' id='word_1_223' title='bbox 1415 1949 1427 1982; x_wconf 89' lang='lat'><strong>:</strong></span> <span class='ocrx_word' id='word_1_224' title='bbox 1457 1929 1727 1995; x_wconf 83' lang='lat' dir='ltr'><strong>Quantam</strong></span> <span class='ocrx_word' id='word_1_225' title='bbox 1759 1939 1955 1986; x_wconf 91' lang='lat' dir='ltr'><strong>nactus</strong></span> 
     </span>
    </p>
   </div>
   <div class='ocr_carea' id='block_1_35' title="bbox 373 2019 1954 2088">
    <p class='ocr_par' dir='ltr' id='par_1_35' title="bbox 373 2019 1954 2088">
     <span class='ocr_line' id='line_1_35' title="bbox 373 2019 1954 2088; baseline 0.003 -16"><span class='ocrx_word' id='word_1_226' title='bbox 373 2034 496 2072; x_wconf 86' lang='lat' dir='ltr'><strong>sum</strong></span> <span class='ocrx_word' id='word_1_227' title='bbox 537 2019 1050 2088; x_wconf 84' lang='lat' dir='ltr'><strong>opportunitatem!</strong></span> <span class='ocrx_word' id='word_1_228' title='bbox 1078 2019 1252 2084; x_wconf 87' lang='lat' dir='ltr'><strong>Quam</strong></span> <span class='ocrx_word' id='word_1_229' title='bbox 1301 2021 1411 2075; x_wconf 87' lang='lat' dir='ltr'><strong>late</strong></span> <span class='ocrx_word' id='word_1_230' title='bbox 1451 2020 1747 2075; x_wconf 85' lang='lat' dir='ltr'><strong>dominor!</strong></span> <span class='ocrx_word' id='word_1_231' title='bbox 1775 2021 1954 2088; x_wconf 87' lang='lat' dir='ltr'><strong>Quam</strong></span> 
     </span>
    </p>
   </div>
   <div class='ocr_carea' id='block_1_36' title="bbox 375 2110 1956 2180">
    <p class='ocr_par' dir='ltr' id='par_1_36' title="bbox 375 2110 1956 2180">
     <span class='ocr_line' id='line_1_36' title="bbox 375 2110 1956 2180; baseline 0.004 -19"><span class='ocrx_word' id='word_1_232' title='bbox 375 2125 572 2180; x_wconf 80' lang='lat' dir='ltr'><strong>magno</strong></span> <span class='ocrx_word' id='word_1_233' title='bbox 623 2110 858 2179; x_wconf 88' lang='lat' dir='ltr'><strong>imperio</strong></span> <span class='ocrx_word' id='word_1_234' title='bbox 909 2110 1120 2179; x_wconf 89' lang='lat' dir='ltr'><strong>potior!</strong></span> <span class='ocrx_word' id='word_1_235' title='bbox 1178 2110 1354 2176; x_wconf 86' lang='lat' dir='ltr'><strong>Quam</strong></span> <span class='ocrx_word' id='word_1_236' title='bbox 1403 2111 1544 2166; x_wconf 81' lang='lat' dir='ltr'><strong>laetis</strong></span> <span class='ocrx_word' id='word_1_237' title='bbox 1603 2113 1956 2168; x_wconf 85' lang='lat' dir='ltr'><strong>successibus</strong></span> 
     </span>
    </p>
   </div>
   <div class='ocr_carea' id='block_1_37' title="bbox 372 2201 1955 2274">
    <p class='ocr_par' dir='ltr' id='par_1_37' title="bbox 372 2201 1955 2274">
     <span class='ocr_line' id='line_1_37' title="bbox 372 2201 1955 2274; baseline 0 -17"><span class='ocrx_word' id='word_1_238' title='bbox 372 2203 559 2257; x_wconf 88' lang='lat' dir='ltr'><strong>omnia</strong></span> <span class='ocrx_word' id='word_1_239' title='bbox 594 2203 732 2256; x_wconf 88' lang='lat' dir='ltr'><strong>mihi</strong></span> <span class='ocrx_word' id='word_1_240' title='bbox 761 2203 1064 2257; x_wconf 86' lang='lat' dir='ltr'><strong>eveniunt!</strong></span> <span class='ocrx_word' id='word_1_241' title='bbox 1116 2201 1414 2268; x_wconf 85' lang='lat' dir='ltr'><strong>Diteseam,</strong></span> <span class='ocrx_word' id='word_1_242' title='bbox 1449 2211 1754 2268; x_wconf 82' lang='lat' dir='ltr'><strong>exstruam,</strong></span> <span class='ocrx_word' id='word_1_243' title='bbox 1793 2203 1955 2274; x_wconf 88' lang='lat' dir='ltr'><strong>plan-</strong></span> 
     </span>
    </p>
   </div>
   <div class='ocr_carea' id='block_1_38' title="bbox 373 2293 1954 2364">
    <p class='ocr_par' dir='ltr' id='par_1_38' title="bbox 373 2293 1954 2364">
     <span class='ocr_line' id='line_1_38' title="bbox 373 2293 1954 2364; baseline -0.001 -15"><span class='ocrx_word' id='word_1_244' title='bbox 373 2295 522 2360; x_wconf 88' lang='lat' dir='ltr'><strong>tabo,</strong></span> <span class='ocrx_word' id='word_1_245' title='bbox 577 2293 807 2364; x_wconf 88' lang='lat' dir='ltr'><strong>rapiam,</strong></span> <span class='ocrx_word' id='word_1_246' title='bbox 863 2293 1170 2364; x_wconf 88' lang='lat' dir='ltr'><strong>arnpliabo,</strong></span> <span class='ocrx_word' id='word_1_247' title='bbox 1217 2301 1596 2360; x_wconf 88' lang='lat' dir='ltr'><strong>antevertam,</strong></span> <span class='ocrx_word' id='word_1_248' title='bbox 1659 2303 1954 2364; x_wconf 88' lang='lat' dir='ltr'><strong>antequam</strong></span> 
     </span>
    </p>
   </div>
   <div class='ocr_carea' id='block_1_39' title="bbox 374 2386 1956 2458">
    <p class='ocr_par' dir='ltr' id='par_1_39' title="bbox 374 2386 1956 2458">
     <span class='ocr_line' id='line_1_39' title="bbox 374 2386 1956 2458; baseline 0.003 -18"><span class='ocrx_word' id='word_1_249' title='bbox 374 2388 612 2442; x_wconf 75' lang='lat' dir='ltr'><strong>fortunae</strong></span> <span class='ocrx_word' id='word_1_250' title='bbox 635 2395 691 2440; x_wconf 85' lang='lat' dir='ltr'><strong>et</strong></span> <span class='ocrx_word' id='word_1_251' title='bbox 741 2387 1050 2441; x_wconf 85' lang='lat' dir='ltr'><strong>occasionis</strong></span> <span class='ocrx_word' id='word_1_252' title='bbox 1076 2387 1308 2440; x_wconf 86' lang='lat' dir='ltr'><strong>mutatio</strong></span> <span class='ocrx_word' id='word_1_253' title='bbox 1337 2386 1574 2448; x_wconf 80' lang='lat' dir='ltr'><strong>accidat.</strong></span> <span class='ocrx_word' id='word_1_254' title='bbox 1609 2387 1733 2442; x_wconf 84' lang='lat' dir='ltr'><strong>Non</strong></span> <span class='ocrx_word' id='word_1_255' title='bbox 1756 2402 1956 2458; x_wconf 77' lang='lat' dir='ltr'><strong>exspe-</strong></span> 
     </span>
    </p>
   </div>
   <div class='ocr_carea' id='block_1_40' title="bbox 371 2473 1956 2546">
    <p class='ocr_par' dir='ltr' id='par_1_40' title="bbox 371 2473 1956 2546">
     <span class='ocr_line' id='line_1_40' title="bbox 371 2473 1956 2546; baseline 0.003 -16"><span class='ocrx_word' id='word_1_256' title='bbox 371 2476 555 2540; x_wconf 83' lang='lat' dir='ltr'><strong>ctabo,</strong></span> <span class='ocrx_word' id='word_1_257' title='bbox 587 2491 699 2529; x_wconf 89' lang='lat' dir='ltr'><strong>non</strong></span> <span class='ocrx_word' id='word_1_258' title='bbox 731 2473 1058 2529; x_wconf 83' lang='lat' dir='ltr'><strong>cunctabor.</strong></span> <span class='ocrx_word' id='word_1_259' title='bbox 1101 2473 1302 2528; x_wconf 84' lang='lat' dir='ltr'><strong>Nescio</strong></span> <span class='ocrx_word' id='word_1_260' title='bbox 1347 2475 1497 2529; x_wconf 88' lang='lat' dir='ltr'><strong>enim</strong></span> <span class='ocrx_word' id='word_1_261' title='bbox 1546 2476 1682 2546; x_wconf 90' lang='lat' dir='ltr'><strong>quid</strong></span> <span class='ocrx_word' id='word_1_262' title='bbox 1733 2486 1956 2546; x_wconf 81' lang='lat' dir='ltr'><strong>postera</strong></span> 
     </span>
    </p>
   </div>
   <div class='ocr_carea' id='block_1_41' title="bbox 375 2565 1956 2639">
    <p class='ocr_par' dir='ltr' id='par_1_41' title="bbox 375 2565 1956 2639">
     <span class='ocr_line' id='line_1_41' title="bbox 375 2565 1956 2639; baseline 0.003 -19"><span class='ocrx_word' id='word_1_263' title='bbox 375 2569 512 2622; x_wconf 83' lang='lat' dir='ltr'><strong>ferat</strong></span> <span class='ocrx_word' id='word_1_264' title='bbox 535 2567 680 2622; x_wconf 89' lang='lat' dir='ltr'><strong>dies.</strong></span> <span class='ocrx_word' id='word_1_265' title='bbox 709 2565 794 2620; x_wconf 78' lang='lat' dir='ltr'><strong>Ab</strong></span> <span class='ocrx_word' id='word_1_266' title='bbox 835 2565 924 2618; x_wconf 88' lang='lat' dir='ltr'><strong>bis</strong></span> <span class='ocrx_word' id='word_1_267' title='bbox 953 2573 1009 2619; x_wconf 89' lang='lat' dir='ltr'><strong>et</strong></span> <span class='ocrx_word' id='word_1_268' title='bbox 1066 2565 1122 2620; x_wconf 89' lang='lat' dir='ltr'><strong>id</strong></span> <span class='ocrx_word' id='word_1_269' title='bbox 1149 2581 1326 2636; x_wconf 83' lang='lat' dir='ltr'><strong>genus</strong></span> <span class='ocrx_word' id='word_1_270' title='bbox 1351 2567 1478 2622; x_wconf 90' lang='lat' dir='ltr'><strong>aliis</strong></span> <span class='ocrx_word' id='word_1_271' title='bbox 1523 2569 1956 2639; x_wconf 77' lang='lat' dir='ltr'><strong>cogitationibus</strong></span> 
     </span>
    </p>
   </div>
   <div class='ocr_carea' id='block_1_42' title="bbox 373 2657 1958 2732">
    <p class='ocr_par' dir='ltr' id='par_1_42' title="bbox 373 2657 1958 2732">
     <span class='ocr_line' id='line_1_42' title="bbox 373 2657 1958 2732; baseline 0.003 -20"><span class='ocrx_word' id='word_1_272' title='bbox 373 2659 600 2729; x_wconf 87' lang='lat' dir='ltr'><strong>plurimi</strong></span> <span class='ocrx_word' id='word_1_273' title='bbox 631 2658 970 2722; x_wconf 85' lang='lat' dir='ltr'><strong>mortalium,</strong></span> <span class='ocrx_word' id='word_1_274' title='bbox 1013 2657 1172 2728; x_wconf 88' lang='lat' dir='ltr'><strong>quasi</strong></span> <span class='ocrx_word' id='word_1_275' title='bbox 1198 2674 1228 2712; x_wconf 92' lang='lat' dir='ltr'><strong>a</strong></span> <span class='ocrx_word' id='word_1_276' title='bbox 1274 2659 1624 2715; x_wconf 68' lang='lat' dir='ltr'><strong>daemonibus</strong></span> <span class='ocrx_word' id='word_1_277' title='bbox 1677 2661 1868 2732; x_wconf 80' lang='lat' dir='ltr'><strong>agitati</strong></span> <span class='ocrx_word' id='word_1_278' title='bbox 1898 2671 1958 2716; x_wconf 90' lang='lat' dir='ltr'><strong>et</strong></span> 
     </span>
    </p>
   </div>
   <div class='ocr_carea' id='block_1_43' title="bbox 379 2750 1958 2823">
    <p class='ocr_par' dir='ltr' id='par_1_43' title="bbox 379 2750 1958 2823">
     <span class='ocr_line' id='line_1_43' title="bbox 379 2750 1958 2823; baseline 0.003 -18"><span class='ocrx_word' id='word_1_279' title='bbox 379 2750 628 2806; x_wconf 88' lang='lat' dir='ltr'><strong>instincti</strong></span> <span class='ocrx_word' id='word_1_280' title='bbox 655 2751 1038 2820; x_wconf 86' lang='lat' dir='ltr'><strong>impelluntur,</strong></span> <span class='ocrx_word' id='word_1_281' title='bbox 1066 2759 1123 2808; x_wconf 87' lang='lat' dir='ltr'><strong>et</strong></span> <span class='ocrx_word' id='word_1_282' title='bbox 1147 2751 1204 2804; x_wconf 88' lang='lat' dir='ltr'><strong>in</strong></span> <span class='ocrx_word' id='word_1_283' title='bbox 1250 2751 1418 2823; x_wconf 88' lang='lat' dir='ltr'><strong>hujus</strong></span> <span class='ocrx_word' id='word_1_284' title='bbox 1441 2753 1570 2808; x_wconf 70' lang='lat' dir='ltr'><strong>vitae</strong></span> <span class='ocrx_word' id='word_1_285' title='bbox 1620 2753 1958 2809; x_wconf 88' lang='lat' dir='ltr'><strong>sollicitudi-</strong></span> 
     </span>
    </p>
   </div>
   <div class='ocr_carea' id='block_1_44' title="bbox 373 2841 1958 2914">
    <p class='ocr_par' dir='ltr' id='par_1_44' title="bbox 373 2841 1958 2914">
     <span class='ocr_line' id='line_1_44' title="bbox 373 2841 1958 2914; baseline 0.003 -18"><span class='ocrx_word' id='word_1_286' title='bbox 373 2842 542 2897; x_wconf 86' lang='lat' dir='ltr'><strong>nibus</strong></span> <span class='ocrx_word' id='word_1_287' title='bbox 568 2841 959 2912; x_wconf 68' lang='lat' dir='ltr'><strong>praefocantur,</strong></span> <span class='ocrx_word' id='word_1_288' title='bbox 991 2843 1202 2912; x_wconf 89' lang='lat' dir='ltr'><strong>absque</strong></span> <span class='ocrx_word' id='word_1_289' title='bbox 1248 2845 1362 2898; x_wconf 90' lang='lat' dir='ltr'><strong>ullo</strong></span> <span class='ocrx_word' id='word_1_290' title='bbox 1414 2845 1688 2914; x_wconf 85' lang='lat' dir='ltr'><strong>profectu.</strong></span> <span class='ocrx_word' id='word_1_291' title='bbox 1730 2846 1844 2902; x_wconf 87' lang='lat' dir='ltr'><strong>Nec</strong></span> <span class='ocrx_word' id='word_1_292' title='bbox 1869 2847 1958 2901; x_wconf 91' lang='lat' dir='ltr'><strong>ul-</strong></span> 
     </span>
    </p>
   </div>
   <div class='ocr_carea' id='block_1_45' title="bbox 373 2934 1956 3008">
    <p class='ocr_par' dir='ltr' id='par_1_45' title="bbox 373 2934 1956 3008">
     <span class='ocr_line' id='line_1_45' title="bbox 373 2934 1956 3008; baseline 0.004 -20"><span class='ocrx_word' id='word_1_293' title='bbox 373 2937 482 2989; x_wconf 85' lang='lat' dir='ltr'><strong>lam</strong></span> <span class='ocrx_word' id='word_1_294' title='bbox 517 2934 587 2988; x_wconf 83' lang='lat' dir='ltr'><strong>de</strong></span> <span class='ocrx_word' id='word_1_295' title='bbox 643 2935 827 2989; x_wconf 91' lang='lat' dir='ltr'><strong>anima</strong></span> <span class='ocrx_word' id='word_1_296' title='bbox 879 2951 1071 2990; x_wconf 88' lang='lat' dir='ltr'><strong>curam</strong></span> <span class='ocrx_word' id='word_1_297' title='bbox 1103 2935 1438 3005; x_wconf 88' lang='lat' dir='ltr'><strong>suscipiunt.</strong></span> <span class='ocrx_word' id='word_1_298' title='bbox 1488 2937 1603 2994; x_wconf 88' lang='lat' dir='ltr'><strong>Nec</strong></span> <span class='ocrx_word' id='word_1_299' title='bbox 1653 2939 1724 2994; x_wconf 90' lang='lat' dir='ltr'><strong>de</strong></span> <span class='ocrx_word' id='word_1_300' title='bbox 1755 2947 1956 3008; x_wconf 89' lang='lat' dir='ltr'><strong>morte,</strong></span> 
     </span>
    </p>
   </div>
   <div class='ocr_carea' id='block_1_46' title="bbox 373 3024 1959 3099">
    <p class='ocr_par' dir='ltr' id='par_1_46' title="bbox 373 3024 1959 3099">
     <span class='ocr_line' id='line_1_46' title="bbox 373 3024 1959 3099; baseline 0.004 -19"><span class='ocrx_word' id='word_1_301' title='bbox 373 3041 479 3081; x_wconf 90' lang='lat' dir='ltr'><strong>nec</strong></span> <span class='ocrx_word' id='word_1_302' title='bbox 504 3024 570 3080; x_wconf 92' lang='lat' dir='ltr'><strong>dc</strong></span> <span class='ocrx_word' id='word_1_303' title='bbox 595 3025 778 3095; x_wconf 63' lang='lat' dir='ltr'><strong>poenis</strong></span> <span class='ocrx_word' id='word_1_304' title='bbox 803 3025 1026 3094; x_wconf 91' lang='lat' dir='ltr'><strong>futuris,</strong></span> <span class='ocrx_word' id='word_1_305' title='bbox 1059 3041 1168 3082; x_wconf 89' lang='lat' dir='ltr'><strong>nec</strong></span> <span class='ocrx_word' id='word_1_306' title='bbox 1190 3027 1260 3082; x_wconf 91' lang='lat' dir='ltr'><strong>de</strong></span> <span class='ocrx_word' id='word_1_307' title='bbox 1286 3028 1522 3099; x_wconf 86' lang='lat' dir='ltr'><strong>judicio.</strong></span> <span class='ocrx_word' id='word_1_308' title='bbox 1565 3028 1676 3085; x_wconf 90' lang='lat' dir='ltr'><strong>Sed</strong></span> <span class='ocrx_word' id='word_1_309' title='bbox 1718 3030 1834 3086; x_wconf 90' lang='lat' dir='ltr'><strong>fere</strong></span> <span class='ocrx_word' id='word_1_310' title='bbox 1857 3047 1959 3087; x_wconf 91' lang='lat' dir='ltr'><strong>nos</strong></span> 
     </span>
    </p>
   </div>
   <div class='ocr_carea' id='block_1_47' title="bbox 2063 1941 3654 2014">
    <p class='ocr_par' dir='ltr' id='par_1_47' title="bbox 2063 1941 3654 2014">
     <span class='ocr_line' id='line_1_47' title="bbox 2063 1941 3654 2014; baseline -0.001 -16"><span class='ocrx_word' id='word_1_311' title='bbox 2063 1944 2210 1999; x_wconf 80' lang='grc' dir='ltr'>ἰδίων</span> <span class='ocrx_word' id='word_1_312' title='bbox 2253 1943 2533 2014; x_wconf 84' lang='grc' dir='ltr'>λογισμῶν</span> <span class='ocrx_word' id='word_1_313' title='bbox 2560 1943 2882 1998; x_wconf 89' lang='grc' dir='ltr'>ἐλαύνονται</span> <span class='ocrx_word' id='word_1_314' title='bbox 2918 1943 3013 1998; x_wconf 76' lang='grc' dir='ltr'>καὶ</span> <span class='ocrx_word' id='word_1_315' title='bbox 3072 1941 3464 2004; x_wconf 82' lang='grc' dir='ltr'>συνωθοῦνται,</span> <span class='ocrx_word' id='word_1_316' title='bbox 3517 1941 3654 1996; x_wconf 75' lang='grc' dir='ltr'>ἔκα-</span> 
     </span>
    </p>
   </div>
   <div class='ocr_carea' id='block_1_48' title="bbox 2061 2028 3652 2105">
    <p class='ocr_par' dir='ltr' id='par_1_48' title="bbox 2061 2028 3652 2105">
     <span class='ocr_line' id='line_1_48' title="bbox 2061 2028 3652 2105; baseline -0.003 -15"><span class='ocrx_word' id='word_1_317' title='bbox 2061 2053 2186 2099; x_wconf 88' lang='grc' dir='ltr'>στος</span> <span class='ocrx_word' id='word_1_318' title='bbox 2213 2035 2394 2089; x_wconf 78' lang='grc' dir='ltr'>αὐτῶν</span> <span class='ocrx_word' id='word_1_319' title='bbox 2421 2037 2516 2089; x_wconf 71' lang='grc' dir='ltr'>καὶ</span> <span class='ocrx_word' id='word_1_320' title='bbox 2543 2034 2717 2100; x_wconf 81' lang='grc' dir='ltr'><strong>λέγει·</strong></span> <span class='ocrx_word' id='word_1_321' title='bbox 2763 2036 2884 2105; x_wconf 81' lang='grc' dir='ltr'><strong>Ἐφ’</strong></span> <span class='ocrx_word' id='word_1_322' title='bbox 2912 2037 3036 2090; x_wconf 75' lang='grc' dir='ltr'>ὅσον</span> <span class='ocrx_word' id='word_1_323' title='bbox 3071 2028 3232 2105; x_wconf 77' lang='grc' dir='ltr'>εὖρον</span> <span class='ocrx_word' id='word_1_324' title='bbox 3259 2033 3448 2104; x_wconf 81' lang='grc' dir='ltr'>καιρόν</span> <span class='ocrx_word' id='word_1_325' title='bbox 3471 2035 3484 2085; x_wconf 87' lang='lat' dir='ltr'><strong>l</strong></span> <span class='ocrx_word' id='word_1_326' title='bbox 3531 2033 3652 2101; x_wconf 82' lang='grc' dir='ltr'><strong>Ἐφ’</strong></span> 
     </span>
    </p>
   </div>
   <div class='ocr_carea' id='block_1_49' title="bbox 2056 2126 3652 2200">
    <p class='ocr_par' dir='ltr' id='par_1_49' title="bbox 2056 2126 3652 2200">
     <span class='ocr_line' id='line_1_49' title="bbox 2056 2126 3652 2200; baseline -0.003 -17"><span class='ocrx_word' id='word_1_327' title='bbox 2056 2130 2181 2183; x_wconf 83' lang='grc' dir='ltr'>ὅσον</span> <span class='ocrx_word' id='word_1_328' title='bbox 2216 2129 2441 2198; x_wconf 74' lang='grc' dir='ltr'>κρατῶῑ</span> <span class='ocrx_word' id='word_1_329' title='bbox 2490 2129 2607 2198; x_wconf 87' lang='grc' dir='ltr'><strong>Ἐφ’</strong></span> <span class='ocrx_word' id='word_1_330' title='bbox 2633 2131 2756 2184; x_wconf 85' lang='grc' dir='ltr'>ὅσον</span> <span class='ocrx_word' id='word_1_331' title='bbox 2787 2129 2896 2200; x_wconf 76' lang='grc' dir='ltr'>ἔχω</span> <span class='ocrx_word' id='word_1_332' title='bbox 2947 2128 3010 2181; x_wconf 82' lang='grc' dir='ltr'>τὺ</span> <span class='ocrx_word' id='word_1_333' title='bbox 3049 2127 3360 2182; x_wconf 80' lang='grc' dir='ltr'>ἐπιτάττειν</span> <span class='ocrx_word' id='word_1_334' title='bbox 3407 2126 3504 2179; x_wconf 76' lang='grc' dir='ltr'><strong>καὶ</strong></span> <span class='ocrx_word' id='word_1_335' title='bbox 3535 2128 3652 2179; x_wconf 80' lang='grc' dir='ltr'>εισ-</span> 
     </span>
    </p>
   </div>
   <div class='ocr_carea' id='block_1_50' title="bbox 2059 2219 3654 2291">
    <p class='ocr_par' dir='ltr' id='par_1_50' title="bbox 2059 2219 3654 2291">
     <span class='ocr_line' id='line_1_50' title="bbox 2059 2219 3654 2291; baseline -0.002 -17"><span class='ocrx_word' id='word_1_336' title='bbox 2059 2221 2386 2274; x_wconf 80' lang='grc' dir='ltr'>ακούεσθαιί</span> <span class='ocrx_word' id='word_1_337' title='bbox 2421 2221 2536 2290; x_wconf 82' lang='grc' dir='ltr'><strong>Ἐφ’</strong></span> <span class='ocrx_word' id='word_1_338' title='bbox 2564 2223 2687 2276; x_wconf 85' lang='grc' dir='ltr'>ὅσον</span> <span class='ocrx_word' id='word_1_339' title='bbox 2707 2223 2776 2274; x_wconf 79' lang='grc' dir='ltr'><strong>τά</strong></span> <span class='ocrx_word' id='word_1_340' title='bbox 2810 2221 2948 2291; x_wconf 77' lang='grc' dir='ltr'>πρὸς</span> <span class='ocrx_word' id='word_1_341' title='bbox 2967 2220 3054 2273; x_wconf 73' lang='grc' dir='ltr'><strong>τὸν</strong></span> <span class='ocrx_word' id='word_1_342' title='bbox 3083 2219 3198 2291; x_wconf 87' lang='grc' dir='ltr'>βίον</span> <span class='ocrx_word' id='word_1_343' title='bbox 3227 2219 3536 2290; x_wconf 87' lang='grc' dir='ltr'>πράγματά</span> <span class='ocrx_word' id='word_1_344' title='bbox 3559 2235 3654 2288; x_wconf 86' lang='grc' dir='ltr'><strong>μοι</strong></span> 
     </span>
    </p>
   </div>
   <div class='ocr_carea' id='block_1_51' title="bbox 2057 2309 3651 2384">
    <p class='ocr_par' dir='ltr' id='par_1_51' title="bbox 2057 2309 3651 2384">
     <span class='ocr_line' id='line_1_51' title="bbox 2057 2309 3651 2384; baseline -0.003 -18"><span class='ocrx_word' id='word_1_345' title='bbox 2057 2313 2260 2376; x_wconf 84' lang='grc' dir='ltr'>εὐθέως</span> <span class='ocrx_word' id='word_1_346' title='bbox 2293 2313 2594 2368; x_wconf 74' lang='grc' dir='ltr'>ὑπακούειί</span> <span class='ocrx_word' id='word_1_347' title='bbox 2628 2313 2944 2384; x_wconf 84' lang='grc' dir='ltr'>Πλουτήσω,</span> <span class='ocrx_word' id='word_1_348' title='bbox 2982 2311 3178 2375; x_wconf 82' lang='grc' dir='ltr'>κτίσω,</span> <span class='ocrx_word' id='word_1_349' title='bbox 3207 2309 3489 2379; x_wconf 81' lang='grc' dir='ltr'><strong>φυτεύσω,</strong></span> <span class='ocrx_word' id='word_1_350' title='bbox 3549 2311 3651 2380; x_wconf 82' lang='grc' dir='ltr'><strong>ἁρ-</strong></span> 
     </span>
    </p>
   </div>
   <div class='ocr_carea' id='block_1_52' title="bbox 2059 2401 3650 2476">
    <p class='ocr_par' dir='ltr' id='par_1_52' title="bbox 2059 2401 3650 2476">
     <span class='ocr_line' id='line_1_52' title="bbox 2059 2401 3650 2476; baseline -0.005 -17"><span class='ocrx_word' id='word_1_351' title='bbox 2059 2405 2241 2467; x_wconf 80' lang='grc' dir='ltr'>πάσω,</span> <span class='ocrx_word' id='word_1_352' title='bbox 2271 2405 2544 2468; x_wconf 81' lang='grc' dir='ltr'>πλατυνῶ,</span> <span class='ocrx_word' id='word_1_353' title='bbox 2577 2404 2857 2476; x_wconf 79' lang='grc' dir='ltr'>προλάϐω.</span> <span class='ocrx_word' id='word_1_354' title='bbox 2911 2401 3108 2474; x_wconf 68' lang='grc' dir='ltr'>πρὶνῆ</span> <span class='ocrx_word' id='word_1_355' title='bbox 3166 2402 3392 2472; x_wconf 81' lang='grc' dir='ltr'>γένηται</span> <span class='ocrx_word' id='word_1_356' title='bbox 3453 2401 3650 2471; x_wconf 74' lang='grc' dir='ltr'>καιροῦ</span> 
     </span>
    </p>
   </div>
   <div class='ocr_carea' id='block_1_53' title="bbox 2059 2491 3652 2570">
    <p class='ocr_par' dir='ltr' id='par_1_53' title="bbox 2059 2491 3652 2570">
     <span class='ocr_line' id='line_1_53' title="bbox 2059 2491 3652 2570; baseline -0.004 -20"><span class='ocrx_word' id='word_1_357' title='bbox 2059 2497 2408 2570; x_wconf 81' lang='grc' dir='ltr'>παραλλαγή.</span> <span class='ocrx_word' id='word_1_358' title='bbox 2461 2498 2552 2567; x_wconf 84' lang='grc' dir='ltr'><strong>Μὴ</strong></span> <span class='ocrx_word' id='word_1_359' title='bbox 2612 2495 2892 2566; x_wconf 82' lang='grc' dir='ltr'>ἀναμενῶ,</span> <span class='ocrx_word' id='word_1_360' title='bbox 2963 2492 3038 2564; x_wconf 83' lang='grc' dir='ltr'><strong>μὴ</strong></span> <span class='ocrx_word' id='word_1_361' title='bbox 3086 2491 3378 2564; x_wconf 75' lang='grc' dir='ltr'>ἀμελήσωο</span> <span class='ocrx_word' id='word_1_362' title='bbox 3445 2491 3509 2545; x_wconf 87' lang='grc' dir='ltr'><strong>ού</strong></span> <span class='ocrx_word' id='word_1_363' title='bbox 3540 2491 3652 2560; x_wconf 76' lang='grc' dir='ltr'><strong>γάρ</strong></span> 
     </span>
    </p>
   </div>
   <div class='ocr_carea' id='block_1_54' title="bbox 2058 2583 3652 2660">
    <p class='ocr_par' dir='ltr' id='par_1_54' title="bbox 2058 2583 3652 2660">
     <span class='ocr_line' id='line_1_54' title="bbox 2058 2583 3652 2660; baseline -0.006 -16"><span class='ocrx_word' id='word_1_364' title='bbox 2058 2585 2197 2651; x_wconf 80' lang='grc' dir='ltr'>οῖδα,</span> <span class='ocrx_word' id='word_1_365' title='bbox 2222 2590 2277 2642; x_wconf 86' lang='grc' dir='ltr'><strong>τί</strong></span> <span class='ocrx_word' id='word_1_366' title='bbox 2313 2589 2529 2654; x_wconf 81' lang='grc' dir='ltr'>τέξεται</span> <span class='ocrx_word' id='word_1_367' title='bbox 2560 2590 2594 2660; x_wconf 82' lang='grc' dir='ltr'>ἡ</span> <span class='ocrx_word' id='word_1_368' title='bbox 2647 2587 2904 2642; x_wconf 75' lang='grc' dir='ltr'>ἐπιοῦσα.</span> <span class='ocrx_word' id='word_1_369' title='bbox 2951 2585 3089 2638; x_wconf 80' lang='grc' dir='ltr'>’Υπδ</span> <span class='ocrx_word' id='word_1_370' title='bbox 3141 2585 3348 2638; x_wconf 86' lang='grc' dir='ltr'>τούτων</span> <span class='ocrx_word' id='word_1_371' title='bbox 3391 2585 3486 2636; x_wconf 70' lang='grc' dir='ltr'><strong>καὶ</strong></span> <span class='ocrx_word' id='word_1_372' title='bbox 3540 2583 3652 2635; x_wconf 84' lang='grc' dir='ltr'>τῶν</span> 
     </span>
    </p>
   </div>
   <div class='ocr_carea' id='block_1_55' title="bbox 2059 2671 3652 2746">
    <p class='ocr_par' dir='ltr' id='par_1_55' title="bbox 2059 2671 3652 2746">
     <span class='ocr_line' id='line_1_55' title="bbox 2059 2671 3652 2746; baseline -0.003 -17"><span class='ocrx_word' id='word_1_373' title='bbox 2059 2676 2322 2730; x_wconf 81' lang='grc' dir='ltr'>τοιούτων</span> <span class='ocrx_word' id='word_1_374' title='bbox 2365 2675 2648 2746; x_wconf 78' lang='grc' dir='ltr'>λογισμῶν</span> <span class='ocrx_word' id='word_1_375' title='bbox 2681 2677 2731 2728; x_wconf 85' lang='grc' dir='ltr'>οἱ</span> <span class='ocrx_word' id='word_1_376' title='bbox 2792 2674 2981 2729; x_wconf 68' lang='grc' dir='ltr'>πολλοὶ</span> <span class='ocrx_word' id='word_1_377' title='bbox 3037 2674 3147 2728; x_wconf 85' lang='grc' dir='ltr'><strong>τῶν</strong></span> <span class='ocrx_word' id='word_1_378' title='bbox 3194 2671 3522 2745; x_wconf 84' lang='grc' dir='ltr'>ἀνθρώπων,</span> <span class='ocrx_word' id='word_1_379' title='bbox 3573 2671 3652 2735; x_wconf 84' lang='grc' dir='ltr'>ὡς</span> 
     </span>
    </p>
   </div>
   <div class='ocr_carea' id='block_1_56' title="bbox 2060 2763 3652 2839">
    <p class='ocr_par' dir='ltr' id='par_1_56' title="bbox 2060 2763 3652 2839">
     <span class='ocr_line' id='line_1_56' title="bbox 2060 2763 3652 2839; baseline -0.003 -18"><span class='ocrx_word' id='word_1_380' title='bbox 2060 2768 2167 2821; x_wconf 73' lang='grc' dir='ltr'>ὑπὸ</span> <span class='ocrx_word' id='word_1_381' title='bbox 2219 2767 2488 2839; x_wconf 79' lang='grc' dir='ltr'>δαιμόνων</span> <span class='ocrx_word' id='word_1_382' title='bbox 2518 2768 2866 2838; x_wconf 77' lang='grc' dir='ltr'>ἐλαυνόμενοι</span> <span class='ocrx_word' id='word_1_383' title='bbox 2923 2766 3018 2820; x_wconf 77' lang='grc' dir='ltr'>καὶ</span> <span class='ocrx_word' id='word_1_384' title='bbox 3050 2763 3476 2836; x_wconf 64' lang='grc' dir='ltr'>συνωθούμενοι,</span> <span class='ocrx_word' id='word_1_385' title='bbox 3513 2780 3652 2820; x_wconf 77' lang='grc' dir='ltr'>κατ-</span> 
     </span>
    </p>
   </div>
   <div class='ocr_carea' id='block_1_57' title="bbox 2059 2857 3650 2933">
    <p class='ocr_par' dir='ltr' id='par_1_57' title="bbox 2059 2857 3650 2933">
     <span class='ocr_line' id='line_1_57' title="bbox 2059 2857 3650 2933; baseline -0.004 -18"><span class='ocrx_word' id='word_1_386' title='bbox 2059 2861 2382 2932; x_wconf 81' lang='grc' dir='ltr'>επείγονται</span> <span class='ocrx_word' id='word_1_387' title='bbox 2437 2862 2497 2914; x_wconf 91' lang='grc' dir='ltr'><strong>ἐν</strong></span> <span class='ocrx_word' id='word_1_388' title='bbox 2530 2863 2865 2933; x_wconf 78' lang='grc' dir='ltr'>πειρασμοῖς</span> <span class='ocrx_word' id='word_1_389' title='bbox 2893 2861 2987 2913; x_wconf 80' lang='grc' dir='ltr'>καὶ</span> <span class='ocrx_word' id='word_1_390' title='bbox 3029 2858 3327 2930; x_wconf 78' lang='grc' dir='ltr'>μερίμναις</span> <span class='ocrx_word' id='word_1_391' title='bbox 3361 2857 3650 2928; x_wconf 82' lang='grc' dir='ltr'>βιωτικαῖς</span> 
     </span>
    </p>
   </div>
   <div class='ocr_carea' id='block_1_58' title="bbox 2063 2949 3651 3024">
    <p class='ocr_par' dir='ltr' id='par_1_58' title="bbox 2063 2949 3651 3024">
     <span class='ocr_line' id='line_1_58' title="bbox 2063 2949 3651 3024; baseline -0.003 -17"><span class='ocrx_word' id='word_1_392' title='bbox 2063 2954 2522 3024; x_wconf 83' lang='grc' dir='ltr'>συμπνιγόμενοι,</span> <span class='ocrx_word' id='word_1_393' title='bbox 2551 2954 2648 3007; x_wconf 74' lang='grc' dir='ltr'><strong>καὶ</strong></span> <span class='ocrx_word' id='word_1_394' title='bbox 2679 2955 2740 3006; x_wconf 85' lang='grc' dir='ltr'><strong>ού</strong></span> <span class='ocrx_word' id='word_1_395' title='bbox 2772 2950 3254 3024; x_wconf 81' lang='grc' dir='ltr'>τελεσφοροῦντες.</span> <span class='ocrx_word' id='word_1_396' title='bbox 3313 2951 3427 3004; x_wconf 74' lang='grc' dir='ltr'>Καὶ</span> <span class='ocrx_word' id='word_1_397' title='bbox 3470 2949 3651 3012; x_wconf 70' lang='grc' dir='ltr'>οὐδεὶς</span> 
     </span>
    </p>
   </div>
   <div class='ocr_carea' id='block_1_59' title="bbox 2061 3043 3656 3120">
    <p class='ocr_par' dir='ltr' id='par_1_59' title="bbox 2061 3043 3656 3120">
     <span class='ocr_line' id='line_1_59' title="bbox 2061 3043 3656 3120; baseline -0.003 -18"><span class='ocrx_word' id='word_1_398' title='bbox 2061 3050 2246 3112; x_wconf 82' lang='grc' dir='ltr'>αὐτοῖς</span> <span class='ocrx_word' id='word_1_399' title='bbox 2291 3048 2452 3118; x_wconf 84' lang='grc' dir='ltr'>λόγος</span> <span class='ocrx_word' id='word_1_400' title='bbox 2489 3049 2621 3120; x_wconf 74' lang='grc' dir='ltr'>περὶ</span> <span class='ocrx_word' id='word_1_401' title='bbox 2661 3047 2860 3118; x_wconf 75' lang='grc' dir='ltr'>ψυχῆς,</span> <span class='ocrx_word' id='word_1_402' title='bbox 2889 3047 3017 3119; x_wconf 80' lang='grc' dir='ltr'>περὶ</span> <span class='ocrx_word' id='word_1_403' title='bbox 3046 3046 3300 3109; x_wconf 85' lang='grc' dir='ltr'>θανάτου,</span> <span class='ocrx_word' id='word_1_404' title='bbox 3328 3044 3460 3115; x_wconf 72' lang='grc' dir='ltr'>περὶ</span> <span class='ocrx_word' id='word_1_405' title='bbox 3489 3043 3656 3098; x_wconf 84' lang='grc' dir='ltr'>κολά-</span> 
     </span>
    </p>
   </div>
   <div class='ocr_carea' id='block_1_60' title="bbox 375 3117 3649 3231">
    <p class='ocr_par' dir='ltr' id='par_1_60' title="bbox 375 3117 3649 3231">
     <span class='ocr_line' id='line_1_60' title="bbox 375 3117 3649 3231; baseline 0.001 -45"><span class='ocrx_word' id='word_1_406' title='bbox 375 3117 889 3231; x_wconf 60' lang='grc' dir='ltr'>ίμεοξ-ίεξιοηιωυε,</span> <span class='ocrx_word' id='word_1_407' title='bbox 912 3127 991 3231; x_wconf 39' lang='lat' dir='ltr'><strong>et,</strong></span> <span class='ocrx_word' id='word_1_408' title='bbox 1012 3119 1347 3190; x_wconf 67' lang='grc' dir='ltr'><strong>ἀθείρίηὶυεο</strong></span> <span class='ocrx_word' id='word_1_409' title='bbox 1393 3121 1463 3176; x_wconf 56' lang='lat' dir='ltr'><strong>Et</strong></span> <span class='ocrx_word' id='word_1_410' title='bbox 1501 3121 1714 3177; x_wconf 56' lang='lat' dir='ltr'><strong>&quot;tinam</strong></span> <span class='ocrx_word' id='word_1_411' title='bbox 1738 3121 1847 3179; x_wconf 73' lang='lat' dir='ltr'><strong>hoc</strong></span> <span class='ocrx_word' id='word_1_412' title='bbox 1868 3139 1959 3180; x_wconf 75' lang='grc' dir='ltr'><strong>δυ’</strong></span> <span class='ocrx_word' id='word_1_413' title='bbox 1988 3174 2030 3231; x_wconf 70' lang='lat' dir='ltr'><strong><em>C</em></strong></span> <span class='ocrx_word' id='word_1_414' title='bbox 2064 3157 2223 3204; x_wconf 89' lang='grc' dir='ltr'>σεως,</span> <span class='ocrx_word' id='word_1_415' title='bbox 2285 3141 2416 3212; x_wconf 71' lang='grc' dir='ltr'>περὶ</span> <span class='ocrx_word' id='word_1_416' title='bbox 2456 3117 2713 3211; x_wconf 80' lang='grc' dir='ltr'>κρίσεως.</span> <span class='ocrx_word' id='word_1_417' title='bbox 2742 3117 2913 3194; x_wconf 72' lang='grc' dir='ltr'>Ἀλλὰ</span> <span class='ocrx_word' id='word_1_418' title='bbox 2943 3117 3132 3210; x_wconf 67' lang='grc' dir='ltr'>σχεδὸν</span> <span class='ocrx_word' id='word_1_419' title='bbox 3157 3137 3384 3202; x_wconf 71' lang='grc' dir='ltr'>ἑαυτοὺς</span> <span class='ocrx_word' id='word_1_420' title='bbox 3411 3137 3649 3206; x_wconf 75' lang='grc' dir='ltr'>ἀγνοοῦ-</span> 
     </span>
    </p>
   </div>
   <div class='ocr_carea' id='block_1_61' title="bbox 375 3209 1960 3282">
    <p class='ocr_par' dir='ltr' id='par_1_61' title="bbox 375 3209 1960 3282">
     <span class='ocr_line' id='line_1_61' title="bbox 375 3209 1960 3282; baseline 0.006 -20"><span class='ocrx_word' id='word_1_421' title='bbox 375 3210 490 3263; x_wconf 90' lang='lat' dir='ltr'><strong>lum</strong></span> <span class='ocrx_word' id='word_1_422' title='bbox 518 3209 698 3264; x_wconf 82' lang='lat' dir='ltr'><strong>levius</strong></span> <span class='ocrx_word' id='word_1_423' title='bbox 735 3211 942 3264; x_wconf 88' lang='lat' dir='ltr'><strong>malum</strong></span> <span class='ocrx_word' id='word_1_424' title='bbox 967 3209 1142 3266; x_wconf 85' lang='lat' dir='ltr'><strong>foret!</strong></span> <span class='ocrx_word' id='word_1_425' title='bbox 1177 3213 1315 3282; x_wconf 88' lang='lat' dir='ltr'><strong>quin</strong></span> <span class='ocrx_word' id='word_1_426' title='bbox 1363 3221 1432 3267; x_wconf 81' lang='lat' dir='ltr'><strong>&#39;et</strong></span> <span class='ocrx_word' id='word_1_427' title='bbox 1461 3221 1656 3268; x_wconf 89' lang='lat' dir='ltr'><strong>mutuo</strong></span> <span class='ocrx_word' id='word_1_428' title='bbox 1695 3230 1802 3270; x_wconf 90' lang='lat' dir='ltr'><strong>nos</strong></span> <span class='ocrx_word' id='word_1_429' title='bbox 1829 3215 1960 3271; x_wconf 91' lang='lat' dir='ltr'><strong>odio</strong></span> 
     </span>
    </p>
   </div>
   <div class='ocr_carea' id='block_1_62' title="bbox 377 3302 1962 3372">
    <p class='ocr_par' dir='ltr' id='par_1_62' title="bbox 377 3302 1962 3372">
     <span class='ocr_line' id='line_1_62' title="bbox 377 3302 1962 3372; baseline 0.005 -17"><span class='ocrx_word' id='word_1_430' title='bbox 377 3302 788 3372; x_wconf 87' lang='lat' dir='ltr'><strong>prosequimur,</strong></span> <span class='ocrx_word' id='word_1_431' title='bbox 823 3303 1115 3368; x_wconf 84' lang='lat' dir='ltr'><strong>conviciis,</strong></span> <span class='ocrx_word' id='word_1_432' title='bbox 1148 3304 1635 3372; x_wconf 82' lang='lat' dir='ltr'><strong>insidiis,invidia,</strong></span> <span class='ocrx_word' id='word_1_433' title='bbox 1667 3307 1962 3364; x_wconf 86' lang='lat' dir='ltr'><strong>calumniis</strong></span> 
     </span>
    </p>
   </div>
   <div class='ocr_carea' id='block_1_63' title="bbox 375 3395 1956 3465">
    <p class='ocr_par' dir='ltr' id='par_1_63' title="bbox 375 3395 1956 3465">
     <span class='ocr_line' id='line_1_63' title="bbox 375 3395 1956 3465; baseline 0.006 -17"><span class='ocrx_word' id='word_1_434' title='bbox 375 3404 433 3448; x_wconf 89' lang='lat' dir='ltr'><strong>ct</strong></span> <span class='ocrx_word' id='word_1_435' title='bbox 454 3395 776 3450; x_wconf 87' lang='lat' dir='ltr'><strong>scommatis</strong></span> <span class='ocrx_word' id='word_1_436' title='bbox 799 3395 1136 3465; x_wconf 89' lang='lat' dir='ltr'><strong>appetimus,</strong></span> <span class='ocrx_word' id='word_1_437' title='bbox 1153 3397 1500 3463; x_wconf 84' lang='lat' dir='ltr'><strong>divexamus,</strong></span> <span class='ocrx_word' id='word_1_438' title='bbox 1518 3407 1576 3454; x_wconf 93' lang='lat' dir='ltr'><strong>et</strong></span> <span class='ocrx_word' id='word_1_439' title='bbox 1605 3399 1956 3457; x_wconf 88' lang='lat' dir='ltr'><strong>incessimus:</strong></span> 
     </span>
    </p>
   </div>
   <div class='ocr_carea' id='block_1_64' title="bbox 378 3487 1960 3560">
    <p class='ocr_par' dir='ltr' id='par_1_64' title="bbox 378 3487 1960 3560">
     <span class='ocr_line' id='line_1_64' title="bbox 378 3487 1960 3560; baseline 0.004 -20"><span class='ocrx_word' id='word_1_440' title='bbox 378 3487 678 3558; x_wconf 89' lang='lat' dir='ltr'><strong>nullusque</strong></span> <span class='ocrx_word' id='word_1_441' title='bbox 705 3497 958 3543; x_wconf 88' lang='lat' dir='ltr'><strong>nostrum</strong></span> <span class='ocrx_word' id='word_1_442' title='bbox 995 3488 1064 3543; x_wconf 87' lang='lat' dir='ltr'><strong>ad</strong></span> <span class='ocrx_word' id='word_1_443' title='bbox 1097 3499 1324 3560; x_wconf 85' lang='lat' dir='ltr'><strong>peccata</strong></span> <span class='ocrx_word' id='word_1_444' title='bbox 1356 3506 1455 3546; x_wconf 87' lang='lat' dir='ltr'><strong>sua</strong></span> <span class='ocrx_word' id='word_1_445' title='bbox 1479 3491 1726 3546; x_wconf 91' lang='lat' dir='ltr'><strong>animum</strong></span> <span class='ocrx_word' id='word_1_446' title='bbox 1760 3494 1960 3550; x_wconf 85' lang='lat' dir='ltr'><strong>adver-</strong></span> 
     </span>
    </p>
   </div>
   <div class='ocr_carea' id='block_1_65' title="bbox 382 3579 1963 3657">
    <p class='ocr_par' dir='ltr' id='par_1_65' title="bbox 382 3579 1963 3657">
     <span class='ocr_line' id='line_1_65' title="bbox 382 3579 1963 3657; baseline 0.006 -26"><span class='ocrx_word' id='word_1_447' title='bbox 382 3579 483 3632; x_wconf 86' lang='lat' dir='ltr'><strong>tit:</strong></span> <span class='ocrx_word' id='word_1_448' title='bbox 519 3580 706 3636; x_wconf 92' lang='lat' dir='ltr'><strong>nullus</strong></span> <span class='ocrx_word' id='word_1_449' title='bbox 734 3581 805 3636; x_wconf 93' lang='lat' dir='ltr'><strong>de</strong></span> <span class='ocrx_word' id='word_1_450' title='bbox 849 3597 1023 3637; x_wconf 89' lang='lat' dir='ltr'><strong>onere</strong></span> <span class='ocrx_word' id='word_1_451' title='bbox 1048 3598 1152 3638; x_wconf 86' lang='lat' dir='ltr'><strong>suo</strong></span> <span class='ocrx_word' id='word_1_452' title='bbox 1179 3583 1458 3640; x_wconf 87' lang='lat' dir='ltr'><strong>sollicitus</strong></span> <span class='ocrx_word' id='word_1_453' title='bbox 1492 3593 1610 3650; x_wconf 78' lang='lat' dir='ltr'><strong>eSt;</strong></span> <span class='ocrx_word' id='word_1_454' title='bbox 1640 3585 1735 3641; x_wconf 87' lang='lat' dir='ltr'><strong>sed</strong></span> <span class='ocrx_word' id='word_1_455' title='bbox 1775 3587 1963 3657; x_wconf 83' lang='lat' dir='ltr'><strong>proxi-</strong></span> 
     </span>
    </p>
   </div>
   <div class='ocr_carea' id='block_1_66' title="bbox 378 3679 1960 3747">
    <p class='ocr_par' dir='ltr' id='par_1_66' title="bbox 378 3679 1960 3747">
     <span class='ocr_line' id='line_1_66' title="bbox 378 3679 1960 3747; baseline 0.007 -23"><span class='ocrx_word' id='word_1_456' title='bbox 378 3687 596 3728; x_wconf 91' lang='lat' dir='ltr'><strong>morum</strong></span> <span class='ocrx_word' id='word_1_457' title='bbox 641 3682 960 3730; x_wconf 89' lang='lat' dir='ltr'><strong>nostrorum</strong></span> <span class='ocrx_word' id='word_1_458' title='bbox 1014 3687 1240 3747; x_wconf 90' lang='lat' dir='ltr'><strong>peccata</strong></span> <span class='ocrx_word' id='word_1_459' title='bbox 1275 3679 1495 3734; x_wconf 91' lang='lat' dir='ltr'><strong>curiose</strong></span> <span class='ocrx_word' id='word_1_460' title='bbox 1525 3680 1846 3735; x_wconf 89' lang='lat' dir='ltr'><strong>lustramus.</strong></span> <span class='ocrx_word' id='word_1_461' title='bbox 1877 3680 1960 3736; x_wconf 85' lang='lat' dir='ltr'><strong>Ad</strong></span> 
     </span>
    </p>
   </div>
   <div class='ocr_carea' id='block_1_67' title="bbox 377 3765 1958 3840">
    <p class='ocr_par' dir='ltr' id='par_1_67' title="bbox 377 3765 1958 3840">
     <span class='ocr_line' id='line_1_67' title="bbox 377 3765 1958 3840; baseline 0.004 -23"><span class='ocrx_word' id='word_1_462' title='bbox 377 3765 580 3819; x_wconf 82' lang='lat' dir='ltr'><strong>collum</strong></span> <span class='ocrx_word' id='word_1_463' title='bbox 633 3781 809 3836; x_wconf 91' lang='lat' dir='ltr'><strong>usque</strong></span> <span class='ocrx_word' id='word_1_464' title='bbox 860 3781 1020 3822; x_wconf 70' lang='lat' dir='ltr'><strong>coeno</strong></span> <span class='ocrx_word' id='word_1_465' title='bbox 1067 3767 1224 3823; x_wconf 81' lang='lat' dir='ltr'><strong>obliti</strong></span> <span class='ocrx_word' id='word_1_466' title='bbox 1271 3784 1485 3836; x_wconf 89' lang='lat' dir='ltr'><strong>sumus,</strong></span> <span class='ocrx_word' id='word_1_467' title='bbox 1526 3785 1631 3825; x_wconf 91' lang='lat' dir='ltr'><strong>nec</strong></span> <span class='ocrx_word' id='word_1_468' title='bbox 1654 3771 1958 3840; x_wconf 90' lang='lat' dir='ltr'><strong>quidquam</strong></span> 
     </span>
    </p>
   </div>
   <div class='ocr_carea' id='block_1_68' title="bbox 378 3856 1960 3930">
    <p class='ocr_par' dir='ltr' id='par_1_68' title="bbox 378 3856 1960 3930">
     <span class='ocr_line' id='line_1_68' title="bbox 378 3856 1960 3930; baseline 0.005 -22"><span class='ocrx_word' id='word_1_469' title='bbox 378 3856 534 3924; x_wconf 85' lang='lat' dir='ltr'><strong>pensi</strong></span> <span class='ocrx_word' id='word_1_470' title='bbox 565 3856 856 3914; x_wconf 85' lang='lat' dir='ltr'><strong>habemus.</strong></span> <span class='ocrx_word' id='word_1_471' title='bbox 877 3857 960 3913; x_wconf 87' lang='lat' dir='ltr'><strong>Ad</strong></span> <span class='ocrx_word' id='word_1_472' title='bbox 981 3867 1326 3914; x_wconf 90' lang='lat' dir='ltr'><strong>senectutem</strong></span> <span class='ocrx_word' id='word_1_473' title='bbox 1371 3875 1548 3930; x_wconf 86' lang='lat' dir='ltr'><strong>usque</strong></span> <span class='ocrx_word' id='word_1_474' title='bbox 1571 3860 1752 3916; x_wconf 85' lang='lat' dir='ltr'><strong>aliena</strong></span> <span class='ocrx_word' id='word_1_475' title='bbox 1795 3876 1960 3916; x_wconf 88' lang='lat' dir='ltr'><strong>cura-</strong></span> 
     </span>
    </p>
   </div>
   <div class='ocr_carea' id='block_1_69' title="bbox 378 3949 1959 4023">
    <p class='ocr_par' dir='ltr' id='par_1_69' title="bbox 378 3949 1959 4023">
     <span class='ocr_line' id='line_1_69' title="bbox 378 3949 1959 4023; baseline 0.006 -24"><span class='ocrx_word' id='word_1_476' title='bbox 378 3963 522 4013; x_wconf 89' lang='lat' dir='ltr'><strong>mus,</strong></span> <span class='ocrx_word' id='word_1_477' title='bbox 559 3965 738 4018; x_wconf 87' lang='lat' dir='ltr'><strong>neque</strong></span> <span class='ocrx_word' id='word_1_478' title='bbox 784 3949 841 4004; x_wconf 88' lang='lat' dir='ltr'><strong>in</strong></span> <span class='ocrx_word' id='word_1_479' title='bbox 897 3951 1020 4020; x_wconf 88' lang='lat' dir='ltr'><strong>ipso</strong></span> <span class='ocrx_word' id='word_1_480' title='bbox 1053 3951 1210 4006; x_wconf 87' lang='lat' dir='ltr'><strong>senio</strong></span> <span class='ocrx_word' id='word_1_481' title='bbox 1254 3953 1398 4007; x_wconf 89' lang='lat' dir='ltr'><strong>mala</strong></span> <span class='ocrx_word' id='word_1_482' title='bbox 1441 3953 1665 4023; x_wconf 89' lang='lat' dir='ltr'><strong>propria</strong></span> <span class='ocrx_word' id='word_1_483' title='bbox 1689 3953 1959 4023; x_wconf 73' lang='lat' dir='ltr'><strong>expendi-</strong></span> 
     </span>
    </p>
   </div>
   <div class='ocr_carea' id='block_1_70' title="bbox 378 4041 1956 4123">
    <p class='ocr_par' dir='ltr' id='par_1_70' title="bbox 378 4041 1956 4123">
     <span class='ocr_line' id='line_1_70' title="bbox 378 4041 1956 4123; baseline 0.006 -31"><span class='ocrx_word' id='word_1_484' title='bbox 378 4056 524 4096; x_wconf 87' lang='lat' dir='ltr'><strong>mus.</strong></span> <span class='ocrx_word' id='word_1_485' title='bbox 559 4041 770 4098; x_wconf 86' lang='lat' dir='ltr'><strong>Minuta</strong></span> <span class='ocrx_word' id='word_1_486' title='bbox 788 4042 1020 4098; x_wconf 78' lang='lat' dir='ltr'><strong>fratrum</strong></span> <span class='ocrx_word' id='word_1_487' title='bbox 1054 4052 1373 4099; x_wconf 89' lang='lat' dir='ltr'><strong>nostrorum</strong></span> <span class='ocrx_word' id='word_1_488' title='bbox 1401 4055 1584 4123; x_wconf 86' lang='lat' dir='ltr'><strong>errata</strong></span> <span class='ocrx_word' id='word_1_489' title='bbox 1634 4047 1956 4112; x_wconf 89' lang='lat' dir='ltr'><strong>intuemur;</strong></span> 
     </span>
    </p>
   </div>
   <div class='ocr_carea' id='block_1_71' title="bbox 377 4133 1956 4205">
    <p class='ocr_par' dir='ltr' id='par_1_71' title="bbox 377 4133 1956 4205">
     <span class='ocr_line' id='line_1_71' title="bbox 377 4133 1956 4205; baseline 0.004 -18"><span class='ocrx_word' id='word_1_490' title='bbox 377 4144 432 4187; x_wconf 86' lang='lat' dir='ltr'><strong>at</strong></span> <span class='ocrx_word' id='word_1_491' title='bbox 455 4133 689 4200; x_wconf 87' lang='lat' dir='ltr'><strong>trabem,</strong></span> <span class='ocrx_word' id='word_1_492' title='bbox 717 4151 839 4205; x_wconf 66' lang='lat' dir='ltr'><strong>quae</strong></span> <span class='ocrx_word' id='word_1_493' title='bbox 861 4138 1029 4192; x_wconf 90' lang='lat' dir='ltr'><strong>estin</strong></span> <span class='ocrx_word' id='word_1_494' title='bbox 1066 4138 1232 4194; x_wconf 91' lang='lat' dir='ltr'><strong>oculo</strong></span> <span class='ocrx_word' id='word_1_495' title='bbox 1282 4148 1498 4204; x_wconf 92' lang='lat' dir='ltr'><strong>nostro,</strong></span> <span class='ocrx_word' id='word_1_496' title='bbox 1540 4155 1652 4194; x_wconf 89' lang='lat' dir='ltr'><strong>non</strong></span> <span class='ocrx_word' id='word_1_497' title='bbox 1683 4139 1956 4195; x_wconf 79' lang='lat' dir='ltr'><strong>videmus.</strong></span> 
     </span>
    </p>
   </div>
   <div class='ocr_carea' id='block_1_72' title="bbox 327 4223 1960 4308">
    <p class='ocr_par' dir='ltr' id='par_1_72' title="bbox 327 4223 1960 4308">
     <span class='ocr_line' id='line_1_72' title="bbox 327 4223 1960 4308; baseline 0.004 -30"><span class='ocrx_word' id='word_1_498' title='bbox 327 4292 339 4308; x_wconf 38' lang='lat' dir='ltr'><em>I</em></span> <span class='ocrx_word' id='word_1_499' title='bbox 378 4223 628 4280; x_wconf 71' lang='lat' dir='ltr'><strong>Pondere</strong></span> <span class='ocrx_word' id='word_1_500' title='bbox 651 4226 947 4282; x_wconf 88' lang='lat' dir='ltr'><strong>criminum</strong></span> <span class='ocrx_word' id='word_1_501' title='bbox 990 4237 1314 4284; x_wconf 91' lang='lat' dir='ltr'><strong>nostrorum</strong></span> <span class='ocrx_word' id='word_1_502' title='bbox 1365 4229 1732 4300; x_wconf 87' lang='lat' dir='ltr'><strong>deprimimur</strong></span> <span class='ocrx_word' id='word_1_503' title='bbox 1777 4237 1835 4286; x_wconf 92' lang='lat' dir='ltr'><strong>et</strong></span> <span class='ocrx_word' id='word_1_504' title='bbox 1872 4231 1960 4284; x_wconf 82' lang='lat' dir='ltr'><strong>in-</strong></span> 
     </span>
    </p>
   </div>
   <div class='ocr_carea' id='block_1_73' title="bbox 375 4315 1960 4378">
    <p class='ocr_par' dir='ltr' id='par_1_73' title="bbox 375 4315 1960 4378">
     <span class='ocr_line' id='line_1_73' title="bbox 375 4315 1960 4378; baseline 0.004 -8"><span class='ocrx_word' id='word_1_505' title='bbox 375 4315 674 4374; x_wconf 88' lang='lat' dir='ltr'><strong>flectimur.</strong></span> <span class='ocrx_word' id='word_1_506' title='bbox 703 4320 772 4375; x_wconf 88' lang='lat' dir='ltr'><strong>Et</strong></span> <span class='ocrx_word' id='word_1_507' title='bbox 809 4329 992 4376; x_wconf 88' lang='lat' dir='ltr'><strong>tamen</strong></span> <span class='ocrx_word' id='word_1_508' title='bbox 1019 4323 1240 4378; x_wconf 87' lang='lat' dir='ltr'><strong>curiose</strong></span> <span class='ocrx_word' id='word_1_509' title='bbox 1276 4323 1330 4378; x_wconf 91' lang='lat' dir='ltr'><strong>in</strong></span> <span class='ocrx_word' id='word_1_510' title='bbox 1364 4322 1603 4377; x_wconf 88' lang='lat' dir='ltr'><strong>aliorum</strong></span> <span class='ocrx_word' id='word_1_511' title='bbox 1647 4321 1960 4377; x_wconf 79' lang='lat' dir='ltr'><strong>defectibus</strong></span> 
     </span>
    </p>
   </div>
   <div class='ocr_carea' id='block_1_74' title="bbox 375 4409 1962 4485">
    <p class='ocr_par' dir='ltr' id='par_1_74' title="bbox 375 4409 1962 4485">
     <span class='ocr_line' id='line_1_74' title="bbox 375 4409 1962 4485; baseline 0.003 -22"><span class='ocrx_word' id='word_1_512' title='bbox 375 4409 706 4482; x_wconf 86' lang='lat' dir='ltr'><strong>delictisque</strong></span> <span class='ocrx_word' id='word_1_513' title='bbox 734 4413 1062 4484; x_wconf 82' lang='lat' dir='ltr'><strong>indagandis</strong></span> <span class='ocrx_word' id='word_1_514' title='bbox 1106 4429 1471 4485; x_wconf 88' lang='lat' dir='ltr'><strong>occupamur.</strong></span> <span class='ocrx_word' id='word_1_515' title='bbox 1515 4414 1707 4484; x_wconf 89' lang='lat' dir='ltr'><strong>Neque</strong></span> <span class='ocrx_word' id='word_1_516' title='bbox 1738 4415 1824 4468; x_wconf 88' lang='lat' dir='ltr'><strong>vel</strong></span> <span class='ocrx_word' id='word_1_517' title='bbox 1859 4413 1962 4467; x_wconf 84' lang='lat' dir='ltr'><strong>hac</strong></span> 
     </span>
    </p>
   </div>
   <div class='ocr_carea' id='block_1_75' title="bbox 2067 3231 3655 3304">
    <p class='ocr_par' dir='ltr' id='par_1_75' title="bbox 2067 3231 3655 3304">
     <span class='ocr_line' id='line_1_75' title="bbox 2067 3231 3655 3304; baseline 0 -18"><span class='ocrx_word' id='word_1_518' title='bbox 2067 3249 2190 3304; x_wconf 89' lang='grc' dir='ltr'>μεν,</span> <span class='ocrx_word' id='word_1_519' title='bbox 2224 3233 2320 3288; x_wconf 71' lang='grc' dir='ltr'><strong>καὶ</strong></span> <span class='ocrx_word' id='word_1_520' title='bbox 2348 3233 2670 3304; x_wconf 85' lang='grc' dir='ltr'>ἀπατῶμεν.</span> <span class='ocrx_word' id='word_1_521' title='bbox 2711 3232 2826 3288; x_wconf 75' lang='grc' dir='ltr'><strong>Καὶ</strong></span> <span class='ocrx_word' id='word_1_522' title='bbox 2855 3231 2968 3286; x_wconf 73' lang='grc' dir='ltr'>εἴθε</span> <span class='ocrx_word' id='word_1_523' title='bbox 3003 3231 3162 3302; x_wconf 85' lang='grc' dir='ltr'>μόνον</span> <span class='ocrx_word' id='word_1_524' title='bbox 3193 3232 3355 3286; x_wconf 82' lang='grc' dir='ltr'>τοῦτο</span> <span class='ocrx_word' id='word_1_525' title='bbox 3382 3246 3398 3262; x_wconf 82' lang='grc'><strong>’</strong></span> <span class='ocrx_word' id='word_1_526' title='bbox 3430 3231 3655 3286; x_wconf 77' lang='grc' dir='ltr'>ἔλαττον</span> 
     </span>
    </p>
   </div>
   <div class='ocr_carea' id='block_1_76' title="bbox 2063 3320 3654 3396">
    <p class='ocr_par' dir='ltr' id='par_1_76' title="bbox 2063 3320 3654 3396">
     <span class='ocr_line' id='line_1_76' title="bbox 2063 3320 3654 3396; baseline -0.001 -18"><span class='ocrx_word' id='word_1_527' title='bbox 2063 3325 2130 3378; x_wconf 84' lang='grc' dir='ltr'><strong>ἂν</strong></span> <span class='ocrx_word' id='word_1_528' title='bbox 2151 3320 2220 3396; x_wconf 85' lang='grc' dir='ltr'>ἦν</span> <span class='ocrx_word' id='word_1_529' title='bbox 2241 3325 2302 3378; x_wconf 75' lang='grc' dir='ltr'>τὸ</span> <span class='ocrx_word' id='word_1_530' title='bbox 2328 3325 2500 3380; x_wconf 80' lang='grc' dir='ltr'>κακόν</span> <span class='ocrx_word' id='word_1_531' title='bbox 2529 3342 2542 3356; x_wconf 92' lang='grc'><strong>·</strong></span> <span class='ocrx_word' id='word_1_532' title='bbox 2577 3325 2714 3380; x_wconf 81' lang='grc' dir='ltr'>ἀλλὰ</span> <span class='ocrx_word' id='word_1_533' title='bbox 2741 3325 2836 3379; x_wconf 73' lang='grc' dir='ltr'><strong>καὶ</strong></span> <span class='ocrx_word' id='word_1_534' title='bbox 2891 3323 3159 3396; x_wconf 79' lang='grc' dir='ltr'>ἀλλήλους</span> <span class='ocrx_word' id='word_1_535' title='bbox 3216 3323 3507 3394; x_wconf 79' lang='grc' dir='ltr'>μισοῦμεν,</span> <span class='ocrx_word' id='word_1_536' title='bbox 3553 3325 3654 3378; x_wconf 78' lang='grc' dir='ltr'>καὶ</span> 
     </span>
    </p>
   </div>
   <div class='ocr_carea' id='block_1_77' title="bbox 2062 3415 3648 3494">
    <p class='ocr_par' dir='ltr' id='par_1_77' title="bbox 2062 3415 3648 3494">
     <span class='ocr_line' id='line_1_77' title="bbox 2062 3415 3648 3494; baseline 0 -24"><span class='ocrx_word' id='word_1_537' title='bbox 2062 3417 2452 3494; x_wconf 72' lang='grc' dir='ltr'>λοιδοροῦμεν,</span> <span class='ocrx_word' id='word_1_538' title='bbox 2507 3417 2604 3472; x_wconf 79' lang='grc' dir='ltr'><strong>καὶ</strong></span> <span class='ocrx_word' id='word_1_539' title='bbox 2656 3416 3109 3488; x_wconf 85' lang='grc' dir='ltr'>ἐπιϐουλεύομεν,</span> <span class='ocrx_word' id='word_1_540' title='bbox 3157 3417 3256 3470; x_wconf 75' lang='grc' dir='ltr'>καὶ</span> <span class='ocrx_word' id='word_1_541' title='bbox 3318 3415 3648 3488; x_wconf 82' lang='grc' dir='ltr'>φθονοῦμεν,</span> 
     </span>
    </p>
   </div>
   <div class='ocr_carea' id='block_1_78' title="bbox 2063 3498 3653 3582">
    <p class='ocr_par' dir='ltr' id='par_1_78' title="bbox 2063 3498 3653 3582">
     <span class='ocr_line' id='line_1_78' title="bbox 2063 3498 3653 3582; baseline 0.003 -22"><span class='ocrx_word' id='word_1_542' title='bbox 2063 3508 2156 3561; x_wconf 72' lang='grc' dir='ltr'><strong>καὶ</strong></span> <span class='ocrx_word' id='word_1_543' title='bbox 2197 3508 2585 3579; x_wconf 86' lang='grc' dir='ltr'>διαϐάλλομεν,</span> <span class='ocrx_word' id='word_1_544' title='bbox 2641 3498 2740 3564; x_wconf 60' lang='grc' dir='ltr'><strong>κοῦ,</strong></span> <span class='ocrx_word' id='word_1_545' title='bbox 2795 3509 3123 3582; x_wconf 85' lang='grc' dir='ltr'>σκώπτομεν</span> <span class='ocrx_word' id='word_1_546' title='bbox 3149 3527 3164 3543; x_wconf 80' lang='grc'><strong><em>⁸</em></strong></span> <span class='ocrx_word' id='word_1_547' title='bbox 3227 3511 3328 3566; x_wconf 70' lang='grc' dir='ltr'><strong>καὶ</strong></span> <span class='ocrx_word' id='word_1_548' title='bbox 3365 3513 3542 3576; x_wconf 75' lang='grc' dir='ltr'>οὐδεὶς</span> <span class='ocrx_word' id='word_1_549' title='bbox 3593 3513 3653 3580; x_wconf 76' lang='grc' dir='ltr'>ἐξ</span> 
     </span>
    </p>
   </div>
   <div class='ocr_carea' id='block_1_79' title="bbox 2061 3601 3653 3674">
    <p class='ocr_par' dir='ltr' id='par_1_79' title="bbox 2061 3601 3653 3674">
     <span class='ocr_line' id='line_1_79' title="bbox 2061 3601 3653 3674; baseline 0.001 -20"><span class='ocrx_word' id='word_1_550' title='bbox 2061 3601 2220 3672; x_wconf 83' lang='grc' dir='ltr'>ἡμῶν</span> <span class='ocrx_word' id='word_1_551' title='bbox 2257 3603 2520 3674; x_wconf 78' lang='grc' dir='ltr'>προσέχει</span> <span class='ocrx_word' id='word_1_552' title='bbox 2552 3604 2676 3666; x_wconf 85' lang='grc' dir='ltr'>ταῖς</span> <span class='ocrx_word' id='word_1_553' title='bbox 2713 3601 2911 3656; x_wconf 82' lang='grc' dir='ltr'>ἑαυτοῦ</span> <span class='ocrx_word' id='word_1_554' title='bbox 2942 3602 3278 3674; x_wconf 80' lang='grc' dir='ltr'>ἁμαρτίαις,</span> <span class='ocrx_word' id='word_1_555' title='bbox 3314 3603 3491 3666; x_wconf 76' lang='grc' dir='ltr'>οὐδεὶς</span> <span class='ocrx_word' id='word_1_556' title='bbox 3551 3621 3653 3674; x_wconf 87' lang='grc' dir='ltr'>με-</span> 
     </span>
    </p>
   </div>
   <div class='ocr_carea' id='block_1_80' title="bbox 2065 3692 3654 3766">
    <p class='ocr_par' dir='ltr' id='par_1_80' title="bbox 2065 3692 3654 3766">
     <span class='ocr_line' id='line_1_80' title="bbox 2065 3692 3654 3766; baseline 0.001 -20"><span class='ocrx_word' id='word_1_557' title='bbox 2065 3695 2237 3764; x_wconf 79' lang='grc' dir='ltr'>ριμνᾷ</span> <span class='ocrx_word' id='word_1_558' title='bbox 2264 3693 2328 3746; x_wconf 84' lang='grc' dir='ltr'><strong>τὸ</strong></span> <span class='ocrx_word' id='word_1_559' title='bbox 2366 3693 2562 3748; x_wconf 81' lang='grc' dir='ltr'>ἐαυτοῦ</span> <span class='ocrx_word' id='word_1_560' title='bbox 2610 3692 2831 3766; x_wconf 77' lang='grc' dir='ltr'>φορτίον</span> <span class='ocrx_word' id='word_1_561' title='bbox 2859 3709 2872 3722; x_wconf 88' lang='grc'><strong>·</strong></span> <span class='ocrx_word' id='word_1_562' title='bbox 2926 3694 3064 3748; x_wconf 82' lang='grc' dir='ltr'>ἀλλὰ</span> <span class='ocrx_word' id='word_1_563' title='bbox 3127 3693 3200 3749; x_wconf 79' lang='grc' dir='ltr'>τὰ</span> <span class='ocrx_word' id='word_1_564' title='bbox 3256 3694 3368 3748; x_wconf 84' lang='grc' dir='ltr'><strong>τῶν</strong></span> <span class='ocrx_word' id='word_1_565' title='bbox 3421 3694 3654 3766; x_wconf 76' lang='grc' dir='ltr'>πλησίον</span> 
     </span>
    </p>
   </div>
   <div class='ocr_carea' id='block_1_81' title="bbox 2063 3786 3653 3859">
    <p class='ocr_par' dir='ltr' id='par_1_81' title="bbox 2063 3786 3653 3859">
     <span class='ocr_line' id='line_1_81' title="bbox 2063 3786 3653 3859; baseline 0.001 -19"><span class='ocrx_word' id='word_1_566' title='bbox 2063 3786 2222 3858; x_wconf 79' lang='grc' dir='ltr'>ἡμῶν</span> <span class='ocrx_word' id='word_1_567' title='bbox 2251 3787 2632 3858; x_wconf 84' lang='grc' dir='ltr'>ἁμαρτήματα</span> <span class='ocrx_word' id='word_1_568' title='bbox 2674 3787 2990 3859; x_wconf 81' lang='grc' dir='ltr'>σκοποῦμεν</span> <span class='ocrx_word' id='word_1_569' title='bbox 3042 3787 3306 3859; x_wconf 82' lang='grc' dir='ltr'>ἀκριϐῶς,</span> <span class='ocrx_word' id='word_1_570' title='bbox 3351 3786 3458 3852; x_wconf 76' lang='grc' dir='ltr'>ἓως</span> <span class='ocrx_word' id='word_1_571' title='bbox 3511 3805 3653 3858; x_wconf 85' lang='grc' dir='ltr'>τρα-</span> 
     </span>
    </p>
   </div>
   <div class='ocr_carea' id='block_1_82' title="bbox 2061 3877 3653 3951">
    <p class='ocr_par' dir='ltr' id='par_1_82' title="bbox 2061 3877 3653 3951">
     <span class='ocr_line' id='line_1_82' title="bbox 2061 3877 3653 3951; baseline -0.004 -14"><span class='ocrx_word' id='word_1_572' title='bbox 2061 3878 2230 3948; x_wconf 77' lang='grc' dir='ltr'>χήλου</span> <span class='ocrx_word' id='word_1_573' title='bbox 2263 3877 2510 3950; x_wconf 73' lang='grc' dir='ltr'>γέμομεν</span> <span class='ocrx_word' id='word_1_574' title='bbox 2571 3878 2860 3951; x_wconf 84' lang='grc' dir='ltr'>βορϐόρου,</span> <span class='ocrx_word' id='word_1_575' title='bbox 2910 3879 3004 3932; x_wconf 74' lang='grc' dir='ltr'>καὶ</span> <span class='ocrx_word' id='word_1_576' title='bbox 3055 3880 3210 3933; x_wconf 78' lang='grc' dir='ltr'>οὐδὲν</span> <span class='ocrx_word' id='word_1_577' title='bbox 3271 3879 3401 3951; x_wconf 71' lang='grc' dir='ltr'>περὶ</span> <span class='ocrx_word' id='word_1_578' title='bbox 3457 3878 3653 3932; x_wconf 81' lang='grc' dir='ltr'>τούτου</span> 
     </span>
    </p>
   </div>
   <div class='ocr_carea' id='block_1_83' title="bbox 2062 3969 3654 4044">
    <p class='ocr_par' dir='ltr' id='par_1_83' title="bbox 2062 3969 3654 4044">
     <span class='ocr_line' id='line_1_83' title="bbox 2062 3969 3654 4044; baseline 0 -20"><span class='ocrx_word' id='word_1_579' title='bbox 2062 3969 2538 4042; x_wconf 80' lang='grc' dir='ltr'>διαμεριμνῶμεν.</span> <span class='ocrx_word' id='word_1_580' title='bbox 2576 3971 2724 4034; x_wconf 87' lang='grc' dir='ltr'>Ἕως</span> <span class='ocrx_word' id='word_1_581' title='bbox 2769 3972 2960 4044; x_wconf 85' lang='grc' dir='ltr'>γήρως</span> <span class='ocrx_word' id='word_1_582' title='bbox 2991 3972 3062 4025; x_wconf 77' lang='grc' dir='ltr'>τὰ</span> <span class='ocrx_word' id='word_1_583' title='bbox 3093 3971 3203 4025; x_wconf 87' lang='grc' dir='ltr'>τῶν</span> <span class='ocrx_word' id='word_1_584' title='bbox 3235 3971 3438 4042; x_wconf 85' lang='grc' dir='ltr'>ἐτέρων</span> <span class='ocrx_word' id='word_1_585' title='bbox 3493 3988 3654 4042; x_wconf 86' lang='grc' dir='ltr'>μερι-</span> 
     </span>
    </p>
   </div>
   <div class='ocr_carea' id='block_1_84' title="bbox 2067 4061 3656 4136">
    <p class='ocr_par' dir='ltr' id='par_1_84' title="bbox 2067 4061 3656 4136">
     <span class='ocr_line' id='line_1_84' title="bbox 2067 4061 3656 4136; baseline 0 -20"><span class='ocrx_word' id='word_1_586' title='bbox 2067 4062 2310 4134; x_wconf 83' lang='grc' dir='ltr'>μνῶμεν,</span> <span class='ocrx_word' id='word_1_587' title='bbox 2339 4063 2436 4116; x_wconf 72' lang='grc' dir='ltr'><strong>καὶ</strong></span> <span class='ocrx_word' id='word_1_588' title='bbox 2463 4061 2584 4115; x_wconf 77' lang='grc' dir='ltr'>οὐδὲ</span> <span class='ocrx_word' id='word_1_589' title='bbox 2616 4063 2676 4115; x_wconf 89' lang='grc' dir='ltr'><strong>ἐν</strong></span> <span class='ocrx_word' id='word_1_590' title='bbox 2703 4062 2852 4136; x_wconf 78' lang='grc' dir='ltr'>αὐτῷ</span> <span class='ocrx_word' id='word_1_591' title='bbox 2879 4062 2960 4134; x_wconf 84' lang='grc' dir='ltr'>τῷ</span> <span class='ocrx_word' id='word_1_592' title='bbox 2979 4065 3128 4134; x_wconf 67' lang='grc' dir='ltr'>γήρα</span> <span class='ocrx_word' id='word_1_593' title='bbox 3171 4062 3242 4116; x_wconf 85' lang='grc' dir='ltr'>τὰ</span> <span class='ocrx_word' id='word_1_594' title='bbox 3264 4062 3475 4118; x_wconf 71' lang='grc' dir='ltr'>ἑαυτῶν</span> <span class='ocrx_word' id='word_1_595' title='bbox 3505 4065 3656 4117; x_wconf 69' lang='grc' dir='ltr'>κακὲ</span> 
     </span>
    </p>
   </div>
   <div class='ocr_carea' id='block_1_85' title="bbox 2063 4143 3656 4228">
    <p class='ocr_par' dir='ltr' id='par_1_85' title="bbox 2063 4143 3656 4228">
     <span class='ocr_line' id='line_1_85' title="bbox 2063 4143 3656 4228; baseline 0.002 -22"><span class='ocrx_word' id='word_1_596' title='bbox 2063 4143 2401 4226; x_wconf 66' lang='grc' dir='ltr'>ἑρευνὲὒμεν.</span> <span class='ocrx_word' id='word_1_597' title='bbox 2459 4155 2570 4208; x_wconf 70' lang='grc' dir='ltr'>Καὶ</span> <span class='ocrx_word' id='word_1_598' title='bbox 2613 4154 2682 4208; x_wconf 81' lang='grc' dir='ltr'>τὰ</span> <span class='ocrx_word' id='word_1_599' title='bbox 2739 4154 2840 4224; x_wconf 78' lang='grc' dir='ltr'>μὲν</span> <span class='ocrx_word' id='word_1_600' title='bbox 2898 4155 3074 4228; x_wconf 74' lang='grc' dir='ltr'>μικρὰ</span> <span class='ocrx_word' id='word_1_601' title='bbox 3127 4155 3502 4226; x_wconf 74' lang='grc' dir='ltr'>ἐλαττώματα</span> <span class='ocrx_word' id='word_1_602' title='bbox 3541 4157 3656 4210; x_wconf 83' lang='grc' dir='ltr'>τῶν</span> 
     </span>
    </p>
   </div>
   <div class='ocr_carea' id='block_1_86' title="bbox 2063 4247 3656 4321">
    <p class='ocr_par' dir='ltr' id='par_1_86' title="bbox 2063 4247 3656 4321">
     <span class='ocr_line' id='line_1_86' title="bbox 2063 4247 3656 4321; baseline -0.001 -19"><span class='ocrx_word' id='word_1_603' title='bbox 2063 4247 2312 4318; x_wconf 83' lang='grc' dir='ltr'>ἀδελφῶν</span> <span class='ocrx_word' id='word_1_604' title='bbox 2399 4247 2560 4317; x_wconf 78' lang='grc' dir='ltr'>ἡμῶν</span> <span class='ocrx_word' id='word_1_605' title='bbox 2627 4247 2940 4321; x_wconf 81' lang='grc' dir='ltr'>βλέπομεν,</span> <span class='ocrx_word' id='word_1_606' title='bbox 2984 4248 3086 4319; x_wconf 75' lang='grc' dir='ltr'><strong>τὴν</strong></span> <span class='ocrx_word' id='word_1_607' title='bbox 3127 4249 3184 4302; x_wconf 80' lang='grc' dir='ltr'><strong>δὲ</strong></span> <span class='ocrx_word' id='word_1_608' title='bbox 3233 4249 3390 4304; x_wconf 81' lang='grc' dir='ltr'>δοκὸν</span> <span class='ocrx_word' id='word_1_609' title='bbox 3446 4248 3546 4319; x_wconf 82' lang='grc' dir='ltr'><strong>τὴν</strong></span> <span class='ocrx_word' id='word_1_610' title='bbox 3597 4250 3656 4300; x_wconf 78' lang='grc' dir='ltr'><strong>ἐν</strong></span> 
     </span>
    </p>
   </div>
   <div class='ocr_carea' id='block_1_87' title="bbox 2063 4337 3656 4410">
    <p class='ocr_par' dir='ltr' id='par_1_87' title="bbox 2063 4337 3656 4410">
     <span class='ocr_line' id='line_1_87' title="bbox 2063 4337 3656 4410; baseline 0 -19"><span class='ocrx_word' id='word_1_611' title='bbox 2063 4337 2332 4410; x_wconf 80' lang='grc' dir='ltr'>ὀφθαλμῷ</span> <span class='ocrx_word' id='word_1_612' title='bbox 2366 4338 2525 4409; x_wconf 83' lang='grc' dir='ltr'>ἡμῶν</span> <span class='ocrx_word' id='word_1_613' title='bbox 2555 4338 2618 4392; x_wconf 88' lang='grc' dir='ltr'><strong>ού</strong></span> <span class='ocrx_word' id='word_1_614' title='bbox 2654 4338 2949 4409; x_wconf 85' lang='grc' dir='ltr'>βλέπομεν.</span> <span class='ocrx_word' id='word_1_615' title='bbox 2997 4338 3135 4392; x_wconf 79' lang='grc' dir='ltr'>Ὑπὸ</span> <span class='ocrx_word' id='word_1_616' title='bbox 3159 4338 3256 4393; x_wconf 78' lang='grc' dir='ltr'>τοῦ</span> <span class='ocrx_word' id='word_1_617' title='bbox 3287 4339 3512 4410; x_wconf 76' lang='grc' dir='ltr'>φορτίου</span> <span class='ocrx_word' id='word_1_618' title='bbox 3543 4340 3656 4392; x_wconf 80' lang='grc' dir='ltr'><strong>τῶν</strong></span> 
     </span>
    </p>
   </div>
   <div class='ocr_carea' id='block_1_88' title="bbox 2065 4430 3656 4504">
    <p class='ocr_par' dir='ltr' id='par_1_88' title="bbox 2065 4430 3656 4504">
     <span class='ocr_line' id='line_1_88' title="bbox 2065 4430 3656 4504; baseline 0.001 -21"><span class='ocrx_word' id='word_1_619' title='bbox 2065 4430 2486 4501; x_wconf 81' lang='grc' dir='ltr'>ἁμαρτημάτων</span> <span class='ocrx_word' id='word_1_620' title='bbox 2515 4431 2673 4504; x_wconf 84' lang='grc' dir='ltr'>ἡμῶν</span> <span class='ocrx_word' id='word_1_621' title='bbox 2696 4432 3238 4504; x_wconf 81' lang='grc' dir='ltr'>κατακαμπτὸμεθα,</span> <span class='ocrx_word' id='word_1_622' title='bbox 3292 4432 3388 4486; x_wconf 76' lang='grc' dir='ltr'><strong>καὶ</strong></span> <span class='ocrx_word' id='word_1_623' title='bbox 3431 4431 3500 4486; x_wconf 67' lang='grc' dir='ltr'>τὰ</span> <span class='ocrx_word' id='word_1_624' title='bbox 3542 4432 3656 4486; x_wconf 85' lang='grc' dir='ltr'><strong>τῶν</strong></span> 
     </span>
    </p>
   </div>
   <div class='ocr_carea' id='block_1_89' title="bbox 377 4504 1957 4596">
    <p class='ocr_par' dir='ltr' id='par_1_89' title="bbox 377 4504 1954 4577">
     <span class='ocr_line' id='line_1_89' title="bbox 377 4504 1954 4577; baseline 0.001 -21"><span class='ocrx_word' id='word_1_625' title='bbox 377 4504 592 4560; x_wconf 87' lang='lat' dir='ltr'><strong>ratione</strong></span> <span class='ocrx_word' id='word_1_626' title='bbox 623 4505 1027 4562; x_wconf 89' lang='lat' dir='ltr'><strong>erubescimus.</strong></span> <span class='ocrx_word' id='word_1_627' title='bbox 1060 4507 1282 4562; x_wconf 85' lang='lat' dir='ltr'><strong>Nemini</strong></span> <span class='ocrx_word' id='word_1_628' title='bbox 1325 4507 1640 4577; x_wconf 85' lang='lat' dir='ltr'><strong>parcimus;</strong></span> <span class='ocrx_word' id='word_1_629' title='bbox 1671 4504 1954 4560; x_wconf 87' lang='lat' dir='ltr'><strong>neminem</strong></span> 
     </span>
    </p>
   </div>
   <div class='ocr_carea' id='block_1_90' title="bbox 2063 4504 3655 4596">
    <p class='ocr_par' dir='ltr' id='par_1_90' title="bbox 2063 4521 3655 4596">
     <span class='ocr_line' id='line_1_90' title="bbox 2063 4521 3655 4596; baseline 0.001 -20"><span class='ocrx_word' id='word_1_630' title='bbox 2063 4521 2238 4576; x_wconf 81' lang='grc' dir='ltr'>ἄλλων</span> <span class='ocrx_word' id='word_1_631' title='bbox 2277 4523 2642 4594; x_wconf 83' lang='grc' dir='ltr'>ἐλαττώματα</span> <span class='ocrx_word' id='word_1_632' title='bbox 2671 4525 3172 4596; x_wconf 69' lang='grc' dir='ltr'>περιεργαζόμεθα·</span> <span class='ocrx_word' id='word_1_633' title='bbox 3206 4527 3303 4579; x_wconf 73' lang='grc' dir='ltr'>καὶ</span> <span class='ocrx_word' id='word_1_634' title='bbox 3332 4523 3447 4578; x_wconf 72' lang='grc' dir='ltr'>οὗθ’</span> <span class='ocrx_word' id='word_1_635' title='bbox 3477 4525 3655 4590; x_wconf 66' lang='grc' dir='ltr'>οὕτως</span> 
     </span>
    </p>
   </div>
   <div class='ocr_carea' id='block_1_91' title="bbox 375 4598 1957 4686">
    <p class='ocr_par' dir='ltr' id='par_1_91' title="bbox 375 4598 1957 4665">
     <span class='ocr_line' id='line_1_91' title="bbox 375 4598 1957 4665; baseline 0.003 -17"><span class='ocrx_word' id='word_1_636' title='bbox 375 4611 730 4664; x_wconf 85' lang='lat' dir='ltr'><strong>reveremur;</strong></span> <span class='ocrx_word' id='word_1_637' title='bbox 757 4599 853 4652; x_wconf 89' lang='lat' dir='ltr'><strong>sed</strong></span> <span class='ocrx_word' id='word_1_638' title='bbox 886 4614 1081 4654; x_wconf 91' lang='lat' dir='ltr'><strong>omnes</strong></span> <span class='ocrx_word' id='word_1_639' title='bbox 1107 4599 1448 4665; x_wconf 87' lang='lat' dir='ltr'><strong>mordemus,</strong></span> <span class='ocrx_word' id='word_1_640' title='bbox 1475 4614 1669 4654; x_wconf 86' lang='lat' dir='ltr'><strong>omnes</strong></span> <span class='ocrx_word' id='word_1_641' title='bbox 1693 4598 1957 4657; x_wconf 76' lang='lat' dir='ltr'><strong>devorare</strong></span> 
     </span>
    </p>
   </div>
   <div class='ocr_carea' id='block_1_92' title="bbox 2063 4598 3656 4686">
    <p class='ocr_par' dir='ltr' id='par_1_92' title="bbox 2063 4606 3656 4686">
     <span class='ocr_line' id='line_1_92' title="bbox 2063 4606 3656 4686; baseline 0.003 -20"><span class='ocrx_word' id='word_1_642' title='bbox 2063 4606 2456 4683; x_wconf 72' lang='grc' dir='ltr'>αἰσχυνόμεθα,</span> <span class='ocrx_word' id='word_1_643' title='bbox 2503 4614 2717 4678; x_wconf 72' lang='grc' dir='ltr'>οὐδενὸς</span> <span class='ocrx_word' id='word_1_644' title='bbox 2769 4615 3085 4686; x_wconf 73' lang='grc' dir='ltr'>φειδόμεθα,</span> <span class='ocrx_word' id='word_1_645' title='bbox 3140 4615 3330 4670; x_wconf 75' lang='grc' dir='ltr'>οὐδένα</span> <span class='ocrx_word' id='word_1_646' title='bbox 3390 4616 3656 4670; x_wconf 75' lang='grc' dir='ltr'>εὐλαϐού-</span> 
     </span>
    </p>
   </div>
   <div class='ocr_carea' id='block_1_93' title="bbox 375 4687 1957 4779">
    <p class='ocr_par' dir='ltr' id='par_1_93' title="bbox 375 4687 1957 4762">
     <span class='ocr_line' id='line_1_93' title="bbox 375 4687 1957 4762; baseline 0.003 -22"><span class='ocrx_word' id='word_1_647' title='bbox 375 4687 626 4753; x_wconf 87' lang='lat' dir='ltr'><strong>nitimur,</strong></span> <span class='ocrx_word' id='word_1_648' title='bbox 678 4705 901 4758; x_wconf 87' lang='lat' dir='ltr'><strong>parvos,</strong></span> <span class='ocrx_word' id='word_1_649' title='bbox 939 4707 1188 4762; x_wconf 78' lang='lat' dir='ltr'><strong>magnos,</strong></span> <span class='ocrx_word' id='word_1_650' title='bbox 1213 4701 1423 4750; x_wconf 80' lang='lat' dir='ltr'><strong>sontes.</strong></span> <span class='ocrx_word' id='word_1_651' title='bbox 1457 4691 1728 4754; x_wconf 89' lang='lat' dir='ltr'><strong>insontes,</strong></span> <span class='ocrx_word' id='word_1_652' title='bbox 1781 4704 1957 4744; x_wconf 85' lang='lat' dir='ltr'><strong>sacer-</strong></span> 
     </span>
    </p>
   </div>
   <div class='ocr_carea' id='block_1_94' title="bbox 2063 4687 3652 4779">
    <p class='ocr_par' dir='ltr' id='par_1_94' title="bbox 2065 4703 3652 4778">
     <span class='ocr_line' id='line_1_94' title="bbox 2065 4703 3652 4778; baseline 0.003 -22"><span class='ocrx_word' id='word_1_653' title='bbox 2065 4703 2224 4773; x_wconf 88' lang='grc' dir='ltr'>μεθα·</span> <span class='ocrx_word' id='word_1_654' title='bbox 2250 4704 2388 4758; x_wconf 70' lang='grc' dir='ltr'>ἀλλὰ</span> <span class='ocrx_word' id='word_1_655' title='bbox 2422 4705 2634 4770; x_wconf 83' lang='grc' dir='ltr'>πάντας</span> <span class='ocrx_word' id='word_1_656' title='bbox 2661 4705 2936 4776; x_wconf 85' lang='grc' dir='ltr'>δάκνομεν</span> <span class='ocrx_word' id='word_1_657' title='bbox 2958 4723 2973 4739; x_wconf 90' lang='grc'><strong>·</strong></span> <span class='ocrx_word' id='word_1_658' title='bbox 3017 4707 3229 4772; x_wconf 89' lang='grc' dir='ltr'>πάντας</span> <span class='ocrx_word' id='word_1_659' title='bbox 3263 4707 3465 4762; x_wconf 87' lang='grc' dir='ltr'>κατεσο</span> <span class='ocrx_word' id='word_1_660' title='bbox 3477 4707 3652 4778; x_wconf 86' lang='grc' dir='ltr'>ίομεν,</span> 
     </span>
    </p>
   </div>
   <div class='ocr_carea' id='block_1_95' title="bbox 376 4781 1957 4868">
    <p class='ocr_par' dir='ltr' id='par_1_95' title="bbox 376 4781 1957 4848">
     <span class='ocr_line' id='line_1_95' title="bbox 376 4781 1957 4848; baseline 0.002 -16"><span class='ocrx_word' id='word_1_661' title='bbox 376 4781 554 4845; x_wconf 88' lang='lat' dir='ltr'><strong>dotes,</strong></span> <span class='ocrx_word' id='word_1_662' title='bbox 583 4782 838 4837; x_wconf 88' lang='lat' dir='ltr'><strong>doctores</strong></span> <span class='ocrx_word' id='word_1_663' title='bbox 863 4795 1105 4842; x_wconf 79' lang='lat' dir='ltr'><strong>nostros.</strong></span> <span class='ocrx_word' id='word_1_664' title='bbox 1137 4787 1400 4838; x_wconf 86' lang='lat' dir='ltr'><strong>ductores</strong></span> <span class='ocrx_word' id='word_1_665' title='bbox 1435 4792 1678 4848; x_wconf 89' lang='lat' dir='ltr'><strong>nostros,</strong></span> <span class='ocrx_word' id='word_1_666' title='bbox 1713 4781 1957 4837; x_wconf 86' lang='lat' dir='ltr'><strong>admoni-</strong></span> 
     </span>
    </p>
   </div>
   <div class='ocr_carea' id='block_1_96' title="bbox 2063 4781 3654 4868">
    <p class='ocr_par' dir='ltr' id='par_1_96' title="bbox 2063 4796 3654 4868">
     <span class='ocr_line' id='line_1_96' title="bbox 2063 4796 3654 4868; baseline 0.003 -21"><span class='ocrx_word' id='word_1_667' title='bbox 2063 4796 2188 4858; x_wconf 82' lang='grc' dir='ltr'>τοὺς</span> <span class='ocrx_word' id='word_1_668' title='bbox 2226 4797 2481 4866; x_wconf 76' lang='grc' dir='ltr'>μικροὺς,</span> <span class='ocrx_word' id='word_1_669' title='bbox 2518 4797 2646 4860; x_wconf 70' lang='grc' dir='ltr'>τοὺς</span> <span class='ocrx_word' id='word_1_670' title='bbox 2707 4797 3005 4868; x_wconf 79' lang='grc' dir='ltr'>μεγάλους,</span> <span class='ocrx_word' id='word_1_671' title='bbox 3056 4799 3185 4862; x_wconf 80' lang='grc' dir='ltr'>τοὺς</span> <span class='ocrx_word' id='word_1_672' title='bbox 3241 4799 3472 4862; x_wconf 80' lang='grc' dir='ltr'>αἰτίους,</span> <span class='ocrx_word' id='word_1_673' title='bbox 3524 4799 3654 4861; x_wconf 75' lang='grc' dir='ltr'>τοὺς</span> 
     </span>
    </p>
   </div>
   <div class='ocr_carea' id='block_1_97' title="bbox 377 4874 1957 4952">
    <p class='ocr_par' dir='ltr' id='par_1_97' title="bbox 377 4874 1957 4944">
     <span class='ocr_line' id='line_1_97' title="bbox 377 4874 1957 4944; baseline 0.001 -18"><span class='ocrx_word' id='word_1_674' title='bbox 377 4880 549 4934; x_wconf 86' lang='lat' dir='ltr'><strong>tores,</strong></span> <span class='ocrx_word' id='word_1_675' title='bbox 578 4881 634 4929; x_wconf 89' lang='lat' dir='ltr'><strong>et</strong></span> <span class='ocrx_word' id='word_1_676' title='bbox 668 4874 766 4943; x_wconf 91' lang='lat' dir='ltr'><strong>qui</strong></span> <span class='ocrx_word' id='word_1_677' title='bbox 800 4889 903 4930; x_wconf 85' lang='lat' dir='ltr'><strong>nos</strong></span> <span class='ocrx_word' id='word_1_678' title='bbox 949 4875 1016 4930; x_wconf 84' lang='lat' dir='ltr'><strong>ad</strong></span> <span class='ocrx_word' id='word_1_679' title='bbox 1060 4875 1291 4930; x_wconf 89' lang='lat' dir='ltr'><strong>meliora</strong></span> <span class='ocrx_word' id='word_1_680' title='bbox 1329 4882 1612 4929; x_wconf 88' lang='lat' dir='ltr'><strong>revocant.</strong></span> <span class='ocrx_word' id='word_1_681' title='bbox 1658 4874 1957 4944; x_wconf 85' lang='lat' dir='ltr'><strong>Propterea</strong></span> 
     </span>
    </p>
   </div>
   <div class='ocr_carea' id='block_1_98' title="bbox 2063 4874 3650 4952">
    <p class='ocr_par' dir='ltr' id='par_1_98' title="bbox 2063 4878 3650 4952">
     <span class='ocr_line' id='line_1_98' title="bbox 2063 4878 3650 4952; baseline 0.002 -22"><span class='ocrx_word' id='word_1_682' title='bbox 2063 4878 2343 4942; x_wconf 79' lang='grc' dir='ltr'>ἀναιτίους</span> <span class='ocrx_word' id='word_1_683' title='bbox 2375 4919 2390 4941; x_wconf 96' lang='grc'><strong>,</strong></span> <span class='ocrx_word' id='word_1_684' title='bbox 2452 4881 2578 4944; x_wconf 70' lang='grc' dir='ltr'>τοὺς</span> <span class='ocrx_word' id='word_1_685' title='bbox 2629 4881 2818 4951; x_wconf 85' lang='grc' dir='ltr'>ἱερεῖς,</span> <span class='ocrx_word' id='word_1_686' title='bbox 2872 4883 3002 4945; x_wconf 77' lang='grc' dir='ltr'>τοὺς</span> <span class='ocrx_word' id='word_1_687' title='bbox 3054 4881 3413 4944; x_wconf 82' lang='grc' dir='ltr'>διδασκάλους</span> <span class='ocrx_word' id='word_1_688' title='bbox 3463 4882 3650 4952; x_wconf 79' lang='grc' dir='ltr'>ἡμῶν,</span> 
     </span>
    </p>
   </div>
   <div class='ocr_carea' id='block_1_99' title="bbox 378 4963 1959 5034">
    <p class='ocr_par' dir='ltr' id='par_1_99' title="bbox 378 4963 1959 5034">
     <span class='ocr_line' id='line_1_99' title="bbox 378 4963 1959 5034; baseline 0.001 -18"><span class='ocrx_word' id='word_1_689' title='bbox 378 4963 460 5016; x_wconf 88' lang='lat' dir='ltr'><strong>ira</strong></span> <span class='ocrx_word' id='word_1_690' title='bbox 491 4963 588 5018; x_wconf 90' lang='lat' dir='ltr'><strong>Dei</strong></span> <span class='ocrx_word' id='word_1_691' title='bbox 631 4963 799 5019; x_wconf 88' lang='lat' dir='ltr'><strong>nobis</strong></span> <span class='ocrx_word' id='word_1_692' title='bbox 843 4965 1138 5021; x_wconf 76' lang='lat' dir='ltr'><strong>incumbit.</strong></span> <span class='ocrx_word' id='word_1_693' title='bbox 1183 4965 1485 5034; x_wconf 85' lang='lat' dir='ltr'><strong>Propterea</strong></span> <span class='ocrx_word' id='word_1_694' title='bbox 1518 4963 1850 5034; x_wconf 78' lang='lat' dir='ltr'><strong>affligimur,</strong></span> <span class='ocrx_word' id='word_1_695' title='bbox 1901 4971 1959 5018; x_wconf 87' lang='lat' dir='ltr'><strong>et</strong></span> 
     </span>
    </p>
   </div>
   <div class='ocr_carea' id='block_1_100' title="bbox 376 5055 1957 5132">
    <p class='ocr_par' dir='ltr' id='par_1_100' title="bbox 376 5055 1957 5132">
     <span class='ocr_line' id='line_1_100' title="bbox 376 5055 1957 5132; baseline 0.003 -25"><span class='ocrx_word' id='word_1_696' title='bbox 376 5055 431 5108; x_wconf 91' lang='lat' dir='ltr'><strong>in</strong></span> <span class='ocrx_word' id='word_1_697' title='bbox 461 5055 662 5112; x_wconf 89' lang='lat' dir='ltr'><strong>multas</strong></span> <span class='ocrx_word' id='word_1_698' title='bbox 689 5056 1028 5114; x_wconf 86' lang='lat' dir='ltr'><strong>calamitates</strong></span> <span class='ocrx_word' id='word_1_699' title='bbox 1075 5066 1132 5115; x_wconf 92' lang='lat' dir='ltr'><strong>et</strong></span> <span class='ocrx_word' id='word_1_700' title='bbox 1159 5057 1444 5132; x_wconf 73' lang='lat' dir='ltr'><strong>angustias</strong></span> <span class='ocrx_word' id='word_1_701' title='bbox 1469 5057 1828 5124; x_wconf 90' lang='lat' dir='ltr'><strong>incurrimus,</strong></span> <span class='ocrx_word' id='word_1_702' title='bbox 1879 5057 1957 5112; x_wconf 82' lang='lat' dir='ltr'><strong>vi-</strong></span> 
     </span>
    </p>
   </div>
   <div class='ocr_carea' id='block_1_101' title="bbox 375 5147 1572 5222">
    <p class='ocr_par' dir='ltr' id='par_1_101' title="bbox 375 5147 1572 5222">
     <span class='ocr_line' id='line_1_101' title="bbox 375 5147 1572 5222; baseline 0.003 -22"><span class='ocrx_word' id='word_1_703' title='bbox 375 5147 578 5204; x_wconf 84' lang='lat' dir='ltr'><strong>delicet</strong></span> <span class='ocrx_word' id='word_1_704' title='bbox 614 5150 698 5205; x_wconf 83' lang='lat' dir='ltr'><strong>.ob</strong></span> <span class='ocrx_word' id='word_1_705' title='bbox 727 5149 1031 5206; x_wconf 72' lang='lat' dir='ltr'><strong>czecitatem</strong></span> <span class='ocrx_word' id='word_1_706' title='bbox 1085 5167 1194 5222; x_wconf 90' lang='lat' dir='ltr'><strong>qua</strong></span> <span class='ocrx_word' id='word_1_707' title='bbox 1233 5149 1572 5206; x_wconf 88' lang='lat' dir='ltr'><strong>detinemur.</strong></span> 
     </span>
    </p>
   </div>
   <div class='ocr_carea' id='block_1_102' title="bbox 2065 4969 3652 5042">
    <p class='ocr_par' dir='ltr' id='par_1_102' title="bbox 2065 4969 3652 5042">
     <span class='ocr_line' id='line_1_102' title="bbox 2065 4969 3652 5042; baseline 0.003 -20"><span class='ocrx_word' id='word_1_708' title='bbox 2065 4970 2191 5032; x_wconf 83' lang='grc' dir='ltr'>τοὺς</span> <span class='ocrx_word' id='word_1_709' title='bbox 2219 4969 2550 5038; x_wconf 78' lang='grc' dir='ltr'>ὁδηγοῦντας</span> <span class='ocrx_word' id='word_1_710' title='bbox 2572 4973 2742 5042; x_wconf 79' lang='grc' dir='ltr'>ἡμᾶς,</span> <span class='ocrx_word' id='word_1_711' title='bbox 2779 4973 2909 5036; x_wconf 75' lang='grc' dir='ltr'>τοὺς</span> <span class='ocrx_word' id='word_1_712' title='bbox 2937 4971 3348 5037; x_wconf 74' lang='grc' dir='ltr'>νουθετοῦντας,</span> <span class='ocrx_word' id='word_1_713' title='bbox 3379 4975 3478 5026; x_wconf 72' lang='grc' dir='ltr'>καὶ</span> <span class='ocrx_word' id='word_1_714' title='bbox 3529 4973 3652 5026; x_wconf 86' lang='grc' dir='ltr'>ἐπι-</span> 
     </span>
    </p>
   </div>
   <div class='ocr_carea' id='block_1_103' title="bbox 2069 5061 3654 5137">
    <p class='ocr_par' dir='ltr' id='par_1_103' title="bbox 2069 5061 3654 5137">
     <span class='ocr_line' id='line_1_103' title="bbox 2069 5061 3654 5137; baseline 0 -21"><span class='ocrx_word' id='word_1_715' title='bbox 2069 5061 2427 5133; x_wconf 77' lang='grc' dir='ltr'>στρέφοντας.</span> <span class='ocrx_word' id='word_1_716' title='bbox 2468 5063 2582 5116; x_wconf 75' lang='grc' dir='ltr'><strong>Καὶ</strong></span> <span class='ocrx_word' id='word_1_717' title='bbox 2613 5063 2700 5116; x_wconf 72' lang='grc' dir='ltr'>διὰ</span> <span class='ocrx_word' id='word_1_718' title='bbox 2741 5063 2902 5118; x_wconf 81' lang='grc' dir='ltr'>τοῦτο</span> <span class='ocrx_word' id='word_1_719' title='bbox 2938 5065 3140 5137; x_wconf 79' lang='grc' dir='ltr'>ήόργὴ</span> <span class='ocrx_word' id='word_1_720' title='bbox 3189 5065 3284 5118; x_wconf 86' lang='grc' dir='ltr'>τοῦ</span> <span class='ocrx_word' id='word_1_721' title='bbox 3320 5065 3456 5118; x_wconf 87' lang='grc' dir='ltr'><strong>Θεοῦ</strong></span> <span class='ocrx_word' id='word_1_722' title='bbox 3488 5064 3654 5136; x_wconf 78' lang='grc' dir='ltr'>ἐπέρ·</span> 
     </span>
    </p>
   </div>
   <div class='ocr_carea' id='block_1_104' title="bbox 2071 5154 3648 5229">
    <p class='ocr_par' dir='ltr' id='par_1_104' title="bbox 2071 5154 3648 5229">
     <span class='ocr_line' id='line_1_104' title="bbox 2071 5154 3648 5229; baseline 0 -22"><span class='ocrx_word' id='word_1_723' title='bbox 2071 5172 2226 5225; x_wconf 83' lang='grc' dir='ltr'>χεται</span> <span class='ocrx_word' id='word_1_724' title='bbox 2262 5156 2347 5222; x_wconf 77' lang='grc' dir='ltr'>ἐφ’</span> <span class='ocrx_word' id='word_1_725' title='bbox 2383 5156 2554 5225; x_wconf 81' lang='grc' dir='ltr'>ἡμᾶς.</span> <span class='ocrx_word' id='word_1_726' title='bbox 2603 5156 2704 5209; x_wconf 78' lang='grc' dir='ltr'><strong>Διὰ</strong></span> <span class='ocrx_word' id='word_1_727' title='bbox 2746 5154 2908 5210; x_wconf 76' lang='grc' dir='ltr'>τοῦτο</span> <span class='ocrx_word' id='word_1_728' title='bbox 2960 5157 3354 5229; x_wconf 79' lang='grc' dir='ltr'>παιδευόμεθα,</span> <span class='ocrx_word' id='word_1_729' title='bbox 3407 5156 3502 5210; x_wconf 79' lang='grc' dir='ltr'>καὶ</span> <span class='ocrx_word' id='word_1_730' title='bbox 3548 5171 3648 5208; x_wconf 72' lang='grc' dir='ltr'>παι</span> 
     </span>
    </p>
   </div>
   <div class='ocr_carea' id='block_1_105' title="bbox 378 5241 2941 5320">
    <p class='ocr_par' dir='ltr' id='par_1_105' title="bbox 378 5241 2941 5320">
     <span class='ocr_line' id='line_1_105' title="bbox 378 5241 2941 5320; baseline 0.002 -24"><span class='ocrx_word' id='word_1_731' title='bbox 378 5241 707 5314; x_wconf 85' lang='grc' dir='ltr'>ραδιδόμεθα</span> <span class='ocrx_word' id='word_1_732' title='bbox 742 5245 833 5308; x_wconf 83' lang='grc' dir='ltr'><strong>είς</strong></span> <span class='ocrx_word' id='word_1_733' title='bbox 861 5243 1059 5309; x_wconf 76' lang='grc' dir='ltr'>πολλὰς</span> <span class='ocrx_word' id='word_1_734' title='bbox 1085 5243 1300 5316; x_wconf 71' lang='grc' dir='ltr'>θλίψεις</span> <span class='ocrx_word' id='word_1_735' title='bbox 1328 5245 1423 5298; x_wconf 76' lang='grc' dir='ltr'><strong>καὶ</strong></span> <span class='ocrx_word' id='word_1_736' title='bbox 1455 5244 1830 5316; x_wconf 79' lang='grc' dir='ltr'>περιστάσεις,</span> <span class='ocrx_word' id='word_1_737' title='bbox 1857 5245 1946 5300; x_wconf 79' lang='grc' dir='ltr'>διὰ</span> <span class='ocrx_word' id='word_1_738' title='bbox 1981 5245 2081 5318; x_wconf 84' lang='grc' dir='ltr'><strong>τὴν</strong></span> <span class='ocrx_word' id='word_1_739' title='bbox 2107 5247 2448 5318; x_wconf 78' lang='grc' dir='ltr'>κατέχουσαν</span> <span class='ocrx_word' id='word_1_740' title='bbox 2482 5247 2632 5319; x_wconf 82' lang='grc' dir='ltr'>ἡμᾶς</span> <span class='ocrx_word' id='word_1_741' title='bbox 2658 5246 2941 5320; x_wconf 81' lang='grc' dir='ltr'>πώρωσιν.</span> 
     </span>
    </p>
   </div>
   <div class='ocr_carea' id='block_1_106' title="bbox 1883 5402 2111 5459">
    <p class='ocr_par' dir='ltr' id='par_1_106' title="bbox 1883 5402 2111 5459">
     <span class='ocr_line' id='line_1_106' title="bbox 1883 5402 2111 5459; baseline 0.009 -3"><span class='ocrx_word' id='word_1_742' title='bbox 1883 5402 2111 5459; x_wconf 60' lang='grc' dir='ltr'><strong>ΝΟΤᾸΕ.</strong></span> 
     </span>
    </p>
   </div>
   <div class='ocr_carea' id='block_1_107' title="bbox 451 5515 1961 5587">
    <p class='ocr_par' dir='ltr' id='par_1_107' title="bbox 451 5515 1961 5587">
     <span class='ocr_line' id='line_1_107' title="bbox 451 5515 1961 5587; baseline -0.005 -11"><span class='ocrx_word' id='word_1_743' title='bbox 451 5517 529 5587; x_wconf 68' lang='grc' dir='ltr'><strong>(Ξ)</strong></span> <span class='ocrx_word' id='word_1_744' title='bbox 567 5518 931 5587; x_wconf 76' lang='grc' dir='ltr'>Ἀναγκαίως</span> <span class='ocrx_word' id='word_1_745' title='bbox 959 5521 1302 5575; x_wconf 76' lang='grc' dir='ltr'>ὑποτίθεται</span> <span class='ocrx_word' id='word_1_746' title='bbox 1332 5517 1449 5584; x_wconf 75' lang='grc' dir='ltr'>τὴν</span> <span class='ocrx_word' id='word_1_747' title='bbox 1483 5518 1592 5585; x_wconf 76' lang='grc' dir='ltr'>τῆς</span> <span class='ocrx_word' id='word_1_748' title='bbox 1628 5518 1780 5582; x_wconf 76' lang='grc' dir='ltr'>πρὸς</span> <span class='ocrx_word' id='word_1_749' title='bbox 1811 5515 1961 5569; x_wconf 76' lang='grc' dir='ltr'>Θεὸν</span> 
     </span>
    </p>
   </div>
   <div class='ocr_carea' id='block_1_108' title="bbox 385 5588 1956 5657">
    <p class='ocr_par' dir='ltr' id='par_1_108' title="bbox 385 5588 1956 5657">
     <span class='ocr_line' id='line_1_108' title="bbox 385 5588 1956 5657; baseline -0.001 -18"><span class='ocrx_word' id='word_1_750' title='bbox 385 5588 774 5655; x_wconf 63' lang='grc' dir='ltr'>πίιοσεδρείας</span> <span class='ocrx_word' id='word_1_751' title='bbox 832 5591 1090 5657; x_wconf 75' lang='grc' dir='ltr'>σχολήν.</span> <span class='ocrx_word' id='word_1_752' title='bbox 1139 5591 1260 5646; x_wconf 83' lang='lat' dir='ltr'><strong>Non</strong></span> <span class='ocrx_word' id='word_1_753' title='bbox 1315 5590 1393 5642; x_wconf 91' lang='lat' dir='ltr'><strong>ita</strong></span> <span class='ocrx_word' id='word_1_754' title='bbox 1451 5589 1595 5642; x_wconf 76' lang='lat' dir='ltr'><strong>bene</strong></span> <span class='ocrx_word' id='word_1_755' title='bbox 1659 5589 1956 5657; x_wconf 84' lang='lat' dir='ltr'><strong>interpres,</strong></span> 
     </span>
    </p>
   </div>
   <div class='ocr_carea' id='block_1_109' title="bbox 386 5656 1956 5729">
    <p class='ocr_par' dir='ltr' id='par_1_109' title="bbox 386 5656 1956 5729">
     <span class='ocr_line' id='line_1_109' title="bbox 386 5656 1956 5729; baseline 0.001 -22"><span class='ocrx_word' id='word_1_756' title='bbox 386 5659 530 5710; x_wconf 77' lang='lat' dir='ltr'><strong>nulu&#39;s</strong></span> <span class='ocrx_word' id='word_1_757' title='bbox 565 5659 644 5710; x_wconf 80' lang='lat' dir='ltr'><strong>his</strong></span> <span class='ocrx_word' id='word_1_758' title='bbox 673 5659 840 5729; x_wconf 73' lang='lat' dir='ltr'><strong>verbis</strong></span> <span class='ocrx_word' id='word_1_759' title='bbox 872 5656 931 5712; x_wconf 74' lang='grc' dir='ltr'><strong>οι</strong></span> <span class='ocrx_word' id='word_1_760' title='bbox 961 5660 1138 5714; x_wconf 84' lang='lat' dir='ltr'><strong>oculos</strong></span> <span class='ocrx_word' id='word_1_761' title='bbox 1167 5661 1344 5729; x_wconf 75' lang='lat' dir='ltr'><strong>ponit,</strong></span> <span class='ocrx_word' id='word_1_762' title='bbox 1377 5659 1528 5711; x_wconf 74' lang='lat' dir='ltr'><strong>nulli</strong></span> <span class='ocrx_word' id='word_1_763' title='bbox 1562 5666 1656 5729; x_wconf 77' lang='lat' dir='ltr'><strong>aut</strong></span> <span class='ocrx_word' id='word_1_764' title='bbox 1697 5656 1956 5729; x_wconf 62' lang='lat' dir='ltr'><strong>praecepti</strong></span> 
     </span>
    </p>
   </div>
   <div class='ocr_carea' id='block_1_110' title="bbox 388 5725 1955 5789">
    <p class='ocr_par' dir='ltr' id='par_1_110' title="bbox 388 5725 1955 5789">
     <span class='ocr_line' id='line_1_110' title="bbox 388 5725 1955 5789; baseline 0.002 -15"><span class='ocrx_word' id='word_1_765' title='bbox 388 5735 484 5775; x_wconf 88' lang='lat' dir='ltr'><strong>aut</strong></span> <span class='ocrx_word' id='word_1_766' title='bbox 531 5727 882 5780; x_wconf 81' lang='lat' dir='ltr'><strong>necessitatis</strong></span> <span class='ocrx_word' id='word_1_767' title='bbox 931 5725 1250 5789; x_wconf 80' lang='lat' dir='ltr'><strong>mentione,</strong></span> <span class='ocrx_word' id='word_1_768' title='bbox 1298 5742 1423 5780; x_wconf 82' lang='lat' dir='ltr'><strong>cum</strong></span> <span class='ocrx_word' id='word_1_769' title='bbox 1491 5728 1658 5780; x_wconf 67' lang='lat' dir='ltr'><strong>verba</strong></span> <span class='ocrx_word' id='word_1_770' title='bbox 1710 5725 1955 5778; x_wconf 66' lang='lat' dir='ltr'><strong>auctoris</strong></span> 
     </span>
    </p>
   </div>
   <div class='ocr_carea' id='block_1_111' title="bbox 393 5798 1950 5864">
    <p class='ocr_par' dir='ltr' id='par_1_111' title="bbox 393 5798 1950 5864">
     <span class='ocr_line' id='line_1_111' title="bbox 393 5798 1950 5864; baseline 0.004 -22"><span class='ocrx_word' id='word_1_771' title='bbox 393 5802 722 5861; x_wconf 67' lang='lat' dir='ltr'><strong>[ll&#39;J‘t‘Cpllllll</strong></span> <span class='ocrx_word' id='word_1_772' title='bbox 776 5808 992 5861; x_wconf 78' lang='lat' dir='ltr'><strong>sonent,</strong></span> <span class='ocrx_word' id='word_1_773' title='bbox 1041 5816 1102 5851; x_wconf 81' lang='lat' dir='ltr'><strong>ac</strong></span> <span class='ocrx_word' id='word_1_774' title='bbox 1146 5799 1366 5852; x_wconf 75' lang='lat' dir='ltr'><strong>inducta</strong></span> <span class='ocrx_word' id='word_1_775' title='bbox 1419 5798 1718 5850; x_wconf 64' lang='lat' dir='ltr'><strong>auctoritas</strong></span> <span class='ocrx_word' id='word_1_776' title='bbox 1769 5804 1950 5864; x_wconf 71' lang='lat' dir='ltr'><strong>petat:</strong></span> 
     </span>
    </p>
   </div>
   <div class='ocr_carea' id='block_1_112' title="bbox 2074 5515 3658 5594">
    <p class='ocr_par' dir='ltr' id='par_1_112' title="bbox 2074 5515 3658 5594">
     <span class='ocr_line' id='line_1_112' title="bbox 2074 5515 3658 5594; baseline 0.001 -24"><span class='ocrx_word' id='word_1_777' title='bbox 2074 5515 2267 5594; x_wconf 67' lang='lat' dir='ltr'><strong>Vacate</strong></span> <span class='ocrx_word' id='word_1_778' title='bbox 2297 5527 2345 5572; x_wconf 84' lang='lat' dir='ltr'><strong>et</strong></span> <span class='ocrx_word' id='word_1_779' title='bbox 2368 5522 2683 5590; x_wconf 78' lang='lat' dir='ltr'><strong>cognoscite,</strong></span> <span class='ocrx_word' id='word_1_780' title='bbox 2705 5531 2814 5594; x_wconf 84' lang='lat' dir='ltr'><strong>etc.</strong></span> <span class='ocrx_word' id='word_1_781' title='bbox 2837 5522 2970 5594; x_wconf 85' lang='lat' dir='ltr'><strong>Erat</strong></span> <span class='ocrx_word' id='word_1_782' title='bbox 2993 5521 3058 5594; x_wconf 82' lang='lat' dir='ltr'><strong>in</strong></span> <span class='ocrx_word' id='word_1_783' title='bbox 3078 5521 3274 5578; x_wconf 85' lang='lat' dir='ltr'><strong>Bavar.</strong></span> <span class='ocrx_word' id='word_1_784' title='bbox 3299 5520 3658 5594; x_wconf 73' lang='grc' dir='ltr'>προσεδρείαν</span> 
     </span>
    </p>
   </div>
   <div class='ocr_carea' id='block_1_113' title="bbox 2071 5587 3656 5664">
    <p class='ocr_par' dir='ltr' id='par_1_113' title="bbox 2071 5587 3656 5664">
     <span class='ocr_line' id='line_1_113' title="bbox 2071 5587 3656 5664; baseline 0.004 -26"><span class='ocrx_word' id='word_1_785' title='bbox 2071 5587 2268 5664; x_wconf 64' lang='grc' dir='ltr'>σχολῄν</span> <span class='ocrx_word' id='word_1_786' title='bbox 2289 5604 2302 5617; x_wconf 88' lang='grc'><strong>·</strong></span> <span class='ocrx_word' id='word_1_787' title='bbox 2339 5587 2443 5664; x_wconf 79' lang='lat' dir='ltr'><strong>pro</strong></span> <span class='ocrx_word' id='word_1_788' title='bbox 2481 5593 2846 5664; x_wconf 12' lang='lat' dir='ltr'><strong>quoiconjicit</strong></span> <span class='ocrx_word' id='word_1_789' title='bbox 2879 5593 3135 5648; x_wconf 82' lang='lat' dir='ltr'><strong>Canisius</strong></span> <span class='ocrx_word' id='word_1_790' title='bbox 3157 5587 3458 5664; x_wconf 81' lang='lat' dir='ltr'><strong>legendum</strong></span> <span class='ocrx_word' id='word_1_791' title='bbox 3488 5587 3656 5661; x_wconf 74' lang='grc' dir='ltr'>προσ-</span> 
     </span>
    </p>
   </div>
   <div class='ocr_carea' id='block_1_114' title="bbox 2067 5657 3655 5732">
    <p class='ocr_par' dir='ltr' id='par_1_114' title="bbox 2067 5657 3655 5732">
     <span class='ocr_line' id='line_1_114' title="bbox 2067 5657 3655 5732; baseline 0.005 -24"><span class='ocrx_word' id='word_1_792' title='bbox 2067 5657 2290 5732; x_wconf 50' lang='lat' dir='ltr'><strong>asper».</strong></span> <span class='ocrx_word' id='word_1_793' title='bbox 2327 5657 2417 5732; x_wconf 58' lang='grc' dir='ltr'>καὶ</span> <span class='ocrx_word' id='word_1_794' title='bbox 2453 5657 2650 5732; x_wconf 54' lang='grc' dir='ltr'>σῇολήν</span> <span class='ocrx_word' id='word_1_795' title='bbox 2672 5679 2684 5690; x_wconf 91' lang='grc'><strong>·</strong></span> <span class='ocrx_word' id='word_1_796' title='bbox 2711 5657 2834 5732; x_wconf 72' lang='lat' dir='ltr'><strong>qum</strong></span> <span class='ocrx_word' id='word_1_797' title='bbox 2869 5664 3038 5719; x_wconf 73' lang='lat' dir='ltr'><strong>lectio</strong></span> <span class='ocrx_word' id='word_1_798' title='bbox 3093 5657 3242 5718; x_wconf 50' lang='lat' dir='ltr'><strong>cum&quot;</strong></span> <span class='ocrx_word' id='word_1_799' title='bbox 3259 5657 3655 5732; x_wconf 76' lang='lat' dir='ltr'><strong>superioribus</strong></span> 
     </span>
    </p>
   </div>
   <div class='ocr_carea' id='block_1_115' title="bbox 2066 5730 3570 5809">
    <p class='ocr_par' dir='ltr' id='par_1_115' title="bbox 2066 5730 3570 5809">
     <span class='ocr_line' id='line_1_115' title="bbox 2066 5730 3570 5809; baseline 0.004 -27"><span class='ocrx_word' id='word_1_800' title='bbox 2066 5730 2320 5798; x_wconf 74' lang='lat' dir='ltr'><strong>COllgl‘llll</strong></span> <span class='ocrx_word' id='word_1_801' title='bbox 2345 5731 2416 5801; x_wconf 68' lang='grc' dir='ltr'><strong>τὴ</strong></span> <span class='ocrx_word' id='word_1_802' title='bbox 2450 5731 2556 5802; x_wconf 79' lang='grc' dir='ltr'>γὰρ</span> <span class='ocrx_word' id='word_1_803' title='bbox 2592 5730 2912 5809; x_wconf 63' lang='grc' dir='ltr'>προσεδρεία</span> <span class='ocrx_word' id='word_1_804' title='bbox 2945 5735 3037 5789; x_wconf 69' lang='grc' dir='ltr'><strong>καὶ</strong></span> <span class='ocrx_word' id='word_1_805' title='bbox 3065 5735 3249 5807; x_wconf 65' lang='grc' dir='ltr'>σχολή.</span> <span class='ocrx_word' id='word_1_806' title='bbox 3283 5730 3570 5790; x_wconf 66' lang='lat' dir='ltr'><strong>COMBEFIS.</strong></span> 
     </span>
    </p>
   </div>
  </div>
