4026 6140
416 362 513 427 ε’ῖι

1624 366 1684 426 S.
1726 363 2132 425 ANASTASII
2172 362 2496 424 SiNAlT/E

3559 365 3665 427 832

406 480 724 547 formasque
755 480 1051 534 mulierum
1076 465 1540 547 contemplantur,
1571 468 1725 529 et’ex
1748 474 1974 530 ecclesia

2083 472 2503 544 ἁμαρτημάτων
2558 473 2645 527 διὰ
2690 472 2787 542 τῆς
2828 471 3216 540 ἐπιγνώσεως.
3275 471 3411 525 ἁλλὰ
3443 471 3667 528 πλείονα

407 568 500 622 llei
523 569 753 637 lupanar
776 584 877 637 per
900 569 1198 623 eﬁ‘renatas
1221 584 1349 622 suas
1369 566 1701 635 cupiditates
1715 564 1981 621 elliciunt.

404 658 511 712 Alii
536 673 668 711 vero
695 658 763 714 de
790 658 1027 728 negotiis
1057 659 1182 712 aliis
1210 668 1265 711 et
1309 657 1472 727 452
1527 656 1980 725 possessionibus

405 749 521 802 suis
545 747 860 813 conferunt,
885 751 1053 817 inque
1099 747 1280 801 forum
1329 757 1385 801 et
1425 746 1754 815 emporium,
1793 746 1978 799 locum

404 838 580 899 iitum,
621 839 904 893 tremenda
930 840 1021 893 illa
1072 839 1228 899 hora.
1260 846 1503 892 vertunt.
1537 836 1642 890 Alii
1699 836 1755 889 in
1782 835 1981 906 Synaxi

405 932 530 985 aliis
548 931 928 987 detrahuntet
968 932 1370 1001 obloquzintur,
1403 932 1574 985 etiam
1612 931 1749 1001 ipsis
1795 946 1981 986 sacer-

405 1021 627 1078 dotibus
655 1025 749 1094 qui
771 1024 1109 1081 sacriﬁcium
1129 1023 1389 1078 oderunt.

2091 566 2508 636 ἁμαρτημάτων
2539 564 2736 636 φορτία
2768 566 2978 626 ἑαυτοῖς
3003 564 3349 631 συνάγοντες,
3393 563 3462 615 τὰ
3492 563 3663 634 κάλλη

2087 659 2180 711 καὶ
2208 659 2308 721 τὰς
2338 658 2554 728 μορφὰς
2584 658 2693 709 τῶν
2735 657 3013 726 γυναικῶν
3054 655 3487 717 κατασκοποῦσι,
3535 673 3667 725 πορ-

2083 753 2223 803 νεῖον
2254 750 2352 820 τὴν
2386 749 2477 803 τοῦ
2509 749 2645 802 Θεοῦ
2669 749 2968 815 ἐκκλησίαν
3015 748 3101 801 διὰ
3130 750 3227 817 τῆς
3254 747 3450 815 ἀλόγου
3483 748 3665 801 αὐτῶν

2081 839 2384 909 ἐπιθυμίας
2436 840 2819 910 ἐργαζόμενοι.
2869 840 3090 910 Ἕτεροι
3148 840 3276 909 περὶ
3322 841 3665 906 πραγμάτων

2081 933 2175 984 καὶ
2203 933 2501 1001 κτημάτων
2535 929 2944 1000 συμφωνοῦσιν,
2982 930 3275 999 ἐμπόριον,
3308 929 3403 983 καὶ
3431 930 3661 997 ἁγορὰς,

2080 1023 2244 1075 τόπον
2287 1022 2385 1090 τὴν
2418 1020 2868 1091 φρικωδεστάτην
2898 1022 3119 1088 ἐκείνην
3144 1019 3292 1090 ὥραν
3324 1019 3660 1087 ποιούμενοι.

367 1094 373 1191 ξ
410 1114 592 1166 Ἄλλοι
641 1116 720 1177 εἰς
764 1115 1099 1177 καταλαλιᾶις
1135 1105 1413 1186 ἀλλήλων,
1474 1113 1506 1184 ἦ
1548 1114 1642 1167 καὶ
1676 1114 1858 1166 αὐτων
1906 1113 2014 1166 τῶν
2054 1112 2247 1184 ἱερέων
2277 1112 2377 1182 τὴν
2407 1112 2597 1166 θυσίαν
2626 1113 3044 1183 προσφερόντων
3073 1113 3129 1167 ὲν
3189 1113 3257 1182 τῇ
3315 1110 3665 1175 Συνὰξειὰπ-

404 1223 438 1258 α
448 1207 737 1275 σχολοῦντα
746 1225 761 1259 ι
770 1247 783 1260 .

477 1298 638 1351 Extra
669 1298 817 1352 hunc
851 1313 1079 1353 censum
1110 1296 1445 1351 collocanda:
1471 1311 1580 1349 non
1624 1304 1748 1350 sunt
1783 1294 1981 1350 mulie-

358 1372 366 1425 ἶ
405 1404 495 1443 res
517 1390 798 1442 nonnulla:
822 1405 943 1457 quae
968 1404 1078 1442 non
1114 1397 1325 1442 tantum
1372 1396 1572 1441 vacant
1634 1401 1732 1455 per
1777 1385 1981 1439 oratio-

403 1495 529 1534 nem
562 1480 811 1535 ecclesiae
849 1480 966 1543 Dei,
1000 1487 1265 1548 quantum
1295 1479 1517 1533 diabolo
1550 1495 1647 1548 per
1694 1479 1798 1532 hoc
1828 1477 1978 1547 quod

401 1569 841 1638 conspiciuntur,
873 1570 1187 1637 multosque
1222 1584 1290 1622 ex
1340 1568 1775 1637 simplicioribus
1815 1567 1982 1621 sedu-

403 1668 557 1714 cunt.
588 1659 726 1715 Cum
781 1661 952 1731 igitur
1006 1670 1197 1715 nostra
1230 1660 1346 1715 haec
1378 1658 1737 1714 commonitio
1768 1667 1982 1712 utrum-

2156 1293 2270 1346 Οὐκ
2320 1292 2425 1356 ἔξω
2464 1292 2520 1346 δὲ
2568 1292 2677 1345 τῶν
2722 1292 2979 1345 τοιούτων
3036 1294 3180 1354 τινὲς
3233 1291 3341 1344 τῶν
3385 1291 3663 1358 γυναικῶν

2080 1386 2517 1456 ἐφευρίσκονται,
2571 1364 2728 1438 ἀλλὰ.
2751 1386 2887 1455 πρδις
2921 1384 3131 1447 τούτοις
3176 1386 3297 1437 ὅσαι
3329 1385 3406 1452 τῷ
3433 1382 3663 1454 διαϐόλῳ

2078 1477 2462 1542 δουλεύουσιν,
2531 1480 2591 1530 οὔ
2654 1477 2908 1530 τοσοῦτον
2958 1479 3022 1546 τῇ
3072 1476 3162 1527 τοῦ
3217 1476 3353 1527 Θεοῦ
3396 1475 3665 1547 ἐκκλησίᾳ

2082 1567 2405 1637 σχολάζουσι
2439 1568 2506 1619 δι’
2530 1568 2716 1638 εὐχὴν,
2754 1569 2879 1621 ὅσον
2908 1567 2997 1620 διὰ
3023 1566 3084 1619 τὸ
3111 1565 3366 1634 ὀφθῆναι.
3404 1567 3499 1617 καὶ
3526 1568 3663 1619 ἀπο-

2080 1658 2351 1727 πλανῆσαι
2394 1658 2623 1721 πολλοὺς
2654 1658 2762 1711 τῶν
2789 1659 3190 1728 ἁρελεστέρων.
3247 1660 3358 1728 Τῆς
3387 1654 3481 1712 οῦν
3514 1676 3663 1732 παρ.

404 1766 513 1818 que
538 1766 752 1815 sexum,
784 1753 935 1805 viros
960 1752 1174 1806 scilicet
1200 1767 1264 1806 ac
1302 1751 1582 1811 mulieres,
1616 1750 1974 1818 comprehen-

2080 1748 2337 1810 αινέσεως
2391 1747 2460 1800 τὰ
2505 1746 2600 1800 δύο
2647 1748 2778 1818 γένη
2852 1746 3386 1818 προσλαμϐανούσης
3436 1749 3545 1802 τῶν
3597 1767 3660 1803 τε

403 1838 521 1902 dat,
574 1839 743 1894 redeo
798 1839 865 1893 ad
917 1839 1221 1894 institutam
1266 1840 1426 1892 initio
1451 1839 1720 1892 orationis
1747 1839 1887 1891 viam
1915 1854 1981 1893 ac

402 1930 703 1993 rationem,
737 1940 793 1984 et
818 1946 883 1984 ea
909 1946 1116 1999 queror
1141 1941 1197 1984 et
1233 1930 1485 1999 deploro,
1519 1947 1641 1998 qua:
1664 1930 1847 1994 nobis,
1883 1930 1978 1999 qui

336 2003 347 2013 \
401 2018 708 2073 Christiani
734 2019 1011 2083 videmur,
1041 2018 1273 2089 propria
1300 2019 1513 2074 desidia
1549 2028 1605 2073 et
1629 2028 1979 2088 contemptus

401 2109 640 2176 peperit.
692 2107 833 2174 Quid
868 2111 1016 2164 enim
1045 2111 1269 2181 gravius
1306 2126 1459 2164 more
1496 2111 1612 2177 illo,
1649 2110 1819 2180 quod,
1851 2126 1975 2165 cum

402 2200 631 2268 rapinis,
661 2201 1011 2270 imprQbEtate
1035 2203 1301 2270 omnique
1326 2217 1528 2271 genere
1579 2202 1851 2258 scelerum
1882 2217 1979 2271 op-

399 2284 533 2358 pleti
565 2307 775 2356 sumus,
800 2294 1033 2361 paucula
1056 2310 1197 2364 aqua
1246 2309 1442 2348 manus
1465 2288 1765 2357 abluimus,
1786 2295 1976 2363 sicque

399 2396 615 2436 sacrum
640 2384 774 2438 illud
823 2401 1047 2453 corpus,
1073 2385 1434 2454 divinumque
1497 2385 1841 2455 sanguinem,
1876 2401 1977 2455 pro

397 2475 575 2528 salute
599 2476 795 2530 mundi
821 2476 1083 2543 cﬂ‘usum,
1110 2477 1384 2531 immundi
1405 2486 1461 2531 et
1488 2476 1755 2531 sordidati
1803 2477 1997 2563 perci:

398 2566 614 2633 pimus?

460 2740 656 2796 Nonne
702 2742 855 2797 vides
905 2742 1183 2812 quomodo
1218 2742 1436 2807 Judas,
1492 2744 1718 2814 indigne
1764 2745 1973 2801 Christi

396 2847 626 2900 corpore
655 2843 895 2903 sumpto,
922 2835 1107 2888 statim
1145 2835 1437 2889 damnatus
1467 2845 1573 2900 est,
1600 2837 1834 2905 plusque
1868 2837 1973 2892 loci

396 2922 637 2992 maligno
660 2926 1068 2992 suppeditavit?
1097 2928 1239 2981 Dicit
1266 2930 1414 2983 enim
1440 2942 1456 2980 ς
1499 2928 1567 2981 Et
1596 2937 1808 2995 accepta
1846 2929 1972 2982 buc-

398 3010 562 3072 cella.
587 3016 769 3066 statim
806 3016 1041 3069 introivit
1067 3018 1123 3069 in
1151 3019 1322 3087 ipsum
1350 3017 1618 3072 Satanas“
1644 3035 1658 3081 ;
1688 3034 1796 3072 non
1824 3019 1970 3088 quod

399 3102 659 3157 diabolus
694 3120 888 3172 panem
921 3107 1076 3160 illum
1116 3108 1465 3178 despiceret,
1505 3109 1601 3163 sed
1634 3118 1694 3163 ut
1718 3126 1843 3164 eum
1876 3110 1970 3180 qui

399 3203 712 3262 sumpserat
736 3197 1129 3265 redargueret;
1180 3199 1236 3252 in
1280 3200 1555 3269 judicium
1624 3202 1772 3254 enim
1811 3217 1973 3256 suum

400 3295 734 3353 sumpserat.
763 3286 881 3352 Qua
902 3288 1049 3341 enim
1071 3290 1438 3349 conscientia.
1477 3292 1567 3346 dic
1620 3292 1779 3355 mihi,
1819 3309 1976 3348 acce-

401 3374 489 3427 dis
544 3375 612 3428 ad
647 3375 763 3431 hase
814 3379 1098 3447 mysteria.
1135 3382 1230 3450 qui
1279 3383 1333 3435 in
1362 3391 1586 3450 pectore
1639 3384 1810 3439 habes
1839 3401 1975 3440 con-

402 3464 688 3518 scientiam
744 3468 822 3521 tui
860 3470 1289 3524 accusatricem?
1334 3472 1432 3526 Dic
1486 3488 1617 3543 age;
1663 3475 1707 3528 si
1755 3491 1973 3529 omnum

401 3555 655 3610 manibus
693 3565 968 3626 gestores,
1009 3560 1318 3627 auderesne
1359 3562 1541 3632 regias
1587 3573 1770 3619 vestes
1809 3566 1976 3618 attin-

400 3649 573 3716 gere?
610 3656 667 3703 et
722 3651 854 3719 quid
897 3652 1077 3706 'dico?
1111 3668 1292 3723 neque
1347 3663 1468 3709 tuas
1507 3668 1692 3711 vestes
1720 3668 1975 3727 tangeres

402 3739 711 3807 inquinatis
741 3743 1019 3807 manibus,
1059 3745 1156 3799 sed
1193 3746 1321 3801 lotis
1374 3749 1531 3817 prius
1559 3750 1827 3818 tersisque
1856 3767 1974 3805 ma-

399 3829 588 3891 nibus,
617 3839 751 3884 tunc
794 3832 1032 3899 primum
1075 3843 1257 3888 vestes
1313 3844 1435 3890 tuas
1483 3838 1807 3908 attingeres.
1863 3840 1975 3895 Cur

401 3918 570 3987 igitur
599 3936 748 3983 eum,
786 3937 950 3990 quem
986 3924 1190 3978 vilibus
1224 3926 1573 3981 vestimentis
1602 3928 1775 3983 habes
1800 3929 1975 3985 hono-

402 4025 538 4073 rem,
566 4027 678 4065 non
708 4013 897 4067 itidem
925 4015 1177 4083 impcrtis
1220 4017 1372 4070 Deo?
1403 4018 1469 4071 Et
1510 4035 1674 4088 quam
1732 4020 1971 4087 veniam,

400 4114 521 4167 oro,
564 4103 960 4170 consequeris?
990 4104 1178 4173 Neque
1236 4106 1382 4160 enim
1439 4107 1651 4176 ingredi
1710 4110 1771 4164 in
1796 4112 1973 4166 eccle-

401 4188 538 4241 siam
576 4188 905 4261 divinasque
941 4207 1224 4248 sacrarum
1274 4195 1577 4266 imaginum
1624 4197 1848 4268 ﬁguras,
1882 4216 1975 4255 ve-

398 4281 780 4351 nerandasque
812 4299 1007 4339 cruces
1058 4285 1331 4342 honorare
1387 4297 1448 4342 et
1498 4289 1741 4349 salutare
1781 4307 1880 4361 per
1914 4306 1972 4346 se

2080 1836 2289 1906 ἁνδρῶν
2338 1835 2433 1888 καὶ
2478 1836 2785 1904 γυναικῶν,
2842 1837 2934 1890 ἐπὶ
2975 1836 3073 1905 τὴν
3122 1836 3181 1902 ἐξ
3216 1838 3389 1906 ἀρχῆς
3437 1838 3662 1908 μέθοδον

2078 1927 2172 1978 τοῦ
2205 1926 2364 1993 λόγου
2395 1928 2675 1993 ἐπάνειμι,
2713 1926 2941 1998 τοιαῦτα
2967 1926 3142 1994 λέγων
3177 1928 3272 1981 καὶ
3296 1927 3532 1998 θρηνῶν,
3568 1924 3661 1983 οἷα

2080 2017 2213 2085 ἡμῖν
2253 2019 2367 2079 τοῖς
2397 2018 2650 2071 δοκοῦσιν
2680 2012 2821 2071 εἶναι
2848 2019 3196 2088 Χριστιανοῖς
3247 2022 3280 2089 ἡ
3312 2020 3524 2074 ἐαυτῶν
3557 2024 3662 2092 ῥᾳ-

2080 2105 2251 2176 θυμία
2299 2107 2393 2161 καὶ
2442 2112 2853 2180 καταφρόνησις
2904 2110 3223 2179 εἰργάσατο.
3259 2112 3323 2164 Τί
3351 2113 3459 2180 γὰρ
3487 2112 3661 2166 δεινό-

2078 2215 2238 2269 τερον
2271 2198 2365 2253 τοῦ
2399 2201 2644 2254 τοιούτου
2672 2202 2896 2272 τρόπου,
2935 2202 3092 2267 ὅταν,
3126 2201 3382 2271 ἁρπαγὰς
3428 2203 3526 2257 καὶ
3561 2222 3658 2258 πο·

2078 2293 2277 2363 νηρίας
2310 2295 2403 2347 καὶ
2432 2295 2616 2365 πλήθη
2645 2294 3061 2364 ἁμαρτημάτων
3095 2297 3152 2347 ἐν
3176 2296 3390 2359 ἑαυτοῖς
3418 2296 3656 2365 ἔχοντες,

2079 2380 2232 2434 ὕδατι
2303 2383 2486 2453 μικρῷ
2559 2388 2659 2447 τὰς
2724 2387 2913 2454 χεῖρας
2971 2385 3438 2455 ἀπονιπτόμενοι,
3513 2387 3658 2442 οὕτω

2075 2473 2136 2525 τὸ
2162 2473 2316 2541 ἅγιον
2340 2477 2518 2528 ἐκεῖνο
2544 2476 2726 2544 σῶμα,
2762 2478 2855 2528 καὶ
2882 2476 2942 2528 τδ
2969 2478 3109 2528 θεῖον
3134 2471 3273 2543 αἷμα
3304 2477 3362 2529 τὸ
3391 2478 3532 2549 ὑπὲρ
3553 2479 3657 2547 τῆς

2077 2564 2167 2618 τοῦ
2196 2568 2404 2635 κόσμου
2437 2567 2636 2638 ρεῦσαν
2668 2568 2939 2637 σωτηρίας
2963 2609 2977 2629 ,
3030 2569 3331 2639 ἀκάθαρτοι
3364 2572 3459 2625 καὶ
3489 2574 3655 2643 ὲρῤυ-

2082 2657 2320 2725 πωμένοι
2348 2659 2502 2721 ὄντες
2535 2661 2747 2723 ἑαυτοῖς
2777 2661 3167 2727 προσάγομενς

2147 2751 2258 2819 Οὐχ
2285 2752 2437 2820 ὁρᾷς,
2469 2753 2587 2815 πῶς
2616 2752 2820 2814 Ἰούδας
2850 2752 3083 2816 ἀναξίως
3109 2754 3202 2806 καὶ
3234 2755 3425 2818 δολίως
3444 2755 3521 2825 (5)
3556 2757 3654 2810 τοῦ

2083 2839 2338 2909 σώματος
2367 2842 2688 2907 μεταλαϐὼν
2705 2844 2797 2896 τοῦ
2815 2844 3159 2906 δεσποτικοῦ,
3178 2846 3382 2909 εύθέως
3402 2850 3656 2918 κατεκρί-

2077 2931 2164 2998 θη,
2202 2932 2297 2984 καὶ
2320 2932 2504 3002 χώραν
2527 2934 2749 2988 πλείονα
2766 2935 2965 2987 δέδωκε
2991 2934 3067 3003 τῷ
3097 2936 3343 3006 πονηρῶς
3363 2939 3496 3006 Φησὶ
3520 2939 3652 3009 γάρ’

2078 3023 2183 3077 Kal
2211 3024 2414 3078 ,λαϐὼν
2438 3027 2503 3078 τὸ
2526 3028 2782 3095 ψωμίον,
2812 3027 3030 3093 εὐθέως
3054 3026 3337 3093 εἰσῆλθεν
3361 3031 3448 3095 εις
3467 3031 3657 3085 αὐτὸν

2076 3116 2107 3167 d
2140 3114 2439 3180 Σατανᾶς·
2494 3118 2554 3169 οὐ
2605 3116 2698 3170 τοῦ
2742 3118 2908 3187 ἄρτου
2954 3120 3310 3189 καταφρονῶν
3328 3123 3362 3174 ’ὁ
3383 3121 3652 3189 διάϐολος,

2074 3204 2189 3256 ἀλλ’
2216 3207 2422 3258 ἐκεῖνον
2450 3206 2542 3260 τὸν
2571 3209 2945 3276 μεταλαϐόντα
2974 3210 3236 3280 ἐλέγχων,
3272 3212 3354 3265 ὅτι
3382 3215 3462 3275 εἰς
3487 3215 3655 3268 κατά-

2076 3311 2252 3365 κριμα
2283 3296 2478 3348 ἐαυτοῦ
2514 3298 2829 3366 μετέλαεεν.
2894 3301 3039 3371 Ποίῳ
3069 3304 3178 3372 γὰρ
3208 3306 3490 3369 συνειδότι,
3527 3306 3655 3360 εἰπέ

2078 3401 2192 3451 μοι,
2246 3387 2531 3457 προσέρχῃ
2579 3390 2693 3447 τοῖς
2741 3388 3096 3456 μυστηρίοις;
3149 3390 3279 3459 ποίᾳ
3307 3392 3474 3459 ψυχῇ,
3515 3391 3654 3463 ποίῳ

2072 3471 2351 3544 λογισμῷ,
2409 3474 2548 3543 ἔχων
2594 3475 2741 3528 ἔνδον
2786 3478 2847 3528 τὸ
2890 3477 2981 3529 σὸν
3026 3479 3267 3542 συνειδὸς
3311 3482 3649 3551 κατήγορον;

2075 3565 2209 3617 Είπέ
2234 3583 2345 3635 μοι,
2383 3562 2493 3629 ἆρα
2524 3567 2571 3618 εἱ
2602 3568 2805 3636 κόπρον
2838 3568 3020 3638 φέρων
3050 3571 3107 3622 ἐν
3134 3572 3255 3634 ταῖς
3283 3573 3472 3641 χερσὶν
3499 3573 3650 3626 ἐτόλ-

2078 3672 2258 3724 μησας
2287 3655 2353 3707 ἂν
2380 3654 2626 3725 ἅψασθαι
2659 3655 2766 3708 τῶν
2794 3658 3027 3725 ἱματίων
3061 3659 3169 3712 τῶν
3195 3660 3520 3729 βασιλικῶν;
3554 3662 3651 3716 καὶ

2073 3746 2126 3797 τί
2153 3746 2298 3799 λαλῶ
2322 3745 2483 3799 τοῦτο
2502 3787 2514 3808 ,
2552 3747 2673 3799 οὐδὲ
2705 3747 2813 3799 τῶν
2843 3748 2951 3800 σῶν
2983 3750 3214 3819 ἱματίων
3245 3751 3367 3820 ἥψω
3397 3753 3650 3824 ρυπαρὰς

2073 3838 2169 3898 τὰς
2196 3840 2382 3907 χεῖρας
2415 3839 2574 3908 ἔχων,
2610 3837 2742 3891 ἁλλὰ
2776 3840 3040 3911 πρότερον
3069 3843 3521 3907 ἁποπλυνὰαενος
3556 3847 3653 3901 καὶ

2075 3928 2322 3996 ὲκμάξας
2344 3929 2536 3991 αύτὰς,
2560 3929 2683 3981 τότε
2709 3929 2774 3982 ἂν
2798 3930 2903 3982 τῶν
2923 3930 3029 3983 σῶν
3049 3931 3280 3996 ἱματίων
3300 3934 3443 4002 ἥψω.
3469 3935 3533 3986 Τί
3555 3934 3651 3988 οῦν

2074 4018 2193 4069 οὐδὲ
2213 4018 2286 4080 ὡς
2311 4018 2543 4088 ἱματίοις
2573 4019 2817 4072 εὐτελέσι
2835 4021 2930 4072 καὶ
2962 4021 3224 4090 ἐνδύμασι
3260 4024 3559 4092 προσάγεις
3578 4024 3651 4096 τῷ

2074 4107 2193 4178 Θεῷ
2215 4107 2234 4145 ἲ
2252 4108 2349 4179 τὴν
2378 4110 2583 4178 τιμήν;
2611 4110 2721 4163 Καὶ
2744 4110 2905 4171 ποίας
2936 4110 3269 4175 ἀπολαύσεις
3289 4112 3643 4181 συγγνώμης,

2075 4199 2196 4251 εἰπέ
2239 4215 2363 4268 μοι;
2424 4200 2484 4251 οὐ
2532 4200 2642 4268 γὰρ
2696 4199 2757 4252 τὺ
2797 4200 3139 4271 εἰσέρχεσθαι
3188 4203 3244 4253 ἐν
3275 4205 3339 4271 τῇ
3385 4203 3480 4255 τοῦ
3510 4203 3648 4257 Θεοῦ

2074 4289 2359 4359 ἐκκλησίᾳ,
2385 4290 2480 4343 καὶ
2525 4293 2623 4353 τὰς
2658 4288 2807 4351 θείας
2836 4291 3149 4361 μορφώσεις
3176 4291 3285 4345 τῶν
3310 4292 3480 4357 ἁγίων
3505 4293 3649 4347 εἰκό-

397 4371 512 4428 Deo
549 4374 814 4444 placitum
865 4386 983 4442 est;
1016 4392 1197 4447 neque
1229 4379 1392 4433 etiam
1427 4397 1692 4435 manuum
1732 4383 1965 4447 ablutio,

2076 4399 2181 4436 νων
2225 4382 2357 4450 (6).
2419 4383 2515 4434 καὶ
2565 4382 2691 4445 τοὺς
2725 4384 2938 4453 τιμίοὺς
2975 4385 3241 4453 σταυροὺς
3280 4384 3644 4449 ἀσπάζεσθαι,

393 4466 654 4535 purgatio
685 4467 904 4522 censeri
943 4465 1128 4520 debet.
1176 4464 1284 4521 Sed
1316 4467 1461 4524 istud
1485 4469 1598 4526 Deo
1624 4480 1841 4542 gratum
1876 4487 1969 4527 ac-

469 4641 490 4669 ¹⁵
519 4642 676 4696 Joan.
701 4659 818 4709 xm,
845 4644 935 4697 27.

2074 4473 2231 4527 τοῦτο
2253 4474 2479 4545 ἀρεστόν
2500 4475 2524 4514 ε
2542 4489 2555 4501 ·
2589 4474 2707 4528 οὐδὲ
2734 4474 2810 4545 τῷ
2838 4474 2990 4528 ὕδατι
3015 4474 3282 4529 ἐκπλῦναι
3308 4475 3407 4539 τὰς
3430 4477 3644 4547 χεῖρας,

1678 4765 1911 4821 VM!le
1954 4766 2361 4824 LECTIONl‘ZS.

470 4849 494 4887 ¹
525 4847 708 4905 Canis.
742 4851 981 4923 Χριστῷ.
1060 4855 1087 4896 ⁸
1109 4853 1242 4909 Can.
1275 4855 1504 4926 ἄρεστον

1904 4966 2134 5024 NOTAE.

468 5075 557 5153 (5)
594 5080 832 5153 Δοτλίως.
881 5081 1026 5136 Velit
1070 5082 1211 5139 forte
1261 5086 1531 5145 indicare.
1581 5099 1744 5153 quam
1783 5083 1962 5140 Graeci

396 5148 576 5224 multi
593 5150 910 5224 opinionem
945 5162 1169 5224 tenent,
1205 5164 1265 5209 ut
1301 5155 1472 5209 ludas
1530 5148 1820 5224 misticum
1870 5171 1965 5224 pa-

393 5234 522 5272 nem
549 5219 750 5275 Judaeis
766 5221 1169 5277 ostendendum
1188 5224 1513 5288 servaverit,
1541 5219 1608 5277 ad
1622 5219 1964 5278 conﬂandam

394 5290 443 5341 ei
474 5290 758 5355 invidiam,
793 5293 886 5361 qui
914 5308 1064 5355 eum,
1108 5308 1267 5346 suum
1296 5309 1498 5361 corpus
1525 5294 1757 5352 diceret.
1817 5303 1870 5347 et
1908 5304 1967 5348 ut

395 5361 506 5414 tale
535 5361 828 5432 discipulis
857 5361 1201 5416 tradidisset.
1234 5362 1309 5416 De
1348 5363 1596 5416 buccella
1631 5378 1696 5416 ac
1730 5362 1965 5417 intincto

394 5444 557 5501 pane,
578 5440 637 5501 et
669 5449 738 5486 au
763 5432 855 5501 ille
878 5433 1143 5501 mysticus
1175 5432 1332 5500 panis
1358 5432 1543 5495 fuerit,
1571 5432 1719 5501 quod
1748 5433 1968 5485 videtur

396 5500 537 5555 wlle
591 5500 949 5566 Anastasius,
992 5501 1215 5556 videndi
1277 5510 1407 5556 sunt
1432 5500 1797 5572 expositores.
1822 5501 1967 5556 Con-

397 5584 560 5623 B'IFIS.

472 5642 545 5703 (ti)
573 5638 663 5710 Bis
694 5647 925 5710 peccant
977 5640 1068 5695 lnc
1118 5641 1470 5710 interpretes.
1523 5639 1779 5695 Canisius
1817 5641 1967 5696 hunc

402 5706 469 5751 iw
495 5723 580 5756 uni
619 5708 698 5760 sic
729 5709 1003 5763 reddidit:
1035 5711 1221 5778 Neque
1248 5706 1593 5765 venerandus
1645 5727 1843 5766 cruces
1873 5713 1965 5764 ho-

396 5787 588 5829 u-_:mre
619 5779 932 5831 etsalutare
954 5796 1113 5847 perac
1155 5779 1258 5832 Deo
1296 5780 1552 5847 placitum
1579 5791 1673 5846 est,
1721 5780 1959 5836 Combe-

2065 5085 2220 5139 ilsius
2245 5101 2410 5140 vero:
2449 5085 2805 5141 Vcnerandas
2829 5101 3023 5141 cruces
3065 5086 3339 5142 honorare.
3364 5103 3429 5142 ac
3477 5103 3641 5143 oscu-

2066 5154 2399 5210 lari.Gr:eca
2443 5172 2573 5210 vero
2629 5156 2709 5209 sic
2765 5156 3392 5211 habent:Veneramlas
3445 5173 3644 5212 cruces

2068 5227 2326 5278 salutare.
2363 5225 2474 5278 Iloc
2502 5242 2607 5279 non
2634 5226 2854 5287 sullicit,
2905 5227 3033 5294 quia
3097 5226 3279 5294 fugam
3316 5236 3373 5280 et
3408 5227 3645 5280 ablutio-

2068 5310 2193 5367 nem
2220 5295 2466 5367 sordium
2490 5295 2700 5367 peccati
2733 5268 3081 5367 postulabat;
3144 5268 3347 5349 desunt
3382 5297 3552 5367 igitur
3587 5296 3643 5352 in

2070 5363 2260 5418 ϐιωοο
2295 5364 2411 5417 haec
2434 5362 2624 5426 verba,
2680 5362 2912 5418 osculari
2949 5374 3006 5418 et
3032 5366 3338 5431 honorare;
3382 5362 3511 5419 n'am
3544 5380 3641 5419 ve-

2073 5434 2415 5487 nerationem
2460 5435 2609 5489 cruci
2640 5434 2939 5487 exhibitam
2962 5450 3059 5503 per
3085 5437 3498 5501 salutationem,
3533 5451 3641 5490 non

2073 5517 2172 5571 per
2206 5504 2454 5556 osculum
2485 5513 2541 5557 ct
2586 5504 2876 5567 honorem,
2917 5503 3121 5559 indicat
3151 5504 3494 5562 Anastasius.
3540 5505 3641 5561 Se-

2075 5572 2276 5653 cundo,
2310 5572 2455 5653 illud.
2479 5588 2712 5653 ρος-,ηυντ⁹
2727 5572 2896 5642 placet
2922 5573 3050 5635 Deo,
3076 5575 3224 5643 (mod
3254 5576 3467 5653 leg-itur.
3498 5573 3641 5644 apud

2071 5639 2374 5714 Canisium,
2414 5639 2528 5714 sive
2553 5639 3057 5714 'l‘urriauumtnou
3082 5639 3387 5714 apparet'in
3428 5639 3641 5711 Graeco,
3734 5645 3751 5653 ’

2071 5718 2124 5763 et
2147 5712 2266 5780 jure.
2291 5707 2654 5767 Combetisius
2685 5712 2891 5767 omisit.
2918 5712 3074 5770 Basx.
