4026 6140
365 300 471 366 833

1564 292 1843 354 ORATIO
1883 288 1981 353 DE
2021 288 2081 353 S.
2122 288 2419 354 SYNAXI.

3514 298 3621 362 834

365 412 527 467 τοῦτο
558 411 846 480 κάθαρσις,
895 404 1032 464 ἀλλὰ
1074 406 1136 463 τὸ
1169 408 1475 477 ἀποφυγεῖν
1511 407 1607 460 καὶ
1634 406 1943 460 ἀποπλῦναι

2049 415 2382 477 ceptumque
2413 417 2518 471 est,
2570 415 2628 461 ut
2660 408 2784 477 quis
2812 407 3007 478 fugiat,
3036 417 3090 461 ct
3118 410 3624 480 emaculetpcccati

365 505 458 557 τὸν
507 503 679 575 ῥύπον
729 502 837 555 τῶν
886 500 1336 573 ἁμαρτημάτων,
1395 498 1490 552 καὶ
1530 498 1944 568 ’ὲξομολογήσει,

368 597 462 649 καὶ
491 595 723 664 δάκρυσι
749 636 763 660 ,
821 596 914 647 καὶ
943 594 1090 664 ψυχῇ
1118 593 1570 663 τεταπεινωμένῃ
1603 592 1948 660 ἁποσμήχειν

365 685 475 738 τῶν
501 685 917 755 ἁμαρτημάτων
945 684 1045 747 τὰς
1074 684 1259 752 σειρὰς
1280 684 1379 752 (7),
1405 684 1501 736 καὶ
1522 680 1694 743 οὕτως
1716 681 1947 749 προσέρ-

367 775 557 846 χεσθαι
588 778 697 837 τοῖς
726 775 1018 845 ἁχράντοις
1050 775 1391 845 μυστηρίοις.

451 866 588 919 Ἀλλ’
616 868 747 929 ἴσως
780 869 900 936 ἐρεῖ
928 882 1011 928 τις
1033 881 1047 897 ο
1083 866 1196 918 Οὐκ
1225 866 1453 934 εὐχαρες
1484 879 1574 934 μοι
1605 863 1668 916 τὸ
1690 861 1946 933 δακρύειν

366 958 462 1011 καὶ
515 957 737 1028 θρηνεῖν
784 957 997 1011 ἑαυτόν.
1065 957 1163 1009 Διὰ
1209 956 1296 1021 τί;
1335 956 1456 1009 Ὀτι
1505 956 1567 1008 ού
1611 957 1815 1019 πονεῖς,
1866 954 1945 1005 ὃτι

364 1048 465 1102 οὐκ
509 1048 771 1119 αἰσθάνῃ,
827 1049 911 1101 ὅτι
960 1047 1023 1101 οὐ
1066 1046 1257 1117 λογίζῃ
1309 1046 1410 1116 τὴν
1454 1044 1693 1115 φοϐερὰν
1733 1043 1946 1114 ἡμέραν

365 1142 464 1207 τῆς
488 1141 750 1211 κρίσεως·
780 1139 931 1209 ὅμως
955 1140 1005 1191 εί
1033 1140 1094 1191 οὐ
1120 1139 1350 1191 δύνασαι
1375 1137 1668 1209 δακρῦσαι,
1699 1138 1802 1191 κᾶν
1828 1138 1945 1190 ἐπί-

367 1248 504 1283 πονα
532 1231 811 1296 στέναξον,
847 1230 941 1282 καὶ
973 1228 1295 1296 στύγνασον,
1333 1229 1428 1281 καὶ
1446 1228 1537 1280 τὸν
1556 1228 1766 1297 γέλωτα
1789 1228 1944 1298 περί-

364 1320 553 1391 κοψαι,
590 1321 696 1374 κᾶν
728 1320 827 1390 τὴν
857 1320 1094 1388 ἔπαρσιν
1121 1320 1450 1389 ἀπόρριψον,
1488 1320 1581 1372 κα)⁸
1613 1321 1751 1388 μετὰ
1777 1320 1944 1388 φόϐου

367 1410 683 1483 παράστηθι
737 1410 815 1480 τῷ
860 1413 1127 1482 Δεσπότῃ,
1161 1412 1288 1473 τοὺς
1324 1410 1636 1480 ὀφθαλμοὺς
1673 1411 1810 1481 πρὸς
1842 1412 1944 1481 γῆν

366 1500 639 1563 νενευκὼς
666 1541 681 1563 ,
734 1502 828 1553 καὶ
871 1501 1332 1571 καταϐεϐλημένῳ
1359 1499 1437 1571 τῷ
1464 1502 1773 1571 φρονήματι
1798 1501 1944 1571 αὐτῷ

367 1590 875 1661 ἐξομολογούμενος.
911 1593 1024 1662 Ούχ
1056 1593 1187 1662 ὁρᾷς
1218 1592 1346 1655 τοὺς
1377 1591 1455 1661 τῷ
1484 1592 1713 1662 ὲπιγείῳ
1737 1592 1946 1663 βασιλεῖ

368 1683 845 1751 παρισταμένους,
896 1683 1157 1745 πολλάκις
1199 1682 1256 1735 δὲ
1301 1683 1397 1735 καὶ
1437 1683 1626 1735 ἀσεϐεῖ
1652 1683 1787 1747 ὄντι,
1825 1683 1942 1746 πῶς

365 1744 514 1842 αὐτῷ
537 1744 903 1844 παρίστανται
936 1775 1077 1842 μετὰ
1102 1773 1287 1843 πάσης
1315 1772 1624 1838 εύλαῦείας,
1656 1744 1795 1842 μετά
1820 1744 1942 1842 capi;
1974 1744 2013 1798 Β

365 1880 465 1934 κης
512 1864 650 1935 πρὸς
689 1865 849 1916 αὐτὸν
891 1860 1318 1931 ὲνατενίξοντες,
1383 1864 1522 1933 μήτε
1559 1863 1941 1933 φθεγγόμενοι,

368 1955 508 2027 μήτε
560 1954 1067 2024 παρακινούμενοι.
1130 1955 1271 2025 μήτε
1325 1952 1770 2025 περισπώμενον
1827 1955 1944 2007 ἀλλ’

366 2046 423 2097 ὲν
454 2045 654 2115 ἠσυχίᾳ
690 2046 785 2097 καὶ
814 2044 965 2113 φόϐῳ
994 2044 1144 2115 αὐτῷ
1180 2044 1609 2114 παριστάμενοι;
1644 2044 1837 2114 Ἡμεῖς
1864 2044 1941 2109 δὲ,

363 2137 439 2199 ὡς
488 2137 546 2188 ὲν
593 2136 806 2205 θεάτρῳ
852 2136 885 2207 ἢ
936 2134 1239 2207 βαλανείῳ,
1294 2135 1467 2199 οὓτως
1506 2138 1565 2188 ὲν
1590 2138 1656 2206 τῇ
1688 2135 1783 2188 τοῦ
1807 2135 1942 2188 Θεοῦ

364 2227 633 2297 ἐκκλησία
690 2227 1120 2297 παριστάμεθα,
1182 2228 1493 2297 γελῶντες,
1554 2225 1941 2298 φλυαροῦντες,

363 2318 851 2388 λογολεσχοῦντες,
911 2319 1140 2381 ἑαυτοὺς
1187 2320 1529 2385 ἀπατῶντες,
1582 2318 1942 2372 καὶ¹δοκοῦνο

363 2426 453 2473 τες
473 2410 551 2479 (8)
578 2393 660 2463 ὅτι
684 2412 743 2463 ὲν
770 2410 1037 2479 ἐκκλησίᾳ
1063 2409 1472 2480 παριστάμεθα.

435 2503 548 2556 ούκ
573 2497 745 2564 οἶδας,
776 2502 857 2553 ὅτι
886 2503 1123 2572 ἰατρεῖον
1150 2503 1243 2554 καὶ
1267 2502 1432 2572 λιμήν
1456 2502 1604 2554 ἐστιν
1634 2503 1666 2571 ἡ
1689 2500 1783 2553 τοῦ
1808 2500 1942 2554 Θεοῦ

364 2591 661 2664 ἑκκλησίας
690 2595 815 2646 Ἐάν
842 2589 936 2648 οὖν
972 2596 1029 2647 ἑν
1056 2594 1134 2664 τῷ
1184 2596 1409 2664 ἰατρείῳ
1459 2594 1720 2665 διαμένῃς
1747 2596 1941 2661 νοσῶν,

363 2689 458 2742 καὶ
511 2687 586 2757 μὴ
636 2686 1096 2757 θεραπευόμενος,
1147 2686 1276 2739 πότε
1309 2686 1490 2738 λοιπὸν
1525 2684 1798 2757 ίαθήσῃιθ;
1850 2688 1945 2739 καὶ

363 2780 460 2832 ἐὰν
507 2781 565 2831 ὲν
598 2778 674 2848 τῷ
705 2779 892 2849 λιμένι
934 2778 1173 2849 χειμάζῃ
1201 2820 1216 2843 ,
1272 2779 1375 2831 ποῦ
1406 2778 1589 2831 λοιπὸν
1616 2780 1941 2848 ἡσυχάσεις

2049 499 2490 568 inquinamenta,
2528 507 2585 553 et
2614 500 2982 560 confessione.
3010 509 3067 553 et
3096 500 3380 572 lacrymis,
3403 502 3619 557 animo-

2046 605 2155 659 que
2186 590 2480 644 humiliato
2515 598 2571 645 et
2598 591 2839 645 demisso
2884 591 3214 645 delictorum
3239 600 3464 647 catenas
3513 595 3625 649 sol-

2046 691 2171 747 vat,
2215 682 2410 752 sicque
2433 683 2501 737 ad
2534 684 2888 738 immaculata
2919 685 3181 754 mysteria
3202 684 3446 739 accedat.

2114 859 2346 915 Atl‘orte
2393 860 2597 916 dixerit
2620 860 2749 930 quis
2772 877 2785 911 :
2807 860 3073 929 Meipsum
3101 861 3305 915 deﬂere
3329 872 3384 917 et
3415 863 3621 918 lamen-

2047 951 2150 1005 tari
2201 950 2350 1005 haud
2391 951 2699 1021 jucundum
2751 951 2887 1005 mihi
2936 951 3161 1005 accidit.
3201 951 3316 1018 Qua
3345 954 3413 1008 de
3453 970 3617 1009 causa

2044 1041 2379 1109 vero?Quia
2429 1057 2541 1096 non
2596 1042 2846 1108 laboras,
2883 1042 3045 1113 5,53
3082 1044 3213 1112 quia
3277 1060 3387 1099 non
3423 1047 3618 1109 sentis,

2044 1134 2174 1204 quia
2202 1149 2312 1188 non
2353 1134 2657 1204 perpendis
2692 1134 2996 1188 terribilem
3044 1136 3192 1189 illam
3221 1137 3419 1207 judicii
3448 1138 3618 1192 diem.

2042 1226 2418 1280 Nihilominus
2444 1226 2489 1280 si
2526 1225 2655 1279 ﬂere
2679 1242 2788 1281 non
2819 1235 2977 1294 potes
2999 1269 3013 1292 ,
3052 1229 3243 1281 saltem
3298 1229 3616 1298 ingemisce.

2044 1324 2102 1369 et
2134 1315 2387 1369 molestia
2420 1313 2634 1368 allicere
2662 1332 2675 1367 :
2739 1315 2907 1368 risum
2942 1318 3265 1385 comprime,
3324 1320 3618 1373 elationem

2044 1406 2241 1476 abjice.
2263 1407 2331 1460 Et
2361 1422 2485 1459 cum
2521 1416 2718 1461 timore
2750 1405 2984 1460 Domino
3014 1409 3230 1471 assiste,
3264 1412 3441 1465 oculis
3464 1411 3617 1464 hutni

2044 1496 2262 1562 deﬁxis,
2294 1497 2609 1567 spirituque
2632 1498 2898 1567 depresso
2943 1507 2999 1551 ct
3033 1508 3312 1567 prostrato
3350 1502 3452 1571 ipsi
3483 1518 3619 1557 con-

2045 1589 2225 1643 fitens.
2262 1589 2457 1643 Nonne
2500 1589 2654 1644 vides
2687 1590 2809 1643 illos
2843 1590 2941 1657 qui
2992 1600 3213 1645 terreno
3253 1593 3367 1663 regi
3413 1602 3615 1657 astant,

2045 1688 2102 1733 et
2147 1680 2349 1748 saepius
2407 1680 2633 1750 quidem
2689 1681 2898 1749 impio,
2942 1682 3223 1750 quomodo
3266 1683 3318 1736 ei
3355 1683 3618 1738 assistant

2045 1788 2169 1827 cum
2206 1772 2357 1826 omni
2390 1774 2732 1835 reverentia,
2764 1789 2886 1827 cum
2928 1782 3167 1829 tremore
3210 1775 3264 1827 in
3309 1776 3486 1845 ipsum
3530 1793 3619 1829 re-

2046 1864 2364 1933 spicientes,
2416 1862 2624 1933 absque
2678 1864 2791 1917 ulla
2826 1878 2980 1925 voce,
3047 1864 3311 1926 motione,
3358 1875 3454 1920 aut
3504 1867 3617 1920 cir-

2045 1954 2498 2025 cumagitatione,
2534 1954 2709 2024 quieti
2762 1969 3013 2022 prorsus,
3050 1955 3381 2022 pavorisque
3431 1957 3617 2025 pleni?

2043 2045 2113 2099 At
2162 2060 2265 2099 nos
2314 2044 2368 2099 in
2425 2046 2658 2099 ecclesia
2704 2046 2868 2098 aliter
2902 2061 3011 2098 non
3068 2046 3290 2114 agimus
3334 2062 3499 2116 quam
3563 2049 3619 2100 in

2047 2138 2285 2201 theatro,
2313 2146 2408 2191 aut
2429 2138 2649 2201 balneo,
2684 2136 2942 2201 ridendo,
2978 2136 3261 2205 nugando;
3292 2137 3610 2207 garriendo.

2044 2228 2159 2295 Qua
2195 2228 2408 2283 ratione
2442 2229 2545 2297 ipsi
2578 2241 2680 2282 nos
2720 2228 2984 2291 fallimus,
3006 2226 3113 2280 rati
3158 2241 3262 2280 nos
3303 2227 3356 2279 in
3387 2228 3620 2283 ecclcsia

2043 2329 2187 2369 esse.

2114 2504 2195 2558 An
2223 2504 2447 2574 ignoras
2498 2502 2795 2557 ecclesiam
2847 2502 2945 2556 Dei
3004 2501 3276 2557 omcinam
3352 2504 3619 2559 medicam

2042 2612 2189 2661 esse,
2215 2605 2273 2650 et
2307 2594 2573 2665 portum?
2597 2594 2651 2647 Si
2684 2594 2924 2664 igiturin
2959 2595 3125 2648 domo
3147 2594 3344 2649 medici
3365 2611 3395 2648 a
3425 2596 3619 2649 morlzn

2049 2697 2143 2743 tuo
2160 2703 2270 2743 non
2295 2686 2576 2744 libereris.
2606 2685 2698 2739 ubi
2726 2688 2793 2739 de
2816 2694 3017 2740 caetero
3043 2686 3366 2740 curaberis?
3392 2685 3459 2739 Et
3488 2686 3533 2738 si
3564 2686 3618 2739 in

2045 2788 2212 2848 portu
2244 2776 2508 2830 ﬂuctibus
2525 2776 2774 2844 agiteris,
2813 2776 2906 2828 ubi
2940 2784 3131 2844 postea
3171 2775 3469 2844 quiesces?
3493 2774 3619 2828 Sta-

364 2869 623 2941 Στήκετε,
654 2870 911 2932 δυσωπῶ,
949 2869 1068 2939 μετ’
1091 2870 1400 2932 εὐλαϐείας.
1437 2870 1673 2940 Στήκετε
1697 2870 1833 2939 μετὰ
1852 2871 1943 2936 φό-

2048 2878 2122 2934 te,
2185 2862 2439 2930 obsecro,
2506 2882 2627 2920 cum
2681 2866 3013 2921 reverentia.
3056 2864 3209 2920 State
3257 2880 3381 2919 cum
3419 2866 3619 2918 timore

364 2960 459 3013 σου
496 2963 555 3013 ἐν
583 2964 650 3031 τῇ
679 2962 887 3032 φοϐερᾷ
910 2960 1029 3032 ὥρᾳ
1058 2963 1155 3031 τῆς
1181 2963 1491 3031 ἀναφορᾶς·
1525 2962 1611 3032 οἵᾳ
1634 2962 1741 3031 γὰρ
1767 2962 1945 3015 διαθέ-

2047 2961 2337 3016 tremenda
2371 2944 2463 3013 illa
2483 2958 2811 3015 elevationis
2837 2958 2993 3011 hora.
3039 2956 3163 3022 Quo
3210 2959 3359 3011 enim
3394 2957 3614 3020 ali'ectu,

366 3069 489 3117 σει,
544 3055 641 3106 καί
690 3053 785 3119 οἴῳ
833 3052 1082 3124 λογισμῷ
1130 3054 1465 3125 παρίσταται
1515 3053 1743 3117 ἕκαστος
1790 3054 1942 3122 ὑμῶν

2044 3064 2097 3108 et
2131 3068 2241 3123 quo
2272 3052 2479 3115 animo,
2514 3051 2748 3121 quisque
2780 3051 2872 3103 illo
2908 3060 3155 3119 tempore
3192 3049 3432 3113 assistit;
3457 3049 3537 3104 sic
3560 3057 3619 3104 et

365 3148 485 3198 κατ’
506 3144 722 3214 εκείνην
750 3145 850 3215 τὴν
878 3143 1026 3217 ὥραν
1047 3185 1065 3208 ,
1123 3143 1299 3208 οὕτως
1342 3146 1438 3197 καὶ
1468 3146 1940 3215 προσαναφέρεται

362 3234 440 3303 τῷ
472 3235 740 3305 Δεσπότῃ.
774 3235 1048 3305 Ἀναφορά
1070 3235 1180 3302 γὰρ
1208 3235 1423 3303 λέγεται
1453 3235 1543 3290 διὰ
1568 3236 1629 3289 τὸ
1654 3237 1789 3306 πρὸς
1810 3236 1942 3288 Θεὸν

364 3325 753 3396 ἀναφέρεσθαι.
790 3326 1111 3396 Παράστηθι
1136 3323 1229 3380 οὖν
1255 3326 1334 3397 τῷ
1366 3327 1484 3396 Θεῷ
1510 3330 1524 3368 ί
1561 3328 1682 3398 μεθ’
1714 3328 1941 3398 ἡσυχίας

363 3418 459 3471 atati.
504 3417 873 3481 κατανύξεως.
935 3418 1365 3489 Ἐξομολόγησαι
1413 3418 1492 3487 τῷ
1537 3418 1657 3486 Θεῷ
1705 3419 1794 3473 διὰ
1831 3419 1941 3472 τῶν

365 3507 559 3577 ίερέων
587 3508 683 3570 τάς
705 3509 982 3578 ἁμαρτίας
1006 3526 1121 3561 σου.
1157 3510 1534 3563 Καταδίκασόν
1558 3527 1653 3562 σου
1679 3510 1776 3573 τὰς
1800 3510 1941 3582 πράο

363 3598 497 3666 ξεις,
519 3602 615 3653 καὶ
642 3599 718 3668 μὴ
742 3601 1055 3671 αἰσχυνθῇς,-
1076 3599 1191 3653 ἔστι
1215 3600 1325 3672 γὰρ
1346 3603 1607 3669 αἰσχύνη
1629 3601 1940 3669 ἐπάγουσα

359 3692 674 3760 ἁμαρτίαν,
727 3691 826 3745 καὶ
878 3692 1050 3745 ἐστιν
1090 3692 1352 3759 αἰσχύνη
1400 3692 1551 3755 δόξα
1603 3694 1701 3746 καί
1742 3693 1934 3761 χάρις.

362 3783 706 3852 Κατάκρινον
730 3782 958 3835 σεαυτὸν
989 3781 1219 3837 ἐνώπιον
1240 3782 1561 3853 ἀνθρώπων,
1594 3784 1679 3837 ἴνα
1705 3786 1937 3838 ἐνώπιον

360 3872 611 3940 ἀγγέλων
666 3875 762 3925 καὶ
810 3874 1012 3935 παντὸς
1064 3872 1158 3925 τοῦ
1205 3873 1412 3942 κόσμου
1465 3875 1492 3927 ὁ
1538 3877 1733 3945 κριτής
1766 3891 1825 3927 σε
1854 3875 1936 3928 δι-

359 3964 604 4036 καιώσῃο
637 3965 859 4034 αῐτησαι
887 3964 1056 4030 ἔλεος,
1090 3966 1312 4036 αῖτησαι
1340 3967 1693 4036 συγγνώμην,
1714 3968 1937 4034 αῐτησαι

359 4055 555 4123 ἄφεσιν
584 4054 693 4108 τῶν
722 4054 1124 4125 παρελθόντων,
1161 4044 1255 4109 atati
1284 4056 1554 4126 λύτρωσιν
1581 4056 1689 4109 τῶν
1720 4058 1940 4126 μελλόν-

358 4159 489 4206 των,
523 4144 613 4197 ἴνα
638 4145 957 4216 πρεπόντως
985 4148 1096 4209 τοὶς
1130 4145 1455 4216 μυστηρίοις
1487 4147 1810 4219 προσέλθῃς,
1849 4149 1937 4202 ἵνα

361 4235 587 4306 καθαρῷ
639 4236 901 4289 συνειδότι
957 4237 1051 4290 τοῦ
1108 4235 1361 4307 σώματος
1418 4236 1513 4289 καὶ
1563 4236 1657 4289 τοῦ
1703 4238 1938 4309 αἵματος

364 4327 706 4400 μεταλάϐῃς,
754 4329 841 4380 ἵνα
875 4346 970 4382 σου
1001 4331 1079 4392 εἰς
1108 4329 1393 4399 κάθαρσιν,
1440 4329 1533 4381 καὶ
1565 4329 1640 4400 μὴ
1666 4332 1742 4393 είς
1768 4333 1933 4386 κατά-

2045 3146 2114 3200 ad
2147 3146 2446 3199 Dominunt
2485 3158 2708 3198 sursum
2750 3142 2950 3195 fertur.
2991 3142 3261 3210 Ἀναφορὰ
3304 3140 3473 3203 enim,
3501 3142 3617 3195 sive

2043 3237 2285 3291 elevatio
2341 3235 2569 3297 dicitur,
2617 3233 2746 3303 quia
2803 3247 3023 3287 sursum
3077 3234 3143 3286 ad
3195 3232 3366 3286 Deum
3414 3231 3613 3285 fertur.

2042 3328 2252 3383 Assiste
2277 3328 2451 3397 igitur
2466 3327 2579 3380 Deo
2601 3326 2792 3394 quiete
2821 3335 2878 3379 et
2903 3333 3236 3393 compuncto
3262 3322 3451 3377 corde.
3473 3322 3618 3378 Con-

2044 3420 2200 3475 litere
2238 3421 2353 3474 Deo
2390 3435 2488 3489 per
2517 3417 2835 3471 sacerdotes
2863 3427 3089 3485 peccata
3120 3416 3251 3484 ltua.
3293 3415 3614 3471 Condemna

2040 3513 2290 3566 actiones
2320 3520 2469 3573 tuas,
2496 3518 2555 3564 et
2576 3524 2646 3562 ne
2666 3508 2983 3562 erubescas.
3012 3507 3107 3562 Est
3134 3507 3281 3560 enim
3313 3508 3484 3577 pudor
3524 3509 3615 3577 qui

2042 3602 2264 3656 adduxit
2290 3610 2587 3671 peccatum,
2620 3606 2668 3649 et
2721 3607 2798 3650 est
2829 3599 3000 3666 pudor
3040 3598 3129 3666 qui
3156 3596 3384 3666 gloriam
3407 3606 3458 3649 et
3488 3615 3614 3667 gra-

2041 3695 2174 3747 tiam
2197 3694 2217 3723 '
2252 3690 2418 3760 parit.
2447 3687 2766 3743 Condenina
2802 3695 2852 3740 te
2887 3687 2941 3739 in
2973 3694 3270 3754 conspectu
3303 3687 3609 3749 hominum,

2042 3793 2104 3839 ut
2133 3797 2319 3838 coram
2352 3781 2564 3850 angelis
2614 3787 2842 3847 totoque
2889 3778 3097 3832 mundo
3117 3778 3294 3831 Judex
3327 3787 3378 3832 te
3411 3780 3616 3848 justiﬁ-

2039 3884 2148 3932 cet.
2217 3874 2348 3930 Pete
2398 3872 2865 3936 misericordiam,
2897 3879 3022 3940 pete
3067 3870 3311 3934 veniam,
3361 3880 3488 3940 pete
3523 3888 3611 3925 ινα

2039 3966 2362 4023 missionem
2390 3964 2819 4034 praeteritorum,
2857 3972 2914 4017 et
2971 3963 3411 4019 liberationema
3466 3964 3615 4018 lutu-

2039 4063 2140 4127 ris,
2169 4067 2233 4115 ut
2257 4059 2422 4129 digne
2457 4056 2526 4111 ad
2577 4064 2729 4112 tanta
2786 4056 3049 4127 mysteria
3102 4062 3353 4119 accedas,
3386 4064 3446 4111 ut
3476 4072 3613 4127 pura

2040 4149 2380 4207 conscientia
2408 4162 2614 4217 corpus
2640 4156 2695 4200 et
2718 4146 3044 4218 sanguinem
3071 4147 3394 4216 participes,
3419 4156 3480 4201 ut
3511 4148 3611 4201 tibi

2039 4245 2199 4301 cedat
2228 4243 2297 4298 ad
2340 4241 2792 4297 emundationem
2846 4248 2903 4295 et
2949 4241 3344 4309 expiationem,
3395 4256 3506 4294 non
3543 4240 3611 4294 ad

2036 4336 2331 4408 judicium.
2356 4333 2503 4388 Audi
2532 4332 2781 4387 divinum
2816 4332 3047 4386 Paulum
3072 4333 3348 4387 dicentem
3372 4351 3385 4385 :
3422 4332 3614 4386 Probet

362 4433 536 4487 κριμα
560 4398 809 4488 γένηται.
835 4420 1101 4474 Ἄκουσον
1127 4418 1221 4472 τοῦ
1248 4398 1394 4471 θείου
1420 4398 1637 4471 Παύλου
1652 4420 1901 4488 λέγοντος
1918 4438 1933 4453 ο

2043 4398 2219 4483 autem
2241 4426 2470 4495 scipsum
2491 4424 2662 4484 homo,
2696 4432 2745 4475 et
2769 4424 2843 4475 sic
2877 4423 2939 4475 de
2992 4438 3128 4490 pane
3155 4422 3249 4475 illo
3284 4423 3424 4488 edat,
3458 4433 3509 4476 et
3548 4425 3613 4476 dc

362 4507 719 4578 Δοκιμαζὲτω
744 4509 813 4563 δὲ
846 4511 1105 4577 ἕκαστος
1135 4509 1148 4559 i
1185 4512 1436 4576 ἑαυτὸν,
1492 4513 1585 4563 καὶ
1633 4514 1822 4579 οὕτως
1865 4516 1934 4568 ἐκ

2043 4516 2202 4571 calice
2247 4514 2406 4567 bibat.
2464 4509 2565 4576 Qui
2590 4512 2729 4565 enim
2769 4510 3056 4565 manduca!
3108 4521 3158 4564 et
3205 4511 3326 4565 bibit
3373 4512 3608 4581 indigne,

363 4601 467 4656 τοῦ
491 4602 676 4671 ἄρτου
705 4601 970 4666 ἐσθιέτω,
1020 4604 1115 4657 καὶ
1149 4603 1216 4657 ἐκ
1246 4603 1349 4658 τοῦ
1374 4606 1663 4672 ποτηρίου
1695 4609 1931 4663 πινέτω.

2043 4607 2297 4678 judicium
2318 4603 2416 4658 sibi
2448 4601 2734 4656 mandueat
2765 4611 2814 4655 et
2851 4602 2996 4666 bibit,
3024 4619 3131 4656 non
3182 4603 3478 4668 diiudicem
3494 4619 3610 4656 cor-

428 4716 449 4745 ⁸
486 4719 658 4775 Eccli.
684 4736 757 4785 tv,
796 4720 885 4775 25.

1651 4837 1881 4893 VARUS
1912 4837 2314 4895 LECTIONES.

1566 4926 1580 4978 ἱ
1624 4929 1716 4981 ἄνθ
1729 4946 1803 4999 pm
1814 4948 1927 4993 τεός.

1934 5045 2165 5102 NOTAE.

438 5130 719 5216 (7)__Haud
749 5134 1007 5216 ‘dubium
1062 5151 1186 5216 esse
1216 5135 1467 5216 vitiosam
1518 5136 1779 5216 litteram.
1823 5154 1933 5207 qua
2039 5137 2107 5216 ad
2179 5134 2399 5216 dignam
2424 5133 2963 5216 “communionem,
3026 5132 3207 5203 deque
3258 5142 3605 5202 peccatorum

364 5204 481 5259 est:
521 5204 889 5274 Ἀποσμήχειν
924 5208 1111 5274 σειράς
1132 5224 1144 5235 ·
1180 5222 1283 5259 nec
1314 5207 1460 5260 enim
1491 5216 1696 5261 catenae
1713 5204 1932 5263 abster-
2040 5204 2291 5261 eluendis
2311 5204 2590 5259 sordibus.
2614 5204 2895 5260 COIBEFIS.

437 5281 570 5329 ιιιιιι⁸
606 5288 635 5327 a
666 5272 934 5343 corpore;
970 5272 1182 5347 idcirco
1240 5276 1533 5347 legendum
1569 5279 1759 5347 putavi
1804 5279 1931 5330 σπί-
2111 5278 2184 5347 (8)
2217 5275 2423 5331 Ηιοοεχ
2444 5276 2630 5341 editis,
2664 5277 2862 5347 lacuna
2898 5276 2953 5347 in
2991 5288 3094 5327 ms.
3127 5272 3449 5347 Legendnm
3474 5287 3607 5324 vero

396 5358 495 5418 ας·
530 5350 595 5396 ιιι
620 5355 813 5418 urgeat
836 5343 1693 5418 Anastasius_tnctaphorani,_ac
1725 5364 1930 5418 ραι-εει·
2044 5343 2126 5417 μη
2145 5346 2428 5418 δοκοῦντες
2450 5362 2463 5375 ·
2498 5361 2562 5400 ac
2584 5346 2860 5418 negative,
2898 5345 3097 5418 liquet,
3133 5343 3401 5412 quidquid
3438 5343 3610 5393 inter-

363 5412 594 5488 tjonem,
639 5412 730 5468 cui
783 5415 987 5469 insistit
1028 5425 1141 5488 toto
1171 5416 1277 5471 hoc
1307 5412 1563 5488 numero.
1613 5412 1927 5488 lttte:rprEs:
2040 5412 2167 5486 pres
2221 5415 2452 5488 devoret
2497 5433 2510 5468 :
2547 5431 2614 5471 ex
2645 5412 2713 5470 eo
2771 5414 2919 5488 enim
2946 5412 3121 5488 quod
3151 5428 3260 5465 non
3292 5420 3611 5488 reputemus

362 5479 687 5536 Delictorum
728 5492 943 5538 catenas
989 5485 1194 5550 solvat;
1249 5486 1342 5540 sed
1398 5495 1486 5542 est
1534 5487 1639 5541 hoc
1686 5479 1930 5542 alienum
2037 5479 2161 5540 ésse
2191 5487 2366 5540 nosin
2396 5487 2518 5540 loco
2545 5501 2724 5548 sacro,
2751 5499 2814 5537 ac
2868 5479 2980 5536 Deo
3013 5484 3296 5545 assistere,
3329 5488 3478 5534 tanta
3515 5480 3608 5532 illa

362 5552 519 5607 valde
546 5567 578 5606 a
611 5553 764 5607 verbi
808 5555 959 5627 illius
1000 5549 1425 5627 signiﬁcatione,
1473 5570 1576 5627 nec
1612 5555 1927 5627 quidquam
2037 5571 2351 5625 peceamus,
2383 5571 2448 5609 ac
2475 5571 2576 5627 nos
2602 5553 2936 5627 decipimus,
2976 5551 3060 5627 ita
3099 5551 3154 5604 in
3190 5566 3258 5605 eo
3313 5549 3609 5614 habentes,

363 5634 744 5694 consequens:
795 5625 936 5678 nihil
965 5620 1110 5679 enim
1160 5625 1429 5681 hactenus
1458 5626 1525 5681 de
1570 5620 1808 5681 vinculis
1831 5638 1926 5682 aut
2033 5620 2095 5680 ac
2124 5620 2457 5681 haberemus
2497 5626 2553 5679 in
2581 5620 2812 5694 profano
2844 5622 2983 5676 loco.
3022 5620 3202 5677 Csats.

363 5691 641 5749 solutione
664 5692 733 5748 ab
764 5694 867 5759 eis,
905 5696 999 5751 sed
1034 5695 1212 5752 solum
1239 5696 1307 5751 de
1340 5696 1580 5766 puritate
1613 5699 1926 5753 necessaria

433 4928 465 4970 ⁸
486 4926 622 4984 Cod.
651 4928 929 4998 ίατρεύσῃ.
1017 4930 1030 4967 ί
1063 4928 1197 4983 Can.
1230 4928 1469 5000 Χριστῷ.
