4026 6140
355 258 459 320 839

1559 255 1624 313 S.
1662 253 2065 314 ANASTASII
2105 254 2230 316 SIN
2237 256 2364 315 MT
2369 257 2432 315 1E

3526 252 3632 316 8L0

428 372 571 437 Quid
631 372 734 437 ais,
769 372 972 426 homo?
1023 387 1123 425 cur
1174 370 1316 425 adeo
1370 371 1635 426 audacter
1684 370 1951 425 adversus

2127 371 2192 422 Τί
2227 369 2429 437 λέγεις,
2466 370 2724 441 ἄνθρωπε
2751 387 2764 434 ;
2788 368 2841 421 τί
2874 367 3166 439 τολμηρῶς
3202 365 3346 420 κατὰ
3374 363 3465 418 τοῦ
3494 364 3634 417 Θεοῦ

358 464 530 517 Deum
585 461 907 518 insolescis?
953 461 1216 517 Memoria
1265 460 1569 525 malorum,
1608 459 1948 530 quac'fratcr

358 556 462 611 tibi
492 555 703 618 intulit,
733 554 879 624 apud
908 564 960 609 te
984 554 1133 623 viget
1161 570 1174 606 :
1202 568 1391 608 ensem
1423 553 1478 606 in
1511 553 1667 606 illum
1695 553 1947 614 exacuis;

358 647 522 702 dolos
560 646 639 701 illi
675 647 1047 709 machinaris;
1084 655 1139 701 et
1169 647 1275 700 hoc
1304 645 1679 716 perniciosum
1708 646 1859 698 virus
1894 645 1949 698 in

357 739 524 795 corde
554 748 649 793 tuo
675 738 1038 803 circumfers;
1074 738 1294 791 interim
1329 745 1509 791 tamen
1545 737 1612 790 ad
1642 738 1810 791 Deum
1843 736 1953 789 cla-

358 847 476 887 mas
502 850 515 885 :
545 831 773 886 Dimitte
804 831 938 884 mihi
966 831 1151 884 debita
1182 845 1327 889 mea.
1356 830 1499 883 sicut
1523 837 1578 883 et
1605 844 1706 899 ego
1733 829 1952 883 dimitto

359 923 598 978 debitori
628 938 772 977 meo.
798 921 1082 976 Venistine
1124 929 1184 974 ut
1214 920 1269 974 in
1299 921 1397 974 Dei
1429 920 1663 974 ecclesia
1697 934 1952 989 precare-

358 1013 459 1078 ris,
489 1026 559 1065 an
596 1018 657 1065 ut
688 1009 1042 1064 mentircrls?
1073 1023 1143 1062 an
1178 1015 1240 1062 ut
1270 1009 1505 1079 gratiam
1544 1008 1849 1077 reciperes,
1883 1024 1951 1061 an

362 1113 423 1159 ut
458 1106 595 1159 iram
635 1120 733 1159 seu
771 1102 1076 1156 vindictam
1121 1101 1221 1155 tibi
1265 1101 1614 1155 accersercs?
1660 1108 1719 1153 ut
1755 1099 1954 1154 remis-

361 1199 574 1254 sionem
619 1208 975 1266 peccatorum
1022 1194 1375 1262 impetrares,
1406 1208 1474 1246 an
1518 1192 1955 1246 additamentum

361 1307 653 1363 pcenarum
700 1307 824 1360 qua:
859 1289 967 1343 tuis
1001 1287 1247 1357 peccatis
1283 1287 1519 1341 debitas?
1549 1285 1757 1341 Venisti
1794 1285 1956 1339 deni-

363 1398 470 1452 que
500 1392 560 1436 ut
587 1383 821 1437 salutent
852 1381 1155 1450 acciperes,
1179 1395 1247 1433 an
1277 1391 1337 1432 ut
1362 1378 1736 1447 supplicium?
1764 1377 1956 1431 Nonne

361 1475 521 1530 vides
572 1473 719 1543 quod
764 1474 867 1526 sub
910 1473 1060 1525 illam
1108 1469 1449 1525 tremendam
1496 1470 1687 1522 horam
1730 1479 1959 1538 propter

364 1567 472 1622 hoc
502 1567 680 1635 ipsum
710 1580 812 1619 nos
839 1573 1037 1618 mutuo
1069 1562 1123 1616 in
1157 1561 1347 1616 osculo
1374 1561 1528 1630 pacis
1557 1561 1955 1630 amplexamur,

364 1669 424 1713 ut
459 1658 609 1713 omni
648 1657 990 1728 colligatione
1032 1656 1323 1725 impietatis
1351 1654 1412 1717 ⁸³,
1447 1662 1504 1707 et
1536 1652 1722 1707 cordis
1754 1652 1958 1706 duritie

362 1752 600 1822 abjecta,
634 1764 776 1820 puro
810 1749 980 1802 corde
1015 1747 1079 1800 ad
1116 1748 1411 1801 Dominmn
1450 1745 1815 1799 accedamus?
1928 1814 1933 1817 ἱ

435 1847 478 1897 υ
518 1843 704 1904 homo,
738 1840 869 1910 quid
919 1839 1069 1909 agis?
1117 1838 1250 1892 dum
1300 1837 1478 1907 angeli
1530 1846 1735 1891 sanctae
1778 1836 1957 1891 Missae

363 1934 543 1990 oﬂicio
578 1933 928 1994 ministrant,
956 1932 1050 1986 sed
1083 1932 1186 1985 alis
1215 1930 1465 1984 volantes
1500 1945 1712 1984 sacram
1749 1938 1806 1984 et
1835 1945 1956 1999 my-

364 2028 559 2082 sticam
598 2040 845 2079 mensam
886 2023 1177 2085 obvclant,
1198 2021 1329 2076 dum
1370 2022 1680 2077 Cherubini
1717 2022 1958 2076 circum-

366 2125 535 2181 stant,
571 2126 627 2169 et
673 2114 909 2185 Trisagii
956 2115 1221 2183 hymnum
1265 2118 1413 2168 clara
1454 2129 1590 2168 voce
1634 2113 1956 2178 concinunt,

366 2208 660 2277 Seraphim
698 2222 821 2261 cum
858 2204 1026 2277 456
1060 2205 1374 2259 reverentia
1409 2221 1468 2260 se
1503 2206 1796 2271 inclinant,
1824 2205 1993 2273 dum,

366 2299 613 2368 pontifex
652 2297 1093 2351 misericordiam
1126 2296 1225 2351 Dei
1264 2296 1362 2350 tibi
1399 2296 1795 2366 deprecatione
1827 2312 1958 2350 con-

366 2391 540 2455 ciliat,
573 2390 836 2444 omnibus
874 2388 1089 2443 interea
1130 2387 1332 2442 timore
1374 2397 1540 2457 atque
1580 2396 1821 2441 tremore
1859 2387 1959 2441 dc-

366 2480 511 2546 ﬁxis,
546 2481 679 2534 dum
727 2481 919 2550 Agnus
962 2478 1060 2533 Dei
1105 2479 1475 2543 sacriﬁcatur,
1514 2478 1726 2549 Spiritu
1771 2489 1961 2533 sancto

366 2574 610 2644 desuper
659 2571 1121 2642 superveniente;
1176 2571 1308 2625 dum
1368 2572 1552 2641 angeli
1608 2571 1962 2626 invisibiliter

366 2680 589 2719 omnem
630 2666 896 2734 populum
943 2663 1314 2725 circumeunt,
1349 2662 1706 2732 ﬁdeliumque
1749 2661 1963 2716 animos

370 2756 588 2825 signant
610 2762 665 2808 et
689 2753 1014 2808 describunt
1032 2794 1044 2817 ,
1072 2768 1182 2806 non
1211 2753 1595 2822 perhorrescis
1620 2754 1731 2822 (l3)
1750 2752 1960 2818 animo,

370 2845 522 2916 quod
562 2845 826 2914 despicis,
852 2854 909 2900 et
941 2845 1096 2900 Judze
1136 2845 1388 2898 osculum
1424 2845 1579 2899 fratri
1621 2845 1807 2910 offers,
1837 2846 1963 2899 diu-

370 2949 702 3006 turnamque
727 2946 783 2991 et
807 2947 1058 2992 tenacem
1082 2936 1413 3007 iniuriarum
1439 2937 1768 2991 memoriam
1797 2949 1963 3006 atque

370 3029 750 3099 perniciosum
777 3028 1053 3096 serpentis
1078 3044 1353 3081 venenum
1386 3044 1516 3097 erga
1548 3028 1775 3081 fratrem
1807 3037 1962 3080 tuum

376 3121 431 3174 in
477 3119 647 3174 corde
694 3128 790 3173 tuo
831 3118 1024 3172 intime
1071 3118 1398 3173 abscondis?
1438 3127 1494 3173 et
1538 3126 1595 3171 ιιι
1639 3118 1965 3173 abscondita

375 3211 564 3267 cordis
605 3209 960 3281 cognoscenti
1006 3209 1150 3263 dicis
1194 3227 1205 3261 :
1254 3209 1480 3265 Dimitte
1527 3209 1687 3274 mihi,
1721 3211 1865 3264 sicut
1912 3220 1968 3264 et

378 3318 483 3373 ego
519 3303 742 3357 dimitto
783 3302 942 3356 fratri
987 3301 1148 3356 meo?
1185 3302 1448 3371 Nunquid
1492 3302 1614 3356 talis
1656 3310 1749 3357 tua
1791 3306 1968 3363 oratio

379 3395 684 3466 quidquam
718 3394 907 3448 differt
937 3409 968 3448 a
1003 3393 1148 3447 mala
1183 3393 1615 3463 imprecatione?
1651 3394 1786 3449 Ecce
1820 3395 1967 3464 quod

379 3486 544 3551 dicis,
574 3494 765 3540 contra
794 3486 1035 3555 teipsum
1066 3484 1209 3538 dicis
1238 3502 1251 3537 :
1283 3484 1341 3538 Si
1373 3484 1613 3550 dimitto,
1642 3484 1889 3552 dimitte;
1922 3487 1967 3541 si

379 3577 625 3649 ignosco,
653 3576 910 3646 ignosce;
942 3576 988 3630 si
1019 3576 1347 3645 compatior,
1375 3586 1725 3645 compatere;
1762 3576 1808 3629 si
1838 3577 1972 3630 reti-

378 3683 485 3722 neo
516 3667 788 3721 tenaciter
817 3667 1146 3738 injuriarum
1176 3666 1499 3720 memoriam
1532 3666 1802 3721 adversus
1833 3682 1968 3722 con-

380 3774 601 3816 servum
626 3740 839 3822 meum,
864 3768 921 3813 et
946 3770 1004 3812 tu
1033 3757 1237 3824 retine;
1268 3758 1313 3812 si
1341 3758 1574 3824 irascor,
1600 3758 1839 3814 irascere
1868 3777 1881 3812 :
1912 3760 1969 3813 in

382 3867 492 3922 qua
519 3866 778 3907 mensura
808 3851 1028 3916 metior,
1053 3852 1111 3903 in
1145 3865 1209 3904 ca
1243 3850 1556 3905 remetiaris
1583 3850 1718 3903 mihi
1752 3868 1766 3904 :
1801 3851 1846 3905 si
1873 3866 1970 3921 per

382 3944 798 3999 simulationem
850 3942 995 4013 ﬁngo
1039 3959 1126 3996 me
1169 3941 1387 3996 veniam
1442 3941 1611 4007 dare,
1657 3944 1826 3997 etiam
1872 3961 1970 4013 per

384 4036 797 4091 simulationem
829 4033 1269 4090 misericordiam
1295 4035 1474 4088 ﬁctam
1504 4048 1830 4103 consequar.
1857 4035 1970 4106 Ego

386 4133 582 4182 contra
628 4126 1047 4195 memetipsum,
1083 4142 1116 4178 ο
1161 4124 1415 4188 Domine,
1450 4125 1781 4182 sententiam
1828 4126 1968 4180 fero.

386 4217 588 4273 Audivi
630 4218 778 4273 enim
821 4218 1174 4271 tremendum
1217 4216 1446 4269 verbum
1493 4224 1647 4269 tuum
1698 4235 1711 4269 :
1757 4217 1822 4272 In
1864 4234 1971 4288 qua

388 4327 636 4365 mensura
679 4311 846 4364 mensi
889 4310 1117 4380 fueritis,
1150 4311 1457 4363 remetiatur
1488 4309 1628 4362 vobis
1654 4309 1716 4363 “.
1747 4310 1817 4363 Et
1854 4328 1866 4362 :
1911 4308 1971 4365 Si

2052 461 2348 535 νεανιεύῃ;
2398 464 2776 534 Μνησικακεῖς
2821 459 2967 514 κατὰ
2995 459 3089 514 τοῦ
3130 458 3365 526 ἀδελφοῦ
3402 475 3498 510 σου
3532 458 3639 527 μά-

2057 571 2256 623 χαιραν
2280 553 2434 625 αὐτῷ
2469 554 2705 614 ἀκονῶν⁹
2743 554 2838 607 καὶ
2886 554 3071 617 δόλους
3107 551 3229 606 κατ’
3260 549 3427 605 αὑτοῦ
3466 568 3640 604 κατα-

2057 644 2344 709 σκευάζων
2368 686 2382 704 ,
2416 646 2513 698 καὶ
2543 645 2635 699 τὸν
2665 645 2906 715 πονηρὸν
2961 646 3037 699 ίὺν
3099 645 3156 697 ὲν
3196 646 3261 715 τῇ
3312 644 3514 714 καρδία
3542 659 3637 695 σου

2056 738 2264 806 φέρων,
2297 740 2393 792 καὶ
2419 739 2549 809 βοᾷς
2577 738 2656 808 τῷ
2686 738 2826 809 Oet?)-
2853 738 3026 807 Ἀφες
3059 755 3148 806 μοι
3175 736 3244 789 τὰ
3269 736 3637 805 ὀφειλήματα,

2053 831 2130 893 ὠς
2171 830 2330 898 κάγὼ
2360 830 2553 900 ἀφῆκα
2591 831 2670 901 τῷ
2709 830 2966 903 ὀφειλέτῃ
2999 846 3140 900 μους
3173 826 3448 893 Εῦξασθαι
3475 823 3641 899 ἦλθες

2055 923 2113 975 ὲν
2145 926 2212 994 τῇ
2260 921 2357 976 τοῦ
2398 921 2539 975 Θεοῦ
2579 923 2869 994 ἐκκλησίᾳ,
2905 922 2938 994 ἦ
2969 922 3312 993 ψεύσασθαις
3350 924 3511 992 χάριν
3541 921 3641 975 λα·
3681 946 3691 955 ·

2056 1009 2191 1074 δεῖν,
2222 1010 2255 1081 ἥ
2290 1010 2462 1080 ὀργὴν
2489 1011 2929 1076 ἐπισπάσασθαι;
2949 1012 3144 1080 ἄφεσιν
3171 1011 3455 1081 ἁμαρτιῶν
3485 1011 3646 1081 ποιή-

2064 1102 2298 1165 σασθαι,
2336 1102 2368 1174 ἢ
2418 1102 2741 1173 προσθήκην
2779 1102 3301 1173 πλημμελημάτων;
3362 1103 3642 1172 σωτηρίαν

2060 1194 2484 1266 κομίσασθαι,ἢ
2535 1193 2795 1261 κόλασιν;
2848 1195 2961 1265 Οὐχ
3005 1195 3161 1265 δρᾷς,
3220 1194 3305 1246 ὅτι
3355 1193 3443 1246 διὰ
3485 1192 3644 1246 τοῦτο

2058 1287 2422 1358 ἀσπαζόμεθα
2459 1285 2728 1355 ἀλλήλους
2775 1286 2896 1340 κατ’
2947 1287 3163 1354 ἐκείνην
3209 1286 3308 1355 τὴν
3351 1285 3499 1354 ῶραν
3543 1284 3644 1354 τὴν

2059 1378 2323 1450 φοϐερὰν,
2355 1378 2442 1431 ἴνα
2478 1379 2657 1433 πάντα
2687 1377 3042 1445 σύνδεσμον
3074 1376 3312 1442 ἀδικίας
3342 1377 3441 1429 καὶ
3473 1376 3642 1447 σκλη-

2064 1471 2355 1542 ροκαρδίας
2389 1470 2649 1540 ῥίψαντες
2680 1471 2737 1522 ὲν
2777 1468 2999 1541 καθαρᾷ
3047 1468 3248 1539 καρδίᾳ
3288 1466 3366 1537 τῷ
3395 1469 3643 1538 Δεσπότῃ

2061 1563 2451 1634 προσέλθωμεν
2470 1578 2485 1627 ;

2132 1832 2197 1884 Τί
2256 1834 2468 1898 ποιεῖς,
2519 1830 2815 1903 ᾶνθρωπες
2883 1834 3133 1903 ἀγγέλων
3185 1832 3642 1906 λειτουργούντων

2059 1923 2449 1994 ὲξαπτερύγων
2489 1923 2589 1996 τὴν
2617 1925 2885 1997 μυστικὴν
2913 1926 3197 1998 τράπεζαν
3231 1925 3641 1987 καλυπτόντων,

2059 2015 2169 2069 τῶν
2226 2010 2515 2085 Χερουϐὶμ
2565 2018 3013 2087 παρισταμένων,
3070 2018 3163 2069 καὶ
3217 2017 3310 2070 τὸν
3363 2016 3643 2088 τρισάγιον

2061 2106 2231 2175 ὓμνον
2295 2105 2529 2177 λαμπρᾷ
2583 2109 2648 2177 τῇ
2708 2110 2858 2178 φωνῇ
2922 2109 3316 2178 κεκραγότων,
3385 2108 3495 2161 τῶν
3545 2109 3639 2160 Σεο

2066 2199 2242 2270 ραφ“ιμ
2273 2197 2391 2268 μετ’
2423 2197 2713 2261 εὐλαϐείας
2757 2200 3105 2267 κεκυφότων,
3135 2200 3231 2253 τοῦ
3277 2200 3583 2270 ἀρχιερέως
3614 2207 3643 2236 ιι

2064 2289 2207 2360 ὑπὲρ
2254 2287 2349 2341 σοῦ
2391 2287 2770 2357 ὲξιλεουμένου
2797 2330 2811 2354 ,
2859 2289 3072 2341 πάντων
3108 2287 3258 2357 φόϐῳ
3308 2289 3403 2341 καὶ
3453 2287 3645 2359 τρόμῳ

2061 2378 2460 2449 διανοουμένων
2504 2386 2560 2440 ο,
2588 2378 2682 2431 τοῦ
2737 2377 2936 2445 Ἀμνοῦ
2969 2378 3062 2431 τοῦ
3097 2379 3230 2431 Θεοῦ
3274 2378 3644 2449 σφαγιαζομέ-

2062 2487 2176 2539 νου,
2206 2469 2300 2523 τοῦ
2327 2467 2647 2539 Πνεύματος
2673 2469 2768 2522 τοῦ
2796 2471 2954 2538 ἁγίου
2990 2469 3200 2524 ἄνωθεν
3229 2471 3641 2540 ὲπιφοιτῶντος,

2064 2562 2314 2633 ἀγγέλων
2353 2562 2603 2635 ἀοράτως
2650 2562 2831 2616 πάντα
2872 2562 2965 2615 τδν
3008 2562 3137 2615 λαὸν
3183 2556 3641 2634 περιτρεχόντων,

2065 2656 2160 2708 καὶ
2186 2656 2284 2718 τὰς
2304 2654 2415 2707 τῶν
2444 2653 2653 2707 πιστῶν
2681 2664 2709 2703 P
2738 2653 2918 2724 ψυχὰς
2954 2653 3367 2725 σημειουμένων
3404 2654 3515 2725 (14)
3549 2654 3647 2707 καὶ

2066 2742 2570 2819 ἁπογραφομένων,
2594 2744 2656 2800 οὐ
2683 2748 2930 2818 φρίττεις
2955 2738 3338 2818 καταφρονῶν,
3359 2748 3452 2800 καὶ
3471 2748 3648 2800 ἀσπαδ

2068 2841 2205 2912 σμον
2248 2840 2538 2894 Ἰουδαϊκὸν
2572 2839 2663 2892 τὸν
2694 2840 2927 2910 ἀδελφὸν
2979 2841 3385 2911 ἀσπαζόμενος,
3417 2843 3514 2895 καὶ
3545 2859 3647 2894 πο-

2066 2931 2385 3002 λυχρονίους
2437 2930 2808 3000 μνησικακίας
2858 2930 2954 2984 καὶ
2998 2930 3089 2984 τὸν
3140 2931 3385 3003 ὀλέθριον
3414 2933 3505 2985 τὸν
3548 2924 3647 2986 τοῦ

1992 3055 2034 3111 C
2069 3024 2245 3092 ὄφεως
2281 3026 2338 3076 ὲν
2365 3025 2431 3095 τῇ
2479 3022 2680 3094 καρδίᾳ
2721 3040 2815 3076 σου
2858 3024 3294 3095 ἐναποκρύπτων
3348 3025 3486 3079 κατὰ
3548 3024 3646 3079 τοῦ

2069 3115 2295 3186 ἀδελφοῦ
2320 3133 2413 3169 σου
2440 3132 2455 3181 ;
2486 3117 2604 3179 πῶς
2619 3119 2679 3170 οὐ
2701 3116 2941 3188 φρίττεις
2963 3119 3056 3171 καὶ
3078 3116 3461 3182 καταπίπτεις,
3486 3119 3564 3189 τῷ
3579 3112 3650 3174 τὰ

2070 3212 2291 3280 κρυπτά
2335 3209 2434 3279 τῆς
2468 3212 2695 3280 καρδίας
2747 3210 3066 3278 γινώσκοντι
3123 3210 3318 3280 λέγων,
3361 3212 3532 3280 ’Λφες
3558 3229 3652 3283 μοι

2070 3301 2145 3365 ὡς
2187 3301 2340 3369 κάγὼ
2376 3303 2564 3371 ἀφῆκα
2605 3302 2682 3372 τῷ
2712 3302 2927 3374 ἀδελφῷ
2982 3321 3121 3374 μου;
3152 3304 3204 3356 τί
3237 3303 3483 3375 διαφέρει
3514 3321 3653 3360 κατ·-

2072 3395 2262 3465 ἀραςὴ
2284 3397 2511 3465 τοιαύτη
2533 3413 2627 3448 σου
2661 3395 2793 3466 εὐχή
2815 3412 2829 3460 ;
2872 3396 3004 3450 Ἰδοὺ
3027 3396 3055 3448 ὃ
3072 3397 3274 3465 λέγεν,
3305 3397 3423 3450 καθ’
3454 3392 3652 3451 ἑαυτοῦ

2071 3488 2370 3559 ἀποφαίνῃ·
2406 3488 2469 3539 Εἰ
2500 3486 2644 3556 ἀφῶ,
2671 3487 2830 3556 ἄφεςο
2864 3489 2912 3540 εί
2946 3488 3235 3560 συγχωρῶ,
3270 3489 3650 3561 συγχώρησον

2073 3580 2118 3631 εἰ
2134 3596 2197 3630 συ
2207 3578 2428 3649 μπαθῶ,
2449 3577 2832 3648 συμπάθησον·
2850 3582 2896 3632 εἰ
2913 3580 3102 3650 κρατῶ
3122 3583 3492 3652 μνησικακίαν
3516 3579 3651 3654 πρὶς

2072 3672 2163 3723 τον
2211 3667 2495 3723 σύνδουλόν
2531 3688 2658 3740 μου,
2707 3673 3007 3740 κράτησονο
3059 3672 3109 3724 εἰ
3158 3672 3472 3744 ὀργίζομαι,
3499 3673 3656 3744 ὀργί-

2074 3764 2251 3833 σθητι·
2275 3765 2334 3816 ὲν
2359 3755 2403 3832 ᾧ
2424 3764 2608 3834 μέτρῳ
2635 3765 2817 3832 μετρῶ
2834 3808 2849 3827 ,
2871 3763 3199 3833 μετρηθήτω
3232 3781 3342 3833 μοι’
3370 3766 3418 3817 εἰ
3441 3767 3497 3817 ἐν
3516 3766 3653 3819 ὑπο-

2072 3854 2253 3925 κρίσει
2269 3852 2620 3922 συγχωρῶ,ὲν
2637 3852 3166 3922 ὑποκρίσειὲλεηθῶ.
3186 3853 3326 3922 Ἐγὼ
3348 3856 3446 3921 τὴν
3469 3856 3654 3925 ψῆφον

2073 3945 2198 3998 κατ’
2230 3944 2472 4016 ἐμαυτοῦ
2528 3942 2814 4013 ποιοῦμαι,
2843 3945 3124 3999 Δέσποτα’
3164 3944 3373 4017 ἤκουσα
3410 3948 3520 4018 γὰρ
3550 3948 3654 4017 τῆς

2074 4035 2314 4106 φοϐερᾶς
2340 4052 2431 4087 σου
2471 4036 2656 4103 φωνῆς
2685 4036 2781 4104 τῆς
2802 4033 3091 4106 λεγούσης,
3118 4036 3201 4089 ὅτι
3249 4037 3351 4090 Ἔν
3378 4030 3426 4103 ᾧ
3459 4037 3655 4104 μέτρῳ

2068 4127 2368 4198 μετρεῖτε,
2404 4126 2973 4196 ἀντιμετρηθήσεται
3040 4127 3199 4197 ὑμῖν.
3237 4129 3346 4181 Καί
3371 4144 3385 4158 ο
3415 4125 3652 4195 Ἐὰνμὴ

2073 4217 2266 4286 ἀφῆτε
2282 4218 2406 4283 τοῖς
2426 4218 2760 4286 ἀνθρώποις
2774 4218 2846 4271 τὰ
2861 4216 3303 4287 παραπτώματα
3322 4216 3540 4279 αὐτῶν,
3554 4219 3658 4271 οὺ-

2073 4307 2141 4361 ὃὲ
2165 4315 2197 4362 ὀ
2218 4311 2423 4377 Πατὴρ
2451 4308 2619 4378 ὑμῶν
2644 4311 2676 4363 ό
2698 4307 2979 4376 οὐράνιος
3006 4308 3230 4377 ἀφήσει
3253 4308 3418 4377 ὑμῖν.
3436 4308 3478 4360 Τ
3480 4308 3656 4361 ούτων

388 4420 493 4457 non
514 4404 818 4457 dimiseritis
842 4402 1136 4457 hominibus
1157 4410 1369 4472 peccata
1389 4417 1588 4465 eorum,
1613 4418 1779 4473 neque
1802 4401 1960 4455 Patet

2075 4399 2168 4456 οὖν
2187 4400 2296 4454 τῶν
2324 4401 2573 4471 saeuam
2600 4418 2695 4454 σου
2723 4400 2916 4470 φωνῶν
2936 4403 3057 4464 ταῖς
3074 4401 3384 4469 ἀποφάσεσι
3408 4400 3656 4463 πεισθεὶς

386 4503 556 4548 vester
581 4495 799 4549 caelestis
832 4494 1055 4546 dimittet
1088 4493 1226 4546 vobis
1250 4493 1316 4545 ‘5.
1346 4491 1487 4546 Huic
1512 4491 1811 4546 verborum
1844 4501 1969 4546 tuo-

464 4633 507 4664 "
529 4633 634 4687 lsa.
661 4649 804 4698 tvm,
829 4634 883 4686 6.
962 4631 1004 4663 “
1027 4632 1218 4687 Matth.
1242 4650 1334 4698 vn,
1355 4630 1409 4685 2.
1487 4631 1742 4686 u“illatth.
1766 4648 1838 4698 vi,
1865 4632 1948 4688 15.

2077 4493 2265 4562 ἀφῆκα
2318 4492 2415 4547 καὶ
2474 4491 2831 4564 συνεχώρησα
2881 4493 2994 4556 τοῖς
3047 4492 3342 4546 πταίσασιν
3399 4491 3480 4556 εἰς
3531 4490 3653 4562 ἐμὲ,

1690 4770 1923 4828 VARUS
1964 4773 2371 4836 LECTIUNES.

467 4868 492 4897 ¹¹
520 4859 704 4916 Canis.
728 4860 1023 4929 κεκυφότος
1046 4859 1139 4913 τοῦ
1163 4862 1478 4932 ἀρχιερέως.

1557 4870 1584 4897 ο
1615 4861 1799 4918 Canis.
1836 4863 2282 4935 διακὸνουμένων.
2358 4874 2387 4913 ι)
2418 4864 2654 4933 μυστῶν.

1896 4958 2133 5043 ΝΟΤΑΞ.

469 5070 580 5143 (l5)
609 5069 746 5126 Mala
782 5070 1337 5143 interpunctione,ac
1374 5074 1539 5134 unius
1569 5075 1722 5130 vocis
1758 5075 1867 5131 levi
1901 5077 1959 5133 in

399 5142 506 5198 ﬁne
526 5142 938 5212 depravatione,
973 5144 1112 5198 male
1146 5144 1236 5197 hic
1274 5145 1420 5199 edita
1459 5146 1645 5201 luxata
1681 5155 1862 5213 erant,
1895 5163 1961 5203 ac

398 5227 684 5283 perperam
726 5213 965 5287 reddita,
1012 5212 1292 5287 attributis
1323 5214 1660 5287 Cherubinis
1710 5212 1962 5287 quwau-

394 5282 795 5359 etor_COItsone
817 5282 1120 5353 Scriptura:
1145 5284 1265 5338 lsai.
1300 5301 1353 5341 vt
1391 5282 1957 5359 tribuitSeraphinis,

394 5368 461 5408 ac
509 5351 851 5427 Se-rapliinis,
904 5351 1041 5427 quae
1074 5366 1269 5410 auctor
1320 5357 1548 5423 ascribit
1606 5351 1850 5427 pontiﬁci
1898 5351 1962 5412 ac

396 5424 690 5508 sacerdoti.
743 5423 958 5494 Quippe
1010 5424 1299 5508 Serapliim
1328 5423 1666 5508 ATrisagiu'm
1695 5430 1958 5492 clamant,

396 5495 763 5563 sacerdosque
790 5496 1101 5549 reverentia
1127 5495 1191 5550 ac
1233 5506 1382 5551 metu
1416 5495 1689 5552 inclinans
1732 5514 1797 5552 ac
1843 5514 1964 5552 cer-

400 5575 565 5626 nuus,
600 5564 871 5635 divinum
910 5581 1116 5620 numen
1170 5570 1271 5620 sub
1303 5567 1356 5621 id
1416 5574 1632 5635 tempus
1667 5569 1963 5622 conciliat:

403 5632 625 5709 tametsi
673 5634 727 5685 in
760 5635 983 5709 Apocal.
1030 5652 1102 5699 iv,
1152 5652 1208 5709 v_.
1245 5637 1299 5709 8_,
1347 5653 1456 5709 non
1506 5632 1820 5709 Seraphim,
1869 5639 1965 5693 sed

403 5699 662 5753 animalia
696 5699 1067 5772 appellantur,
1102 5706 1195 5774 qui
1241 5705 1320 5759 sic
1366 5699 1967 5775 clamatum-videntur-

2071 5093 2181 5154 que
2200 5077 2244 5154 _ii
2272 5074 2385 5154 ipsi
2406 5071 2733 5154 signiﬁcari,
2758 5071 2964 5154 quibus
2999 5072 3226 5154 τιθείης-
3239 5074 3452 5154 Psaltes
3477 5076 3655 5154 Deum

2069 5143 2317 5204 insidere
2340 5143 2814 5214 ait,noniinatque
2842 5143 3167 5210 Cberubim,
3194 5147 3334 5203 Psal.
3363 5163 3489 5212 ιιι,
3518 5163 3573 5203 v.
3596 5149 3654 5213 2,

2067 5228 2127 5275 ct
2147 5218 2303 5274 alibi.

2139 5287 2394 5360 (-14)wa
2418 5287 2845 5359 σημειουμένων,
2859 5301 3052 5360 eorum
3073 5286 3169 5357 qui
3187 5296 3657 5360 sacramentorum

2068 5357 2585 5430 participes‘erant,
2629 5372 2706 5430 ac
2728 5372 2831 5430 nec
2864 5357 3273 5417 catechumeni,
3320 5375 3422 5415 nec
3475 5361 3659 5429 poeni-

2064 5426 2288 5491 ientesJ
2306 5427 2403 5483 sed
2431 5444 2575 5480 πιστι
2597 5431 2633 5491 ί,
2670 5426 2853 5499 ﬁdeles
2873 5444 2951 5499 ‘ac
2977 5431 3174 5491 sancti,
3206 5444 3345 5499 quos
3368 5426 3519 5486 solos
3540 5430 3660 5485 dia~

2067 5498 2492 5566 conusjubebat
2517 5512 2568 5550 ιιι
2588 5514 2763 5560 mere,
2791 5497 2886 5551 ubi
2919 5500 3028 5568 jam
3058 5502 3126 5553 ad
3154 5497 3269 5555 rem
3302 5514 3514 5554 sacram
3537 5509 3661 5556 crat

2068 5568 2503 5641 procedendum.
2553 5568 2667 5623 Vox
2722 5568 2959 5641 πιστῶν,
3011 5585 3176 5641 quam
3227 5570 3377 5625 edita
3428 5572 3655 5632 habent,

2069 5638 2292 5693 videtur
2338 5638 2511 5704 magis
2564 5653 2632 5691 ex
2686 5650 2788 5692 usu
2835 5638 3233 5704 ecclesiastico,
3294 5641 3435 5695 nihil
3490 5656 3654 5698 sensu

2073 5710 2290 5765 diversa
2327 5709 2392 5763 ab
2421 5723 2484 5763 ea
2515 5724 2678 5777 quam
2714 5708 2932 5763 edimus
2958 5724 3027 5763 ex
3047 5711 3169 5764 cod.
3203 5711 3392 5781 Regio.
