4026 6140
372 343 479 407 833

1402 343 1491 406 IN
1523 343 2077 406 HEXAEMERON.
2104 367 2174 380 --
2207 340 2629 403 PREFATIO.

3541 331 3659 396 853..

372 453 580 509 blicum
602 447 854 505 omnium
877 457 1238 518 conspectum
1260 458 1413 516 sunt,
1438 465 1501 507 ea
1526 451 1708 521 palam
1728 459 1784 507 et
1810 451 1959 509 inter
1990 456 2030 510 Α
2059 449 2260 507 Omnia
2290 451 2441 505 enim
2480 464 2603 519 qum
2624 454 2760 503 sunt
2790 445 2844 499 in
2887 444 3047 500 caelis
3074 453 3132 498 et
3167 442 3223 498 in
3263 450 3412 498 terra
3435 482 3451 507 ,
3505 443 3655 499 Deus

373 561 434 601 se
493 543 840 599 cohaerenter
906 540 1258 610 cxpesituri,
1318 553 1697 614 congruenter
1751 543 1961 599 divinis

374 633 894 691 consecrationibus
923 647 1259 688 arcanorum
1305 635 1402 689 Dei
1454 644 1956 702 sacramentorum,

377 729 645 782 universo
696 724 859 780 simul
908 724 1077 779 misto
1128 725 1334 795 populo
1398 742 1681 797 nunquam
1719 741 1843 783 eam
1881 728 1963 783 fa-

377 822 535 876 ciunt
561 818 961 878 ostensionem,
996 815 1320 886 priusquam
1344 818 1440 888 qui
1467 819 1730 891 litnrgite,
1765 820 1821 883 id
1847 828 1958 885 est,

378 913 473 983 qui
528 910 755 981 publico
786 918 985 978 praeest
1022 922 1309 963 sacrorum
1349 911 1589 976 muneri,
1636 922 1763 983 post
1799 927 1965 983 supeo

379 1004 586 1057 riorem
610 1011 675 1056 et
700 1016 826 1070 qua
855 1007 941 1055 est
964 999 1104 1054 citra
1127 999 1299 1054 ullum
1340 1001 1587 1057 medium
1610 1043 1626 1069 ,
1662 1003 1769 1058 Dei
1804 1003 1960 1060 ebori

380 1094 815 1160 ordinationem,
847 1100 1109 1165 tanquam
1130 1109 1267 1149 voce
1288 1103 1559 1164 praestans
1577 1095 1802 1167 quidam
1824 1113 1964 1168 pra:-

384 1199 643 1249 ce,stans
680 1195 835 1241 extra
870 1186 1281 1242 sacratissimas
1308 1195 1520 1255 portas,
1549 1188 1803 1257 jussione
1852 1202 1969 1242 ma—

384 1279 533 1333 xima
561 1268 873 1334 secreverit~
898 1277 969 1337 ah
1007 1276 1189 1348 adytis
1212 1277 1297 1333 ad
1325 1295 1449 1349 quae
1475 1294 1587 1334 non
1640 1278 1776 1336 licet
1813 1296 1970 1337 accc-

385 1371 544 1435 dere,
583 1386 680 1426 eos
722 1371 928 1440 quibus
954 1385 1071 1425 non
1123 1371 1254 1427 licet
1282 1372 1357 1427 iis
1395 1371 1505 1427 frui
1550 1388 1614 1427 ac
1655 1374 1966 1444 percipere,

390 1463 592 1518 timens
617 1464 773 1525 illum
797 1463 1044 1520 sordidis
1086 1465 1344 1521 vestibus
1383 1465 1642 1521 indutum
1686 1468 1743 1522 in
1785 1468 1969 1523 Evan-

388 1555 537 1625 gelio
559 1554 601 1618 ⁸,
652 1554 749 1624 qui
794 1555 1116 1625 longissime
1164 1555 1269 1611 fuit
1317 1558 1586 1627 expulsus
1641 1574 1672 1613 a
1721 1558 1970 1630 nuptiali

390 1648 669 1709 convivio.
706 1648 970 1718 quoniam
997 1664 1108 1703 non
1143 1662 1554 1720 praeparaverat
1584 1662 1796 1708 vestem
1831 1667 1970 1709 eon-

390 1737 710 1793 venientem
737 1739 926 1794 divino
954 1740 1033 1796 illi
1077 1742 1263 1811 epulo.
1308 1741 1392 1797 Ad
1441 1743 1551 1798 hoc
1590 1753 1780 1800 autem
1829 1760 1973 1816 opus

391 1847 498 1886 nos
541 1832 988 1901 componendum
1025 1834 1303 1898 venimus,
1358 1850 1472 1890 non
1500 1851 1655 1906 spem
1701 1845 1974 1907 ponentes

392 1923 449 1977 in
476 1924 767 1986 facundia,
806 1927 1191 1997 suavibusque
1217 1927 1425 1995 fabulis
1445 1937 1503 1983 et
1526 1929 1714 1999 nugis.
1740 1939 1972 2000 arteque

393 2013 619 2070 dicendi
655 2015 997 2084 Graecorum,
1030 2034 1134 2085 nec
1156 2021 1356 2075 armati
1395 2020 1594 2076 iambis
1637 2022 1890 2077 trucibus
1918 2031 1976 2078 et

395 2092 691 2161 inutilibus
721 2126 735 2160 :
776 2086 1075 2165 Christum‘
1102 2111 1255 2166 enim
1285 2112 1559 2169 habemus
1594 2114 1700 2168 vite
1742 2113 1967 2181 ducem,

394 2198 490 2265 qui
509 2195 755 2252 Grzecam
782 2201 1102 2270 sapientiam
1121 2202 1257 2257 dicit
1277 2217 1401 2258 esse
1415 2203 1702 2260 stultitiam
1733 2215 1784 2259 et
1808 2208 1979 2261 crucia

395 2291 812 2346 exinanitionem
845 2294 887 2345 '.
939 2292 1247 2363 Loquimur
1285 2297 1435 2351 enim
1474 2297 1547 2353 de
1592 2297 1778 2354 divina
1825 2300 1979 2355 Scri-

398 2391 589 2449 ptura.
623 2398 747 2451 quae
787 2385 1039 2454 exposita
1090 2386 1323 2456 quidem
1373 2388 1482 2443 fuit
1532 2405 1633 2459 per
1679 2392 1976 2461 quamdam

398 2472 567 2526 vecis-
592 2474 919 2530 tenuitatem
967 2486 1025 2531 et
1073 2478 1655 2549 linguae‘tarditatem,
1707 2499 1739 2538 a
1788 2485 1981 2554 paucis

397 2572 585 2619 autem
607 2574 695 2620 est
717 2567 1046 2624 conﬁrmata
1069 2578 1126 2625 et
1153 2580 1370 2637 ornata,
1423 2574 1605 2643 iisque
1642 2575 1983 2646 agrestibuso

401 2673 510 2727 que
538 2668 595 2713 et
616 2656 1010 2729 piscatoribus,
1033 2671 1090 2719 et
1113 2665 1404 2721 sutoribus
1423 2674 1482 2720 et
1509 2664 1810 2722 illitteratis
1837 2684 1851 2720 :
1874 2684 1980 2739 pu-

400 2752 649 2822 doreque
683 2750 873 2809 aﬁ‘ccit
901 2756 1203 2826 sapientes,
1247 2773 1457 2828 eosque
1485 2760 1733 2815 ostendit
1781 2759 1982 2817 stultos

399 2855 458 2900 et
485 2846 734 2917 inutiles.
760 2845 1147 2913 Quamobrem
1170 2851 1227 2903 in
1262 2852 1582 2920 praesentia,
1614 2868 1642 2906 a
1672 2852 1841 2907 nobis
1869 2868 1983 2907 non

401 2937 624 2993 dicetur
658 2940 726 2994 de
763 2940 1050 3010 ﬁguristet
1078 2942 1411 3007 intervallis,
1462 2959 1569 2999 nec
1615 2944 1684 3000 de
1738 2946 1983 3000 circum-

403 3030 720 3084 actionibus
749 3042 806 3086 et
835 3032 1078 3087 motibus
1107 3042 1163 3087 et
1185 3036 1532 3105 regressibus
1567 3037 1623 3091 in
1652 3050 1786 3092 suus
1805 3038 1981 3103 luees,

2061 545 2219 618 prius
2245 544 2562 599 construxit
2598 542 2655 596 in
2697 539 2973 610 sapientia
3024 538 3093 593 ad
3141 538 3266 608 ejus
3314 535 3548 607 ﬁguram
3596 545 3656 591 et

2061 638 2309 709 priorem
2364 633 2823 704 descriptionem.
2868 631 2939 686 Et
2975 629 3127 700 quod
3163 628 3351 684 statim
3399 644 3430 683 a
3472 628 3653 698 prima

2062 729 2216 785 vocis
2254 728 2575 791 effectione,
2632 726 2757 796 ejus
2803 723 3165 779 fundamenta
3209 729 3265 776 ct
3310 728 3655 776 structuram

2063 830 2120 879 et
2147 808 2558 892 apparitionem
2576 828 2630 874 et
2655 818 3125 873 illuminationem
3155 814 3651 886 pmmeditabatur

2065 928 2123 974 et
2161 917 2319 989 prius
2363 914 2744 977 describebat,
2800 920 2857 968 et
2909 927 3010 982 per
3058 910 3301 981 primum
3353 909 3560 966 calum
3599 917 3659 966 et

2066 1008 2394 1072 secundum,
2430 1015 2487 1062 et
2528 1020 2652 1075 quae
2693 1011 2824 1058 sunt
2873 1003 2932 1057 in
2993 998 3131 1072 ipsis
3171 1001 3491 1065 luminaria,
3551 1015 3658 1057 nec

2066 1102 2175 1157 hoc
2206 1101 2429 1164 solum,
2482 1098 2578 1154 sed
2634 1095 2800 1152 etiam
2862 1109 2960 1165 per
3016 1082 3418 1164 ipsumﬁsolem
3466 1101 3527 1148 et
3566 1093 3658 1149 lu--

2067 1209 2218 1259 nam,
2252 1202 2311 1247 et
2343 1200 2545 1248 terram
2566 1230 2579 1254 ,
2606 1198 2664 1245 et
2685 1201 2881 1259 aquas,
2903 1186 3220 1255 etplantas,
3245 1195 3304 1242 et
3328 1198 3550 1255 pecora,
3599 1189 3658 1239 et

2068 1289 2349 1352 volucres,
2374 1286 2666 1354 ctpisces;
2697 1288 2777 1347 et,
2804 1288 2867 1335 ut
2888 1279 3061 1336 semel
3080 1277 3283 1343 dicam,
3310 1294 3410 1349 per
3434 1290 3656 1334 omnem

2071 1391 2385 1437 creaturam
2414 1376 2538 1432 cali
2571 1383 2628 1429 et
2663 1383 2845 1433 terrae,
2879 1370 3164 1427 Christum
3187 1369 3283 1441 qui
3330 1371 3385 1425 in
3434 1371 3570 1441 ipsis
3601 1380 3661 1427 et

2072 1473 2379 1546 peripsam
2412 1468 2687 1538 loquitur,
2739 1464 3007 1535 praedicat
3055 1471 3113 1518 et
3160 1461 3453 1535 magniﬁce
3507 1480 3661 1519 com-

2074 1565 2317 1621 mendat.

2143 1659 2268 1714 Haec
2299 1657 2521 1711 discens
2547 1654 2798 1709 Ecclesia
2827 1651 3071 1706 exsultat
3100 1657 3159 1705 et
3182 1650 3399 1704 Letatur
3435 1690 3448 1715 ,
3480 1651 3654 1720 gestit

2075 1763 2133 1810 et
2162 1752 2528 1814 illuminatur,
2559 1756 2616 1803 et
2654 1746 2921 1802 adversus
2952 1742 3426 1799 inﬁdelesvalens
3456 1756 3540 1797 -ac
3573 1757 3663 1797 ro-
3726 1772 3729 1775 ν

2078 1847 2240 1900 busta
2255 1842 2528 1904 redditur,
2546 1839 2636 1893 vel
2660 1837 2847 1909 potius
2870 1843 3119 1892 armatur
3141 1852 3157 1901 ;
3186 1850 3284 1890 eos
3300 1835 3661 1894 convinceas.

2077 1936 2348 1992 dedecore
2377 1932 2639 1993 achiens,
2662 1930 2914 1991 vincens,
2935 1927 3274 1983 exsilienset
3299 1925 3621 1996 tripudians
3645 1942 3658 1977 :

2079 2026 2357 2098 siquidem
2400 2024 2669 2078 universa
2713 2034 2836 2091 qua».
2890 2019 3146 2075 cernitur
3189 2026 3248 2073 et
3289 2018 3666 2088 intelligentia

2079 2118 2392 2190 percipitur
2444 2125 2723 2177 creatura,
2761 2113 2831 2167 ad
2879 2113 3002 2182 ejus
3053 2112 3350 2182 imaginem
3379 2118 3436 2165 et
3475 2110 3662 2180 sponsi

2078 2213 2169 2269 sui
2190 2210 2398 2267 Christi
2424 2210 2585 2281 prius
2607 2214 2930 2264 constructa
2947 2206 3055 2261 fuit
3078 2214 3135 2261 et
3157 2205 3525 2276 praeﬁgurata.
3548 2202 3667 2261 lloc

2083 2314 2169 2361 est
2191 2303 2344 2359 enim
2370 2297 2889 2373 mysterium,~quod
2922 2305 3054 2353 ante
3081 2297 3282 2353 saecula
3306 2307 3365 2352 et
3385 2314 3416 2351 a
3440 2312 3665 2368 general

2080 2393 2329 2449 tionibus
2354 2393 2510 2462 prius
2530 2386 2747 2445 deﬁniit
2769 2389 2932 2455 Deus,
2955 2398 3013 2444 et
3040 2385 3476 2458 praedestinavit.
3506 2385 3663 2445 Unde

2081 2486 2249 2543 etiam
2306 2482 2512 2539 dicitur
2567 2482 2716 2537 Deus
2779 2482 2965 2536 omnia
3021 2482 3078 2537 in
3143 2487 3312 2551 caput
3372 2475 3664 2546 redegisse

2081 2568 2548 2627 et-instaurasse‘
2600 2569 2657 2624 in
2707 2568 2935 2623 Christo
2954 2569 2995 2622 ⁸.
3045 2567 3188 2635 Quid
3218 2576 3306 2623 est
3371 2566 3428 2623 in
3493 2575 3662 2637 caput
3738 2608 3743 2615 .

2083 2666 2365 2737 redegisse
2413 2674 2470 2719 et
2520 2664 2865 2719 instaurasse
2896 2704 2912 2729 ,
2964 2678 3131 2732 quam
3202 2676 3269 2717 ea
3318 2675 3444 2732 quae
3490 2659 3666 2714 ratio-

2082 2758 2251 2813 nibus
2280 2759 2335 2812 in
2386 2757 2508 2825 ipso
2529 2756 2689 2826 prius
2733 2761 2895 2810 erant
2925 2754 3159 2825 ﬁgurata
3194 2762 3252 2827 et
3277 2753 3608 2809 adumbrata
3639 2792 3654 2814 ,

2085 2851 2268 2922 rcipsa
2313 2850 2477 2905 factis
2531 2849 2586 2904 in
2629 2848 2751 2919 ipso
2787 2862 2911 2904 esse
2952 2849 3215 2919 impleta?
3249 2848 3447 2904 Omnia
3470 2847 3623 2903 enim
3650 2887 3665 2910 ,

2086 2945 2289 3015 inquit,
2323 2961 2418 3015 per
2446 2936 2646 3014 ipsum,
2681 2952 2730 2997 et
2757 2944 2812 2997 in
2834 2944 2950 3014 ipso
2982 2939 3196 2997 Christo
3220 2941 3364 3010 facta
3403 2949 3670 3001 sant,tam

2046 3064 2053 3071 -
2088 3048 2206 3106 qua!
2228 3035 2285 3088 in
2314 3033 2455 3089 cortis
2484 3050 2648 3101 quam
2682 3048 2800 3106 qua!
2827 3039 2881 3088 in
2917 3044 3085 3095 terra,
3140 3031 3372 3087 visibilis
3398 3039 3450 3086 et
3482 3031 3667 3086 invisi-
3714 3042 3727 3055 δ

400 3136 508 3175 nec
532 3121 605 3177 de
630 3124 897 3191 posituris
926 3135 984 3180 et
1023 3125 1471 3193 alteratienibus,
1504 3144 1611 3185 nec
1640 3131 1710 3185 dc
1737 3131 1986 3188 motibus
2012 3139 2054 3197 (ζ
2089 3126 2241 3192 ὁέιὶα,
2272 3127 2379 3181 sive
2404 3125 2604 3181 ’Πιτοηὶ
2625 3166 2638 3190 ,
2679 3127 2786 3180 sive
2820 3125 3245 3190 Dominatz'mm,
3306 3126 3418 3181 sive
3463 3123 3673 3179 Princi-

402 3213 460 3267 in
496 3213 711 3281 orbem,
748 3232 850 3271 nec
879 3217 948 3272 de
982 3219 1347 3287 antipodibus
1372 3231 1429 3276 et
1452 3222 1522 3277 de
1547 3223 1803 3292 partibus
1831 3225 1983 3293 coeli,

401 3316 463 3363 et
484 3305 709 3372 Saturni
746 3308 1023 3375 motibus,
1044 3320 1149 3365 nec
1186 3311 1254 3366 de
1280 3313 1407 3368 cali
1440 3325 1599 3369 motu
1619 3316 1982 3385 etgradibus,
2032 3336 2037 3341 τ

404 3396 514 3453 nec
554 3398 627 3453 de
674 3401 820 3454 luna:
879 3408 1009 3454 ortu
1041 3410 1101 3455 et
1146 3401 1628 3475 deicetu,‘ncque
1670 3422 1869 3464 rursus
1917 3409 2023 3464 de"

402 3491 575 3543 astris
626 3492 1108 3562 et'singularibns
1157 3509 1280 3565 qua
1324 3496 1382 3551 in
1431 3496 1517 3552 eis
1557 3499 1991 3555 considerantur

404 3580 618 3646 stellis;
650 3596 773 3637 non
800 3582 871 3638 de
896 3594 1021 3640 ortu
1066 3582 1340 3656 aquarum
1394 3596 1454 3642 ct
1502 3589 1989 3655 inundationibus,

402 3687 475 3726 ex
491 3673 817 3741 quibuseos
839 3686 1062 3746 quoque
1091 3677 1188 3747 qui
1219 3677 1281 3732 in
1306 3678 1447 3735 locis
1471 3679 1615 3737 ﬁunt
1635 3689 1988 3738 terramotus

404 3764 1268 3840 vishne‘appreheuderuntqui
1312 3785 1372 3825 se
1418 3771 1474 3826 in
1505 3773 1896 3830 mathematica
1936 3785 1995 3832 et

407 3856 515 3913 hac
544 3858 1060 3929 conjecturaliar‘te
1093 3872 1493 3930 exercuerunt,
1520 3880 1551 3920 a
1583 3881 1694 3936 qua
1725 3876 1990 3938 tanquam

406 3947 481 4002 ab
512 3949 752 4005 exitiosa
806 3952 898 4005 lue
934 3950 1195 4007 liberavit
1224 3953 1530 4009 Ecclesiam
1576 3970 1804 4022 verum,
1845 3959 1993 4029 quod

410 4038 471 4092 in
503 4042 673 4096 terris
693 4053 975 4098 versatum
1031 4055 1136 4107 est,
1175 4030 1445 4103 iverbum.
1478 4047 1615 4102 Nam
1659 4050 1797 4120 quid
1850 4051 1990 4106 lucri

408 4133 626 4203 ceperit
662 4131 935 4191 Ecclesia
963 4136 1009 4192 si
1051 4138 1315 4201 dilieerit
1339 4141 1658 4197 universam
1690 4145 1994 4199 motionem

408 4224 555 4279 solis
576 4233 635 4279 et
662 4225 826 4293 lunae,
849 4236 906 4283 et
935 4229 1082 4293 cmii,
1107 4239 1161 4285 et
1195 4237 1359 4287 terra:
1382 4243 1440 4286 et
1463 4242 1759 4288 ventorum
1776 4245 1835 4291 et
1860 4236 1996 4291 stel-

410 4315 634 4381 larum,
687 4328 1058 4390 praeterquam
1101 4322 1276 4377 solam
1330 4336 1655 4393 pereuntem
1702 4338 1760 4384 et
1802 4328 1996 4386 falsam

409 4408 780 4476 opinionem?
831 4413 1057 4470 Discens
1106 4423 1295 4470 autem
1333 4424 1390 4472 et
1433 4417 1668 4475 audiens
1730 4422 1878 4491 quod
1925 4422 1997 4477 ab

410 4501 537 4567 ipso
571 4500 684 4556 Deo
714 4503 1106 4561 universorum
1145 4506 1409 4563 eﬁ‘ectore
1453 4509 1652 4566 eﬂ'ecta
1690 4522 1839 4567 sunt
1880 4512 1993 4574 duo

409 4593 657 4660 opiﬁcia,
696 4611 867 4652 unum
898 4598 1123 4669 quidem
1160 4616 1275 4670 quo
1302 4602 1708 4672 produceretur
1744 4606 1911 4664 homo
1938 4618 1994 4663 et

412 4682 501 4751 (ut
522 4689 692 4741 semel
716 4689 922 4755 dicam)
951 4704 1041 4746 res
1065 4693 1251 4748 omnis
1291 4709 1498 4758 creata,
1543 4696 1779 4752 alterum
1803 4710 1992 4756 autem

415 4790 529 4844 quo
547 4778 686 4832 bene
714 4790 862 4835 esset
881 4791 937 4836 et
960 4782 1127 4838 homo
1151 4792 1207 4839 et
1237 4787 1498 4841 universa
1528 4803 1615 4842 res
1633 4799 1842 4856 creata,
1868 4807 1993 4848 cum

418 4868 535 4936 ipse
559 4886 781 4925 carnem
816 4875 1081 4945 suscepit,
1103 4877 1354 4934 liberatis
1372 4864 1634 4936 omnibus
1650 4880 1719 4937 ab
1737 4881 1992 4949 interitu,

415 4973 545 5012 cum
572 4974 633 5016 ut
661 4963 800 5020 bene
825 4978 1017 5022 essent
1040 4979 1381 5040 acceperunt
1415 4989 1428 5025 :
1462 4962 1690 5042 etquod
1720 4979 1993 5044 tanquam

415 5054 688 5123 propheta
720 5057 945 5114 divinus
973 5059 1149 5116 Moses
1178 5063 1430 5132 praevidit
1464 5064 1634 5119 etiam
1665 5064 1997 5134 productio-

418 5164 546 5202 nem
577 5165 631 5203 et
658 5149 940 5219 opiﬁcium
967 5164 1241 5210 creaturae
1286 5155 1354 5210 ad
1388 5156 1495 5211 hoc
1539 5164 1601 5209 ut
1630 5156 1772 5211 bene
1817 5156 1911 5212 sit.
1941 5168 1997 5213 et

418 5239 674 5293 scribens
699 5241 1171 5309 quemadmodum
1211 5244 1278 5298 ad
1336 5245 1441 5301 huc
1484 5253 1721 5300 utesset
1763 5244 2003 5301 deducta

418 5332 718 5396 exstiterit,
752 5334 807 5387 in
842 5335 960 5403 ipsa
988 5336 1156 5391 etiam
1192 5336 1479 5407 Scriptura
1510 5337 1889 5409 inseruitejus
1917 5356 2009 5394 re-

419 5422 810 5481 formationem
846 5442 943 5497 per
973 5427 1258 5484 Christum
1296 5428 1364 5483 ad
1404 5429 1509 5484 hoc
1530 5439 1593 5483 ut
1625 5429 1767 5484 bene
1791 5430 1886 5495 sit,
1913 5430 2009 5485 sed

420 5516 563 5586 style
591 5516 831 5585 quodam
858 5518 1191 5588 prophetico
1216 5516 1570 5588 obscureque
1594 5527 1652 5574 et
1685 5518 2006 5590 allegorice.

496 5688 736 5770 ‘_.\_iatth.
795 5709 920 5752 χιιι.
948 5695 984 5749 2
1012 5710 1164 5777 seqq.
1243 5697 1262 5727 ⁷
1298 5696 1468 5751 lCor.
1495 5713 1570 5759 tu,
1612 5697 1694 5751 19.

429 5762 470 5792 ⁸³
506 5762 641 5815 ibid.
732 5766 769 5794 “
809 5764 944 5815 Lttt'.
976 5781 1010 5815 Ι.
1062 5767 1150 5815 5ο.
1233 5766 1273 5798 ’³
1305 5769 1438 5815 iis"-
1468 5785 1558 5815 \‘ll-
1596 5769 1676 5815 li-

1792 5698 2043 5773 'Ephes.
2086 5713 2120 5759 ι,
2159 5698 2241 5750 Ill.
2285 5698 2368 5773 ,μ’
2398 5698 2606 5773 Colossis.
2635 5710 2691 5773 t_.
2745 5698 2835 5773 lii

732 5766 769 5794 “
809 5764 944 5819 Luc.
976 5781 1010 5826 ι.
1044 5764 1150 5820 55⁷.
1233 5766 1273 5798 ’³
1304 5769 1438 5821 linit.
1468 5785 1559 5835 vn,
1596 5769 1677 5823 li.
1760 5768 1798 5800 ”
1832 5764 1984 5823 nam

2099 5784 2242 5831 xtttt,
2284 5768 2361 5820 l8.
2445 5769 2483 5795 ”
2518 5765 2701 5818 Matth.
2728 5782 2801 5823 χι.
2827 5766 2915 5819 ἒὸ.

2086 3227 2248 3291 potus
2268 3228 2317 3272 et
2343 3218 2660 3283 Potestates,
2679 3219 2860 3272 omnia
2890 3232 2985 3288 per
3000 3218 3183 3288 ipsum
3201 3226 3250 3270 et
3270 3218 3327 3271 in
3356 3216 3470 3287 ipso
3488 3225 3671 3270 creata
3732 3258 3735 3263 .

2088 3318 2215 3366 sunt
2245 3312 2314 3379 ’ς
2349 3310 2448 3367 Dei
2483 3310 2670 3367 autem
2704 3310 3006 3381 Apostolus
3033 3310 3227 3365 dicens
3257 3308 3549 3365 omniatet
3586 3308 3672 3361 vi-
3708 3334 3711 3335 ν

2090 3404 2275 3460 sibilia
2301 3414 2358 3460 et
2389 3401 2696 3459 invisibilia
2730 3402 2788 3457 in
2817 3402 3045 3459 Christo
3074 3419 3199 3459 esse
3227 3412 3436 3465 creata,
3484 3409 3674 3471 aperte

2091 3496 2337 3553 ostendit
2351 3504 2412 3552 et
2425 3496 2589 3553 docet
2607 3495 2755 3567 quod
2776 3496 2895 3567 ipsa
2919 3497 3089 3553 etiam
3107 3494 3406 3551 invisibilis
3422 3502 3675 3548 creatura

2092 3587 2254 3656 prius
2280 3584 2517 3657 ﬁgurata
2543 3593 2603 3641 et
2627 3584 2771 3641 facta
2798 3584 2908 3640 fuit
2934 3586 2991 3640 in
3028 3584 3253 3641 Christo
3298 3588 3357 3639 et
3404 3583 3673 3639 Ecclesia.
3728 3604 3731 3607 -

2095 3676 2205 3733 Sed
2225 3677 2297 3732 de
2322 3674 2649 3733 cmlestibus
2672 3670 2901 3749 quidem
2924 3674 3395 3747 quemadmodum
3431 3683 3490 3729 et
3516 3672 3680 3729 Chri-

2094 3776 2243 3826 stum
2264 3777 2327 3823 et
2352 3767 2661 3835 κωπίω
2688 3766 3023 3825 describant
3047 3780 3119 3823 ac
3136 3765 3493 3837 prae-ﬁgurant
3513 3804 3528 3829 ,
3563 3779 3675 3820 non

2095 3874 2261 3930 posse
2270 3864 2602 3929 musaperte
2618 3858 2811 3916 dicere
2824 3857 3313 3931 quemadmodum
3337 3857 3679 3929 intelligatur
3722 3890 3723 3893 η

2095 3950 2322 4021 quidem
2344 3951 2575 4023 angelus
2593 3950 2664 4006 iis
2682 3950 2777 4021 qui
2796 3957 2884 4007 est
2896 3953 3118 4028 amagai
3144 3950 3676 4022 conaiiiiangelu“,
3722 3976 3729 3987 ν

2096 4050 2156 4098 et
2206 4056 2403 4099 rursus
2460 4043 2931 4113 quemadmodum
2985 4044 3395 4117 archangelus,
3443 4046 3541 4116 qui
3591 4054 3681 4100 est

2098 4136 2364 4206 princeps
2384 4135 2709 4205 angelorum
2735 4134 2886 4206 ipsos
2906 4136 3074 4191 etiam
3095 4138 3270 4192 mittit
3296 4146 3558 4208 tanquam
3577 4135 3680 4191 ad-

2100 4227 2537 4289 ministratorios
2558 4226 2790 4297 spiritus
2807 4227 2905 4297 qui
2923 4227 2977 4282 ei
2999 4226 3271 4284 assistunt
3297 4246 3311 4281 :
3331 4236 3387 4283 ct
3405 4226 3678 4298 quemad-

2101 4318 2328 4375 modum
2362 4319 3062 4390 nominatur'priuciplum
3085 4358 3100 4384 ,
3125 4318 3335 4390 quiest
3371 4320 3427 4375 in
3460 4318 3679 4389 princi-

2099 4413 2194 4481 pio
2206 4412 2354 4466 Deus
2365 4410 2633 4476 Verbum,
2656 4412 2901 4483 princeps
2923 4413 3073 4483 pacis
3095 4421 3145 4465 et
3161 4419 3315 4482 pater
3330 4411 3497 4482 futuri
3517 4426 3686 4466 sarcu-

2031 4493 2074 4547 D
2096 4501 2140 4557 ti
2188 4504 2254 4557 ιι.
2284 4502 2514 4573 Magnus
2544 4509 2631 4557 est
2669 4504 2818 4557 enim
2865 4503 2987 4574 ejus
3031 4502 3415 4573 principatus,
3449 4511 3502 4557 et
3534 4506 3727 4573 pacis.

2105 4598 2221 4668 ejus
2240 4612 2346 4651 non
2374 4604 2449 4651 est
2483 4598 2823 4653 terminus".
2860 4596 2971 4652 Aut
3013 4596 3487 4668 quemadmodum
3515 4596 3680 4652 intel-

2104 4690 2341 4761 ligamus
2374 4690 3164 4761 ipsampotestatemquiDeus
3182 4700 3268 4746 est
3291 4690 3502 4745 habens
3533 4700 3690 4759 pote-

2106 4792 2306 4842 statem
2333 4782 2494 4837 fortis
2512 4791 2570 4837 et
2591 4795 2810 4853 petens.
2855 4783 2954 4837 Est
2980 4784 3133 4838 enim
3170 4783 3292 4854 ejus
3323 4792 3604 4853 potestas,
3628 4791 3690 4834 ut

2106 4876 2241 4932 dicit
2258 4876 2449 4931 Daniel
2471 4892 2484 4928 :
2506 4874 2574 4931 Et
2599 4882 2831 4946 potestas
2844 4882 3044 4931 aeterna
3061 4891 3176 4947 qum
3194 4890 3298 4929 non
3314 4872 3600 4946 prmteri’bit
3621 4870 3686 4936 ";

2106 4968 2232 5024 data
2256 4965 2506 5021 cstenim
2531 4965 2843 5034 eipotestas
2863 4964 2919 5021 in
2945 4964 3085 5020 etelo
3100 4973 3157 5019 et
3179 4963 3238 5020 in
3263 4972 3409 5020 terra
3431 4961 3500 5020 “.
3519 4962 3691 5018 Porro

2105 5071 2291 5116 autem
2321 5058 2714 5128 homonymum
2740 5072 2964 5128 quoque
2997 5057 3177 5127 ipsum
3208 5056 3486 5126 intelliges
3510 5052 3691 5108 Thro—

2109 5164 2242 5204 num
2300 5165 2313 5201 :
2352 5156 2543 5216 utpote
2592 5150 2739 5218 quod
2788 5148 2955 5202 Pater
3000 5161 3170 5217 super
3218 5144 3397 5214 ipsum
3435 5143 3692 5213 quiescat

2108 5251 2369 5310 tanquam
2404 5239 2750 5309 unigenitum
2773 5246 2829 5293 et
2851 5253 3176 5310 germanum
3202 5236 3421 5299 Filium,
3439 5243 3495 5289 ct
3525 5232 3691 5287 simul

2106 5333 2273 5387 etiam
2312 5347 2415 5387 nos
2464 5332 2629 5387 faciat
2676 5331 2993 5401 quiescere,
3036 5337 3408 5397 congruenter
3445 5325 3496 5379 ei
3542 5322 3689 5393 quod

2110 5427 2376 5497 scriptum
2406 5432 2492 5479 est
2525 5441 2538 5477 :
2576 5423 2755 5481 Venite
2784 5423 2855 5477 ad
2884 5437 2986 5485 me,
3015 5434 3193 5473 omnes
3237 5418 3325 5487 qui
3358 5414 3615 5469 laboratis
3643 5421 3699 5466 et

2111 5520 2317 5573 onerati
2353 5518 2506 5582 estis,
2572 5523 2620 5569 et
2665 5515 2865 5586 faciam
2908 5531 2995 5569 vos
3038 5511 3391 5583 quiescere".
3447 5509 3604 5575 Quod
3646 5510 3693 5595 si

2348 5694 2691 5751 ’ColossJ.
2745 5697 2806 5749 l6
2905 5693 2943 5723 "
2975 5692 3056 5746 [sn
3117 5708 3187 5756 Ix,
3238 5692 3290 5745 ﬁ.
3381 5708 3491 5747 sec.
3534 5688 3699 5744 LXX...
