4026 6140
421 331 525 399 εδγ

1522 337 1602 398 IN
1645 336 2012 395 IIEKAESIE

2019 351 2070 396 ii

2075 336 2194 397 ΟΝ.
2237 361 2299 371 --
2345 339 2490 398 LID.
2531 338 2580 400 Ι.
3573 341 3682 405 858

1605 691 1956 777 LIBER
2035 691 2527 783 PRIMUS.

1585 903 1666 951 DE
1713 901 1907 944 PRIMO
1953 900 2059 941 DIE
2106 901 2511 948 CRBATIONIS.

2032 1060 2100 1072 μ’.

419 1188 478 1241 In
515 1189 780 1262 pﬂndpt'or
804 1189 923 1262 fecit
944 1187 1084 1262 Deus
1106 1187 1290 1241 emtum
1311 1197 1358 1262 et
1391 1197 1612 1241 terram.
1645 1187 1805 1262 Terra
1825 1195 2000 1239 autem
2033 1189 2068 1243 Α
2103 1203 2211 1241 non
2248 1203 2369 1242 esse
2401 1197 2604 1253 ortum,
2659 1199 2716 1245 et
2755 1203 3161 1262 consequenter
3209 1195 3470 1252 dixerunt
3515 1199 3676 1253 simul

489 1270 599 1312 erat
631 1258 906 1313 invisibilis
946 1269 994 1312 et
1044 1260 1392 1328 incomposita
1421 1299 1434 1320 ,
1473 1268 1522 1310 et
1577 1258 1802 1311 tenebra:
1841 1273 1999 1316 super

487 1332 752 1400 abyswm,
779 1339 828 1382 et
855 1329 1086 1400 Spiritus
1120 1329 1214 1383 Dei
1241 1330 1505 1399 ferebatur
1531 1345 1690 1398 super
1719 1329 1994 1398 aquam“.

484 1464 627 1531 Quot
659 1475 713 1520 et
743 1467 937 1536 quales
965 1465 1175 1520 fuerint
1202 1467 1492 1519 sententiae
1509 1479 1701 1520 eorum
1727 1465 1821 1534 qui
1853 1464 1992 1518 mul-

418 1557 489 1609 tis
533 1564 658 1610 ante
689 1555 904 1610 saeculis
935 1569 999 1609 ea
1025 1570 1146 1625 quae
1166 1567 1295 1610 sunt
1320 1555 1413 1608 hic
1441 1553 1688 1626 subjecta
1719 1567 1993 1623 exposue-

416 1657 566 1708 runt,
608 1664 787 1718 neque
839 1648 1003 1703 nobis
1030 1647 1188 1703 facile
1237 1655 1323 1702 est
1358 1647 1571 1712 dicere,
1614 1662 1721 1702 nec
1755 1646 1996 1704 auditori

414 1743 729 1812 expeditum
765 1743 981 1798 audire.
1017 1744 1156 1799 Nam
1186 1743 1255 1798 de
1284 1743 1382 1798 illo
1412 1761 1426 1798 :
1459 1743 1524 1797 1η
1557 1743 1818 1814 principio
1855 1742 1994 1812 fecit,

415 1834 743 1889 dubitarunt
792 1836 1045 1890 nonnulli
1088 1846 1273 1891 utrum
1317 1838 1496 1907 ipsum
1527 1837 1862 1906 principium
1897 1835 1998 1889 ha-

415 1927 545 1982 beat
589 1927 814 1997 aliquod
849 1928 1138 1997 antiquius
1183 1929 1522 1999 principium
1556 1944 1622 1983 ex
1650 1943 1762 1998 quo
1793 1927 1998 1998 depen-

414 2021 578 2085 deat;
612 2035 680 2074 an
711 2021 784 2075 sit
829 2021 949 2076 sine
979 2022 1273 2092 principio.
1326 2023 1396 2076 Et
1437 2023 1482 2077 si
1523 2023 1692 2076 habet
1733 2021 1994 2092 quidem,

415 2128 524 2167 non
561 2113 941 2182 potestvocari
971 2114 1441 2183 principium.Sin
1470 2124 1655 2169 autem
1676 2130 1786 2168 non
1808 2112 1994 2178 habet,

415 2205 689 2276 principio
720 2207 934 2262 scilicet
961 2215 1116 2261 caret
1145 2215 1201 2260 et
1229 2216 1501 2276 tempore.
1535 2207 1820 2272 Quodnam
1848 2205 1995 2260 enim

414 2301 522 2370 jam
566 2305 746 2367 potest
773 2314 895 2354 esse
919 2307 1138 2368 tempus
1170 2307 1225 2352 et
1258 2297 1597 2368 principium
1647 2298 1698 2351 ei
1729 2297 1876 2367 quod
1908 2311 1997 2350 ea-

417 2399 502 2445 rcl
534 2390 849 2462 principio?
880 2391 1016 2445 Nam
1063 2390 1402 2460 principium
1432 2404 1542 2443 non
1586 2390 1756 2443 habet
1787 2389 1994 2458 aliquid

419 2497 478 2537 se
503 2483 681 2552 prius,
715 2490 776 2536 ut
811 2479 874 2537 fit
904 2481 958 2535 in
995 2484 1228 2536 materia
1257 2489 1313 2534 et
1342 2481 1552 2546 forma;
1590 2480 1821 2534 materia
1847 2479 1992 2535 enim

418 2579 502 2626 est
550 2571 704 2640 prior
735 2571 930 2625 forma.
987 2570 1256 2625 Similiter
1296 2579 1353 2625 et
1381 2570 1714 2625 elementum
1761 2584 1886 2623 cum
1925 2570 1998 2624 sit

417 2664 784 2732 compositum
824 2672 880 2718 et
909 2672 1126 2718 constet
1151 2679 1216 2717 ex
1255 2663 1486 2717 materia
1508 2673 1566 2717 et
1594 2661 1790 2726 forma,
1829 2659 1998 2715 habet

418 2755 750 2826 principium
777 2796 790 2818 ,
839 2754 1124 2809 materiam
1159 2763 1216 2810 et
1259 2754 1514 2809 formam.
1542 2754 1642 2808 Est
1669 2762 1877 2817 autem,
1915 2753 1999 2808 in-

417 2848 636 2919 quiunt,
661 2849 889 2904 materia
913 2848 1158 2904 omnium
1180 2848 1680 2920 principium,cum
1703 2848 1775 2903 sit
1802 2864 1887 2902 res
1916 2848 2001 2902 in-

419 2957 708 3010 corporea,
744 2957 943 3012 expers
972 2940 1274 3011 qualitatis,
1303 2948 1358 2994 et
1396 2955 1518 3009 quae
1548 2939 1664 2994 sola
1689 2940 2000 3008 explicatur

419 3033 653 3095 ratione,
699 3047 810 3085 non
859 3030 1006 3086 cadit
1040 3038 1224 3086 autem
1261 3031 1366 3085 sub
1403 3045 1648 3085 sensum.
1694 3029 1814 3098 Ipsa
1842 3044 1994 3100 ergo,

420 3123 634 3193 inquit,
668 3139 697 3178 a
746 3123 916 3194 figura
967 3125 1148 3192 qualis
1191 3123 1460 3194 impressa
1486 3163 1499 3184 ,
1540 3137 1662 3192 quae
1693 3121 1872 3176 forma
1915 3130 2000 3175 est

419 3223 770 3283 corporatur.
799 3214 867 3268 Et
901 3215 1143 3283 primum
1175 3213 1403 3283 quidem
1434 3212 1494 3266 fit
1523 3213 1879 3274 elementum,
1905 3219 2000 3265 aut

419 3309 612 3371 :etlier,
639 3315 733 3361 aut
781 3307 940 3378 ignis,
976 3315 1072 3361 aut
1098 3322 1212 3371 aer,
1255 3314 1350 3360 aut
1380 3315 1548 3360 terra.
1585 3305 1814 3368 Deinde,
1850 3317 2001 3359 com-

421 3399 595 3470 plexis
616 3399 702 3453 bis
717 3399 1025 3463 elementis,
1063 3397 1124 3454 fit
1157 3397 1524 3466 compositum
1572 3405 1667 3451 aut
1695 3397 1997 3452 animatum

422 3503 517 3547 aut
549 3491 928 3546 inanimatam.
957 3491 1028 3548 Et
1078 3491 1306 3545 materia
1341 3491 1562 3561 quidem
1595 3497 1651 3544 et
1678 3488 1875 3554 forma,
1911 3489 1998 3542 in-

425 3583 644 3653 quiunt,
697 3582 762 3636 ad
809 3581 1067 3652 principii
1098 3581 1331 3636 formam
1361 3581 1534 3652 magis
1578 3581 1789 3636 accedit
1835 3595 1998 3650 quam

423 3675 716 3728 elementa.
746 3673 1031 3728 Elementa
1054 3682 1238 3727 autem
1256 3673 1322 3727 ad
1348 3671 1608 3742 principii
1632 3671 1864 3726 formam
1888 3687 2003 3725 ma-

426 3765 506 3836 gis
526 3764 796 3819 accedunt
821 3779 983 3834 quam
1001 3764 1105 3819 alia
1127 3778 1380 3834 corpora.
1406 3763 1518 3819 Nos
1533 3772 1715 3819 autem
1735 3763 1996 3817 dicimus:

2102 1266 2222 1334 esse
2255 1281 2596 1336 universum.
2658 1281 2798 1337 Sunt
2842 1294 3024 1338 autem
3071 1287 3238 1341 etiam
3271 1290 3366 1358 qui
3420 1289 3681 1344 dixerunt

2101 1371 2282 1439 ipsum
2315 1386 2435 1426 esse
2469 1381 2616 1426 sorte
2635 1381 2692 1426 et
2721 1389 2873 1436 casu,
2897 1383 2953 1428 et
2979 1386 3039 1428 ut
3059 1376 3281 1438 accidit,
3318 1387 3530 1446 partem
3560 1380 3682 1449 ejus

2099 1461 2334 1530 primam
2355 1470 2530 1517 ortam
2570 1479 2711 1518 esse.
2743 1465 2849 1519 Alii
2880 1475 3062 1522 autem
3089 1467 3144 1521 in
3167 1479 3409 1538 quatuor
3439 1471 3682 1524 elemen-

2103 1563 2176 1618 ta,
2214 1565 2270 1609 et
2297 1556 2552 1624 quintum
2601 1571 2804 1626 corpus
2829 1559 3128 1613 mthereum
3163 1561 3483 1616 universum
3520 1577 3682 1615 mun-

2099 1647 2231 1702 dum
2257 1646 2599 1711 dividentes,
2651 1657 2709 1703 et
2743 1659 2984 1719 quatuor
3033 1652 3307 1707 elementa
3340 1653 3421 1719 fab
3474 1652 3680 1707 mtberc

2099 1739 2476 1796 administrari
2504 1739 2883 1798 existimantes
2932 1743 3178 1810 (:etberis
3211 1752 3396 1798 autem
3428 1760 3519 1799 res
3552 1744 3675 1813 pul-

2099 1827 2374 1888 cherrima
2409 1841 2495 1888 est
2521 1835 2768 1906 cmlum).
2806 1835 2860 1889 id
2894 1837 3135 1905 primum
3184 1844 3369 1891 ortum
3419 1852 3544 1891 esse
3596 1837 3684 1890 di-

2099 1930 2251 1977 cunt.
2280 1921 2390 1978 Nos
2431 1932 2613 1980 autem
2652 1925 2823 1979 divini
2862 1925 3030 1980 Mosis
3053 1926 3201 1995 leges
3238 1934 3294 1980 et
3343 1925 3567 1981 decreta
3593 1941 3682 1980 sc-

2099 2025 2352 2084 quentes,
2373 2018 2428 2070 in
2446 2019 2702 2088 principio
2719 2017 2905 2072 emtum
2925 2027 2973 2072 et
2991 2027 3192 2071 terram
3209 2017 3372 2072 simul
3396 2017 3538 2072 facta
3561 2032 3683 2072 esse

2099 2108 2355 2164 dicimus.
2387 2111 2454 2164 Et
2491 2111 2681 2179 siquis
2701 2111 2819 2166 Vult
2841 2111 3035 2165 videre
3060 2110 3391 2180 principium
3435 2110 3680 2164 omnium

2099 2201 2506 2265 mandatorum,
2549 2202 2666 2256 haec
2710 2203 3012 2256 existimet.
3058 2201 3163 2256 Sed
3197 2213 3254 2256 et
3284 2202 3530 2255 omnium
3563 2217 3684 2271 qua:

2099 2291 2517 2362 percipiuntur,
2546 2293 2916 2362 intelligentia
2941 2332 2954 2357 ,
2992 2293 3328 2362 principium
3362 2300 3448 2346 est
3497 2294 3682 2346 omnia

2099 2385 2371 2454 principia
2403 2399 2674 2453 superans
2712 2386 2876 2448 Deus,
2924 2385 3017 2454 qui
3059 2384 3194 2439 fecit
3231 2385 3438 2450 omnia,
3471 2393 3527 2438 et
3573 2400 3682 2438 non

2099 2490 2166 2529 ex
2187 2489 2251 2528 ea
2273 2489 2397 2544 quae
2443 2475 2599 2544 prius
2630 2475 2734 2529 fuit
2775 2476 3027 2537 materia,
3058 2475 3155 2530 sed
3187 2491 3253 2530 ex
3284 2476 3460 2529 nihilo
3485 2475 3686 2544 produ-

2103 2567 2184 2620 xit
2203 2576 2256 2620 et
2282 2582 2346 2621 ea
2368 2583 2490 2636 quae
2509 2567 2715 2622 cadunt
2744 2569 2847 2623 sub
2875 2568 3287 2639 intelligentiam
3317 2579 3374 2624 et
3393 2570 3682 2624 elementa.

2105 2658 2337 2713 Divinos
2369 2666 2551 2714 autem
2583 2668 2640 2713 et
2691 2660 2946 2715 sublimis
2993 2662 3252 2726 Basilius,
3299 2663 3522 2716 solvens
3565 2677 3687 2731 qum

2105 2749 2176 2804 de
2220 2751 2491 2821 principio
2533 2751 2772 2806 infertur
2827 2753 3238 2823 objectionem,
3291 2753 3435 2807 dixit
3494 2753 3682 2808 sensili

2105 2843 2317 2898 mundo
2365 2859 2488 2898 esse
2539 2845 2901 2899 vetustiorem
2937 2847 3367 2917 intclligentium
3416 2848 3685 2900 virtutum

2107 2933 2582 2988 constitutionem.
2638 2934 2854 2989 Rursus
2879 2944 3062 2989 autem
3091 2936 3157 2989 ad
3194 2936 3246 2989 id
3269 2936 3416 3005 quod
3459 2935 3688 3004 subjun—

2106 3025 2253 3096 gitur
2277 3045 2290 3079 :
2317 3025 2456 3080 Fecit
2485 3026 2618 3080 Deus
2649 3027 2834 3081 cmlum
2866 3036 2914 3080 et
2941 3037 3163 3093 terram,
3193 3027 3522 3082 dubitarunt
3550 3043 3692 3082 non-

2107 3118 2268 3182 nulli,
2300 3119 2394 3187 qui
2435 3128 2564 3173 sunt
2586 3119 2818 3174 diversa:
2847 3137 2877 3174 a
2908 3121 3072 3175 nobis
3110 3122 3394 3176 sententiae
3414 3141 3426 3175 :
3446 3137 3548 3174 cur
3576 3136 3688 3174 non

2107 3211 2394 3282 conjunxit
2432 3213 2671 3282 scriptor
2710 3230 2980 3284 aquarum
3036 3224 3092 3270 et
3131 3215 3484 3270 tenebrarum
3537 3229 3690 3268 crea—

2109 3303 2336 3358 tionem.
2368 3305 2636 3360 Prmterea
2659 3306 2727 3360 de
2771 3307 2983 3375 Spiritu
3006 3323 3227 3378 quoque
3254 3309 3346 3378 qui
3373 3307 3688 3377 superferc-

2109 3397 2294 3462 batur,
2329 3413 2454 3452 cum
2485 3414 2644 3470 aquae
2679 3401 2906 3470 quidem
2945 3401 3244 3457 videantur
3275 3417 3397 3458 esse
3422 3409 3547 3456 ante
3581 3416 3692 3455 co:-

2108 3493 2221 3548 lum
2269 3503 2324 3550 et
2357 3504 2596 3555 terram,
2644 3503 2832 3551 essent
2879 3505 3064 3550 autem
3127 3495 3369 3549 tenebrae
3409 3493 3462 3548 in
3509 3493 3689 3564 abyssi

2111 3587 2426 3656 superficie,
2457 3587 2694 3642 maxime
2721 3602 2846 3641 cum
2897 3594 3084 3642 essent
3133 3586 3296 3641 etiam
3332 3586 3574 3640 tenebrae
3602 3586 3694 3638 hic

2111 3677 2270 3746 aquis
2290 3677 2725 3747 circumscripta:
2745 3716 2760 3740 ,
2805 3677 2972 3748 860
2994 3677 3270 3747 quomodo
3296 3676 3499 3730 dicitur
3528 3692 3696 3745 super

2111 3779 2207 3820 eas
2228 3765 2358 3820 ferri
2408 3765 2646 3835 Spiritus
2684 3775 2908 3821 sanctus
2939 3766 3280 3829 illuminans,
3310 3773 3365 3820 et
3416 3766 3695 3834 quomodo

426 3854 758 3925 principium
819 3855 1000 3908 omnia
1057 3853 1331 3925 principia
1393 3870 1660 3925 superans
1683 3896 1698 3921 ,
1758 3855 2000 3924 primum
2035 3875 2079 3933 ο
2116 3858 2279 3912 simul
2302 3867 2424 3912 erat
2449 3873 2575 3912 eum
2601 3857 2847 3913 tenebris
2867 3858 2963 3912 Dei
2990 3857 3231 3927 Spiritus
3251 3857 3344 3928 qui
3379 3867 3464 3912 est
3502 3867 3696 3911 auctor

426 3947 653 4017 quidem
703 3943 788 4002 est
812 3948 992 4015 Deus;
1024 3956 1148 4019 post
1196 3949 1368 4005 Deum
1411 3960 1620 4015 autem,
1669 3946 2006 4004 naturalium

428 4055 722 4108 corporum
757 4041 1023 4110 principia
1047 4051 1178 4096 sunt
1194 4042 1492 4096 elementa.
1518 4039 1624 4096 Sed
1655 4048 2008 4096 externorum

432 4129 884 4198 philosophorum
913 4129 1136 4199 quidam
1171 4139 1302 4184 sunt
1333 4129 1520 4193 divisi,
1554 4138 1609 4184 et
1639 4129 1767 4183 aliis
1785 4127 2009 4198 quidem

431 4217 608 4270 visum
634 4225 718 4271 est
759 4217 940 4287 ignem
972 4232 1095 4271 esse
1129 4217 1486 4287 principium,
1509 4223 1740 4287 propter
1766 4216 1878 4270 vim
1909 4232 2010 4286 per

434 4324 489 4364 se
509 4319 564 4362 et
587 4305 747 4361 facile
777 4307 1038 4361 mobilem
1074 4315 1132 4361 et
1169 4306 1317 4378 quod
1347 4316 1639 4362 consumat
1672 4305 1858 4362 omnia
1889 4321 2011 4376 quae

433 4401 884 4471 apprehenderit.
913 4399 1050 4455 Aliis
1073 4407 1256 4455 autem
1295 4413 1503 4465 aerem,
1533 4407 1823 4471 propterea
1862 4399 2011 4469 quod

434 4495 558 4550 vitae
585 4511 749 4550 causa
790 4495 862 4549 sit
889 4511 956 4549 ex
996 4493 1380 4564 respiratione.
1411 4493 1550 4548 Aliis
1569 4501 1753 4548 autem
1788 4508 2008 4562 aquam,

437 4595 661 4656 propter
702 4587 998 4657 genitalem
1055 4594 1330 4641 naturam.
1382 4587 1680 4657 Aliquibus
1709 4597 1896 4641 autem
1945 4601 2017 4640 ex

437 4679 524 4741 iis,
554 4687 777 4743 terram,
807 4687 1102 4749 prepterea
1134 4663 1279 4749 quod
1311 4679 1549 4749 plurima
1583 4680 1882 4734 animantia
1929 4679 2015 4749 gi-

438 4779 671 4839 gnantur
695 4783 762 4824 ex
795 4779 960 4836 terra,
987 4779 1042 4825 ct
1068 4771 1122 4826 in
1145 4785 1266 4828 eam
1292 4772 1660 4828 resolvantur.

506 4862 662 4916 Plato
698 4871 880 4917 autem
923 4864 1096 4917 Deum
1139 4872 1195 4918 et
1229 4867 1515 4918 materiam
1549 4863 1688 4918 dixit
1719 4877 1842 4918 esse
1865 4863 2018 4933 prin-

441 4951 582 5021 cipia
619 4953 814 5007 :tllum
869 4953 1118 5023 quidem,
1158 4962 1218 5007 ut
1275 4954 1450 5008 Deum
1477 4961 1533 5009 et
1573 4953 1827 5020 Patrem;
1876 4953 2018 5009 hanc

431 5053 646 5108 autem,
680 5052 742 5097 ut
767 5059 887 5114 quae
917 5044 1181 5113 suscipiat
1201 5045 1482 5116 opificium
1517 5053 1573 5098 et
1602 5045 1858 5110 formam,
1881 5045 2020 5100 dixit

445 5144 504 5189 ut
530 5143 781 5200 matrem,
820 5136 1104 5191 declinans
1135 5153 1166 5191 ιι
1197 5137 1524 5201 veritate,et
1548 5146 1727 5192 totum
1766 5138 1880 5192 Deo
1912 5139 2017 5192 mi—

2113 3950 2281 4005 dandi
2315 3950 2585 4004 luminis?
2621 3950 2700 4004 Ad
2733 3950 2877 4004 hanc
2909 3964 3042 4020 ergo
3065 3949 3433 4019 objectionem
3470 3963 3699 4018 respon-

2111 4040 2316 4096 derunt
2365 4040 2592 4110 quidam
2637 4039 2981 4110 expositores
3047 4041 3218 4110 quod,
3275 4056 3402 4096 cum
3469 4039 3698 4094 dixisset

2113 4135 2354 4204 scriptor
2381 4134 2506 4188 ρωιὶ
2531 4143 2587 4188 et
2620 4144 2781 4189 terra:
2810 4133 3174 4195 creationem,
3224 4149 3323 4204 per
3351 4141 3596 4188 extrema
3624 4130 3700 4184 si-

2114 4225 2227 4280 mul
2251 4224 2673 4293 comprehendit
2699 4232 2928 4279 cunctas
2961 4239 3084 4293 quae
3107 4223 3526 4278 intercedebant
3546 4235 3698 4275 crea-

2117 4325 2292 4370 turas.
2317 4315 2423 4370 Sed
2459 4325 2515 4370 et
2545 4315 2677 4370 hinc
2700 4315 2804 4370 alia
2824 4329 3046 4384 quoque
3072 4313 3345 4383 processit
3373 4312 3648 4366 dubitatio
3678 4327 3694 4364 :

2113 4407 2405 4474 Quomodo
2431 4407 2600 4471 enim,
2632 4406 2831 4476 inquit,
2854 4416 2980 4475 post
3000 4405 3200 4460 caelum
3223 4412 3277 4460 et
3304 4413 3512 4460 terram
3545 4402 3698 4458 vide-

2117 4510 2208 4555 tur
2239 4501 2384 4554 Deus
2415 4499 2610 4554 fecisse
2633 4497 2856 4553 lucem?
2885 4497 3173 4565 Quomodo
3205 4506 3387 4552 autem
3419 4513 3488 4551 ne
3514 4495 3695 4550 nomi-

2116 4600 2210 4648 nat
2243 4589 2467 4658 quidem
2491 4588 2719 4642 omnino
2740 4587 2884 4657 ignis
2918 4587 3307 4642 creationem?
3339 4586 3460 4653 Quo
3497 4586 3552 4640 in
3579 4587 3700 4640 loco

2117 4697 2244 4736 cum
2275 4680 2509 4736 dixisset
2534 4679 2980 4750 sapientissimus
3011 4679 3312 4750 Gregorius
3333 4721 3346 4741 ,
3374 4680 3550 4734 lucem
3578 4693 3701 4734 esse

2115 4782 2368 4829 naturam
2416 4772 2578 4842 ignis,
2600 4773 2742 4827 alius
2770 4782 2963 4827 contra
3002 4771 3280 4846 dubitavit
3307 4788 3321 4824 :
3351 4772 3416 4825 Et
3440 4787 3602 4840 quam
3631 4770 3703 4823 ob

2118 4881 2338 4922 causam
2366 4879 2478 4918 non
2507 4863 2805 4933 appellavit
2851 4864 3031 4934 ignem
3065 4865 3183 4933 ipsa
3232 4862 3563 4932 Scriptura?
3599 4860 3702 4927 Qui

2122 4958 2182 5012 fit
2213 4966 2396 5013 autem
2444 4957 2592 5027 quod
2634 4972 2817 5028 neque
2841 4957 2974 5022 urit,
3015 4971 3196 5027 neque
3239 4956 3510 5018 calefacit,
3546 4954 3592 5007 si
3632 4955 3706 5006 sit

2121 5050 2264 5122 ignis
2305 5050 2544 5104 natura?
2567 5049 2624 5104 Si
2654 5051 2802 5104 enim
2845 5065 2945 5119 per
2971 5049 3110 5103 duas
3136 5063 3336 5112 voces,
3369 5048 3596 5108 caelum,
3619 5046 3704 5099 in-

2121 5157 2306 5210 quam,
2337 5150 2392 5196 et
2421 5149 2642 5204 terram,
2670 5141 3091 5210 comprehendit
3128 5147 3369 5209 quatuor
3408 5139 3703 5198 elementa,

443 5225 590 5280 nime
621 5225 894 5280 tribuens.
927 5225 1033 5280 Alii
1065 5243 1277 5291 rursus,
1326 5225 1503 5293 logice
1555 5225 1728 5296 magis
1771 5227 2023 5282 conside-
2055 5211 2100 5266 D
2127 5230 2440 5285 invenietur
2471 5231 2561 5283 lux
2582 5230 2838 5298 quintum
2871 5230 3230 5283 elementum.
3259 5227 3352 5280 Sin
3383 5234 3570 5278 autem
3594 5239 3702 5277 non

445 5325 634 5372 rantes
699 5333 866 5387 quam
911 5319 1260 5383 naturaliter,
1315 5318 1579 5374 dixerunt
1641 5329 1844 5374 terram
1901 5334 2022 5375 esse
2127 5321 2694 5391 conjunxit,proptcr
2729 5334 3022 5388 quamnam
3051 5333 3292 5380 causam,
3339 5317 3393 5369 in
3423 5315 3562 5369 ccelo
3587 5314 3709 5382 qui-

444 5409 781 5479 principium
809 5410 1211 5474 universitatis,
1241 5419 1300 5464 ut
1341 5426 1463 5481 quae
1491 5412 1562 5466 sit
1587 5419 1837 5466 centrum
1868 5412 2022 5467 orbis
2128 5417 2252 5472 dem
2285 5424 2341 5473 et
2367 5426 2509 5470 terra
2530 5412 3112 5483 comprehcnditDeus
3131 5413 3334 5482 ignem,
3361 5418 3622 5476 tanquam
3651 5407 3708 5461 in

447 5502 709 5558 celestis.
743 5502 878 5557 Nam
927 5511 1180 5558 centrum
1213 5512 1297 5558 est
1322 5503 1455 5558 orbe
1485 5520 1582 5558 seu
1626 5505 1835 5559 circulo
1878 5505 2023 5558 anli-
2128 5509 2251 5563 luce.
2284 5527 2296 5562 :
2339 5508 2393 5561 in
2426 5507 2669 5560 tenebris
2692 5514 2874 5559 autem
2905 5520 3014 5558 non
3043 5503 3189 5558 dicta
3244 5510 3328 5556 est
3352 5499 3584 5560 creatio,
3611 5514 3713 5553 ne-

449 5595 632 5666 quius.
657 5594 762 5650 Alii
788 5607 972 5651 autem
998 5605 1186 5668 aperte
1219 5596 1725 5666 pronuntiaverunt
1756 5597 2021 5653 mundum
2132 5615 2240 5669 que
2263 5601 2316 5654 in
2340 5600 2562 5670 abysso,
2592 5613 2774 5666 neque
2808 5597 2862 5649 in
2887 5611 3047 5665 aqua.
3078 5609 3256 5666 neque
3287 5594 3341 5648 in
3374 5590 3619 5660 spiritu?
3650 5589 3705 5644 In

520 5773 557 5804 ³¹
590 5778 725 5838 Gen.
759 5798 798 5845 ι,
844 5780 890 5849 l,
924 5782 977 5834 εὶ.
