4026 6140
303 340 409 402 839

1508 345 1569 408 S.
1610 346 2011 410 ANASTASII
2056 350 2388 411 ΞΙΝΑῘΤᾸΞ

3463 351 3570 414 890

301 454 505 525 quibus
526 468 651 509 cum
672 461 982 510 armaretur
999 469 1230 525 magnus
1251 454 1488 513 Basilius
1508 457 1894 516 adversushla—
1926 465 1970 521 A
2002 460 2186 515 nietur
2249 460 2437 514 divina
2496 457 2781 528 Scriptura
2849 456 3020 513 unius
3085 458 3259 514 solius
3316 459 3575 518 clementi

301 543 567 605 nichaeos,
604 552 660 597 et
693 542 906 598 diceret
934 542 1058 598 illas
1090 543 1347 598 tenebras
1376 560 1499 601 esse
1537 548 1809 605 increatas
1833 559 1889 606 et

302 650 414 690 non
443 634 781 700 consistere;
808 650 913 690 nec
934 635 1036 689 sub
1058 650 1394 701 mensuram,
1427 638 1626 708 inquit.
1661 641 1886 702 cadunt.

304 741 487 795 neque
508 724 881 780 deﬁniuntur:
908 725 1004 781 sed
1029 743 1154 782 cum
1176 728 1401 784 fecisset
1423 730 1568 786 Deus
1581 743 1738 788 terra:
1765 733 1889 789 lati-

304 817 576 881 tudinem,
592 825 649 871 et
669 832 835 886 super
855 833 975 872 eam
995 818 1312 875 inclinasset
1339 828 1395 876 et
1418 823 1755 881 extendisset
1776 840 1888 880 cm-

303 909 417 963 lum
477 917 737 979 tanquam
772 909 1213 976 tabernaculum,
1254 914 1484 969 secessit
1525 914 1636 980 lux,
1666 922 1887 971 terreno

302 999 512 1054 mundo
540 1015 571 1053 a
595 1000 735 1055 coelo
756 1000 1102 1057 adumbrato.
1130 1002 1396 1061 Tenebrae
1430 1022 1564 1076 ergo
1584 1007 1721 1062 nihil
1756 1018 1887 1065 sunt

302 1090 453 1143 aliud
471 1089 575 1144 nisi
600 1091 792 1146 umbra
809 1093 1078 1163 corporis.
1104 1094 1372 1151 Praeterea
1389 1099 1725 1166 qumsierunt
1748 1116 1887 1175 non-

301 1182 440 1238 nulli
480 1193 666 1239 utrum
697 1185 875 1240 lucem
905 1186 1051 1241 illam
1075 1202 1198 1256 quae
1218 1190 1446 1244 secessit
1478 1198 1535 1244 et
1560 1200 1777 1247 ostensa
1800 1202 1886 1249 est

300 1273 372 1327 ab
395 1275 588 1331 umbra
633 1276 758 1332 εωιί
783 1318 798 1343 ,
827 1276 1013 1332 dicere
1034 1288 1274 1347 Oportet,
1302 1295 1422 1336 esse
1444 1281 1498 1335 in
1526 1291 1771 1352 tetnpore
1814 1272 1898 1340 an.

300 1365 508 1429 absque
535 1376 803 1438 tempore.
827 1369 954 1423 Etsi
983 1369 1038 1423 in
1069 1378 1332 1440 tempore,
1356 1373 1761 1441 cujusmodiest
1783 1376 1886 1433 hcc

300 1461 522 1524 tempus
547 1457 692 1526 quod
722 1457 830 1512 fuit
849 1468 976 1515 ante
992 1475 1084 1514 sex
1101 1460 1254 1516 dies?
1281 1461 1375 1517 Sin
1393 1474 1577 1518 autem
1599 1465 1718 1519 siue.
1746 1474 1884 1521 tem-

299 1560 456 1615 pore,
484 1560 569 1602 est
595 1551 947 1618 perspicuum
976 1551 1124 1621 quod
1145 1563 1229 1608 est
1259 1554 1425 1608 etiam
1449 1555 1571 1610 sine
1587 1558 1879 1629 principio.

301 1637 358 1691 Si
378 1647 464 1693 est
495 1648 676 1701 autem
699 1640 818 1696 sine
844 1642 1140 1713 principio,
1176 1654 1261 1700 est
1286 1646 1450 1699 etiam
1478 1647 1703 1702 omnino
1731 1650 1884 1718 eius-

300 1726 447 1781 modi
475 1736 669 1783 utnon
705 1731 880 1798 possit
902 1731 1306 1789 circumscribi.
1352 1734 1405 1789 Si
1430 1744 1612 1790 autem
1646 1754 1754 1793 non
1786 1755 1882 1809 po-

1997 553 2218 623 (nempe
2260 551 2439 618 terrae)
2487 566 2590 607 nos
2619 551 2820 606 docere
2856 550 3220 615 creationem,
3255 548 3366 606 non
3386 560 3573 607 autem

1994 654 2251 715 quatuor.
2286 645 2403 700 Lux
2432 645 2581 699 enim
2608 658 2737 699 cum
2771 642 2839 707 iis
2872 657 2982 697 non
3015 652 3473 706 connumeratur,
3514 651 3577 698 ut

1994 736 2190 791 dicunt
2216 735 2252 790 ii
2307 735 2400 805 qui
2427 743 2771 790 suntearum
2803 748 2989 789 rerum
3032 732 3222 803 periti.
3268 731 3571 803 Oportebat

1992 837 2200 890 autem,
2227 843 2422 883 rursus
2451 827 2708 897 inquiunt
2739 825 2864 896 ipsi,
2892 827 2938 881 si
2969 837 3241 881 creaturae
3268 842 3390 896 quae
3424 826 3575 882 cadit

1992 919 2099 974 sub
2142 930 2426 990 aspectum
2470 919 2618 973 Deus
2658 917 2865 973 inducit
2904 916 3211 986 Opiﬁcium.
3245 931 3372 971 eum
3407 908 3575 971 simul

1991 1028 2117 1068 cum
2148 1021 2292 1067 terra
2325 1013 2662 1068 constituere
2704 1010 2904 1067 ccelum
2952 1010 3098 1080 quod
3150 1008 3408 1075 videtur,
3459 1024 3572 1064 non

1992 1114 2174 1160 autem
2201 1104 2253 1159 id
2272 1104 2421 1174 quod
2449 1119 2559 1158 non
2588 1102 2830 1157 videtur.
2850 1100 2956 1157 Sed
2989 1108 3276 1170 utramque
3298 1100 3571 1171 primoge-

1991 1199 2165 1252 nitam
2209 1197 2611 1267 gemellamque
2662 1203 2848 1249 natant
2875 1201 3209 1256 creaturam.
3260 1201 3317 1246 et
3347 1208 3473 1261 quae
3500 1207 3571 1248 ne

1990 1291 2094 1347 sub
2130 1300 2412 1360 aspectum
2459 1288 2683 1359 quidem
2720 1287 2961 1350 caderet,
3014 1285 3280 1346 occuluit,
3311 1299 3433 1338 eam
3473 1299 3570 1338 su-

1989 1396 2160 1451 perne
2199 1390 2256 1435 et
2283 1379 2493 1433 inferne
2516 1377 2755 1447 quodam
2781 1375 2950 1430 veluti
2983 1373 3303 1445 crystallino
3346 1381 3404 1427 et
3433 1372 3571 1426 cele-

1991 1473 2131 1527 riter
2174 1471 2380 1527 ﬂuente
2416 1486 2685 1540 aquarum
2717 1468 2985 1523 amiciens
3024 1466 3380 1521 vestimento.
3412 1462 3569 1530 Quod

1989 1563 2212 1634 quidem
2241 1578 2437 1619 rursus
2465 1561 2630 1617 nobis
2661 1561 2829 1615 aliam
2865 1548 3187 1614 non'levem
3218 1555 3363 1625 parit
3404 1554 3570 1608 dubi-

1990 1656 2253 1711 tationem
2283 1673 2300 1709 :
2328 1670 2527 1725 nempe
2559 1652 2706 1723 quod
2739 1650 2847 1705 alia
2882 1657 3135 1705 contecta
3179 1654 3308 1702 sunt
3331 1640 3568 1714 superna

1991 1748 2234 1817 (arcente
2261 1744 2593 1801 intermedio
2633 1742 2806 1798 veluti
2837 1739 3150 1811 operculol.
3176 1753 3246 1792 ne
3268 1744 3324 1792 et
3353 1735 3567 1795 inferna

302 1818 825 1887 testcircumseribi,
849 1823 1126 1891 quomodo
1141 1824 1618 1893 circpmscribitur
1638 1830 1795 1899 pulsa
1817 1831 1885 1885 ab
1920 1829 1957 1883 Β
1988 1842 2192 1897 intueri
2225 1838 2442 1909 possint
2471 1852 2739 1908 superna,
2777 1850 2957 1905 neque
2978 1847 3174 1887 rursus
3206 1843 3443 1899 superna
3477 1844 3569 1882 asv

298 1910 493 1966 umbra
523 1914 735 1969 cmlesti
754 1914 777 1967 ?
797 1913 1156 1986 Conjungunt
1173 1925 1359 1971 autem
1379 1919 1547 1974 etiam
1569 1922 1856 1989 przeceden
1871 1952 1884 1960 -

299 1998 451 2055 tibus
508 2000 670 2056 aliam
723 2019 945 2073 quoque
985 2007 1345 2074 quaestionem
1405 2009 1758 2080 interpretes.
1824 2015 1880 2071 Si

298 2090 473 2153 enim,
507 2091 792 2161 inquiunt.
844 2094 1176 2163 profundum
1228 2114 1497 2167 aquarum
1540 2103 1720 2174 abyssi
1763 2116 1885 2162 erat

299 2195 468 2251 super
508 2182 703 2239 faciem
739 2188 1013 2243 universae
1051 2199 1238 2253 terrae.
1276 2209 1384 2249 non
1426 2197 1715 2263 oportebat
1760 2214 1881 2254 eam

300 2272 528 2328 omnino
549 2277 815 2345 appellari
852 2288 1075 2343 terram,
1103 2282 1198 2337 sed
1233 2300 1385 2340 mare
1413 2304 1426 2339 :
1459 2296 1516 2341 et
1557 2304 1659 2342 cur
1685 2289 1882 2348 bume~

300 2372 451 2416 ctum
481 2373 641 2420 terra:
666 2368 963 2424 terminum
985 2386 1332 2442 superquam
1354 2375 1595 2431 locatum
1621 2362 1703 2432 est
1723 2389 1779 2433 et.
1809 2382 1882 2435 si-

299 2463 447 2515 tum.
481 2464 684 2510 terram
720 2460 1102 2519 nominamus.
1162 2478 1271 2518 non
1322 2480 1496 2531 mare,
1549 2484 1660 2522 non
1694 2471 1881 2525 habita

299 2547 514 2603 ratione
562 2549 835 2619 subjecti,
867 2554 1145 2621 quomodo
1168 2565 1226 2610 et
1257 2555 1472 2618 ﬂuvios.
1529 2570 1589 2614 et
1620 2562 1797 2625 lacus,
1822 2574 1882 2619 et

300 2636 500 2701 fontes,
531 2654 597 2693 ex
638 2642 929 2709 superficie
951 2660 1140 2699 earum
1165 2663 1287 2715 quae
1317 2649 1370 2701 in
1398 2650 1530 2719 ipsis
1556 2663 1684 2708 sunt
1706 2669 1879 2723 aqua-

300 2742 419 2779 rum
468 2734 932 2791 convenientibus
977 2738 1142 2793 etiam
1173 2754 1365 2795 earum
1414 2743 1882 2811 appellationibus

297 2838 361 2875 ex
387 2823 572 2876 divina
606 2823 890 2895 Scriptura
922 2830 1239 2887 didicimus.
1288 2833 1588 2903 Oportebat
1627 2839 1776 2893 enim
1810 2840 1879 2894 il-
1910 2872 1915 2876 ι

301 2916 405 2966 tam
439 2930 467 2968 a
499 2916 608 2968 Deo
639 2918 832 2974 factam
883 2923 1067 2977 statim
1102 2926 1172 2979 ab
1206 2926 1364 2980 initio
1388 2937 1644 2999 tanquam
1672 2933 1879 2989 conde-

303 3018 562 3072 innatam,
592 3019 649 3063 et
680 3012 877 3082 abysso
911 3026 1165 3084 tanquam
1197 3019 1390 3075 inferis
1416 3022 1693 3086 traditam,
1715 3026 1880 3082 tertio

304 3100 383 3150 die
415 3116 732 3169 exsurgere.
765 3103 1037 3159 dicendo:
1072 3106 1427 3179 Congregetur
1450 3129 1590 3181 aqua
1622 3124 1887 3186 tanquam,

301 3208 350 3242 ττι
382 3197 837 3263 congregationem
868 3215 1053 3263 unum,
1079 3210 1128 3253 et
1153 3196 1404 3256 cernatur
1431 3206 1584 3260 arida
1600 3206 1663 3258 θ’.

373 3285 599 3341 Deficiet
629 3304 714 3342 me
759 3300 977 3360 tempus
1005 3294 1048 3347 si
1078 3295 1242 3349 velim
1281 3296 1334 3349 in
1366 3298 1606 3354 medium
1635 3302 1879 3369 proferre

328 3393 580 3432 aurorum
612 3383 864 3436 omnium
895 3386 1233 3440 asseclarum
1252 3387 1633 3457 dubitationes
1650 3401 1714 3447 et
1729 3409 1881 3462 (μηθ-

300 3468 507 3524 ςιὲιιιινς
535 3470 603 3524 de
622 3488 731 3527 'sex
756 3473 975 3530 diebus.
1010 3477 1224 3532 Etenim
1261 3479 1330 3534 de
1359 3480 1557 3552 abysso
1584 3498 1621 3552 q
1645 3499 1709 3537 ue
1737 3483 1879 3539 diei-

303 3567 412 3614 tur.
436 3569 493 3613 et
520 3561 589 3615 de
625 3577 767 3631 aqua
796 3580 919 3633 quas
942 3568 1293 3634 nominatur,
1338 3571 1430 3626 alii
1464 3572 1689 3641 quidem
1723 3573 1882 3632 intel-

300 3651 554 3706 lexerunt
608 3664 867 3725 utrasque
929 3674 1101 3727 aquas
1158 3676 1323 3716 unam
1374 3678 1500 3719 esse
1540 3673 1597 3719 et
1641 3665 1877 3723 similem

300 3753 572 3799 naturam.
609 3746 715 3800 Alii
753 3756 939 3803 autem
983 3750 1267 3813 dixerunt.
1300 3753 1419 3809 haec
1443 3771 1555 3810 non
1586 3772 1756 3812 unum
1799 3758 1878 3814 si-

297 3836 577 3905 gnificare.
609 3838 928 3897 Diﬂerentia
955 3843 1126 3907 etaim,
1159 3844 1361 3916 inquit,
1410 3861 1604 3903 eorum
1628 3865 1752 3920 quae
1783 3866 1880 3905 ve-

300 3926 547 3992 huntur,
608 3932 887 4001 significat
932 3936 1230 3993 discrimen
1282 3939 1688 3996 vehiculorum.
1741 3942 1876 3998 Nam

297 4019 561 4087 scriptum
588 4023 810 4102 quidem
848 4038 931 4081 est
959 4028 1216 4084 tenebras
1243 4030 1585 4100 impendere.
1611 4032 1876 4102 Spiritum

298 4119 480 4164 autem
519 4128 684 4181 supra
722 4114 875 4171 ferri.
915 4118 977 4172 Et
1016 4120 1267 4183 tenebrae,
1301 4121 1503 4191 inquit,
1535 4140 1696 4193 super
1732 4125 1879 4196 abys-

297 4220 435 4263 sum.
470 4203 754 4262 Etdeinde
786 4205 1048 4277 :Spiritus
1079 4210 1170 4264 Dei
1193 4211 1460 4281 ferebatur
1473 4230 1643 4283 supra
1656 4232 1875 4285 aquam.

298 4297 529 4352 Maxime
557 4315 680 4353 cum
715 4310 840 4369 post
875 4300 992 4357 haec
1013 4303 1280 4371 propheta
1302 4319 1445 4374 saepe
1477 4304 1696 4380 fecisset
1726 4322 1880 4361 men-

300 4388 501 4443 tium-tn
535 4408 837 4460 aquarum.
878 4394 1026 4462 ipsas
1047 4394 1273 4464 quidem
1323 4397 1578 4452 nominat
1619 4414 1790 4468 aquas
1819 4407 1878 4454 et

298 4479 488 4539 maria.
508 4489 564 4534 et
582 4483 1056 4552 congregationes.
1073 4494 1123 4538 et
1147 4484 1349 4562 fontes,
1364 4495 1419 4541 et
1434 4484 1632 4543 ﬂuvios
1653 4505 1665 4541 :
1690 4488 1873 4561 abyssi
1900 4516 1949 4569 υ

296 4581 477 4626 autent
515 4589 860 4643 nequaquam
899 4578 1169 4631 meminit.
1211 4578 1328 4633 Non
1376 4581 1733 4649 prastermisit
1770 4599 1872 4636 au-

298 4674 406 4717 tem
448 4665 502 4719 in
555 4667 828 4735 profunda
881 4679 940 4724 et
991 4671 1260 4726 divinitus
1286 4673 1413 4727 data
1461 4688 1560 4727 sua
1606 4675 1875 4743 sapientia

297 4754 645 4825 interrogare
675 4759 955 4827 quomodo
983 4762 1224 4831 scriptus
1252 4772 1339 4817 est
1377 4763 1616 4833 Spiritus
1645 4765 1741 4820 Dei
1781 4780 1874 4820 so-

294 4845 406 4899 lum
439 4848 493 4901 iu
529 4848 738 4920 reliqua
763 4853 1070 4915 creatione,
1108 4864 1167 4909 et
1189 4871 1416 4910 curuam
1447 4856 1651 4910 dicitur
1681 4857 1729 4912 is
1749 4858 1873 4927 qui-

294 4937 417 4991 dem
450 4939 777 5009 superferri,
810 4958 918 4996 non
954 4944 1214 5001 insidere.
1266 4947 1549 5003 Adversus
1584 4963 1683 5004 eos
1706 4949 1873 5004 etiam

292 5030 388 5098 qui
426 5031 687 5087 dixerunt
718 5045 968 5091 sanetum
1005 5035 1157 5091 illum
1193 5053 1312 5093 esse
1352 5038 1617 5110 Spiritum
1664 5041 1758 5111 qui
1789 5043 1870 5095 fe-

293 5120 521 5176 rebatur
566 5137 735 5194 supra
764 5141 957 5195 aquas,
991 5144 1022 5184 a
1075 5129 1358 5185 nonnullis
1407 5140 1493 5187 est
1533 5131 1865 5187 dubitatum.

294 5212 531 5269 Ubinam
562 5215 634 5269 sit
672 5218 880 5272 creatio
907 5219 1185 5290 aerisqui
1215 5230 1299 5277 est
1346 5238 1491 5279 unus
1520 5237 1589 5278 ex
1628 5231 1869 5292 quatuor

290 5304 623 5389 clementis?
648 5308 702 5365 Si
734 5308 880 5364 enim
907 5310 1247 5378 dederimus,
1280 5314 1560 5383 inquiunt,
1587 5328 1714 5369 eum
1739 5313 1865 5382 qui-

292 5395 417 5451 dem
456 5415 577 5455 esse
629 5403 1041 5459 sanctissimum
1100 5406 1256 5461 illutn
1298 5415 1358 5462 et
1411 5406 1719 5460 increatum
1768 5406 1865 5460 Dei

292 5488 558 5557 Spiritum
591 5512 603 5547 :
633 5495 773 5564 ignis
797 5507 980 5552 autem
1007 5497 1236 5553 omnino
1280 5512 1391 5551 non
1437 5496 1717 5566 profertur
1764 5512 1871 5553 nec

293 5583 589 5651 appellatio
613 5604 718 5643 nec
742 5589 977 5655 creatio,
1009 5590 1288 5660 quomodo
1316 5604 1420 5643 nec
1452 5588 1669 5660 abyssi;
1717 5589 1869 5645 inve-

372 5768 415 5799 "
449 5768 584 5823 Gen.
624 5787 659 5836 ι,
690 5774 742 5824 9.
795 5773 835 5801 ³³
870 5772 889 5825 l
922 5772 1050 5825 Cor.
1078 5790 1129 5839 γ,
1164 5774 1196 5822 fi
1223 5790 1375 5843 seqq.

1984 1932 2190 2001 piciant
2212 1931 2449 1986 inferna.
2470 1930 2664 1985 Adhuc
2686 1930 2832 1983 enim
2856 1926 3036 1999 primo
3054 1920 3568 1994 elsplendidissimo

1983 2021 2145 2083 malo,
2207 2029 2469 2091 tanquam
2520 2019 2759 2089 quodam
2788 2018 3003 2073 odivino
3054 2014 3335 2086 proposito
3380 2020 3434 2066 et
3481 2027 3566 2067 re-

1982 2111 2310 2180 splendeutc
2337 2111 2582 2178 speculo,
2613 2117 2669 2165 et
2690 2111 2813 2181 ejus
2829 2108 2976 2179 quod
3001 2103 3391 2176 supervehitur
3419 2102 3563 2157 divi-

1984 2220 2084 2258 nos
2111 2204 2356 2274 fulgores
2382 2204 2619 2259 adverso
2650 2202 2944 2273 splendore
2968 2200 3305 2269 repellente,
3342 2197 3411 2251 ad
3457 2194 3565 2251 hoc

1983 2306 2045 2350 ut
2077 2311 2142 2351 ea
2184 2312 2308 2365 quae
2352 2303 2483 2350 sunt
2514 2294 2656 2349 infra
2697 2293 2994 2350 illuminet.
3018 2291 3216 2346 obruta
3236 2300 3291 2345 et
3310 2290 3563 2345 demersa

1983 2397 2129 2443 terra
2155 2404 2262 2443 non
2289 2397 2507 2458 poterat
2536 2388 2756 2458 (utique
2792 2384 3231 2454 intellige‘ntibus
3252 2381 3447 2445 oculis)
3475 2396 3565 2436 as-

1981 2479 2167 2549 picere
2208 2478 2275 2534 ad
2311 2479 2560 2533 divinum
2611 2493 2851 2548 superne
2897 2475 3111 2531 radium
3138 2474 3234 2543 qui
3276 2473 3343 2529 ad
3389 2474 3561 2542 ipsam

1982 2584 2156 2639 usque
2186 2569 2527 2638 permeabat.
2563 2569 2669 2624 Sed
2695 2568 2955 2638 quoniam
2992 2582 3183 2622 earum
3216 2580 3354 2636 quas
3380 2564 3563 2634 subje-

1980 2660 2160 2716 cimus
2188 2660 2598 2717 dubitationum
2622 2661 2832 2716 exitum
2888 2677 2998 2716 non
3040 2658 3372 2718 invenimus.
3412 2666 3469 2711 et
3505 2655 3561 2710 in

1983 2750 2053 2804 iis
2096 2750 2258 2820 plane
2292 2751 2542 2821 perplexi
2576 2766 2791 2815 sumus,
2852 2761 2907 2806 et
2955 2750 3185 2809 omnino
3219 2748 3558 2806 baesitamus.

1982 2842 2108 2897 freti
2155 2858 2252 2898 ore
2304 2843 2478 2897 sancti
2534 2842 3025 2913 Spiritus:Pauli,
3064 2839 3559 2919 inquam,lingua.

1981 2950 2104 3004 qua:
2146 2935 2280 2989 dicit
2305 2936 2348 2967 ³³
2379 2936 2523 3006 quod
2579 2950 2923 3005 quascunque
2965 2943 3095 2989 sunt
3134 2936 3193 3009 in,
3221 2933 3362 3002 lege,
3394 2931 3564 3001 prius

1980 3025 2188 3094 scripta
2215 3036 2346 3080 sunt
2378 3024 2431 3080 in
2470 3026 2700 3094 figuram
2727 3023 2931 3085 Christi
2967 3032 3023 3078 et
3060 3022 3234 3094 ipsius
3258 3021 3558 3086 Ecclesiae;

1983 3127 2228 3186 accepta.
2263 3115 2306 3170 si
2340 3132 2468 3171 vere
2498 3112 2683 3171 dicere
2706 3125 2945 3185 oportet.
2968 3114 3258 3169 occasione
3293 3129 3360 3168 ex
3393 3111 3561 3181 Papia

1929 3219 1946 3232 ί
1981 3207 2103 3260 viro
2133 3207 2439 3262 clarissimo
2472 3207 2906 3277 llierapolitano.
2936 3205 3029 3276 qui
3076 3206 3214 3261 dixit
3243 3205 3298 3259 in
3344 3203 3561 3274 Episto-

1983 3297 2100 3353 thio
2116 3297 2201 3359 ³³⁸,
2229 3297 2534 3354 Clemente.
2568 3306 2625 3352 ct
2669 3299 2954 3357 Pantbeno
2977 3297 3352 3355 Alexandrino
3377 3310 3562 3351 sacer-

1982 3390 2130 3448 dote.
2146 3400 2208 3446 et
2229 3389 2523 3446 Ammonio
2545 3390 2977 3461 sapientissimo,
3002 3389 3408 3459 interpretibus
3431 3407 3445 3444 :
3467 3404 3562 3444 vc-

1984 3486 2161 3533 terum
2183 3487 2241 3533 et
2261 3480 2567 3549 primorum
2594 3479 2988 3542 conventione,
3012 3479 3105 3550 qui
3137 3489 3319 3535 totum
3347 3479 3560 3535 flexae-

1980 3585 2174 3641 mcron
2194 3570 2670 3630 intellexeruntde
2686 3570 2910 3641 Christo
2930 3581 2990 3625 et
3006 3571 3274 3632 Ecclesia.
3295 3582 3419 3642 post
3430 3585 3560 3626 vere

1981 3663 2242 3719 sensilem
2265 3663 2568 3719 secundum
2598 3664 2838 3719 litteram
2865 3663 3220 3727 creationem,
3238 3663 3375 3718 citra
3394 3664 3558 3717 ullam

1981 3753 2383 3810 dubitationem
2411 3770 2632 3811 sensum
2656 3756 3004 3825 speculantes
3025 3754 3306 3811 Ecclesia).
3326 3770 3426 3825 pro
3452 3770 3559 3824 qua

1980 3845 2277 3913 universus
2295 3856 2383 3902 cst
2401 3846 2575 3901 nostri
2607 3847 2930 3905 certaminis
2959 3862 3174 3916 scopus.
3202 3846 3268 3901 ad
3300 3846 3405 3909 hoc
3422 3861 3562 3915 opus

1980 3936 2393 4005 descendimus.
2438 3936 2710 3994 Caeterum
2763 3937 3004 3993 litteram
3053 3937 3275 4009 quidem
3332 3938 3560 3993 minime

1980 4028 2364 4094 dissolventes,
2416 4022 2610 4083 verum
2671 4029 2740 4084 ab
2789 4029 2999 4100 optimo
3058 4038 3114 4084 et
3162 4029 3559 4099 benignissinm

1981 4133 2172 4176 sancto
2220 4119 2431 4194 Spiritu
2471 4138 2693 4177 sensum
2753 4122 2982 4193 mystice
3032 4121 3364 4177 absconsum
3416 4122 3560 4178 intra

1978 4210 2219 4269 litteram
2275 4212 2659 4283 inquirentes,
2704 4212 2945 4282 primum
2978 4212 3083 4267 hoc
3143 4213 3560 4268 consideramus

1980 4300 2036 4355 in
2062 4301 2411 4371 corporibus.
2446 4301 2814 4368 Quamobrem
2859 4302 3074 4374 linguas
3107 4302 3238 4357 hinc
3281 4318 3388 4357 non
3428 4304 3559 4357 mit-

1978 4400 2100 4447 tant
2131 4392 2585 4462 philosophorum
2633 4392 2880 4463 physici,
2933 4388 3229 4449 audientes
3283 4393 3555 4453 verbum:

1980 4484 2120 4539 Fecit
2136 4484 2276 4543 Deus
2303 4484 2491 4541 cmlum
2517 4496 2565 4539 et
2587 4494 2819 4552 terram;
2850 4502 3029 4556 neque
3062 4485 3251 4539 dicant
3275 4485 3446 4539 Deum
3474 4485 3557 4540 fe-

1974 4578 2114 4631 cisse
2137 4577 2260 4631 (εαξιὶ
2290 4587 2474 4633 ortum
2500 4591 2531 4632 a
2553 4586 2722 4641 terra,
2758 4586 3013 4647 tanquam
3037 4576 3106 4640 ab
3130 4577 3314 4646 aliquo
3337 4586 3555 4633 centro:

1975 4668 2239 4738 quoniam
2297 4678 2574 4732 centrum,
2619 4669 2901 4738 inquiunt.
2930 4675 3017 4723 est
3059 4668 3391 4737 principium
3436 4669 3559 4723 uni-

1975 4775 2151 4814 versae
2185 4759 2432 4829 spbzcrm.
2478 4759 2597 4814 Non
2646 4760 2792 4817 enim
2829 4771 2888 4814 ut
2914 4760 3186 4830 contingit
3218 4760 3272 4814 in
3310 4759 3555 4815 homini-

1975 4838 2101 4913 bus,
2134 4852 2230 4921 qui
2282 4868 2391 4907 non
2443 4861 2675 4922 possunt
2726 4869 2906 4923 neque
2953 4854 3224 4908 circulum
3289 4854 3553 4923 dirigere,

1976 4960 2155 5014 neque
2186 4952 2449 5013 torquem.
2476 4943 2877 5023 circumagere,
2903 4926 3081 5013 neque
3102 4953 3337 5014 punctos
3363 4941 3554 4998 circuli

1978 5050 2045 5089 ex
2080 5050 2238 5103 aequo
2285 5049 2659 5103 carnponere,
2699 5050 2878 5104 neque
2929 5036 3155 5111 lineam.
3187 5035 3468 5089 inﬂectere
3503 5042 3553 5088 et

1980 5136 2113 5181 rotae
2138 5127 2372 5181 similem
2412 5126 2651 5189 allicere.
2681 5128 2786 5183 nisi
2822 5136 3075 5185 centrum
3118 5116 3375 5193 medium
3401 5126 3555 5195 prius

1975 5217 2142 5287 fuerit
2171 5216 2397 5273 infixum
2426 5235 2439 5271 :
2484 5218 2558 5273 ita
2589 5218 2754 5273 etiam
2781 5218 3026 5274 devenit.
3073 5217 3175 5287 Hic
3196 5218 3345 5272 enim
3379 5228 3440 5272 ut
3468 5216 3552 5271 di-

1976 5324 2096 5367 scas
2114 5310 2260 5378 quod
2282 5310 2425 5365 Deus
2447 5325 2554 5365 non
2577 5310 2830 5380 sequitur
2847 5320 3057 5366 naturm
3079 5309 3551 5378 consequentiam,

1974 5402 2069 5457 sed
2101 5402 2397 5458 fabricatur
2423 5418 2660 5472 superna
2684 5401 3011 5459 naturaliter
3036 5410 3216 5456 etnon
3235 5400 3551 5465 artiﬁciose,

1975 5495 2109 5551 dicit
2149 5496 2546 5561 Rlosestecit
2589 5496 2737 5551 Deus
2780 5496 3071 5565 sphzeram,
3121 5492 3320 5548 deinde
3353 5503 3553 5549 terram

1974 5600 2253 5645 centrum.
2294 5588 2589 5660 Oporteret
2638 5588 2787 5645 enim
2840 5606 3029 5645 revera
3080 5598 3275 5644 contra
3327 5585 3552 5641 dicere:

1456 5774 1517 5805 ἠ’
1558 5774 1881 5844 ’ῐὶπιττήτὶεοε

1981 5774 2114 5841 [nasi
2145 5772 2293 5825 dicas
2326 5771 2609 5841 prrtorulr:
2640 5770 2867 5825 Videtur
2894 5769 3061 5827 fuisse
3098 5767 3290 5821 titulus
3316 5764 3465 5821 libri.
