4026 6140
399 334 500 398 861

1497 348 1578 406 ΙΝ
1618 348 2168 414 IIEXAEMERON.
2211 383 2275 390 --
2317 360 2462 417 LIB.
2511 359 2554 418 Ι.

3561 357 3664 418 8ιὲ

3631 373 3650 396 δέ

3635 402 3665 418 ὁ

399 443 541 499 Ferit
571 443 710 499 Deus
739 456 939 502 terram
977 460 1025 502 ct
1071 453 1254 506 cwlum
1278 497 1292 517 ,
1348 469 1443 510 seu
1472 467 1745 522 centrum,
1769 469 1822 515 et
1854 468 1982 514 tunc
2013 465 2052 518 Α
2086 463 2138 516 in
2192 482 2292 519 suo
2327 466 2520 520 ordine
2583 465 2939 521 collocata‘ct
2970 463 3178 521 inclusa
3212 465 3267 518 in
3306 481 3401 518 sua
3433 480 3634 534 congre
3655 497 3668 505 -

376 537 692 604 sphaeram.
735 536 869 590 Nam
899 537 944 592 si
967 542 1410 611 conjunctionem
1449 549 1814 615 copulativam
1842 549 1984 602 acci-

400 629 559 698 piunt
590 628 747 692 illud,
774 635 828 683 et
849 631 1008 684 ambo
1041 633 1233 688 dicunt
1267 635 1427 690 simul
1478 637 1617 691 iacta
1645 654 1788 703 esse,
1818 655 1981 709 opor-

401 720 548 774 tebat
577 728 748 786 certe,
783 730 842 774 ut
873 722 1119 791 ipsorum
1149 734 1232 779 est
1263 729 1554 792 sententia,
1593 730 1747 798 prius
1777 731 1984 800 signiﬁ-

401 812 513 866 cari
546 810 881 880 principium
912 821 968 866 et
993 829 1213 868 causam
1239 818 1456 879 circuli,
1506 835 1701 887 nempe
1731 832 1981 875 centrum

402 919 496 958 seu
526 912 749 966 terram,
785 913 839 957 et
869 906 1043 973 magis
1067 923 1229 974 quam
1254 919 1462 963 contra.
1499 910 1552 965 Si
1579 921 1762 965 autem
1795 911 1830 964 ii
1853 927 1983 966 con-

405 993 662 1046 ﬁleantur
682 1008 842 1046 omne
877 1002 1127 1047 centrum
1157 995 1244 1063 ﬁgi
1270 1011 1439 1065 super
1468 997 1690 1066 aliquod
1714 997 1910 1051 stabile
1927 1007 1982 1051 et

403 1083 662 1146 solidum,
696 1091 752 1136 et
773 1084 851 1137 sic
883 1084 1263 1139 circumscribi
1291 1087 1825 1150 circumferentiam,
1869 1104 1979 1141 non

404 1183 584 1228 autem
619 1175 778 1229 aliter
807 1193 820 1228 :
859 1175 1029 1228 Deum
1060 1184 1244 1230 autem
1279 1187 1575 1247 agnoscant
1609 1195 1776 1248 super
1813 1195 1982 1248 aquas

403 1283 523 1336 qua:
553 1266 688 1320 nulli
712 1266 975 1320 resistunt
997 1267 1368 1332 concussioni,
1401 1268 1496 1321 sed
1519 1269 1703 1322 statim
1737 1268 1980 1322 fundun-

403 1367 493 1412 tur
525 1365 579 1412 et
621 1357 1033 1422 circumfluunt,
1085 1374 1196 1412 non
1232 1359 1409 1412 solum
1455 1360 1707 1430 iniecisse
1744 1361 1796 1414 id
1834 1360 1980 1430 quod

403 1459 488 1506 est
513 1451 742 1506 densum
768 1465 832 1504 ac
856 1465 1044 1519 grave,
1079 1450 1172 1503 sed
1207 1450 1372 1504 etiam
1403 1451 1457 1504 in
1485 1451 1570 1506 his
1593 1451 1835 1505 humidis
1855 1452 1984 1505 soli-

403 1543 533 1597 dare
565 1541 978 1596 multitudinem
1016 1558 1028 1593 :
1061 1542 1525 1610 quemadmodum
1558 1558 1666 1596 non
1696 1557 1983 1597 concesse-

404 1634 517 1688 rint
539 1649 664 1687 eum
690 1633 932 1688 excitare
965 1633 1166 1688 ccelum
1219 1642 1480 1704 tanquam
1515 1635 1782 1691 fornicem
1816 1636 1981 1691 etiam

404 1723 612 1793 absque
643 1734 872 1788 centro;
906 1739 1030 1778 nam
1057 1740 1179 1794 quae
1205 1724 1348 1795 apud
1382 1725 1636 1780 homines
1663 1733 1790 1780 sunt
1827 1727 1976 1796 ejus-

403 1792 551 1868 modi
592 1825 652 1868 ut
674 1814 790 1869 ﬁeri
813 1829 922 1868 non
951 1792 1184 1884 possint,
1211 1792 1353 1884 apud
1384 1815 1554 1870 Deum
1587 1792 1974 1886 possuntﬁeri.
2010 1792 2054 1852 Β

403 1904 508 1959 Sed
543 1904 609 1957 ad
641 1906 802 1958 aliam
848 1905 1090 1959 eundum
1121 1915 1206 1959 est
1249 1905 1470 1970 seriem,
1502 1915 1556 1960 et
1585 1907 1974 1975 postulandum

401 2005 486 2050 est
515 2011 546 2049 a
590 2011 830 2065 superna
886 1996 1155 2065 sapientia
1190 2012 1312 2065 quae
1360 1996 1453 2050 dat
1505 1995 1763 2051 omnibus
1813 2006 1977 2066 prout

401 2096 549 2142 recte
605 2095 819 2156 petunt,
849 2097 910 2141 ut
955 2086 1114 2140 nobis
1163 2087 1372 2140 reveiet
1429 2087 1718 2158 mysticum
1752 2103 1975 2142 sensum

398 2180 492 2249 qui
524 2189 607 2233 est
634 2179 773 2234 intra
795 2179 1057 2242 litteram,
1091 2194 1286 2248 nempe
1317 2179 1594 2247 quomodo
1621 2194 1721 2248 per
1754 2179 1976 2233 univer-

399 2285 513 2324 sam
538 2286 628 2324 sex
656 2271 870 2323 dierum
895 2271 1254 2336 creationem,
1283 2271 1438 2340 prius
1463 2271 1751 2325 constituit
1773 2279 1977 2339 etprtc-

397 2361 652 2432 ﬁguravit
673 2361 902 2434 ﬁguram
932 2371 987 2416 et
1015 2361 1309 2431 imaginem
1337 2362 1600 2416 Ecclesim
1622 2361 1853 2417 Christi.
1885 2363 1976 2418 Sic

397 2455 546 2508 enim
569 2454 734 2508 dicit:
757 2455 820 2508 lu
845 2456 1102 2525 principio
1124 2456 1244 2524 fecit
1282 2455 1422 2509 Deus
1452 2457 1640 2510 coelum
1665 2466 1714 2510 et
1751 2468 1972 2510 terram.

395 2544 606 2599 Caelum
651 2545 876 2614 quidem
928 2544 1092 2598 simul
1146 2545 1666 2615 comprehendendo
1727 2548 1977 2600 nominat

394 2651 588 2691 omnes
613 2636 867 2691 cmlestes
894 2646 952 2690 et
983 2635 1354 2706 intelligentes
1374 2677 1389 2700 ,
1438 2647 1752 2692 sanctarum
1797 2637 1974 2691 virtu-

396 2737 511 2781 tum
538 2737 596 2781 et
622 2728 984 2798 intelligentis
1015 2729 1207 2783 mundi
1235 2729 1696 2795 constitutiones;
1720 2739 1782 2784 ut
1809 2730 1975 2784 intel-

395 2818 530 2888 ligas
565 2833 866 2888 supernum
898 2820 1162 2874 mundum
1205 2821 1361 2890 prius
1401 2822 1571 2877 fuisse
1609 2807 1973 2889 fabricatum,

394 2917 766 2980 congruenter
797 2912 916 2964 voci
944 2912 1181 2982 theologi
1215 2930 1337 2983 quae
1361 2915 1498 2969 dicit
1527 2933 1541 2968 :
1571 2915 1818 2970 Primum
1854 2916 1978 2984 qui-

394 3003 517 3058 dem
555 3012 737 3058 mente
771 3003 1032 3074 cogitavit
1055 3007 1332 3076 angelicas
1353 3006 1587 3062 virtutes
1617 3015 1672 3060 et
1697 3007 1974 3073 caelestes,

391 3105 448 3149 et
480 3095 742 3166 cogitatio
783 3111 925 3166 opus
967 3097 1088 3152 fuit.
1136 3097 1293 3152 Nunc
1343 3109 1526 3154 autem
1584 3115 1784 3154 rursus
1825 3101 1977 3154 hunc

391 3187 660 3242 mundum
687 3190 948 3244 sensiiem
969 3199 1024 3244 et
1046 3190 1206 3261 861
1242 3191 1337 3261 qui
1359 3191 1805 3257 cernitur,simul
1825 3207 1978 3247 com-

392 3282 609 3352 plexus,
650 3297 775 3336 cum
797 3281 918 3352 ipso
948 3281 1089 3336 caelo
1107 3283 1275 3337 etiam
1301 3283 1489 3340 omnia
1513 3299 1637 3354 quas
1675 3300 1842 3355 super
1867 3293 1979 3340 ter-

393 3389 510 3428 ram
549 3387 674 3427 cum
720 3373 946 3429 homine
975 3374 1119 3429 facta
1147 3383 1276 3430 sunt
1318 3383 1374 3431 et
1401 3382 1552 3442 sunt,
1586 3390 1696 3440 res,
1729 3377 1972 3447 inquam,

392 3467 662 3521 animatas
691 3474 747 3520 et
769 3465 1068 3520 inanimas.
1103 3467 1238 3522 Nam
1265 3482 1390 3522 cum
1421 3467 1560 3522 dixit
1593 3485 1607 3522 :
1634 3467 1699 3523 In
1719 3470 1977 3541 principio

393 3559 514 3628 fecit
547 3558 687 3614 Deus
715 3559 924 3625 catum,
949 3561 1176 3616 sustulit
1203 3570 1445 3622 mentem
1470 3569 1620 3615 tuam
1641 3560 1712 3615 ad
1741 3561 1980 3617 creatio-

393 3667 520 3706 nem
570 3652 796 3722 superni
835 3652 1070 3708 ordinis.
1118 3651 1329 3708 Deinde
1377 3667 1502 3708 cum
1551 3653 1978 3725 subjunxitzEt

396 3750 616 3806 terram,
650 3742 864 3797 dimisit
891 3751 1133 3798 mentem
1167 3753 1315 3798 tuam
1340 3743 1408 3798 ad
1437 3743 1740 3814 posituram
1773 3744 1976 3800 inferni

392 3834 830 3904 adimpiementi,
878 3835 1036 3905 cujus
1084 3834 1401 3890 universam
1430 3835 1686 3890 exhibuit
1723 3851 1976 3907 compre-

392 3925 716 3981 bensionem
743 3941 772 3980 a
797 3933 979 3996 parte,
1019 3941 1218 3995 nempe
1253 3942 1284 3980 a
1309 3935 1456 3980 terra
1497 3945 1510 3981 :
1542 3925 1749 3983 docens
1779 3935 1831 3983 te
1864 3943 1977 3983 non

391 4019 568 4074 solum
597 4034 756 4073 nosse
793 4027 992 4072 terram
1019 4059 1034 4083 ,
1076 4019 1174 4074 sed
1221 4018 1386 4072 etiam
1418 4017 1616 4073 caelum
1662 4019 1809 4088 quod
1853 4035 1976 4074 eam

392 4111 565 4166 ambit
616 4127 682 4165 ac
739 4111 988 4166 continet
1025 4110 1472 4182 :synecdocbicc
1513 4109 1686 4165 veluti
1733 4112 1974 4181 quodam

393 4204 629 4262 termino
650 4203 970 4274 complexus
1028 4218 1128 4272 per
1147 4203 1284 4257 duas
1314 4201 1588 4258 dictiones
1616 4203 1898 4274 opiﬁcium
1917 4212 1976 4260 et

391 4296 726 4350 creationem
763 4294 952 4351 mundi
976 4295 1070 4366 qui
1094 4295 1362 4364 aspicitur
1381 4303 1437 4350 et
1467 4296 1657 4350 mundi
1678 4296 1774 4365 qui
1809 4294 1974 4352 intel-

390 4386 603 4458 ligitur,
640 4403 804 4458 quem
832 4389 1166 4457 inprincipio
1187 4388 1319 4443 fecit
1358 4389 1542 4444 Deus:
1581 4389 1634 4442 in
1662 4389 1966 4459 principio,

2088 556 2446 625 gatione:an
2513 573 2620 611 non
2690 573 2785 612 aer
2821 556 3052 626 replevit
3111 557 3553 614 universitatem,
3611 565 3670 609 ut

2087 661 2356 716 nusquam
2399 647 2454 702 in
2498 648 2858 703 universitate
2909 649 3317 718 relinqueretur
3371 648 3526 702 locus
3577 664 3670 701 va—

2086 753 2222 792 cuus
2270 757 2282 792 :
2321 739 2425 793 hoc
2462 740 2609 793 enim
2667 740 2910 794 fatentur
2959 728 3150 795 omnes
3209 756 3480 810 nusquam
3546 755 3669 794 esse

2085 829 2267 884 locum
2303 845 2562 893 vacuum,
2595 838 2652 884 et
2691 840 2774 885 est
2798 831 3154 884 consentiens
3193 830 3438 883 omnium
3479 830 3670 899 opinio

2085 921 2230 989 quod
2257 937 2350 975 acr
2376 910 2631 991 pro’tinus
2675 922 2932 977 cireuivit
2972 923 3415 983 universitatem,
3447 923 3669 992 quando

2087 1013 2248 1068 simul
2280 1023 2466 1068 coacta
2495 1014 2597 1068 fuit
2641 1031 2780 1084 aqua
2809 1015 3033 1084 abyssi;
3077 1029 3142 1068 ex
3194 1029 3333 1083 aqua
3388 1015 3558 1072 enim.
3609 1023 3668 1068 ut

2087 1105 2256 1159 semel
2303 1104 2504 1170 dicam,
2527 1107 2816 1160 exhalatur
2851 1122 2945 1160 aer
2981 1124 2993 1159 :
3030 1114 3115 1159 est
3154 1115 3335 1158 autem
3363 1106 3407 1158 is
3447 1121 3668 1174 quoque

2086 1206 2245 1267 typus
2274 1213 2337 1251 ac
2370 1197 2543 1267 ﬁgura
2573 1198 2879 1252 divinitatis
2895 1213 3015 1267 quze
3034 1213 3143 1252 non
3172 1206 3352 1266 potest
3374 1198 3666 1252 exinaniri.

2083 1288 2369 1355 Quomodo
2401 1291 2550 1344 enim
2583 1307 2678 1344 aer
2712 1301 2798 1345 est
2822 1291 3024 1360 ubique
3056 1300 3112 1346 et
3138 1292 3326 1360 implet
3353 1291 3558 1353 omnia,
3595 1291 3667 1344 ita

2082 1383 2248 1436 etiam
2304 1383 2488 1436 divina
2535 1393 2730 1437 natura
2779 1399 3019 1452 praesens
3050 1383 3103 1436 in
3139 1383 3497 1436 universitate
3547 1397 3666 1436 eam

2085 1473 2162 1528 ita
2190 1474 2382 1544 implet
2411 1485 2469 1529 ut
2495 1475 2768 1529 exinaniri
2803 1485 3060 1545 nequeat.
3087 1474 3370 1541 Quomodo
3398 1475 3544 1529 enim
3572 1489 3669 1532 aer

2084 1579 2194 1618 non
2222 1564 2369 1619 hunc
2397 1564 2630 1634 implens
2664 1566 2844 1620 locum
2873 1581 2939 1619 ex
2971 1565 3063 1618 illo
3096 1573 3179 1618 est
3212 1564 3559 1628 exinanitus,
3593 1565 3666 1617 ita

2085 1655 2248 1708 etiam
2277 1654 2537 1730 divinitas
2577 1654 2763 1708 omnia
2796 1655 2871 1708 ita
2903 1654 3093 1723 implet
3135 1663 3196 1707 ut
3240 1668 3349 1707 non
3379 1653 3668 1706 exinania-

2086 1752 2199 1798 tur.
2221 1745 2288 1798 Et
2310 1745 2588 1814 quomodo
2615 1760 2711 1800 aer
2735 1752 2895 1799 estet
2929 1744 3310 1797 tenebricosos
3337 1753 3395 1799 et
3420 1743 3665 1808 lucidus,

2083 1834 2320 1904 primum
2353 1843 2536 1888 autem
2571 1843 2656 1888 est
2703 1833 2754 1888 id
2789 1835 2937 1904 quod
2977 1843 3060 1889 est
3110 1834 3515 1888 tenebricosum
3544 1851 3555 1886 :
3591 1833 3665 1888 ita

2083 1920 2248 1973 etiam
2277 1921 2544 1974 Divinilas
2562 1930 2648 1975 est
2684 1922 2925 1976 tenebrae
2974 1923 3312 1984 nolentibus,
3362 1923 3453 1975 lux
3483 1931 3666 1975 autem

2083 2011 2418 2066 volentibus.
2456 2013 2698 2067 Primum
2726 2021 2912 2068 autem
2939 2022 3025 2068 est
3062 2014 3113 2066 id
3138 2013 3283 2083 quod
3311 2022 3392 2067 est
3429 2012 3671 2066 tenebri-

2084 2117 2294 2167 cosum,
2331 2105 2590 2172 quoniam
2628 2107 2866 2175 primum
2900 2105 3211 2176 ignoratur,
3245 2113 3302 2159 et
3332 2117 3460 2158 tunc
3495 2120 3666 2174 agno-

2084 2197 2276 2251 scitur.
2343 2197 2409 2250 Et
2459 2197 2736 2266 quomodo
2787 2214 2882 2251 aer
2925 2197 3098 2251 veluti
3146 2197 3570 2250 intractabiiiter
3609 2205 3666 2251 et

2085 2288 2480 2342 insensibiliter
2505 2297 2590 2342 cst
2621 2289 2786 2342 etiam
2814 2287 3112 2357 perfectior
3131 2303 3256 2342 eum
3281 2287 3571 2341 scinditur.
3597 2286 3664 2340 ad

2084 2379 2188 2434 hoc
2222 2387 2282 2433 ιιι
2330 2387 2647 2448 permoveat
2675 2395 2870 2434 secans
2898 2395 3166 2450 corpora:
3198 2380 3272 2433 ita
3317 2379 3482 2434 etiam
3520 2379 3667 2432 Dens

2085 2473 2154 2527 iis
2184 2473 2278 2542 qui
2309 2473 2488 2542 ipsum
2514 2473 2705 2526 volunt
2734 2472 2976 2526 medium
3001 2471 3301 2539 pervadere
3323 2478 3378 2523 et
3405 2478 3664 2538 tanquam

2083 2577 2182 2632 per
2215 2563 2653 2633 penetrationem
2693 2562 2900 2633 (quoad
2926 2563 3046 2630 ejus
3086 2561 3202 2614 ﬁeri
3249 2569 3431 2630 potest
3469 2561 3538 2614 ab
3569 2561 3669 2613 ho—

2084 2657 2265 2724 mine)
2288 2655 2336 2709 ei
2372 2654 2643 2707 uniuntur
2675 2652 3036 2716 insensiiit-er,
3083 2652 3199 2721 ipse
3229 2651 3396 2705 etiam
3421 2651 3667 2719 aperitur

2083 2762 2207 2801 cum
2246 2745 2601 2816 perfectione,
2647 2753 2702 2798 et
2727 2745 2821 2813 qui
2863 2745 3016 2798 novit
3062 2745 3177 2813 ipsc
3211 2744 3418 2805 scit.ut
3463 2742 3554 2810 qui
3592 2742 3668 2795 sit

2083 2835 2391 2889 deiﬁcatus.
2430 2833 2495 2887 Et
2533 2833 2811 2902 quomodo
2847 2848 2964 2895 aer,
2990 2841 3047 2886 et
3077 2833 3222 2902 quod
3257 2841 3343 2887 est
3389 2833 3665 2887 extrinse-

2083 2941 2180 2980 cus
2205 2927 2452 2981 continet
2471 2934 2527 2980 et
2553 2925 2841 2995 refrigerat
2863 2925 3009 2994 quod
3030 2934 3116 2980 est
3151 2926 3291 2978 intra
3320 2924 3544 2986 animai,
3579 2931 3665 2978 est

2082 3025 2267 3073 autem
2292 3017 2465 3086 magis
2490 3017 2839 3071 necessarius
2867 3031 3001 3071 usus
3026 3015 3118 3085 qui
3158 3025 3243 3070 est
3278 3014 3612 3069 intrinsecus
3645 3032 3661 3068 :

2083 3110 2156 3164 ita
2181 3109 2348 3164 etiam
2397 3109 2562 3171 Deus,
2613 3108 2665 3162 id
2723 3108 2947 3176 quidem
2989 3107 3136 3176 quod
3188 3116 3273 3161 est
3319 3106 3664 3160 extrinsecus

2079 3201 2325 3256 continet
2372 3199 2568 3254 castris
2613 3199 2959 3268 angelorum,
3007 3205 3068 3252 ut
3102 3198 3195 3267 qui
3241 3198 3352 3251 sint
3395 3196 3663 3250 salutares

2075 3293 2326 3365 spiritus,
2362 3292 2456 3347 sed
2481 3299 2538 3348 ct
2568 3307 2669 3364 per
2702 3307 2760 3346 se
2783 3292 2838 3346 in
2873 3291 3024 3361 ipsos
3052 3300 3314 3361 operatur
3335 3289 3662 3345 viviﬁcatio-

2074 3401 2198 3440 nem
2227 3393 2324 3440 aut
2342 3383 2850 3438 reviviﬁcationem.
2888 3382 2952 3436 ili
2995 3391 3178 3437 autem
3213 3381 3312 3436 sali
3350 3379 3538 3435 divino
3569 3379 3664 3434 illo

2074 3474 2364 3545 privamur
2405 3488 2554 3537 aere,
2617 3473 2712 3542 qui
2770 3473 3058 3543 elegerunt
3103 3471 3444 3526 natationem
3495 3486 3664 3541 super

2074 3573 2268 3630 pectus
2293 3573 2352 3620 et
2375 3573 2628 3618 ventrem
2655 3579 2754 3633 per
2779 3564 3067 3618 humorem
3099 3562 3342 3632 peccati:
3362 3569 3490 3616 sunt
3512 3563 3660 3616 enim

2075 3655 2387 3724 voluptates
2415 3669 2484 3709 ex
2507 3653 2856 3708 humoribus.
2911 3654 3112 3708 Pectus
3141 3659 3324 3705 autem
3349 3658 3403 3704 et
3445 3658 3658 3712 venter,

2075 3747 2221 3802 acris
2251 3746 2552 3816 propensio
2602 3744 2667 3799 ad
2700 3761 2764 3800 ea
2794 3760 2916 3814 qua:
2947 3753 3075 3798 sunt
3104 3741 3207 3796 sub
3239 3749 3512 3795 ventrem.
3552 3739 3660 3798 Sed

2075 3838 2305 3893 densum
2342 3835 2633 3906 quemdam
2664 3835 2810 3891 ctad
2845 3850 3128 3905 vesperam
3161 3833 3388 3886 omnino
3425 3845 3660 3901 vergen-

2076 3940 2208 3994 tem,
2227 3928 2676 3999 profundumque
2701 3938 2759 3982 ct
2781 3927 2994 3981 tristem
3019 3935 3334 3994 atrumque,
3359 3931 3414 3978 et
3434 3922 3662 3977 omnino

2077 4021 2513 4085 tenebricosum,
2551 4035 2650 4089 per
2703 4034 2768 4073 ea
2813 4034 2935 4088 qua:
2973 4019 3118 4072 dicta
3185 4024 3315 4071 sunt
3371 4015 3664 4084 descripsit

2074 4111 2572 4167 Moses-mundum
2610 4118 2930 4164 terrestrem
2971 4117 3230 4178 opertum
3271 4107 3505 4162 diversis
3540 4105 3663 4175 qui-

2074 4205 2306 4260 busdam
2331 4204 2499 4259 veluti
2528 4202 2921 4273 integumentis
2934 4210 2991 4256 et
3013 4201 3172 4264 velis,
3197 4208 3451 4269 tanquam
3474 4206 3661 4253 coacta

2073 4311 2388 4368 compressa
2424 4307 2595 4358 terra,
2650 4305 2711 4349 ut
2753 4309 2875 4364 qua:
2901 4293 3065 4348 simul
3103 4293 3175 4347 sit
3209 4293 3266 4345 in
3299 4290 3664 4346 tenebricosis

2073 4401 2128 4447 et
2153 4392 2208 4446 in
2235 4391 2430 4445 umbra
2473 4389 2671 4443 mortis
2701 4389 2755 4442 in
2818 4386 3178 4442 terrestribus
3211 4385 3375 4440 Erebi
3410 4401 3426 4437 ε
3459 4383 3662 4453 partim

393 4477 638 4549 inquam,
666 4488 1130 4549 patern_o,nempe
1155 4478 1370 4535 ratione
1387 4492 1482 4535 seu
1509 4479 1692 4537 Verbo
1717 4497 1730 4535 :
1755 4480 1819 4535 In
1851 4482 1966 4552 ipso
2000 4486 2042 4542 Ι)
2071 4483 2295 4553 quidem
2323 4481 2589 4537 suffocata
2625 4480 2784 4550 aquis
2807 4495 2928 4548 quae
2960 4479 3018 4542 ei
3061 4487 3192 4532 sunt
3219 4478 3508 4548 impositae,
3538 4492 3664 4546 par-

389 4573 535 4628 cnim
571 4581 618 4625 et
641 4587 735 4641 per
765 4573 938 4636 ipsum
967 4573 1143 4625 omnia
1167 4572 1308 4642 facta
1335 4581 1458 4626 sunt
1475 4573 1542 4628 ".

459 4664 596 4719 Cum
627 4661 914 4733 hucusque
975 4663 1354 4719 constituisset
1375 4665 1680 4721 caelestium
1702 4675 1759 4722 et
1793 4676 1970 4722 terre-

389 4756 588 4812 strium
619 4756 867 4810 omnium
899 4755 1261 4820 creationem,
1285 4755 1378 4825 qui
1431 4772 1555 4812 cum
1599 4757 1743 4814 Diosc
1778 4758 1970 4828 loque-

391 4846 554 4902 batur
609 4847 701 4902 Dei
746 4847 980 4935 angeius
1034 4846 1234 4902 transit
1271 4847 1338 4902 ad
1378 4849 1665 4920 mysticam
1703 4849 1968 4904 Ecclesia:

391 4939 686 4995 rationem.
712 4936 884 5006 Quam
914 4939 1137 5009 quidem
1167 4953 1361 4995 rursus
1383 4940 1548 4996 aliam
1579 4941 1820 5012 appellat
1851 4949 1967 4997 ter-

390 5047 531 5096 ram,
564 5042 620 5088 et
637 5033 771 5087 dicit
793 5033 862 5088 de
891 5032 1012 5103 ejus
1045 5034 1387 5105 ignoratione
1420 5044 1477 5090 et
1501 5051 1693 5091 errore
1721 5037 1816 5106 qui
1849 5046 1970 5092 erat

392 5122 447 5179 in
480 5123 661 5189 initio,
691 5132 838 5179 terra
865 5133 1044 5179 autem
1077 5134 1192 5180 erat
1223 5126 1494 5181 invisibilis
1525 5136 1574 5182 et
1597 5130 1962 5198 incomposita,

391 5222 440 5268 et
474 5216 696 5271 tenebra:
721 5234 881 5288 super
919 5217 1185 5288 abyssum,
1237 5225 1286 5271 et
1315 5217 1544 5290 Spiritus
1578 5219 1673 5273 Dei
1702 5221 1971 5290 ferebatur

387 5322 548 5377 super
591 5326 809 5379 aquam.
867 5309 1235 5376 Quaerendum
1297 5320 1382 5366 cst
1438 5320 1671 5366 autem:
1709 5312 1966 5383 Nunquid

388 5413 514 5453 cum
571 5401 770 5455 cretum
815 5410 872 5456 et
905 5411 1049 5457 terra
1083 5402 1193 5457 sint
1228 5401 1476 5457 ordinata
1521 5410 1580 5457 et
1614 5403 1726 5459 sint
1767 5404 1822 5458 in
1866 5419 1967 5459 suo

393 5489 538 5556 loco,
571 5500 626 5545 et
660 5501 926 5562 praeterea
961 5494 1202 5549 habeant
1229 5493 1472 5550 medium
1515 5510 1676 5550 suum
1709 5496 1969 5552 interval-

393 5579 504 5634 lum
536 5581 605 5635 ab
637 5582 836 5653 abysso
868 5584 1159 5654 repletum.
1193 5596 1481 5656 postquam
1511 5601 1572 5642 ea
1618 5602 1836 5657 quoque
1865 5587 1967 5640 fuit

464 5756 508 5787 ³³
540 5755 750 5814 Coloss.
780 5774 814 5824 ι,
853 5758 936 5812 i6.

2079 4575 2175 4630 tim
2219 4584 2404 4630 autem
2453 4574 2629 4629 offusa
2682 4572 2927 4627 tenebris
2967 4571 3150 4642 abyssi
3183 4587 3198 4624 :
3231 4569 3431 4624 deinde
3463 4569 3660 4638 spiritu

2076 4667 2226 4723 venti
2263 4667 2355 4736 qui
2375 4665 2738 4720 vehementer
2765 4662 2940 4717 fertur
2968 4677 3136 4731 super
3158 4676 3378 4730 aquam,
3403 4661 3473 4715 ab
3497 4658 3663 4713 undis

2070 4762 2272 4832 iactata
2301 4768 2360 4813 et
2410 4757 2632 4828 agitata.
2679 4755 2834 4810 Ferri
2866 4755 3036 4817 enim,
3061 4754 3335 4824 signiﬁcat
3365 4754 3662 4808 vehemen-

2075 4855 2207 4909 tiam
2243 4863 2428 4908 motus
2473 4861 2532 4907 ct
2563 4852 2802 4921 impetus
2831 4849 2996 4904 aeris.
3051 4848 3231 4918 Atque
3272 4847 3389 4902 haee
3434 4846 3660 4916 quidem

2073 4955 2158 5002 est
2190 4954 2558 5016 congruenter
2604 4944 2799 4998 litterae
2842 4941 3090 4996 Mosaicae
3117 4941 3188 4994 de
3229 4949 3372 4994 terra
3420 4938 3664 4994 crassior

2072 5037 2515 5107 accorporalior,
2548 5035 2695 5105 quod
2740 5035 2808 5088 ad
2864 5034 3035 5103 ipsam
3097 5031 3296 5086 attinet
3329 5031 3657 5092 historiam,

2073 5129 2339 5184 narratio.
2367 5128 2513 5182 Mare
2545 5126 2824 5195 quoddam
2854 5124 3141 5178 horridum
3183 5139 3246 5178 ac
3279 5121 3656 5185 tenebrosum,

2076 5221 2373 5290 multisque
2402 5219 2566 5273 undis
2583 5219 2875 5287 iactatum,
2898 5225 2954 5272 et
2976 5226 3146 5270 totam
3167 5213 3458 5284 quamdam
3482 5221 3656 5265 atram

2075 5320 2292 5366 noctem
2353 5318 2546 5380 aperte
2590 5309 2914 5363 describens
2968 5317 3144 5362 totum
3208 5306 3402 5359 orbem
3451 5312 3654 5356 terrre:

2074 5403 2223 5474 quod
2262 5403 2483 5472 quidem
2536 5410 2723 5470 aperte
2766 5409 2822 5453 et
2872 5399 3009 5452 citra
3041 5399 3208 5452 ullam
3254 5393 3656 5450 dubitationem

2073 5504 2194 5550 erat
2211 5493 2581 5565 prteﬁgnratio
2614 5502 2672 5545 ct
2694 5491 2873 5560 imago
2914 5489 3123 5558 prioris
3141 5496 3337 5551 status,
3368 5487 3453 5540 vel
3476 5485 3658 5554 potius

2075 5585 2547 5656 transgressionis,
2585 5581 2814 5645 erroris,
2863 5589 2918 5634 et
2953 5577 3397 5650 tempestatis,et
3441 5576 3661 5648 ignora-

2363 5813 2374 5822 .
2445 5805 2473 5823 ’ρ
2521 5809 2558 5826 ο..
2606 5777 2644 5802 ’ω
2728 5777 2764 5826 ,Σ
2839 5794 2855 5822 η’
