4026 6140
414 357 520 421 ὃὶὂ

1523 357 1605 418 IN
1645 354 2198 417 HEXAEMERON.
2231 381 2302 391 -
2345 357 2494 417 LIB.
2535 357 2586 417 Ι.

3589 369 3695 431 suo

411 470 689 527 dicentem
720 486 732 522 :
765 467 957 524 Omnes
1005 469 1096 542 qui
1134 474 1257 525 ante
1281 474 1363 525 me
1400 464 1676 536 venerunt,
1713 479 1833 527 sunt
1860 469 2003 541 fures
2033 474 2077 533 Α
2106 468 2287 525 lucem
2322 486 2351 525 a
2384 471 2498 526 Deo
2523 470 2782 542 genitam.
2817 471 2972 539 Quod
3000 471 3044 527 si
3069 480 3127 529 ut
3158 484 3242 531 cst
3263 491 3697 540 consentaneum

413 571 463 619 et
482 561 720 615 latrones
742 559 810 614 “.
834 559 977 627 Quid
1017 560 1181 628 dicis,
1213 560 1490 615 Domine?
1514 559 1701 615 Omnes
1741 564 1833 632 qui
1877 567 2002 615 ante
2103 573 2168 613 ea
2196 574 2318 628 quas
2356 560 2616 615 dicuntur
2658 561 2898 625 mireris,
2940 562 3031 618 dic
3062 574 3116 619 tu
3163 581 3414 635 quaenam
3449 572 3543 627 lux
3570 591 3701 632 cum
3766 596 3778 617 ι

416 669 466 711 te
486 660 742 709 venerunt
765 662 889 707 sunt
936 652 1081 725 {ures
1110 663 1160 707 et
1193 652 1467 707 latrones?
1501 652 1640 707 Num
1689 652 1842 708 fures
1870 662 2005 707 sunt

416 755 470 802 et
492 746 762 812 latrones,
794 746 933 801 Abel
968 762 1136 818 quem
1169 746 1365 802 dixisti
1394 747 1627 818 justum,
1674 756 1731 801 et
1761 743 1917 812 Seth,
1949 757 2007 802 et

418 838 631 906 Enoch,
681 846 739 894 et
762 839 926 894 Noe?
974 838 1243 909 Nunquid
1286 839 1430 893 latro
1473 845 1559 893 est
1602 838 1902 904 Abraham,
1950 848 2009 894 et

419 930 585 996 lsaac,
610 941 666 986 et
699 932 891 998 Jacob,
923 942 981 988 et
1013 932 1217 996 Moses,
1242 940 1296 987 et
1321 931 1550 987 Aaron?
1578 931 1839 1003 Nunquid
1864 932 2009 986 latro

418 1031 501 1080 est
534 1025 731 1090 David,
763 1023 858 1095 qui
889 1032 1012 1080 erat
1039 1022 1349 1079 secundum
1379 1038 1477 1079 eor
1512 1031 1690 1089 tuum,
1725 1024 1821 1094 qui
1862 1024 2009 1079 Deus

378 1180 383 1181 ί
417 1117 514 1172 es?
543 1117 805 1188 Nunquid
843 1116 933 1172 fur
954 1125 1038 1171 est
1063 1115 1355 1186 Elias,qui
1381 1130 1506 1171 cum
1543 1122 1694 1169 tanta
1728 1116 1901 1187 gloria
1924 1121 2010 1170 est

419 1211 774 1279 assumptus?
796 1209 1059 1279 Nunquid
1083 1216 1211 1263 sunt
1230 1207 1475 1263 latrones
1497 1207 1690 1272 Isaias,
1713 1216 1769 1263 et
1795 1206 2009 1272 Daniel,

419 1309 474 1356 et
503 1315 697 1356 omnes
724 1300 1011 1373 propheta:
1040 1300 1137 1371 qui
1186 1300 1244 1354 in
1285 1299 1503 1355 visione
1550 1308 1700 1354 tuam
1740 1300 2010 1371 praevide-

421 1402 550 1447 runt
583 1393 1033 1463 prmsentiam,et
1061 1407 1183 1448 eam
1211 1402 1339 1449 ante
1376 1392 1824 1447 annuntiarunt?
1873 1392 2011 1447 Nam

419 1486 458 1541 ii
477 1500 672 1541 omnes
698 1493 826 1540 ante
858 1493 913 1542 te
944 1484 1000 1538 in
1027 1499 1195 1539 carne
1223 1492 1525 1551 venerunt,
1552 1498 1696 1554 quos
1719 1499 1863 1554 saepe
1890 1498 2012 1539 esse

412 1579 594 1650 justas
629 1578 687 1633 in
711 1578 823 1633 tuis
847 1577 1209 1632 sermonibus
1229 1588 1291 1632 es
1326 1582 1584 1633 testatus.
1632 1576 1894 1647 Nunquid
1925 1576 2015 1631 fur

419 1683 478 1729 et
499 1673 639 1728 latro
676 1680 762 1727 est
778 1671 1030 1734 Joannes
1052 1685 1389 1743 praecursor,
1446 1672 1543 1742 qui
1575 1688 1704 1727 cum
1746 1671 2012 1738 venisset,

421 1763 683 1820 dicebat:
716 1763 867 1820 Venit
899 1765 989 1836 qui
1035 1771 1113 1817 est
1148 1770 1272 1817 ante
1298 1780 1381 1818 me
1406 1763 1493 1817 “‘i
1541 1764 1612 1819 Et
1660 1764 1706 1819 si
1755 1772 1841 1820 est
1877 1763 1967 1819 fur
1995 1803 2012 1829 ,

2105 659 2253 706 esset
2272 651 2417 705 Deus
2447 652 2631 707 statim
2658 652 2956 709 obscurum
2982 665 3037 709 ct
3074 658 3430 733 tenebrosum
3456 665 3700 733 primum

2106 757 2268 796 suum
2295 740 2426 797 fecit
2451 757 2611 812 opus,
2641 742 2934 810 mundum,
2956 744 3220 817 inquam?
3245 749 3532 817 Quomodo
3550 757 3698 812 enim

2107 832 2409 888 artificiose
2466 850 2701 904 operans
2762 845 3024 906 operatur
3091 839 3146 894 in
3198 840 3366 898 luce?
3413 845 3524 901 Cur
3573 859 3701 905 ante

2106 925 2288 981 lucem
2350 927 2534 997 posuit
2588 928 2885 984 tenebras?
2946 931 3194 1002 Deinde,
3236 950 3359 990 cum
3400 939 3553 1007 prius
3605 957 3700 1011 po-

2107 1019 2331 1087 suisset,
2364 1021 2639 1091 quomodo
2663 1037 2770 1077 non
2795 1022 2929 1078 dicit
2949 1026 3411 1095 quemadmodum
3435 1032 3538 1088 illac
3564 1049 3695 1090 con-

2111 1113 2359 1167 stiterint
2390 1114 2667 1169 tenebrae?
2691 1123 2777 1171 est
2802 1116 2951 1170 enim
2989 1122 3342 1190 perspicuum
3379 1126 3525 1194 quod
3550 1137 3698 1183 tene-

2109 1206 2223 1261 brae
2257 1216 2385 1263 sunt
2411 1208 2627 1281 signum
2655 1225 2752 1265 seu
2785 1212 3092 1283 symbolum
3123 1218 3354 1286 peccati,
3397 1219 3700 1277 increatum

2112 1309 2297 1353 autem
2344 1310 2428 1355 est
2482 1309 2769 1371 peccatum
2799 1311 2855 1357 et
2904 1305 3130 1377 minime
3177 1310 3508 1366 consistens.
3551 1312 3702 1379 Quo-

2112 1390 2277 1444 modo
2344 1391 2491 1445 enim
2539 1408 2695 1462 aquae
2764 1394 3060 1467 caliginem
3107 1397 3317 1456 habent
3363 1418 3429 1457 ex
3475 1405 3702 1474 propria

2111 1484 2399 1540 essentia:
2433 1486 2507 1541 ita
2548 1487 2714 1541 etiam
2760 1487 2927 1543 homo
2978 1492 3204 1562 proprio
3255 1502 3312 1549 et
3361 1511 3472 1550 non
3504 1506 3703 1553 coacto

2112 1577 2402 1645 pr0posito
2451 1591 2551 1631 seu
2606 1587 2803 1648 sponte
2835 1578 2968 1634 facit
3004 1589 3061 1635 et
3106 1593 3364 1653 procreat
3388 1597 3699 1655 peccatum.

2114 1666 2197 1722 Tu
2225 1677 2408 1723 autem
2436 1677 2731 1740 antequam
2761 1672 2953 1727 venias
2987 1673 3055 1728 ad
3093 1676 3491 1746 exquirendum
3529 1680 3702 1736 ττιιίος

2115 1775 2244 1814 nem
2292 1759 2403 1816 diei
2438 1776 2503 1816 ac
2539 1763 2739 1830 noctis,
2772 1763 2930 1833 prius
2951 1765 3243 1822 considera
3275 1770 3424 1838 quod
3460 1773 3706 1830 tcuebrze

421 1842 701 1925 quomodo
737 1853 805 1909 de
832 1829 1174 1919 eo'testaris,
1198 1850 1401 1911 dicens
1434 1872 1447 1908 :
1476 1853 1596 1909 Non
1621 1856 1852 1909 surrexit
1878 1854 2017 1908 inter
2046 1829 2087 1884 Β
2117 1858 2281 1908 erant
2312 1852 2573 1908 increatae
2604 1870 2618 1907 :
2649 1829 2853 1910 deinde
2905 1855 3018 1922 lux,
3058 1865 3117 1912 et
3150 1829 3343 1928 postea
3385 1861 3546 1919 facta:
3572 1829 3708 1920 sunt

420 1952 577 2001 natos
602 1944 889 2001 mulierum
917 1946 1098 2018 major
1124 1943 1329 1999 Joanne
1361 1943 1605 2017 Baptista
1626 1946 1710 1999 ‘7?
1744 1944 2013 2013 Subsiste,

420 2038 624 2110 inquit,
650 2039 744 2110 qui
782 2039 901 2095 haec
930 2037 1070 2095 dicis
1106 2058 1118 2093 :
1151 2053 1263 2095 non
1300 2038 1502 2110 loquor
1545 2037 1615 2094 de
1652 2037 1720 2095 iis
1759 2038 1856 2110 qui
1888 2046 2017 2094 ante

421 2148 511 2188 me
537 2132 651 2187 nati
674 2120 815 2187 sunt
853 2132 909 2187 in
947 2146 1136 2187 carne.
1187 2130 1297 2187 Sed
1338 2130 1601 2202 quoniam
1634 2131 1766 2187 veni
1807 2146 1838 2187 e
1875 2131 2016 2187 caelo

422 2226 624 2280 missus
660 2240 692 2280 a
732 2225 896 2280 Patre
939 2240 1087 2289 meo,
1132 2240 1328 2281 omnes
1382 2224 1478 2296 qui
1529 2240 1599 2279 ex
1632 2223 1828 2279 eodem
1875 2223 2017 2279 ccelo

422 2331 550 2372 cum
580 2315 777 2371 eodem
802 2330 973 2386 scopo
998 2321 1277 2371 venerunt
1308 2327 1436 2372 ante
1471 2331 1581 2381 me,
1614 2324 1744 2370 sunt
1775 2314 1929 2372 fures
1958 2323 2017 2371 et

422 2408 669 2464 latrones
700 2426 714 2462 :
744 2423 945 2479 nempe
969 2407 1303 2479 adversariae
1325 2409 1652 2464 Potestates.
1684 2407 1754 2463 Et
1787 2406 2017 2479 subjun-

423 2498 502 2571 git
537 2488 769 2568 dicens;
790 2498 909 2554 Non
952 2499 1327 2555 audierunteos
1340 2498 1544 2555 om“.
1574 2497 1849 2567 Quasnam
1884 2514 2019 2555 oves

425 2591 587 2658 dicis,
618 2592 872 2657 Domine,
932 2608 1045 2647 non
1090 2591 1336 2649 audiisse
1372 2607 1569 2659 vocem
1612 2600 1670 2647 et
1707 2591 2018 2649 doctrinam

426 2687 701 2742 malorum
745 2684 1086 2757 spirituum?
1149 2685 1288 2745 Nam
1347 2684 1394 2740 si
1450 2683 1520 2739 de
1571 2684 1779 2740 Judaeis
1834 2684 2014 2739 dicis:

425 2779 763 2836 obedierunt
808 2786 866 2834 et
905 2776 1288 2835 sacriﬁcarunt
1331 2776 1655 2843 daemoniis;
1697 2776 1783 2833 sin
1831 2786 2017 2835 autem

426 2870 495 2927 de
519 2869 801 2941 gentibus,
825 2884 928 2926 nos
954 2884 1150 2925 omnes
1188 2869 1429 2941 subjecti
1470 2868 1682 2924 fuimus
1705 2877 1762 2925 et
1788 2869 2019 2925 servivi-

426 2975 551 3017 mus
586 2960 812 3016 diabolo
846 2970 974 3016 ante
1005 2968 1159 3018 tuum
1204 2961 1531 3025 adventum,
1574 2960 1815 3033 principi
1844 2962 2017 3020 latro-

426 3069 581 3121 num,
612 3060 669 3109 et
693 3051 906 3129 angelis
952 3053 1073 3125 ejus
1103 3052 1266 3109 malis
1294 3052 1517 3110 furibus
1543 3062 1863 3109 nostrarum
1894 3055 2018 3110 ani-

428 3161 663 3202 marum.
707 3146 816 3205 Sed
848 3161 960 3200 non
988 3144 1135 3210 dico,
1179 3146 1381 3216 inquit,
1425 3145 1494 3202 de
1529 3144 1852 3205 hominibus
1877 3163 1891 3200 :
1918 3145 2019 3202 sed

428 3236 497 3294 de
530 3238 641 3295 illis
673 3239 975 3311 nonaginta
1003 3253 1203 3295 novem
1241 3238 1443 3296 ovibus
1468 3257 1482 3294 :
1510 3239 1580 3295 de
1612 3239 1898 3312 angelicis,
1929 3239 2019 3297 in-

427 3346 618 3403 quam,
645 3322 1026 3387 Potestatibus
1062 3330 1362 3401 supernis;
1412 3330 1521 3389 illae
1554 3330 1704 3388 enim
1737 3345 1871 3388 oves
1904 3348 2022 3389 non

429 3422 728 3478 audierunt
752 3434 944 3477 vocem
970 3420 1159 3477 furum
1191 3430 1247 3478 et
1286 3422 1589 3479 latronum.
1627 3421 1771 3491 Quid
1805 3433 1892 3479 est
1918 3439 2022 3480 au-

430 3522 540 3571 tem
575 3531 589 3567 :
621 3512 741 3568 Non
786 3513 1092 3582 audierunt,
1152 3514 1260 3570 nisi
1309 3514 1457 3587 quod
1499 3530 1599 3587 per
1626 3515 1734 3572 hoc
1765 3516 2020 3582 verbum,

431 3604 566 3660 dicit
592 3621 703 3661 non
736 3604 923 3677 lapsos
952 3621 1076 3663 esse
1096 3606 1341 3679 angelos,
1364 3623 1469 3664 nec
1489 3608 1585 3665 ulli
1608 3608 1820 3680 probro
1846 3608 2023 3667 fuisse

431 3697 721 3754 obnoxios.
752 3696 863 3753 Aut
902 3713 1097 3755 rursus
1121 3708 1224 3755 nes
1264 3699 1476 3756 docens
1500 3741 1516 3767 ,
1552 3699 1717 3756 tacite
1751 3700 2024 3772 signiﬁcat

430 3789 581 3862 quod
621 3790 679 3846 in
716 3799 964 3863 tempore
986 3805 1179 3848 eorum
1211 3792 1569 3861 defectionis,
1596 3808 1724 3849 cum
1745 3793 1827 3850 eis
1849 3808 1880 3849 a
1910 3794 2023 3851 Deo

431 3892 582 3940 esset
632 3883 1024 3952 excidendum,
1071 3884 1373 3941 consilium
1401 3885 1680 3943 dederunt
1709 3895 1767 3942 et
1798 3902 2024 3960 sugges-

430 3984 625 4031 scrunt
651 3974 912 4031 omnibus
936 3975 1208 4048 angelicis
1233 3975 1544 4033 virtutibus
1575 3985 1636 4033 ut
1670 3993 1702 4034 a
1731 3980 1845 4034 Deo
1882 3977 2023 4033 deii-

428 4077 627 4125 cerent
657 4087 671 4124 :
702 4069 800 4125 sed
831 4085 950 4124 oves
1008 4084 1109 4126 eos
1140 4084 1255 4124 non
1281 4068 1601 4137 audierunt,
1645 4069 1755 4126 nisi
1790 4071 1967 4127 solum
1991 4087 2055 4128 θί

432 4170 585 4217 terra
625 4161 812 4234 genita
859 4162 982 4218 ovis
1026 4161 1273 4219 hominis
1306 4177 1430 4233 qua:
1475 4161 1646 4235 periit
1678 4169 1736 4218 et
1772 4162 1843 4219 ab
1890 4163 2025 4234 ipsis

431 4251 539 4309 fuit
561 4253 821 4327 decepta,
856 4246 1025 4326 quam
1056 4254 1408 4319 occiderunt,
1448 4263 1840 4326 etposuerunt
1871 4270 2024 4311 mor-

434 4353 608 4412 tuam,
639 4345 699 4401 in
723 4346 847 4403 loco
877 4332 1196 4412 tenebroso,
1246 4346 1304 4402 in
1333 4345 1530 4403 inferis
1555 4357 1613 4403 et
1641 4347 1839 4403 umbra
1870 4362 2023 4403 mor-

431 4435 524 4492 tis.
566 4437 636 4492 Et
670 4435 775 4492 hac
813 4437 883 4494 de
918 4453 1085 4494 causa
1126 4437 1265 4494 dicit
1316 4438 1550 4495 historia
1579 4457 1593 4493 :
1620 4439 1784 4494 Terra
1846 4448 2025 4509 autem

2121 1943 2363 2000 tenebrae
2396 1964 2409 1998 :
2440 1943 2608 2016 idque
2644 1945 2793 2001 diem
2847 1948 3099 2005 nominat
3139 1949 3373 2023 Moyses,
3414 1955 3511 2010 sed
3555 1956 3707 2012 diem

2116 2052 2228 2091 non
2259 2037 2341 2093 sic
2387 2037 2694 2093 metiuntur
2724 2054 2936 2096 omnes.
2970 2040 3108 2096 Nam
3141 2042 3420 2116 Babylone
3454 2047 3704 2117 quidem,

2116 2127 2186 2182 ab
2215 2136 2343 2183 ortu
2376 2127 2512 2185 solis
2549 2128 2618 2184 ad
2656 2144 2941 2193 occasum,
2979 2131 3129 2189 diem
3155 2135 3460 2206 accipiunt,
3491 2140 3707 2197 nullam

2116 2220 2298 2277 noctis
2318 2219 2586 2278 facientes
2615 2224 3058 2289 mentionem,ut
3095 2240 3221 2297 quae
3260 2228 3488 2287 minime
3516 2234 3707 2288 consi-

2116 2319 2244 2373 stat,
2270 2310 2367 2367 sed
2388 2311 2481 2367 ﬁat
2502 2328 2600 2383 per
2625 2313 2907 2370 accidens.
2930 2313 3171 2388 Egyptii
3196 2326 3404 2387 autem,
3426 2337 3457 2375 a
3474 2337 3706 2393 vespera

2115 2403 2507 2459 advenientem
2552 2412 2848 2460 numerant
2911 2404 3081 2472 diem,
3148 2422 3327 2479 usque
3388 2425 3583 2467 rursus
3636 2413 3709 2468 ad

2117 2510 2427 2567 vesperam,
2468 2504 2763 2567 propterea
2788 2497 2939 2568 quod
2964 2506 3093 2555 ante
3116 2499 3284 2572 hujus
3325 2502 3712 2560 universitatis

2117 2587 2535 2643 exornationem
2566 2596 2625 2643 et
2663 2587 3141 2654 distributionem,
3193 2592 3456 2648 tenebras
3500 2602 3711 2664 ponant

2118 2678 2311 2735 mundi
2339 2680 2738 2752 descriptores.
2790 2680 3117 2753 Cujusmodi
3151 2693 3337 2740 autem
3390 2695 3522 2740 sunt
3549 2694 3711 2742 teuc-

2118 2766 2253 2836 bne,
2317 2771 2621 2831 sensilesne
2658 2786 2847 2826 annon
2888 2771 3207 2845 huiusmodi
3252 2793 3264 2828 :
3298 2774 3436 2831 illud
3483 2790 3712 2846 quoque

2118 2871 2205 2918 cst
2234 2872 2429 2919 nostro
2458 2872 2625 2935 captu
2664 2864 2925 2935 superius
2974 2876 3036 2921 ut
3067 2865 3464 2940 intelligamus,
3488 2877 3545 2923 et
3574 2884 3711 2939 pro-

2118 2970 2311 3033 pterea
2339 2972 2559 3017 noctem
2603 2963 2855 3018 nominat
2887 2964 3001 3019 diei
3043 2974 3301 3020 matrem.
3353 2965 3512 3022 Unde
3540 2967 3713 3025 etiam

2119 3054 2215 3125 qui
2262 3053 2478 3110 fabulas
2530 3055 2894 3126 scripserunt,
2951 3056 3196 3127 primum
3267 3056 3478 3113 Latona
3523 3066 3719 3135 natam.

2119 3147 2293 3202 fuisse
2325 3146 2521 3223 dicunt
2563 3148 2814 3216 Dianam,
2845 3149 3048 3207 deinde
3097 3150 3575 3221 Apollinem;.hoc
3599 3161 3709 3219 est,

2120 3254 2153 3297 e
2185 3248 2367 3295 nocte.
2410 3239 2530 3311 Ipsa
2558 3247 2744 3296 autem
2765 3249 2853 3296 est
2879 3240 3091 3309 Latona
3125 3258 3139 3295 :
3174 3241 3232 3296 in
3255 3242 3375 3313 ipsa
3398 3243 3547 3298 enim
3581 3250 3711 3300 nata

2119 3337 2205 3386 cst
2224 3329 2455 3395 oblivio,
2476 3338 2533 3385 et
2555 3345 2801 3386 somnus.
2819 3331 3058 3387 Primam
3087 3348 3221 3404 ergo
3253 3340 3512 3404 tanquam
3535 3334 3713 3403 ἄρτω-

2124 3439 2241 3496 μιν,
2262 3437 2364 3478 seu
2412 3422 2746 3495 ἀκρότωμιν,
2786 3439 2988 3496 nempe
3017 3429 3149 3480 aera
3176 3433 3483 3493 secantem,
3524 3434 3710 3480 natam

2120 3530 2243 3573 esse
2272 3516 2496 3583 lunam;
2528 3524 2655 3587 post
2675 3532 2839 3588 quam
2877 3526 3045 3574 natus
3065 3527 3153 3574 est
3178 3519 3348 3573 etiam
3374 3518 3575 3588 Apollo
3602 3537 3617 3572 :
3653 3518 3711 3574 id

2120 3615 2228 3673 est,
2249 3608 2280 3660 ὁ
2300 3608 2413 3662 ἀπὸ
2444 3607 2585 3662 ὅλων
2620 3606 2794 3678 ἥλιος,
2828 3608 2912 3662 sol
2939 3623 3008 3663 ex
3050 3607 3346 3672 universis,
3384 3624 3454 3664 ne
3482 3607 3711 3663 univer-

2121 3697 2343 3753 sitatem
2388 3701 2654 3752 exureret
2688 3704 2746 3752 et
2795 3697 2852 3751 in
2900 3695 3117 3753 fumum
3168 3695 3468 3767 redigeret.
3517 3696 3717 3753 Umbri

2121 3797 2332 3855 autem,
2367 3803 2503 3861 gens
2536 3788 2747 3857 Italica,
2777 3805 2811 3845 a
2831 3788 3066 3845 meridie
3092 3788 3150 3845 in
3199 3788 3489 3844 meridiem
3512 3789 3715 3845 dicunt

2121 3897 2247 3940 esse
2274 3882 2422 3939 diem
2450 3900 2465 3937 :
2499 3897 2683 3953 neque
2712 3881 2863 3938 enim
2891 3881 3154 3938 omnibus
3174 3881 3499 3954 regionibus
3520 3897 3713 3954 parem

2121 3989 2349 4031 cursum
2375 3981 2562 4031 servat
2604 3973 2745 4031 dies.
2783 3971 2949 4031 Gerte
2982 3975 3131 4031 circa
3165 3974 3337 4030 maria
3380 3973 3628 4031 borealia
3657 3984 3719 4029 et

2122 4066 2382 4133 Thalem,
2414 4078 2523 4121 nox
2565 4072 2653 4121 est
2701 4064 3052 4122 brevissima.
3089 4065 3230 4121 Cum
3277 4065 3425 4121 enim
3475 4066 3557 4121 sol
3599 4066 3719 4137 jam

2122 4156 2292 4215 fuerit
2332 4156 2392 4212 in
2443 4170 2669 4221 occasu,
2732 4155 3006 4211 minuitur
3036 4170 3233 4227 parum
3282 4155 3622 4226 splendoris,
3656 4166 3718 4212 et

2121 4247 2308 4308 statim
2336 4262 2531 4302 rursus
2556 4256 2788 4318 apparet
2809 4245 2865 4301 in
2883 4245 3121 4301 oriente.
3144 4245 3513 4302 Athenienses
3526 4255 3719 4302 autem

2121 4347 2180 4393 et
2210 4336 2445 4393 Romani
2476 4337 2546 4393 ab
2581 4347 2708 4392 ortu
2757 4352 2935 4407 usque
2977 4337 3047 4392 ad
3080 4351 3341 4393 occasum
3381 4338 3530 4393 diem
3574 4338 3721 4394 deiiv

2121 4426 2306 4490 niunt,
2345 4436 2406 4483 ut
2429 4426 2568 4483 dicit
2590 4426 2729 4483 Cato
2748 4435 2807 4482 et
2832 4426 3038 4484 Labeo.
3072 4427 3183 4495 Sed
3215 4444 3401 4500 neque
3441 4431 3721 4501 hoc-prato

429 4539 547 4584 ενηε
598 4530 880 4585 invisibili;
945 4538 994 4585 ει
1038 4531 1413 4602 ξηεωηρωίια,
1472 4540 1520 4586 ατ
1577 4532 1804 4588 “nam
1863 4547 2022 4603 ,κρυ
2054 4541 2100 4597 υ
2126 4527 2408 4575 tercurras
2471 4520 2527 4575 in
2579 4519 2856 4591 principio
2917 4521 3109 4577 mundi
3151 4523 3474 4589 creationis,
3515 4540 3724 4595 nempe

430 4621 679 4694 abyssum
697 4639 717 4677 :
736 4623 892 4679 malae
908 4632 1035 4679 ante
1057 4623 1479 4693 generationem
1501 4622 1661 4679 bona:
1687 4623 1833 4701 locis
1854 4637 2022 4694 super

428 4731 573 4791 eam,
619 4729 822 4785 nempe
865 4713 1181 4785 ignorantia
1231 4723 1290 4769 et
1331 4730 1514 4771 error.
1567 4716 1780 4772 Deinde
1819 4716 2025 4772 eodem

433 4808 620 4873 modo,
665 4807 857 4863 lsracli
893 4807 1055 4877 prius
1090 4816 1378 4877 ponuntur
1424 4808 1534 4864 illa:
1575 4808 1745 4864 trium
1800 4808 2021 4863 dierum

433 4899 694 4964 tenebras,
716 4898 993 4956 ctdcinde
1010 4914 1206 4955 rursus
1228 4899 1367 4955 dies.
1384 4899 1454 4955 Et
1474 4916 1669 4957 rursus
1685 4909 2023 4957 nocturnum

428 4988 653 5055 Pascbte
687 4989 1049 5054 sacriﬁcium,
1085 4999 1148 5045 et
1171 4988 1293 5045 dies
1326 4990 1425 5060 qui
1450 4992 1711 5047 lsraelem
1740 4992 1867 5062 plus
1886 4992 2017 5047 illu-

428 5083 665 5138 minavit
693 5098 862 5153 quam
884 5082 982 5154 qui
1026 5090 1158 5138 tunc
1203 5092 1584 5153 praecesserat.
1625 5084 1694 5138 Et
1728 5100 1924 5140 rursus
1958 5085 2019 5140 in

427 5174 620 5230 Rubro
650 5175 794 5229 mari
822 5173 1033 5242 primas
1067 5172 1211 5229 dicit
1240 5172 1504 5229 tenebras
1551 5180 1764 5243 quartae
1820 5173 2022 5243 vigiliae

427 5265 632 5330 noctis,
669 5263 873 5319 deinde
917 5262 1272 5334 splendorem
1326 5263 1663 5319 matutinum
1695 5271 1753 5319 et
1786 5262 2022 5318 salutem

428 5359 706 5430 populiex
742 5356 1042 5429 profundo.
1102 5356 1317 5413 Eodem
1345 5354 1511 5411 modo
1537 5355 1705 5410 etiam
1740 5355 1799 5409 in
1831 5363 2023 5411 monte

428 5448 555 5507 Sina
608 5449 767 5519 ponit
808 5447 1099 5512 tenebras,
1135 5432 1426 5518 caliginem
1483 5453 1539 5501 et
1577 5444 1909 5515 procellam;
1961 5451 2023 5500 et

427 5553 641 5611 postea,
662 5541 762 5596 Dei
794 5547 1068 5610 pracepta
1102 5540 1284 5595 lucem
1308 5537 1596 5601 aii‘erentia
1626 5557 1639 5591 :
1668 5539 1750 5593 sic
1764 5538 1857 5593 hic
1875 5553 2017 5608 quo-

428 5648 536 5704 que
566 5633 723 5703 prius
743 5633 927 5703 posuit
954 5620 1208 5687 tenebras
1238 5646 1405 5701 supra
1436 5631 1716 5702 abyssum,
1738 5641 1794 5685 et
1818 5630 2017 5685 deinde

2125 4612 2591 4683 quemadmodum
2635 4628 2772 4668 cum
2817 4613 2967 4669 Deus
3018 4612 3243 4670 fecisset
3308 4615 3722 4672 ﬁrmamentum

2126 4702 2275 4769 cteli,
2315 4704 2401 4759 vel
2439 4705 2629 4774 potius
2663 4704 2862 4761 cmlum
2909 4713 2968 4760 et
3006 4714 3241 4774 terram,
3288 4709 3727 4777 praetermittens

2125 4809 2326 4850 ornare
2358 4794 2563 4853 omium
2587 4796 2733 4866 quod
2764 4804 2884 4851 erat
2933 4797 3115 4867 ipsum
3148 4814 3372 4869 quoque
3397 4800 3720 4855 inornatum

2124 4894 2182 4941 et
2221 4886 2671 4956 incompositum,
2703 4889 2890 4945 statim
2931 4898 3061 4945 ante
3085 4890 3219 4944 illud
3253 4906 3355 4960 per
3387 4892 3720 4962 scriptorem

2125 4977 2443 5049 aggreditur
2472 4978 2663 5036 dicere
2711 4980 2782 5036 de
2837 4990 3010 5046 terra,
3042 4981 3277 5037 dicens:
3315 4983 3477 5037 Terra
3535 4992 3721 5039 autem

2122 5084 2242 5139 erat
2266 5075 2542 5131 invisibilis
2574 5084 2624 5129 et
2660 5077 3030 5148 incomposita.
3089 5076 3270 5142 Unde,
3304 5092 3433 5132 cum
3491 5078 3559 5132 ad
3608 5079 3717 5134 hoc

2121 5169 2347 5239 quidem
2385 5169 2618 5225 dixisset
2646 5170 2947 5240 interpres,
2979 5170 3129 5241 quod
3173 5172 3434 5226 Israelem
3482 5171 3502 5234 (
3524 5171 3618 5240 qui
3658 5171 3717 5226 in

2121 5259 2359 5333 )Egypto
2418 5268 2711 5318 terrestres
2772 5275 3058 5319 creaturas
3120 5264 3410 5319 adorasset
3450 5272 3717 5331 tanquam

2124 5354 2292 5421 deos)
2314 5355 2508 5410 volens
2532 5355 2678 5410 Deus
2704 5354 2979 5409 abducere
3010 5371 3045 5409 a
3072 5356 3164 5408 tali
3199 5353 3531 5417 idololmria,
3550 5352 3717 5407 docet

2123 5462 2255 5502 eum
2306 5447 2432 5503 illas
2488 5461 2609 5502 esse
2659 5446 2715 5500 in
2764 5454 2917 5501 terra
2947 5454 3260 5501 creaturas.
3311 5445 3469 5500 Alius
3517 5451 3719 5499 contra

2124 5539 2349 5611 objecit,
2375 5539 2566 5595 dicens
2606 5556 2620 5592 :
2655 5536 2763 5593 Sed
2788 5537 3152 5592 nihilominus
3177 5548 3236 5594 et
3259 5537 3564 5593 exercitum
3584 5537 3721 5600 (mli

2124 5640 2181 5686 et
2209 5631 2384 5686 solem
2409 5640 2466 5687 et
2496 5639 2649 5685 astra
2685 5628 2938 5685 adoravit
2996 5630 3160 5687 Israel
3184 5673 3200 5698 ,
3239 5640 3298 5686 ut
3337 5628 3531 5684 dicunt
3580 5642 3716 5699 pro-

503 5810 549 5844 “
586 5810 745 5868 Joan.
783 5827 833 5876 Σ,
863 5813 913 5867 8.
991 5811 1235 5867 “,Joau.
1270 5825 1306 5877 ι,
1339 5809 1428 5864 27.
1508 5810 1551 5841 ‘7
1588 5810 1779 5867 Matth.
1826 5826 1901 5876 vl,
1934 5810 2018 5865 ll.
2096 5811 2138 5841 “'
2177 5810 2333 5865 Joau.
2368 5827 2419 5876 κ,
2461 5810 2513 5863 8.
