4026 6140
336 267 442 331 867

1557 264 1618 323 S.
1660 261 2059 323 ANASTASII
2097 259 2420 320 SINAITE

3495 259 3594 324 868

334 377 514 448 pheta
538 375 604 427 δ’.
657 375 721 430 Et
747 373 1015 443 deinceps
1042 369 1512 427 ostenditcmlum
1538 368 1735 427 fecisse
1759 384 1922 425 exor-
1954 373 1994 429 Α
2026 367 2133 428 leo.
2194 375 2251 424 et
2301 365 2425 432 bos,
2471 364 2845 437 cognitionem
2894 356 2953 421 in
3001 364 3166 422 nobis
3194 364 3592 438 .clllugeutcmz

334 475 549 531 natum,
578 482 648 521 ne
698 464 878 536 ipsum
934 464 1102 519 Israel
1143 460 1422 519 adorarct.
1473 462 1728 518 Nondum
1773 462 1919 518 enim

336 555 615 611 ceciderat
675 555 770 624 qui
829 552 1130 623 aliquando
1167 552 1271 607 fuit
1315 552 1547 622 Lucifer,
1614 554 1703 623 qui
1769 569 1925 607 mane

336 647 609 702 oriebatur
634 647 698 700 '°.
750 645 846 700 illa
875 653 1062 699 autem
1100 652 1247 699 terra
1280 644 1502 716 (homo,
1524 643 1772 715 inquam)
1802 660 1926 715 qua)

337 738 513 793 audiit
540 755 553 791 :
586 736 751 793 Terra
785 753 858 801 es,
896 745 944 790 et
973 737 1028 789 in
1056 744 1260 789 terram
1291 736 1586 800 reverteris,
1612 744 1845 791 attracta
1867 736 1926 791 in

337 828 673 901 profundum
733 827 938 883 cecidit
995 835 1298 891 terrarum,
1352 822 1539 898 spinas
1584 838 1641 882 et
1691 827 1927 884 tribulos

337 921 654 993 germinans
706 919 762 974 in
821 920 1083 989 peccatis.
1128 920 1205 974 Ea
1259 920 1327 974 de
1370 936 1569 983 causa,
1623 919 1690 976 de
1735 921 1835 975 hac
1864 937 1926 978 re

338 1015 579 1085 scriptor
604 1013 818 1068 inducit
849 1013 1178 1067 orationem.
1206 1012 1502 1082 Propterea
1552 1021 1679 1068 ante
1725 1014 1925 1069 malum

339 1118 487 1162 terra
521 1123 550 1163 a
591 1106 702 1161 Deo
731 1116 963 1162 ornatur
988 1148 1002 1172 ,
1039 1105 1300 1178 quoniam
1333 1116 1461 1161 ante
1504 1107 1731 1177 angelos
1757 1114 1926 1174 terra,

338 1206 397 1253 et
431 1207 577 1253 terra
599 1196 771 1269 geniti
802 1197 1057 1252 homines
1074 1198 1244 1252 Deum
1273 1212 1373 1269 per
1394 1213 1617 1252 carnem
1648 1197 1924 1254 vidimus:

339 1297 399 1344 et
449 1297 575 1342 ante
615 1302 878 1357 superna,
919 1286 1135 1341 inferna
1179 1301 1486 1349 exornans,
1530 1301 1595 1341 ca
1625 1285 1929 1343 Iretilieavit

339 1388 399 1436 et
425 1379 780 1434 illuminavit.
838 1378 979 1433 Ante
1007 1377 1292 1433 Cherubin
1323 1386 1379 1432 et
1402 1366 1677 1448 Seraphin
1715 1395 1727 1432 :
1765 1377 1928 1450 magi,

343 1482 400 1529 et
435 1472 738 1544 publicani,
771 1472 1115 1536 etlatrones,
1151 1479 1209 1524 ct
1239 1469 1582 1535 meretrices,
1602 1479 1658 1524 et
1681 1478 1933 1540 peccato-

343 1580 453 1630 res,
504 1564 646 1619 facie
706 1563 773 1619 ad
816 1562 1014 1618 faciem
1066 1563 1242 1617 Deum
1310 1562 1591 1625 viderunt,
1641 1577 1820 1632 coque
1872 1578 1931 1619 se

342 1657 696 1712 oblectarunt
742 1665 798 1710 et
842 1654 1002 1710 fruiti
1036 1653 1434 1709 suntzdeinde
1478 1669 1606 1708 eum
1644 1652 1727 1708 sic
1755 1658 1934 1709 trans-

345 1749 622 1802 miserunt
683 1746 988 1801 videndum
1059 1744 1317 1814 supernis
1382 1743 1715 1799 Virtutibus.
1775 1743 1932 1810 Quod
1967 1714 2004 1768 Β

346 1848 532 1896 autem
604 1854 769 1910 quem
833 1853 937 1893 nec
976 1836 1081 1907 ipsi
1143 1836 1286 1891 beati
1329 1836 1593 1891 viderunt
1657 1833 1836 1908 angeli
1877 1837 1934 1891 in

346 1930 589 1988 essentia
621 1939 677 1986 et
716 1940 932 1993 natura,
974 1930 1070 1985 sed
1116 1944 1283 2000 quem
1316 1929 1469 1985 solus
1504 1929 1611 1985 scit
1674 1930 1835 1984 Pater
1877 1934 1935 1985 ct

348 2026 444 2097 qui
479 2025 630 2080 solus
671 2023 776 2078 scit
831 2024 1091 2078 Patrem:
1126 2038 1254 2077 eum
1303 2021 1483 2093 ipsum
1540 2030 1667 2077 ante
1711 2021 1936 2093 angelos

347 2117 613 2172 viderunt
661 2115 956 2170 carnaliter
1012 2114 1286 2181 homines,
1330 2121 1568 2169 testatur
1624 2114 1793 2168 David
1849 2113 1937 2168 di-
1980 2156 1983 2161 ν

349 2221 483 2265 cens
508 2224 524 2262 :
550 2206 753 2263 Curium
789 2205 904 2261 caeli
934 2206 1179 2272 Domino,
1204 2217 1406 2260 terram
1437 2216 1615 2260 autem
1638 2206 1781 2260 dedit
1806 2204 1936 2273 ﬁliis

348 2302 618 2356 hominum
652 2301 693 2332 "
723 2317 737 2354 :
762 2300 868 2355 hoc
896 2308 1088 2368 aperte
1115 2298 1433 2365 ostendens,
1457 2297 1606 2368 quod
1632 2295 1934 2351 secundum

348 2405 604 2451 naturam
649 2393 833 2449 omnia
871 2407 1139 2463 superans
1172 2392 1394 2455 omium,
1436 2400 1491 2447 et
1534 2391 1771 2447 Verbum
1821 2405 1939 2445 cm-

351 2487 487 2543 leste
553 2487 722 2543 Filius
760 2486 938 2540 Patris
975 2485 1217 2540 cceleslis
1249 2498 1303 2538 et
1361 2501 1426 2540 ex
1483 2485 1645 2549 ccelo,
1701 2482 1771 2538 ab
1830 2483 1939 2537 alio

352 2579 570 2651 agnosci
598 2594 708 2632 non
736 2576 1100 2647 potest.quod
1135 2577 1332 2630 attinet
1369 2576 1434 2631 ad
1471 2576 1790 2639 essentiam,
1831 2575 1938 2629 nisi

352 2686 383 2725 a
436 2669 669 2723 Domino
710 2685 723 2720 :
766 2665 1012 2720 omnium
1068 2666 1369 2738 (inquam)
1419 2666 1649 2721 Domino
1700 2664 1831 2729 Deo,
1885 2675 1942 2721 et

352 2757 525 2829 gratia
594 2767 945 2811 terrenorum
1010 2770 1162 2828 patre
1209 2774 1221 2809 :
1268 2756 1484 2810 Terram
1558 2767 1734 2809 autem
1799 2754 1941 2808 dedit

352 2851 480 2920 ﬁliis
530 2852 844 2916 hominum,
877 2849 971 2919 qui
1021 2858 1150 2911 sunt
1196 2848 1433 2912 inferne,
1475 2849 1804 2902 naturaliter
1846 2864 1942 2918 pa-

356 2956 507 2993 tres:
542 2950 745 2993 terram
778 2948 954 2993 autem
1000 2939 1162 3000 dedit,
1197 2955 1292 2993 seu
1344 2948 1618 2994 terrenam
1656 2937 1944 3009 proposuit

360 3031 521 3086 Verbi
588 3030 752 3100 863
818 3030 1284 3100 generationem,

359 3122 637 3192 quodnam
702 3122 776 3176 sit
862 3123 982 3191 ejus
1060 3122 1383 3192 mysterium
1441 3137 1455 3174 :
1514 3119 1609 3175 sed
1690 3136 1794 3174 nec
1885 3119 1939 3174 id

360 3224 575 3270 totum:
609 3214 676 3268 de
728 3228 966 3283 superna
1015 3224 1197 3268 autem
1257 3210 1636 3284 generatione,
1686 3224 1791 3265 nec
1837 3207 1943 3281 ipsi

360 3315 569 3360 norunt
594 3305 796 3374 angeli.

430 3399 787 3468 Perspicuum
815 3405 897 3452 est
928 3403 1109 3450 autem
1143 3394 1291 3466 quod
1325 3394 1494 3449 facies
1516 3393 1733 3449 duabus
1757 3400 1948 3463 tegunt

358 3489 481 3549 alis,
514 3486 683 3555 pedes
713 3484 896 3538 autem
930 3482 1148 3537 duabus
1184 3484 1229 3513 ⁵²
1261 3500 1274 3535 :
1306 3482 1413 3535 hoc
1435 3491 1623 3551 aperte
1651 3480 1949 3534 ostenden-

362 3584 444 3631 tes
477 3591 565 3641 rex
595 3589 662 3628 eo
694 3573 840 3643 quod
868 3572 1049 3643 typice
1091 3582 1148 3626 et
1178 3569 1474 3642 symbolice
1530 3569 1724 3624 faciem
1763 3576 1949 3639 tegant

359 3680 487 3719 enm
516 3663 740 3731 capite),
774 3669 830 3715 et
860 3646 964 3723 sic,
997 3667 1269 3728 tanquam
1292 3658 1346 3712 in
1378 3658 1631 3730 symbolo
1662 3672 1816 3711 suam
1862 3656 1953 3710 in-'

364 3750 725 3819 telligentiam
763 3749 1054 3802 dicentes:
1081 3746 1192 3801 Nos
1224 3746 1441 3800 etiamsi
1506 3753 1724 3800 montes
1754 3745 1947 3809 simus,

363 3858 469 3895 non
497 3852 680 3896 tamen
711 3840 920 3910 aliquid
965 3847 1154 3909 aperte
1189 3839 1394 3893 scimus
1430 3838 1498 3892 de
1532 3837 1748 3892 duabus
1787 3846 1952 3907 gene-

365 3932 705 3998 rationibus,
769 3945 908 4000 quas
946 3927 1295 3983 ostendimus
1360 3943 1462 3999 per
1504 3928 1618 3982 alas
1668 3943 1793 3997 qure
1844 3925 1954 3980 οἱν-

363 4031 729 4093 cumtegunt:
775 4038 954 4092 neque
989 4020 1312 4075 hominibus
1348 4020 1417 4074 dc
1446 4019 1514 4075 iis
1546 4019 1705 4074 eil'ari
1753 4014 1955 4088 possit;

366 4128 509 4168 mus.
553 4113 727 4167 Pedes
776 4121 961 4167 autem
1014 4111 1260 4176 fuerint,
1316 4109 1584 4165 transitus
1639 4110 1955 4189 intelligen-

365 4203 568 4257 tiarum
601 4220 722 4273 qua:
750 4213 881 4258 sunt
913 4219 945 4258 a
996 4202 1159 4257 nobis
1214 4217 1315 4272 per
1369 4200 1827 4271 impertitionem,
1885 4200 1956 4255 ad

364 4311 463 4351 vos
493 4297 587 4367 qui
613 4297 751 4351 estis
781 4296 1014 4350 extremi
1066 4303 1290 4364 etpost
1356 4309 1459 4348 nos
1512 4295 1786 4351 collocati.
1845 4292 1953 4351 Sed

2024 476 2205 532 neque
2232 460 2339 516 hoc
2367 460 2569 523 solum,
2602 460 2698 515 sed
2735 468 2793 515 et
2819 458 2963 530 quod
2983 467 3072 515 est
3093 458 3343 513 omnium
3361 459 3604 517 animan-

2029 555 2164 611 tium
2201 552 2741 624 praestantissimum,
2781 552 2990 606 scimus
3023 551 3328 616 hominem,
3360 562 3416 607 et
3461 552 3599 608 idem

2025 648 2146 717 ejus
2192 661 2413 717 quoque
2453 645 2640 700 vultus
2678 644 2904 715 ﬁguram
2947 644 3003 698 in
3023 644 3184 699 nobis
3212 643 3346 713 ipsis
3371 645 3603 705 circum-

2026 735 2295 804 l‘crimus;
2328 733 2690 794 Deumautem
2715 752 2879 791 nosse
2917 743 2972 790 ct
3001 736 3207 805 eloqui,
3264 752 3443 806 neque
3499 739 3604 794 ulla

2028 830 2212 902 genita
2240 840 2462 894 natura,
2493 845 2597 884 nec
2624 830 2740 899 ipsa
2778 837 2963 883 nostra
2999 827 3233 894 suilicit;
3265 829 3608 899 quandoqui-

2029 925 2155 980 dem
2177 933 2235 980 et
2262 940 2385 994 qua:
2408 924 2622 979 inferne
2648 939 2745 993 per
2774 937 2996 977 carnem
3028 924 3173 978 facta
3192 930 3279 976 est
3306 924 3608 993 generatio.

2028 1034 2155 1072 nem
2181 1032 2213 1072 a
2245 1017 2408 1073 nobis
2438 1016 2658 1086 quidem
2689 1015 2983 1070 abscondit
3011 1015 3158 1070 Deus
3183 1023 3241 1069 et
3273 1015 3436 1071 Pater
3468 1031 3482 1068 :
3510 1015 3607 1071 hoc

2030 1111 2178 1165 enim
2211 1109 2361 1180 quod
2399 1125 2429 1163 a
2450 1108 2659 1163 saeculo
2689 1108 2745 1163 in
2771 1107 3033 1162 omnibus
3067 1106 3398 1161 absconsum
3437 1106 3610 1162 fuerat

2031 1203 2382 1275 mysterium,
2420 1200 2581 1255 vobis
2623 1199 2752 1255 ﬁliis
2794 1199 3082 1255 hominum
3108 1199 3263 1254 dedit
3301 1199 3499 1268 primis
3526 1199 3607 1253 di-

2033 1295 2300 1359 scendum
2338 1303 2433 1359 ;et
2468 1311 2567 1365 per
2589 1303 2828 1350 vestram
2860 1291 3159 1349 Ecclesium
3202 1288 3309 1347 hoc
3335 1309 3435 1347 nos
3460 1303 3603 1362 post-

2032 1403 2096 1443 ea
2148 1387 2474 1459 agnovimus
2501 1388 2566 1441 ¹⁵³.
2603 1386 2759 1452 Quod
2792 1390 2838 1442 si
2873 1395 3099 1457 propter
3158 1401 3220 1441 ea
3259 1402 3381 1456 qua:
3421 1385 3616 1440 dicun-

2035 1485 2125 1531 tur
2153 1475 2489 1539 extimescis,
2520 1490 2553 1530 ο
2580 1475 2822 1538 auditor,
2851 1474 2921 1529 ab
2953 1474 3060 1529 hoc
3114 1482 3263 1529 metu
3317 1482 3368 1528 te
3418 1473 3618 1528 liberat

2035 1564 2239 1620 Paulus
2283 1562 2523 1618 dicens:
2576 1561 2735 1617 Nunc
2786 1562 2960 1622 enim,
3007 1559 3207 1630 inquit.
3256 1561 3510 1618 ascendit
3560 1554 3619 1617 ut

2036 1664 2299 1727 appareat
2348 1653 2696 1725 principibus
2745 1664 2804 1709 et
2853 1651 3224 1724 potestatibus
3273 1670 3374 1724 per
3431 1644 3620 1709 Eecle~

2035 1748 2172 1803 siam
2215 1746 2282 1800 “.
2323 1741 2480 1803 Unde
2510 1740 2677 1801 etiam
2717 1744 3028 1801 ascendens
3061 1753 3286 1816 sulpure
3313 1740 3503 1801 aderit
3532 1761 3622 1800 su-

2036 1854 2236 1910 pernas
2259 1838 2560 1909 potestates
2589 1839 2644 1893 in
2690 1837 2848 1893 eualis
2884 1854 3006 1909 quae
3037 1837 3382 1903 dubitabant,
3427 1853 3623 1908 rogan-

2037 1940 2121 1988 tes
2155 1946 2248 1987 eas
2279 1946 2400 2001 quae
2450 1930 2613 1985 simul
2658 1920 2785 1985 cum
2843 1930 3075 1985 Domino
3125 1928 3533 1999 ascendebant,L
3570 1940 3623 1986 et

2037 2019 2302 2079 dicebant
2330 2040 2343 2077 :
2377 2019 2508 2089 Quis
2533 2029 2609 2076 est
2635 2024 2731 2077 iste
2756 2039 2849 2076 rex
2886 2021 3075 2092 gloriae
3109 2016 3198 2076 "'l
3231 2021 3410 2092 Papae,
3462 2038 3629 2094 quam

2036 2109 2384 2168 admirabilia
2450 2120 2578 2167 sunt
2613 2108 2877 2167 miracula
2907 2114 2963 2168 et
2996 2107 3138 2168 dona
3176 2130 3298 2183 qna:
3339 2114 3497 2169 Deus
3534 2115 3631 2169 do-

2038 2202 2195 2259 navit
2225 2204 2480 2259 humana:
2510 2206 2725 2260 natura:
2776 2201 2833 2260 in
2887 2219 2953 2260 ca
3008 2197 3308 2261 habitans!
3368 2206 3630 2264 homines

2038 2293 2248 2368 angelis
2276 2292 2447 2351 Deum
2472 2294 2838 2351 ostenderunt
2886 2313 3052 2368 quem
3107 2298 3261 2367 prius
3305 2313 3421 2354 non
3473 2299 3625 2356 vide-

2040 2383 2215 2442 bant!
2254 2388 2519 2443 miracula
2544 2382 3176 2459 incomprehensibilia!
3230 2389 3408 2451 Deum
3465 2407 3624 2449 suum

2040 2479 2264 2555 hymnis
2289 2480 2667 2546 celebrabant,
2709 2489 2766 2535 et
2806 2496 2915 2537 non
2965 2482 3250 2553 videbant,
3308 2500 3445 2555 quas
3482 2486 3626 2542 cele-

2040 2573 2320 2629 brabant!
2366 2563 2639 2628 Ferebant
2673 2588 2798 2629 eum
2834 2575 2927 2645 qui
2981 2576 3313 2643 vehebatur,
3363 2572 3574 2643 Throni
3607 2598 3633 2648 ςο

2041 2676 2095 2721 et
2124 2682 2235 2721 non
2262 2664 2527 2722 videbant
2556 2682 2718 2738 quem
2749 2667 3019 2722 ferebant.
3058 2668 3374 2725 Adorahaut
3417 2681 3473 2726 et
3513 2673 3623 2743 glo-

2042 2754 2331 2809 rilicabant
2353 2750 2574 2809 assidue
2617 2761 2673 2809 et
2728 2755 2866 2810 citra
2905 2754 3208 2820 silentiam,
3270 2752 3368 2812 sex
3421 2760 3535 2813 alas
3574 2768 3628 2814 ct

2042 2847 2247 2901 multos
2269 2847 2462 2901 oculos
2483 2844 2793 2913 habentia;
2843 2855 2898 2902 et
2950 2865 3061 2902 non
3113 2850 3629 2919 animadvertebant

2043 2950 2208 3008 quem
2253 2938 2525 2992 ornabant
2582 2938 2862 2995 laudibus.
2915 2933 3097 2995 Flexis
3153 2940 3337 3012 itaque
3399 2940 3634 3015 genibus

1347 3028 1414 3083 ad
1491 3027 2010 3105 cognoscendumc
2045 3026 2363 3097 cupiebant,
2425 3026 2725 3093 sitiebant,
2776 3028 3045 3095 orabant,
3100 3033 3382 3103 supplices
3440 3045 3632 3105 postu-

2045 3119 2235 3174 labant
2267 3119 2457 3175 videre
2481 3135 2607 3176 eum
2641 3121 2734 3192 qui
2774 3138 2884 3177 non
2927 3119 3166 3187 videtur,
3217 3120 3477 3196 aspicere
3507 3142 3636 3183 eum

2045 3212 2140 3281 qui
2176 3226 2285 3265 non
2319 3213 2464 3268 cadit
2492 3214 2596 3270 sub
2629 3225 2935 3285 aspectum,
2968 3226 3063 3272 aut
3094 3205 3259 3273 etiam
3303 3220 3487 3275 solum
3522 3231 3640 3276 tan-

2047 3314 2211 3369 quam
2231 3300 2285 3355 in
2306 3302 2531 3371 speculo
2548 3312 2603 3358 et
2619 3305 2904 3375 aenigmate
2926 3305 2980 3359 in
2997 3322 3122 3360 eum
3154 3308 3345 3363 oculos
3376 3309 3637 3381 deﬁgere,

2046 3399 2233 3447 etnon
2269 3401 2546 3464 poterant,
2573 3388 2866 3467 propterea
2884 3398 3030 3467 quod
3066 3399 3133 3453 ad
3179 3399 3430 3454 divinam
3453 3416 3638 3456 essen-

2048 3481 2179 3536 tiam
2212 3484 2641 3554 apprOpinquari
2694 3501 2802 3540 non
2856 3496 3057 3557 potest,
3113 3504 3291 3559 neque
3343 3505 3415 3545 ea
3462 3497 3643 3562 potest

2050 3574 2470 3644 comprehendi.
2504 3575 2658 3643 Quod
2686 3577 2731 3631 si
2774 3577 2824 3632 ei
2865 3578 3011 3648 quod
3048 3579 3254 3634 dicitur
3289 3596 3404 3636 non
3440 3581 3641 3648 credis,

2050 3666 2084 3719 ο
2122 3664 2311 3728 homo,
2344 3665 2472 3720 audi
2511 3666 2753 3721 Petrum
2787 3667 3099 3724 dicentem:
3132 3670 3273 3726 Data
3321 3682 3452 3725 sunt
3505 3673 3644 3726 dona

2052 3758 2347 3812 hominibus
2387 3756 2455 3824 ",
2483 3759 2539 3840 in
2579 3776 2697 3831 qua:
2720 3760 3023 3817 desiderant
3044 3744 3225 3834 angeli
3246 3766 3553 3836 prospicere
3578 3762 3643 3831 ⁸⁷,

2052 3856 2261 3904 etnon
2295 3859 2617 3919 potuerunt,
2686 3852 3137 3923 quandoquidem
3197 3854 3445 3911 humana
3502 3864 3647 3911 terra

2057 3949 2188 3997 tunc
2235 3950 2354 3997 erat
2390 3943 2704 4008 invisibilis,
2748 3944 2889 4000 infra
2929 3947 2984 4000 in
3048 3947 3326 4018 profundo
3388 3949 3645 4004 tenebra-

2055 4047 2179 4088 rum
2225 4032 2479 4104 peccati,
2527 4044 2586 4090 ut
2624 4050 2746 4105 quae
2797 4044 2944 4091 esset
3000 4037 3388 4109 incomposita.
3447 4039 3649 4107 Quam-

2056 4123 2249 4180 obrem
2277 4133 2333 4180 et
2360 4124 2605 4196 ignotum
2626 4126 2745 4181 erat
2773 4128 2997 4195 ccelum,
3031 4138 3089 4184 et
3120 4136 3226 4185 non
3251 4142 3513 4187 ornatum
3557 4131 3648 4186 lir-

2057 4228 2395 4273 mamentum
2427 4220 2481 4274 in
2507 4221 2689 4290 primo
2718 4220 2828 4276 die.
2861 4222 2931 4276 Et
2958 4214 3209 4278 secundo
3233 4225 3326 4279 die
3376 4241 3505 4280 cum
3557 4240 3649 4280 su-

2060 4306 2330 4377 spexisset
2354 4315 2411 4362 et
2438 4310 2610 4363 veluti
2646 4325 2715 4363 ex
2748 4310 2982 4365 mortuis
3008 4310 3355 4382 respirasset,
3389 4325 3441 4368 et
3469 4313 3647 4367 lucem

364 4389 619 4444 volamus
653 4389 870 4443 duabus
900 4389 1003 4443 alis
1031 4388 1165 4443 solis
1191 4403 1294 4457 per
1320 4388 1563 4441 volatum
1587 4386 1952 4442 extendentes
1986 4404 2029 4458 ι)
2059 4395 2383 4463 aspexisset,
2417 4406 2475 4450 et
2498 4394 2740 4466 Spiritus
2787 4397 2928 4452 facta
2974 4407 3122 4453 esset
3172 4388 3479 4471 particeps,
3525 4410 3583 4455 et
3620 4414 3650 4452 a

364 4480 701 4536 aviditatem,
724 4489 779 4535 et
814 4480 1335 4550 propensionem,et
1368 4486 1692 4547 perpetuam
1733 4485 1961 4532 conten-

368 4569 600 4631 tionem,
630 4577 688 4622 et
717 4567 1132 4636 inquisitionem
1177 4564 1248 4619 ad
1281 4564 1607 4619 discendum
1636 4565 1841 4635 aliquid
1889 4565 1960 4620 de

371 4660 456 4714 his
488 4660 704 4713 duabus
727 4657 1199 4729 generationibus.
1231 4656 1477 4723 Quarum
1502 4657 1959 4727 inquisitionihus

370 4764 629 4819 tanquam
653 4752 825 4805 alatis,
849 4765 1068 4821 semper
1090 4750 1340 4816 terimur,
1377 4758 1434 4804 et
1468 4751 1685 4806 volatus
1706 4752 1955 4821 requiem

372 4847 659 4913 hucusque
692 4858 800 4897 non
858 4844 1224 4898 inveniemus.
1255 4842 1470 4899 Solutio
1492 4844 1642 4898 enim
1665 4845 1787 4914 ejus
1809 4846 1957 4915 quod

373 4939 663 5007 qumritur,
694 4946 781 4992 est
815 4936 989 4992 veluti
1016 4937 1267 5007 quaedam
1295 4938 1525 5008 pulchra
1554 4939 1715 5009 quies
1744 4939 1960 4995 volatus

377 5031 578 5085 utentis
602 5030 836 5085 multum
862 5030 1103 5085 errantis
1155 5030 1300 5087 circa
1355 5026 1411 5085 id
1472 5030 1625 5101 quod
1668 5032 1959 5101 quaeritur.

375 5123 652 5179 Habemus
683 5123 833 5178 enim
864 5122 1231 5194 cognitionem
1265 5122 1500 5178 duarum
1532 5122 1699 5178 Verbi
1731 5139 1964 5193 genera-

376 5215 586 5271 tionum
617 5232 631 5269 :
663 5230 854 5271 earum
894 5223 1076 5270 autem
1116 5230 1466 5286 nequaquam
1505 5214 1776 5269 habemus
1809 5216 1964 5286 agni-

376 5314 606 5373 tionem,
663 5319 719 5364 et
767 5316 1064 5379 propterea
1124 5322 1343 5378 semper
1382 5306 1657 5362 volamus.
1720 5306 1962 5362 Tametsi

375 5403 624 5457 omnium
649 5402 1014 5457 animantium
1057 5402 1317 5457 novimus
1370 5401 1716 5457 essentiam:
1762 5415 1962 5471 nempe

374 5493 654 5549 seriarum
682 5503 740 5550 et
761 5494 928 5550 etiam
959 5493 1337 5558 terrestrium,
1365 5491 1512 5564 quod
1547 5493 1622 5548 sit
1658 5491 1865 5565 aquila,
1907 5501 1963 5549 et

447 5624 494 5657 ι’
530 5625 735 5679 .terem.
767 5641 877 5689 six,
908 5625 1018 5689 15;
1061 5622 1310 5694 Sephon.
1372 5638 1410 5686 ι,
1439 5621 1492 5694 5.

376 5779 416 5826 t.
457 5761 543 5817 13.

447 5624 494 5657 δ’
530 5624 1310 5694 Jet'eiit.x1x,15;80plion.
1372 5638 1410 5686 ι,
1439 5624 1492 5678 5.
1607 5624 1654 5656 ⁸⁸
1695 5624 1798 5680 lsa.
1864 5642 1970 5692 xrv,
2040 5629 2127 5691 η,
2239 5628 2282 5660 ⁸³
2327 5624 2468 5683 Psal.
2525 5624 2788 5687 exuniﬁ.
2900 5628 2946 5660 "
3002 5627 3206 5684 Eserh.

376 5693 426 5726 ³³
450 5694 887 5770 $.A'l‘hnnz.part.
917 5711 955 5757 ι,
983 5705 1178 5763 qua-st.
1206 5694 1294 5759 £57,
1328 5700 1435 5747 art.
1465 5693 1518 5747 5.
1596 5694 1641 5725 "
1670 5695 1874 5764 Ephes.
1942 5699 2087 5766 tv,8,
2112 5699 2165 5754 9.
2241 5700 2288 5729 "
2317 5695 2459 5753 l'sal.
2495 5711 2643 5765 nm,
2691 5697 2773 5753 l0.
2851 5697 2896 5729 "
2919 5698 3120 5770 Ephes.
3142 5716 3210 5763 iv,
3249 5699 3304 5753 8.

2065 4483 2224 4538 malis
2250 4484 2409 4554 aquis
2436 4484 2669 4539 liberata
2697 4493 2843 4541 esset
2884 4492 2941 4540 et
2984 4484 3249 4553 tenebris,
3307 4498 3365 4543 et
3406 4490 3649 4545 fructum

2063 4570 2429 4641 germinassct
2452 4587 2578 4642 quae
2602 4573 2756 4643 prius
2793 4581 2911 4628 erat
2962 4573 3282 4645 infrugifera
3315 4592 3330 4641 ;
3392 4586 3530 4631 tunc
3584 4574 3653 4629 de

2063 4666 2261 4714 caetero
2280 4670 2540 4730 posteam
2558 4669 2614 4714 et
2643 4669 2965 4715 exornatum
2989 4661 3094 4716 fuit
3123 4662 3350 4726 malum,
3372 4662 3657 4719 exhilaraa

2069 4762 2296 4822 tumque
2326 4753 2462 4817 sole,
2482 4753 2613 4808 luna
2639 4763 2696 4808 et
2718 4754 2928 4821 stellis;
2957 4763 3214 4809 ornatum
3236 4755 3514 4826 (inquam)
3553 4755 3654 4810 fuit

2065 4844 2309 4905 Christo.
2334 4845 2581 4901 Ecclesia
2610 4855 2668 4900 et
2696 4848 2924 4910 sanctis,
2953 4855 3143 4917 utpote
3170 4849 3315 4919 quod
3351 4849 3510 4903 illum
3535 4846 3653 4918 qni-

2068 4936 2194 4991 dem
2220 4952 2441 5007 semper
2472 4937 2771 5008 fulgentem
2826 4946 3167 5008 exceperunt
3219 4948 3439 4997 mentes
3491 4940 3657 4995 cmic-

2070 5036 2185 5085 stes
2215 5044 2342 5085 cum
2377 5045 2543 5085 carne
2576 5030 3004 5098 ascendentem;
3043 5033 3300 5089 laetantur
3327 5044 3521 5089 autem
3578 5032 3655 5111 si-

2069 5122 2197 5176 mul.
2233 5137 2360 5177 cum
2415 5124 2683 5189 Ecclesia,
2740 5132 2798 5179 et
2845 5141 2970 5181 cum
3020 5127 3228 5181 sanctis
3274 5124 3657 5195 resplendent.

2068 5211 2433 5280 Quamobrem
2463 5229 2524 5269 su
2533 5229 2719 5285 perna:
2734 5215 3038 5271 Potestates
3052 5216 3214 5272 valde
3229 5227 3287 5271 et
3298 5215 3663 5271 vehementer

2070 5302 2397 5372 defendunt,
2443 5304 2685 5376 diligunt
2715 5315 2773 5361 et
2800 5315 3100 5378 protegunt
3127 5306 3437 5361 humanum
3468 5319 3658 5377 genus.

2069 5406 2125 5452 et
2165 5413 2266 5469 pro
2296 5413 2365 5453 eo
2396 5407 2562 5453 orant
2589 5408 2647 5454 et
2699 5398 3075 5465 intercedunt,
3111 5401 3379 5471 quoniam
3422 5414 3524 5470 per
3565 5411 3662 5453 nos

2071 5489 2279 5562 dignati
2320 5489 2667 5545 sunt‘videre
2723 5490 2869 5563 quod
2906 5507 3009 5564 per
3041 5507 3102 5548 se
3160 5506 3271 5548 non
3340 5497 3664 5562 potuerunt.

2239 5628 2282 5660 "
2327 5623 2468 5683 Psal.
2525 5624 2788 5687 exuniﬁ.
2900 5628 2946 5660 "
3002 5627 3206 5684 Eserh.
3306 5642 3329 5680 ι
3360 5666 3372 5689 ,
3401 5621 3477 5678 25
3515 5602 3668 5695 seqq.

3422 5699 3462 5729 δῖ
3492 5696 3509 5750 ί
3534 5698 3676 5751 υϋιΐι
