4026 6140
436 317 548 383 889

1551 315 1637 377 ΙΝ
1670 313 2226 376 HEKAEMERON.
2266 339 2334 351 ο-
2374 314 2521 375 LIB.
2561 312 2613 375 Ι.

3602 314 3709 377 8‘70

441 431 511 489 Et
526 429 648 486 haec
674 428 898 500 quidem
937 429 1007 484 ad
1032 408 1438 484 ostendendum
1467 441 1696 500 propter
1725 442 2021 499 quamnam
2051 434 2096 489 Α
2129 436 2189 482 ut
2212 426 2540 483 sanetillcct.
2572 426 2869 496 Propterea
2900 425 3049 481 enim
3094 425 3329 482 fortasse
3379 427 3472 484 hic
3516 445 3709 488 rursus

440 533 664 577 causam
691 527 841 574 terra
860 517 968 574 fuit
989 526 1184 574 ornata
1209 526 1338 573 ante
1354 519 1555 574 caelum
1578 519 1633 573 in
1654 519 1845 573 mundi
1867 533 2021 573 crea-

441 611 609 667 tione.
642 608 916 677 Quoniam
944 620 1130 666 autem
1164 625 1274 665 non
1314 610 1493 664 solum
1534 610 1879 665 adversaries
1916 610 2022 665 Po-

444 710 689 770 testates,
727 701 827 757 sed
850 701 999 772 ipsas
1028 702 1193 757 etiam
1227 716 1495 773 aquarum
1520 714 1523 717 ‘
1545 703 2021 773 congregationes,

442 810 582 865 saepe
622 804 785 850 vocat
812 794 1103 867 Scriptura
1125 808 1296 866 aquas
1315 804 1373 851 et
1400 795 1628 867 abyssos
1675 808 1843 865 super
1887 809 2025 865 quas

412 880 561 944 sita:
584 896 717 943 sunt
744 888 901 943 mala:
949 889 1213 952 tenebrae,
1244 902 1473 944 necesse
1511 896 1597 944 est
1624 899 1686 943 ut
1715 888 1784 943 de
1815 887 1904 943 bis
1928 887 2027 941 ad-

442 979 713 1035 ducamus
756 979 1082 1050 prOphetica
1126 979 1461 1034 testimonia.
1507 978 1652 1034 Dicit
1693 980 1876 1048 itaque
1916 979 2025 1033 Da-

443 1071 536 1127 vid
570 1088 585 1125 :
613 1072 844 1142 Abyssus
884 1059 1129 1142 abyssum
1164 1071 1374 1125 invocat
1399 1070 1467 1137 ⁸⁸,
1503 1079 1562 1125 et
1589 1069 1658 1124 ad
1688 1069 1784 1124 Dei
1820 1069 2026 1139 cogita—

446 1163 654 1219 tionem
678 1179 830 1219 nunc
863 1164 1190 1239 adhortatur
1212 1163 1462 1218 Judaeum
1506 1162 1761 1234 abyssus.
1812 1161 1866 1217 id
1916 1169 2022 1226 est,

446 1253 747 1310 multitudo
772 1255 1021 1326 gentium
1053 1270 1173 1325 quae
1195 1255 1351 1326 prius
1365 1262 1527 1310 erant
1545 1255 1739 1311 otiosa:
1757 1254 2023 1310 tenebris.

442 1345 706 1405 Nonnulli
750 1347 899 1402 enim
952 1346 1092 1402 duas
1127 1361 1398 1417 aquarum
1426 1347 1826 1417 appellationes
1853 1346 2028 1401 intel-

446 1438 703 1496 lexerunt
756 1439 826 1495 de
876 1439 1097 1495 duobus
1148 1440 1410 1510 populis:
1470 1440 1727 1512 abyssum
1799 1439 2025 1510 quidem

450 1534 715 1605 populum
775 1533 1046 1610 gentium,
1093 1546 1262 1607 super
1323 1540 1490 1602 ‘quem
1556 1541 1686 1588 sunt
1735 1533 2024 1601 tenebrat;

449 1639 647 1697 aquam
686 1634 891 1687 autem,
924 1625 1263 1689 Judaeorum,
1301 1640 1471 1696 super
1523 1640 1689 1695 quem
1744 1625 2027 1681 ferebatur

451 1714 693 1787 Spiritus
720 1716 925 1771 divinae
948 1715 1270 1786 Scripturae,
1295 1717 1391 1772 sed
1415 1730 1526 1772 non
1565 1716 1908 1789 quiescebat.
1948 1717 2025 1772 De

2123 527 2250 592 post
2280 518 2539 575 tenebras
2560 517 2840 573 examinat
2865 533 3064 588 aquam
3092 527 3149 573 et
3170 519 3449 589 Spiritum,
3470 520 3579 576 hoc
3601 535 3707 587 est,
3772 548 3777 554 ε

2125 620 2251 682 post
2272 620 2586 681 peccatum,
2627 610 2887 680 baptismi
2922 610 3403 666 illuminationem.
3447 612 3582 667 Nam
3606 614 3710 668 sic-

2125 710 2187 755 ut
2248 710 2508 771 tanquam
2551 714 2721 770 super
2777 701 3044 770 piscinam
3102 702 3364 770 aliquam,
3422 704 3711 759 constituit

2125 791 2566 861 DeusSpiritum
2617 806 2783 861 super
2832 807 3053 862 aquam,
3107 793 3182 847 ita
3232 794 3417 847 statim
3463 795 3711 865 praecipit

2124 894 2249 956 post
2274 885 2392 939 haec
2423 884 2636 945 dicens.
2665 882 2793 938 Fiat
2815 883 2906 937 tua:
2938 884 3424 950 illuminationum,
3474 895 3523 939 et
3569 887 3709 956 facta

2125 984 2201 1031 est
2228 975 2320 1030 tua:
2351 976 2835 1030 illuminationum.
2857 975 3017 1031 Unde
3046 977 3212 1031 etiam
3248 977 3340 1032 hic
3402 978 3455 1032 in
3517 980 3712 1048 primis

2126 1067 2394 1123 discimus
2449 1067 2772 1138 mysterium
2851 1065 3141 1121 Trinitatis
3223 1069 3277 1120 in
3353 1068 3706 1137 baptismate,

2126 1158 2349 1228 quando
2373 1157 2508 1212 dicit
2538 1173 2557 1209 :
2593 1156 2663 1211 Et
2683 1157 2815 1210 dixit
2845 1155 3023 1218 Deus,
3063 1157 3225 1227 plane
3285 1176 3299 1211 :
3366 1159 3522 1212 Pater
3588 1156 3708 1213 Fiat

2129 1249 2222 1305 tua:
2246 1290 2262 1312 ,
2293 1250 2397 1304 hoc
2425 1258 2532 1314 est,
2563 1248 2819 1303 Christus
2850 1257 3115 1319 appareat
3146 1249 3202 1303 in
3250 1256 3399 1304 terra
3440 1259 3496 1303 et
3539 1248 3707 1318 Spiri-

2128 1351 2218 1397 tus
2250 1343 2347 1397 Dei
2379 1350 2607 1397 sanctus
2631 1341 2726 1411 qui
2763 1342 3047 1396 ferebatur
3089 1357 3258 1412 super
3301 1358 3520 1413 aquam.
3571 1342 3709 1398 Cum

2128 1434 2234 1493 hoc
2255 1435 2524 1505 mysterio
2559 1433 2729 1488 vitam
2764 1448 2984 1504 quoque
3023 1434 3135 1489 Deo
3160 1445 3366 1505 gratam
3423 1435 3708 1490 discimus.

2127 1525 2424 1595 Postquam
2449 1535 2632 1580 autem
2664 1525 2854 1580 datum
2908 1536 3015 1591 est,
3073 1526 3275 1597 inquit,
3310 1526 3603 1597 baptisma;
3656 1537 3713 1582 et

2127 1635 2250 1691 qua
2274 1627 2358 1674 est
2399 1618 2453 1673 in
2489 1634 2557 1674 eo
2606 1618 2743 1674 ﬁdes
2794 1629 3052 1689 tanquam
3094 1621 3315 1691 aliquod
3348 1624 3711 1693 signaculum,

2129 1710 2271 1776 Fiat,
2302 1712 2501 1781 inquit,
2537 1711 2674 1766 lux:
2719 1712 2771 1766 id
2804 1720 2909 1776 est,
2944 1724 3266 1768 exerceatur
3297 1715 3558 1785 operibus
3599 1716 3712 1771 vita

448 1782 537 1859 his
557 1811 740 1858 autem
774 1804 933 1874 aquis
960 1782 1170 1861 dictum
1199 1811 1286 1859 est
1314 1823 1328 1860 :
1371 1782 1687 1876 Egredictur
1731 1822 1873 1878 aqua
1910 1808 2026 1862 viva
2058 1782 2098 1836 Β
2127 1802 2242 1859 Deo
2270 1810 2446 1873 grata,
2478 1804 2628 1858 sicut
2652 1804 2745 1857 lux
2769 1804 2962 1859 lucens
3000 1820 3185 1860 coram
3214 1782 3551 1871 hominibus,
3579 1822 3713 1861 cono

445 1910 509 1949 ea:
535 1893 857 1960 Jerusalem,
885 1897 1159 1950 dimidium
1189 1898 1303 1967 ejus
1326 1898 1381 1951 in
1432 1914 1615 1964 mare;
1661 1900 1893 1970 primum
1946 1899 2029 1953 di-

445 1986 667 2040 midium
688 1993 861 2040 autem
893 1987 1010 2055 ejus
1043 1988 1100 2042 in
1125 2003 1273 2042 mare
1300 1987 1546 2043 ultimum
1566 1989 1635 2044 ”.
1666 1990 1823 2045 Sicut
1858 1991 2026 2045 etiam

444 2074 645 2130 clamat
683 2073 938 2131 Habacuc
981 2075 1249 2146 propheta
1283 2093 1307 2130 θ
1351 2073 1423 2131 Et
1465 2077 1720 2131 indue-isti
1761 2079 1816 2131 in
1879 2091 2028 2130 mare

445 2174 611 2238 equos
633 2173 750 2220 tuos
777 2166 1048 2222 turbantes
1073 2182 1245 2238 aquas
1274 2166 1473 2222 multas
1506 2167 1575 2235 “,
1614 2182 1789 2238 equos
1818 2166 2026 2224 Christi

447 2257 664 2318 dicens.
701 2265 924 2313 sanctos
950 2258 1175 2330 angelos
1199 2267 1255 2314 et
1294 2258 1596 2330 apostolos.
1647 2260 1805 2317 Unde
1858 2261 2028 2315 etiam

448 2349 506 2404 in
536 2364 768 2405 ascensu
820 2351 1027 2407 horum
1069 2366 1340 2422 equorum
1389 2352 1614 2409 turbata:
1661 2362 1785 2408 sunt
1830 2355 2025 2424 abyssi,

449 2440 738 2496 multitudo
767 2444 970 2497 sonitus
998 2459 1261 2515 aquarum
1295 2444 1365 2499 “.
1424 2444 1495 2499 Et
1545 2445 1681 2500 illud
1717 2464 1730 2499 :
1790 2445 2030 2502 Laudate

449 2532 733 2587 Dominum
765 2548 830 2587 ea:
858 2543 1025 2601 terra,
1054 2536 1308 2590 dracones
1333 2546 1382 2591 et
1409 2539 1785 2609 omnes‘abyssi
1811 2538 2029 2605 “,can-

449 2633 599 2680 tatur
627 2626 696 2681 de
743 2627 1021 2701 gentibus.
1067 2627 1339 2684 Dracones
1386 2638 1569 2685 autem
1628 2630 1786 2695 dicit,
1835 2644 2027 2687 eorum

450 2718 734 2789 principes
759 2719 853 2791 qui
879 2719 1034 2790 prius
1067 2730 1227 2776 erant
1247 2721 1348 2775 feri
1380 2719 1501 2776 etin
1516 2721 1879 2778 ImmaniJam
1901 2718 2029 2778 cum

450 2818 535 2865 tot
561 2813 671 2866 sint
697 2812 1029 2877 testimonia,
1058 2826 1126 2866 ne
1152 2813 1371 2869 mireris
1396 2815 1544 2884 quod
1575 2814 1723 2870 dicat
1773 2815 1841 2871 de
1893 2830 2029 2871 con-

450 2904 775 2975 gregatione
793 2904 1039 2976 gentium
1068 2916 1189 2975 qua:
1215 2908 1367 2976 prius
1396 2917 1516 2961 erat
1541 2906 1718 2962 oﬂ‘usa
1753 2907 2031 2963 tenebris?

450 2997 696 3052 Tenebrae
725 3005 879 3059 erant
915 3014 1075 3069 super
1124 2998 1389 3069 abyssum.
1448 3000 1589 3054 Ante
1638 2999 1817 3055 lucem
1871 3009 2032 3056 erant

452 3089 694 3165 tenebrae
725 3089 1050 3160 impietatis,
1076 3090 1321 3145 tenebrae
1364 3090 1613 3147 libidinis
1646 3101 1704 3147 et
1753 3091 2028 3163 intempe-

451 3181 664 3246 rantiaa,
689 3181 931 3237 tenebrae
962 3182 1307 3248 idololatrias,
1372 3195 1430 3239 et
1483 3184 1728 3238 omnium
1793 3185 2033 3239 aliorum

451 3284 831 3343 peccatorum,
872 3283 999 3329 ante
1022 3275 1392 3345 praesentiam,
1433 3276 1683 3345 inquam,
1721 3278 1776 3330 et
1824 3276 2032 3331 adven-

452 3371 567 3417 tum
600 3379 741 3419 vera:
788 3363 952 3426 lucis,
1009 3380 1208 3435 nempe
1259 3364 1485 3419 Christi.
1539 3366 1832 3434 Propterea
1881 3368 2028 3421 enim

452 3455 735 3528 Scriptura
768 3459 1026 3513 tenebras
1054 3460 1230 3513 solum
1275 3459 1432 3529 ponit
1467 3469 1592 3516 ante
1630 3461 1809 3516 lucem
1836 3480 1853 3521 ης
1895 3478 2033 3533 quo-

451 3547 597 3601 niam
633 3548 786 3618 prius
816 3564 1038 3603 eramus
1067 3549 1122 3603 in
1150 3565 1363 3611 errore,
1426 3550 1628 3606 deinde
1676 3553 2032 3607 transivimus

450 3638 519 3693 ad
560 3639 759 3695 luci-m.
793 3640 1090 3711 Propterea
1126 3641 1280 3711 prior
1306 3653 1390 3698 est
1419 3642 1506 3697 lex
1537 3643 1903 3708 tenebricosa,
1937 3643 2034 3698 de-

452 3729 582 3785 inde
638 3731 1014 3802 Evangelium.
1075 3733 1372 3803 Propterea
1435 3735 1588 3804 prior
1630 3744 1716 3789 est
1778 3751 2029 3807 vespera,

452 3824 653 3880 deinde
684 3826 821 3882 dies.
868 3827 1006 3883 Hinc
1040 3828 1159 3898 lege
1199 3836 1286 3882 est
1324 3832 1686 3882 constitutum
1726 3828 1785 3884 ut
1823 3829 2035 3899 incipe-

453 3928 608 3975 retur
636 3937 666 3976 a
694 3936 924 3991 vespera
961 3919 1251 3975 Dominica
1273 3937 1287 3986 ;
1313 3921 1576 3990 quoniam
1621 3937 1651 3974 a
1682 3932 1859 3976 morte
1895 3923 2030 3977 obs-

453 4030 586 4069 cura
617 4014 987 4084 processimus
1025 4012 1092 4067 ad
1124 4015 1303 4068 lucem
1348 4014 1791 4068 resurrectiOnis.
1826 4014 1882 4070 Si
1918 4014 2034 4072 hzec

424 4116 639 4179 autem
665 4121 776 4159 non
816 4105 890 4159 ita
927 4104 1217 4168 baberent,
1252 4104 1409 4159 valde
1436 4116 1582 4159 esset
1614 4105 1933 4162 indecorum
1976 4115 2034 4164 et

453 4194 567 4248 Deo
599 4209 706 4248 non
750 4194 1110 4256 conveniens,
1159 4195 1449 4271 nominare
1485 4196 1742 4253 tenebras
1777 4208 1903 4254 ante
1943 4200 2031 4254 lu-

454 4296 620 4346 cem,
653 4291 711 4336 et
735 4282 924 4337 statim
980 4282 1050 4335 ab
1106 4281 1265 4335 initio
1321 4282 1664 4339 constituere
1718 4295 2029 4342 creaturam

454 4370 749 4423 obscuram
779 4383 843 4422 ac
882 4369 1250 4423 tenebrosam.
1288 4369 1442 4425 Unde
1472 4387 1598 4426 cum
1623 4388 1731 4426 non
1761 4376 2034 4443 patuisset

2126 1902 2390 1964 grueuter
2422 1891 2647 1948 Christo
2680 1892 2774 1963 qui
2806 1894 2887 1948 sie
2919 1895 3106 1952 dixit.-
3131 1898 3305 1963 Quam
3358 1900 3524 1953 etiam
3583 1914 3711 1952 cum

2126 1982 2378 2046 vidisset,
2420 1981 2650 2037 laudat:
2714 1980 2860 2037 Vidit
2897 1985 3065 2048 enim,
3122 1986 3326 2056 inquit.
3380 1987 3524 2043 Deus
3585 1988 3713 2044 vitae

2127 2074 2345 2141 lucem;
2375 2084 2433 2130 et
2457 2074 2597 2129 dixit
2622 2091 2635 2127 :
2663 2072 2812 2130 Bona
2851 2086 2957 2131 est.
2985 2076 3199 2132 Laudat
3219 2088 3425 2143 autem,
3447 2081 3709 2150 quoniam

2126 2167 2440 2224 delectatur
2459 2156 2773 2238 hujnsmodi
2810 2164 2954 2224 lucc.
2993 2170 3090 2225 Est
3117 2171 3265 2225 enim
3293 2172 3553 2242 gaudium
3589 2188 3716 2243 pro-

2128 2267 2253 2331 pter
2283 2276 2454 2315 unum
2496 2272 2847 2331 peccatorem
2871 2272 3034 2332 quem
3062 2263 3312 2332 pcenitet.
3343 2262 3712 2330 Quamobrem

2130 2361 2391 2423 tanquam
2412 2355 2549 2425 jam,
2574 2362 2630 2410 et
2656 2371 2686 2410 a
2712 2354 2841 2418 tlde,
2870 2364 2927 2410 et
2954 2371 2983 2409 a
3032 2355 3144 2410 vita
3198 2355 3362 2419 bona,
3405 2340 3713 2413 illuminata

2129 2453 2382 2498 creatura
2412 2453 2468 2498 et
2498 2443 2569 2499 ab
2605 2459 2670 2498 ea
2711 2443 2769 2498 in
2800 2443 3076 2519 baptismo
3101 2445 3371 2515 separatis
3392 2461 3516 2516 quae
3561 2447 3615 2501 in
3649 2463 3714 2503 ea

2118 2544 2289 2591 erant
2315 2536 2525 2606 peccati
2556 2536 2804 2591 tenebris
2824 2547 2881 2592 et
2914 2537 3342 2602 incredulitatis,
3370 2540 3555 2593 statim
3578 2539 3716 2595 sub-

2126 2628 2313 2699 junxit
2341 2628 2589 2697 Scuiptor
2617 2629 2808 2684 dicens
2838 2644 2852 2682 :
2882 2629 2952 2683 Et
2977 2630 3245 2700 separavit
3275 2630 3411 2685 Deus
3442 2634 3582 2686 inter
3626 2631 3712 2686 lu-

2131 2735 2243 2773 cem
2289 2726 2338 2772 et
2379 2720 2521 2773 inter
2577 2721 2840 2786 tenebras,
2908 2736 3032 2790 quae.
3080 2732 3238 2775 erant
3291 2737 3458 2792 super
3517 2737 3714 2792 aquam

2131 2810 2339 2881 abyssi.
2371 2809 2529 2876 Quod
2569 2812 3073 2882 przesigniliearunt
3114 2813 3280 2866 etiam
3321 2814 3425 2868 illa:
3461 2814 3584 2868 dua:
3621 2828 3711 2869 vo-

2132 2904 2316 2961 lucres
2339 2920 2463 2977 qua:
2497 2908 2712 2962 conisae
2740 2917 2870 2962 sunt
2898 2924 2965 2963 ex
2996 2924 3122 2962 arca
3173 2908 3288 2963 Noe
3317 2926 3330 2961 :
3390 2908 3536 2963 unde
3587 2909 3720 2964 licet

2132 2999 2324 3053 videre
2385 2997 2499 3053 illic
2551 3015 2772 3071 quoque
2818 3003 3033 3069 priores
3078 3015 3199 3054 esse
3240 2999 3516 3055 tenebras.
3562 2999 3719 3054 Prior

2133 3090 2281 3142 enim
2343 3103 2544 3145 corvus
2595 3089 2834 3144 evolavit
2888 3104 3056 3159 super
3114 3105 3305 3159 aquas.
3362 3089 3590 3145 Etcum
3633 3091 3719 3145 vel

2132 3179 2436 3234 suffocatus
2483 3190 2630 3235 esset
2689 3188 2746 3235 ct
2797 3181 3057 3250 periisset
3118 3180 3447 3235 tenebrosus
3500 3196 3719 3246 corvus,

2133 3271 2319 3337 Satan,
2343 3281 2437 3326 aut
2457 3273 2621 3328 etiam
2644 3272 2710 3327 ad
2735 3268 3161 3327 crassitudinem
3206 3273 3379 3345 864
3396 3283 3465 3335 et_
3482 3275 3721 3329 carnali-

2132 3370 2297 3417 tatetn
2327 3362 2647 3418 adhaesisset
2679 3366 2810 3431 (non
2834 3365 2981 3417 enim
3010 3372 3243 3433 possunt
3267 3379 3461 3419 otnnes
3512 3380 3723 3419 sermo-

2132 3466 2257 3508 nem
2310 3452 2553 3524 capere),
2592 3463 2724 3508 tunc
2772 3452 3014 3523 Spiritus
3067 3453 3183 3517 Dei,
3232 3454 3488 3508 columba
3530 3471 3722 3526 super-

2133 3546 2436 3612 ferebatur,
2466 3548 2658 3602 volans
2700 3564 2867 3617 super
2897 3564 3115 3618 aquam.
3153 3563 3263 3602 non
3294 3549 3583 3604 inveniens
3637 3566 3724 3606 re-

2134 3641 2321 3709 quiem
2355 3638 2591 3709 pedibus
2635 3638 2771 3700 suis,
2833 3645 2893 3692 ut
2944 3638 3363 3693 tabernaculum
3423 3639 3614 3711 ﬁgeret
3663 3641 3722 3697 in

2135 3732 2380 3798 homine,
2427 3741 2524 3784 aut
2569 3730 2907 3785 inbabilaret
2958 3738 3014 3785 et
3065 3730 3457 3795 inambularet,
3503 3733 3721 3790 etiamsi

2134 3823 2319 3879 omnia
2380 3822 2650 3877 montium
2710 3821 2997 3875 cacumina
3059 3830 3245 3875 essent
3303 3821 3540 3878 detecta.
3589 3823 3723 3891 Quae

2135 3915 2356 3985 quidem
2394 3913 2784 3984 signiﬁcabant
2837 3911 3047 3982 peccati
3098 3911 3444 3968 inlirmorum
3496 3916 3724 3971 eviden-

2137 4011 2266 4065 tiam
2310 4018 2366 4064 et
2398 4008 2821 4078 impudentiam,
2850 4017 2907 4062 et
2935 4007 3057 4063 vitii
3104 4009 3332 4063 nimiam
3392 4011 3714 4079 elationem,

2134 4102 2367 4172 ejusque
2394 4100 2704 4154 induratum
2734 4108 2789 4153 et
2816 4100 3073 4155 callosum
3108 4101 3445 4157 vecordiam.
3470 4102 3537 4156 Et
3585 4103 3716 4158 ideo

2135 4193 2432 4251 columba.
2489 4207 2685 4261 nempe
2757 4190 2997 4261 Spiritus
3053 4192 3173 4255 Dei,
3224 4192 3509 4247 ferebatur
3558 4209 3726 4264 super

2136 4303 2357 4357 aquam.
2402 4287 2554 4341 llanc
2588 4298 2786 4354 aquam
2837 4294 2891 4341 et
2942 4283 3205 4354 Spiritum
3257 4296 3503 4341 sanctum
3553 4288 3723 4342 veluti

2134 4379 2428 4449 quamdam
2453 4377 2597 4431 inter
2625 4392 2685 4431 se
2717 4376 2974 4430 habentia
3004 4377 3388 4446 cognationem
3435 4386 3634 4432 natura
3666 4387 3726 4433 et

455 4455 796 4511 Manichacus
836 4455 953 4511 haec
977 4456 1059 4511 sic
1083 4455 1408 4527 intelligere,
1436 4458 1576 4513 duos
1594 4460 1847 4515 nominat
1879 4461 2034 4529 deos,
2070 4494 2111 4545 υ
2142 4469 2614 4540 conjunctionem,
2671 4468 2724 4521 in
2751 4466 2988 4521 diversis
3019 4466 3158 4521 locis
3189 4460 3352 4521 Simul
3386 4467 3542 4538 ponit
3575 4467 3723 4522 Scri-

459 4550 716 4606 tenehras
741 4558 798 4604 et
828 4550 1007 4605 lucem
1038 4568 1053 4614 ;
1085 4557 1140 4605 et
1176 4561 1304 4606 ante
1334 4551 1618 4609 Christum
1650 4556 1851 4622 lucem,
1878 4561 2034 4630 ponit

455 4642 861 4702 adversarium.
897 4642 995 4712 qui
1024 4651 1112 4697 est
1133 4643 1402 4700 obscurus
1435 4661 1500 4702 ac
1526 4648 1853 4705 tenebrosus
1880 4667 1896 4718 ;
1932 4668 2036 4707 nos

458 4742 643 4789 autem
673 4749 768 4790 eas
797 4749 938 4804 quas
974 4733 1217 4793 diximus
1255 4738 1582 4808 anagogieas
1614 4738 1879 4796 facientes
1907 4758 2039 4798 con-

460 4828 847 4898 templationes
881 4869 895 4891 ,
934 4827 1176 4883 litteram
1231 4844 1340 4884 non
1401 4831 1773 4888 dissolvimus.
1825 4835 1983 4891 Absit
2021 4838 2036 4892 ι

460 4921 574 4975 imo
597 4935 729 4976 vero
754 4912 1356 4991 apertecogndscimus
1412 4923 1560 4993 quod
1620 4927 1862 4981 tenebrat
1909 4943 2040 4983 sen-

461 5011 591 5064 siles
621 5018 785 5065 erant
814 5025 986 5079 super
1008 5010 1267 5082 abyssum
1296 5012 1580 5077 sensilem,
1600 5021 1657 5068 et
1679 5014 1920 5083 Spiritus
1938 5018 2039 5072 Dei

466 5101 746 5158 ferebatur
806 5116 976 5172 super
1010 5117 1232 5172 aquam
1285 5104 1590 5171 sensilem-;
1638 5107 1754 5161 siVe
1812 5109 2042 5177 spiritus

465 5192 611 5248 aeris
663 5207 829 5270 quem
861 5191 1150 5247 nominare
1178 5200 1407 5248 ventum
1438 5195 1545 5251 scit
1566 5197 1912 5254 consuetudo
1938 5200 2041 5254 ho-

464 5284 700 5348 minum,
733 5284 851 5339 sive
889 5283 1132 5354 Spiritus
1162 5292 1387 5340 sanctus
1414 5302 1429 5350 ;
1454 5290 1610 5356 prius
1638 5287 1956 5358 signiﬁcans
1986 5299 2045 5346 et

466 5376 790 5433 describens
816 5376 1046 5447 gratiam
1071 5377 1247 5433 sancti
1278 5376 1538 5447 Spiritus.
1566 5378 1853 5436 Ambobus
1893 5381 2045 5437 enim

465 5477 553 5525 est
571 5485 745 5541 opus;
770 5486 970 5540 nempe
993 5480 1049 5526 et
1074 5471 1227 5526 aerio
1248 5473 1469 5542 spiritu,
1494 5484 1556 5529 ut
1572 5472 1937 5530 instarcrucis
1966 5476 2049 5530 in—

468 5561 727 5631 spiretiu
772 5579 972 5634 aquam
1025 5563 1415 5634 baptismatis;
1476 5575 1536 5621 et
1592 5575 1784 5622 sancto
1813 5568 2045 5639 Spiritu,

540 5678 588 5715 ⁸³
646 5681 788 5738 Psal.
831 5698 938 5746 xu.
968 5681 1021 5739 8.
1100 5681 1398 5738 "Zacbar.
1440 5700 1548 5745 xw.
1575 5684 1627 5738 8.

1739 5687 1785 5719 ⁸⁸
1831 5685 2036 5741 llabac.
2095 5705 2150 5741 ll!

540 5687 588 5715 ⁸³
646 5687 788 5738 Psal.
831 5698 938 5746 xu.
968 5687 1021 5739 8.
1100 5687 1398 5738 "Zacbar.
1440 5700 1548 5745 xw.
1575 5687 1627 5738 8.
1739 5687 1785 5719 ⁸⁸
1831 5687 2036 5742 llabac.
2095 5705 2174 5753 ης,
2229 5690 2314 5743 lii.

474 5750 520 5781 "
546 5752 703 5809 Joan.
735 5770 812 5822 tu,
854 5754 905 5808 5.
983 5752 1027 5783 “
1076 5752 1231 5808 Joau.
1272 5769 1361 5821 vn,
1400 5755 1490 5823 38,
1541 5755 1628 5812 '59.
1707 5756 1751 5789 “
1800 5758 1942 5812 l'sal.
1999 5774 2212 5826 chvtn,
2261 5764 2314 5813 t.

2140 4570 2323 4633 ptura.
2354 4561 2422 4615 Et
2485 4558 2611 4613 ideo
2655 4559 2793 4614 dicit
2841 4558 3110 4613 Dominus
3156 4558 3457 4613 Nicodemo
3491 4562 3725 4627 :Amen,

2144 4669 2301 4708 amen
2327 4651 2441 4705 dico
2480 4651 2590 4712 tibi.
2620 4646 2723 4704 nisi
2750 4652 2867 4719 quis
2906 4650 3111 4721 genitus
3171 4649 3328 4719 fuerit
3381 4667 3475 4721 per
3529 4669 3726 4724 aquam

2147 4752 2195 4799 et
2230 4742 2509 4815 Spiritum,
2547 4759 2651 4797 non
2681 4742 2901 4796 intrabit
2932 4744 2988 4796 in
3019 4758 3241 4812 regnum
3271 4743 3522 4798 calorum
3554 4745 3619 4800 ⁸³.
3659 4745 3730 4801 Et

2148 4851 2392 4890 rursus:
2426 4833 2527 4899 Qui
2569 4834 2731 4888 credit
2791 4836 2845 4888 in
2910 4849 3012 4899 me,
3070 4834 3206 4887 sicut
3258 4836 3392 4889 dixit
3424 4835 3726 4908 Scriptura,

2147 4928 2292 4998 ﬂuvii
2324 4943 2389 4981 ex
2418 4929 2530 4998 ejus
2552 4936 2740 4982 uentre
2768 4929 2935 4999 ﬂuent
2960 4942 3114 4997 aqua:
3170 4930 3299 4981 viva:
3326 4944 3346 4993 ;
3399 4931 3495 4983 hoc
3551 4939 3731 4985 autem

2147 5022 2355 5076 dicebat
2377 5021 2441 5073 de
2463 5019 2666 5086 Spiritu
2699 5037 2857 5091 quem
2894 5020 3161 5087 accepturi
3184 5030 3333 5073 erant
3373 5022 3639 5077 credentes
3677 5025 3733 5077 in

2146 5129 2265 5166 cum
2285 5112 2352 5166 “.
2380 5113 2844 5183 Psalmographus
2871 5127 3093 5181 quoque
3114 5112 3200 5166 bis
3229 5115 3625 5169 convenienter
3649 5116 3735 5169 di-

2145 5203 2221 5257 cit
2254 5220 2265 5255 :
2309 5200 2547 5255 Laudate
2570 5218 2711 5267 eum,
2730 5202 2847 5255 cteli
2877 5200 3147 5266 certorum,
3175 5215 3225 5258 et
3255 5220 3406 5274 aquis
3434 5220 3548 5274 qua:
3576 5221 3737 5274 super

2150 5298 2303 5349 oculos
2332 5301 2455 5347 sunt
2476 5292 2694 5348 laudent
2723 5309 2913 5348 nomen
2939 5292 3174 5359 Domini,
3198 5295 3449 5365 quoniam
3478 5305 3555 5349 est
3584 5293 3737 5349 ca?an

2154 5395 2328 5441 totum
2362 5385 2430 5439 “.
2455 5384 2532 5441 Ea
2562 5385 2631 5441 de
2665 5401 2831 5440 causa
2864 5394 3154 5440 terrestres
3187 5393 3243 5439 et
3272 5385 3528 5440 caelestes
3564 5402 3739 5457 aquas

2155 5478 2745 5548 magisobtenebratas
2767 5475 3020 5533 nominat
3062 5475 3372 5545 Scriptura,
3400 5476 3564 5532 nobis
3609 5493 3739 5548 pec-

2153 5580 2278 5625 cato
2307 5569 2688 5625 difﬂuentibus
2722 5568 2980 5623 tenebras
3013 5569 3224 5639 peccati
3279 5568 3579 5626 ostendens
3608 5569 3743 5626 insi-

2393 5689 2432 5720 "
2480 5688 2619 5744 Psal.
2658 5704 2835 5754 ικκνι,
2880 5687 3045 5789 lii-lii
3165 5689 3209 5720 "
3240 5688 3375 5746 Psal.
3416 5705 3629 5758 cscvm,
3683 5688 3743 5760 7.
