4026 6140
369 298 436 358 δῖ
448 294 471 357 1

1585 300 1644 359 S.
1683 299 2089 359 ANASTASII
2127 298 2456 362 SiNAth‘E

3532 303 3637 368 872

373 410 527 462 dere.
557 404 850 475 Separavit
874 414 1056 461 tamen
1084 400 1230 463 Deus
1282 406 1425 462 inter
1475 408 1656 464 lucem
1697 417 1755 463 et
1794 417 1949 466 tene-
1980 421 2025 477 Α
2053 409 2399 480 operatione,
2429 417 2487 464 et
2513 409 2565 463 te
2594 402 3014 477 apprehendent
3045 408 3287 467 tenebrae
3306 411 3558 481 caliginis
3579 423 3631 477 et

377 500 525 562 bras,
556 498 803 569 expulsis
846 514 878 553 a
928 500 1091 557 nobis
1133 501 1502 571 potestatibus
1549 502 1952 569 tenebrarum;

375 607 588 661 ponens
619 601 870 647 nostrum
904 592 1152 648 medium
1174 593 1465 663 parietem,
1509 596 1832 665 angularem
1879 595 1958 649 la-

374 682 559 750 pidem
591 680 873 739 Christum
902 699 917 749 ;
943 682 1011 737 de
1042 698 1155 752 quo
1185 684 1349 739 eti-am
1376 685 1682 757 subiungit,
1711 687 1905 743 dicens
1939 704 1952 740 :

382 772 585 828 νοωυή
632 774 820 839 lucem,
859 775 1019 841 diem,
1074 782 1125 829 et
1183 775 1427 831 tenebras
1476 779 1677 833 vaeavit
1727 786 1954 832 noctem.

373 864 492 921 Lux
518 874 624 934 est,
642 868 840 938 inquit,
872 882 1035 938 quem
1058 867 1225 923 etiam
1251 868 1398 925 diem
1423 884 1597 926 voco:
1630 885 1757 940 qua:
1772 880 1957 926 autem

374 958 427 1013 ei
462 959 829 1015 adversantur
853 961 1108 1017 tenebras
1140 968 1358 1017 noctem
1395 961 1629 1032 appello.
1665 962 1772 1021 Et:
1824 962 1957 1017 Am-

375 1050 555 1105 bulate
583 1053 746 1107 donec
778 1052 946 1108 lucem
969 1053 1205 1117 habetis;
1234 1054 1375 1107 venit
1406 1068 1533 1119 nox,
1561 1054 1773 1125 quando
1806 1060 1957 1107 uento

376 1152 543 1215 potest
570 1146 783 1215 operari
812 1145 879 1199 °°.
910 1145 1020 1200 Nos
1049 1145 1196 1201 enim
1226 1158 1341 1203 non
1367 1160 1562 1201 sumus
1614 1144 1714 1201 ﬁlii
1754 1145 1956 1210 noctis,

377 1235 473 1291 sed
498 1235 608 1291 diei
632 1236 860 1292 Christi.
893 1235 997 1303 Qui
1033 1237 1180 1293 enim
1210 1237 1497 1293 dormiunt
1530 1250 1785 1293 somnum
1830 1252 1960 1307 pec»

381 1329 514 1394 cali,
549 1328 604 1381 in
635 1329 814 1384 noctis
838 1328 1087 1383 tenebris
1119 1327 1407 1383 dormiunt
1435 1335 1530 1383 :et
1557 1328 1654 1399 qui
1680 1328 1958 1384 inebriam

378 1425 489 1482 tur,
515 1434 710 1481 rursus
738 1417 795 1472 in
838 1418 955 1487 ipsa
992 1428 1156 1473 nocte
1201 1416 1550 1473 inebriantur
1580 1434 1648 1472 ex
1694 1418 1957 1489 peccatis,

375 1509 522 1565 sicut
542 1509 706 1565 docet
730 1510 935 1565 Paulus
958 1509 1024 1563 ⁸⁷.
1057 1509 1125 1564 Et
1148 1510 1349 1579 factum
1366 1518 1442 1563 est
1463 1525 1667 1581 uesper,
1687 1518 1736 1563 et
1758 1510 1959 1579 factum

375 1609 453 1654 est
484 1618 638 1656 mane
667 1602 777 1655 dies
803 1618 961 1656 unus.
994 1600 1113 1655 Non
1144 1599 1285 1661 dixit
1314 1618 1326 1654 :
1369 1600 1492 1654 Dies
1544 1600 1747 1670 primus
1773 1617 1792 1665 ;
1837 1600 1955 1665 sed,

374 1691 497 1745 Dies
526 1709 683 1759 unus,
714 1707 826 1746 non
853 1692 986 1747 duo.
1039 1690 1149 1745 Hoc
1211 1692 1523 1761 mysterium
1577 1708 1829 1762 magnum
1883 1701 1959 1747 est

2062 501 2353 557 caecitatis.
2389 499 2597 556 Deinde
2623 508 2815 568 postea
2854 499 2949 555 ﬁet
2987 500 3087 556 tibi
3112 514 3272 557 mane
3304 519 3317 555 :
3354 517 3553 572 nempe
3581 512 3635 560 et

2059 595 2173 653 illic
2231 606 2318 653 est
2366 595 2487 650 dies
2535 594 2981 660 resurrectionis,
3030 602 3090 649 et
3125 596 3385 651 exoriens
3428 596 3508 651 sol
3542 598 3633 667 qui

2059 684 2207 745 cadit
2228 683 2335 741 sub
2378 682 2820 753 intelligentiam,
2870 682 3046 741 solvet
3084 682 3629 750 mortalem'noetem,

2057 784 2115 832 et
2156 783 2211 831 te
2247 775 2470 835 vocabit
2510 782 2571 829 ut
2598 774 3020 845 expergiscaris,
3056 781 3114 830 et
3140 774 3222 828 sic
3250 770 3467 831 videbis
3496 774 3634 829 divi-

2056 883 2192 923 num
2230 867 2365 922 illud
2418 882 2578 923 mane
2631 866 2779 935 quod
2829 865 3054 936 quidem
3105 865 3284 921 Moses
3333 866 3635 922 nominavit

2058 957 2229 1015 diem.
2251 958 2442 1028 Neque
2465 957 2606 1012 dixit
2627 956 2773 1011 diem
2797 956 3035 1026 primum
3066 973 3080 1009 :
3106 955 3254 1026 quod
3276 955 3450 1026 magis
3474 971 3634 1026 opor-

2059 1050 2235 1114 tebat,
2281 1058 2340 1104 et
2363 1050 2512 1109 diem
2537 1056 2852 1105 extremum
2890 1049 3468 1113 recensereoratiune
3494 1066 3508 1101 :
3539 1049 3632 1104 sed

2060 1143 2325 1213 quoniam
2354 1142 2538 1214 typice
2565 1141 2947 1211 prmnarrabat
2978 1141 3135 1195 illum
3172 1140 3445 1205 futurum,
3472 1155 3636 1210 quem

2058 1248 2173 1289 non
2202 1233 2514 1289 metiuntur
2538 1231 2693 1288 horae
2719 1241 2778 1286 et
2799 1239 3026 1302 puncta,
3062 1239 3119 1285 et
3145 1231 3242 1300 qui
3266 1238 3428 1285 nocte
3466 1230 3635 1285 inter-

2060 1324 2382 1395 rumpitur,
2428 1323 2527 1389 sed
2569 1333 2655 1380 est
2696 1332 3006 1394 perpetuus
3057 1330 3116 1378 et
3160 1321 3481 1387 continuus,
3511 1337 3637 1377 eum

2066 1416 2380 1473 nominavit
2403 1431 2599 1483 unum,
2628 1415 2802 1486 utqui
2828 1430 3050 1483 semper
3069 1414 3325 1483 similiter
3358 1417 3415 1469 et
3443 1412 3637 1468 eodem

2061 1506 2227 1565 modo
2259 1524 2318 1565 se
2354 1509 2558 1565 habeat
2589 1525 2603 1563 :
2643 1516 2701 1564 et
2738 1524 2850 1564 non
2876 1509 3139 1578 primum,
3164 1517 3461 1579 propterea
3492 1507 3639 1578 quod

2060 1616 2167 1659 nec
2191 1600 2421 1658 omnino
2443 1601 2941 1659 circumscribatur
2967 1601 3185 1657 ultimo.
3222 1601 3472 1655 Primum
3494 1601 3641 1656 enim

2059 1694 2400 1753 et'ultimum
2423 1701 2556 1748 sunt
2578 1692 2855 1763 ejusmodi
2880 1699 2943 1747 ut
2964 1691 3278 1748 referantur
3297 1690 3364 1749 ad
3387 1688 3639 1761 aliquid:

376 1786 598 1854 (Vesper
641 1792 700 1839 ει
728 1787 936 1850 malle).
971 1800 1065 1854 €90
1100 1792 1279 1838 αειεεηι
1309 1783 1425 1837 dico
1452 1784 1509 1837 δη
1539 1780 1745 1839 Cluilia
1774 1791 1823 1836 ει
1855 1782 1957 1839 Et.
1990 1774 2029 1829 Β
2059 1787 2175 1845 illis
2210 1796 2399 1865 autem
2434 1785 2575 1842 nihil
2615 1787 2721 1842 tale
2754 1784 2919 1855 quale
2947 1784 3131 1840 oritur
3161 1782 3446 1840 Christus.
3481 1783 3643 1838 inve-

374 1874 534 1930 clcsia
571 1875 640 1941 ⁸⁸,
669 1890 792 1945 qua:
820 1874 1119 1946 aliquando
1153 1885 1278 1930 erat
1311 1890 1510 1945 vesper
1542 1875 1866 1937 obscurum,
1900 1875 1954 1931 ei

373 1974 559 2022 autem
583 1966 734 2020 unita
757 1979 885 2023 vera
909 1966 1030 2021 luce
1055 1969 1281 2020 fuerunt
1298 1964 1410 2020 duo
1434 1965 1491 2020 in
1517 1979 1742 2021 carnem
1762 1980 1951 2031 rinam.

376 2057 435 2113 in
463 2073 633 2112 unum
661 2055 807 2111 lucis
853 2052 1003 2112 diem
1047 2058 1142 2126 qui
1188 2056 1466 2112 illuminat
1508 2071 1731 2113 omnem
1777 2057 1957 2113 homi-

376 2165 502 2203 nem
551 2148 864 2203 venientem
900 2148 957 2202 in
993 2148 1261 2202 mundum
1315 2147 1446 2204 ﬁdei
1502 2147 1733 2204 Christi.
1781 2148 1957 2216 Quem

375 2239 578 2295 deinde
627 2238 865 2294 initiavit
910 2238 1208 2309 baptismo,
1237 2255 1363 2295 eum
1399 2238 1614 2296 diceret
1644 2257 1657 2294 :
1687 2238 1757 2294 Et
1785 2238 1957 2310 Spiri-

376 2341 462 2385 tus
510 2330 606 2385 Dei
654 2330 923 2400 ferebatur
973 2346 1135 2400 super
1186 2348 1377 2402 aquas,
1420 2346 1520 2401 per
1574 2331 1842 2401 Spiritum
1899 2340 1957 2388 et

374 2439 573 2494 aquam
600 2423 782 2494 ipsum
812 2424 1113 2479 ostendens
1142 2441 1157 2477 :
1184 2438 1284 2494 per
1313 2438 1476 2493 quem
1505 2432 1562 2479 et
1601 2425 1782 2493 ipsum
1819 2439 1956 2494 pur-

372 2513 521 2584 gavit
548 2513 621 2567 ab
672 2513 919 2583 antiquis
974 2512 1255 2575 sordibus,
1284 2521 1341 2567 et
1393 2512 1585 2568 docuit
1629 2515 1956 2585 mysterium

376 2605 835 2677 regenerationis,
858 2605 990 2676 quia
1021 2606 1198 2660 dixit:
1231 2603 1358 2659 Fiat
1383 2604 1495 2671 tua,
1526 2622 1627 2677 per
1656 2607 1807 2677 quod
1835 2623 1958 2665 ver-

374 2698 507 2752 bum
560 2706 613 2752 et
659 2698 862 2753 bonam
905 2698 1076 2753 vitam
1102 2697 1173 2753 ab
1215 2713 1284 2752 eo
1311 2699 1512 2769 exegit,
1542 2714 1664 2768 qua:
1697 2709 1956 2770 tanquam

377 2788 470 2841 lux
494 2788 675 2842 luceat
699 2796 828 2843 ante
856 2787 1051 2843 faciem
1080 2789 1237 2859 ejus:
1272 2802 1342 2842 ne
1367 2790 1649 2859 contingat
1677 2803 1804 2843 eum
1833 2805 1957 2846 esse

376 2880 594 2949 pigrum
617 2877 688 2932 ad
715 2878 962 2934 intonsos
984 2887 1041 2934 et
1062 2879 1424 2935 vehementes
1452 2880 1685 2936 sudores
1711 2881 1954 2949 virtutis,

379 2976 441 3023 ut
494 2969 591 3039 qui
642 2983 756 3023 non
791 2970 865 3024 sit
905 2970 1198 3027 habiturus
1225 2985 1462 3029 coronas
1491 2980 1770 3028 tantorum
1792 2974 1960 3030 sudo-

374 3075 498 3114 rum
548 3075 786 3130 quorum
850 3070 978 3117 sunt
1026 3063 1325 3132 participes
1352 3063 1525 3119 futuri
1551 3065 1648 3135 qui
1681 3065 1953 3123 laberant.

376 3151 517 3206 Eum
572 3152 737 3207 docet
788 3152 955 3208 etiam
1009 3154 1332 3224 mysterium
1394 3155 1839 3220 resurrectionis,
1898 3164 1956 3212 et

377 3245 515 3300 dicit
543 3262 556 3299 :
586 3246 665 3301 Ne
690 3255 852 3315 putes
876 3245 943 3299 ad
972 3245 1186 3300 nullum
1211 3244 1433 3301 lucrum
1460 3246 1561 3302 tibi
1590 3262 1713 3303 esse
1736 3248 1952 3303 reditu-

376 3353 439 3392 ra
469 3338 791 3393 certamina.
832 3339 951 3394 Non
984 3339 1057 3395 ita
1102 3340 1248 3406 erit;
1290 3339 1385 3396 sed
1422 3339 1531 3395 erit
1562 3339 1664 3395 tibi
1699 3355 1954 3410 vespera,

376 3444 479 3499 per
504 3437 738 3485 mortem
765 3430 979 3486 scilicet
1004 3440 1287 3489 contracta
1312 3448 1334 3485 ε
1364 3439 1424 3487 et
1451 3431 1675 3489 vacabis
1700 3430 1771 3486 ab
1804 3431 1956 3489 omni

381 3627 587 3644 m—

600 3632 878 3645 Ψ

887 3632 1183 3645 ..κη-α

2055 1878 2181 1935 nics
2247 1886 2434 1935 autem
2490 1893 2589 1934 eos
2648 1877 2819 1934 etiam
2880 1876 2975 1946 qui
3017 1883 3146 1931 sunt
3183 1883 3341 1931 extra
3383 1873 3646 1945 gratiam,

2053 1967 2249 2024 eadem
2322 1966 2439 2024 fere
2507 1965 2718 2023 dicere.
2799 1964 3125 2037 Pythagorei
3187 1964 3337 2021 enim
3396 1962 3646 2033 primum

2057 2055 2204 2113 diem
2254 2056 2486 2121 mensis,
2536 2071 2650 2111 non
2683 2055 2949 2125 primum,
2989 2054 3087 2112 sed
3122 2054 3359 2111 similem
3388 2054 3648 2125 nomina-

2057 2159 2187 2204 runt
2210 2162 2227 2202 :
2254 2164 2388 2216 non,
2411 2158 2473 2205 ut
2490 2148 2713 2219 opinor,
2735 2147 2949 2204 visione
2969 2146 3451 2217 apprehendentes
3476 2144 3646 2200 vitam

2058 2239 2210 2297 illam
2245 2239 2845 2304 indissolubilem,.sed
2869 2238 3091 2295 interim
3116 2253 3243 2295 eam
3275 2238 3356 2301 sic
3383 2238 3646 2301 nomina-

2057 2339 2280 2387 verunt.
2310 2330 2551 2401 Egyptii
2581 2345 2809 2401 quoque
2857 2345 3013 2385 sacra
3072 2329 3287 2385 ratione
3334 2329 3648 2386 draconem

2056 2424 2154 2493 qui
2187 2432 2346 2477 vorat
2370 2423 2603 2478 caudam
2624 2421 2946 2492 insculpunt
2969 2422 3023 2477 in
3049 2419 3458 2491 pyramidibus,
3482 2431 3650 2476 teter-

2058 2530 2184 2571 nam
2217 2523 2274 2570 et
2302 2514 2645 2571 individuam
2681 2513 3172 2569 circumactionem
3203 2511 3529 2569 divinarum
3563 2529 3653 2567 re-

2057 2618 2183 2662 rum
2219 2606 2597 2677 signiﬁcantes
2618 2622 2647 2673 ι
2666 2605 2965 2661 draconem
2992 2604 3142 2659 enim
3172 2604 3229 2658 in
3264 2604 3399 2660 deos
3436 2603 3655 2659 refere-

2058 2696 2478 2771 bantrEgyptii.
2525 2697 2780 2768 Orpheus
2823 2706 3011 2752 autem
3051 2696 3227 2752 Deum
3264 2695 3508 2771 vocabat
3557 2713 3655 2766 μο-

2059 2789 2533 2855 vdﬁa,unitatem,
2576 2788 2633 2844 id
2670 2795 2780 2855 est,
2828 2787 3198 2843 individuum.
3250 2787 3457 2857 Neque
3509 2786 3661 2843 enim

2057 2881 2455 2950 scsquialtera,
2475 2889 2573 2935 aut
2600 2879 2984 2950 sesquitertia,
3013 2887 3112 2933 aut
3151 2878 3335 2949 aliqua
3374 2878 3497 2933 alia
3532 2894 3663 2949 pars

2059 2972 2282 3026 numeri
2311 2972 2479 3029 estin
2504 2970 2645 3042 ipso.
2678 2971 2870 3026 Diﬁ‘ert
2906 2978 3097 3025 autem
3147 2969 3333 3024 unitas
3383 2969 3461 3024 ab
3520 2984 3655 3033 uno,

2058 3074 2338 3134 quatenus
2358 3065 2723 3136 archetypum
2751 3060 2940 3118 diﬁ‘ert
2961 3060 3030 3116 ab
3065 3061 3325 3133 imagine.
3348 3061 3662 3132 Exemplar

2060 3157 2286 3228 quidem
2307 3165 2394 3215 est
2416 3157 2619 3221 unitas,
2651 3155 2882 3210 unitatis
2904 3163 3090 3211 autem
3121 3154 3545 3217 imitamentum
3572 3162 3660 3209 est

2059 3266 2233 3306 unum
2265 3268 2278 3304 :
2311 3250 2590 3321 quomodo
2618 3249 2698 3304 sol
2719 3258 2805 3305 est
2847 3248 3251 3303 imitamentum
3296 3247 3477 3303 unius
3535 3247 3666 3302 uni-

2064 3343 2217 3408 tatis,
2250 3343 2407 3408 Jesu,
2454 3342 2698 3413 inquam.
2737 3341 2849 3412 Ipsi
2878 3339 2950 3397 sit
2976 3326 3153 3411 gleria
3193 3345 3252 3395 et
3289 3340 3556 3409 potentia
3604 3339 3665 3397 in

2062 3434 2264 3489 siecula
2289 3434 2639 3490 saeculorum.
2670 3433 2869 3489 Amen.

1463 3797 1825 3935 Lmen
1896 3796 2553 3893 SECUNDUS.
2611 3762 2629 3859 ἑ

1539 3990 1622 4031 DE
1653 3988 1945 4034 SECUNDO
1977 3988 2086 4032 DIE
2117 3989 2516 4040 ειιιζΑτιοΝιε.

443 4263 634 4324 Primo
673 4266 763 4323 die
810 4267 1014 4323 factum
1054 4274 1155 4357 est
1202 4266 1393 4321 velum
1440 4266 1748 4338 superioris
1801 4264 1950 4332 εαξη,
1987 4267 2030 4324 D
2060 4266 2239 4338 posito
2269 4267 2372 4325 sub
2398 4284 2539 4340 aqua
2571 4270 2929 4340 ﬁrmamenti,
2964 4274 3069 4332 sub
3092 4278 3228 4344 sole,
3250 4278 3524 4353 inquam,
3549 4284 3677 4357 ejus

367 4358 523 4429 quod
581 4359 988 4430 appropinquat
1040 4356 1280 4413 Sanctus
1336 4365 1677 4423 sanctorum,
1725 4372 1836 4428 quo
1869 4357 1954 4412 in-

371 4452 534 4507 troiit
558 4468 868 4522 przecursor
888 4466 989 4521 pro
1010 4450 1172 4505 nobis
1192 4451 1449 4507 Christus
1469 4452 1535 4507 θ’.
1561 4451 1641 4507 Ea
1661 4450 1731 4507 de
1762 4465 1949 4515 causa,

368 4540 442 4595 de
468 4550 691 4606 caatero,
720 4540 966 4596 secundo
995 4539 1086 4594 die
1127 4540 1188 4594 ﬁt
1246 4540 1553 4599 secundum
1599 4549 1655 4596 et
1706 4543 1953 4597 exterius

370 4634 578 4692 Velum.
600 4617 748 4700 quod
769 4630 979 4686 dicitur
1006 4649 1019 4685 :
1045 4630 1459 4685 Firmamentum
1492 4632 1550 4685 in
1572 4631 1742 4686 medio
1775 4647 1951 4702 aqua:

368 4720 519 4790 quod
558 4719 783 4791 quidem
818 4730 903 4776 est
940 4722 1347 4776 ﬁrmamentum
1388 4720 1517 4776 ﬁdei
1556 4720 1611 4776 in
1645 4718 1948 4778 Christum.

373 4810 494 4867 Non
520 4812 719 4869 inisset
742 4821 930 4867 autem
960 4813 1067 4867 hoc
1089 4811 1320 4877 factum,
1342 4812 1449 4867 nisi
1478 4798 1633 4883 prius
1655 4820 1783 4869 nata
1805 4823 1952 4871 esset

372 4904 471 4959 tux
505 4922 518 4958 :
569 4918 769 4973 nempe
807 4913 1099 4975 postquam
1142 4903 1334 4960 datum
1368 4904 1786 4976 fuitbaptisma,
1816 4905 1953 4962 ﬁdes

370 4993 647 5063 sequitur.
682 4993 801 5051 Non
849 4995 909 5047 tit
953 5001 1137 5050 autem
1185 5005 1340 5051 extra
1380 5011 1578 5066 aquam
1622 4998 1729 5053 hoc
1767 4997 1951 5054 ﬁrma-

375 5092 644 5151 mentum,
694 5085 791 5140 sed
832 5085 888 5139 in
933 5084 1117 5141 medio
1158 5102 1315 5157 aquae
1336 5088 1581 5143 omnium
1609 5090 1853 5161 gentium
1883 5105 1953 5145 ex

372 5192 438 5230 ea
468 5186 811 5243 concretum,
842 5177 1105 5249 quoniam
1135 5180 1253 5249 fecit
1275 5179 1413 5235 Deus
1437 5180 1668 5237 salutem
1692 5184 1748 5236 in
1778 5184 1951 5239 medio

358 5276 531 5331 terra:
590 5268 657 5334 ’°,
708 5277 900 5340 utpote
948 5270 1042 5339 qui
1072 5269 1406 5326 habitaverit
1442 5272 1499 5327 in
1524 5272 1708 5328 medio
1744 5274 1950 5329 terreni

372 5359 517 5413 uteri
550 5359 795 5431 Virginis
830 5378 844 5414 ε
876 5368 933 5417 et
957 5361 1196 5418 salutem
1224 5363 1417 5419 mundi
1440 5363 1637 5420 iecerit
1662 5375 1952 5434 compacto

352 5448 718 5515 ﬁrmamento
764 5454 940 5511 sancti
979 5456 1066 5511 sui
1099 5455 1353 5527 corporis
1396 5457 1455 5511 in
1484 5457 1670 5514 medio
1700 5457 1952 5513 incorru-

370 5550 480 5611 pta:
515 5545 778 5613 metricis,
838 5547 1006 5604 fontis
1058 5550 1186 5604 vitae
1220 5550 1422 5619 puellae
1467 5550 1562 5605 Dei
1626 5549 1860 5615 Matris;
1895 5558 1952 5604 et

525 5673 680 5760 toan.
712 5693 792 5734 Is.
929 5696 1032 5760 sit,
1207 5682 1278 5760 _"
1316 5682 1331 5732 l
1365 5682 1557 5760 Thess.
1617 5697 1669 5747 v,
1703 5672 1772 5736 7.‘
1835 5683 1879 5715 ⁸⁸
1932 5683 2131 5755 Epiros.
2167 5703 2217 5751 ν,
2244 5688 2333 5742 3:2.
2412 5690 2460 5721 "
2499 5690 2658 5747 il‘br.
2710 5708 2785 5760 vl,
2823 5693 2913 5749 29.

374 5736 416 5773 ’⁸³
454 5741 642 5796 Matth.
677 5760 785 5809 xw,
824 5747 911 5800 18.
988 5748 1033 5779 ⁷³
1075 5750 1265 5804 Mullit.
1298 5767 1350 5817 π,
1391 5752 1474 5805 lii.

2060 4360 2393 4416 divinitatis.
2435 4362 2495 4417 in
2519 4363 2625 4417 hoc
2661 4364 3031 4433 ﬁrmamento,
3064 4370 3192 4435 ﬁde,
3226 4371 3498 4443 inquam,
3532 4379 3679 4433 aedr-

2061 4449 2245 4506 ﬁcavit
2293 4453 2503 4517 lunam,
2541 4454 2863 4519 Ecclesiam,
2904 4458 3098 4514 dicens
3131 4460 3247 4517 fore
3276 4471 3343 4517 ut
3373 4477 3563 4536 porta:
3592 4470 3683 4522 in-

2059 4541 2197 4611 ferni
2227 4558 2333 4596 non
2368 4546 2720 4614 praevalerent
2748 4548 2999 4603 adversus
3024 4564 3149 4605 eam
3185 4553 3252 4607 ".
3280 4554 3461 4614 Unde
3502 4562 3680 4615 etiam

2058 4632 2275 4689 ﬁrmis
2303 4634 2407 4689 iuit
2432 4634 2488 4690 in
2511 4637 2697 4698 medio
2730 4652 3027 4712 aquarum,
3064 4642 3416 4704 inconcussa
3457 4650 3520 4704 in
3559 4668 3685 4707 me-

2059 4725 2169 4781 diis
2196 4726 2478 4793 ﬂuctibus,
2522 4730 2723 4793 ventis,
2758 4732 3038 4802 procellis,
3061 4743 3117 4789 et
3141 4736 3673 4800 innumerabilibu:

2058 4819 2489 4889 tempestatibus
2511 4823 2833 4891 passionum
2874 4833 2932 4879 et
2981 4825 3271 4882 bzeresum.
3333 4829 3443 4888 Sic
3500 4836 3680 4890 etiam

2058 4930 2156 4970 eos
2184 4915 2276 4985 qui
2329 4929 2450 4969 eam
2501 4914 2870 4982 aediﬁcarunt,
2919 4917 3070 4971 misit
3124 4927 3403 4984 tanquam
3444 4942 3579 4981 oves
3626 4929 3685 4981 in

2060 5007 2234 5061 medio
2275 5005 2524 5077 luporum
2556 5007 2641 5061 ηε
2675 5008 2944 5074 virorum,
2987 5009 3235 5079 inquam,
3265 5015 3379 5081 qui
3417 5018 3587 5073 caele
3619 5033 3687 5073 ac

2058 5098 2327 5169 sanguine
2356 5097 2702 5153 delectantur
2727 5116 2743 5162 ;
2770 5098 3007 5155 dicens:
3049 5100 3113 5156 In
3166 5103 3348 5158 stadio
3394 5125 3686 5179 aquarum

2059 5189 2157 5258 ﬁat
2206 5186 2628 5259 ﬁrmamentum,
2673 5204 2873 5262 nempe
2910 5193 3049 5248 ﬁdes
3096 5194 3248 5249 ﬁrma
3283 5200 3683 5266 praedicetur,

2059 5297 2130 5336 nc
2156 5283 2394 5352 amplius
2446 5282 2835 5339 diseindantnr
2883 5287 3279 5357 agitenturque
3332 5300 3404 5347 et
3456 5293 3687 5350 dimin-

2060 5373 2263 5430 dantur
2315 5389 2492 5444 aquae,
2515 5374 2769 5445 gentiles,
2828 5376 2951 5432 aliis
2970 5377 3206 5445 quidem
3233 5377 3593 5440 dicentibus
3626 5400 3688 5441 se

2059 5479 2180 5520 esse
2219 5467 2391 5531 Petri,
2419 5467 2547 5522 aliis
2569 5480 2710 5523 vero
2739 5468 2919 5533 Pauli,
2942 5469 3067 5524 aliis
3103 5486 3239 5526 vero
3270 5469 3507 5544 Cephea
3540 5495 3557 5532 :
3587 5477 3688 5533 sed

2063 5555 2312 5612 ﬁrmetur
2342 5573 2538 5612 eorum
2578 5574 2751 5623 mare,
2784 5568 2845 5615 ut
2869 5577 2972 5633 ego
2996 5563 3285 5619 ambulem
3334 5582 3528 5638 super
3564 5572 3695 5642 eius

3011 5695 3054 5727 το
3108 5693 3259 5750 Psal.
3294 5712 3517 5766 LXXI",
3564 5702 3657 5759 1‘2.
