4026 6140
374 277 479 338 sn
805 262 811 268 ’
1470 282 1551 341 ιχ
1593 282 1959 341 unusne

2038 282 2140 342 Ν.
2172 287 2404 346 ~Llil.
2450 288 2528 344 Il.
2588 286 2601 295 “
3526 282 3628 343 δτι

373 406 546 461 aquas
576 398 633 445 et
682 392 987 449 inhabilem
1016 402 1072 449 et
1102 393 1440 449 inambulem
1472 394 1530 449 in
1556 395 1821 450 cordibus
1848 406 1946 449 eo-
1980 407 2017 455 ,-\
2052 413 2158 451 non
2195 409 2379 454 autem
2410 408 2604 454 natura
2637 418 2650 452 :
2682 414 2907 455 necesse
2933 409 3013 453 est
3041 399 3112 454 ob
3139 406 3366 469 typtcas,
3397 398 3493 452 sed
3520 415 3626 452 ιιωη

376 498 496 537 rum
528 483 583 536 in
622 484 806 539 medio
834 501 991 554 aqua:
1014 486 1170 551 vivre,
1208 485 1313 540 ﬁde
1348 503 1361 540 :
1394 495 1450 541 et
1488 502 1644 556 aqua:
1699 495 1946 550 mortuze,
2054 493 2353 554 naturales,
2392 508 2522 563 qua:
2567 494 2727 548 dictae
2769 501 2900 549 sunt
2947 507 3131 547 rerum
3181 491 3524 553 traditiones,
3578 492 3630 544 id

375 574 779 631 incredulitate.
836 577 972 630 Nam
1002 577 1046 632 si
1082 589 1167 632 est
1207 576 1466 642 inﬁdelis,
1496 589 1784 648 separetur
1810 579 1953 632 ziza-
2053 583 2238 639 dicere
2302 586 2705 640 ﬁrmamentum
2764 586 2913 655 quod
2962 584 3163 639 factum
3212 591 3297 638 est
3337 599 3403 637 cx
3452 583 3630 652 aquis.

375 670 465 723 nia
500 685 530 723 a
569 670 779 734 tritico,
821 671 978 740 palea
1002 686 1031 724 a
1062 686 1203 741 pane
1235 688 1248 723 :
1291 669 1410 724 Non
1437 671 1584 726 enim
1611 672 1728 724 veni
1752 680 1808 725 ut
1829 673 1951 724 mit-
2054 675 2186 730 Erat
2214 676 2445 746 abyssus
2470 677 2821 732 tenebrarum
2850 677 3030 739 sedes,
3067 676 3250 729 homo.
3282 674 3414 741 Qum
3447 682 3632 728 autem

376 769 537 814 terem
579 777 765 830 pacem
815 761 860 791 ⁷³
894 761 1036 815 lucis
1064 762 1131 816 ad
1171 762 1453 824 tenebras,
1483 761 1578 815 sed
1615 769 1676 815 ut
1712 760 1950 815 facerem
2054 782 2151 835 per
2180 766 2461 824 Christum
2506 769 2741 823 exaltata
2774 778 2860 823 est
2902 783 3089 838 supra,
3122 767 3220 822 Dei
3253 766 3390 821 lucis
3424 766 3583 821 sedes
3619 784 3631 819 :

375 851 782 919 separationem
812 851 867 905 in
895 852 1078 907 medio
1113 851 1408 921 serpentis.
1446 851 1504 906 Si
1535 860 1741 917 autem,
1780 860 1841 906 ut
1869 863 1953 907 est
2054 859 2306 914 considet
2329 861 2496 914 etiam
2528 877 2654 915 cum
2683 876 2749 915 eo
2774 860 3076 915 individue.
3110 860 3184 913 De
3212 859 3297 914 his
3328 860 3380 913 in
3412 858 3636 914 Christo

375 949 847 1005 consentaneum,
906 956 1017 995 non
1073 942 1395 996 verisimilis
1450 942 1709 997 videatur
1750 943 1949 1006 oratio,
2055 949 2226 1007 unitis
2271 951 2424 1005 caelis
2470 967 2569 1007 seu
2612 952 2825 1006 naturis
2869 952 3077 1005 dictum
3122 961 3207 1005 est
3255 950 3389 1005 illud
3439 968 3453 1004 :
3505 950 3635 1005 Coeli

375 1031 606 1085 ostendo
634 1031 733 1085 tibi
760 1032 815 1086 in
836 1032 1069 1102 singulis
1103 1048 1197 1088 sex
1253 1033 1492 1098 dierum,
1540 1034 1712 1088 Deum
1758 1032 1953 1088 fecisse
2054 1050 2313 1097 enarrant
2342 1042 2573 1113 gloriam
2602 1044 2695 1098 Dei
2721 1061 2739 1098 :
2765 1044 2869 1099 hoc
2897 1052 3001 1106 est,
3028 1052 3238 1098 natura:
3262 1042 3467 1098 Christi
3500 1059 3637 1111 pra:-

375 1122 613 1192 aliquam
680 1123 998 1193 hujusmodi
1073 1124 1519 1193 separationem:
1575 1126 1951 1196 exemplorum
2055 1122 2243 1189 dicant
2282 1146 2338 1191 et
2377 1138 2606 1207 gloriam
2649 1137 2822 1206 ipsius
2849 1137 2946 1192 Dei
2973 1136 3252 1206 Unigeniti
3277 1138 3371 1206 qui
3403 1152 3470 1191 ex
3503 1137 3637 1206 ipsis

376 1215 753 1280 multitddine,
785 1215 951 1279 forte,
983 1224 1037 1270 te
1060 1216 1403 1271 liberaturus
1430 1216 1501 1271 ab
1540 1216 1950 1272 incredulitate.
2054 1232 2109 1274 ct
2146 1223 2200 1276 in
2235 1223 2369 1293 ipsis
2402 1226 2803 1290 consideratur,
2834 1235 2890 1280 ct
2916 1234 3222 1294 paternam,
3250 1241 3377 1280 eum
3409 1227 3634 1295 quidem

374 1307 560 1362 Primo
581 1322 712 1378 ergo
746 1307 833 1363 die
868 1307 1010 1363 facta
1040 1319 1123 1364 est
1145 1309 1420 1378 separatio
1443 1307 1586 1363 lucis
1609 1323 1640 1362 ει
1664 1309 1949 1371 tenebris;
2054 1325 2109 1368 et
2140 1326 2199 1372 ut
2233 1317 2405 1372 Deum
2454 1319 2819 1384 deelarantes,
2863 1329 2919 1374 ct
2972 1327 3031 1373 ut
3079 1319 3360 1375 hominem
3409 1320 3503 1390 qui
3550 1330 3636 1375 est

373 1396 482 1452 hoc
504 1398 617 1462 die,
644 1398 787 1453 facta
814 1408 898 1454 est
924 1401 1204 1470 separatio
1226 1415 1384 1470 aquae
1416 1409 1473 1455 et
1523 1415 1715 1470 aqum;
1767 1400 1949 1464 tertio.
2054 1409 2215 1464 simul
2249 1413 2305 1466 in
2337 1412 2456 1483 ipso
2484 1414 2651 1469 Deus.
2683 1415 2940 1470 Mannum
2977 1425 3159 1471 autem
3190 1417 3310 1487 ejus
3343 1416 3632 1480 facturam,

373 1490 646 1559 separatio
687 1501 847 1545 terrae
875 1491 943 1546 ab
978 1490 1137 1561 aquis
1168 1509 1183 1560 ;
1213 1500 1433 1562 quarto,
1462 1492 1736 1562 separatio
1786 1491 1952 1545 lumi-
2052 1515 2177 1554 cum
2209 1511 2489 1570 oporteret
2514 1519 2660 1569 eum,
2696 1514 3030 1575 tangentem,
3066 1522 3165 1575 per
3196 1522 3255 1562 se
3284 1509 3503 1578 Operari
3536 1527 3548 1561 :
3578 1510 3633 1562 in

373 1583 591 1636 narium
615 1568 762 1637 inter
782 1583 929 1638 diem
958 1592 1014 1639 et
1048 1594 1267 1639 noctem
1295 1603 1310 1651 ;
1345 1593 1500 1639 sexto
1529 1585 1640 1652 die,
1668 1584 1952 1639 distinctio
2054 1592 2336 1649 miraculis
2370 1596 2660 1651 annuntiat
2694 1597 3102 1654 ﬁrmamentum
3134 1618 3148 1654 :
3182 1601 3285 1656 hoc
3314 1610 3419 1666 est,
3447 1603 3539 1673 qui
3579 1604 3635 1658 in

278 1690 291 1707 ‘
372 1682 431 1728 et
456 1672 655 1727 divisio
683 1673 968 1728 hominum
996 1683 1052 1729 et
1078 1676 1389 1731 volucrum.
1416 1675 1574 1741 Quod
1595 1676 1771 1730 sinon
1794 1675 1952 1730 facile
1985 1739 2024 1763 ῃ
2053 1700 2121 1738 eo
2150 1687 2397 1741 cernitur
2432 1688 2617 1743 homo.
2645 1688 2748 1743 Per
2776 1705 2900 1745 cum
2932 1692 3080 1746 enim
3110 1694 3445 1763 operabatur
3473 1696 3637 1750 mira-

1441 1739 1458 1741 _
2293 1739 2321 1741 ν,
2353 1739 2386 1740 η
2646 1739 2662 1742 -
2693 1739 2736 1743 -_
2781 1739 2899 1745 η.-.
3113 1739 3434 1763 "mum...

373 1764 655 1830 admittas,
699 1780 799 1835 per
844 1767 1029 1820 omnia
1076 1766 1375 1837 signiﬁcari
1403 1767 1732 1822 divisionem
1765 1767 1955 1821 Eccle-
1985 1739 2025 1793 Β
2055 1776 2177 1829 cula
2223 1776 2549 1843 divinitatis,
2598 1795 2761 1848 quem
2791 1796 2820 1835 e
2867 1794 3010 1838 terra
3055 1786 3400 1841 sustulerunt
3442 1777 3636 1843 dicen-

373 1857 468 1912 εἰπε
497 1857 567 1911 ab
597 1871 790 1911 errore
820 1866 877 1911 et
902 1857 1313 1922 incredulitate,
1339 1858 1431 1914 die
1458 1858 1592 1912 mihi
1610 1870 1854 1928 quanam
1884 1856 1952 1910 de
2058 1872 2163 1918 lem
2201 1883 2212 1917 :
2243 1865 2433 1922 Manus
2465 1876 2568 1923 tua:
2599 1870 2832 1939 fecerunt
2863 1889 2944 1927 me
2969 1881 3016 1926 et
3042 1873 3438 1942 plasmaverunt
3464 1894 3545 1932 me
3566 1881 3633 1944 ⁷³,

372 1965 560 2014 causa,
587 1958 683 2003 aut
709 1949 844 2019 quid
872 1965 1014 2019 opus
1044 1959 1164 2005 erat
1187 1952 1298 2006 Deo
1338 1967 1429 2006 res
1457 1951 1603 2005 inter
1635 1966 1694 2005 se
1717 1950 1951 2020 conjun-
2054 1955 2465 2013 ﬁrmamentum
2516 1976 2547 2015 a
2595 1963 2954 2032 corruptione
3001 1965 3070 2022 ad
3136 1967 3632 2038 incorruptionem.

368 2054 521 2115 gere,
553 2048 609 2094 et
643 2040 844 2096 deinde
879 2056 975 2095 eas
1004 2057 1034 2095 a
1069 2056 1128 2096 se
1165 2057 1424 2109 separare
1447 2042 1694 2097 secundo
1719 2040 1953 2095 ordine?
2055 2045 2209 2101 Unde
2240 2048 2443 2104 uelum
2489 2051 2711 2120 quidem
2759 2055 2940 2109 carnis
2968 2056 3090 2126 ejus
3117 2058 3264 2127 quod
3292 2060 3534 2123 videtur,
3569 2077 3639 2116 ex

370 2131 487 2187 Hoc
511 2133 661 2187 enim
704 2140 789 2188 est
829 2134 1045 2204 signum
1098 2133 1326 2188 artiﬁcis
1374 2134 1599 2188 minime
1658 2133 1947 2204 ingeniosi.
2055 2138 2286 2195 humore
2318 2153 2519 2199 terrae:
2552 2161 2750 2216 nempe
2783 2162 2851 2201 ex
2898 2150 3163 2219 sanguine
3201 2153 3482 2209 terrestris
3508 2154 3638 2209 Vir-

368 2224 513 2279 Dicit
536 2224 683 2278 enim
716 2242 730 2277 :
767 2224 838 2278 Et
865 2225 987 2294 fecit
1018 2223 1421 2292 ﬁrmamentum
1449 2224 1610 2290 Deus,
1642 2225 1735 2295 qui
1768 2225 1955 2280 ﬁrma-
2052 2228 2196 2297 ginis
2225 2231 2329 2285 sibi
2362 2233 2594 2299 editum,
2630 2236 2864 2292 ﬁrmavit
2896 2254 2992 2295 seu
3036 2243 3312 2313 compegit
3339 2244 3409 2298 ad
3448 2245 3636 2299 incor-

368 2314 457 2368 vitv
486 2324 687 2368 terram
722 2315 968 2370 hominis
997 2331 1166 2385 super
1210 2316 1478 2386 piscinam
1513 2333 1526 2370 :
1577 2323 1634 2369 et
1677 2317 1948 2386 separavit
2055 2322 2390 2389 ruptionem,
2427 2326 2696 2396 quoniam
2730 2340 2815 2383 est
2842 2331 2937 2386 Dei
2975 2347 3122 2387 caro.
3156 2334 3277 2389 Non
3322 2337 3468 2390 enim
3515 2353 3640 2393 cor.-

370 2407 517 2461 Deus
541 2407 594 2461 in
624 2407 809 2463 medio
833 2424 991 2478 aqua:
1022 2424 1147 2478 quae
1175 2416 1295 2463 erat
1320 2424 1488 2479 super
1507 2409 1946 2464 ﬁrmamentum:
2054 2423 2215 2482 rupta
2248 2425 2350 2481 est,
2379 2427 2474 2472 aut
2510 2419 2740 2486 interiit,
2771 2422 2985 2477 etiamsi
3029 2440 3094 2479 ea
3131 2442 3255 2497 quae
3300 2436 3432 2483 sunt
3473 2441 3639 2485 natu-

369 2495 441 2551 ΕΙ
465 2497 663 2565 factum
692 2504 766 2550 est
798 2498 871 2550 sic
909 2506 958 2552 et
984 2497 1186 2550 vocavit
1224 2496 1364 2550 Deus
1415 2496 1813 2565 ﬁrmamentum
1849 2512 1951 2551 σω·
2054 2521 2128 2560 ra:
2153 2516 2342 2563 secuta
2369 2519 2455 2565 est
2483 2512 2647 2566 etiam
2695 2514 2748 2567 in
2780 2531 2965 2571 cruce.
3006 2495 3163 2572 Nam
3185 2520 3288 2574 etsi
3336 2521 3433 2574 Dei
3483 2537 3634 2587 caro,

372 2588 485 2641 lum
509 2605 527 2653 ;
551 2597 600 2641 εἰ
630 2588 758 2642 Vill!"
781 2587 918 2641 De!“
946 2587 1085 2658 ςυοά
1117 2596 1246 2641 mei
1284 2586 1497 2641 bonum-
1533 2586 1678 2654 Ωιιίά
1722 2601 1949 2642 necesse
2051 2612 2170 2657 erat
2213 2613 2396 2660 tamen
2437 2605 2604 2662 etiam
2653 2616 2861 2664 nostra.
2914 2611 3152 2667 Alteram
3198 2622 3406 2676 autem.
3436 2630 3636 2686 nempe

366 2687 491 2733 erat
530 2678 641 2744 die,
682 2694 891 2748 φηθεον
924 2679 1108 2734 Γελϐοτο
1136 2679 1240 2732 hoc
1266 2678 1569 2733 secundum
1599 2679 1780 2733 velum
1805 2694 1951 2733 1000'
2050 2708 2172 2760 qua:
2194 2694 2497 2765 intercepta
2527 2706 2633 2761 est,
2660 2698 2945 2754 utdietum
2975 2713 3079 2765 est,
3119 2703 3300 2759 media
3331 2704 3474 2759 inter
3496 2706 3635 2763 duos

366 2770 505 2838 lum.
531 2771 779 2841 inquam.
815 2771 963 2841 Cl“0d
1024 2771 1233 2826 ἀίεῖῑυν
1285 2770 1742 2825 ﬁrmamentum?
1783 2770 1945 2826 δυσί·
2050 2786 2221 2847 (mles
2255 2803 2268 2838 :
2301 2787 2428 2843 dico
2471 2798 2656 2843 autem
2704 2790 2967 2853 animam,
3002 2801 3061 2846 ut
3089 2794 3298 2851 dictum
3324 2805 3429 2861 est,
3463 2798 3634 2854 sumit

366 2863 551 2918 ciebat
582 2864 731 2917 enim
762 2864 1002 2934 primum
1043 2864 1242 2919 malum
1273 2863 1341 2917 ad
1366 2864 1532 2918 situm
1558 2863 1690 2919 solis
1723 2871 1779 2918 et
1804 2865 1948 2918 lunae

2051 2876 2104 2931 in
2149 2891 2247 2931 sua
2275 2878 2539 2942 essentia,
2575 2890 2635 2933 ut
2663 2896 2784 2950 qua:
2835 2899 2943 2937 non
2992 2899 3135 2953 opus
3180 2885 3413 2940 haberet
3445 2894 3505 2939 ut
3536 2888 3631 2940 tir-

360 2966 422 3012 et
444 2958 732 3011 stellarum
759 2956 828 3011 ad
860 2957 1274 3012 illuminandam
1305 2965 1529 3012 terram.
1552 2957 1608 3013 Si
1631 2966 1819 3013 autem
1841 2958 1948 3012 hoc
2050 2980 2317 3034 litaretur,
2348 2985 2416 3024 eo
2459 2971 2607 3041 quod
2640 2974 2760 3043 ejus
2789 2982 2985 3031 natura
3018 2976 3259 3033 etuinime
3305 2992 3629 3050 corrumpe--

360 3049 593 3102 omnino
624 3062 851 3102 necesse
882 3056 1002 3101 erat
1025 3046 1166 3113 ﬁeri,
1195 3062 1298 3102 cur
1330 3062 1442 3103 non
1470 3047 1776 3101 secundum
1805 3062 1945 3117 quo—
1971 3074 2015 3134 ο
2050 3067 2159 3123 iur,
2190 3075 2294 3115 nec
2326 3062 2379 3115 in
2410 3079 2530 3117 eam
2563 3066 2721 3119 cadat
2751 3065 3025 3125 interitus,

360 3154 472 3207 que
502 3140 707 3193 coelum
753 3139 898 3193 sicut
936 3140 1178 3208 primum
1212 3138 1318 3194 Ῑιιὶι
1356 3139 1652 3211 indigena:
1688 3140 1784 3195 88d
1821 3147 1942 3194 tan-
2219 3163 2405 3209 autem
2433 3157 2608 3221 voles,
2637 3173 2747 3213 non
2782 3160 3019 3229 accipies
3065 3160 3133 3215 de
3176 3163 3290 3217 sola
3334 3178 3497 3219 came
3527 3165 3634 3218 Do-

362 3245 530 3299 quam
560 3245 629 3284 ex
674 3230 856 3299 aliqua
895 3238 1127 3285 externa
1152 3230 1401 3302 regione.
1431 3232 1612 3301 ipsum
1649 3234 1846 3287 extvlit
1876 3248 1943 3288 ex
2049 3242 2184 3297 mini
2219 3246 2524 3301 secundum
2573 3246 3001 3317 ﬁrmamentum,
3042 3269 3242 3324 nempe
3285 3270 3490 3320 aerem,
3533 3256 3629 3310 sed

364 3327 513 3373 terra
537 3328 595 3374 et
621 3334 689 3373 ex
711 3322 832 3390 ejus
853 3320 1026 3390 guttis
1050 3321 1074 3374 ?
1102 3319 1419 3391 Superioris
1442 3337 1572 3391 ergo
1599 3322 1723 3376 εαξΙί
1749 3331 1941 3378 natura
2048 3333 2213 3388 etiam
2242 3334 2311 3390 de
2337 3337 2456 3407 ejus
2484 3337 2793 3395 divinitate.
2823 3341 3111 3409 Quomodo
3136 3319 3281 3399 enim
3312 3361 3409 3400 aer
3440 3347 3630 3417 implet

362 3410 945 3481 incomprehensibilis
986 3410 1120 3466 mihi
1156 3411 1377 3466 videtur
1421 3410 1626 3466 habere
1657 3420 1846 3484 typum
1878 3429 1942 3469 ac
2048 3428 2254 3491 omnia,
2301 3440 2358 3483 ει
2386 3430 2571 3486 ηυῃυε
2611 3442 2695 3487 εει
2740 3433 2894 3489 locus
2925 3452 2993 3490 ρο
3028 3452 3263 3502 vacuus;
3301 3438 3504 3493 dicitur
3527 3455 3629 3494 ειη-

360 3503 592 3573 ﬁguram
672 3503 979 3558 divinitatis
1048 3503 1461 3574 inaspectabilis
1515 3513 1572 3558 et
1634 3504 1943 3575 incomprc-
2051 3526 2157 3572 ιριη
2194 3530 2250 3573 ει
2281 3520 2350 3575 ab
2379 3523 2626 3578 extemis
2659 3524 2815 3581 locus
2843 3541 3013 3600 capax
3042 3528 3289 3581 omnium
3326 3540 3382 3589 ει
3410 3530 3501 3600 qui
3534 3546 3632 3600 ρο,

362 3595 691 3651 hensibilis:
767 3595 1172 3651 ﬁrmamentum
1224 3604 1429 3662 autem.
1489 3596 1639 3667 (ιιιοά
1701 3597 1770 3651 ab
1828 3597 1941 3651 ίηιθ
2050 3616 2155 3660 test
2184 3610 2367 3669 omnia
2400 3613 2723 3681 suscipere:
2755 3625 2840 3670 est
2868 3595 3053 3671 autem
3085 3618 3249 3673 etiam
3277 3595 3625 3691 perspicuus.

358 3688 629 3752 ascendit,
672 3687 841 3742 habet
891 3687 1118 3758 ﬁguram
1157 3686 1363 3742 Christi
1419 3687 1777 3742 humanitatis
1843 3704 1938 3742 seu
2046 3699 2256 3751 nullius
2292 3717 2461 3770 eaan
2506 3703 2711 3774 ﬁgune,
2743 3716 2801 3760 et
2830 3686 3630 3777 inaspectabilis,«sed'faeicns

358 3779 562 3832 carnis.
627 3777 783 3848 Aqua
832 3788 1014 3833 autem
1052 3794 1176 3849 qua:
1227 3794 1352 3833 cum
1403 3793 1470 3832 eo
1504 3779 1573 3832 ab
1605 3779 1717 3833 imo
1744 3794 1938 3834 ascen"
2046 3789 2269 3857 quidem
2304 3801 2362 3845 ut
2395 3809 2481 3849 res
2511 3796 2805 3853 videantur
2833 3814 2957 3854 eum
3006 3801 3122 3871 ipse
3151 3805 3377 3860 omnino
3405 3822 3513 3860 non
3552 3809 3630 3860 vi—

360 3871 441 3924 dit
513 3882 570 3924 et
651 3870 953 3940 intercepta
1039 3869 1145 3924 fuit
1221 3870 1279 3923 in
1360 3868 1542 3923 medio
1621 3870 1819 3940 primi,
1882 3879 1939 3924 et
2046 3878 2386 3938 deaturzita
2412 3886 2578 3941 etiam
2604 3889 2989 3946 universorum
3024 3868 3171 3950 Deus
3202 3895 3394 3967 implet
3423 3900 3627 3960 omnia.

357 3961 508 4031 quod
566 3961 787 4031 proprie
844 3970 931 4016 est
974 3960 1100 4016 creti
1143 3970 1199 4017 et
1233 3960 1398 4031 hujus
1431 3959 1761 4017 ﬁrmamenti
1790 3962 1937 4030 quod
2044 3979 2100 4024 et
2130 3973 2314 4029 nullus
2345 3985 2430 4030 est
2473 3977 2628 4033 locus
2660 3997 2727 4034 eo
2756 3998 2983 4039 vacuus.
3018 3986 3137 4043 Non
3181 3959 3439 4044 estenim
3472 3959 3627 4047 orca?

359 4052 606 4106 ascendit
656 4051 726 4105 ab
784 4051 895 4106 imo
928 4069 942 4106 :
1001 4051 1270 4106 describit
1305 4051 1599 4120 imaginem
1639 4051 1938 4120 impolluta:
2048 4070 2167 4118 tura
2197 4080 2318 4134 qua:
2346 4084 2412 4122 ex
2446 4069 2563 4139 ipso
2604 4088 2712 4127 non
2743 4073 2816 4127 sit
2845 4078 3178 4147 conspicua;
3212 4088 3296 4135 est
3327 4091 3508 4137 autem
3539 4100 3629 4139 ea.

356 4143 524 4215 865
552 4145 672 4213 ejus
712 4144 908 4199 anima:
935 4160 1058 4215 qua:
1081 4154 1165 4199 est
1206 4143 1386 4198 media
1420 4144 1563 4199 inter
1591 4144 1934 4199 divinitatem
2044 4170 2146 4223 pax
2178 4157 2423 4213 omnium
2451 4162 2546 4231 qui
2576 4172 2830 4232 quaerunt
2855 4143 3326 4238 comprehendere
3354 4190 3473 4229 eam
3505 4192 3627 4245 qua:

355 4244 413 4336 et
459 4237 641 4291 carnis
675 4236 1099 4336 crassitudinem
1140 4244 1330 4336 utpote
1371 4238 1517 4305 quod
1567 4237 1700 4313 sint
1726 4238 1936 4336 hi‘dtlo
2042 4264 2107 4303 ex
2144 4249 2263 4319 ipso
2292 4252 2510 4307 exsistit
2539 4236 3365 4332 deiﬁcationem,congruenter
3391 4266 3441 4319 ei
3477 4236 3625 4336 quod

355 4310 481 4379 ct‘nli
527 4343 540 4378 :
572 4342 641 4380 ex
680 4326 885 4396 quibus
922 4326 1157 4380 alterum
1201 4324 1422 4394 quidem
1458 4334 1542 4380 est
1581 4310 1932 4399 aspectabilc,
2042 4355 2073 4393 ει
2103 4310 2250 4397 Mosa
2283 4342 2493 4399 dictum
2540 4354 2625 4402 ρει
2657 4367 2669 4401 ε
2701 4348 2797 4404 Es;
2838 4310 2978 4405 (om;
3027 4310 3172 4424 apzd
3205 4373 3287 4412 me
3310 4359 3376 4423 ’δ’
3427 4310 3625 4430 "gmw

348 4418 589 4484 alterum
629 4434 764 4473 vero
807 4434 915 4472 non
958 4418 1106 4473 cadit
1136 4417 1240 4472 sub
1283 4427 1586 4490 aspectum.
1718 4474 1721 4475 ν
1975 4431 2014 4484 D
2045 4428 2280 4488 facultas
2308 4436 2645 4505 suscipiendi
2692 4448 2746 4494 te
2790 4449 2847 4496 et
2882 4449 2992 4499 tua.
3025 4417 3295 4510 Quidnam
3328 4417 3507 4502 autem
3539 4417 3625 4506 est

422 4508 556 4578 Eius
573 4510 723 4579 ‘1“0d
746 4510 954 4566 dmum
980 4521 1064 4566 εει
1084 4509 1242 4564 ῑεέιίε
1370 4509 1669 4610 ϐνςεοτίυε
1698 4512 1751 4566 in
1774 4512 1942 4610 ξἐιηιε
2038 4526 2188 4580 aliud
2218 4542 2286 4582 eo
2320 4531 2495 4600 magis
2543 4535 2916 4604 perspicuum,
2949 4508 3067 4607 qui:
3093 4543 3486 4610 propemodum
3520 4545 3621 4600 ob-

350 4599 559 4655 divinis
580 4602 904 4671 praeclarus,
924 4602 1117 4671 dicens
1138 4602 1353 4660 Domini
1376 4604 1615 4658 animam
1634 4619 1752 4660 esse
1773 4605 1942 4661 inter-
2036 4616 2279 4673 caecabat
2308 4599 2500 4677 oculos
2532 4599 2926 4695 discipulorum
2967 4599 3031 4685 in
3080 4599 3340 4688 'iha-bor?
3388 4636 3485 4690 Est
3519 4653 3621 4692 au-

354 4692 593 4747 mediam
631 4693 775 4748 inter
805 4694 1150 4751 divinitatem
1179 4702 1237 4749 et
1266 4695 1448 4751 carnis
1471 4696 1936 4754 crassitudinem:
2039 4716 2148 4762 tem
2193 4710 2403 4768 nullius
2434 4729 2605 4785 capax
2658 4692 2863 4789 ﬁgura,
2914 4721 3053 4777 adeo
3096 4731 3156 4777 ut
3202 4726 3409 4783 nullam
3454 4730 3619 4785 aliam

352 4785 535 4840 anima
574 4786 722 4840 enim
755 4795 813 4841 et
841 4802 982 4857 aqua
1019 4787 1284 4873 dicuntur
1321 4788 1475 4858 signa
1514 4791 1640 4845 Vita“:
1668 4790 1725 4845 in
1753 4790 1937 4846 diVina
2036 4800 2305 4870 suscipiat
2328 4797 2584 4869 formam,
2617 4785 2874 4880 tanquam
2910 4814 3140 4870 formam
3176 4817 3228 4873 in
3258 4822 3508 4876 materia.
3536 4825 3619 4879 Ad

350 4876 656 4946 Scriptura.
675 4878 969 4933 Vidcenim
988 4879 1350 4949 quodcmlum
1369 4880 1589 4951 quidem
1607 4884 1934 4953 superiuset
2037 4889 2154 4945 haec
2197 4885 2381 4947 autem
2430 4899 2667 4965 accedit,
2704 4876 2855 4971 quod
2899 4914 2983 4960 est
3034 4907 3461 4978 inaspectahiiis.
3510 4876 3617 4980 Qui

347 4967 493 5036 quod
538 4983 648 5022 non
680 4969 829 5024 cadit
857 4970 961 5024 sub
993 4978 1299 5041 aspectum,
1328 4980 1524 5027 natura
1556 4972 1629 5027 ab
1655 4973 1814 5029 initio
1837 4992 1933 5030 vo-
2033 4982 2181 5037 enim
2214 5000 2381 5056 supra
2408 4988 2527 5059 ejus
2555 4967 2749 5061 pectus
2776 4997 3031 5057 recubuit
3059 4967 3199 5055 dixit
3226 5020 3238 5055 :
3266 5002 3435 5061 Deum
3465 4967 3617 5061 nemo

345 5065 530 5109 catum
563 5066 649 5111 est
693 5060 914 5114 cadum.
962 5060 1393 5118 Firmamentum
1438 5071 1620 5119 autem
1651 5067 1929 5121 materiale
2031 5072 2160 5127 vidit
2189 5091 2429 5147 unquam
2459 5081 2523 5135 ⁷⁸.
2557 5060 2625 5137 Ει
2652 5083 2784 5140 facit
2820 5071 3067 5159 quidem,
3104 5100 3164 5146 ut
3190 5094 3296 5149 alia
3329 5060 3616 5155 videantur

342 5147 492 5214 quod
523 5147 594 5256 a'b
619 5148 731 5204 imo
761 5151 1027 5215 ascendit,
1055 5167 1165 5207 non
1195 5163 1391 5209 natura
1430 5156 1500 5210 ab
1531 5156 1689 5211 initio
1723 5159 1925 5215 factum
2031 5165 2100 5221 ab
2138 5166 2208 5222 iis
2239 5170 2340 5239 qui
2361 5170 2567 5228 habent
2594 5147 3066 5237 validam-mentis,
3091 5147 3609 5256 perspicacitat‘eni

342 5243 428 5289 est
456 5237 660 5292 cazlum
700 5256 713 5293 :
747 5241 843 5295 sed
890 5251 1012 5312 post
1056 5243 1319 5298 unionem
1353 5260 1517 5314 quam
1566 5247 1757 5303 habuit
1798 5266 1924 5306 cum
2034 5266 2223 5326 utpote
2259 5237 2485 5332 angeli;
2517 5266 2719 5322 cretum
2760 5279 2817 5323 et
2845 5237 3110 5330 universa
3131 5237 3405 5345 creatura,
3440 5283 3612 5336 unde-

342 5328 483 5437 fxelo
512 5340 710 5386 natura
747 5332 1152 5437 inaspectabili,
1185 5344 1315 5391 tunc
1345 5336 1523 5406 ipsum
1560 5354 1779 5410 quoque
1808 5357 1924 5401 cm-
2031 5367 2156 5405 nam
2188 5363 2246 5409 et
2276 5328 2742 5425 quemadmodum
2776 5363 2917 5420 facta
2964 5368 3035 5421 sit
3062 5384 3074 5420 :
3105 5368 3221 5437 ipse
3264 5328 3448 5426 autem
3498 5390 3608 5428 non

343 5414 570 5527 E’me“
600 5422 953 5527 appellatum
986 5424 1091 5479 Sed
1130 5427 1390 5495 (Ιυοηίθῐη
1423 5439 1672 5483 sanetum
1703 5446 1923 5503 quoque
2030 5444 2326 5515 subjicitur
2359 5452 2863 5523 comprehensioni,
2895 5472 3075 5527 neque
3119 5414 3367 5516 cernitur
3412 5469 3609 5519 modus

343 5506 552 5567 Christi
583 5529 785 5585 corpus
822 5511 1172 5573 ﬁeiﬁcatione
1203 5526 1259 5573 et
1288 5520 1491 5577 unione
1524 5522 1727 5578 dicitur
1755 5526 1919 5591 Deus,
2028 5506 2149 5604 ejus
2175 5538 2448 5594 essentia}.
2483 5506 2601 5597 iloc

414 5690 462 5724 ’³
496 5691 686 5747 Matth.
726 5711 779 5756 x,
805 5695 892 5749 54.
968 5700 1014 5730 τι
1046 5701 1189 5760 Psal.
1218 5722 1407 5777 cum,
1429 5714 1520 5767 75.
1594 5717 1638 5747 "
1664 5718 1838 5774 Exod.
1874 5736 1998 5777 XXXI

1077 5705 1189 5760 ’sal.
1218 5722 1407 5777 cxvm,
1429 5714 1520 5767 75.
1594 5717 1638 5747 "
1664 5718 1838 5774 Exod.
1874 5736 2059 5790 XXXIII,
2086 5724 2175 5785 2i.
2256 5728 2301 5758 ⁷⁸
2325 5727 2482 5785 Joan.
2516 5745 2552 5796 ι,
2586 5731 2667 5787 t8.

703 5785 977 5851 Parant.
1022 5793 1138 5855 Gn.
1187 5798 1513 5868 LXXXIX.
2047 5785 2055 5790 ⁷
2540 5785 2552 5796 ’
2593 5785 2604 5786 ί
2635 5785 2666 5787 id
3233 5831 3314 5898 28
