4026 6140
334 344 400 403 8'1
412 339 434 402 l

1549 344 1608 407 S.
1647 344 2054 420 ANASTASII
2092 344 2420 408 SlNAlTIE

3497 348 3609 411 872

337 454 491 507 dere.
521 450 815 521 Separavit
838 459 1021 506 tamen
1049 444 1194 507 Dens
1246 451 1390 507 inter
1439 452 1621 509 lucem
1661 463 1719 508 et
1758 463 1914 511 tene-
1944 466 1989 523 Α
2018 455 2363 525 operatione,
2393 462 2451 509 et
2478 455 2530 509 te
2558 447 2979 523 apprchendent
3009 454 3251 512 tenebrae
3271 456 3522 526 caliginis
3545 466 3602 523 et

342 545 490 607 bras,
520 543 767 615 expulsis
810 559 842 598 a
892 545 1055 601 nobis
1097 546 1466 615 potestatibus
1513 547 1918 614 tenebrarum;

339 652 552 706 ponens
584 645 835 693 nostrum
868 637 1115 695 medium
1138 638 1429 708 parietem,
1473 641 1795 711 angularem
1843 640 1922 694 la~

339 727 524 794 pidem
556 725 836 783 Christum
866 744 881 794 ;
906 727 975 782 de
1006 743 1119 798 quo
1148 728 1314 784 etiam
1340 730 1646 802 subiungit,
1675 731 1869 788 dicens
1904 748 1917 786 :

346 817 550 872 i‘ocavit
596 818 784 884 lucem,
823 821 984 884 diem,
1038 827 1089 877 et
1147 820 1390 876 tenebras
1440 824 1640 878 vocavit
1690 830 1918 879 noctem.

338 909 458 966 Lux
483 919 588 979 est,
606 912 804 983 inquit,
836 927 1000 982 quem
1022 912 1188 969 etiam
1215 913 1362 971 diem
1386 929 1561 971 voco:
1593 925 1921 985 quatientem

338 1003 392 1058 ei
427 1004 793 1060 adversantur
816 1006 1072 1061 tenebras
1104 1014 1322 1061 noctem
1358 1006 1592 1077 appello.
1629 1008 1736 1067 Et:
1788 1006 1920 1062 Am-

340 1094 520 1150 bulate
548 1097 710 1151 donec
742 1096 909 1152 lucem
934 1098 1170 1162 habetis;
1198 1099 1339 1153 venit
1369 1112 1496 1165 nam,
1525 1099 1736 1170 quando
1769 1104 1921 1153 nerito

341 1196 509 1260 potest
535 1190 747 1259 aperari
776 1191 844 1243 “.
873 1190 985 1245 Nos
1013 1190 1159 1245 enim
1189 1204 1304 1247 non
1331 1204 1526 1245 smnus
1576 1189 1677 1245 ﬁlii
1718 1190 1920 1255 noctis,

342 1279 438 1336 sed
463 1280 572 1335 diei
596 1280 824 1337 Christi.
857 1280 960 1347 Qui
997 1281 1143 1337 enim
1173 1281 1461 1337 dormiunt
1493 1296 1749 1339 somnum
1794 1297 1924 1353 pec-

346 1373 478 1439 cati,
512 1373 568 1426 in
599 1374 778 1428 nectis
803 1373 1050 1428 tenebris
1083 1372 1370 1428 dormiunt
1399 1380 1493 1428 :et
1521 1373 1617 1444 qui
1644 1374 1922 1429 inebrians

342 1470 454 1527 tur,
480 1478 674 1517 rursus
702 1462 760 1516 in
801 1463 919 1532 ipsa
955 1473 1119 1517 nocte
1164 1461 1513 1517 inebriantur
1543 1479 1612 1518 ex
1658 1464 1921 1534 peccatis,

339 1554 486 1609 sicut
507 1554 671 1609 docet
694 1555 898 1609 Paulus
921 1554 987 1608 ⁸⁷.
1021 1554 1089 1608 Et
1111 1555 1313 1624 factum
1329 1563 1405 1608 est
1426 1571 1627 1626 vesper,
1650 1563 1699 1609 et
1722 1556 1924 1625 factum

339 1653 417 1699 est
448 1662 602 1700 mane
630 1646 740 1700 dies
767 1663 926 1700 unus.
959 1645 1078 1699 Non
1109 1644 1249 1703 dixit
1278 1663 1289 1699 :
1333 1645 1455 1699 Dies
1508 1645 1711 1715 primus
1736 1662 1756 1710 ;
1800 1646 1919 1710 sed,

338 1735 461 1790 Dies
490 1753 647 1803 unus,
670 1752 790 1790 non
817 1736 949 1791 duo.
1004 1734 1113 1789 Hoc
1174 1737 1486 1806 mysterium
1540 1754 1792 1807 magnum
1847 1746 1924 1793 est

2026 546 2318 603 caecitatis.
2352 545 2560 603 Deinde
2586 554 2779 614 postea
2820 545 2914 600 ﬁet
2952 545 3051 603 tibi
3076 559 3236 602 mane
3268 564 3282 600 :
3318 563 3517 618 nempe
3546 555 3604 605 et

2023 640 2138 699 illic
2196 651 2282 698 eet
2330 640 2451 695 dies
2499 640 2945 705 resurrectionis,
2994 648 3054 695 et
3089 640 3349 697 exoriens
3392 641 3472 696 sol
3505 642 3604 712 qui

2023 729 2172 791 cadit
2193 728 2299 786 sub
2342 727 2783 799 intelligentiam,
2834 727 3011 785 solvet
3048 726 3599 793 mortalem'uoctem.

2021 828 2079 877 et
2122 829 2175 876 te
2212 820 2435 881 vocabit
2473 827 2535 874 ut
2563 819 2983 891 expergiscaris,
3020 825 3078 875 et
3103 819 3186 873 sic
3213 815 3431 873 videbis
3459 818 3603 873 divi-

2021 928 2156 968 num
2194 912 2330 968 illud
2382 927 2541 968 mane
2595 911 2743 981 quod
2792 911 3018 981 quidem
3068 910 3248 966 Moses
3297 911 3605 967 nominavit

2022 1002 2193 1059 diem.
2216 1003 2407 1074 Neque
2430 1002 2571 1069 dixit
2590 1001 2736 1057 diem
2760 1001 2998 1071 primum
3030 1018 3044 1054 :
3069 999 3218 1071 quod
3241 1001 3414 1071 magis
3437 1016 3602 1070 opor-

2024 1096 2199 1159 tebat,
2244 1103 2304 1150 et
2328 1095 2477 1153 diem
2501 1101 2815 1157 extremum
2854 1094 3432 1159 recensereoratione
3459 1111 3471 1146 :
3502 1093 3600 1148 sed

2024 1187 2289 1259 quoniam
2318 1187 2501 1258 typice
2528 1186 2910 1257 prmnarrabat
2940 1186 3098 1240 illum
3135 1184 3408 1250 futurum,
3435 1200 3602 1254 quem

2023 1294 2137 1334 non
2166 1279 2478 1335 metiuntur
2502 1277 2657 1333 horai
2682 1286 2741 1331 et
2762 1284 2989 1347 puncta,
3025 1284 3082 1330 et
3108 1275 3205 1345 qui
3231 1284 3392 1329 nocte
3430 1276 3601 1330 inter-

2024 1370 2346 1440 rumpitur,
2392 1369 2491 1439 seri
2533 1378 2620 1425 est
2660 1376 2968 1440 perpetuus
3020 1376 3079 1422 et
3124 1366 3444 1432 continuus,
3472 1381 3601 1429 eum

2008 1461 2343 1518 nominavit
2367 1476 2562 1528 unum,
2591 1460 2765 1531 utqui
2792 1475 3013 1528 semper
3033 1458 3288 1529 similiter
3322 1462 3378 1513 et
3407 1458 3602 1513 eodem

2025 1553 2191 1610 modo
2223 1570 2283 1610 se
2319 1554 2522 1610 habeat
2553 1571 2566 1608 :
2607 1562 2665 1609 et
2701 1570 2813 1608 non
2839 1554 3102 1623 primum,
3124 1562 3424 1624 propterea
3454 1552 3603 1623 quod

2024 1662 2131 1705 nec
2155 1646 2383 1703 omnino
2407 1646 2904 1704 circumscribatur
2930 1646 3149 1702 ultimo.
3185 1645 3433 1701 Primum
3454 1647 3603 1701 enim

2023 1751 2083 1799 et
2105 1738 2363 1795 ultimum
2387 1746 2519 1794 sunt
2542 1736 2819 1809 ejusmodi
2843 1744 2906 1792 ut
2927 1737 3242 1793 referantur
3261 1736 3328 1795 ad
3351 1733 3600 1806 aliquid:

341 1831 562 1898 (vesper
605 1836 664 1883 et
691 1831 900 1895 mane),
934 1844 1029 1899 ego
1064 1836 1243 1883 autem
1273 1828 1389 1891 dico
1415 1829 1473 1882 in
1502 1826 1708 1884 Christo
1737 1837 1787 1882 et
1817 1827 1921 1883 ΕΔ·
1954 1819 1992 1875 Β
2023 1832 2139 1889 illic
2174 1841 2363 1910 autem
2397 1830 2538 1887 nihil
2577 1832 2685 1886 tale
2719 1830 2882 1901 quale
2910 1830 3094 1884 oritur
3125 1828 3408 1885 Christus.
3441 1828 3604 1884 inve-

338 1919 498 1974 etesia
535 1920 604 1985 ⁸⁸,
633 1935 756 1989 qu:e
784 1919 1083 1991 aliquando
1117 1930 1242 1975 erat
1276 1935 1474 1990 vesper
1505 1920 1828 1982 obscurum.
1864 1920 1917 1977 ei

337 2018 523 2066 autem
546 2010 697 2064 unita
719 2024 848 2069 vera
873 2011 993 2065 luce
1018 2014 1245 2066 luerunt
1262 2010 1374 2066 do
1397 2011 1455 2066 in
1480 2024 1705 2067 carnem
1724 2025 1914 2077 unam.

340 2102 399 2157 in
427 2117 596 2156 unum
624 2100 770 2155 lucis
817 2096 967 2156 diem
1011 2102 1107 2171 qui
1151 2101 1430 2163 illuminat
1472 2117 1695 2157 omnem
1740 2102 1920 2159 homie

340 2209 466 2251 nam
515 2191 828 2247 venientem
863 2193 920 2247 in
957 2193 1224 2248 mundum
1279 2192 1409 2249 ﬁdei
1466 2193 1697 2249 Christi.
1744 2194 1921 2261 Quem

338 2284 542 2340 deinde
591 2282 829 2338 initiavit
875 2283 1173 2354 baptismo,
1201 2299 1328 2340 cum
1363 2284 1578 2341 diceret
1608 2302 1621 2339 :
1650 2284 1721 2339 Et
1748 2283 1921 2355 Spiri-

339 2386 426 2431 tus
473 2375 570 2430 Dei
618 2375 887 2445 ferebatur
938 2392 1099 2444 super
1150 2393 1342 2446 aquas,
1384 2391 1485 2445 per
1538 2376 1805 2447 Spiritum
1862 2385 1920 2433 et

338 2484 537 2538 aquam
565 2468 746 2539 ipsum
776 2469 1076 2525 ostendens
1105 2486 1120 2522 :
1147 2484 1247 2539 per
1277 2482 1440 2538 quem
1468 2476 1526 2525 et
1564 2469 1745 2538 ipsum
1782 2483 1919 2540 pur-

336 2558 485 2629 gavit
512 2558 587 2612 ab
635 2558 882 2628 antiquis
938 2557 1218 2620 sordibus,
1247 2566 1305 2613 et
1356 2557 1548 2613 docuit
1592 2560 1920 2630 mysterium

339 2650 799 2722 regenerationis,
822 2650 953 2721 quia
986 2651 1161 2705 dixit:
1195 2649 1322 2705 Fiat
1346 2650 1459 2718 lux,
1490 2667 1590 2722 per
1620 2652 1770 2722 quod
1798 2669 1921 2710 ver-

338 2743 472 2797 bum
524 2752 578 2798 et
623 2743 826 2798 bonam
869 2743 1040 2799 vitam
1065 2743 1137 2797 ab
1178 2757 1247 2797 eo
1274 2745 1476 2815 exegit,
1506 2760 1627 2814 qua:
1659 2754 1919 2815 tauquam

341 2833 434 2885 lux
457 2833 639 2887 luceat
663 2841 793 2888 ante
820 2832 1015 2889 faciem
1044 2834 1199 2904 ejus:
1236 2848 1306 2888 ne
1330 2835 1613 2904 contingat
1640 2848 1768 2889 eum
1797 2850 1921 2891 esse

340 2924 559 2995 pigrum
580 2922 651 2977 ad
678 2923 926 2979 intcnsos
947 2932 1005 2979 et
1026 2925 1387 2981 vehementes
1415 2926 1648 2981 sudores
1674 2926 1917 2994 virtutis,

343 3022 405 3068 ut
457 3015 554 3084 qui
607 3029 721 3069 non
755 3015 829 3069 sit
868 3015 1161 3071 habiturus
1188 3030 1425 3072 coronas
1453 3025 1734 3072 tantorum
1757 3019 1924 3074 sudo-

338 3120 462 3160 rum
511 3121 749 3176 quorum
812 3115 941 3161 sunt
989 3108 1289 3177 participes
1315 3108 1487 3163 futuri
1515 3109 1612 3179 qui
1644 3109 1917 3167 laborant.

340 3195 480 3250 Eum
535 3197 700 3252 docet
751 3197 918 3253 etiam
972 3198 1295 3268 mysterium
1357 3198 1802 3264 resurrectionis,
1860 3209 1920 3257 et

341 3289 478 3345 dicit
506 3307 520 3343 :
550 3290 628 3345 Ne
652 3299 815 3359 putes
839 3288 906 3343 ad
935 3289 1150 3343 nullum
1175 3287 1396 3345 lucrum
1424 3290 1524 3345 tibi
1553 3305 1676 3347 esse
1700 3292 1915 3347 reditu-

340 3397 402 3437 ra
433 3383 754 3437 certamina.
795 3382 915 3437 Non
948 3383 1021 3439 ita
1066 3383 1212 3449 erit;
1254 3383 1349 3439 sed
1386 3382 1494 3439 erit
1526 3383 1628 3440 tibi
1664 3399 1918 3455 vespera,

338 3487 442 3544 per
467 3481 701 3528 mortem
729 3474 943 3530 scilicet
969 3484 1251 3532 contracta
1278 3491 1299 3529 εκ
1328 3482 1387 3531 et
1414 3475 1639 3535 vacabis
1662 3475 1735 3531 ab
1768 3476 1920 3535 omni

344 3671 549 3688 “~—

563 3676 842 3689 m

851 3675 1148 3689 ’.ῃ-ια

2019 1924 2145 1980 nics
2211 1932 2398 1980 autem
2453 1938 2552 1979 eos
2613 1922 2783 1979 etiam
2844 1921 3109 1992 quisunt
3146 1929 3305 1976 extra
3346 1918 3604 1991 gratiam,

2016 2012 2213 2075 eadem
2285 2012 2403 2069 fere
2470 2011 2681 2068 dicere.
2762 2009 3088 2082 Pythagorei
3150 2009 3303 2069 enim
3360 2008 3604 2079 primum

2021 2101 2168 2158 diem
2217 2102 2450 2167 mensis,
2500 2116 2613 2157 non
2646 2101 2912 2171 primum,
2952 2100 3051 2157 sed
3086 2099 3323 2157 similem
3352 2099 3604 2155 nomina-

2020 2204 2151 2253 runt
2172 2209 2191 2247 ς
2217 2210 2351 2261 non,
2374 2202 2436 2250 ut
2454 2193 2677 2265 opinor,
2698 2192 2913 2249 visione
2931 2191 3412 2262 apprehendentes
3432 2190 3600 2246 vitam

2021 2285 2174 2343 illam
2208 2284 2809 2349 indissolubiletn,.sed
2832 2284 3054 2341 interim
3080 2298 3206 2339 eam
3238 2283 3320 2347 sic
3347 2283 3599 2341 nomina-

2019 2366 2515 2447 verunt.Aigyptii
2545 2391 2771 2446 quoque
2820 2390 2976 2431 sacra
3036 2375 3250 2431 ratione
3296 2374 3599 2437 draconem

2020 2469 2117 2538 qui
2150 2477 2310 2523 vorat
2333 2468 2567 2524 caudam
2587 2467 2909 2538 insculpunt
2932 2467 2986 2521 in
3012 2464 3411 2537 pyramidibus,
3435 2475 3600 2521 aeter-

2020 2575 2148 2615 nam
2179 2569 2238 2616 et
2265 2559 2608 2627 individuam
2645 2557 3135 2615 circumactiouem
3166 2557 3478 2614 divinarum
3511 2573 3601 2612 re-

2021 2662 2145 2707 rum
2182 2651 2560 2722 signiﬁcantes
2582 2650 2927 2719 ;draconem
2954 2650 3105 2705 enim
3136 2649 3192 2704 in
3227 2648 3363 2705 deos
3393 2648 3601 2704 refere-

2021 2741 2442 2816 bantJEgyptii.
2488 2742 2742 2813 Orpheus
2786 2752 2973 2797 autem
3013 2741 3190 2798 Deum
3227 2740 3459 2815 vocabat
3501 2757 3599 2810 μο-

2022 2833 2497 2900 νάδα,υηί1οιεῐη,
2539 2834 2596 2889 id
2634 2840 2742 2900 est,
2791 2832 3161 2888 individuum.
3213 2832 3405 2902 Neque
3453 2831 3602 2886 enim

2020 2926 2411 2995 scsquialtera,
2438 2934 2537 2980 aut
2564 2925 2947 2995 sesquitertia,
2975 2932 3075 2979 aut
3114 2923 3299 2994 aliqua
3338 2922 3444 2977 alia
3477 2937 3604 2993 pars

2022 3016 2245 3071 numeri
2275 3017 2443 3075 estin
2467 3015 2609 3087 ipso.
2640 3016 2833 3071 Dill‘ert
2868 3024 3058 3070 autem
3109 3014 3296 3069 unitas
3343 3012 3413 3068 ab
3468 3008 3600 3077 uno,

2022 3119 2302 3179 quatenus
2322 3110 2686 3180 archetypum
2714 3107 2904 3164 diﬁ‘ert
2924 3106 2994 3161 ab
3028 3106 3289 3178 imagine.
3309 3106 3605 3176 Exemplar

2023 3202 2250 3272 quidem
2271 3209 2357 3261 est
2379 3202 2582 3266 unitas,
2614 3200 2845 3255 unitatis
2867 3208 3054 3255 autem
3083 3199 3491 3261 imitamentum
3517 3205 3603 3253 est

2024 3311 2197 3351 unum
2229 3313 2242 3349 :
2275 3295 2554 3366 quomodo
2581 3294 2661 3349 sol
2683 3303 2781 3365 est»
2810 3293 3214 3347 imitamentum
3260 3292 3426 3346 unius
3480 3290 3605 3345 uni-

2028 3388 2181 3453 tatis,
2214 3387 2370 3455 Jesu,
2417 3387 2661 3457 inquam.
2701 3386 2813 3458 Ipsi
2841 3384 2913 3441 sit
2939 3385 3116 3457 gloria
3156 3391 3215 3441 et
3252 3384 3498 3455 potentia
3544 3383 3604 3439 in

2026 3479 2227 3534 saecula
2252 3478 2603 3535 satculorum.
2633 3478 2831 3534 Amen.

1426 3843 1788 3981 LIBEl’t
1859 3818 2516 3939 SECUNDUS.
2575 3808 2593 3903 -’

1502 4035 1585 4076 DE
1616 4033 1909 4078 SECUNDO
1941 4033 2050 4077 οιις
2080 4034 2497 4086 (ΞΒΕΔΤΙΟΝῙΒί

406 4308 597 4367 Primo
636 4310 726 4367 die
772 4311 977 4367 factum
1028 4318 1117 4366 est
1166 4310 1356 4365 velum
1403 4309 1711 4382 superioris
1763 4310 1913 4376 caeli,
1949 4313 1993 4369 D
2023 4311 2202 4383 posito
2232 4312 2335 4370 sub
2361 4329 2502 4385 aqua
2533 4315 2892 4385 ﬁrmamenti,
2927 4319 3032 4378 sub
3055 4323 3191 4389 soie,
3212 4323 3459 4396 inquam,
3481 4327 3602 4399 eius

330 4402 486 4473 quod
544 4403 951 4473 appropinquat
1003 4399 1242 4457 Sanctus
1298 4411 1640 4469 sanctorum,
1689 4417 1799 4472 quo
1832 4402 1917 4457 in-

334 4496 497 4551 troiit
522 4512 831 4566 pra‘cnrsor
846 4509 951 4564 pro
972 4494 1134 4549 nobis
1155 4494 1411 4552 Christus
1432 4496 1498 4551 θ’.
1524 4496 1603 4552 Ea
1624 4495 1694 4551 de
1725 4509 1912 4559 causa.

330 4584 404 4639 de
431 4593 654 4649 canem,
683 4583 928 4640 secundo
958 4582 1048 4637 die
1089 4583 1150 4637 ﬁt
1209 4584 1516 4643 secundum
1562 4594 1618 4641 et
1669 4587 1916 4642 exterius

333 4677 540 4736 velum.
563 4661 711 4744 quod
732 4674 941 4729 dicitur
968 4693 981 4729 :
1007 4674 1421 4730 Firmamentum
1455 4677 1513 4729 in
1535 4677 1704 4730 medio
1738 4692 1914 4746 aqua:

330 4764 481 4835 quod
520 4762 745 4837 quidem
780 4773 866 4819 est
903 4765 1309 4821 ﬁrmamentum
1352 4763 1479 4820 ﬁdei
1519 4765 1574 4843 in
1607 4762 1911 4822 Christum.

334 4856 455 4911 Non
481 4855 681 4912 fuisset
700 4864 893 4911 autem
922 4856 1029 4912 hoc
1051 4856 1283 4921 factum,
1305 4855 1411 4911 nisi
1441 4857 1595 4927 prius
1618 4865 1747 4912 nata
1768 4867 1916 4915 esset

332 4949 432 5004 lux
466 4968 479 5003 :
531 4963 731 5018 nempe
770 4957 1061 5020 postquam
1104 4948 1297 5005 datum
1331 4948 1749 5020 fuitbaptisma,
1779 4949 1916 5007 ﬁdes

330 5039 608 5110 sequitur.
643 5038 763 5097 Non
811 5040 871 5092 tit
915 5046 1099 5094 autem
1148 5049 1304 5095 extra
1343 5055 1541 5110 aquam
1586 5041 1692 5096 hoc
1731 5040 1915 5098 ﬁrma-

336 5138 604 5197 mentum,
655 5131 752 5186 sed
793 5130 850 5184 in
894 5130 1079 5187 medio
1121 5146 1278 5201 aqua:
1300 5131 1544 5187 omnium
1572 5133 1816 5204 gentium
1847 5149 1917 5189 ex

333 5238 399 5277 ea
428 5231 772 5289 concretum,
805 5223 1067 5294 quoniam
1098 5225 1217 5295 fecit
1239 5224 1377 5280 Deus
1401 5223 1630 5280 salutem
1655 5228 1711 5280 in
1741 5229 1914 5283 medio

318 5323 491 5379 terra:
550 5315 618 5381 ⁷ο,
668 5322 862 5386 utpote
910 5315 1005 5385 qui
1034 5314 1369 5371 habitaverit
1404 5316 1461 5370 in
1487 5316 1671 5373 medio
1707 5318 1913 5374 terreni

332 5405 476 5460 uteri
511 5406 756 5479 Virginis
791 5424 805 5460 :
836 5413 895 5463 et
919 5407 1161 5465 salutem.
1187 5408 1380 5464 mundi
1404 5407 1600 5464 fecerit
1626 5418 1915 5479 compacto

312 5495 678 5564 ﬁrmamento
724 5501 901 5561 sancti
940 5502 1029 5558 sui
1061 5502 1316 5573 corporis
1358 5502 1417 5556 in
1446 5501 1632 5558 medio
1662 5502 1915 5558 incorru-

329 5599 439 5663 pta:
474 5593 738 5661 matr-icis,
798 5594 968 5651 fontis
1020 5596 1149 5651 vitae
1184 5595 1383 5665 puella
1430 5595 1526 5650 Dei
1588 5595 1821 5661 Matris;
1857 5605 1915 5652 et

312 5774 374 5805 ,ῃ
483 5723 640 5805 Joan.
672 5742 750 5784 ut.
782 5727 853 5805 ᾧ)
890 5728 1103 5805 xu_._
1169 5728 1240 5805 ἐν
1278 5729 1293 5780 ι
1326 5728 1519 5805 τινες,
1579 5743 1630 5794 τ’
1665 5720 1735 5783 7,*
1797 5730 1842 5763 es
1894 5732 1918 5786 ε

2021 5750 2093 5789 re.
2128 5750 2178 5799 v,
2206 5735 2295 5789 52.
2374 5737 2422 5768 ⁶⁹
2462 5737 2620 5793 Η-Ἰπ.
2672 5755 2747 5805 γι,
2785 5739 2875 5794 29.

331 5786 374 5823 "
411 5791 601 5848 Matth.
635 5810 743 5860 XVI,
782 5797 870 5850 18.
948 5797 993 5828 ⁷³
1034 5797 1226 5853 Μιιιίῐι.
1258 5815 1311 5865 x,
1351 5799 1435 5853 N5.

2022 4405 2356 4461 divinitatis.
2398 4407 2459 4462 lu
2482 4408 2587 4462 hoc
2625 4410 2994 4479 ﬁrmamento,
3027 4415 3155 4480 ﬁde,
3190 4416 3434 4487 inquam,
3464 4420 3601 4475 aedi-

2022 4495 2208 4551 ﬁcavit
2257 4498 2466 4563 lunam,
2504 4499 2826 4564 Ecclesium,
2866 4503 3061 4559 dicens
3094 4505 3210 4562 fore
3238 4515 3300 4562 ut
3324 4520 3490 4580 porta:
3517 4512 3604 4565 in-

2022 4586 2161 4656 ferni
2191 4603 2296 4642 non
2330 4592 2683 4660 prmalerent
2711 4593 2961 4648 adversus
2987 4609 3112 4651 eam
3147 4599 3215 4652 7‘.
3243 4600 3400 4656 Unde
3435 4603 3599 4657 etiam

2020 4677 2239 4734 ﬁrmata
2267 4679 2369 4734 fuit
2396 4679 2451 4735 in
2473 4682 2660 4743 medio
2693 4699 2989 4758 aquarum.
3026 4689 3360 4748 inconcussa
3395 4693 3450 4747 in
3486 4709 3603 4748 me-

2023 4769 2132 4825 diis
2160 4771 2442 4837 ﬂuctibus,
2485 4775 2686 4839 ventis,
2720 4778 3001 4847 procellis,
3023 4789 3080 4835 et
3103 4781 3590 4841 innumerabilibu:

2021 4864 2453 4935 tempestatibus
2474 4868 2795 4936 passionum
2836 4878 2895 4926 et
2945 4870 3234 4929 han-esum.
3288 4873 3381 4931 Sic
3431 4876 3597 4931 etiam

2021 4974 2118 5015 eos
2146 4960 2238 5030 qui
2292 4974 2412 5015 eam
2464 4960 2833 5028 aediﬁcarunt,
2882 4962 3032 5018 misit
3086 4973 3347 5030 tanquam
3382 4982 3501 5021 oues
3544 4970 3599 5021 in

2022 5052 2197 5106 medio
2237 5051 2487 5122 luporum
2519 5052 2604 5107 ηε
2638 5054 2907 5120 virorum,
2950 5055 3197 5125 inquam,
3229 5058 3326 5127 qui
3358 5059 3507 5114 caede
3537 5075 3601 5115 ac

2022 5143 2289 5214 sanguine
2318 5143 2705 5209 delectantur;
2734 5143 2925 5200 dicens
2956 5165 2969 5201 :
3011 5146 3075 5202 in
3129 5150 3298 5203 modio
3337 5166 3599 5221 aquarum

2022 5234 2119 5303 ﬁat
2168 5230 2591 5304 ﬁrmamentum,
2635 5248 2836 5308 nempe
2873 5238 3011 5295 ﬁdes
3057 5240 3212 5296 ﬁrma
3243 5242 3595 5312 praedicetur,

2022 5327 2356 5397 ncamplius
2409 5328 2798 5385 discindautur
2845 5332 3238 5403 agitenturque
3283 5343 3343 5390 et
3388 5334 3598 5389 diffun-

2022 5419 2225 5475 dantur
2277 5435 2455 5490 aquai,
2477 5421 2731 5492 gentiles,
2790 5422 2913 5478 aliis
2934 5422 3168 5491 quidem
3195 5425 3508 5481 dicentibus
3539 5441 3599 5482 se

2022 5525 2142 5567 esse
2182 5512 2354 5579 Petri,
2381 5513 2509 5569 aliis
2531 5526 2672 5569 vero
2702 5515 2881 5579 Pauli,
2905 5515 3029 5570 aliis
3065 5532 3199 5572 vero
3227 5515 3430 5588 Cepba
3460 5535 3473 5571 :
3502 5518 3597 5572 sed

2025 5602 2273 5658 ﬁrmetur
2304 5619 2501 5659 eorum
2540 5620 2714 5669 mare,
2748 5615 2807 5661 ut
2832 5623 2932 5679 ego
2959 5609 3237 5664 ambuiern
3277 5625 3445 5679 super
3478 5611 3600 5681 eius

2973 5741 3015 5772 ⁷ο
3070 5739 3207 5796 Psal.
3237 5757 3430 5807 ιιιιιτ,
3474 5741 3559 5798 12.
