4026 6140
388 326 493 387 8ἷ3

1485 321 1566 380 1N
1606 315 2155 379 UEXAEMEEKUN.
2186 318 2419 377 ~L1l}.
2466 317 2544 374 Il.
2604 316 2615 325 “

3540 302 3643 363 δτι

389 455 561 511 aquas
593 446 649 493 et
699 438 1002 494 inhabitem
1032 446 1088 493 et
1118 434 1455 491 inambulem
1488 433 1545 487 in
1571 433 1835 489 cordibus
1864 442 1962 485 eo-
1995 441 2033 489 Α
2067 447 2174 485 non
2210 442 2393 486 autem
2425 439 2619 485 natura
2653 446 2665 481 :
2697 442 2922 482 necesse
2949 434 3029 479 est
3056 424 3128 478 ob
3154 430 3382 492 typtcas,
3413 418 3508 473 sed
3535 435 3642 472 non

393 547 513 587 rum
544 531 600 585 in
639 530 823 585 medio
852 545 1008 599 aqum
1030 530 1186 593 vivm,
1224 526 1329 582 ﬁde
1364 544 1377 581 :
1410 516 1467 581 et
1504 539 1660 595 aqua:
1716 531 1963 584 mortuae,

392 622 798 679 incredulitate.
852 622 990 676 Nam
1019 621 1064 676 si
1100 630 1184 675 est
1224 617 1484 681 inﬁdelis,
1513 626 1802 686 separetur
1827 615 1970 669 ziza-

392 719 483 773 nia
518 734 549 772 a
588 717 797 779 tritico,
840 716 995 785 palea
1020 729 1050 768 a
1079 729 1221 784 pane
1253 729 1266 764 :
1309 710 1428 765 Non
1456 709 1603 775 enim
1630 709 1746 762 ueni
1770 716 1827 761 ut
1846 708 1969 760 mit-

394 820 557 863 terem
599 825 784 879 pacem
834 806 879 837 ⁷³
913 805 1055 859 lucis
1083 804 1151 858 ad
1190 802 1473 863 tenebras,
1502 799 1598 855 sed
1634 807 1695 853 ut
1731 798 1969 852 facerem

394 899 802 968 separationem
832 898 887 950 in
915 896 1098 949 medio
1134 891 1429 963 serpentis.
1466 891 1523 945 Si
1554 899 1762 955 autem,
1799 896 1861 942 ut
1888 897 1973 943 cst

395 998 867 1051 consentaneum,
928 1000 1039 1039 non
1094 983 1415 1039 verisimilis
1470 981 1729 1036 videatur
1770 978 1970 1041 oratio,

396 1080 628 1135 ostendo
655 1079 755 1133 tibi
781 1079 837 1132 in
858 1075 1090 1147 singulis
1124 1091 1219 1131 sex
1274 1074 1514 1138 dierum,
1561 1072 1734 1126 Deum
1778 1068 1974 1125 fecisse

397 1172 635 1241 aliquam
702 1168 1019 1239 hujusmodi
1095 1165 1542 1235 separationem:
1597 1162 1973 1233 exemplorum

400 1263 776 1327 multitudine,
809 1261 974 1323 forte,
1006 1268 1060 1313 te
1083 1259 1426 1315 liberaturus
1454 1255 1524 1309 ab
1563 1253 1973 1309 incredulitate.

398 1356 584 1411 Primo
604 1371 736 1426 ergo
770 1353 857 1408 die
892 1352 1034 1407 facta
1063 1362 1147 1407 est
1169 1350 1444 1420 separatio
1467 1346 1609 1402 lucis
1633 1361 1665 1400 a
1688 1345 1933 1400 tenebris
1958 1360 1972 1407 ;

399 1447 508 1501 hoc
529 1447 641 1510 die,
669 1446 811 1501 facta
839 1453 923 1500 est
948 1444 1228 1514 separatio
1251 1456 1409 1511 aqua;
1441 1448 1498 1495 et
1547 1454 1740 1508 aquae;
1791 1436 1974 1499 tertio,

399 1538 671 1609 separatio
714 1548 873 1592 terrm
901 1536 968 1595 ab
1003 1534 1163 1605 aquis
1193 1552 1208 1602 ;
1238 1541 1459 1604 quarto,
1487 1529 1762 1601 separatio
1811 1527 1977 1582 lumi-

400 1632 618 1686 narium
641 1616 789 1684 inter
808 1629 956 1684 diem
984 1637 1040 1683 et
1074 1637 1293 1682 noctem
1321 1644 1337 1692 ;
1371 1633 1526 1680 sexto
1555 1624 1666 1689 die,
1694 1620 1979 1677 distinctio

309 1742 322 1758 ι
401 1732 460 1777 et
484 1721 683 1776 divisio
710 1720 995 1775 hominum
1023 1727 1079 1773 et
1104 1719 1416 1774 volucrum.
1443 1714 1601 1781 Quod
1623 1713 1669 1768 si
1689 1728 1799 1768 non
1821 1711 1980 1766 facile

402 1814 684 1878 admittas,
726 1828 827 1882 per
872 1811 1057 1865 omnia
1104 1808 1403 1880 signiﬁcari
1430 1806 1759 1861 divisionem
1792 1802 1983 1857 Eccle-

403 1906 498 1961 sia:
526 1905 596 1958 ab
626 1918 819 1958 errore
849 1911 906 1957 et
930 1901 1342 1963 incredulitate,
1368 1898 1459 1954 dic
1487 1897 1621 1951 mihi
1640 1908 1883 1966 quanam
1913 1891 1981 1946 dc

403 2013 589 2063 causa,
617 2005 713 2050 aut
739 1994 874 2065 quid
902 2010 1044 2064 Opus
1073 2002 1193 2048 erat
1217 1994 1328 2047 Deo
1368 2007 1459 2046 res
1487 1990 1632 2044 inter
1663 2004 1724 2043 se
1747 1986 1981 2056 conjun-

401 2104 553 2165 gere,
583 2095 640 2142 et
674 2086 875 2143 deinde
909 2101 1005 2140 eas
1034 2099 1065 2139 a
1100 2099 1159 2139 se
1195 2097 1454 2151 separare
1478 2079 1725 2136 secundo
1749 2076 1983 2131 ordine?

403 2180 519 2236 Hoc
542 2181 692 2235 enim
735 2186 820 2234 est
860 2179 1077 2248 signum
1129 2174 1357 2231 artiﬁcis
1406 2173 1630 2228 minime
1690 2169 1978 2241 ingeniosi.

402 2273 545 2329 Dicit
569 2272 716 2325 enim
749 2288 763 2323 :
799 2270 871 2324 Et
898 2270 1019 2339 fecit
1050 2267 1454 2336 ﬁrmamentum
1481 2264 1642 2329 Deus,
1674 2262 1768 2332 qui
1800 2261 1987 2316 ﬁrma-

404 2363 491 2417 vit»
519 2372 720 2416 terram
756 2360 1000 2415 hominis
1031 2374 1199 2428 super
1244 2357 1510 2427 piscinam
1546 2373 1559 2408 :
1610 2361 1667 2408 et
1710 2352 1983 2423 separavit

405 2457 551 2511 Deus
576 2455 628 2508 in
659 2453 842 2509 medio
868 2468 1025 2522 aqua:
1056 2466 1181 2521 quae
1208 2457 1329 2505 erat
1353 2464 1521 2519 super
1541 2448 1980 2501 ﬁrmamentum:

407 2545 477 2601 Et
501 2545 697 2614 factum
727 2550 801 2596 est
833 2544 905 2595 sic
943 2549 993 2596 et
1020 2540 1221 2594 vocavit
1259 2537 1398 2591 Deus
1450 2536 1848 2605 ﬁrmamentum
1884 2548 1986 2588 cae-

410 2637 521 2690 lum
545 2653 563 2701 ;
587 2644 635 2688 et
666 2634 794 2688 vidit
817 2633 954 2687 Deus
982 2630 1121 2702 quod
1152 2638 1282 2684 esset
1320 2628 1532 2682 bonum.
1568 2624 1714 2692 Quid
1758 2638 1985 2679 necesse

405 2736 528 2783 erat
566 2726 678 2791 dic,
719 2739 929 2795 quasso,
962 2723 1144 2778 facere
1172 2721 1277 2775 hoc
1302 2718 1605 2774 secundum
1635 2717 1817 2771 velum
1842 2733 1855 2768 :
1877 2730 1987 2769 coe-

406 2820 542 2886 lum,
568 2820 817 2888 inquam.
853 2815 1001 2886 quod
1061 2814 1270 2868 dicitur
1323 2809 1780 2866 ﬁrmamentum?
1821 2807 1983 2862 Sulli-

406 2913 589 2968 ciehat
620 2911 770 2965 enim
800 2909 1041 2979 primum
1081 2907 1282 2962 caelum
1313 2904 1379 2958 ad
1405 2904 1571 2959 situm
1596 2901 1729 2958 solis
1761 2909 1818 2955 et
1842 2902 1986 2954 lunae.

402 3016 462 3062 et
485 3006 770 3060 stellarum
799 3002 867 3057 ad
899 2999 1314 3057 illuminandam
1345 3007 1567 3053 terram.
1591 2995 1648 3052 Si
1670 3004 1857 3051 autem
1879 2994 1986 3048 hoc

402 3097 633 3151 omnino
664 3108 891 3149 necesse
923 3100 1043 3146 erat
1065 3090 1207 3156 ﬁeri,
1235 3104 1338 3144 cur
1371 3103 1482 3144 non
1511 3084 1816 3141 secundum
1845 3098 1985 3153 quo-

403 3203 512 3256 que
543 3187 748 3241 canum
794 3185 940 3240 sicut
978 3183 1220 3253 primum
1253 3180 1359 3235 fuit
1397 3179 1693 3249 indigena:
1729 3177 1825 3232 sed
1861 3183 1983 3230 tan-

402 3294 571 3349 quam
602 3293 671 3332 ex
716 3277 899 3346 aliqua
937 3282 1169 3329 externa
1194 3272 1443 3344 regione,
1473 3272 1654 3341 ipsum
1690 3270 1888 3324 extulit
1917 3284 1985 3323 ex

407 3376 557 3423 terra
581 3376 638 3422 et
664 3381 732 3421 ex
754 3368 875 3436 ejus
896 3364 1069 3435 guttis
1093 3364 1116 3417 ?
1146 3361 1462 3433 Superioris
1485 3374 1614 3430 ergo
1642 3359 1766 3413 emli
1791 3367 1984 3413 natura

404 3457 989 3529 incomprehensibilis
1029 3453 1163 3509 mihi
1200 3453 1421 3507 videtur
1464 3450 1670 3505 habere
1701 3457 1889 3521 typum
1922 3464 1985 3504 ac

405 3553 636 3623 ﬁguram
716 3548 1023 3605 divinitatis
1092 3544 1505 3616 inaspectabilis
1560 3550 1617 3597 et
1679 3542 1987 3611 incompre-

406 3644 737 3700 hensibilis:
813 3641 1218 3696 ﬁrmamentum
1269 3646 1474 3702 autem,
1534 3633 1685 3706 quod
1746 3634 1815 3687 ah
1874 3633 1985 3686 imo

404 3736 676 3800 ascendit,
719 3734 887 3789 habet
937 3731 1164 3803 ﬁguram
1203 3728 1408 3784 Christi
1464 3724 1823 3781 humanitatis
1889 3740 1984 3778 seu

404 3827 610 3882 carnis.
675 3825 830 3894 Aqua
879 3832 1061 3877 autem
1098 3836 1223 3892 qua:
1274 3835 1400 3875 cum
1449 3833 1517 3872 eo
1551 3817 1620 3871 ab
1652 3818 1764 3871 imo
1790 3830 1985 3870 asccnu

407 3920 492 3975 dit
561 3930 619 3973 et
700 3918 1001 3986 intercepta
1087 3913 1193 3968 fuit
1270 3912 1327 3965 in
1407 3909 1590 3964 medio
1668 3906 1867 3978 primi,
1930 3915 1987 3959 ct

405 4010 558 4081 quod
614 4007 835 4079 proprie
893 4014 980 4061 est
1022 4004 1149 4060 (εωιί
1192 4013 1248 4059 et
1281 4001 1446 4072 hujus
1478 3998 1810 4055 ﬁrmamenti
1838 3997 1986 4067 quod

407 4100 656 4157 ascendit
706 4098 775 4153 ab
834 4097 991 4152 imo:
1050 4093 1320 4150 describit
1355 4091 1647 4161 imaginem
1688 4089 1987 4158 impolluta:

406 4192 574 4263 865
603 4194 723 4261 ejus
763 4189 959 4245 anima:
985 4204 1108 4259 qua:
1132 4196 1215 4243 est
1256 4184 1436 4239 media
1470 4184 1613 4237 inter
1640 4182 1985 4237 divinitatem

406 4293 468 4341 et
511 4284 693 4337 carnis
727 4281 1150 4337 crassitudinem
1191 4285 1378 4348 utpote
1423 4277 1568 4345 quod
1618 4276 1730 4330 sint
1776 4275 1832 4329 bi
1876 4275 1987 4329 duo

407 4358 534 4427 deli
580 4391 592 4425 :
624 4389 693 4428 ex
733 4372 938 4442 quibus
974 4371 1209 4424 alterum
1252 4365 1474 4436 quidem
1509 4373 1594 4419 est
1633 4364 1983 4437 aspectabilc,

404 4466 644 4532 alterum
683 4480 817 4519 vero
860 4480 968 4517 non
1011 4461 1159 4517 cadit
1189 4459 1293 4514 sub
1336 4466 1639 4530 aspectum.

479 4556 611 4626 Ejus
629 4556 777 4626 quod
800 4555 1008 4611 dictum
1033 4564 1118 4610 est
1137 4551 1295 4607 testis
1318 4558 1403 4605 est
1424 4548 1723 4619 Gregorius
1752 4549 1805 4603 in
1829 4548 1996 4604 rebus

405 4648 615 4704 divinis
637 4649 959 4718 praeclarus,
979 4647 1170 4702 dicens
1193 4643 1407 4703 Domini
1430 4643 1669 4698 animam
1688 4656 1807 4697 esse
1828 4642 1997 4697 inter-

410 4741 649 4796 mediam
687 4740 831 4794 inter
860 4739 1205 4795 divinitatem
1234 4744 1292 4792 et
1321 4735 1505 4791 carnis
1526 4734 1950 4791 crassitudinem
1978 4753 1991 4789 :

409 4834 594 4889 anima
631 4833 779 4887 enim
812 4841 870 4887 et
897 4847 1039 4902 aqua
1076 4831 1339 4886 dicuntur
1377 4830 1531 4899 signa
1570 4829 1697 4883 vita;
1724 4828 1780 4882 in
1808 4827 1993 4881 divina

408 4925 715 4994 Scriptura.
729 4924 865 4979 Vide
880 4926 1026 4978 enim
1045 4922 1191 4993 quod
1209 4904 1407 4977 cmlum
1426 4920 1646 4991 quidem
1664 4921 1921 4990 superius
1936 4930 1990 4975 et

404 5015 553 5085 quod
596 5030 707 5069 non
738 5015 887 5070 cadit
915 5014 1020 5068 sub
1052 5020 1357 5084 aspectum,
1386 5020 1581 5066 natura
1616 5011 1686 5065 ab
1713 5010 1872 5065 initio
1894 5028 1990 5066 vo-

404 5114 590 5158 catum
623 5113 708 5159 est
752 5106 973 5160 coelum.
1021 5104 1452 5158 Firmamentum
1497 5109 1678 5157 autem
1709 5103 1987 5157 materiale

401 5195 551 5264 quod
584 5195 653 5249 ab
680 5194 790 5251 imo
820 5194 1087 5258 ascendit,
1114 5209 1226 5249 non
1255 5203 1450 5249 natura
1491 5194 1560 5249 ab
1591 5194 1749 5249 initio
1783 5196 1984 5251 factum

401 5292 490 5338 est
518 5285 721 5339 cmlum
760 5302 774 5339 :
807 5286 903 5341 sed
950 5294 1073 5356 post
1117 5284 1380 5339 unionem
1413 5299 1578 5354 quam
1626 5285 1817 5341 habuit
1858 5302 1985 5342 cum

402 5377 546 5431 caelo
574 5387 771 5433 natura
808 5376 1213 5448 inaspectabili,
1246 5385 1377 5431 tunc
1406 5376 1586 5446 ipsum
1622 5392 1841 5448 quoque
1869 5393 1985 5437 cm-

404 5464 517 5519 lum
548 5474 634 5521 est
662 5468 1015 5536 appellatum.
1047 5466 1153 5535 Sed
1192 5468 1453 5536 quoniam
1486 5476 1735 5522 sanctum
1766 5482 1984 5538 quoque

403 5556 616 5615 Christi
646 5575 848 5631 corpus
884 5556 1235 5617 deiﬁcatione
1265 5568 1322 5615 et
1351 5560 1555 5617 unione
1588 5561 1791 5616 dicitur
1819 5562 1982 5625 Deus,

478 5738 528 5771 ’⁸³
562 5738 752 5794 Matth.
791 5757 842 5803 x,
868 5740 957 5794 54.
1033 5743 1078 5774 ⁷⁸
1111 5744 1253 5801 Psal.
1282 5764 1472 5817 cxvtn,
1494 5753 1585 5806 75.

769 5831 1042 5895 PATROL.
1088 5836 1204 5897 Gn.
1254 5840 1401 5902 LXX
1417 5844 1578 5906 XIX.

1660 5755 1703 5785 "
1730 5753 1902 5808 Exod.
1940 5771 2123 5823 χχχιιι,
2150 5756 2240 5817 21.

2070 524 2369 586 naturales,
2416 539 2538 594 qua:
2584 523 2744 577 dieue
2786 526 2916 576 sunt
2962 532 3148 572 rerum
3197 514 3541 573 traditiones,
3594 511 3646 563 id

2070 616 2255 671 dicere
2319 617 2721 670 ﬁrmamentum
2781 611 2930 682 quod
2979 610 3180 664 factum
3229 614 3314 661 est
3354 620 3421 659 ex
3469 603 3647 672 aquis.

2071 709 2204 763 Erat
2232 709 2463 777 abyssus
2488 706 2839 761 tenebrarum
2869 703 3048 763 sedes,
3085 701 3268 754 homo.
3300 696 3431 763 Qum
3464 703 3650 749 autem

2073 816 2169 870 per
2199 799 2479 856 Christum
2526 798 2760 853 exaltata
2792 805 2878 850 est
2921 808 3109 863 supra,
3140 790 3239 845 Dei
3270 788 3409 843 lucis
3443 786 3602 841 sedes
3638 803 3651 838 :

2074 892 2326 947 considet
2349 892 2517 945 etiam
2548 905 2673 944 cum
2702 904 2769 943 eo
2794 885 3096 942 individuo.
3130 884 3205 938 De
3231 882 3316 936 his
3346 882 3400 935 in
3432 879 3655 935 Christo

2076 983 2246 1039 unitis
2291 983 2445 1037 caelis
2491 998 2590 1036 seu
2632 979 2846 1034 naturis
2889 978 3097 1032 dictum
3142 984 3227 1028 cst
3275 972 3410 1027 illud
3461 990 3473 1024 :
3526 970 3656 1025 Coeli

2075 1082 2335 1129 enarraut
2363 1073 2594 1145 gloriam
2624 1072 2715 1126 Dei
2743 1089 2761 1125 :
2786 1072 2891 1126 hoc
2919 1076 3023 1131 est,
3050 1077 3260 1123 natura:
3283 1063 3489 1120 Christi
3521 1079 3659 1132 pra!-

2078 1156 2265 1222 dicant
2305 1177 2360 1223 et
2399 1168 2628 1239 gloriam
2671 1165 2844 1234 ipsius
2872 1163 2968 1218 Dei
2995 1159 3274 1230 Unigeniti
3299 1159 3394 1228 qui
3425 1173 3492 1212 ex
3525 1158 3659 1226 ipsis

2077 1264 2133 1309 ct
2170 1256 2224 1309 in
2257 1255 2392 1325 ipsis
2424 1255 2827 1317 consideratur,
2857 1262 2913 1307 et
2938 1260 3245 1320 paternam,
3273 1264 3400 1304 eum
3432 1248 3658 1317 quidem

2078 1359 2133 1403 et
2164 1359 2223 1405 nt
2257 1349 2429 1404 Demn
2478 1349 2844 1411 declarantcs,
2887 1355 2943 1400 et
2996 1352 3055 1399 ut
3104 1343 3384 1398 hominem
3433 1341 3528 1411 qui
3574 1350 3660 1394 est

2079 1442 2240 1497 simul
2274 1444 2330 1498 in
2362 1443 2481 1515 ipso
2510 1444 2676 1498 Deus.
2706 1443 2965 1496 Mannum
3002 1450 3185 1495 autem
3215 1440 3335 1509 ejus
3369 1438 3657 1498 facturam,

2078 1548 2203 1588 cum
2234 1541 2514 1602 Oporteret
2538 1548 2686 1598 eum,
2721 1540 3056 1601 tangentem,
3091 1546 3191 1600 per
3222 1545 3282 1585 se
3310 1530 3528 1600 cperari
3562 1546 3573 1581 :
3604 1529 3658 1583 in

2080 1625 2363 1680 miraculis
2396 1624 2687 1680 annuntiat
2719 1624 3129 1678 ﬁrmamentum
3161 1641 3174 1677 :
3208 1624 3312 1679 hoc
3340 1631 3445 1688 est,
3473 1623 3566 1693 qui
3606 1624 3660 1677 in

2080 1734 2148 1772 eo
2177 1718 2424 1772 cernitur
2460 1718 2645 1772 homo.
2672 1716 2774 1771 Per
2803 1731 2927 1771 eum
2959 1717 3107 1771 enim
3138 1716 3472 1787 operabatur
3500 1716 3664 1770 mira-

2083 1809 2205 1861 cula
2251 1807 2578 1872 divinitatis,
2626 1823 2789 1877 quem
2818 1822 2849 1862 e
2894 1820 3039 1863 terra
3083 1809 3430 1863 sustulerunt
3470 1808 3663 1862 dicen-

2087 1906 2193 1951 tem
2230 1915 2241 1951 :
2272 1897 2462 1952 Manus
2493 1906 2596 1952 tua:
2628 1899 2861 1968 fecerunt
2892 1915 2972 1953 me
2997 1906 3044 1951 et
3072 1897 3468 1967 plasmaverunt
3493 1915 3573 1952 me
3594 1900 3662 1962 7‘,

2083 1988 2494 2044 ﬁrmamentum
2546 2006 2577 2045 a
2625 1990 2983 2060 corruptione
3031 1990 3100 2047 ad
3166 1990 3661 2060 incorruptionem.

2085 2078 2240 2134 Unde
2271 2080 2473 2135 cmlum
2519 2080 2742 2150 quidem
2790 2080 2972 2135 carnis
2999 2081 3121 2151 ejus
3148 2080 3295 2151 quod
3324 2081 3564 2144 videtur,
3600 2096 3670 2136 ex

2087 2172 2317 2227 lmmore
2349 2185 2550 2229 terra}:
2584 2190 2781 2244 nempe
2815 2189 2883 2228 ex
2930 2174 3195 2245 sanguine
3233 2174 3514 2230 terrestris
3538 2174 3669 2230 Vir-

2085 2262 2228 2331 ginis
2257 2263 2362 2317 sibi
2394 2264 2626 2329 editum,
2662 2264 2896 2319 ﬁrmavit
2929 2281 3024 2319 seu
3069 2266 3345 2336 compegit
3372 2265 3441 2320 ad
3481 2266 3668 2319 incor-

2088 2354 2423 2423 ruptionem,
2460 2356 2729 2427 quoniam
2764 2367 2848 2411 est
2876 2357 2971 2412 Dei
3009 2372 3155 2411 caro.
3190 2358 3311 2413 Non
3355 2359 3501 2412 enim
3548 2374 3673 2413 cor.-

2088 2456 2249 2516 rupta
2282 2457 2384 2513 est,
2413 2457 2508 2502 aut
2544 2449 2775 2513 interiit,
2806 2449 3021 2504 etiamsi
3063 2465 3128 2505 ea
3166 2466 3289 2521 quae
3334 2458 3466 2506 sunt
3507 2460 3673 2505 natu-

2089 2556 2162 2595 ra:
2188 2549 2377 2595 secuta
2404 2550 2490 2596 est
2517 2542 2682 2596 etiam
2729 2542 2784 2595 in
2815 2558 3000 2597 cruce.
3042 2543 3175 2596 Nam
3220 2543 3323 2597 etsi
3372 2543 3468 2597 Dci
3518 2557 3669 2606 caro,

2086 2646 2206 2690 erat
2248 2646 2432 2691 tamen
2472 2636 2640 2692 etiam
2689 2644 2896 2691 nostra.
2950 2636 3188 2693 Alteram
3233 2645 3441 2696 autem,
3473 2651 3671 2705 nempe

2086 2742 2208 2795 qum
2230 2728 2533 2795 intercepta
2563 2736 2669 2790 cst,
2696 2735 2756 2781 ut
2775 2726 2982 2782 dictum
3012 2737 3116 2789 est,
3155 2727 3336 2781 media
3368 2727 3510 2781 inter
3532 2726 3672 2783 duos

2088 2820 2258 2881 caelos
2293 2835 2305 2870 :
2338 2819 2465 2874 dico
2508 2828 2693 2873 autem
2742 2818 3004 2879 animam,
3040 2827 3099 2872 ut
3126 2819 3336 2874 dictum
3362 2827 3466 2883 est,
3500 2819 3671 2874 sumit

2089 2911 2142 2965 in
2187 2924 2285 2964 sua
2312 2909 2576 2973 essentia,
2612 2918 2671 2962 nt
2700 2925 2822 2979 qua:
2873 2925 2981 2964 non
3030 2925 3173 2978 opus
3218 2908 3451 2963 haberet
3483 2915 3544 2960 nt
3575 2908 3668 2961 lir-

2089 3012 2356 3065 maretur,
2386 3016 2455 3056 eo
2497 3001 2646 3073 quod
2678 3004 2799 3071 ejus
2828 3009 3024 3057 natura
3075 3001 3298 3059 minime
3344 3015 3667 3071 corrumpe--

2011 3108 2055 3169 ο
2090 3101 2200 3157 tur,
2229 3107 2334 3147 nec
2365 3093 2419 3147 in
2449 3109 2569 3147 eam
2603 3094 2761 3148 cadat
2790 3093 3065 3150 interitus.

2164 3185 2220 3240 Si
2260 3195 2445 3240 autem
2474 3186 2648 3250 voles,
2678 3201 2787 3241 non
2822 3186 3060 3256 accipies
3106 3185 3173 3239 de
3216 3186 3331 3239 sola
3374 3200 3537 3239 carne
3568 3185 3675 3239 Do-

2091 3275 2227 3330 mini
2261 3276 2566 3331 secundum
2615 3275 3042 3342 ﬁrmamentum,
3084 3293 3283 3347 nempe
3327 3292 3532 3340 aerem,
3574 3276 3670 3330 sed

2091 3366 2256 3421 etiam
2285 3366 2354 3422 de
2380 3368 2499 3438 ejus
2526 3366 2835 3423 divinitate.
2865 3367 3154 3435 Quomodo
3178 3367 3324 3422 enim
3355 3383 3451 3422 aer
3482 3368 3673 3437 implet

2091 3460 2298 3522 omnia,
2343 3471 2401 3515 et
2430 3460 2614 3515 nullus
2653 3470 2738 3515 est
2783 3461 2937 3515 locus
2968 3477 3036 3515 eo
3071 3476 3306 3525 vacuus;
3344 3460 3547 3515 dicitur
3570 3476 3672 3514 au-

2095 3560 2201 3605 tem
2239 3562 2294 3605 et
2325 3551 2394 3606 ab
2423 3553 2670 3607 externis
2703 3552 2858 3608 locus
2887 3567 3056 3626 capax
3087 3551 3333 3605 omnium
3369 3561 3426 3611 et
3453 3551 3545 3621 qui
3578 3566 3677 3621 po.

2095 3649 2200 3694 test
2229 3642 2413 3699 omnia
2447 3642 2729 3711 suscipere
2754 3659 2767 3695 :
2799 3651 2885 3697 est
2913 3652 3097 3696 autem
3130 3642 3294 3697 etiam
3321 3645 3669 3713 perspicuus.

2093 3732 2302 3784 nullius
2338 3748 2507 3801 capax
2552 3733 2757 3803 ﬁgurae,
2789 3743 2845 3787 et
2876 3734 3303 3802 inaspcclabilis.
3339 3734 3435 3789 St‘d
3468 3735 3676 3788 faciens

2093 3822 2316 3891 quidem
2351 3832 2410 3877 ut.
2442 3839 2528 3879 res
2559 3825 2851 3880 videantur
2880 3841 3003 3880 cum
3052 3827 3169 3896 ipse
3197 3827 3424 3882 omnino
3451 3843 3560 3882 non
3598 3829 3678 3881 vi.-

2094 3912 2290 3968 deatur
2319 3932 2331 3966 :
2362 3915 2433 3969 ita
2459 3917 2625 3970 etiam
2650 3917 3036 3972 universorum
3072 3920 3219 3974 Deus
3249 3920 3442 3990 implet
3470 3921 3674 3980 omnia.

2093 4013 2149 4059 et
2178 4005 2362 4061 nullus
2393 4015 2479 4061 est
2523 4008 2676 4062 locus
2708 4024 2774 4062 eo
2803 4024 3031 4065 vacuus.
3066 4011 3185 4068 Non
3229 4020 3313 4066 est
3340 4013 3488 4067 enim
3520 4028 3676 4067 crea—

2097 4104 2217 4151 tura
2247 4113 2367 4167 qua:
2395 4116 2460 4153 ex
2495 4100 2612 4168 ipso
2653 4116 2760 4155 non
2792 4101 2865 4155 sit
2895 4103 3228 4173 conspicua;
3261 4112 3345 4158 est
3377 4113 3558 4159 autem
3589 4121 3679 4160 ea.

2095 4204 2197 4258 pax
2227 4189 2473 4244 omnium
2501 4191 2595 4260 qui
2625 4201 2879 4261 quarunt
2905 4195 3377 4264 comprehendere
3405 4212 3523 4251 eam
3556 4212 3678 4266 qua:

2093 4298 2158 4338 ex
2196 4282 2314 4352 ipso
2343 4283 2561 4338 exsistit
2590 4283 3016 4350 deiﬁcationem,
3048 4295 3416 4356 congruenter
3443 4287 3493 4340 ei
3529 4288 3677 4357 quod

2094 4389 2124 4427 a
2156 4373 2302 4429 Mose
2334 4374 2544 4429 dictum
2593 4383 2677 4431 cst
2709 4395 2721 4429 :
2753 4376 2849 4432 Est
2890 4378 3030 4431 locus
3079 4380 3223 4449 apud
3257 4396 3339 4435 me
3362 4382 3429 4445 ’³,
3479 4396 3677 4450 nempe

2027 4465 2067 4518 D
2097 4462 2333 4519 facultas
2360 4466 2699 4536 suscipiendi
2744 4476 2799 4522 te
2844 4476 2900 4522 et
2936 4476 3045 4525 tua.
3078 4468 3349 4535 Quidnam
3381 4479 3561 4524 autem
3593 4481 3678 4526 cst

2091 4559 2242 4614 aliud
2271 4575 2340 4614 eo
2374 4560 2549 4631 magis
2596 4563 2970 4632 perspicuum,
3003 4565 3097 4633 qui
3146 4565 3540 4634 propemodum
3574 4565 3675 4620 ob-

2091 4650 2333 4706 caecabat
2362 4653 2555 4707 oculos
2587 4653 2981 4723 discipulorum
3032 4655 3086 4709 in
3134 4655 3395 4710 Thabor?
3443 4657 3541 4712 Est
3575 4673 3676 4713 au-

2093 4750 2202 4795 tem
2248 4742 2458 4799 nullius
2490 4759 2660 4814 capax
2714 4745 2919 4816 ﬁgurae,
2969 4747 3108 4803 adeo
3151 4755 3212 4802 ut
3259 4749 3465 4805 nullam
3510 4751 3676 4806 aliam

2093 4832 2360 4903 suscipiat
2384 4830 2640 4898 formam,
2672 4846 2931 4907 tanquam
2966 4839 3198 4894 formam
3232 4841 3285 4897 in
3316 4843 3565 4898 materia.
3594 4845 3676 4900 Ad

2094 4923 2211 4979 haec
2254 4918 2439 4978 autem
2488 4929 2724 4994 accedit,
2762 4930 2911 4999 quod
2957 4940 3041 4986 est
3092 4932 3519 5001 inaspectabilis.
3568 4935 3675 5001 Qui

2090 5016 2238 5071 enim
2272 5032 2439 5088 supra
2465 5019 2585 5089 ejus
2613 5028 2807 5090 pectus
2834 5022 3089 5079 recubuit
3118 5025 3257 5079 dixit
3284 5043 3297 5078 :
3325 5025 3494 5082 Deum
3524 5043 3675 5082 nemo

2090 5106 2219 5160 vidit
2248 5124 2487 5179 unquam
2518 5110 2582 5164 ⁷⁸.
2616 5111 2685 5166 Et
2713 5111 2843 5167 facit
2879 5114 3126 5185 quidem,
3164 5125 3224 5171 ut
3250 5118 3356 5172 alia
3388 5118 3676 5175 videantur

2090 5199 2160 5255 ab
2197 5199 2268 5255 iis
2299 5201 2399 5271 qui
2422 5201 2627 5258 habent
2653 5204 2890 5260 validam
2924 5208 3127 5263 mentis
3153 5210 3622 5279 perspicacitatem
3656 5229 3669 5265 :

2094 5299 2283 5360 utpote
2329 5294 2545 5364 angeli;
2577 5296 2779 5351 malum
2821 5306 2878 5352 et
2906 5299 3165 5355 universa
3192 5310 3467 5367 creatura,
3500 5303 3673 5356 unde-

2092 5401 2217 5439 nam
2248 5396 2307 5442 et
2337 5389 2803 5457 quemadmodum
2838 5391 2979 5446 facta
3026 5393 3136 5447 sit:
3168 5392 3284 5461 ipse
3326 5403 3511 5448 autem
3560 5410 3670 5449 non

2093 5477 2387 5547 subjicitur
2421 5482 2925 5551 comprehensioni,
2957 5498 3138 5553 neque
3182 5483 3429 5539 cernitur
3474 5490 3672 5541 modus

2091 5569 2211 5637 ejus
2237 5570 2511 5624 essentiae.
2546 5569 2661 5626 Hoc
2696 5587 2916 5642 quoque
2949 5589 3057 5628 non
3090 5580 3141 5627 te
3170 5584 3482 5644 przetereat,
3522 5580 3670 5650 quod

2321 5759 2366 5789 ⁷⁸
2390 5757 2548 5815 Joan.
2582 5775 2618 5827 ι,
2650 5760 2734 5816 18.

3300 5855 3382 5923 28
