4026 6140
418 290 522 353 875

1602 298 1662 359 S.
1708 298 2103 360 ANASTASH
2146 304 2211 362 Si
2225 304 2472 365 NAlTr’E

3567 315 3674 380 876

415 404 693 502 sicut.acr
722 410 805 457 est
849 403 1156 502 viviﬁcator
1190 407 1491 502 inominum
1541 421 1596 466 et
1644 428 1836 467 eorum
1885 430 2007 485 qua:
2035 423 2077 477 Α
2109 420 2254 488 quod
2290 431 2419 502 sunt
2454 423 2627 479 sancti
2680 426 2857 496 angeli
2894 426 2944 481 in
2992 428 3152 494 coelo,
3185 436 3331 500 quod
3379 445 3490 485 non
3540 432 3689 488 cadit

415 503 544 549 sunt
575 495 631 548 in
662 505 833 558 terra,
884 495 958 551 ita
989 497 1156 552 etiam
1188 499 1335 554 Deus
1368 502 1659 568 accedens,
1702 520 1800 560 eos
1827 506 2002 560 viviﬁ-

413 598 504 642 cat
534 586 629 657 qui
662 586 858 642 vivunt
880 603 948 643 cx
974 588 1187 644 ratione
1218 607 1232 643 :
1264 593 1507 663 angelos,
1541 595 1787 666 inquam,
1815 607 1872 654 et
1898 598 2001 654 ho-

412 679 630 735 mines:
656 679 753 734 sed
785 687 841 735 et
885 695 983 735 eos
1029 681 1198 737 etiam
1242 684 1335 753 qui
1377 695 1506 740 sunt
1537 686 1767 744 belluini
1794 690 1855 745 in
1885 691 2003 746 sola

411 790 509 830 eos
541 790 878 831 conservans
910 777 1152 833 essentia
1184 797 1200 832 :
1233 795 1344 834 non
1376 780 1565 852 utique
1608 784 1677 840 ad
1720 800 1817 841 eos
1848 802 2006 842 acce-

409 869 565 933 dens,
598 876 654 922 et
700 883 825 922 cum
871 871 954 924 eis
986 871 1282 927 transiens.
1319 873 1474 941 Quod
1508 875 1558 928 si
1595 875 1762 930 etiam
1795 877 2001 932 intelli-

409 975 506 1031 gas
545 959 614 1016 de
644 961 855 1031 angelis
906 969 963 1016 et
994 961 1341 1020 daemonibus
1389 965 1525 1021 illud
1572 985 1584 1020 :
1623 967 1695 1022 Et
1733 972 2000 1039 separauit

409 1053 552 1107 Deus
582 1054 644 1106 in
684 1052 857 1107 medio
898 1070 1052 1124 aqua:
1095 1072 1213 1125 qua:
1257 1066 1335 1111 est
1382 1058 1476 1113 sub
1524 1058 1897 1127 ﬁrmamento,
1951 1072 2002 1116 et

412 1162 568 1218 aqua;
599 1161 717 1217 qua:
747 1155 823 1201 est
849 1163 1014 1217 supra
1054 1147 1491 1217 ﬁrmamentum;
1535 1152 1674 1207 nihil
1718 1153 1998 1226 intelligis,

409 1239 558 1309 quod
585 1238 866 1310 diserepet
887 1255 917 1295 a
943 1242 1166 1311 pietate.
1198 1243 1465 1298 Nonnulli
1489 1255 1674 1300 autem
1704 1247 1809 1302 hoc
1835 1249 1998 1303 etiam

408 1333 658 1389 referunt
684 1333 754 1387 ad
780 1333 921 1388 duos
952 1335 1207 1404 populos,
1238 1352 1439 1407 nempe
1467 1347 1524 1392 et
1548 1339 1622 1393 ad
1642 1354 1752 1395 nos
1777 1341 2000 1410 quidem

409 1432 618 1489 stantes
646 1433 741 1503 qui
773 1433 912 1486 ﬁrmi
940 1448 1134 1507 sumus
1160 1447 1225 1487 ac
1257 1434 1485 1490 stabiles
1508 1451 1674 1505 super
1698 1435 1847 1491 Petri
1872 1435 1999 1489 fun-

408 1525 750 1588 damentum,
781 1533 838 1580 et
865 1524 1014 1579 illius
1054 1523 1182 1579 ﬁdei
1216 1524 1555 1581 immobilem
1582 1526 1948 1582 constantiam
1980 1543 1995 1579 :

404 1625 463 1671 et
509 1616 578 1672 ad
608 1616 828 1672 Judaeos
861 1616 956 1686 qui
992 1615 1338 1681 ceciderunt,
1368 1625 1425 1673 et
1459 1619 1693 1690 subjecti
1738 1626 1866 1673 sunt
1908 1618 1995 1673 in-

406 1708 596 1764 feriori
643 1708 1011 1763 ﬁrmamento.
1049 1708 1236 1762 Potest
1282 1718 1465 1766 autem
1488 1706 1601 1765 hoc
1626 1725 1848 1780 quoque
1882 1710 1995 1765 dici

404 1800 474 1856 de
522 1800 684 1856 nobis
711 1808 769 1855 et
797 1800 865 1856 de
905 1800 1237 1857 adversariis
1270 1819 1283 1855 :
1317 1816 1566 1871 magnam
1600 1802 1749 1855 enim
1790 1802 1997 1856 daemo-

404 1908 541 1946 num
590 1891 1007 1947 multitudinem
1053 1893 1334 1963 separavit
1378 1894 1523 1948 Deus
1557 1894 1787 1949 veniens
1830 1908 1997 1963 super

404 1995 613 2040 terram
655 1992 712 2038 et
736 1999 834 2039 eos
875 1984 1026 2039 misit
1070 1985 1123 2039 in
1156 1985 1450 2058 abyssum;
1478 2001 1677 2056 nempe
1704 1986 1808 2041 sub
1837 1996 1996 2042 terra;

407 2079 816 2132 lirmamentum
846 2092 956 2146 quo
984 2078 1134 2132 missi
1165 2087 1295 2132 sunt
1340 2077 1415 2131 illi
1447 2078 1542 2148 qui
1586 2087 1717 2132 sunt
1761 2078 1995 2147 ingressi

407 2167 463 2224 in
502 2183 721 2241 gregem
757 2185 1073 2240 porcorum,
1105 2179 1164 2224 ut
1189 2185 1316 2225 cum
1356 2171 1647 2241 pauciores
1675 2179 1861 2226 essent
1887 2170 1994 2225 ini-

405 2263 555 2327 mici,
584 2277 686 2317 nos
717 2271 865 2317 recte
895 2270 951 2318 et
980 2278 1048 2318 ex
1081 2262 1286 2318 virtute
1327 2262 1495 2317 vitam
1530 2276 1837 2332 ageremus.
1877 2263 1993 2317 Ali-

405 2353 628 2425 quando
666 2354 947 2424 separavit
976 2354 1142 2408 etiam
1177 2354 1405 2424 angelus
1430 2353 1527 2408 Dei
1565 2354 1621 2407 in
1654 2353 1813 2418 mari,
1842 2362 1994 2409 stans

404 2446 463 2501 in
489 2445 675 2501 medio
710 2445 929 2500 lsraelis
954 2454 1009 2500 et
1034 2443 1438 2516 )Egyptiorum,
1466 2453 1527 2499 ut
1548 2452 1866 2499 servaretur
1897 2460 1995 2515 po-

404 2538 570 2609 pulus
615 2537 733 2600 Dei,
767 2535 1202 2607 przesigniﬁcans
1245 2535 1426 2607 magni
1458 2534 1679 2590 consilii
1723 2536 1991 2604 Angelum

404 2632 499 2701 qui
534 2647 636 2685 nos
667 2638 788 2686 erat
830 2631 1169 2685 liberaturus
1198 2644 1228 2682 a
1260 2643 1423 2683 manu
1457 2627 1682 2682 diaboli.
1720 2627 1992 2682 Suavissi-

2105 513 2208 566 sub
2254 524 2559 583 aspectum,
2607 517 2713 572 boc
2746 531 2873 575 sunt
2902 528 2959 574 et
2993 521 3358 587 ﬁrmamento,
3392 524 3597 590 stellae;
3631 535 3688 580 e't

2105 603 2159 657 in
2204 605 2473 672 Ecclesia,
2503 610 2699 664 sancti.
2737 610 2794 665 Si
2830 622 3013 666 autem
3061 613 3116 667 in
3152 614 3371 686 hymnis
3414 616 3686 673 Davidicis

2101 695 2296 751 audias
2344 698 2510 753 etiam
2544 700 2706 755 -εαιιοε
2752 702 3029 771 prelorum,
3075 704 3201 760 haec
3246 717 3332 761 est
3378 709 3689 776 proprietas

2102 788 2302 860 linguae
2347 791 2649 859 llebra'rcm,
2694 811 2817 865 qua:
2849 796 3125 867 singulare
3168 813 3311 868 saepe
3341 800 3601 860 nominat,
3630 801 3686 855 in

2103 882 2323 951 plurali.
2385 882 2617 950 Quando
2667 893 2853 941 autem
2896 887 3055 942 audis
3087 888 3318 943 Paulum
3367 900 3582 960 raptum
3616 891 3689 945 ad

2103 978 2319 1029 tertium
2340 976 2526 1030 caelum
2541 993 2559 1041 ;
2576 977 2815 1047 primum
2841 979 3041 1033 cmlum
3058 979 3308 1035 existima
3330 995 3451 1035 esse
3476 996 3684 1048 aerem,

2103 1076 2473 1138 congruenter
2505 1069 2556 1122 ci
2585 1070 2731 1138 quod
2760 1069 3005 1125 dicitur:
3035 1070 3171 1126 Novi
3213 1088 3406 1127 onmes
3433 1074 3687 1130 volucres

2103 1161 2248 1224 creti,
2277 1162 2382 1216 hoc
2410 1169 2493 1216 est
2518 1163 2662 1217 acris
2690 1181 2703 1216 :
2734 1162 2933 1219 deinde
2965 1165 3268 1220 secundum
3294 1167 3519 1231 coelum,
3551 1168 3687 1222 stel-

2103 1254 2312 1319 larum;
2364 1262 2421 1308 et
2458 1254 2701 1320 tertium,
2751 1269 3070 1324 supremum
3105 1259 3305 1312 costum
3341 1259 3683 1329 angelorum.

2096 1344 2320 1399 Etenim
2350 1344 2404 1399 in
2432 1347 2694 1401 exteriori
2725 1357 2878 1418 parte
2908 1350 3098 1419 templi
3123 1351 3301 1405 stabat
3326 1367 3518 1421 magna
3546 1353 3686 1407 mul-

2103 1435 2283 1490 titudo
2312 1435 2553 1504 Israelis,
2585 1437 2638 1492 in
2674 1438 2992 1494 interiorem
3028 1451 3212 1496 autem
3257 1442 3359 1496 soli
3411 1443 3713 1518 ingrediea

2102 1528 2303 1583 bantur
2336 1530 2672 1594 sacerdotes,
2704 1531 2760 1585 in
2789 1547 2909 1586 eam
2936 1548 3058 1602 qua!
3082 1542 3167 1588 est
3198 1533 3343 1588 intra
3379 1535 3682 1590 secundum

2094 1620 2320 1684 velum,
2370 1620 2521 1675 solus
2568 1621 2836 1690 pontifex.
2886 1622 3172 1687 Quomodo
3214 1624 3378 1677 etiam
3428 1624 3484 1679 in
3530 1625 3685 1680 caelis

2101 1710 2369 1777 invenies,
2396 1712 2450 1765 in
2474 1712 2735 1766 exteriori
2761 1713 2985 1782 quidem
3010 1714 3151 1768 cmlo
3173 1722 3229 1768 et
3254 1715 3399 1784 quod
3424 1725 3508 1770 est
3535 1716 3683 1787 apud

2106 1816 2250 1855 nos':
2285 1801 2339 1855 in
2375 1801 2741 1867 ﬁrmamento,
2776 1803 3021 1872 inquam,
3051 1803 3203 1858 aerio
3233 1822 3245 1857 :
3274 1805 3556 1859 volucrum
3586 1822 3683 1875 ge-

2107 1909 2237 1948 nera
2263 1893 2427 1948 simul
2455 1894 2683 1954 versari,
2717 1911 2839 1964 qua:
2872 1894 3182 1964 signiﬁcant
3208 1897 3479 1966 gregalem
3511 1896 3685 1951 Israe-

2104 1982 2170 2036 lis
2198 1982 2610 2038 multitudinem
2642 2001 2655 2037 :
2693 1985 2836 2039 intra
2868 1985 3270 2040 ﬁrmamentum
3317 1995 3498 2041 autem
3532 1987 3683 2057 quod

2102 2086 2349 2145 apparet,
2376 2084 2432 2130 et
2462 2075 2673 2147 ingredi
2720 2086 2776 2132 et
2818 2076 3018 2147 degere
3050 2085 3106 2132 et
3151 2078 3361 2133 servire
3402 2095 3465 2133 ac
3499 2079 3683 2133 colere

2102 2166 2470 2237 intelligentes
2511 2168 2850 2233 Potestates,
2904 2180 2961 2224 et
3006 2168 3148 2225 forte
3194 2170 3362 2225 etiam
3406 2172 3681 2243 justorum

2100 2258 2328 2312 animas.
2362 2257 2541 2328 Supra
2577 2258 2883 2313 secundum
2910 2260 3110 2315 coelum
3146 2260 3446 2330 (quodnam
3477 2262 3548 2316 sit
3579 2277 3681 2316 an-

2095 2357 2209 2403 tem
2234 2364 2347 2403 non
2376 2348 2672 2420 intelligo),
2700 2350 2806 2411 hoc
2839 2358 2924 2405 est
2950 2350 3256 2405 secundum
3283 2352 3489 2415 velum,
3521 2369 3682 2408 nemo

2096 2450 2182 2496 est
2213 2441 2489 2512 ingressus
2522 2441 2625 2495 nisi
2656 2442 2808 2497 solus
2835 2458 2999 2497 verus
3028 2442 3277 2497 Pontifex
3298 2443 3558 2500 Christus
3583 2445 3680 2514 qni

2097 2543 2181 2588 est
2214 2533 2458 2603 pontifex
2499 2534 2802 2589 secundum
2833 2534 3085 2589 ordinem
3112 2535 3540 2591 Melchisedech.
3571 2536 3678 2593 Su-

2096 2627 2285 2697 perius
2315 2636 2499 2681 autem
2530 2627 2730 2709 coelum
2757 2627 3013 2682 existimo
3044 2641 3164 2682 esse
3208 2628 3363 2682 sinus
3395 2637 3676 2698 paternos.

404 2736 530 2777 mus
562 2731 745 2776 antem
793 2720 1144 2792 Nysszeorum
1188 2718 1512 2790 Gregorius,
1545 2717 1989 2788 "intelligentiam
2087 2718 2178 2773 Tu
2214 2726 2399 2773 autem
2429 2719 2656 2789 quando
2682 2718 2929 2773 audieris
2959 2720 3130 2773 Deum
3176 2734 3298 2775 esse
3326 2730 3394 2776 et
3418 2721 3677 2777 "habitare

407 2815 679 2869 intellexit
706 2816 1047 2870 Potestatum
1077 2828 1199 2869 esse
1228 2827 1499 2882 aquarum
1535 2811 1986 2883 disjunctionem.

405 2906 539 2960 Nam
570 2908 707 2960 alias
729 2906 954 2976 quidem
994 2906 1284 2960 constituit
1312 2906 1459 2960 Deus
1483 2904 1541 2958 in
1567 2904 1722 2959 caelis
1745 2903 1813 2957 ad
1843 2901 1987 2957 divi-

405 3013 533 3051 nam
563 2996 1040 3068 gloriﬁcationem,
1067 2997 1282 3066 aliquas
1309 3008 1491 3050 autem
1521 2994 1590 3048 ad
1616 2992 1987 3048 ministerium

2096 2810 2149 2864 in
2179 2809 2353 2875 caelis,
2377 2825 2446 2865 ex
2469 2809 2654 2864 divina
2692 2808 3000 2879 Scriptura,
3037 2819 3133 2865 aut
3165 2827 3286 2867 esse
3321 2811 3462 2867 intra
3492 2813 3675 2867 velum

2093 2899 2400 2956 secundum
2430 2917 2443 2953 :
2470 2914 2541 2954 ne
2578 2898 2915 2954 intellexeris
2960 2898 3173 2970 aliquas
3206 2902 3676 2973 circumscriptio-

2093 3011 2212 3060 nes,
2243 3005 2300 3051 et
2328 2997 2531 3051 locales
2559 2996 2945 3061 habitationes,
2981 3004 3036 3050 et
3060 2995 3592 3066 transmigrationes,
3617 3005 3676 3052 et

405 3089 462 3145 in
497 3098 639 3144 terra
666 3089 1064 3143 convenienter
1093 3088 1142 3142 ei
1173 3089 1268 3157 qui
1300 3088 1436 3142 dicit
1463 3101 1558 3140 eas
1582 3085 1985 3139 administrato-
2015 3115 2057 3173 ο
2093 3101 2376 3150 ascensus,
2404 3094 2461 3141 et
2490 3086 2927 3157 egressus.'Nam
2958 3101 3083 3140 cum
3128 3087 3199 3140 sit
3237 3085 3463 3141 humilis
3489 3094 3545 3141 et
3573 3087 3675 3142 ab-

405 3182 512 3234 rios
544 3181 761 3250 spiritus
794 3179 887 3247 qui
919 3180 1202 3231 mittuntur
1241 3178 1310 3232 ad
1342 3178 1507 3231 nostri
1549 3176 1900 3231 ministerium
1937 3182 1987 3229 et

406 3271 632 3325 salutem
661 3271 731 3324 ⁷⁷.
763 3271 957 3326 Videte
1002 3270 1171 3333 enim,
1222 3268 1403 3339 inquit
1432 3268 1712 3332 Christus,
1763 3283 1827 3321 ne
1866 3281 1990 3320 con-

408 3364 655 3416 temnatis
692 3378 855 3415 unum
887 3375 950 3413 ea:
981 3359 1185 3430 pusillis
1214 3359 1309 3428 qui
1345 3359 1400 3412 in
1432 3373 1518 3413 me
1562 3357 1795 3413 credunt
1821 3373 1834 3411 :
1859 3356 1987 3411 Dico

409 3456 547 3508 enim
573 3453 733 3517 vobis,
751 3453 888 3523 quod
912 3448 1087 3521 angeli
1109 3465 1293 3503 eorum
1324 3456 1573 3520 perpetuo
1598 3448 1770 3501 vident
1801 3448 1988 3518 [aciem

409 3546 587 3601 Patris
620 3546 721 3599 mei
750 3545 840 3615 qui
873 3552 947 3598 est
981 3543 1037 3597 in
1070 3541 1210 3597 aviis
1243 3541 1310 3594 ⁷⁸.
1346 3539 1404 3596 Si
1440 3550 1625 3595 autem
1660 3539 1984 3610 interrogas,

405 3648 463 3693 et
499 3637 775 3709 quomodo
810 3636 981 3690 Deum
1017 3650 1170 3689 nemo
1199 3634 1325 3687 vidit
1357 3648 1594 3702 unquam
1614 3632 1639 3684 ?
1666 3631 1807 3687 scias
1838 3631 1987 3701 quod

408 3729 465 3782 in
522 3728 661 3782 Filio
706 3736 965 3797 tanquam
1010 3725 1065 3779 in
1107 3724 1293 3794 aliquo
1335 3721 1523 3777 divino
1566 3722 1790 3792 speculo
1834 3720 1990 3776 vide-

404 3833 531 3873 mus
558 3818 789 3880 gloriam
835 3814 1031 3878 Patris,
1065 3820 1434 3884 congruenter
1453 3810 1506 3865 ei
1529 3809 1676 3879 quod
1720 3810 1986 3880 scriptum

407 3920 494 3965 cst
520 3928 531 3963 :
560 3907 661 3975 Qui
690 3924 770 3963 me
799 3908 948 3973 vidit,
979 3906 1106 3961 cidit
1144 3913 1193 3958 et
1217 3903 1456 3983 Patrem,
1480 3901 1621 3972 quod
1649 3917 1741 3972 ego
1786 3902 1887 3955 sim
1931 3902 1986 3954 in

410 4001 592 4063 Patre,
624 4009 673 4054 et
700 3999 859 4053 Pater
882 4001 936 4052 in
969 4015 1049 4051 me
1072 3999 1138 4050 τ’.

477 4093 755 4163 lntclliges
812 4093 981 4147 etiam
1032 4090 1267 4144 duarum
1318 4103 1585 4158 aquarum
1632 4087 1984 4153 divisionem,

403 4188 584 4258 justos
623 4184 719 4255 qui
750 4185 1079 4254 separentur
1104 4198 1133 4236 a
1176 4181 1579 4251 peccatoribus,
1611 4180 1735 4235 illos
1762 4179 1987 4250 quidem

406 4278 501 4347 qui
536 4276 828 4347 rapiuntur
850 4276 914 4328 in
951 4273 1192 4329 nubibus
1215 4287 1380 4344 supra
1415 4271 1853 4337 fundamentum,
1883 4271 1988 4325 hos

407 4386 538 4424 vero
569 4368 663 4439 qui
705 4367 848 4422 inira
891 4365 1343 4420 transmittuntur
1379 4362 1448 4417 ad
1527 4360 1754 4417 inferos.
1791 4362 1988 4417 Nescio

2089 3177 2235 3249 jecta
2284 3185 2470 3232 nostra
2503 3187 2720 3243 natura,
2758 3193 2883 3232 cum
2913 3193 2999 3242 ea,
3035 3184 3201 3246 prout
3241 3185 3327 3231 est
3358 3194 3531 3247 (33an
3572 3194 3674 3234 30'-

2093 3270 2301 3334 diendi,
2331 3270 2575 3339 loquitur
2607 3268 2848 3339 Spiritus
2878 3278 3120 3324 sanctus.
3153 3269 3284 3340 Ejus
3315 3278 3499 3324 autem
3524 3271 3673 3340 quod

2093 3363 2349 3427 dicimus,
2382 3364 2554 3418 testis
2586 3371 2669 3417 est
2717 3361 2878 3417 nobis
2926 3361 3203 3432 proposita
3238 3361 3520 3431 Scriptura
3556 3361 3672 3416 Mo-

2092 3456 2260 3520 saica,
2298 3471 2419 3525 quas
2448 3453 2692 3510 continet
2721 3453 2970 3523 quaedam
3003 3468 3187 3508 crassa
3213 3453 3383 3510 verba
3423 3464 3478 3507 et
3521 3452 3670 3507 indi-

2092 3564 2197 3619 gna
2227 3549 2335 3603 Deo
2369 3546 2459 3617 qni
2484 3562 2597 3601 non
2626 3553 2809 3615 potest
2834 3547 3218 3601 circumscribi
3250 3564 3264 3601 :
3290 3562 3413 3618 qua:
3447 3546 3672 3617 quidem

2094 3641 2270 3697 Moses
2301 3656 2411 3695 non
2430 3655 2461 3694 a
2488 3639 2652 3694 domo
2679 3653 2777 3693 sua
2812 3639 3062 3708 protulit,
3094 3639 3188 3694 sed
3213 3640 3375 3704 Deus,
3402 3655 3526 3695 cum
3554 3640 3672 3708 ipse

2092 3748 2192 3804 per
2241 3742 2460 3789 sanctos
2504 3731 2727 3802 angelos
2771 3731 2828 3785 in
2872 3741 3058 3787 monte
3082 3732 3243 3788 Sinai
3287 3733 3406 3788 bzec
3450 3733 3673 3787 locutus

2092 3833 2239 3881 esset
2271 3824 2325 3878 in
2357 3822 2867 3878 tabernaculo.'Sed
2900 3838 3002 3878 nec
3026 3838 3228 3878 nomen
3252 3838 3413 3878 suum
3444 3825 3673 3879 omnino

2092 3918 2279 3988 posuit
2312 3916 2498 3971 Moses
2526 3916 2584 3969 in
2628 3916 2747 3986 ejus
2776 3915 3158 3985 inscriptione,
3189 3924 3251 3971 ut
3283 3915 3532 3971 fecerunt
3563 3932 3671 3972 ae-

2095 4008 2196 4063 teri
2256 4006 2542 4078 prophetas
2604 4006 2662 4060 in
2723 4005 2883 4060 libris
2941 4022 3166 4062 suarum
3228 4007 3670 4078 prophetiarum.

2091 4097 2432 4172 866Quod
2462 4107 2647 4152 autem
2673 4097 2849 4167 angeli
2885 4098 3002 4153 haec
3032 4108 3329 4153 narrarunt
3358 4098 3514 4162 Mosi,
3541 4100 3672 4153 audi

2095 4192 2321 4245 Paulum
2353 4190 2625 4244 dicentem
2660 4189 2713 4243 in
2755 4189 2994 4258 Epistola
3040 4189 3108 4243 ad
3138 4190 3391 4243 Hebraeos
3428 4189 3495 4243 de
3527 4190 3675 4244 Seri-

2094 4288 2254 4350 ptura
2284 4279 2419 4349 leg'is
2446 4278 2692 4332 Musaicm
2725 4296 2737 4332 :
2772 4277 2830 4333 Si
2866 4280 3004 4332 enim
3027 4279 3117 4347 qui
3145 4294 3238 4348 per
3266 4278 3479 4347 angelos
3506 4278 3673 4332 dictus

2094 4381 2169 4424 est
2197 4387 2390 4434 sermo,
2423 4370 2522 4439 fuit
2550 4370 2737 4437 ﬁrmus
2767 4376 2817 4422 et
2840 4369 3044 4423 stabilis
3067 4370 3135 4422 °'.
3164 4368 3429 4424 Similiter
3453 4378 3509 4422 et
3538 4369 3672 4423 bea-

404 4462 553 4516 enim
580 4460 713 4530 quid
748 4466 895 4514 esset
917 4471 1077 4527 opus,
1106 4463 1167 4509 ut
1190 4469 1346 4524 aquae
1373 4454 1652 4508 ferrentur
1680 4468 1847 4523 supra
1878 4467 1990 4509 coa-
2024 4472 2065 4529 ο
2096 4472 2183 4519 [us
2234 4462 2548 4532 Stephanus
2601 4461 2655 4515 in
2707 4460 2858 4516 Actis
2904 4461 3279 4531 apostolorum
3339 4460 3407 4515 ad
3452 4460 3674 4522 Judznos

406 4553 542 4607 lum.
572 4551 714 4605 Num
742 4548 961 4603 volebat
1000 4547 1147 4602 Deus
1171 4552 1232 4600 ut
1256 4543 1517 4615 angelicae
1547 4549 1848 4613 potestates
1889 4558 1991 4597 ve-

407 4652 697 4699 scerentur
747 4638 1028 4709 piscibus?
1075 4637 1180 4705 Qui
1232 4638 1383 4692 enim
1430 4651 1498 4691 ex
1544 4634 1704 4705 aquis
1754 4634 1993 4689 ﬁrmavit

406 4735 630 4798 caelum,
673 4743 729 4788 et
773 4747 941 4801 super
981 4746 1151 4800 aquas
1193 4728 1483 4800 suspendit
1518 4738 1741 4790 terram,
1777 4734 1993 4797 poterat

406 4827 575 4881 etiam
604 4826 723 4880 sine
761 4840 903 4894 aqua
947 4822 1332 4877 indissolubile
1363 4819 1645 4876 custodire
1678 4819 1993 4874 ﬁrmamen-

408 4928 525 4974 tum
569 4915 737 4972 otiam
776 4931 844 4970 ex
893 4915 1017 4985 igne
1064 4912 1216 4969 solis.
1265 4913 1510 4967 Duorum
1549 4926 1681 4981 ergo
1720 4911 1988 4966 caelorum

409 5007 1062 5066 tantumt‘abricationem
1088 5004 1385 5060 didicimus
1406 5017 1475 5057 ex
1500 5015 1652 5058 sacra
1668 5002 1984 5072 Scriptura,

409 5109 465 5164 in
496 5117 683 5180 typum
716 5120 782 5160 ac
812 5103 1040 5174 ﬁguram
1085 5100 1320 5155 duorum
1364 5097 1612 5153 velorum
1638 5096 1832 5166 templi
1866 5112 1988 5166 qua:

407 5201 720 5272 signiﬁcant
760 5197 897 5251 duas
944 5202 1170 5250 naturas
1206 5192 1356 5256 Jesu,
1384 5199 1441 5246 et
1483 5190 1717 5246 duorum
1749 5192 1985 5261 populo-

411 5311 555 5359 rum,
586 5301 642 5349 et
667 5292 902 5347 duarum
934 5287 1318 5344 *Ecclesiarum
1364 5303 1377 5339 :
1423 5299 1699 5354 supernae,
1746 5283 1988 5355 inquam,

406 5386 736 5450 Jerusalem,
776 5394 831 5439 et
859 5389 1094 5446 nostrae,
1132 5378 1399 5435 ﬁdelium.
1443 5376 1601 5445 Quod
1644 5376 1792 5431 enim
1828 5391 1992 5446 supe-

408 5479 542 5534 riori
579 5478 719 5534 caelo
748 5477 891 5531 Deus
919 5482 1003 5530 est
1033 5473 1102 5529 ad
1155 5472 1373 5536 lumen‘,
1421 5470 1527 5525 hoc
1559 5468 1699 5525 cmlo
1739 5467 1990 5551 inferiori

410 5579 495 5623 est
538 5572 640 5631 sol,
682 5578 739 5623 et
775 5569 1123 5623 ﬁrmamento
1169 5563 1448 5629 Ecclesiae,
1498 5559 1877 5631 Evangelium.
1924 5560 1991 5613 Et

483 5746 527 5777 ⁷⁷
562 5745 729 5799 Hebr.
765 5760 802 5812 I,
844 5744 928 5797 ML

1006 5741 1049 5774 ⁷⁸
1083 5741 1272 5798 Matth.
1309 5754 1461 5806 xvm,
1492 5737 1576 5793 10.
1651 5739 1697 5772 ⁷⁵
1731 5736 1887 5793 Joan.
1923 5751 2032 5803 xw,
2069 5734 2124 5801 9,
2159 5732 2245 5787 l0.

2092 4553 2259 4610 verba
2298 4553 2529 4619 faeiens,
2554 4551 2774 4607 dicebat
2813 4551 2881 4607 de
2914 4552 3060 4607 Mose
3087 4569 3100 4605 :
3143 4552 3239 4605 llic
3265 4560 3341 4605 est
3371 4553 3460 4621 qui
3486 4553 3585 4621 fuit
3613 4552 3670 4604 in

2090 4645 2329 4701 Ecclesia
2357 4647 2413 4699 in
2441 4644 2726 4698 solitudine
2753 4659 2871 4697 cum
2922 4643 3113 4713 angelo
3139 4644 3229 4713 qui
3264 4642 3594 4712 loquebatur.
3620 4652 3673 4695 et

2088 4742 2144 4791 in
2176 4744 2350 4790 monte
2392 4733 2543 4799 Sina,
2592 4743 2641 4788 et
2675 4751 2793 4789 cum
2831 4735 3071 4804 patribus
3110 4736 3328 4799 nostris,
3353 4735 3440 4806 qui
3469 4734 3674 4802 accepit

2091 4829 2251 4883 verba
2289 4829 2408 4881 vita:
2450 4834 2515 4879 ut
2550 4827 2702 4880 daret
2750 4826 2894 4910 nobjs
2923 4825 2992 4879 ⁸⁸.
3038 4826 3179 4881 Ecce
3208 4835 3391 4896 aperte
3422 4825 3607 4879 audivi
3639 4838 3673 4877 a

2094 4919 2285 4983 Paulo,
2318 4918 2617 4988 Stephano.
2642 4918 2925 4989 apostolis,
2948 4933 3069 4972 esse
3099 4918 3321 4988 angelos
3342 4917 3436 4987 qui
3493 4932 3675 4971 enun-

2096 5013 2303 5067 tiarunt
2347 5010 2548 5064 librum
2578 5009 2808 5065 Genesis
2837 5009 2971 5075 Mosi
3015 5020 3113 5065 :et
3140 5024 3204 5065 ea
3244 5010 3312 5065 de
3354 5023 3518 5063 causa
3558 5024 3670 5064 non

2093 5101 2375 5171 inscripsit
2398 5115 2524 5155 eum
2555 5115 2655 5154 suo
2692 5099 2930 5153 nomine.

2164 5196 2428 5249 Prmterca
2460 5208 2567 5247 non
2598 5201 2682 5247 est
2713 5192 2816 5246 hoc
2849 5207 3069 5262 quoque
3113 5190 3666 5260 prmtcrmittendnm,

2088 5284 2555 5357 quemadmodum
2598 5283 2748 5337 hunc
2779 5283 2923 5338 diem
2970 5283 3258 5352 appellarit
3301 5282 3605 5338 secundum
3652 5300 3666 5335 :

2088 5376 2344 5432 existimo
2377 5385 2560 5431 autem
2591 5376 2641 5429 id
2673 5390 2795 5430 esse
2838 5375 3041 5430 factum
3072 5384 3197 5445 apte
3229 5374 3390 5430 simul
3433 5382 3488 5429 et
3516 5388 3665 5427 vere.

2090 5468 2144 5523 Si
2173 5467 2317 5523 enim
2344 5467 2490 5522 Deus
2531 5482 2641 5520 non
2674 5466 2797 5522 ideo
2840 5465 3099 5522 formavit
3127 5467 3404 5521 Immineat
3449 5474 3508 5519 ut
3537 5479 3668 5534 pro-

2091 5566 2211 5629 pter
2255 5560 2433 5628 ipsum
2478 5558 2705 5613 subiens
2752 5559 2935 5613 crucis
2979 5558 3309 5628 patibulum,
3360 5555 3660 5612 atﬁceretut

2323 5734 2369 5767 ⁸ο
2399 5732 2565 5789 Hebr.
2602 5749 2662 5803 ιι,
2693 5733 2747 5789 ‘2.
2824 5735 2866 5767 ⁸¹
2901 5734 3021 5791 Aet.
3060 5750 3153 5798 vn,
3188 5734 3276 5789 38.
