4026 6140
372 391 476 458 871

1450 388 1530 447 IN
1571 383 2125 446 HEXAEMERON.
2157 408 2223 418 -·
2260 384 2409 445 LIB.
2450 383 2566 443 III.

3484 420 3487 425 α
3536 376 3644 437 878

369 505 571 579 injuria
599 523 611 559 :
636 514 691 559 et
710 503 813 569 sic,
836 518 932 574 per
955 518 1013 558 se
1042 510 1098 556 et
1120 517 1251 556 suos
1277 500 1580 571 discipulos
1601 501 1669 556 ad
1693 516 1752 557 se
1775 500 1960 555 tralte-
1988 526 2032 583 Α
2058 497 2328 553 Mosaicos
2351 509 2406 552 et
2430 495 2788 567 proplieticos
2810 501 2861 549 cl
2886 491 3178 548 Davidicos
3213 505 3520 552 sermones.
3544 493 3649 583 ali-

371 607 453 655 ret
478 598 784 654 humanum
818 611 1030 667 genus:
1058 595 1155 650 sed
1185 603 1245 649 ut
1270 594 1386 664 ipse
1414 593 1509 665 qui
1546 594 1727 651 fuerat
1754 595 1956 650 forma-

369 702 479 756 tus,
507 689 702 745 ﬁrmus
724 696 974 745 maneret
996 702 1061 742 ae
1087 686 1301 743 stabilis
1323 688 1378 741 in
1407 687 1477 744 iis
1505 702 1629 757 qute
1657 687 1709 741 ei
1737 686 1959 741 fuerant

373 786 579 842 tributa
627 784 684 838 in
730 783 905 849 Eden,
958 781 1185 836 minime
1232 780 1303 836 ab
1344 781 1426 836 eis
1465 780 1781 836 abstractus
1818 796 1832 833 :
1866 779 1957 834 ille

370 893 505 933 vero
529 893 654 934 cum
685 892 794 931 non
820 873 1239 945 permansisset,
1266 872 1446 928 victus
1471 881 1557 928 est
1578 879 1635 929 et
1660 872 1869 944 eiectus
1890 886 1958 927 ex

370 969 544 1034 Eden,
571 968 977 1036 damnatusque
1005 963 1073 1020 ad
1108 964 1522 1035 corruptionem
1549 971 1606 1020 et
1630 963 1915 1019 interitum
1940 980 1953 1016 :

371 1063 557 1132 itaque
577 1059 868 1131 oportebat
887 1058 1078 1113 venire
1105 1057 1290 1126 aliqua
1313 1055 1592 1127 prioribus
1615 1054 1777 1135 bonis
1796 1055 1958 1125 longe

371 1154 620 1215 meliora,
649 1167 714 1207 ea
741 1159 926 1206 autem
967 1158 1149 1213 erant,
1181 1149 1301 1220 ejus
1333 1148 1429 1219 qui
1473 1163 1576 1203 nos
1601 1157 1688 1203 cst
1721 1147 1957 1202 fabrica-

373 1257 463 1300 tus
491 1245 745 1298 humana:
783 1251 995 1296 naturai
1028 1240 1327 1311 susceptio.
1359 1239 1429 1294 Et
1458 1253 1607 1293 nunc
1632 1239 1701 1293 ab
1734 1238 1845 1294 imo
1872 1253 1959 1294 as-

369 1336 611 1393 cendens
636 1335 849 1390 aerium
880 1333 1286 1389 ﬁrmamentum
1316 1347 1383 1388 ex
1410 1332 1566 1403 aquis
1608 1339 1788 1397 terrae,
1815 1346 1959 1401 quo-

375 1432 547 1495 niam,
592 1426 907 1482 humanitas
953 1440 1054 1495 per
1084 1423 1366 1480 Christum
1410 1431 1497 1479 est
1539 1431 1841 1493 assumpta,
1874 1428 1960 1479 est

368 1519 533 1573 simul
564 1533 691 1573 cum
722 1528 922 1587 magno
964 1523 1021 1570 et
1062 1513 1241 1583 primo
1276 1511 1439 1576 coelo,
1471 1526 1597 1567 cum
1638 1510 1828 1575 Verbi,
1876 1509 1960 1566 in-
1990 1580 2004 1588 ί

368 1626 557 1682 quam,
593 1608 904 1671 divinitate,
946 1604 1188 1661 assidue.
1232 1604 1302 1659 Et
1345 1604 1462 1659 haec
1507 1602 1652 1659 facta
1692 1613 1825 1658 sunt
1873 1618 1960 1659 se-

371 1702 591 1766 cunda,
656 1708 718 1756 ut
753 1699 957 1771 prima,
985 1697 1393 1753 medicamento
1454 1694 1729 1762 adhibito,
1793 1711 1954 1752 cura-

372 1802 587 1848 rentur.

2060 585 2285 657 quando
2326 587 2549 657 quidem
2586 585 2838 655 accipere
2884 597 3058 653 aquas
3100 596 3201 653 pro
3242 571 3655 651 gentibusfali’

2060 679 2285 750 quando
2328 688 2513 735 autem
2562 695 2660 748 pro
2707 675 3130 733 tentationibus.
3176 674 3475 744 aliquando
3524 689 3652 728 vero

2063 787 2162 843 pro
2185 772 2390 827 divinis
2415 771 2743 841 disciplinis.
2781 780 2838 826 et
2872 783 2970 838 pro
2993 773 3185 823 sancto
3214 765 3445 837 Spiritu,
3470 776 3523 821 ct
3554 782 3653 837 pro

2060 865 2235 936 gratia
2285 864 2650 935 baptismatis.
2712 861 3001 930 Quomodo
3050 860 3219 916 etiam
3281 862 3483 916 ctelum
3546 860 3650 915 alt-

2061 954 2285 1024 quando
2338 956 2564 1025 quidem
2618 954 2893 1025 significat
2942 953 3120 1022 ipsum
3174 951 3580 1007 ﬁrmamentum
3632 969 3646 1003 :

2062 1045 2359 1115 aliquando
2403 1057 2586 1101 autem
2634 1046 2801 1100 etiam
2855 1047 3112 1099 cmlestcs
3168 1043 3507 1102 l'otcstates.
3555 1050 3652 1095 aut

2062 1139 2230 1192 etiam
2256 1153 2353 1194 cor
2381 1154 2545 1193 omne
2578 1152 2745 1211 super
2766 1138 2913 1209 quod
2940 1138 3085 1193 Deus
3115 1135 3433 1205 requiescit.

2131 1229 2344 1286 Montes
2400 1246 2625 1302 quoque
2689 1230 2878 1285 multis
2945 1229 3122 1284 modis
3199 1228 3647 1298 intelliguntur:

2062 1321 2417 1393 accipiuntur
2498 1324 2647 1379 enim
2728 1339 2830 1395 pro
2913 1322 3069 1378 etelis
3152 1329 3203 1376 et
3292 1336 3389 1391 pro
3461 1320 3652 1374 Eccle-

2062 1411 2164 1480 sia,
2199 1422 2256 1468 et
2283 1428 2383 1485 pro
2409 1414 2642 1485 angelis,
2674 1426 2727 1469 et
2754 1429 2856 1485 pro
2884 1413 3067 1479 altari,
3094 1424 3152 1467 et
3193 1428 3290 1481 pro
3314 1412 3651 1467 adversariis

2060 1504 2447 1576 pote‘Statibus,
2475 1514 2531 1559 et
2566 1520 2665 1575 pro
2690 1514 2880 1560 sancta
2909 1503 3131 1575 Virgine
3154 1511 3208 1557 et
3236 1502 3331 1556 Dei
3359 1500 3647 1571 genitrice.

2063 1596 2332 1654 Similiter
2356 1597 2524 1653 etiam
2553 1595 2709 1651 ﬂuvii
2735 1606 2792 1652 et
2814 1597 3017 1661 fontes,
3047 1603 3105 1650 et
3147 1594 3367 1665 plantae,
3397 1606 3452 1649 et
3479 1604 3648 1656 terra,

2060 1697 2118 1743 et
2154 1689 2420 1756 tenebrat,
2464 1689 2641 1745 nubes
2685 1697 2742 1745 et
2788 1689 2941 1744 venti
2975 1696 3074 1743 :et
3119 1697 3180 1742 ut
3226 1688 3395 1743 semel
3442 1687 3647 1751 dicam,

2061 1781 2245 1837 omnis
2283 1782 2635 1853 aspectabilis
2668 1791 2725 1838 et
2764 1797 2887 1852 quae
2915 1781 3018 1837 sub
3046 1790 3331 1852 aspectum
3365 1796 3470 1835 non
3504 1781 3655 1836 cadit

440 1887 743 1955 Propterea
790 1881 910 1937 dies
955 1878 1231 1936 secundus
1276 1887 1333 1934 et
1366 1876 1511 1933 actio
1541 1875 1784 1932 secunda
1815 1874 1958 1930 dici-
1991 1875 2033 1931 Β
2062 1884 2317 1930 creatura
2346 1874 2701 1930 multifariam
2727 1875 3028 1945 multisque
3055 1876 3236 1930 modis
3264 1874 3653 1946 intelliguntur

369 1988 482 2045 tur,
514 1976 825 2033 Servatoris
869 1975 1124 2029 humanm
1157 1980 1369 2026 natura:
1411 1970 1711 2040 susceptio.
1761 1969 1958 2037 Quam,

367 2070 463 2142 qui
508 2070 641 2124 hinc
685 2078 742 2123 et
785 2067 939 2122 illine
979 2065 1241 2121 discrevit
1272 2063 1521 2119 ﬁdelium
1563 2072 1620 2119 et
1653 2062 1960 2119 inﬁdelium

368 2177 543 2233 aquas
570 2175 669 2231 per
695 2160 1105 2213 ﬁrmamentum
1137 2154 1264 2209 ﬁdei
1307 2171 1321 2209 :
1360 2152 1802 2209 Christianorum
1841 2154 1963 2209 dies

367 2248 720 2319 significavit.
775 2246 1020 2317 Apparet
1065 2252 1252 2300 autem
1301 2242 1409 2297 hoc
1459 2257 1682 2313 quoque
1730 2243 1960 2313 pulchre

366 2339 687 2405 dicendum,
732 2338 880 2409 quod
926 2353 1037 2393 non
1069 2337 1142 2392 sit
1180 2335 1479 2391 recusanda
1512 2336 1957 2391 memorabilium

369 2436 744 2502 interpretum
773 2431 996 2486 diversa
1020 2429 1075 2484 in
1113 2428 1318 2484 divinis
1340 2426 1644 2499 Scripturis
1666 2429 1915 2500 acceptio
1941 2448 1955 2484 :

365 2539 439 2578 ex
474 2523 597 2593 ipso
638 2522 787 2577 enim
835 2520 1109 2577 divinitus
1140 2518 1409 2589 inspirato
1439 2518 1822 2585 fundamento,
1854 2520 1960 2576 hoc

365 2617 551 2671 facere
599 2613 918 2669 didicimus.
970 2611 1126 2668 Unde
1167 2610 1335 2666 etiam
1383 2624 1603 2680 :equum
1639 2620 1724 2666 est
1762 2611 1958 2665 audire

1164 2822 1272 2835 _
1314 2823 1325 2829 -

369 2820 826 2842 -r-—--—-——---

2058 1980 2088 2019 a
2119 1965 2324 2021 divinis
2349 1966 2601 2023 Patribus
2625 1983 2698 2023 ne
2723 1967 2908 2038 inopia
2929 1967 3266 2039 cognitionis
3296 1967 3499 2022 labore:
3525 1965 3652 2038 Spi-

2058 2057 2201 2113 ritus
2226 2067 2472 2124 sanctus,
2501 2074 2613 2114 non
2644 2060 2862 2125 valens,
2892 2061 3039 2116 sicut
3066 2060 3249 2131 pluvia
3283 2059 3506 2130 plantis,
3554 2060 3655 2115 do-

2058 2167 2189 2208 nare
2234 2151 2510 2208 diversam
2541 2152 2774 2223 gratiam
2809 2152 2865 2207 in
2896 2152 3199 2208 esculentis
3229 2167 3422 2207 eorum
3456 2152 3654 2207 fructi.-

2060 2244 2163 2300 bus
2189 2261 2202 2298 :
2230 2251 2316 2300 est
2348 2244 2496 2300 enim
2538 2244 2678 2300 facie
2717 2246 3026 2318 multiplex,
3053 2247 3397 2316 multamque
3424 2254 3479 2301 et
3502 2260 3657 2300 eam.-

2059 2334 2186 2390 dem
2238 2335 2451 2391 habens
2494 2336 2675 2391 lucem
2724 2351 2867 2407 aqua
2928 2337 3129 2393 divinae
3173 2337 3474 2407 Scripturte
3530 2353 3655 2408 qua:

2059 2429 2297 2483 scaturit
2326 2443 2394 2483 ex
2438 2444 2551 2483 uno
2590 2429 2740 2485 fonte
2782 2430 2959 2511 sancti
2995 2428 3256 2501 Spiritus.
3287 2430 3349 2485 Ei
3378 2430 3551 2501 gloria
3597 2439 3657 2484 et

2062 2522 2311 2591 potentia
2341 2521 2395 2576 in
2423 2523 2624 2578 saecula
2659 2523 3009 2579 saeculorum.
3042 2524 3239 2579 Amen.

1508 2990 1864 3085 LIBER
1939 2989 2501 3081 TERTIUS.

1532 3200 1613 3254 pa
1648 3200 1885 3244 TERTIO
1920 3194 2024 3244 DIE
2059 3200 2465 3255 cnes'rtoms.

1951 3359 2024 3384 Ρ

433 3497 684 3552 Primum
711 3493 934 3565 quidem
960 3491 1165 3549 librum
1187 3491 1316 3558 feci,
1354 3506 1390 3548 o
1422 3491 1750 3564 Theophile,
1774 3492 1844 3549 de
1886 3492 1955 3549 iis
1979 3495 2025 3554 c
2058 3491 2326 3561 gationent
2361 3490 2570 3545 unam?
2617 3488 2734 3546 Una
2776 3501 2910 3559 ergo
2942 3489 3294 3561 congregatio
3327 3498 3435 3545 tota
3481 3507 3645 3564 aqua,

360 3604 488 3661 quae
516 3589 699 3659 primo
730 3586 819 3642 dic
844 3601 873 3640 a
903 3586 1015 3641 Deo
1051 3585 1192 3640 facta
1215 3594 1346 3642 sunt
1374 3603 1387 3639 :
1413 3586 1508 3656 qui
1535 3585 1743 3641 dicitur
1767 3584 1953 3641 Domi-

361 3682 546 3744 nicus.
571 3680 693 3747 Quo
725 3694 854 3737 cum
884 3677 1070 3739 omnia
1094 3691 1163 3739 ex
1185 3676 1362 3733 nihilo
1391 3677 1461 3733 ad
1495 3678 1603 3733 hoc
1624 3687 1686 3733 ut
1708 3676 1820 3734 sint
1849 3677 1949 3732 de-

361 3773 616 3830 duxisset
650 3772 816 3838 Deus,
849 3770 918 3825 de
940 3779 1142 3827 caetero
1175 3779 1437 3840 tanquam
1462 3784 1638 3831 massa
1667 3769 1853 3840 aliqua
1894 3768 1949 3824 in

362 3866 541 3927 frusta
570 3863 808 3919 dissecta
844 3861 1115 3918 mundum
1160 3861 1467 3918 constituit.
1500 3860 1632 3917 Post
1674 3860 1823 3917 diem
1846 3861 1954 3917 Do-

362 3956 655 4019 minicum,
692 3962 949 4023 tanquam
993 3952 1061 4008 ad
1094 3952 1398 4008 secundum
1429 3967 1647 4008 sacrum
1677 3952 1951 4008 scalarum

361 4047 618 4118 gradum,
662 4045 731 4100 ad
779 4045 1108 4100 ﬁrmamenti
1150 4044 1499 4100 altitudinem
1549 4044 1945 4115 promovimus.

362 4140 525 4203 Nunc
552 4148 736 4195 autem
761 4139 816 4193 in
844 4139 940 4194 illo
963 4137 1031 4193 ad
1058 4152 1327 4208 aquarum
1357 4136 1709 4195 latitudinem
1737 4145 1795 4193 et
1820 4152 1949 4209 pro-

280 4242 295 4249 ’
362 4231 697 4295 funditatem
743 4239 800 4287 et
840 4230 1242 4302 longitudinem
1285 4230 1618 4287 audebimus
1661 4230 1946 4297 accedere.

359 4323 648 4379 Christum
694 4323 962 4379 habentes
1007 4322 1437 4394 gubernatorem
1476 4320 1626 4391 apud
1674 4321 1892 4382 Patrem
1929 4338 1945 4382 :

365 4423 627 4485 tanquam
668 4414 923 4485 opiﬁcem
964 4421 1022 4469 et
1051 4413 1106 4469 in
1142 4412 1465 4486 Operatione
1491 4427 1702 4483 parem,
1737 4428 1950 4485 germa-

362 4523 630 4578 numquc.
667 4514 729 4561 et
752 4522 881 4562 vere
914 4506 1165 4578 ejusdem
1193 4508 1464 4567 essentne.
1524 4508 1594 4563 Et
1616 4506 1750 4562 dixit
1784 4506 1947 4572 Deus,

362 4603 724 4675 Congregetur
764 4620 907 4675 aqua
943 4618 1061 4675 qua:
1092 4612 1168 4658 est
1193 4605 1286 4658 sub
1325 4604 1452 4658 εωΙο
1490 4605 1548 4658 in
1579 4604 1949 4674 congregatio-

361 4710 485 4747 nem
532 4711 716 4760 unam,
744 4704 793 4748 et
841 4703 1105 4765 appareat
1138 4694 1314 4748 arida.
1356 4693 1652 4761 Memento,
1688 4708 1723 4749 0
1753 4693 1948 4759 lector,

360 4801 452 4840 me
486 4785 711 4850 dixisse,
744 4786 890 4855 quod
924 4801 1031 4840 non
1062 4785 1427 4842 dissolventes
1463 4785 1705 4842 litteram
1747 4785 1949 4843 transi-

2052 3597 2226 3638 unutn
2277 3598 2427 3638 mare
2474 3590 2588 3642 tota
2630 3580 2802 3636 facies
2834 3589 3014 3647 terrm,
3051 3597 3222 3661 unum
3262 3582 3441 3647 littus,
3475 3600 3647 3644 unum

2055 3668 2279 3745 pelagus
2307 3681 2698 3746 congregatum
2732 3691 2743 3727 :
2781 3681 2838 3728 et
2871 3673 3150 3744 quomodo
3193 3673 3336 3730 dicis
3367 3693 3380 3729 :
3416 3676 3649 3748 Congre—
3712 3704 3717 3707 ι

2054 3767 2252 3836 getnr?
2276 3764 2640 3837 Congregetur
2667 3765 2841 3830 enim,
2889 3764 3096 3820 dicitur
3135 3774 3194 3822 et
3243 3766 3304 3821 ﬁt
3336 3766 3390 3821 in
3436 3768 3651 3840 dispar,

2056 3858 2152 3914 sis.
2186 3856 2243 3913 Si
2271 3874 2404 3929 ergo
2438 3859 2836 3914 convenienter
2858 3858 3080 3924 litteraa,
3104 3859 3335 3917 Judaice
3380 3861 3652 3934 intelliges,

2056 3967 2187 4007 mus
2219 3951 2500 4022 proposita
2530 3969 2542 4004 :
2573 3967 2678 4007 nec
2722 3953 2775 4005 in
2806 3951 2893 4006 his
2927 3950 3131 4011 factum
3164 3963 3251 4009 est
3290 3954 3387 4010 Dei
3424 3957 3651 4012 manda,-

2057 4055 2193 4100 tum.
2224 4043 2389 4115 Atqui
2420 4043 2746 4100 testiﬁcatur
2767 4044 3055 4115 Scriptura
3099 4045 3287 4109 divina
3314 4047 3544 4105 dicens:
3578 4050 3649 4111 Et

2055 4138 2255 4208 factum
2289 4147 2364 4192 est
2410 4135 2718 4196 ita:etiam
2753 4137 2797 4190 si
2848 4136 2905 4197 in
2947 4136 3160 4194 ultimis
3201 4141 3542 4210 temporibus
3572 4142 3647 4203 ila

2054 4230 2258 4285 factum
2283 4236 2387 4286 est.
2416 4228 2556 4284 Nam
2588 4227 2748 4289 initio
2793 4227 2849 4283 in
2877 4244 3019 4298 aqua
3048 4229 3299 4285 sensibili
3329 4232 3533 4287 factum
3562 4245 3647 4290 est

2056 4331 2247 4379 contra
2282 4335 2446 4391 quam
2488 4321 2635 4377 Deus
2665 4319 2974 4385 mandarat,
3010 4320 3056 4376 si
3089 4320 3328 4378 litteram
3372 4327 3642 4395 sequaris.

2054 4415 2177 4485 Ipse
2200 4413 2349 4474 enim
2376 4412 2512 4468 dixit
2541 4431 2554 4467 :
2580 4411 2942 4484 Congregetur
2966 4430 3108 4486 aqua
3139 4431 3257 4487 qua:
3283 4426 3360 4472 est
3393 4419 3488 4473 sub
3517 4420 3647 4477 ('on

2052 4506 2110 4559 in
2140 4506 2601 4576 congregationem
2624 4522 2789 4560 unam
2815 4521 2833 4560 :
2859 4515 3120 4578 tanquam
3146 4508 3215 4566 de
3242 4490 3355 4568 una
3377 4514 3646 4570 mandans

2055 4612 2199 4669 aqua
2227 4606 2284 4654 et
2310 4612 2421 4652 una
2445 4598 2904 4669 congregatione;
2937 4611 3280 4675 congregatae
3307 4614 3494 4662 autem
3512 4621 3646 4666 sunt

2055 4706 2212 4761 aqua:
2234 4690 2291 4745 in
2321 4690 2526 4751 multas
2551 4691 3027 4763 congregationes,
3046 4710 3156 4751 non
3184 4705 3369 4753 autem
3392 4700 3448 4755 in
3479 4719 3645 4757 unam

2055 4782 2566 4856 congregationem.
2594 4782 2784 4854 Neque
2809 4783 2880 4838 ob
2904 4784 2957 4839 id
2987 4787 3136 4856 quod
3159 4788 3394 4847 dicimus
3415 4802 3646 4849 contur-

357 4891 486 4930 mas
508 4875 574 4936 ad
599 4891 708 4931 non
736 4876 975 4948 scriptos
997 4890 1193 4931 sensus
1213 4875 1541 4947 anagogicos
1565 4894 1578 4930 :
1606 4876 1702 4932 sed
1725 4891 1757 4931 a
1776 4876 1949 4931 Paulo
1982 4891 2026 4947 ι)
2056 4879 2217 4935 betur
2243 4877 2466 4939 auditor
2493 4894 2507 4930 :
2535 4876 2654 4947 ipsa
2694 4877 2843 4933 enim
2869 4879 3056 4941 divina
3099 4880 3389 4953 Scriptura
3430 4885 3537 4942 hoc
3566 4897 3645 4943 ue.-

356 4967 569 5022 eruditi
597 4966 694 5037 qui
724 4966 861 5028 dicit
891 4984 904 5021 :
938 4966 1141 5025 Littera
1187 4968 1373 5027 occidit
1399 4969 1444 5001 θ’
1470 4970 1638 5028 :Sicut
1660 4972 1822 5027 etiam
1855 4986 1947 5031 oc-

366 5056 504 5110 cidit
529 5057 764 5115 Iudaeos.
812 5057 888 5112 Ea
932 5057 1002 5112 de
1046 5074 1231 5126 causa,
1283 5068 1409 5129 post
1455 5059 1717 5125 litteram,
1753 5060 1953 5130 quatri-

357 5164 490 5203 mns
529 5148 695 5203 etiam
729 5149 985 5220 spiritum
1026 5150 1122 5220 qui
1158 5166 1257 5221 per
1296 5150 1534 5206 litteram
1565 5151 1949 5217 adumbratur,

355 5242 417 5296 in
444 5240 667 5297 Christo
697 5252 882 5301 autem
927 5242 1210 5312 impletur.
1258 5243 1399 5298 Ecce
1446 5243 1595 5298 enim
1640 5259 1767 5319 cum
1811 5260 1953 5314 aqua

350 5343 513 5390 esset
542 5343 891 5405 congregata,
937 5346 1192 5406 essetque
1241 5335 1549 5400 individua,
1594 5346 1651 5392 et
1682 5337 1951 5407 quodam-

350 5425 529 5483 modo
575 5436 834 5498 tanquam
889 5443 1038 5485 mare
1086 5444 1258 5483 unum
1309 5428 1672 5495 consisteret,
1724 5445 1791 5485 ex
1839 5446 1950 5500 quo

348 5520 576 5575 aerium
622 5518 828 5576 factum
868 5521 1058 5576 divisit
1092 5520 1521 5589 ﬁrmamentum,
1564 5522 1800 5578 alterum
1829 5524 1952 5594 qui-

349 5612 486 5669 dem
515 5628 705 5682 supra,
738 5615 976 5669 alterum
1010 5630 1141 5670 vero
1170 5614 1314 5671 infra
1347 5632 1361 5668 :
1387 5615 1668 5685 quomodo
1690 5615 1826 5672 dicit
1849 5616 1952 5670 Do-

349 5704 570 5772 minus,
595 5704 950 5778 Congregetur
974 5725 1114 5783 aqua
1144 5724 1261 5779 qua:
1285 5716 1360 5763 est
1384 5708 1479 5761 sub
1502 5707 1627 5762 creto
1652 5710 1705 5762 in
1729 5725 1939 5786 congre-

393 5846 442 5878 ⁸⁵
474 5844 523 5901 ll
550 5844 677 5901 Cor.
706 5861 786 5911 ut,
819 5846 872 5904 6.

2054 4979 2254 5027 statur.
2286 4968 2586 5041 Subiunxit
2608 4970 2757 5025 enim
2788 4971 3027 5043 scriptor
3056 4974 3250 5031 dicens
3276 4994 3291 5031 :
3325 4977 3391 5032 Et
3424 4997 3644 5053 congre-

2051 5071 2180 5134 gata
2219 5071 2296 5118 est
2331 5077 2470 5132 aqua
2509 5078 2628 5134 qum
2669 5071 2747 5118 est
2786 5065 2881 5119 sub
2921 5065 3071 5132 ca‘lo,
3110 5068 3167 5122 in
3212 5073 3644 5142 congregationes

2049 5171 2196 5209 suas.
2230 5154 2371 5210 Ecce
2399 5170 2509 5209 non
2545 5154 2680 5213 dicit
2712 5174 2725 5208 :
2752 5158 2806 5210 in
2846 5160 3307 5229 congregationem
3328 5178 3482 5217 suam
3512 5181 3643 5219 con-

2052 5260 2272 5320 gregata
2300 5257 2387 5304 est
2407 5264 2571 5320 aqua,
2595 5249 2714 5315 sed,
2739 5252 2793 5305 in
2817 5252 3249 5323 congregationes
3267 5272 3393 5310 suas
3417 5258 3638 5320 multas,

2053 5342 2243 5397 multa:
2298 5357 2474 5412 aqute,
2523 5342 2737 5399 eﬂ’ectte
2792 5344 2979 5398 multae
3033 5348 3512 5418 congregationcs.
3562 5351 3642 5405 Ex

2050 5432 2145 5487 illa
2175 5433 2323 5488 enim
2376 5448 2483 5487 una
2526 5434 2702 5503 prima
2732 5435 3157 5504 congregatione
3189 5446 3249 5493 et
3294 5441 3431 5497 mari
3478 5443 3644 5497 unius

2049 5541 2226 5597 aqute.
2258 5526 2444 5582 multa:
2468 5541 2647 5597 aquae,
2679 5526 2852 5582 multa
2883 5528 3057 5583 maria
3103 5529 3242 5585 facta
3276 5542 3407 5588 sunt
3435 5551 3448 5588 :
3482 5537 3642 5592 multi

2050 5618 2205 5673 lacus
2235 5627 2368 5673 sunt
2388 5617 2573 5684 divisi,
2610 5617 2767 5673 multi
2804 5617 2985 5672 fontes
3004 5616 3170 5676 divisi
3201 5631 3330 5678 sunt
3355 5623 3410 5679 in
3437 5627 3644 5683 mullos

2052 5709 2271 5775 ﬂuvios,
2310 5711 2466 5783 Aqua
2505 5709 2596 5764 illa
2642 5724 2766 5780 quate
2810 5710 2969 5780 prius
3015 5720 3137 5767 erat
3168 5728 3495 5789 congregata
3538 5721 3641 5781 sub
