4026 6140
375 346 479 408 879

1550 340 1610 399 S.
1654 336 2052 399 ANASTASII
2092 337 2418 396 SlNAlT.E

3536 338 3647 402 830

376 459 540 523 coelo,
582 454 760 510 divisa
806 461 894 509 cst
940 454 996 508 in
1039 454 1212 507 multa
1250 453 1389 518 loca,
1421 462 1476 507 et
1521 453 1712 508 multis
1760 453 1956 508 modis.
1990 460 2031 514 Α
2063 464 2118 507 et
2165 462 2535 523 congregetur
2581 451 2650 506 ad
2701 453 2880 507 lucem
2918 452 3067 506 :hoc
3095 461 3200 519 est,
3250 453 3318 507 ad
3361 452 3647 513 Christum

374 551 530 621 Aqua
553 549 608 603 in
631 548 851 620 abysso,
880 561 1011 602 ecce
1036 561 1144 601 una
1168 546 1522 617 congregatio
1546 564 1558 599 :
1584 562 1723 617 aqua
1745 547 1958 609 oceani,

328 668 335 675 κ
375 657 506 697 ecce
555 654 750 695 rursus
792 638 957 693 etiam
1005 637 1111 692 alia
1167 638 1734 708 congregatiozmare
1782 639 1960 707 ipsum

379 734 721 798 Rubrum,et
743 731 888 801 quod
914 740 998 787 est
1020 730 1176 785 nobis
1200 732 1592 800 prepinquum,
1615 747 1742 786 ecce
1767 741 1960 801 quarta

378 843 534 898 aqua:
580 824 933 896 congregatio
986 842 999 878 :
1039 823 1190 877 ﬂuvii
1234 840 1303 877 ex
1352 825 1503 878 Eden
1544 840 1717 878 :cccc
1765 841 1960 895 magna

378 937 534 992 aqua:
571 919 924 990 congregatio
954 936 965 971 :
997 918 1238 988 Physon,
1288 916 1439 971 Geon
1466 957 1479 979 ,
1513 916 1711 987 Tigris,
1757 925 1812 971 et
1853 918 1961 971 Eu.

377 1015 601 1085 phrates
645 1030 657 1065 :
702 1026 832 1067 ecce
879 1019 1118 1080 quatuor
1167 1011 1619 1079 congregationes
1668 1024 1957 1077 aquarum.

379 1107 525 1161 Fons
572 1105 668 1176 qui
712 1104 1050 1159 ascendebat
1077 1118 1142 1156 ex
1194 1111 1338 1156 terra
1373 1111 1429 1156 ct
1476 1101 1740 1172 irrigabat
1788 1111 1957 1156 totam

378 1198 573 1253 faciem
609 1205 767 1252 terra:
797 1215 809 1250 :
842 1212 974 1252 ecce
1002 1196 1169 1249 etiam
1201 1196 1309 1250 alia
1356 1194 1490 1249 foris
1537 1210 1800 1264 aquarum
1830 1210 1962 1248 con-

378 1289 652 1359 gregatio,
692 1297 867 1342 mater
912 1288 1207 1343 multarum
1260 1301 1548 1355 aquarum.
1595 1284 1961 1354 Congregatio

380 1382 568 1446 maris,
605 1396 756 1434 mare
797 1380 1094 1442 Mortuum,
1124 1388 1285 1449 typus
1317 1378 1560 1433 Judaicze
1602 1386 1660 1432 et
1704 1377 1962 1431 infertilis

377 1484 434 1529 et
465 1484 693 1528 mortua:
722 1471 1186 1543 congregationis.
1221 1471 1390 1540 Aqua:
1417 1471 1707 1533 infertiles,
1735 1480 1792 1525 et
1826 1472 1958 1524 olim

377 1562 814 1618 llierichuntinae
860 1580 873 1616 :
923 1571 980 1616 et
1015 1578 1136 1632 quae
1185 1569 1335 1616 nunc
1376 1572 1504 1616 sunt
1538 1563 1748 1617 fertiles
1795 1579 1807 1613 :
1858 1576 1961 1615 nos

378 1655 697 1726 ﬁgurantes,
719 1655 815 1724 qui
835 1670 936 1710 nos
962 1654 1200 1710 invicem
1230 1656 1475 1724 parimus
1505 1656 1560 1708 in
1595 1654 1719 1707 vivo
1749 1653 1959 1722 Spiritu

375 1758 445 1804 ct.
476 1764 618 1818 aqua
673 1746 1041 1818 baptismatis.
1093 1746 1249 1816 Aqua
1291 1745 1567 1816 genitalis,
1600 1754 1661 1799 ut
1704 1743 1960 1815 1Egyptia

375 1856 516 1911 aqua
548 1841 751 1894 multos
776 1855 1064 1910 generatis.
1102 1840 1270 1908 Aquae
1311 1836 1600 1908 potabiles,
1630 1845 1687 1890 et
1719 1852 1799 1891 eae
1837 1851 1960 1905 qua:

377 1940 506 1986 sunt
537 1931 591 1984 in
618 1946 742 1985 usu.
785 1929 941 2000 Aqua
984 1946 1106 2000 quae
1138 1927 1277 1983 adiri
1312 1943 1422 1982 non
1452 1935 1634 1997 potest
1672 1944 1685 1979 :
1729 1934 1787 1980 ut
1826 1925 1956 1979 Am-

376 2026 592 2079 monica
624 2042 636 2077 :
667 2039 795 2079 ecce
815 2025 981 2079 etiam
1010 2022 1191 2078 aliena
1213 2037 1368 2091 aqua:
1396 2018 1768 2091 congregatio.
1790 2018 1960 2088 Aquae

379 2119 434 2173 in
469 2117 667 2173 insulis
693 2116 906 2179 divisis,
939 2124 995 2170 et
1032 2130 1129 2184 per
1160 2129 1218 2168 se
1260 2114 1732 2183 congregationes.
1780 2109 1959 2164 Fluvii

378 2209 433 2264 in
470 2209 774 2263 continenti
807 2225 819 2259 :
844 2207 995 2261 lacus
1014 2216 1068 2282 et
1091 2220 1247 2274 aqua:
1265 2219 1388 2274 qua:
1409 2203 1466 2257 in
1490 2202 1629 2257 locis
1649 2202 1772 2256 aliis
1793 2201 1962 2265 aliam

376 2303 583 2358 habent
626 2301 1004 2371 operationem
1052 2307 1109 2352 et
1156 2296 1474 2367 qualitatetn
1507 2312 1520 2347 :
1549 2310 1689 2365 aqua
1736 2308 1956 2352 amara.

375 2408 518 2463 aqua
569 2389 836 2446 accedens
880 2387 947 2441 ad
993 2400 1245 2455 saporem
1290 2382 1602 2443 bituminis,
1634 2396 1774 2449 aqua
1811 2379 1958 2449 peri-

375 2499 555 2547 mens,
584 2491 646 2537 ut
668 2496 789 2551 quae
808 2488 893 2534 est
919 2479 973 2532 in
1002 2476 1239 2532 desertis
1258 2473 1556 2544 Ethiopia:
1583 2490 1597 2526 :
1622 2488 1762 2542 aqua
1784 2471 1959 2527 calida

374 2585 431 2632 et
460 2573 716 2631 salubris.
747 2569 1185 2626 innumerabiles
1210 2565 1661 2637 congregationes
1692 2578 1959 2633 aquarum

376 2670 720 2725 diversarum
751 2673 808 2719 ct
838 2664 1157 2718 multarum.

444 2756 611 2824 Atqui
636 2770 745 2810 non
776 2754 855 2807 sic
878 2751 1045 2824 jussit
1074 2752 1218 2806 Deus
1249 2758 1308 2805 ut
1343 2764 1485 2820 aqua
1524 2757 1673 2804 esset
1711 2747 1957 2813 dividua,

378 2849 473 2905 sed
524 2848 679 2903 unita
722 2848 777 2901 in
829 2861 991 2901 unam
1040 2844 1541 2914 congregationem.
1584 2840 1728 2907 Quid
1775 2849 1960 2895 autem

376 2948 499 2995 erat
526 2938 753 2993 omnino
785 2952 1007 2990 necesse
1030 2934 1221 3005 Opiﬁci
1248 2950 1448 3003 aquam
1471 2932 1766 2988 extendere
1794 2947 1961 3000 super

377 3047 599 3087 omnem
649 3030 997 3099 superﬁciem
1037 3037 1217 3090 terrm,
1264 3035 1321 3081 et
1368 3026 1568 3081 deinde
1611 3041 1731 3079 eam
1768 3038 1963 3078 rursus

373 3139 709 3195 congregare
748 3141 761 3174 :
807 3131 863 3175 et
918 3137 1028 3174 non
1094 3121 1279 3189 potius
1333 3131 1779 3186 unamquamque
1846 3129 1960 3167 rem

377 3227 618 3273 creatam
664 3216 717 3269 in
758 3213 986 3284 proprio
1034 3213 1156 3266 loco
1196 3219 1437 3265 statuere
1467 3217 1523 3262 ct
1568 3206 1960 3277 eompingere?

377 3311 542 3380 Ergo,
575 3324 643 3362 ne
694 3322 794 3360 nos
838 3319 1061 3374 quoque
1093 3301 1401 3357 incidamus
1448 3300 1503 3354 in
1536 3299 1763 3368 laqueos
1792 3298 1961 3352 Mani-

376 3404 679 3458 chaaorum.
720 3400 802 3454 llii
851 3398 1021 3457 enim,
1070 3395 1464 3451 convenienter
1496 3392 1715 3455 littcrtc,
1761 3390 1962 3445 intelli-

378 3503 571 3567 gentes
592 3495 800 3564 iussum
822 3490 918 3545 Dci
944 3489 1012 3543 de
1036 3489 1124 3544 his
1148 3487 1306 3557 aquis
1335 3504 1347 3538 :
1376 3485 1761 3539 existimarunt
1788 3483 1959 3538 Deum

377 3604 500 3644 esse
545 3587 875 3650 mentitum,
929 3584 1220 3653 propterea
1256 3578 1403 3650 quod
1447 3593 1590 3648 aqua
1632 3592 1745 3631 non
1792 3575 1963 3631 fuerit

376 3688 706 3751 congregata
748 3678 806 3733 in
854 3678 1020 3732 unam
1085 3672 1594 3745 congregationem,
1640 3668 1736 3725 sed
1776 3667 1962 3738 potius

375 3781 570 3829 contra
596 3771 795 3826 factum
826 3775 929 3824 cst.
963 3768 1061 3821 llic
1087 3782 1219 3837 ergo
1254 3763 1421 3831 adsis,
1449 3779 1482 3817 ο
1506 3763 1701 3817 harum
1733 3759 1961 3815 divinis-

376 3865 641 3919 simarum
664 3861 924 3916 Ecclesia:
947 3873 1212 3928 aquarum
1237 3864 1618 3927 congregatur,
1642 3862 1700 3908 et
1720 3852 1963 3907 deducas

372 3956 447 4010 ad
469 3953 803 4025 profundum
829 3952 1025 4005 harum
1051 3963 1341 4019 aquarum.
1375 3946 1517 4000 Dicit
1544 3946 1710 4009 Deus,
1732 3944 1963 4013 Congre-

377 4056 533 4118 getur
563 4062 701 4116 aqua
727 4058 846 4115 qua:
872 4050 945 4095 est
972 4042 1065 4095 sub
1088 4039 1236 4104 coelo,
1262 4039 1369 4092 hoc
1398 4046 1502 4101 est,
1536 4037 1792 4090 universa
1823 4034 1963 4087 mul-

332 4172 343 4179 -
384 4138 562 4194 titudo
595 4136 838 4208 gentium
875 4149 995 4204 quae
1023 4141 1154 4186 sunt
1182 4132 1286 4186 sub
1321 4131 1482 4193 coelo,
1513 4135 1878 4198 congregetur
1905 4126 1961 4178 in

380 4229 864 4301 congregationem
903 4241 1065 4280 unam
1104 4239 1237 4278 mea:
1272 4222 1397 4277 ﬁdei
1429 4229 1484 4276 et
1515 4219 1791 4285 Ecclesia,
1822 4234 1962 4287 quo-

383 4324 548 4377 modo
576 4331 660 4376 est
700 4326 1027 4390 congregata
1057 4332 1196 4387 aqua
1225 4330 1348 4385 qua:
1381 4322 1465 4368 est
1491 4310 1594 4367 sub
1620 4311 1795 4376 cwlis,
1824 4310 1965 4363 mul-

385 4414 581 4478 titudo,
611 4415 859 4483 inquam,
903 4410 1238 4464 Potestatum
1269 4405 1660 4475 angelicarum,
1706 4402 1761 4455 in
1797 4416 1961 4455 unam

2064 546 2160 615 qui
2192 543 2307 600 suis
2336 546 2562 601 mandat
2596 546 2883 616 discipulis
2926 554 2981 599 et
3015 544 3150 600 dicit
3178 563 3190 599 :
3218 545 3299 601 Ite
3328 555 3383 602 et
3410 562 3646 619 congre-

2062 646 2184 707 gate
2231 655 2407 693 omnes
2430 649 2607 709 gentes
2627 647 2683 694 et
2705 655 2876 709 aquas
2895 639 2949 693 in
2971 654 3134 694 unam
3158 642 3644 712 congregationem

2062 731 2432 801 baptismatis,
2459 732 2788 802 baptizantes
2815 750 2898 786 eos
2922 735 2977 786 in
3005 735 3213 787 nomine
3246 733 3425 789 Patris
3453 744 3501 788 et
3525 735 3648 792 Fitii

2062 832 2109 877 et
2158 822 2389 894 Spiritus
2428 827 2599 880 sancti
2638 826 2684 858 ⁸⁸
2716 844 2729 880 :
2760 826 2929 890 illius,
2966 828 3211 896 inquam,
3265 826 3505 896 Spiritus
3551 829 3649 898 qui

2060 917 2216 986 prius
2250 916 2536 972 ferebatur
2566 933 2734 987 super
2762 918 2904 973 hanc
2933 935 3130 989 aquam
3161 938 3174 973 :
3203 935 3351 974 nunc
3376 930 3563 975 autem
3589 921 3647 976 in

2061 1024 2125 1062 ea
2178 1010 2480 1072 cohabitat,
2518 1020 2575 1065 et
2619 1012 2908 1081 conjungit
2945 1027 3139 1067 omnes
3180 1029 3353 1083 aquas
3399 1016 3645 1084 gentium

2063 1116 2186 1169 quae
2218 1101 2375 1170 prius
2405 1110 2567 1156 erant
2598 1110 2824 1157 remotae
2850 1118 2914 1156 ac
2938 1103 3229 1168 distantes,
3266 1105 3319 1157 in
3347 1086 3511 1158 unam
3545 1106 3649 1158 Ee-

2063 1192 2243 1248 clesiee
2278 1195 2763 1263 congregationem
2809 1203 2908 1249 :et
2950 1195 3083 1249 ﬁent
3115 1212 3311 1251 omnes
3354 1214 3460 1252 una
3504 1214 3645 1267 aqua

2061 1286 2221 1349 viL-e,
2274 1302 2415 1341 unus
2463 1276 2623 1350 fons,
2660 1304 2802 1342 unus
2855 1288 3053 1343 hortus
3089 1289 3451 1353 deliciarum,
3502 1306 3651 1345 unus

2060 1392 2224 1446 grex,
2279 1392 2424 1431 unus
2473 1388 2693 1447 pastor,
2767 1395 2912 1433 unus
2963 1379 3261 1444 Dominus,
3314 1395 3422 1434 una
3478 1380 3642 1443 ﬁdes,

2061 1485 2230 1523 unum
2271 1469 2563 1539 baptisma,
2601 1487 2770 1526 unum
2815 1487 3017 1542 corpus
3038 1472 3269 1535 Christi,
3298 1489 3443 1528 unus
3476 1474 3645 1542 spiri-

2062 1567 2168 1623 tus,
2205 1577 2375 1615 unum
2412 1577 2530 1625 cor,
2565 1579 2673 1617 una
2711 1578 2843 1618 caro
2889 1579 3092 1633 sponsa
3124 1564 3393 1627 Ecclesia,
3427 1572 3483 1617 et
3523 1565 3646 1634 ejus

2061 1666 2297 1721 sponsus
2329 1652 2602 1719 Christus,
2638 1669 2809 1708 unum
2859 1654 3290 1719 firmamentum,
3322 1664 3489 1710 unum
3528 1670 3645 1709 cm-

2061 1743 2174 1797 lum
2207 1744 2461 1800 Christus
2494 1755 2550 1799 ct
2594 1746 2833 1816 populus
2871 1746 3114 1800 lidelium
3166 1756 3425 1816 tanquam
3456 1747 3645 1803 stella-

1993 1825 2032 1877 Β
2061 1850 2183 1889 rum
2215 1852 2339 1906 qua:
2369 1837 2422 1890 in
2458 1837 2580 1907 ipso
2612 1838 2877 1892 deﬁciunt
2905 1847 2961 1891 et
2991 1838 3397 1893 illuminantur.

2131 1926 2211 1982 Ita
2261 1936 2346 1981 est
2393 1926 2753 1997 intelligenda
2804 1938 2861 1982 et
2910 1926 3235 1996 accipienda
3282 1943 3387 1981 vox
3442 1926 3537 1981 Dei
3588 1934 3648 1981 et

2058 2018 2247 2089 jussus
2284 2018 2353 2073 de
2403 2018 2493 2073 his
2542 2019 2746 2088 aquis:
2798 2019 2879 2074 sic
2925 2029 2982 2074 et
3016 2035 3125 2073 non
3167 2020 3333 2075 aliter
3374 2021 3648 2075 sentimus

2060 2107 2285 2178 Spiritu,
2321 2107 2527 2172 omnia,
2559 2116 2616 2162 et
2646 2124 2756 2163 non
2781 2123 3014 2178 corpore
3041 2126 3053 2162 :
3080 2117 3136 2164 et
3168 2109 3247 2164 sic
3280 2110 3646 2180 praedicamus

2062 2202 2131 2257 de
2159 2202 2321 2256 nobis
2359 2202 2453 2272 qui
2487 2203 2647 2272 prius
2683 2218 2908 2259 eramus
2949 2212 3143 2273 gentes
3189 2203 3459 2274 dispersa;
3497 2213 3554 2258 et
3587 2204 3645 2258 in

2061 2294 2205 2348 Deos
2252 2294 2696 2350 innumerabiles
2746 2296 2839 2365 qui
2890 2295 2975 2349 Dii
3023 2312 3133 2351 non
3192 2305 3352 2351 erant
3402 2305 3459 2351 et
3502 2297 3645 2351 muti

2059 2394 2221 2439 erant
2253 2386 2338 2440 Dii
2372 2387 2715 2450 errabamus,
2753 2385 2940 2441 dicere
2975 2394 3167 2441 Vocem
3199 2385 3443 2442 divinam
3477 2396 3531 2443 et
3553 2388 3648 2458 ju-

2062 2474 2248 2530 bendo
2264 2475 2454 2531 dicere
2483 2494 2497 2531 :
2524 2476 2884 2548 Congregetnr
2908 2494 3051 2548 aqua
3075 2494 3194 2549 qua:
3221 2487 3297 2532 est
3319 2480 3412 2533 sub
3438 2479 3566 2535 cwlo
3586 2483 3642 2534 in

2060 2566 2526 2635 congregationem
2545 2582 2733 2620 unam.
2759 2565 2938 2636 Super
2960 2574 3164 2621 terram
3185 2578 3480 2639 congregat
3501 2570 3648 2625 Deus

2061 2659 2307 2713 Verbum
2340 2658 2395 2712 in
2434 2674 2600 2713 unam
2629 2661 3136 2730 congregationem.
3173 2663 3277 2718 Per
3297 2665 3505 2718 aerium
3539 2681 3645 2719 au-

2064 2758 2174 2804 tem
2216 2748 2625 2804 ﬁrmamentum
2679 2750 2955 2815 dividens,
2988 2768 3116 2807 cum
3160 2753 3213 2807 in
3261 2755 3430 2809 cwlos
3457 2764 3645 2809 sustu-

2063 2840 2220 2895 lisset
2263 2856 2463 2910 aquam
2508 2857 2522 2894 :
2562 2856 2685 2896 eam
2724 2842 2980 2896 dilatavit
3023 2854 3080 2897 et
3117 2844 3277 2899 valde
3316 2846 3566 2901 extendit
3612 2863 3645 2901 a

2064 2931 2268 2985 ﬁnibus
2320 2947 2496 3001 usque
2531 2931 2598 2986 ad
2636 2931 2773 2987 ﬁnes
2800 2933 3075 2989 universa:
3099 2936 3390 3003 ereatum,
3418 2938 3644 3007 abysso-

2065 3038 2299 3093 rumque
2328 3034 2385 3078 et
2408 3040 2693 3094 tequorum
2734 3043 2746 3079 :
2791 3035 2847 3080 ct
2879 3043 3003 3082 cum
3044 3044 3210 3098 supra
3239 3029 3645 3087 ﬁrmamentum

2066 3114 2243 3170 instar
2296 3116 2405 3170 veli
2459 3118 2841 3186 expandisset,
2895 3120 3074 3189 ipsum
3121 3121 3392 3183 extendit,
3445 3132 3505 3176 ut
3544 3138 3651 3179 nos

2067 3208 2342 3262 discamus
2391 3210 2539 3278 quod
2587 3226 2709 3279 qua:
2755 3213 2911 3281 prius
2959 3220 3120 3266 erant
3164 3222 3356 3283 gentes
3404 3215 3650 3271 tenebris

2067 3301 2259 3357 offusae
2295 3317 2465 3371 super
2494 3312 2721 3366 terram,
2764 3304 2817 3356 in
2855 3320 3017 3357 unam
3046 3316 3392 3376 congregatae
3421 3323 3650 3377 congre-

2068 3393 2346 3464 gationem
2392 3395 2780 3449 consensionis
2807 3394 3018 3451 Christi
3048 3397 3329 3462 Ecclesiae,
3363 3399 3650 3468 rapientur

2068 3485 2369 3555 aliquando
2404 3486 2459 3539 in
2487 3487 2704 3541 nubibus
2738 3488 2794 3540 in
2830 3503 3101 3542 occursum
3130 3487 3344 3542 Domini
3380 3488 3435 3544 in
3471 3491 3648 3554 cmlis,

2067 3587 2309 3632 extensae
2350 3588 2407 3631 'ct
2455 3564 2697 3632 dilatata:
2737 3579 2902 3633 :alise
2947 3580 3168 3648 quidem
3203 3581 3256 3636 in
3315 3584 3535 3654 regione
3568 3583 3651 3637 vi-

2068 3670 2335 3736 ventium,
2368 3670 2490 3725 alia:
2512 3666 2695 3725 autem
2718 3669 2772 3725 in
2802 3672 3080 3741 paradiso,
3100 3682 3156 3727 et
3183 3675 3301 3728 alia:
3329 3675 3383 3729 in
3406 3677 3650 3732 extentis

2070 3760 2463 3817 tabernaculis.
2491 3768 2547 3815 et
2580 3760 2701 3815 alite
2732 3761 2786 3815 in
2814 3762 2937 3816 luce
2971 3764 3299 3827 viventium,
3334 3774 3393 3820 et
3431 3767 3550 3820 alia:
3592 3767 3649 3820 in

2070 3867 2240 3922 regno
2262 3851 2379 3914 Dei,
2405 3861 2459 3906 ct
2482 3851 2604 3906 alia:
2627 3853 2683 3906 in
2709 3853 2932 3909 civitate
2956 3854 3173 3910 Domini
3195 3858 3490 3921 virtutum,
3520 3875 3652 3913 con-

2069 3954 2335 4015 gruenter
2357 3944 2408 3999 ei
2435 3945 2583 4015 quod
2618 3945 2831 4000 dictum
2860 3957 2946 3999 est
2973 3962 3001 4000 a
3032 3947 3275 4014 Christo,
3324 3949 3506 4006 Multa:
3527 3964 3651 4007 sunt

2070 4038 2370 4092 mansiones
2399 4038 2541 4109 apud
2563 4036 2782 4092 Patrem
2801 4039 2867 4093 “.
2891 4040 2969 4095 De
2998 4043 3420 4113 congregatione
3453 4046 3649 4099 harum

2070 4131 2287 4185 ratione
2331 4128 2691 4200 praeditarum
2722 4145 2994 4201 aquarum
3026 4133 3247 4189 dicebat
3272 4134 3544 4200 Christus,
3591 4153 3651 4192 se

2069 4240 2189 4280 esse
2231 4224 2459 4279 missum
2504 4237 2614 4277 non
2643 4224 2822 4278 solum
2860 4234 3088 4297 propter
3116 4243 3249 4283 oves
3282 4227 3515 4290 lsraelis.
3553 4232 3650 4286 scd

2068 4313 2235 4367 etiam
2278 4320 2338 4366 ut
2375 4311 2638 4381 dispersos
2673 4311 2768 4366 Dei
2802 4311 2942 4382 ﬁlios
2965 4316 3309 4385 congregaret
3340 4315 3410 4371 ⁸⁷.
3452 4318 3524 4373 De
3566 4319 3652 4373 his

2070 4405 2230 4475 aquis
2256 4405 2447 4472 maris,
2477 4402 2591 4461 Deo
2616 4404 2755 4460 dicit
2784 4404 2955 4461 David
2986 4423 2999 4460 :
3031 4405 3369 4479 Congregans
3394 4418 3652 4480 tanquam

384 4508 479 4561 Dei
504 4503 1005 4576 congregationem,
1044 4501 1098 4554 in
1132 4496 1505 4558 concordiam.
1544 4496 1597 4549 ill
1632 4509 1797 4549 unam
1843 4507 1966 4563 gra-
2000 4522 2040 4575 υ
2070 4506 2240 4550 utrem
2291 4515 2463 4568 aquas
2510 4500 2697 4562 maris,
2725 4514 2926 4569 ponens
2950 4501 3004 4552 in
3045 4500 3304 4554 thesauris
3342 4501 3555 4571 abysso:
3580 4502 3651 4565 ",

383 4608 493 4653 tam
518 4598 830 4651 animorum
854 4592 1297 4652 consensionem,
1321 4590 1376 4643 in
1402 4589 1753 4661 hymnodiam
1779 4602 1963 4651 unam,

387 4690 443 4744 in
477 4688 781 4744 Jerusalem
814 4685 1094 4738 cmlestem
1127 4698 1315 4745 unam,
1363 4680 1419 4733 in
1466 4694 1629 4732 unam
1672 4678 1811 4732 lucis
1839 4692 1970 4729 con-

385 4779 658 4833 visionem
694 4794 708 4829 :
744 4775 837 4828 ubi
889 4774 1037 4827 nulla
1079 4781 1163 4826 est
1214 4772 1439 4825 haeresis
1472 4784 1595 4845 nec,
1618 4768 1838 4834 divisio,
1872 4767 1969 4822 ubi

389 4890 494 4928 non
532 4879 607 4924 est
647 4868 865 4923 Judarus
911 4883 1002 4920 nec
1050 4865 1214 4936 867
1255 4864 1488 4925 (ἔπρεπε,
1522 4862 1607 4916 ubi
1639 4878 1743 4916 non
1774 4861 1967 4932 Scytha

388 4982 482 5020 nec
510 4963 783 5017 Barbarus
803 4961 893 5022 "‘,
915 4974 1092 5028 neque
1123 4957 1350 5026 iniquus
1376 4971 1478 5009 nec
1504 4955 1762 5020 inﬁdelis,
1790 4970 1969 5024 neque

388 5070 621 5127 serpens
646 5069 827 5125 neque
854 5050 1108 5120 scorpius
1127 5090 1140 5112 ,
1172 5064 1351 5118 neque
1383 5049 1610 5118 reptiles
1637 5049 1848 5112 bestiae,
1873 5064 1970 5104 ne-

388 5164 496 5220 que
530 5156 819 5218 peccatum
850 5158 954 5197 nec
984 5142 1217 5213 nigror:
1249 5140 1344 5195 sed
1370 5156 1511 5209 aqua
1543 5157 1671 5202 una,
1705 5149 1761 5195 et
1792 5141 1969 5196 linen-

390 5254 508 5299 tum
539 5255 735 5305 unum,
764 5248 821 5293 et
853 5239 979 5292 fons
1004 5250 1148 5290 unus
1178 5242 1236 5289 et
1267 5234 1482 5299 similis,
1508 5245 1564 5289 et
1591 5244 1791 5304 puteus
1815 5251 1971 5305 aqum

389 5338 529 5391 virm
576 5334 625 5367 ⁸³
654 5348 799 5387 unus
834 5331 924 5386 cui
960 5327 1167 5384 assidet
1202 5327 1480 5390 Christus,
1526 5335 1583 5381 et
1626 5328 1980 5399 congregatio

391 5437 578 5484 sancta
610 5436 666 5483 et
692 5424 935 5497 pretiosa
967 5436 1099 5477 una.
1127 5419 1247 5475 Fiat
1275 5435 1407 5490 ergo
1435 5418 1682 5473 voluntas
1712 5420 1806 5473 Dei
1844 5420 1979 5472 sicut

394 5525 445 5575 in
470 5522 597 5577 caelo
629 5530 677 5575 et
700 5522 757 5574 in
782 5529 930 5573 terra
952 5517 1020 5571 “.
1054 5514 1414 5586 Congregetur
1439 5527 1615 5583 genus
1647 5511 1976 5587 humanum,

394 5628 591 5683 nempe
626 5628 764 5682 aqua
798 5611 889 5665 cui
929 5609 1088 5679 prius
1133 5605 1447 5661 insidebant
1479 5604 1755 5669 tenebrm;
1794 5604 1981 5658 veniat

466 5727 528 5757 “'
571 5725 777 5781 Culoss.
810 5742 889 5789 ιιι,
920 5725 1007 5777 ll.
1085 5723 1131 5754 ⁸³
1160 5722 1316 5777 Joau.
1349 5712 1422 5786 ιν,
1456 5722 1540 5774 ll.

398 5792 444 5825 ⁸⁷
480 5794 636 5848 Joan.
680 5811 754 5859 XI,
808 5797 895 5849 52.
973 5794 1019 5827 ⁸⁸
1060 5792 1204 5848 I’sal.
1257 5807 1426 5857 xxx”,
1465 5794 1515 5845 7.

846 5990 879 6018 α.

1619 5722 1663 5753 ³³
1712 5721 1878 5776 Matth
1939 5739 2011 5789 vi,
2044 5723 2076 5778 9
2110 5739 2261 5793 seqq.

2072 4587 2384 4643 Thesauros
2430 4588 2529 4642 Dei
2557 4587 2754 4643 dicens
2795 4588 3096 4653 Ecclesias,
3130 4589 3224 4644 ubi
3257 4605 3455 4644 aurum
3480 4602 3535 4645 et
3562 4609 3651 4645 ar-

2066 4687 2291 4750 gentum
2343 4679 2501 4733 verbi
2555 4679 2860 4749 Scriptura:
2905 4681 3194 4749 reponitur
3220 4680 3559 4737 absconsum
3594 4694 3653 4739 et

2068 4773 2378 4843 Spirituaie,
2412 4773 2505 4827 ubi
2554 4772 2952 4828 custodiuntur
2984 4774 3296 4844 margaritis
3334 4774 3653 4830 divinorum

2070 4873 2566 4931 sacramentorum,
2595 4881 2733 4934 quas
2753 4866 3018 4937 jubemur
3051 4866 3392 4923 abscondere
3426 4869 3608 4938 porcis
3635 4888 3650 4923 :

2078 4973 2205 5012 nam
2236 4957 2339 5021 illi,
2386 4958 2531 5013 sicut
2570 4966 2628 5013 ct
2657 4957 2849 5023 ludas,
2893 4974 2987 5013 eas
3019 4974 3129 5013 non
3157 4960 3403 5030 capiunt.

2126 5046 2356 5107 'Christi
2395 5051 2567 5121 igitur
2607 5048 2853 5106 theSauri
2886 5061 3016 5105 sunt
3052 5052 3330 5116 Ecclesiae,
3363 5052 3419 5106 in
3451 5054 3658 5123 quibus

2079 5144 2174 5199 alii
2216 5144 2441 5215 quidem
2490 5159 2555 5199 ex
2608 5144 2865 5200 ﬁdelibus
2910 5145 3115 5199 dantur
3144 5146 3392 5215 quinque
3429 5134 3665 5210 talenta,

2076 5236 2170 5292 alii
2214 5247 2399 5292 autem
2432 5237 2647 5302 decem,
2674 5237 2767 5292 alii
2797 5254 2931 5292 vero
2959 5238 3092 5302 duo,
3120 5238 3213 5292 alii
3243 5250 3426 5294 autem
3462 5254 3655 5292 unum.

2077 5329 2133 5383 ln
2177 5329 2262 5384 his
2295 5329 2572 5384 thesauris
2622 5330 2935 5384 recondidit
2981 5330 3229 5401 gentium
3274 5331 3503 5402 abyssos
3534 5348 3658 5401 quze

2075 5423 2233 5492 prius
2265 5432 2426 5477 erant
2453 5422 2644 5477 oli‘usae
2667 5423 2933 5487 tenebris,
2967 5424 3229 5493 quoniam
3254 5424 3480 5478 tenebrat
3503 5433 3658 5477 erant

2075 5530 2235 5583 super
2275 5515 2541 5585 abyssum.
2601 5515 2678 5569 De
2738 5515 2840 5571 hac
2898 5517 3097 5588 abysso
3142 5518 3387 5587 gentium
3438 5518 3654 5571 dicebat

2075 5606 2242 5660 etiam
2293 5605 2563 5675 propheta
2630 5606 2886 5663 Haliacuc
2949 5627 2963 5663 :
3016 5609 3170 5664 Dedit
3220 5611 3438 5681 abyssns
3485 5626 3657 5664 vocem

2339 5724 2385 5754 "
2418 5723 2605 5778 Matth.
2645 5740 2831 5791 xxviii,
2989 5725 3077 5779 ‘20.
3126 5724 3135 5731 “
3177 5726 3223 5757 ³⁸
3269 5726 3426 5781 Joan.
3464 5742 3571 5784 xiv.
3599 5726 3658 5779 2.
