4026 6140
370 333 477 406 881

1462 348 1547 408 IN
1586 347 2138 412 HEXAEMERON.
2162 378 2231 387 --
2254 352 2402 412 LIB.
2442 352 2559 412 III.

3548 353 3654 414 882

371 468 530 508 suam
564 453 629 515 ",
665 452 983 525 gloriﬁcan's
1026 471 1152 512 eum
1189 458 1284 528 qui
1320 459 1493 530 ipsam
1527 461 1886 525 illuminavit,
1912 473 1968 518 et
1999 474 2042 533 Α
2072 465 2462 536 receptaculis.
2489 463 2680 528 alveis,
2705 462 2990 517 canalibus
3026 470 3082 518 et
3109 462 3656 534 congregationibus,

375 546 635 602 dissolvit
663 548 1017 604 altitudinem
1057 551 1365 620 phantasia:
1395 554 1574 624 ipsius
1597 557 1821 625 gentilis
1849 556 1969 611 ido-

376 639 633 693 lolatriae.
681 639 756 693 De
792 639 898 694 bac
946 640 1143 712 abysso
1199 657 1467 711 aquarum
1503 645 1720 699 ratione
1761 645 1965 715 praedi-

381 742 560 807 ta_rum
603 735 748 788 Deus
787 735 975 805 gloriae
1011 735 1221 790 tonavit
1253 753 1351 806 per
1380 738 1741 809 Evangelium
1775 757 1787 792 :
1824 739 1969 795 Deus

375 827 639 882 Dominus
699 845 861 899 super
914 847 1085 900 aquas
1124 831 1322 886 multas
1352 833 1399 865 ’θ
1427 840 1699 904 etgentcs
1746 833 1970 889 inenar-

382 921 607 975 rabiles.
654 921 1027 987 Quamobrem
1076 940 1271 979 rursus
1318 925 1585 980 Dominus
1636 925 1972 980 inhabitabit

376 1013 677 1077 diluvium,
715 1014 769 1068 in
810 1022 918 1069 una
960 1017 1415 1087 congregatione,
1450 1027 1506 1072 et
1543 1018 1761 1074 sedebit
1786 1019 1972 1074 Domi-

382 1113 490 1153 nus
511 1116 679 1169 super
701 1100 885 1172 ipsum
908 1110 1166 1172 tanquam
1190 1120 1359 1174 super
1383 1107 1568 1162 sedem
1592 1108 1970 1179 requiescens,

385 1207 624 1260 regnans
654 1208 823 1262 super
870 1194 1050 1264 ipsum
1084 1196 1139 1249 in
1173 1198 1460 1254 saeculum.

455 1283 552 1338 Die
578 1300 711 1355 ergo
749 1284 916 1339 tertio
948 1285 1082 1340 fecit
1119 1286 1263 1342 Deus
1290 1303 1463 1357 aquas
1487 1290 1543 1343 in
1577 1287 1970 1360 congregatio-

380 1391 511 1432 nem
561 1393 751 1431 unam.
783 1377 1199 1444 Quamobrem?
1240 1378 1514 1446 Quoniam
1566 1391 1690 1448 post
1726 1382 1967 1452 primum

319 1457 323 1459 λ
381 1472 534 1526 diem
556 1472 882 1537 Mosaicum,
910 1481 967 1529 et
992 1474 1298 1528 secundum
1321 1476 1533 1529 cultum
1558 1474 1969 1545 propheticum,

380 1564 552 1619 tertio
584 1564 696 1629 die,
742 1580 845 1619 nos
887 1575 1083 1636 gentes
1126 1576 1473 1638 congregatae
1504 1583 1694 1623 sumus
1724 1569 1781 1623 in
1806 1584 1971 1623 unam

384 1658 512 1712 tidei
530 1659 1010 1729 congregationem
1034 1675 1133 1729 per
1153 1677 1409 1729 sagenam
1436 1662 1739 1733 Evangelii.
1767 1663 1972 1729 Quam-

378 1750 575 1804 obrem
632 1750 853 1805 diccbat
891 1749 1061 1805 etiam
1106 1750 1363 1808 Christus
1388 1753 1484 1823 qui
1517 1756 1682 1809 tertio
1724 1755 1813 1809 die
1846 1770 1971 1810 sur-

362 1826 533 1895 vrexit
576 1858 606 1895 a
656 1844 892 1897 mortuis
937 1861 951 1897 :
1005 1843 1172 1897 Hodie
1222 1854 1271 1899 et
1316 1862 1435 1900 cras
1483 1846 1620 1916 facio
1670 1848 1826 1917 signa
1871 1847 1914 1879 ⁹¹
1954 1863 1967 1900 :

376 1949 517 1988 ecce
564 1934 676 1988 duo
722 1934 860 1989 dies.
903 1933 1068 2006 Signa
1106 1945 1291 1991 autem
1321 1937 1478 2001 dicit,
1510 1954 1633 2009 qua:
1672 1937 1816 1993 facta
1843 1946 1974 1994 sunt

380 2026 439 2080 in
474 2025 728 2097 Egypto,
764 2043 887 2097 quae
923 2028 979 2082 in
1024 2027 1268 2095 deserto,
1300 2037 1357 2084 et
1404 2046 1529 2100 quae
1578 2047 1678 2101 per
1723 2032 1927 2087 Mosem
1955 2051 1997 2087 :.

374 2119 683 2184 sunthaec,
740 2129 800 2175 ut
858 2121 1031 2175 semel
1087 2120 1293 2186 dicam,
1328 2122 1491 2192 primi
1537 2123 1673 2177 diei.
1729 2122 1973 2179 Secundi

380 2221 589 2280 autem,
622 2230 745 2283 qute
773 2229 872 2283 per
902 2214 1078 2269 Eliam
1110 2223 1167 2270 et
1193 2215 1477 2282 Elisaeum,
1499 2224 1558 2271 et
1582 2216 1678 2286 qui
1708 2215 1974 2287 deinceps

380 2306 560 2359 secuti
595 2316 726 2360 sunt
777 2306 1102 2376 prophetas.
1139 2306 1331 2362 Tertio
1371 2315 1561 2364 autem
1596 2308 1689 2363 die
1724 2310 1844 2380 ejus
1871 2309 1968 2364 ad-

379 2406 584 2453 ventus
637 2398 760 2453 dies
808 2399 1029 2454 lucidus
1074 2400 1382 2470 perﬁcitur,
1449 2402 1544 2471 qui
1587 2402 1830 2457 ostendit
1874 2417 1974 2472 per

380 2488 767 2561 Evangelium,
801 2492 1111 2562 perfectum
1142 2503 1199 2548 et
1239 2494 1499 2550 omnibus
1528 2496 1775 2551 numeris
1808 2496 1972 2552 abso-

380 2582 559 2637 lutum
592 2584 714 2653 ejus
750 2585 998 2639 studium
1036 2603 1050 2639 :
1084 2595 1170 2641 est
1204 2587 1354 2641 enim
1376 2587 1641 2643 Christus
1682 2590 1973 2659 plenitudo

380 2689 448 2728 ac
493 2677 964 2745 complementum
1011 2678 1149 2748 legis
1192 2679 1611 2749 prophetarum.
1659 2679 1728 2734 Et
1769 2681 1973 2736 Paulus

376 2764 541 2829 dicit,
594 2767 698 2822 Lex
733 2776 807 2822 est
846 2769 997 2823 omni
1034 2785 1101 2824 ex
1133 2779 1289 2839 parte
1323 2771 1559 2840 perfecta
1598 2788 1616 2825 :
1654 2788 1853 2843 nempe
1884 2773 1973 2828 lex

337 2888 341 2897 ι
375 2858 587 2915 Christi
609 2877 622 2913 :
642 2877 735 2926 eqo
758 2871 937 2915 autem
958 2879 1051 2932 per
1080 2863 1247 2934 legem
1267 2865 1337 2929 ",
1359 2863 1618 2919 videlicet
1655 2865 1969 2931 Mosaicam,

381 2953 568 3008 servio
600 2952 702 3023 tegi
736 2955 969 3023 peccati.
996 2952 1153 3010 Unde
1171 2955 1337 3011 etiam
1388 2973 1511 3027 quae
1547 2958 1601 3011 in
1632 2957 1779 3013 Cana
1817 2958 1975 3014 factae

374 3055 518 3101 sunt
565 3047 794 3116 nuptiae,
842 3047 998 3102 factm
1049 3061 1182 3103 sunt
1229 3049 1398 3104 tertio
1432 3049 1563 3105 die:
1594 3049 1745 3106 Cana
1787 3060 1972 3107 autem

382 3139 796 3210 interpretatur
826 3149 1085 3195 creatura
1121 3159 1141 3206 ;
1190 3142 1245 3196 in
1298 3159 1405 3213 qua
1449 3151 1729 3211 creatura,
1778 3160 1846 3200 eo
1873 3145 1971 3200 de-

382 3234 710 3297 scendente,
759 3234 917 3288 facta!
955 3243 1085 3289 sunt
1132 3235 1470 3306 incorruptae
1506 3237 1716 3307 nuptiae
1749 3238 1973 3294 unionis

380 3327 549 3382 Verbi
594 3337 653 3381 et
697 3336 903 3382 nostra:
952 3337 1184 3382 naturas.
1216 3329 1279 3383 ln
1313 3329 1403 3384 his
1437 3330 1651 3400 nuptiis
1687 3331 1852 3385 tertio
1885 3330 1973 3385 dic

379 3419 622 3489 primum
648 3419 974 3473 miraculum
999 3418 1257 3475 Christus
1288 3420 1422 3476 fecit
1457 3421 1512 3475 in
1562 3438 1706 3491 aqua
1730 3422 1800 3489 ",
1833 3438 1973 3493 quo-

382 3511 534 3565 niam
560 3511 726 3564 tertio
747 3510 837 3565 die
857 3526 1056 3581 aquam
1080 3511 1325 3581 gentium
1345 3512 1701 3583 congregavit
1732 3512 1787 3566 in
1806 3528 1972 3567 unam

383 3605 898 3674 congregationem,
934 3620 1059 3659 cum
1096 3620 1216 3659 eam
1242 3612 1672 3660 transmutasset
1689 3621 1822 3661 vera
1844 3607 1974 3662 vitis

380 3697 455 3750 ab
486 3712 629 3765 aqua
659 3697 713 3749 in
741 3697 931 3750 vinum
954 3696 1177 3761 laetitiae,
1203 3696 1257 3751 in
1282 3697 1802 3768 congregationibus
1835 3697 1970 3762 suis,

383 3806 583 3859 nempe
612 3790 664 3843 in
696 3790 931 3860 lapideis
974 3797 1146 3860 petra:
1169 3790 1545 3844 Ecclesiarum
1589 3788 1823 3861 b'ydriis,
1851 3806 1974 3861 quae

378 3882 789 3953 exipiunt‘circa
824 3882 960 3937 duas
1008 3890 1267 3937 metretas
1303 3881 1510 3936 veteris
1538 3889 1595 3936 et
1631 3882 1760 3936 novi
1801 3889 1972 3936 testa-

378 3975 556 4029 menti
591 3993 603 4027 :
642 3983 737 4028 aut
774 3985 905 4038 tres,
941 3974 1187 4046 mysterii
1218 3973 1512 4028 Trinitatis
1544 3973 1643 4028 Dei
1679 3975 1773 4045 qui
1806 3973 1971 4030 tertio

382 4069 475 4123 dic
517 4070 861 4124 resurrexit:
898 4069 991 4138 qui
1027 4068 1119 4123 die
1171 4066 1337 4124 tertio
1385 4066 1519 4123 dicit
1560 4084 1574 4121 :
1612 4067 1973 4139 Congregetur

382 4178 529 4230 aqua
582 4177 699 4230 qum
737 4170 810 4214 est
842 4161 938 4214 sub
984 4160 1114 4215 cmlo
1180 4162 1236 4214 in
1271 4152 1435 4214 unam
1484 4160 1968 4230 congregationem.

384 4250 520 4304 Nam
578 4252 764 4305 multa:
828 4267 1008 4321 nuper
1077 4260 1235 4326 erant
1292 4266 1485 4321 aqum,
1553 4251 1854 4321 multaeque
1916 4258 1974 4305 et

383 4343 738 4397 exsecranda:
777 4360 1063 4414 synagoga:
1109 4359 1174 4399 ac
1226 4343 1686 4415 congregationes
1731 4352 1974 4399 extensa:

380 4450 554 4504 super
599 4443 769 4489 totam
814 4435 1009 4489 faciem
1051 4445 1229 4491 terrae.
1262 4436 1451 4505 Aquas
1505 4452 1655 4491 nunc
1693 4436 1840 4501 dico,
1871 4436 1972 4492 do-

382 4536 564 4596 gmata
594 4535 651 4580 et
685 4526 1005 4597 disciplinas
1038 4528 1249 4583 alienas
1296 4544 1326 4583 a
1360 4528 1587 4598 pietate,
1640 4529 1737 4583 sed
1772 4545 1969 4599 aquam

378 4634 508 4688 quae
551 4619 821 4673 interimit
871 4619 1134 4689 gentilem
1193 4608 1529 4686 doctrinam,
1591 4622 1969 4692 astrologiam,

384 4711 812 4766 divinationem.
841 4711 997 4781 Aqua
1024 4710 1256 4767 fusionis
1283 4714 1586 4785 sanguinis,
1617 4729 1758 4785 aqua
1789 4730 1973 4770 amara

384 4803 660 4859 haeretica:
692 4803 896 4873 linguae
925 4805 1249 4874 pruriginis,
1294 4821 1434 4876 aqua
1458 4806 1695 4863 obscura
1730 4814 1784 4862 et
1829 4806 1973 4861 ditii-

382 4896 508 4950 cilis
559 4896 627 4950 ad
725 4896 1224 4967 interpretandum.
1266 4896 1705 4968 Superstitionis
1767 4897 1972 4953 Graeca:

384 4988 571 5043 multa:
599 5001 727 5045 sunt
759 5006 934 5062 aquae,
968 4992 1125 5045 multi
1159 4990 1333 5053 ﬂuvii,
1372 4991 1529 5045 multi
1560 4992 1969 5046 submersores.

384 5082 495 5136 Iste
531 5083 769 5136 docebat
804 5100 913 5138 non
961 5080 1082 5139 esse
1134 5085 1332 5149 Deum,
1390 5082 1485 5138 hic
1531 5099 1643 5138 non
1689 5098 1813 5139 esse
1846 5100 1975 5154 pro-

383 5174 709 5228 videntiam.
754 5176 860 5230 [ste
912 5177 1245 5247 praedicabat
1278 5176 1410 5231 solis
1444 5175 1847 5241 adorationem,
1878 5178 1972 5233 hic

384 5266 667 5321 adoranda
698 5266 843 5338 ligna
874 5286 887 5322 :
925 5277 981 5323 et
1030 5270 1134 5323 iste
1186 5268 1421 5324 docebat
1470 5268 1679 5338 ligneas
1714 5269 1972 5324 fabricari

382 5369 621 5424 statuas,
661 5369 717 5416 et
765 5362 856 5415 hic
903 5361 1084 5432 ignem
1140 5360 1403 5427 adorare;
1438 5360 1582 5415 alius
1612 5360 1867 5415 initiabat
1917 5361 1971 5415 in

385 5454 669 5524 mysteriis
720 5454 968 5509 libidinis
1002 5464 1058 5509 et
1086 5453 1543 5524 intemperantiae.

462 5543 555 5599 liae
592 5552 721 5600 sunt
764 5547 955 5617 primze
999 5554 1055 5601 et
1095 5545 1313 5600 steriles
1358 5553 1419 5599 et
1452 5560 1562 5598 non
1595 5543 1867 5614 potabiles
1917 5552 1974 5598 et

387 5638 692 5693 mortiferrc
730 5656 885 5709 aqua:
916 5640 1067 5693 orbis
1099 5649 1372 5694 terrarum
1429 5644 1639 5692 stantes
1679 5637 1732 5691 in
1780 5637 1971 5693 multis

458 5750 507 5827 δέ
549 5752 769 5827 llabar-L
835 5764 915 5806 ιιι.
1025 5758 1104 5816 l0.
1207 5760 1251 5789 ’θ
1292 5760 1434 5815 Psal.
1484 5777 1663 5827 xxviii,
1695 5763 1745 5815 5.

384 5826 436 5857 ⁹⁴
484 5825 606 5877 Act.
649 5840 704 5889 ιι,
740 5825 791 5877 5.
870 5827 1073 5882 "ibid.
1109 5830 1257 5885 9-H.

1862 5764 1903 5793 "
1940 5761 2069 5818 Luc.
2103 5778 2217 5826 xm,
2270 5761 2357 5815 53.

2068 568 2125 612 et
2157 572 2280 627 quae
2318 565 2447 612 sunt
2489 571 2763 629 synagoga
2813 571 2911 611 seu
2961 555 3315 625 congregatio
3359 554 3657 625 Apollinis,

2070 664 2352 722 synagoga
2391 648 2639 713 Saturni,
2674 663 2949 721 synagoga
2997 647 3304 713 Ammonis,
3340 659 3397 703 et
3429 648 3535 704 alia
3563 648 3660 705 Se-

2069 741 2298 810 rapidis,
2323 757 2596 813 synagoga
2613 740 2767 804 Julii,
2790 755 3066 812 synagoga
3085 740 3364 806 Mercurii,
3387 757 3656 813 synagoga

2070 833 2280 904 Pythiae
2325 843 2381 887 ct
2433 834 2641 888 Dianae.
2674 833 2789 886 Nec
2828 833 2933 887 hoc
2966 833 3169 897 solum,
3199 832 3294 887 sed
3340 833 3511 887 etiam
3552 834 3657 886 im~

2070 923 2245 993 proba
2275 922 2528 988 Judaica,
2559 923 2764 979 Christi
2805 922 3030 978 inimica
3059 930 3115 977 et
3164 922 3261 977 Dei
3313 922 3656 977 adversaria.

2069 1017 2306 1087 Propter
2352 1016 2450 1072 has
2505 1033 2637 1088 ergo
2693 1016 2890 1086 impias
2929 1031 3230 1088 synagogas
3260 1024 3315 1071 et
3361 1031 3660 1088 congrega-

2070 1108 2271 1175 tiones,
2305 1118 2363 1164 et
2410 1125 2534 1179 quae
2576 1111 2633 1164 in
2664 1109 2748 1164 eis
2789 1118 2921 1164 sunt
2949 1096 3282 1179 populorum
3320 1117 3376 1164 et
3406 1110 3656 1180 gentium

2070 1202 2439 1257 exsecrandas
2492 1202 2819 1272 disciplinas
2868 1210 2927 1256 et
2982 1202 3283 1268 doctrinas,
3320 1202 3467 1257 Deus
3499 1202 3658 1273 jubet

2072 1308 2268 1364 magna
2311 1308 2444 1349 voce
2471 1292 2662 1350 dicens
2702 1312 2716 1349 :
2747 1293 3109 1367 Congregetur
3135 1313 3276 1367 aqua
3308 1312 3425 1367 qua:
3459 1307 3532 1351 est
3563 1298 3657 1351 sub

2072 1385 2201 1441 cosio
2252 1386 2308 1441 in
2338 1402 2506 1441 unam
2534 1385 2659 1442 ﬁdei
2691 1389 3194 1460 congregationem.
3230 1389 3404 1456 Quam
3432 1389 3658 1461 quidem

2072 1493 2264 1535 vocem
2308 1478 2516 1536 Christi
2564 1480 2684 1546 Dei,
2735 1496 2859 1536 cum
2912 1482 3223 1537 audiissent
3275 1492 3332 1538 et
3386 1472 3567 1553 aquae,
3604 1492 3662 1538 et

2074 1569 2233 1636 ﬁnes,
2261 1586 2462 1643 genera
2488 1571 2773 1629 barbarica
2801 1591 2813 1627 :
2842 1573 3122 1644 quomodo
3141 1576 3355 1630 tunein
3379 1576 3661 1631 creatione

2074 1663 2291 1730 mundi,
2336 1679 2495 1735 aquae
2524 1664 2702 1732 ﬂuxae,
2742 1675 2895 1721 metu
2930 1682 2995 1721 ac.
3046 1677 3303 1733 tremore,
3330 1684 3528 1740 magno
3563 1669 3662 1724 im-

2074 1766 2207 1827 petu
2248 1757 2489 1814 ﬂuentes
2511 1757 2867 1819 festinabant,
2901 1762 3221 1827 currebant,
3257 1747 3659 1831 accelerabant,

2076 1865 2184 1905 non
2226 1850 2622 1921 exspectabant
2655 1867 2715 1907 se
2747 1851 2985 1907 invicem
3022 1861 3084 1908 ut
3117 1853 3173 1907 in
3215 1870 3379 1908 unam
3425 1870 3661 1925 congre-

2075 1951 2339 2014 garentur
2381 1951 2439 1998 et
2465 1953 2826 1999 moverentur
2856 1945 3361 2015 congregationem,
3387 1944 3659 2011 boreales,

2074 2035 2369 2101 australes,
2421 2035 2816 2099 occidentales,
2864 2036 3167 2092 orientales
3195 2036 3348 2093 orbis
3390 2047 3661 2093 terrarum

2075 2127 2236 2182 unda:
2277 2136 2333 2182 et
2380 2127 2587 2183 ﬂuenta
2622 2145 2637 2182 :
2675 2144 2733 2184 se
2768 2128 3008 2184 invicem
3063 2130 3467 2201 praevenientes
3499 2142 3557 2188 et
3604 2132 3661 2187 in

2074 2219 2277 2277 ﬂuctus
2311 2230 2685 2293 assurgentes,
2723 2232 2982 2292 tanquam
3017 2223 3085 2277 ab
3114 2224 3300 2294 aliquo
3329 2226 3576 2282 violento
3603 2237 3663 2283 et

2075 2314 2268 2370 divino
2330 2314 2529 2385 spiritu
2565 2323 2621 2370 et
2659 2315 2755 2386 qui
2796 2330 2965 2386 super
3012 2314 3161 2386 ipsas
3186 2315 3661 2391 ferebaturtacuc

2074 2416 2131 2461 et
2180 2408 2452 2477 impulsae,
2506 2419 2567 2463 ut
2620 2424 2731 2463 una
2773 2408 3126 2480 congregatio
3173 2417 3231 2463 et
3281 2426 3433 2465 mare
3476 2421 3663 2466 essent

2074 2514 2268 2555 omnes
2310 2516 2469 2570 aquas
2495 2510 2675 2556 terrae.
2720 2501 2798 2555 lta
2834 2501 2965 2557 licet
3001 2501 3191 2557 videre
3222 2517 3415 2557 omnes
3444 2513 3658 2573 gentes,

2073 2599 2130 2644 et
2158 2592 2396 2645 maxime
2420 2590 2516 2644 illo
2540 2590 2630 2645 die
2659 2590 3035 2655 Pentecostes,
3060 2592 3130 2646 ab
3153 2592 3242 2646 illa
3265 2607 3401 2647 voce
3421 2593 3661 2649 violenta

2074 2694 2198 2749 qua:
2229 2679 2376 2734 facta
2409 2670 2496 2735 est
2524 2680 2756 2751 spiritus
2790 2682 2885 2752 qui
2915 2698 3067 2738 nunc
3098 2683 3264 2737 etiam
3292 2682 3469 2739 fertur
3496 2701 3663 2755 supra

2075 2772 2338 2841 gentilem
2377 2770 2597 2827 fidelem
2638 2788 2864 2843 aquam,
2918 2790 3040 2843 qua:
3093 2784 3423 2847 congregata
3466 2786 3551 2831 est
3606 2776 3661 2831 in

2076 2880 2241 2919 unam
2275 2864 2400 2920 ﬁdei
2439 2868 2950 2938 congregationem,
2982 2877 3039 2923 et
3064 2869 3215 2924 unita
3258 2870 3313 2925 in
3359 2887 3522 2925 unam
3555 2871 3661 2926 Ec-

2076 2958 2258 3012 clesia:
2299 2959 2702 3030 compaginem,
2734 2972 3155 3017 concurrentes.
3196 2963 3331 3018 Vide
3356 2962 3513 3018 enim
3548 2978 3659 3018 non

2076 3052 2252 3105 solum
2303 3052 2490 3116 rebus,
2539 3052 2636 3107 sed
2665 3053 2833 3108 etiam
2866 3054 3001 3123 ipsis
3034 3053 3224 3109 verbis
3263 3065 3659 3109 consonantem

1999 3149 2042 3206 C
2075 3152 2130 3199 et
2179 3145 2603 3200 convenientem
2660 3146 2925 3201 unionem
2975 3147 3195 3202 illarum
3260 3163 3552 3217 aquarum,
3605 3156 3663 3201 et

2076 3237 2274 3292 harum
2321 3237 2608 3308 gentilium
2664 3255 2953 3310 aquarum.
2990 3238 3232 3310 Spiritus
3258 3241 3350 3309 qui
3380 3239 3664 3295 ferebatur

2076 3345 2244 3400 super
2281 3346 2501 3401 aquam,
2534 3341 2669 3387 tunc
2708 3336 2822 3402 ipse
2855 3334 3075 3403 spirans
3103 3349 3196 3388 cas
3232 3333 3413 3404 coegit
3441 3332 3663 3388 etuniit

2077 3423 2132 3477 in
2169 3439 2334 3477 unam
2367 3425 2848 3496 congregationem
2878 3442 2890 3478 :
2934 3434 2989 3480 ct
3019 3425 3113 3481 hic
3144 3426 3260 3496 ipse
3293 3424 3533 3495 Spiritus
3567 3426 3663 3479 ad—

2075 3515 2305 3572 veniens
2355 3526 2409 3571 et
2455 3518 2696 3587 apirans,
2738 3517 2869 3572 fecit
2919 3517 3166 3588 gentium
3215 3516 3497 3571 unionem.
3545 3517 3663 3571 lllic

2077 3609 2342 3676 scriptum
2391 3616 2477 3662 est
2516 3625 2529 3660 :
2592 3606 2822 3679 Spiritus
2863 3609 3108 3662 insedit:
3154 3615 3210 3662 et
3257 3607 3350 3663 hie
3394 3609 3659 3677 scriptum

2038 3722 2041 3727 ·
2075 3707 2157 3753 est
2180 3717 2193 3753 :
2219 3699 2366 3755 Sedit
2397 3717 2557 3772 super
2598 3717 3029 3772 unumquemque
3066 3702 3303 3771 ipsorum
3328 3699 3558 3772 Spiritus
3590 3700 3657 3756 ”‘.

2075 3790 2133 3846 In
2165 3791 2259 3847 illo
2302 3793 2484 3863 primo
2515 3792 2623 3857 die,
2679 3793 2856 3864 ignem
2909 3794 3055 3848 Deus
3084 3794 3211 3847 fecit
3245 3802 3340 3848 :et
3376 3794 3430 3847 in
3466 3793 3658 3847 eodem

2074 3884 2255 3953 primo
2307 3884 2398 3940 die
2448 3885 2738 3941 Dominico
2772 3885 2828 3939 in
2857 3886 3061 3956 linguis
3104 3885 3281 3956 igneis
3329 3885 3548 3940 advenit
3577 3886 3663 3940 lu-

2076 3989 2203 4028 men
2228 3973 2470 4045 Spiritus
2497 3975 2693 4031 sancti.
2733 3975 2853 4031 lllie
2903 3976 3171 4047 scriptum
3200 3986 3286 4032 est
3326 3994 3338 4030 :
3380 3975 3555 4031 Tertio
3578 3977 3661 4030 die

2074 4076 2396 4138 congregata
2428 4076 2504 4122 est
2535 4084 2674 4139 aqua
2708 4083 2725 4121 :
2756 4068 2846 4122 hic
2869 4069 3202 4140 congregatis
3239 4082 3303 4123 e1:
3330 4071 3476 4123 onmi
3508 4080 3661 4139 gente

2076 4176 2194 4232 qua:
2217 4168 2292 4215 est
2323 4162 2417 4215 sub
2450 4161 2576 4215 c0310
2608 4162 2954 4217 unanimiter.
2987 4162 3190 4217 Omnes
3216 4177 3371 4231 aqum
3403 4163 3658 4234 gentiles,

2074 4252 2287 4321 Parthi,
2340 4254 2499 4317 Medi,
2546 4264 2592 4307 et
2649 4254 2923 4319 Elamita’,
2976 4264 3025 4308 et
3084 4260 3174 4325 qui
3229 4256 3543 4309 habitabant
3604 4258 3657 4311 in

2048 4338 2477 4417 ‘Mesopotamia,
2515 4346 2807 4417 Judwaque
2861 4357 2911 4400 et
2947 4345 3308 4418 Cappadocia,
3371 4347 3563 4412 Ponto,
3611 4358 3662 4403 τι

2074 4438 2223 4503 Asia,
2264 4436 2499 4510 Phrygia
2522 4447 2570 4494 et
2599 4432 2940 4512 Pamphylia,
2972 4440 3304 4512 «Egyptoque
3328 4450 3376 4494 et
3420 4442 3660 4513 partibus

2074 4531 2252 4603 Libyae
2274 4548 2390 4602 qua:
2427 4541 2503 4586 est
2548 4534 2686 4587 circa
2714 4531 2998 4605 Cyrenam,
3024 4535 3271 4597 Romani,
3304 4545 3352 4589 et
3380 4535 3575 4600 Juda’i,
3611 4545 3661 4589 et

2076 4623 2362 4698 Proselyti.
2431 4624 2608 4681 Cretes
2637 4635 2685 4679 et
2723 4626 2923 4680 Arabes
2969 4629 3035 4682 εδ.
3078 4626 3431 4698 Quiquidcm
3470 4644 3662 4684 omnes

2074 4734 2199 4775 cum
2246 4718 2556 4775 audiissent
2619 4737 2808 4776 vocem
2859 4738 2980 4793 quae
3034 4723 3174 4778 facta
3228 4732 3314 4780 est
3373 4742 3440 4779 ex
3496 4726 3657 4789 cmlo,

2076 4818 2342 4880 tanquam
2388 4826 2654 4879 aquarum
2690 4829 2701 4865 ε
2733 4821 2845 4869 tota
2877 4813 3198 4879 multitudo,
3241 4814 3405 4881 silnml
3434 4813 3662 4867 fuerunt

2075 4903 2387 4974 congregati
2416 4903 2469 4956 in
2493 4905 2660 4957 domo
2686 4904 2780 4958 ubi
2806 4913 2964 4959 erant
2987 4904 3247 4975 apostoli.
3277 4905 3468 4974 Papae!
3494 4920 3659 4972 quam

2076 5002 2204 5050 sunt
2252 4994 2335 5049 lia:
2374 5011 2464 5050 res
2508 4996 2691 5053 novae!
2728 4995 2876 5050 Nihil
2931 4996 3104 5052 refert
3130 5012 3204 5053 an
3249 4996 3466 5051 dicatur
3510 4995 3659 5066 quod

2072 5095 2406 5156 congregata
2452 5094 2508 5139 et
2547 5086 2776 5141 confusa
2825 5086 2931 5141 fuit
2967 5096 3079 5142 tota
3120 5087 3212 5142 illa
3264 5087 3568 5141 multitudo
3602 5088 3658 5142 in

2076 5174 2239 5229 domo
2258 5176 2658 5244 apostolorum.
2683 5176 2851 5248 868
2876 5176 3017 5231 lllud
3038 5178 3186 5231 enim
3222 5194 3234 5230 :
3264 5176 3495 5247 Confusa
3523 5176 3658 5246 fuit:

2068 5266 2225 5321 valde
2245 5268 2507 5321 convenit
2533 5277 2593 5323 ut
2624 5280 2749 5339 apte
2770 5279 2825 5323 et
2846 5269 3112 5323 decenter
3139 5268 3362 5324 dicatur
3383 5270 3451 5321 de
3474 5268 3653 5336 aquis.

2070 5356 2308 5412 Ratione
2336 5358 2486 5412 enim
2517 5358 2775 5429 prmditis
2804 5365 2937 5413 tunc
2965 5359 3126 5428 aquis
3152 5368 3206 5413 et
3232 5357 3437 5413 Christi
3472 5356 3655 5426 pisca-

2070 5451 2317 5514 toribus,
2368 5461 2596 5521 propter
2647 5467 2809 5505 unam
2853 5450 3303 5520 prsntlicationcm
3345 5449 3655 5504 eonmmnis

2068 5543 2204 5597 vita.

2139 5637 2362 5691 Christo
2406 5653 2539 5708 ergo
2580 5636 2812 5691 Domino
2869 5634 3026 5689 valde
3088 5634 3350 5688 convenit
3404 5631 3587 5688 dicere
3631 5656 3645 5692 :

2457 5760 2500 5791 ⁸³
2536 5760 2692 5815 Rom.
2735 5776 2826 5816 vn.
2872 5759 2957 5814 '23.
3040 5756 3086 5787 ’³
3123 5757 3283 5814 Juau.
3328 5773 3382 5817 It.
3428 5755 3451 5810 1
3493 5770 3648 5827 seqq.
