4026 6140
430 313 536 377 883

1594 323 1653 383 S.
1696 325 2094 389 ANASTASII
2136 334 2461 397 SINAITIE

3591 333 3704 399 884

423 416 785 519 (longregetur
839 436 981 519 a‘qus
1029 442 1148 497 qua:
1183 435 1259 482 est
1293 429 1386 483 sub
1435 431 1567 485 caelo
1600 434 1655 487 in
1685 451 1846 519 unam
1876 457 2004 494 cou-
2037 449 2076 502 Α
2109 447 2278 502 turiat
2324 445 2602 519 scaturigo
2647 445 3013 519 baptismatis.
3064 446 3341 518 Appareat
3390 444 3568 510 arida,
3600 461 3699 502 au-

422 512 813 599 gregationem.
843 512 1203 589 Congregetur
1225 536 1390 591 aqua,
1418 521 1721 595 piscatores
1741 515 1890 583 enim
1914 546 2011 600 pa-

420 604 558 659 ravi.
603 605 954 678 Congregetur
974 624 1110 678 aqua
1137 624 1158 661 :
1220 611 1419 668 Petrus
1441 613 1612 682 enim,
1642 616 1756 686 jam
1789 634 2009 677 crucem

421 702 683 765 tanquam
713 713 926 754 remum
962 700 1188 773 intingit
1229 703 1289 758 in
1335 706 1478 761 mari
1528 709 1833 766 mundano.
1867 712 2009 769 Con-

418 797 664 859 gregetur
710 808 876 862 aqua,
934 804 1125 863 parata
1150 805 1239 851 est
1265 797 1416 852 enim
1441 814 1644 872 sagena
1681 803 1873 860 Verbi.
1899 806 2009 862 Ac-

420 881 737 936 cumulctur
764 899 928 954 aqua,
961 902 1076 941 non
1111 897 1297 956 potest
1329 891 1481 945 enim
1525 893 1704 966 frangi
1738 907 1873 953 rete.
1904 899 2009 954 Ae-

420 971 628 1027 celeret
654 989 818 1044 aqua,
851 976 1056 1031 adsunt
1079 979 1229 1033 enim
1265 982 1503 1052 scaphae.
1528 982 1805 1042 Convenit
1841 1004 2005 1058 aqua,

418 1063 690 1120 festinant
731 1067 879 1122 enim
922 1070 1019 1139 qui
1064 1070 1373 1141 baptizant.
1401 1074 1559 1146 Aqua
1604 1079 2005 1148 sanctificetur,

418 1153 687 1222 pnnvenit
706 1156 854 1210 enim
886 1158 1199 1217 Prmcursor
1226 1163 1292 1218 ad
1317 1180 1482 1235 quem
1507 1170 1809 1227 currebant
1838 1173 2006 1229 etiam

419 1261 577 1315 aqua:
602 1248 971 1318 populorum:
1004 1263 1061 1307 et
1094 1254 1634 1329 circumcurrebant,
1667 1263 1816 1333 quod
1845 1265 1914 1320 ab
1941 1282 2009 1321 eo

419 1350 895 1409 congregarentur
925 1352 983 1398 et
1017 1347 1525 1405 accumularentur.
1554 1352 1651 1407 llle
1696 1369 2010 1425 praeursor

418 1437 671 1484 veterum
711 1446 1003 1501 aquarum,
1066 1434 1171 1492 fuit
1214 1439 1383 1519 etiam
1423 1457 1736 1512 praecursor
1777 1456 1834 1502 et
1859 1451 2009 1519 'pro-
2057 1490 2060 1492 η

417 1534 663 1588 gramma
702 1521 869 1594 hujus
916 1517 1295 1597 prrecursoris,
1329 1522 1614 1605 figuraque
1647 1544 1704 1591 et
1740 1517 2008 1596 indicium

418 1626 686 1680 aquarum
727 1616 1076 1673 credentium
1132 1620 1189 1675 et
1237 1623 1453 1680 ratione
1503 1627 1888 1697 pratditarum,
1937 1632 2006 1689 ad

416 1699 698 1759 Christum
727 1710 1160 1765 accurrentium.
1193 1710 1297 1768 Per
1325 1714 1479 1771 illum
1506 1718 1801 1789 antiquum
1839 1737 2008 1793 aqua-

2113 539 2255 594 ferte
2298 540 2502 593 malum
2563 540 2891 609 Operculum
2940 538 3172 609 pudoris
3218 538 3434 593 animae.
3487 537 3697 593 Solvite

2114 628 2503 685 intermedium
2534 632 2747 701 peccati
2773 630 3092 692 maceriam,
3128 646 3249 699 quae
3277 630 3447 683 Deum
3476 629 3546 685 ab
3580 629 3696 699 ipsa

2111 730 2347 790 separat.
2381 720 2660 792 Apparcat
2686 738 2810 791 quae
2838 729 2979 777 tecta
3013 728 3136 775 erat
3183 735 3294 775 non
3329 720 3570 789 amplius
3595 735 3701 775 caa-

2111 811 2331 867 cutiens
2382 831 2395 867 :
2438 813 2536 869 sed
2584 814 2863 879 videatur,
2908 813 3172 883 quoniam
3216 815 3369 866 visus
3418 820 3504 866 est
3549 811 3699 867 Deus

2112 902 2343 959 deorum
2371 904 2430 960 in
2473 904 2628 961 Sion.
2670 905 2931 975 Respiret
2965 904 3035 959 de
3075 911 3281 958 caetero
3332 911 3389 956 et
3432 901 3698 957 ascendat

2110 1012 2179 1051 ex
2228 998 2505 1068 profundo
2553 998 2882 1069 ignorantiae
2917 1013 3040 1067 quae
3069 995 3175 1050 fuit
3207 994 3510 1064 aliquando
3542 994 3699 1049 arida

2111 1091 2383 1158 Ecclesia,
2432 1100 2491 1147 et
2537 1092 2776 1162 accipiat
2820 1091 3010 1145 radios
3040 1089 3285 1145 caelestis
3326 1088 3493 1148 Solis,
3522 1095 3585 1140 ut
3609 1086 3697 1140 di-

2110 1183 2258 1238 citur
2305 1184 2511 1253 pluvia.
2551 1184 2853 1239 Reveletur
2903 1181 3079 1245 arida,
3127 1180 3391 1251 quoniam
3419 1178 3597 1233 lumen
3629 1178 3699 1232 ad

2111 1273 2489 1331 reuelationem
2519 1276 2753 1346 gentium
2782 1275 2827 1307 ⁸⁸
2861 1272 3106 1337 advenit,
3126 1280 3203 1331 ,et
3233 1282 3449 1341 tempus
3495 1279 3581 1325 est
3627 1270 3697 1325 de

2110 1376 2315 1422 caetero
2372 1378 2434 1422 ut
2496 1370 2612 1438 ipsa
2656 1378 2824 1423 exuat
2874 1377 2931 1422 et
2976 1367 3219 1435 depenat
3267 1364 3525 1419 tenebras
3576 1379 3698 1433 qua:

2110 1465 2242 1514 sunt
2289 1459 2369 1514 illi
2400 1460 2692 1530 imposita),
2736 1470 2798 1514 ut
2822 1476 2917 1515 eas
2960 1459 3066 1514 sibi
3100 1459 3301 1513 habeat
3335 1457 3617 1528 subjectus
3641 1465 3699 1512 et

2108 1551 2463 1605 coneulcatas
2493 1559 2550 1604 et
2577 1550 2680 1605 sub
2720 1565 2780 1604 se
2827 1551 3183 1604 transmissas
3214 1548 3287 1602 ad
3327 1547 3609 1619 abyssum,
3641 1556 3698 1601 et

2109 1642 2301 1696 audiat
2341 1660 2355 1695 :
2415 1641 2549 1695 Ecce
2592 1642 2713 1695 dedi
2754 1641 2845 1695 tibi
2892 1650 3206 1712 potestatem
3250 1639 3495 1694 calcandi
3540 1654 3698 1709 super
3734 1688 3749 1695 -

2113 1735 2354 1789 tenebras
2376 1735 2420 1767 ³⁷
2447 1751 2569 1805 quae
2592 1733 2892 1804 aliquando
2923 1743 3085 1789 erant
3130 1748 3299 1802 supra
3343 1741 3394 1787 te
3426 1732 3619 1801 posita:
3641 1740 3699 1785 et

418 1799 542 1893 π’ρηῖ
572 1802 977 1893 βψσατεοτβῖη
1012 1794 1300 1889 υρηειῖιιηί
1336 1817 1466 1893 ευηι
1498 1808 1679 1867 fomes
1713 1828 2004 1883 aquarum,-
2038 1804 2080 1858 Β
2112 1824 2212 1880 tibi
2241 1794 2505 1888 adversa-3,
2545 1794 2902 1879 nunc-autem
2940 1833 3071 1879 sunt
3097 1794 3380 1893 subjectae.
3410 1794 3546 1877 Eam
3582 1821 3695 1875 vim

415 1888 472 1941 et
500 1888 745 1944 revelata
776 1889 906 1946 sunt
930 1882 1285 1951 fundamenta
1310 1889 1462 1955 orbis
1485 1909 1650 1959 terra:
1687 1922 1702 1957 :
1737 1882 1838 1975 per
1860 1905 2008 1962 hunc

416 1995 823 2048 praecursorem
873 2000 1141 2055 aquarum
1188 1991 1499 2059 gentilium,
1537 1981 1752 2051 firmata
1790 2006 1921 2053 sunt
1952 2010 2009 2054 et

417 2082 604 2129 creata
647 2068 1006 2133 fundamenta
1042 2070 1306 2138 Ecclesiae
1353 2075 1511 2143 orbis
1547 2098 1842 2145 terrarum.

488 2165 600 2221 lllte
643 2183 800 2238 aquas
850 2182 1121 2228 currentes
1166 2176 1488 2234 revelarunt
1554 2195 1655 2251 per
1702 2182 2005 2237 vehemen-

419 2258 529 2312 tem
558 2272 781 2316 cursum
809 2268 1003 2320 Omnes
1026 2276 1242 2323 montes
1261 2270 1354 2339 qui
1386 2264 1545 2341 prius
1585 2275 1716 2329 tecti
1745 2275 2001 2331 luerunt:

418 2344 909 2422 praesignificantes
940 2344 1349 2414 Praecursorem
1392 2363 1660 2431 gentium,
1694 2367 2006 2421 revelantes

417 2453 472 2498 rt
512 2436 873 2533 ostendentes
916 2455 1136 2506 montes
1185 2446 1392 2508 Christi
1442 2454 1836 2524 Ecclesiarum,
1882 2475 2006 2529 qua:

418 2539 575 2607 prius
626 2539 954 2611 tegebantur
978 2551 1036 2597 et
1066 2544 1482 2600 suti‘ocabantur
1505 2563 1534 2603 a
1564 2551 1832 2606 tenebris.
1857 2556 2001 2609 Ante

2107 1930 2281 1987 passae
2317 1915 2579 1971 Ecclesiae
2607 1923 2665 1970 et
2706 1931 2828 1986 quae
2857 1916 3144 1970 submersa
3194 1922 3315 1969 erat
3362 1926 3419 1969 et
3456 1913 3562 1968 sub
3594 1928 3694 1982 pe-
3745 1904 3748 1907 ’

2106 2008 2292 2074 dibus,
2320 2008 2610 2079 subjiciam
2633 2015 2689 2062 et
2721 2023 2918 2063 omnes
2952 2020 3126 2077 aquas
3156 2014 3450 2061 terrestres
3486 2014 3544 2060 et
3576 2012 3692 2059 cm!—

2107 2099 2276 2155 lestes
2304 2116 2317 2153 :
2353 2098 2686 2154 exsiccatam
2732 2107 2987 2153 naturam
3020 2107 3077 2153 et
3109 2112 3333 2153 carnem
3362 2096 3609 2151 hominis
3638 2096 3696 2151 in

2105 2189 2573 2246 exterminationc
2606 2198 2662 2245 et
2694 2189 3009 2260 privatione
3033 2187 3204 2244 fontis
3238 2189 3365 2242 vitae
3394 2186 3641 2258 paradisi
3675 2201 3692 2239 :

2104 2298 2228 2339 eam
2278 2283 2519 2339 efferens
2565 2298 2733 2353 super
2775 2296 2996 2336 onmem
3040 2280 3413 2351 principatum
3460 2288 3518 2333 et
3569 2288 3692 2334 om.
3740 2338 3745 2341 ,

2104 2392 2231 2431 nem
2258 2383 2611 2445 potestatem,
2647 2374 2705 2429 in
2734 2375 2939 2430 throno
2959 2373 3285 2430 Cherubino
3314 2373 3367 2427 ei
3390 2371 3693 2426 ostendens

2106 2468 2203 2523 Dei
2254 2467 2451 2523 faciem
2505 2467 2601 2536 qui
2648 2475 2879 2537 propter
2931 2465 3107 2535 ipsam
3161 2461 3387 2524 advenit
3422 2460 3693 2517 'Christns

2104 2560 2276 2621 Deus,
2326 2560 2456 2630 quia
2490 2557 2673 2613 dicit:
2719 2557 3084 2629 Congregetur
3129 2571 3271 2625 aqua
3323 2570 3442 2625 qua:
3481 2562 3556 2607 est
3594 2552 3689 2607 sub

418 2628 573 2685 illum
616 2648 1022 2703 praecursorem
1069 2653 1363 2707 aquarum,
1408 2648 1565 2711 petra
1597 2658 1766 2715 super
1800 2654 2002 2701 terram
2100 2648 2232 2705 caelo
2277 2628 2831 2720 infcongregationem
2862 2664 3029 2702 unam
3065 2653 3375 2718 :appareat
3412 2645 3588 2709 arida,
3630 2652 3693 2698 ut

419 2739 530 2778 non
586 2728 1028 2797 cognoscebatur
1068 2747 1082 2785 :
1127 2738 1185 2786 et
1215 2743 1344 2789 ante
1375 2733 1779 2791 Praecursorem
1837 2754 2005 2809 aqua-

407 2820 541 2871 rum
597 2818 913 2888 gentilium,
965 2821 1253 2879 Christum
1303 2824 1521 2881 Petram
1582 2842 1692 2883 non
1747 2831 2004 2902 cognovi-

419 2912 563 2962 nius.

488 2997 598 3053 illa:
630 3014 786 3070 aqua:
815 3006 1162 3075 eongreg‘atae
1204 3010 1363 3061 terra:
1385 3006 1565 3062 lucem
1589 3010 1956 3067 ostenderunt
1987 3031 2001 3066 :

2104 2749 2233 2798 ante
2262 2741 2463 2797 calum
2495 2748 2731 2796 ornetur
2763 2739 2941 2795 arida.
2965 2739 3202 2809 Propter
3234 2753 3355 2793 eam
3377 2737 3526 2793 enim
3556 2736 3693 2791 exiit

2104 2835 2154 2890 is
2199 2835 2296 2905 qui
2333 2833 2593 2898 seminat,
2636 2832 2705 2888 ad
2756 2831 3144 2888 seminandum
3171 2838 3230 2886 et
3264 2829 3609 2901 irrigandum
3634 2838 3695 2882 et

2104 2927 2414 2983 ornandum
2437 2926 2672 2982 aridam.
2694 2924 2893 2981 Semen
2912 2924 3062 2981 enim
3085 2932 3170 2979 est
3191 2930 3465 2993 paratum,
3490 2935 3691 2990 nempe

2105 3019 2505 3091 Evangelium:
2539 3024 2832 3088 promptus
2879 3025 2937 3071 et
2984 3015 3186 3071 alacris
3228 3022 3314 3069 est
3355 3013 3687 3075 seminator,

417 3099 475 3193 et
624 3103 1213 3200 concursuhaquarum
1252 3099 1544 3169 gentilium
1593 3109 1750 3157 ortus
1784 3113 1870 3158 est
1922 3105 2004 3159 sol
2031 3143 2076 3200 ο
2108 3090 2306 3180 nempe
2334 3108 2629 3165 Christus:
2662 3108 2901 3179 operarii
2935 3116 3069 3163 sunt
3100 3105 3298 3177 parati,
3338 3120 3535 3174 nempe
3561 3118 3696 3174 apo-

418 3170 668 3271 justitiaa.
716 3180 859 3239 Ante
887 3176 1043 3240 illum
1075 3203 1479 3257 praecursorem
1518 3207 1810 3262 aquarum,
1849 3195 2008 3250 volu-

419 3275 532 3330 cris
564 3275 618 3330 in
669 3285 818 3332 terra
866 3294 978 3333 non
1014 3279 1307 3345 habitavit,
1346 3291 1402 3338 et
1449 3291 1577 3339 ante
1623 3286 2007 3357 congregatio-

421 3379 547 3422 nem
599 3374 798 3425 cursus
825 3369 1097 3441 gentium,
1132 3369 1375 3441 Spiritus
1409 3374 1581 3430 sancti
1613 3375 1868 3432 columba
1895 3392 2005 3431 non

423 3452 696 3516 habitavit
730 3461 789 3516 in
819 3462 1006 3518 nobis.
1060 3462 1204 3519 Ante
1238 3464 1386 3519 illam
1439 3481 1596 3537 aqua;
1624 3468 2008 3539 congregatio-

422 3558 570 3618 nem,
602 3562 749 3609 terra
780 3554 936 3610 nullo
963 3556 1128 3610 modo
1148 3556 1391 3613 fructum
1420 3560 1703 3626 ostendit;
1729 3560 2008 3630 quomodo

422 3652 523 3697 nec
552 3652 680 3698 ante
704 3645 1193 3716 congregationem
1221 3645 1431 3703 Christi
1466 3648 1726 3705 Ecclesiae
1760 3649 2003 3705 fructum

420 3737 669 3806 possedit
690 3737 932 3793 humana
958 3748 1180 3804 natura,
1209 3747 1409 3812 nempe
1444 3741 1700 3798 virtutes.
1734 3742 1840 3798 Per
1868 3758 2004 3798 con-

420 3818 797 3900 gregationem
843 3831 1037 3902 primae
1071 3847 1246 3902 aquae,
1280 3842 1480 3903 panem
1514 3833 1683 3890 homo
1711 3835 1953 3890 comedit
1989 3854 2003 3889 :

420 3928 478 3976 ct
513 3922 571 3987 in
612 3924 1042 3995 congregatione
1074 3935 1286 3991 nostra,
1337 3941 1537 3997 nempe
1580 3927 1851 3998 gentium,
1896 3943 2010 3985 cm-

421 4007 577 4073 lestis
625 4017 786 4072 cibus
833 4018 892 4073 in
941 4016 1127 4075 cibum
1179 4011 1454 4091 apparuit,
1491 4029 1548 4075 ct
1595 4022 1839 4078 coelestia
1891 4022 2009 4078 haec

421 4109 606 4165 Omnia
654 4100 800 4166 bona
844 4120 1153 4168 nascuntur
1186 4123 1347 4169 terrae
1374 4113 1639 4169 hominis.
1677 4115 2007 4186 Prophetice

421 4201 561 4257 dixit
596 4204 738 4260 Deus
773 4222 786 4258 :
823 4204 1184 4279 Congregetur
1213 4219 1351 4273 aqua
1400 4222 1520 4277 qute
1551 4213 1629 4260 est
1664 4207 1759 4261 sub
1789 4208 1916 4262 cwto
1950 4202 2007 4263 in

421 4299 881 4369 congregationem
935 4306 1122 4362 unam,
1175 4309 1224 4354 et
1272 4308 1536 4371 appareat
1588 4302 1765 4356 arida.
1818 4302 2006 4359 Tertio

419 4396 607 4444 autem
638 4390 750 4456 die,
779 4408 847 4446 ex
871 4391 1149 4463 profundo
1183 4386 1395 4463 profert
1420 4401 1625 4448 terram
1657 4395 1824 4459 Deus,
1850 4396 2007 4465 prius

2108 3201 2239 3257 stoli
2264 3218 2276 3253 :
2316 3215 2592 3257 messores
2625 3199 2809 3270 probi,
2840 3208 2972 3255 sunt
2999 3198 3256 3254 doctores
3287 3216 3300 3251 :
3329 3197 3501 3252 boves
3534 3195 3698 3265 impi-

2106 3293 2214 3365 gri,
2263 3292 2302 3346 ii
2346 3293 2443 3362 qui
2490 3306 2713 3347 crucem
2758 3290 2949 3357 ferunt
2994 3309 3008 3345 :
3072 3290 3262 3360 jugum
3317 3295 3529 3358 aptum,
3579 3301 3693 3340 non

2107 3385 2256 3440 enim
2302 3384 2433 3438 terit
2485 3382 2691 3438 collare
2737 3380 2932 3436 :bene
2961 3380 3343 3452 germinarunt
3393 3377 3691 3440 naturalia,

2107 3476 2385 3547 aspiciunt
2428 3475 2575 3530 enim
2625 3474 2769 3530 bene
2800 3482 3072 3529 conlatam
3116 3475 3385 3528 virtutum
3438 3469 3694 3525 altitudi-

2108 3585 2256 3624 nem.
2300 3568 2573 3639 Regiones
2595 3566 2865 3639 gehtium,
2889 3574 3020 3622 sunt
3040 3568 3176 3622 alba:
3204 3576 3261 3622 et
3289 3582 3440 3635 pura:
3471 3565 3692 3621 animas.

2107 3661 2190 3716 Ad
2235 3677 2471 3718 messem
2501 3660 2911 3732 importandam
2955 3661 3067 3715 lata
3097 3667 3184 3713 est
3207 3665 3265 3712 et
3292 3658 3472 3726 ampla
3499 3655 3695 3710 Eccle-

2108 3756 2203 3811 siae
2237 3770 2363 3810 area
2397 3772 2410 3808 :
2448 3755 2591 3810 bene
2619 3754 2858 3809 laborati
2893 3761 3022 3807 sunt
3068 3751 3230 3814 sulci,
3260 3751 3508 3819 Baptista
3539 3748 3694 3804 enim

2107 3860 2205 3905 eos
2251 3844 2522 3915 proscidit
2565 3861 2580 3897 :
2626 3843 2744 3915 agri
2786 3850 2918 3898 sunt
2956 3838 3205 3911 frugiferi
3240 3858 3254 3894 :
3290 3839 3470 3894 Facite
3514 3838 3692 3905 enim,

2105 3937 2291 4007 inquit
2312 3935 2450 4007 ipse,
2473 3936 2674 4005 fructus
2707 3934 2892 4005 dignos
2922 3934 3242 4004 paenitentia:
3267 3933 3333 3986 ’⁸.
3367 3927 3444 3986 De
3489 3938 3695 3986 caetero

2106 4028 2391 4100 aperiatur
2428 4036 2485 4083 et
2509 4036 2769 4098 appareat
2792 4025 2969 4091 arida,
3006 4033 3068 4080 ut
3091 4033 3371 4095 ponantur
3400 4024 3521 4094 ejus
3552 4022 3686 4077 [ωι-

2106 4122 2364 4177 damenta
2390 4114 2446 4173 in
2474 4117 2761 4173 montibus
2783 4116 2988 4172 sanctis
3012 4115 3162 4179 ﬁdei,
3195 4131 3318 4185 qua:
3349 4122 3693 4185 putruerant

2106 4229 2137 4269 a
2175 4204 2517 4269 circumﬂuis
2554 4210 2713 4280 aquis
2736 4224 2801 4264 ea
2826 4208 3165 4264 alluentibus
3201 4225 3214 4262 :
3250 4215 3311 4261 ut
3331 4220 3453 4263 cam
3484 4205 3693 4262 contir-

2107 4317 2260 4363 ment
2285 4320 2351 4360 ac
2372 4303 2661 4362 stabiliant
2689 4317 2859 4372 super
2886 4316 3059 4372 aquas
3091 4299 3341 4370 piscinae,
3378 4307 3439 4353 ut
3464 4297 3520 4351 in
3560 4306 3693 4368 gut-

2108 4398 2181 4452 tis
2215 4394 2562 4467 baptismatis
2602 4409 2667 4449 ea
2700 4393 2917 4448 laetetur
2948 4392 3208 4447 exoriens
3248 4406 3372 4460 qua:
3404 4389 3535 4443 olim
3569 4403 3696 4443 erat

420 4488 614 4548 aperte
652 4480 976 4537 describens
1008 4474 1216 4538 Christi
1252 4483 1421 4538 trium
1451 4484 1668 4539 dierum
1703 4485 1772 4540 ab
1807 4485 2001 4543 inferis
2036 4497 2080 4552 ι)
2108 4487 2265 4544 arida
2293 4496 2350 4543 et
2381 4501 2582 4557 expers
2622 4485 2876 4539 humoris
2905 4483 3081 4538 divini
3108 4481 3352 4537 inﬂuxus
3397 4492 3411 4535 ε
3448 4489 3508 4535 ιιι
3535 4480 3591 4534 in
3624 4496 3695 4537 ea

423 4564 891 4625 resurrectionem
937 4586 967 4626 e
1020 4581 1167 4627 terra
1197 4573 1395 4643 genitae
1425 4585 1628 4629 nostrae
1672 4583 1903 4640 naturae,
1931 4591 2002 4631 ne

423 4661 662 4730 amplius
703 4670 923 4717 maneat
953 4663 1129 4719 arida.
1170 4665 1448 4735 Appareat
1480 4675 1536 4721 et
1569 4667 1851 4722 reveletur
1879 4683 2003 4738 quae

421 4763 544 4807 erat
585 4753 743 4808 arida
773 4758 831 4808 et
879 4748 1204 4827 infrugifera
1247 4754 1470 4828 gentilis
1513 4752 1781 4825 Ecclesia,
1821 4775 1944 4830 quae
1972 4777 2003 4816 a

421 4836 536 4901 Deo
583 4846 882 4917 aliquando
911 4847 1095 4903 fuerat
1118 4849 1410 4915 absconsa,
1448 4860 1511 4905 ut
1540 4867 1665 4922 quae
1690 4850 1831 4908 facta
1860 4863 2005 4911 esset

421 4937 570 4992 nuda
601 4936 670 4992 ab
707 4937 922 4993 insidiis
954 4934 1182 4995 diaboli.
1227 4934 1503 5011 Appareat
1546 4958 1669 5012 quae
1700 4951 1821 4999 erat
1847 4944 2005 5001 arida

422 5034 479 5080 et
508 5024 729 5082 deserta
772 5037 828 5083 ct
878 5020 1093 5093 sitiens,
1122 5028 1383 5099 quoniam
1426 5031 1482 5085 in
1539 5032 1764 5088 deserto
1817 5035 2005 5106 erupit

422 5130 588 5191 aqua,
625 5136 695 5176 ne
740 5116 980 5193 amplius
1033 5132 1257 5178 maneat
1310 5115 1483 5179 arida.
1517 5120 1815 5196 Appareat,
1844 5136 1901 5182 et
1934 5129 2002 5184 ad

421 5213 631 5271 fontem
649 5215 777 5271 vita:
796 5215 1113 5286 veniatqua:
1126 5210 1230 5272 fuit
1252 5218 1381 5272 olim
1394 5219 1617 5290 gentilis
1634 5218 1999 5287 Samaritana,

422 5302 609 5363 ferens
634 5305 888 5379 hydriam
918 5306 1117 5361 animae
1143 5306 1211 5361 ad
1244 5306 1479 5378 puteum
1509 5308 1802 5363 viventem.
1840 5307 2010 5365 Sedet

423 5399 574 5454 enim
619 5398 878 5465 Christus
909 5408 1032 5455 eam
1082 5409 1434 5470 exspectans.
1459 5394 1736 5470 Apparcat
1770 5400 1929 5455 arida
1952 5410 2009 5457 et

426 5504 546 5559 quae
567 5491 842 5562 proﬂuvio
862 5491 1002 5548 male
1026 5492 1317 5548 laborabat
1346 5492 1632 5563 sanguinis
1658 5491 2004 5558 idololatria,

427 5589 489 5636 ut
509 5585 815 5640 exsiccetur
845 5583 1023 5640 tlusus
1051 5584 1335 5657 sanguinis
1357 5585 1454 5655 qui
1496 5584 1776 5647 currebat,
1807 5592 1863 5638 et
1889 5600 2009 5639 sca-

501 5759 546 5788 "
589 5758 721 5812 Luc.
756 5777 813 5824 ιι,
864 5762 950 5813 52.
1030 5762 1070 5791 θ’
1119 5762 1253 5815 Luc.

1312 5776 1363 5825 ι,
1423 5760 1502 5815 19.
1582 5758 1625 5791 ἐ
1670 5759 1860 5814 Matth.
1916 5776 1990 5826 ιιι,
2042 5761 2093 5816 8.

2104 4588 2448 4644 constructa,
2494 4577 2774 4634 exsultent
2810 4574 3035 4646 quidem
3097 4580 3316 4628 montes
3368 4572 3690 4642 regionum,

2106 4670 2484 4729 multitudinis
2515 4680 2701 4726 autem
2732 4669 2899 4724 colles
2947 4666 3206 4723 exsiliant
3234 4683 3247 4719 :
3281 4665 3541 4720 laetentur
3592 4678 3696 4717 au-

2105 4770 2217 4818 tem
2244 4775 2439 4831 greges
2471 4760 2823 4831 populorum.
2867 4756 3069 4829 Fugiat
3096 4766 3279 4812 autem
3311 4771 3465 4809 mare
3495 4754 3696 4808 adver-

2109 4852 2389 4908 sariorum
2426 4832 2670 4921 :nempe
2715 4848 2968 4920 improba
3015 4857 3073 4904 et
3123 4847 3260 4903 falsa
3305 4845 3692 4902 incredulitas.

2105 4943 2364 5001 Jordanis
2393 4952 2577 4998 autem
2605 4942 2954 5013 baptismatis
2984 4941 3250 5012 gentium,
3287 4947 3575 4996 convertat
3606 4954 3697 4992 re-

2110 5046 2349 5093 trorsum
2400 5051 2499 5091 eos
2530 5034 2627 5105 qui
2659 5035 2840 5105 ipsum
2881 5033 3104 5105 fugiunt
3132 5040 3188 5087 et
3211 5030 3543 5102 baptismum
3579 5044 3694 5083 non

2108 5124 2438 5196 suscipiunt.
2488 5116 2645 5182 Unde
2678 5124 2748 5179 de
2792 5123 2906 5178 Deo
2936 5122 3074 5179 dicit
3093 5122 3368 5192 Propheta
3412 5137 3426 5173 :
3473 5113 3693 5174 Balaana

2109 5217 2278 5274 maris
2310 5234 2431 5288 quae
2456 5210 2732 5271 conturbat
2779 5232 2936 5270 sonos
2968 5216 3227 5286 ﬂuctuum
3256 5210 3390 5285 ejus,
3431 5212 3548 5284 quis
3572 5228 3696 5265 sus-

2104 5309 2285 5364 tinebit
2329 5308 2413 5364 '9?
2454 5307 2558 5364 Sed
2591 5319 2649 5362 tu
2683 5307 2975 5362 dominaris
3008 5302 3258 5378 potestati
3306 5306 3492 5368 maris,
3532 5319 3694 5357 sonos

2102 5404 2358 5472 ﬂuctuum
2383 5401 2494 5472 ejus
2517 5402 2632 5472 quis
2652 5399 2969 5454 sustinebit?
3000 5397 3191 5453 Salum
3221 5405 3400 5451 autem
3428 5398 3695 5468 ﬂuctuum

2104 5495 2219 5564 ejus
2255 5504 2311 5548 tu
2349 5496 2562 5565 mitigas
2594 5494 2633 5548 ί.
2679 5493 2757 5549 Te
2783 5492 2931 5548 enim
2968 5490 3329 5562 praefigurans
3355 5489 3525 5545 Jonas
3560 5502 3695 5558 pro-

2105 5587 2291 5657 pheta,
2344 5588 2565 5657 quando
2627 5586 2908 5657 projectus
2951 5583 3060 5638 fuit
3109 5582 3165 5637 in
3251 5596 3439 5647 mare,
3499 5577 3695 5638 effecit

2173 5760 2215 5791 π’
2257 5757 2398 5814 I’sal.
2440 5774 2580 5823 Lx1v,
2626 5757 2677 5813 8.
2758 5757 2773 5789 ¹
2814 5758 2958 5816 Psal.
2995 5769 3257 5822 Lxxxvm,
3299 5753 3381 5813 10.
