4026 6140
377 338 484 402 885

1466 340 1548 400 ΙΝ
1587 341 2140 402 ΗΕΧΛΕΜΕΒΟΝ.
2161 364 2231 375 -
2255 340 2400 400 LIB.
2442 339 2557 398 III.

3535 332 3643 395 886

379 444 837 516 ‘ranquillitatem
871 444 1034 502 undae
1068 461 1188 517 qua:
1221 454 1456 505 mortem
1502 452 1784 516 attulerat,
1819 466 1958 521 quo-
1989 458 2031 510 Α
2064 458 2283 519 quarto,
2305 449 2514 504 aridam
2546 446 2838 501 nominans
2864 440 3375 506 hominem,diccns
3404 440 3465 494 de
3494 443 3640 498 Deo:

379 535 546 592 modo
566 544 647 602 tu,
673 535 1000 593 idololatriae
1035 539 1205 595 totius
1228 539 1419 596 mundi
1443 542 1644 597 marini
1676 542 1957 599 interitus.

384 626 561 681 Tuam
586 626 735 681 cnim
772 637 1009 684 mortem
1060 630 1326 703 ellingens
1374 641 1431 689 et
1465 635 1959 698 resurrectionem,

385 717 613 771 dormiit
662 718 718 772 in
762 721 890 774 navi
925 722 1071 777 sicut
1097 729 1156 777 tu
1204 724 1260 778 in
1298 724 1449 795 ligno
1481 726 1663 781 crucis
1705 745 1719 780 :
1759 734 1814 782 et
1842 735 1966 797 post

388 820 640 863 somnum
672 811 953 881 projectus
989 812 1094 868 fuit
1127 814 1183 868 in
1216 815 1570 886 profundam,
1613 824 1872 887 tanquam
1908 817 1965 872 in

385 898 563 954 laeum
598 902 1016 971 proFundissimi
1071 906 1273 962 inferni
1325 916 1385 964 et
1425 910 1663 979 sepulcri
1710 910 1962 965 balatum:

382 998 440 1046 ct
492 994 725 1048 salutem
768 995 1128 1067 prazfigurans
1179 1000 1249 1055 iis
1290 1001 1386 1070 qui
1433 1001 1597 1056 simul
1631 1001 1968 1072 navigabant

386 1081 441 1135 in
475 1084 596 1137 navi
621 1084 897 1152 Ecclesite,
923 1087 1149 1144 donavit
1172 1091 1298 1145 navi
1331 1101 1392 1148 ut
1430 1103 1709 1149 cessarent
1744 1092 1964 1148 ﬂuctus.

387 1174 471 1229 Tu
505 1176 652 1231 enim
694 1192 755 1232 cs
803 1180 898 1248 qui
926 1180 1090 1250 jubes
1117 1191 1174 1237 et
1210 1183 1351 1238 dicis
1384 1200 1399 1238 :
1439 1183 1797 1256 Congregetur
1826 1201 1968 1253 aqua

386 1286 505 1340 quae
532 1278 606 1324 est
636 1271 728 1325 sub
753 1270 879 1326 cmlo
905 1273 959 1325 in
997 1275 1459 1345 congregationem
1482 1292 1667 1342 unam,
1700 1285 1749 1329 et
1772 1276 1971 1346 factum

387 1369 465 1440 est
511 1362 587 1415 ita
616 1377 635 1417 :
668 1370 719 1416 et
777 1373 1100 1434 congregata
1130 1374 1204 1419 est
1234 1383 1377 1437 aqua
1414 1381 1532 1437 qua:
1559 1375 1673 1420 erat
1710 1365 1804 1421 sub
1842 1364 1971 1420 caelo

388 1452 445 1505 iu
482 1455 915 1524 congregatione:
960 1471 1106 1510 suas.
1146 1456 1292 1512 Ecce
1335 1473 1447 1511 non
1482 1457 1690 1512 factum
1720 1464 1805 1513 est
1834 1472 1971 1513 con-

390 1544 689 1598 venienter
751 1544 948 1601 litterze
998 1564 1011 1599 :
1063 1563 1240 1617 neque
1298 1556 1627 1619 congregata
1685 1557 1771 1604 est
1831 1563 1973 1619 aqua

392 1651 517 1704 quae
564 1644 648 1691 est
680 1636 783 1691 sub
810 1638 975 1702 ccelo,
1010 1637 1065 1691 in
1098 1639 1579 1709 congregationem
1622 1654 1787 1694 unam
1825 1656 1839 1693 :
1876 1637 1973 1693 sed

2058 541 2231 610 Ipsius
2278 548 2353 594 est
2385 556 2553 603 mare,
2587 547 2635 592 ct
2668 538 2779 608 ipse
2815 536 2934 606 fecit
2964 533 3121 599 illud,
3152 543 3201 588 et
3231 532 3444 587 aridam
3476 531 3647 599 ﬁnxe-

2062 643 2188 686 runt
2222 632 2337 703 ejus
2383 648 2576 686 manus
2614 647 2632 684 :
2671 630 2778 684 hoc
2810 639 2914 693 cst,
2960 626 3241 682 hominem
3294 625 3388 695 qui
3449 623 3585 679 dicit
3629 640 3644 679 :

2061 726 2252 780 Manus
2296 732 2422 791 tua‘,
2472 722 2716 788 Domine,
2751 721 2987 791 fecerunt
3034 735 3116 774 me
3151 728 3199 773 et
3230 717 3504 788 ﬁnxerunt
3541 734 3643 771 me.

2063 817 2280 872 Nullam
2335 824 2646 872 creaturam
2697 830 2763 869 ex
2810 814 2879 869 iis
2928 829 3050 884 qua:
3098 820 3232 868 sunt
3272 812 3329 866 in
3364 812 3505 866 etelo
3554 818 3651 865 aut

2064 908 2123 964 in
2162 918 2311 964 terra
2358 907 2516 963 finxit
2551 908 2695 963 Deus
2730 907 2846 962 suis
2884 906 3164 971 manibus,
3209 904 3317 960 nisi
3363 904 3646 960 hominem

2064 1001 2159 1070 qui
2200 998 2268 1054 ad
2318 1000 2439 1069 ejus
2461 998 2637 1054 factus
2660 1006 2746 1054 est
2781 998 3098 1069 imaginem,
3125 997 3194 1054 de
3228 1012 3338 1067 quo
3377 996 3513 1052 dicit
3535 996 3651 1052 Mo-

2066 1106 2156 1146 ses
2191 1108 2205 1144 :
2246 1089 2456 1146 Vocauit
2502 1090 2642 1144 Deus
2680 1090 2891 1145 aridam
2932 1098 3154 1144 terram.
3204 1088 3343 1145 Vide
3387 1089 3650 1161 mysteria

2068 1182 2450 1237 admirabilia!
2488 1180 2717 1236 Terram
2777 1180 2833 1235 in
2878 1179 3155 1251 profundo
3195 1180 3265 1235 ab
3309 1180 3435 1235 aliis
3491 1179 3651 1250 aquis

2069 1273 2416 1340 suﬁ‘ocatam,
2467 1273 2721 1328 nominat
2752 1272 2987 1328 aridam.
3013 1272 3150 1327 Cum
3180 1280 3365 1327 autem
3396 1286 3554 1341 aquae
3580 1270 3650 1327 ab

2069 1381 2136 1420 ea
2174 1374 2528 1421 recesserunt
2559 1373 2617 1420 et
2655 1371 2786 1419 sunt
2809 1364 3023 1429 diviste,
3057 1373 3114 1420 et
3137 1362 3649 1429 eafuitexsiccata,

2069 1471 2182 1512 non
2229 1471 2351 1511 eam
2405 1455 2644 1526 amplius
2678 1455 2931 1511 nominat
2973 1454 3209 1519 aridam,
3251 1453 3349 1516 sed
3396 1462 3648 1509 terram:

2071 1548 2349 1622 quomodo
2393 1548 2809 1605 etiam-constat
2843 1547 2980 1603 citra
3003 1547 3468 1612 controversiam,
3503 1546 3652 1617 quod

2074 1643 2342 1713 imagines
2365 1651 2421 1697 et
2444 1642 2644 1714 ﬁguras
2671 1657 2827 1697 nova:
2855 1642 2912 1695 in
2942 1639 3166 1696 Christo
3199 1645 3479 1695 creatura).
3498 1638 3653 1709 prius

394 1728 581 1782 multa:
628 1743 783 1797 aqua:
830 1737 960 1784 sunt
1003 1734 1341 1801 congregata:
1385 1730 1439 1784 in
1489 1746 1617 1786 suas
1674 1746 1976 1802 congrega-
2008 1797 2042 1804 _
2075 1734 2430 1791 describebat
2462 1742 2519 1789 et
2559 1732 2945 1804 praeﬁgurabat
2987 1729 3242 1787 Christus
3288 1731 3344 1785 in
3394 1729 3653 1785 universa

397 1819 596 1873 tiones.
702 1898 707 1901 Δ
2005 1797 2047 1851 Β
2074 1842 2180 1882 sex.
2217 1825 2432 1881 dierum
2487 1824 2787 1880 creatione.
2836 1822 3110 1890 Quoniam
3145 1832 3330 1878 autem
3358 1810 3652 1877 mundanae

466 1909 535 1965 Et
558 1914 757 1966 vocavit
781 1912 918 1968 Deus
950 1914 1182 1980 aridam,
1209 1922 1409 1969 terram
1429 1932 1449 1970 :
1475 1922 1529 1969 et
1548 1918 1974 1988 congregationes
2072 1915 2305 1988 Egypto
2339 1914 2612 1986 imprimis
2656 1916 2775 1971 haec
2802 1914 3040 1970 dicimus
3078 1931 3092 1968 :
3124 1929 3233 1968 non
3268 1913 3437 1969 fuerit
3459 1914 3657 1969 absur-

396 2019 663 2073 aqaarum
708 2006 907 2060 vocavit
953 2008 1145 2061 maria.
1177 2006 1321 2073 Quid
1380 2007 1516 2062 mihi
1563 2008 1631 2062 ad
1664 2008 1782 2064 haec
1808 2009 1971 2076 dicis,
2074 2006 2205 2061 dum
2257 2005 2304 2060 si
2341 2020 2442 2076 per
2487 2021 2576 2061 res
2624 2013 2885 2075 tanquam
2938 2019 3039 2075 per
3074 2003 3242 2058 verba
3295 2003 3655 2059 ostendamus

397 2112 430 2149 0
463 2096 736 2154 Ilebrtee?
772 2100 907 2155 Nam
933 2102 1078 2171 quod
1111 2102 1314 2158 attinet
1342 2102 1411 2157 ad
1432 2102 1744 2169 historiam,
1779 2114 1975 2160 contra
2076 2096 2277 2168 ﬁguras
2317 2097 2651 2153 detectionis
2703 2105 2759 2152 et
2805 2097 3160 2152 liberationis
3191 2095 3464 2150 malarum
3491 2102 3549 2150 ct
3582 2102 3653 2150 te-

398 2189 604 2244 factum
643 2200 727 2246 est
753 2208 917 2261 quam
942 2194 1108 2264 jussit
1136 2192 1304 2249 Deus.
1328 2194 1573 2249 Primum
1604 2196 1829 2266 quidem
1856 2206 1975 2253 erat
2075 2188 2439 2244 nebrosarum
2476 2204 2743 2259 aquarum
2776 2187 2988 2243 erroris
3026 2203 3148 2257 quae
3190 2186 3347 2257 prius
3374 2193 3533 2241 erant
3561 2201 3655 2240 su-

400 2297 506 2336 una
528 2283 902 2353 congregatio,
933 2301 1102 2340 unum
1128 2301 1302 2351 mare,
1332 2301 1500 2340 unum
1526 2286 1773 2357 pelagus,
1801 2304 1974 2343 unum
2075 2296 2175 2352 per
2216 2296 2358 2337 cam.
2417 2280 2533 2336 Soli
2563 2280 2710 2335 enim
2765 2279 2999 2350 IEgypto
3041 2295 3131 2335 ex.
3156 2279 3418 2334 omnibus
3461 2278 3653 2333 mundi

398 2374 759 2444 profundum,
813 2391 920 2430 una
971 2392 1111 2445 aqua
1144 2393 1157 2429 :
1189 2375 1353 2431 simul
1394 2385 1505 2432 tota
1535 2391 1678 2446 aqua
1707 2392 1829 2447 quae
1856 2384 1978 2432 erat

397 2467 503 2523 sub
549 2468 724 2533 ctelis,
770 2468 1076 2534 individua,
1129 2469 1304 2536 unita,
1353 2452 1694 2525 inSecabilis.
1741 2467 1976 2536 Quando

393 2567 581 2614 autem
617 2559 758 2614 dixit
792 2560 938 2615 Deus
970 2579 984 2614 ε
1024 2560 1379 2632 Congregetur
1428 2578 1571 2633 aqua
1605 2563 1662 2615 in
1689 2578 1978 2634 congrega-

393 2653 593 2707 tionem
624 2669 791 2707 unam
816 2669 838 2708 :
871 2652 1047 2708 divisa
1071 2654 1245 2725 magis
1271 2653 1379 2709 fuit
1404 2669 1546 2724 aqua
1575 2670 1697 2725 qua:
1729 2664 1851 2711 erat
1873 2655 1976 2710 sub

393 2745 560 2810 ccelo,
612 2745 667 2798 in
702 2744 906 2801 multas
950 2761 1123 2816 aquas
1153 2764 1167 2799 :
1202 2754 1464 2816 tanquam
1490 2747 1536 2801 si
1568 2747 1681 2817 jam
1711 2746 1973 2802 dixisset:

397 2836 583 2892 Multas
600 2837 713 2892 sint
741 2838 1048 2909 congeries,
1077 2840 1262 2893 multas
1290 2840 1763 2910 congregationes.
1805 2838 1977 2894 multa

396 2928 617 2981 maria;
662 2927 808 2983 sicut
856 2936 1088 2983 testatur
1141 2929 1259 3000 ipsa
1293 2928 1463 2984 dictio
1493 2929 1817 3000 Scripturae,
1856 2946 1978 3001 quae

408 3016 489 3070 sic
523 3015 695 3073 habet
765 3035 779 3072 :
829 3017 1161 3090 Congregala
1229 3021 1328 3091 fuit
1396 3037 1537 3092 aqua
1589 3038 1708 3093 qua:
1754 3032 1831 3076 est
1883 3023 1977 3078 sub

2075 2375 2414 2446 regionibus,
2444 2375 2592 2431 Deus
2618 2375 2688 2431 ad
2715 2375 2938 2446 pictatis
2963 2374 3397 2428 admonitionem
3430 2372 3655 2428 donavit

2074 2468 2387 2538 exemplum
2420 2479 2478 2525 et
2500 2478 2923 2523 monumentum
2954 2465 3272 2522 indelebile.
3311 2466 3446 2520 Nam
3480 2464 3655 2519 instar

2076 2560 2513 2632 uniuscujusque
2543 2561 2598 2616 in
2646 2561 2756 2616 illis
2799 2561 2958 2629 aquis
3008 2576 3132 2630 qua:
3174 2558 3472 2628 aliquando
3510 2567 3657 2628 tege-

2076 2651 2211 2707 bant
2260 2651 2576 2706 universam
2616 2649 2811 2706 l‘acicm
2850 2659 3035 2713 terrm,
3095 2665 3194 2719 per
3238 2647 3465 2703 fluvium
3502 2646 3655 2702 Geou

2076 2753 2223 2799 terra
2246 2742 2462 2815 Egypti
2492 2743 2714 2813 tegitur.
2740 2742 3112 2809 Quamobrem
3140 2741 3208 2796 de
3238 2740 3461 2811 regione
3492 2738 3657 2810 [Egy-

2076 2835 2153 2904 pti
2181 2833 2287 2887 dici
2315 2842 2497 2903 potest
2540 2833 2595 2888 in
2622 2844 2867 2903 tempore.
2892 2848 3156 2888 ascensus
3187 2845 3479 2902 aquarum,
3506 2829 3655 2899 quod

2078 2935 2223 2981 terra
2241 2923 2458 2999 lEgypti
2481 2934 2567 2982 est
2588 2926 2887 2981 invisibilis
2908 2935 2963 2981 et
2986 2924 3378 2995 incomposita,
3409 2932 3464 2979 et
3501 2932 3657 2978 tene-

2079 3019 2193 3075 bra:
2221 3020 2477 3093 caliginis
2504 3029 2561 3076 et
2598 3021 2943 3091 tempestatis
2972 3035 3140 3090 supra
3169 3019 3427 3091 abyssum
3457 3009 3654 3086 hujus-

392 3108 544 3176 calo,
590 3113 646 3166 in
677 3127 803 3167 suas
844 3116 1293 3184 congregationes.
1328 3115 1472 3169 Dicit
1506 3115 1694 3186 itaque
1727 3134 1740 3169 :
1778 3114 1847 3172 Et
1880 3133 1974 3170 υο-
2005 3136 2046 3192 ρ
2078 3112 2513 3183 modiaquarum
2540 3122 2627 3168 :cl
2655 3112 2895 3183 Spiritus
2915 3112 3008 3167 Dei
3031 3112 3155 3180 (hoc
3170 3111 3661 3167 estventircnova-

393 3203 535 3257 cauit
557 3202 698 3257 Deus
725 3211 944 3267 terram,
979 3205 1191 3260 aridam
1222 3222 1240 3260 :
1268 3215 1316 3260 et
1345 3207 1775 3278 congregationes
1809 3223 1980 3279 aqua-

396 3310 520 3347 rum
557 3296 759 3349 vocavit
788 3296 983 3350 maria.
1013 3286 1126 3367 Age
1148 3310 1279 3367 ergo
1304 3314 1318 3351 :
1354 3312 1548 3352 rursus
1572 3297 1769 3352 litterae
1795 3299 1980 3353 velum

394 3393 457 3440 et
488 3387 812 3456 operculum
857 3388 1189 3459 aperientes,
1244 3389 1556 3459 spiritualia
1599 3390 1983 3461 spiritualibus

399 3478 777 3549 intelligamus
830 3480 1051 3550 eloquia
1101 3481 1353 3551 Spiritus,
1402 3482 1652 3538 dicentes
1709 3482 1878 3539 :Una
1925 3490 1984 3539 et

399 3570 685 3625 individua
715 3587 871 3641 aquae
903 3574 1279 3645 congregatio,
1317 3584 1470 3630 recta
1502 3584 1559 3630 et
1592 3575 1647 3630 in
1676 3590 1839 3645 quam
1870 3590 1982 3630 non

398 3664 550 3719 cadit
583 3665 963 3736 reprehensio,
999 3674 1056 3721 ct
1093 3666 1360 3722 Ecclesia:
1401 3667 1687 3723 catholica:
1718 3668 1773 3722 in
1808 3669 1982 3723 Deum

398 3754 579 3825 pietas
601 3771 666 3811 ac
693 3756 886 3826 religio
921 3765 1005 3811 est
1037 3775 1050 3810 :
1087 3773 1246 3827 aquas
1282 3768 1467 3812 autem
1501 3759 1980 3830 congregationes,

398 3854 531 3901 sunt
570 3847 829 3902 Ecclesiae
853 3863 975 3917 qua:
994 3857 1124 3902 sunt
1151 3849 1208 3903 in
1236 3849 1359 3904 loco
1385 3848 1678 3919 regionum
1708 3849 1980 3920 gentium,

398 3938 681 4008 quomodo
729 3937 891 3994 docet
941 3937 1145 3995 Paulus
1173 3940 1367 3996 dicens
1401 3938 1500 3995 Dei
1532 3936 1847 3996 Ecclesiis‘:
1876 3940 1982 3995 Ec-

400 4028 577 4083 desire
637 4029 896 4095 Corinthi,
932 4045 1061 4087 ecce
1122 4031 1231 4086 alia
1273 4032 1678 4104 congregatio:
1733 4032 1985 4089 Ecclesia:

403 4120 967 4189 Thessalonicensium,
1020 4138 1151 4178 ecce
1193 4123 1298 4178 alia
1328 4125 1680 4194 congregatio
1713 4125 1981 4195 gentium.

400 4213 691 4280 Quomodo
729 4214 877 4268 enim
928 4230 1096 4269 unum
1122 4224 1207 4270 est
1230 4230 1460 4286 regnum
1486 4215 1777 4283 ctelorum,
1816 4216 1987 4272 habet

401 4311 589 4356 autem
642 4304 846 4359 multas
898 4302 1219 4359 mansiones
1270 4313 1332 4358 ut
1378 4303 1515 4359 dicit
1561 4303 1814 4361 Christus
1860 4305 1985 4360 :ita

402 4395 574 4450 etiam
630 4404 717 4450 est
760 4412 870 4450 una
922 4396 1234 4451 communis
1265 4396 1468 4451 Christi
1515 4396 1785 4452 Ecclesia.
1843 4397 1988 4453 Sunt

2081 3206 2179 3276 tio)
2208 3206 2386 3263 fertur
2420 3222 2587 3279 supra
2618 3222 2840 3276 aquam.
2861 3205 2954 3260 Sic
2977 3204 3124 3259 enim
3153 3202 3498 3273 interpretati
3531 3210 3661 3255 sunt

2081 3300 2242 3354 multi
2287 3301 2634 3369 interpretes.
2668 3298 2739 3353 Et
2791 3298 3018 3353 tenebra:
3062 3305 3219 3351 erant
3262 3314 3429 3367 supra
3468 3312 3659 3366 aquas,

2082 3400 2133 3446 et
2171 3391 2400 3464 Spiritus
2426 3393 2521 3446 Dei
2558 3392 2823 3463 ferebatur
2855 3408 3022 3462 supra
3042 3407 3151 3443 eas.
3194 3390 3310 3444 Non
3348 3388 3494 3443 enim
3522 3387 3660 3441 dixit

2082 3482 2382 3554 (inquiunt)
2408 3483 2695 3553 Scriptura
2720 3500 2733 3536 :
2758 3483 2816 3535 τὸ
2842 3481 3063 3550 Πνεῦμα
3083 3480 3218 3535 Θεοῦ
3239 3495 3362 3535 cum
3390 3479 3657 3534 articulo:

2083 3572 2138 3628 id
2170 3581 2274 3638 est,
2307 3573 2548 3644 Spiritus
2579 3573 2669 3626 ille
2702 3591 2715 3625 :
2753 3572 2847 3626 sed
2884 3571 3107 3640 Πνεῦμα
3126 3570 3262 3623 Θεοῦ
3299 3569 3506 3639 absque
3532 3570 3665 3624 arti-

2082 3664 2228 3726 culo,
2264 3663 2318 3717 id
2351 3671 2435 3717 est
2462 3661 2703 3732 Spiritus
2732 3660 2828 3716 Dei
2853 3678 2864 3714 :
2889 3660 2996 3715 hoc
3012 3669 3131 3725 est;
3165 3674 3307 3713 unus
3330 3673 3397 3712 ex
3426 3666 3663 3727 quatuor

2082 3754 2365 3826 spiritibus
2405 3763 2695 3808 ventorum
2731 3752 3010 3808 ferebatur
3046 3766 3475 3820 supertaqnam.
3524 3748 3660 3803 illud

2084 3856 2268 3903 autem
2298 3847 2427 3902 ferri
2447 3862 2634 3917 supra,
2666 3862 2776 3900 non
2798 3853 2884 3901 est
2913 3844 3199 3916 proprium
3220 3852 3430 3900 natura:
3465 3843 3664 3898 divini-

2085 3940 2213 3995 tatis
2243 3955 2367 4010 qure
2392 3954 2501 3995 non
2529 3946 2713 4009 potest
2742 3934 3148 3993 circumscribi.

2153 4030 2291 4085 Illud
2316 4038 2504 4084 autem
2529 4037 2615 4084 est
2636 4028 2966 4084 admirabile
3015 4027 3069 4082 in
3103 4042 3337 4082 ascensu
3391 4042 3661 4097 aquarum

2085 4123 2141 4178 in
2160 4121 2392 4193 Egypto
2429 4120 2634 4191 quibus
2683 4119 2789 4174 fuit
2818 4127 3036 4190 operta,
3068 4119 3575 4188 obscurationeque
3609 4126 3665 4172 et

2084 4214 2340 4285 caligine,
2388 4222 2444 4267 et
2491 4210 2884 4276 infcrtilitate,
2936 4219 2995 4265 ct
3070 4209 3438 4265 sulIocatione
3493 4208 3666 4278 ipsius

2070 4316 2266 4385 terrae,
2304 4305 2452 4376 quod
2502 4320 2613 4359 non
2652 4314 2779 4375 post
2822 4318 3069 4360 mensem
3124 4312 3221 4359 aut
3260 4302 3379 4358 dies
3421 4311 3581 4357 ortus
3610 4300 3665 4357 in

2085 4415 2253 4454 carne
2276 4399 2331 4454 in
2362 4399 2642 4454 Bethleem
2669 4406 2726 4453 et
2777 4396 3142 4468 apparitionis
3192 4394 3423 4461 Christi,
3469 4394 3565 4450 sed
3609 4395 3663 4448 in

401 4485 572 4541 etiam
610 4487 921 4557 singulares
954 4484 1212 4543 Eccfesiaa
1232 4488 1423 4543 mundi
1448 4497 1611 4543 recta:
1635 4488 1782 4544 ﬁdei.
1811 4488 1986 4561 Opor—
2016 4497 2059 4551 D
2089 4492 2287 4547 diebus
2342 4490 2544 4547 natalis
2586 4500 2644 4547 et
2695 4489 3062 4561 apparitionis
3122 4484 3209 4546 ac‘
3239 4487 3667 4544 illuminationis

404 4586 486 4633 tet
541 4588 724 4633 autem
769 4579 876 4635 hoc
916 4596 1135 4651 quoque
1202 4582 1260 4636 in
1312 4582 1434 4637 loco
1485 4581 1778 4647 adnotare,
1811 4572 1984 4653 'quod

402 4670 626 4743 quando
664 4688 791 4726 cum
824 4674 963 4728 coelo
1001 4674 1148 4728 Deus
1180 4672 1315 4729 fecit
1341 4681 1567 4739 terram,
1601 4690 1710 4730 non
1742 4676 1987 4745 appella-

404 4766 570 4820 batur
600 4766 772 4820 arida.
831 4763 1181 4836 Frugiferum
1220 4764 1371 4821 enim
1439 4781 1505 4820 ac
1556 4764 1795 4823 fertilem
1839 4768 1987 4825 Deus

404 4858 537 4913 fecit
572 4859 857 4912 hominem
891 4866 948 4912 et
972 4872 1085 4911 non
1111 4856 1347 4912 aridum.
1392 4856 1624 4924 Quando
1668 4868 1853 4915 autem
1883 4859 1988 4914 fuit

404 4948 674 5004 sulfucata
704 4964 735 5003 a
759 4948 1005 5004 tenebris
1027 4964 1151 5020 qua:
1172 4965 1339 5019 supra
1363 4965 1482 5005 eam
1510 4958 1689 5017 erant,
1707 4959 1764 5006 et
1785 4953 1944 5023 aquis
1970 4970 1998 5007 :.

404 5044 542 5109 tunc
589 5041 729 5096 facta
765 5047 851 5095 cst
885 5039 1037 5094 arida
1081 5048 1140 5094 ct
1169 5050 1406 5095 mortua.
1435 5040 1645 5096 Deinde
1683 5057 1802 5096 eam
1843 5043 1988 5097 Deus

406 5147 628 5186 rursum
677 5146 883 5186 vocans
910 5130 979 5185 ad
1031 5131 1312 5200 antiquam
1346 5132 1831 5194 illuminationem,
1863 5148 1984 5188 eam

405 5224 814 5279 transnominat
833 5233 891 5279 et
909 5225 962 5279 ci
981 5224 1165 5280 reddit
1184 5224 1424 5296 primum
1444 5240 1647 5280 nomen
1667 5242 1680 5279 :
1700 5226 1986 5295 etquando

403 5333 437 5373 a
475 5316 720 5372 tenebris
763 5316 879 5372 Deo
924 5317 1205 5387 apparuit,
1253 5315 1438 5372 statim
1470 5331 1590 5371 eam
1632 5316 1849 5373 voravit
1874 5325 1986 5372 ter-

404 5424 546 5474 ram,
582 5409 860 5479 quomodo
883 5409 1017 5464 dicit
1042 5409 1211 5480 869
1257 5408 1486 5464 historia
1511 5408 1660 5479 quod
1694 5408 1841 5464 Deus
1873 5410 1987 5464 ari-

405 5499 534 5555 dam
578 5500 795 5555 vocavit
836 5509 1041 5555 terram
1080 5518 1093 5555 :
1130 5508 1320 5571 utpotc
1351 5500 1498 5571 quod
1544 5501 1614 5555 ab
1644 5500 1985 5557 infertilitate

404 5591 477 5648 ad
515 5592 880 5660 fertilitatem,
933 5610 1035 5665 per
1069 5594 1354 5651 Christum
1389 5594 1458 5649 de
1502 5603 1703 5650 caetero
1753 5603 1983 5650 vocetur

404 5696 462 5740 et
497 5695 795 5741 renovetur
828 5688 1016 5742 homo.
1050 5688 1111 5743 Ei
1143 5696 1327 5741 autem
1370 5687 1516 5757 quod
1544 5686 1670 5742 dico
1697 5686 1804 5741 fert
1836 5688 1988 5744 testi-

408 5778 661 5833 monium
704 5779 969 5849 propheta
1016 5796 1236 5849 quoque
1287 5779 1341 5835 in
1388 5780 1598 5851 psalmo
1632 5781 1987 5851 nonagesimo

2087 4585 2337 4654 operitur
2365 4591 2424 4637 et
2464 4583 2871 4638 obtenebratur
2920 4581 3081 4650 aquis
3121 4590 3177 4636 et
3231 4579 3463 4651 caligine
3516 4586 3665 4635 terra

2084 4674 2322 4748 Egypti.
2349 4674 2580 4742 Quando
2614 4684 2798 4730 autem
2840 4673 3097 4729 Christus
3150 4674 3295 4728 Deus
3323 4672 3418 4726 lux
3473 4671 3663 4725 mundi

2087 4776 2251 4822 natus
2285 4776 2399 4822 est:
2430 4775 2486 4821 et
2536 4782 2602 4821 ex
2633 4765 2867 4837 praesepi
2915 4764 3222 4826 Bethleem,
3265 4764 3321 4818 in
3368 4762 3664 4835 (Egyptum

2086 4875 2213 4915 cum
2237 4875 2338 4914 sua
2395 4869 2566 4914 matre
2595 4858 2843 4930 fugiente
2880 4858 2952 4913 ab
2983 4857 3225 4924 Herode,
3257 4866 3509 4913 versatus
3542 4866 3661 4911 cst:

2087 4952 2271 5007 statim
2303 4959 2449 5006 terra
2514 4949 2732 5022 [Egypti
2785 4949 3084 5021 detegitur,
3113 4949 3343 5020 deponit
3382 4948 3662 5011 tenebras,

2086 5046 2241 5101 exuit
2272 5044 2561 5115 caliginem
2583 5045 2815 5111 erroris,
2836 5044 2982 5100 Solis
3006 5044 3236 5116 iustitia:
3257 5043 3444 5097 lumen
3462 5040 3662 5096 induit.

2088 5136 2350 5191 Versatus
2380 5138 2534 5191 enim.
2552 5146 2639 5192 est
2684 5152 2810 5192 cum
2842 5136 3068 5207 proprio
3101 5135 3261 5199 orbe,
3318 5148 3519 5204 nempe
3550 5145 3665 5186 ma-

2088 5238 2201 5285 tre:
2230 5238 2287 5285 ct
2311 5227 2481 5284 solvit
2502 5228 2783 5292 tenebras,
2832 5238 2889 5284 et
2939 5227 3113 5283 veluti
3171 5224 3449 5295 quoddam
3478 5223 3661 5277 velum

2088 5321 2288 5393 abiecit
2319 5337 2348 5375 a
2378 5336 2480 5377 suo
2508 5321 2684 5386 Vultu,
2722 5335 2924 5390 nempe
2945 5334 3103 5401 aquas
3133 5317 3483 5387 operculum,
3518 5322 3575 5368 ct
3606 5313 3661 5368 in

2087 5414 2366 5472 Christum
2395 5413 2819 5476 fixitoculos,ct
2874 5427 3001 5466 eum
3049 5408 3294 5481 agnovit,
3328 5406 3570 5462 adorans
3607 5413 3660 5460 ct

2089 5507 2479 5579 procumbens.
2511 5522 2673 5576 quem
2697 5506 2851 5575 prius
2876 5519 2986 5558 non
3011 5501 3376 5573 cognoscebat
3414 5501 3664 5570 (propter

2089 5600 2296 5669 erroris
2345 5600 2603 5653 tenebras
2653 5612 2776 5667 qua:
2819 5595 2871 5650 ei
2930 5587 3343 5665 impendebant)
3370 5598 3562 5662 operta
3594 5590 3662 5645 ab

2091 5670 2869 5759 aquisignoFantize.llcttcdit
2899 5694 3082 5740 autem
3129 5694 3185 5739 et
3237 5670 3664 5740 recurrithilus

2090 5798 2154 5835 ex
2174 5778 2406 5851 Aigypto
2440 5779 2495 5834 in
2527 5779 2722 5835 diebus
2781 5779 3052 5835 mensium
3099 5778 3418 5834 Decembris
3466 5789 3524 5833 et
3567 5776 3653 5832 Ja-
