4026 6140
464 328 565 391 837

456 551 585 589 cum
621 541 797 588 totum
824 539 1029 602 etpost
1059 530 1240 601 ipsum
1271 530 1493 595 crescit,
1520 542 1725 599 nempe
1763 529 1934 584 Julio.
1982 523 2043 582 lu

455 623 707 693 Augusto
763 629 952 676 autem
986 628 1044 694 et
1095 629 1211 675 toto
1278 619 1596 689 Septembri
1658 620 1838 674 instar
1871 620 2044 674 maris

457 714 737 771 inundans
797 713 1115 785 [Eg-ptum,
1172 713 1303 768 facit
1337 712 1705 784 navigabilem
1734 729 1858 783 quae
1887 712 2045 782 prius

455 807 849 889 eratarabilis.
888 807 1088 877 incipit
1116 815 1326 869 autem,
1356 816 1417 861 ut
1450 805 1664 860 dictum
1711 816 1816 870 est,
1850 805 2043 860 decre-

455 916 615 956 scere
662 901 719 955 in
765 899 997 955 Octobri
1043 907 1097 954 et
1130 900 1464 969 Novembri;
1510 900 1566 954 in
1613 914 1804 954 mense
1855 907 2040 954 autem

458 991 752 1049 Decembri
793 1000 849 1048 et
878 1001 993 1048 toto
1013 993 1299 1057 Januario,
1338 992 1593 1048 redditur
1637 992 1809 1062 priori
1858 993 2038 1046 alveo.

455 1087 688 1155 Quando
718 1102 850 1158 ergo
893 1097 1022 1142 ante
1053 1082 1264 1142 Christi
1314 1096 1499 1141 ortum
1552 1101 1673 1140 eam
1735 1085 2042 1140 viderimus

456 1180 669 1236 tristem
694 1187 751 1235 et
768 1180 1225 1250 caliginosam,ct
1252 1178 1575 1243 infertilem,
1594 1187 1651 1234 et
1680 1179 1735 1232 in
1761 1178 2041 1249 profundo

454 1274 799 1329 submersam
858 1280 915 1326 et
965 1271 1313 1336 inornatam;
1385 1270 1591 1325 deinde
1652 1278 1776 1339 post
1832 1268 2039 1325 Christi

453 1376 639 1422 ortum
670 1376 727 1422 et
750 1366 873 1437 ejus
918 1365 1293 1435 praesentiam,
1336 1363 1393 1418 in
1448 1363 1598 1418 omni
1656 1363 1779 1418 loco
1820 1362 2039 1433 Egypti

454 1461 640 1515 statim
676 1459 790 1514 ﬁeri
813 1473 1119 1521 recessum,
1159 1468 1215 1512 et
1243 1469 1446 1512 terram
1487 1456 1677 1511 ornari
1703 1465 1759 1512 et
1791 1456 2036 1526 irrigari,

453 1554 657 1625 gestire
689 1553 965 1624 regiones,
992 1552 1213 1607 densari
1250 1551 1503 1621 paludes,
1524 1566 1687 1622 agros
1701 1550 2036 1621 germinare,

451 1655 507 1699 et
535 1645 688 1699 vicos
748 1642 1430 1713 tanquamex-prol'undo
1467 1653 1738 1711 aquarum
1789 1641 2039 1695 detectos

451 1749 509 1792 ct
540 1738 595 1791 in
634 1737 808 1791 altum
860 1718 1172 1808 elatos-et
1222 1751 1397 1805 aquas
1443 1733 1885 1805 congregatasin
1917 1733 2033 1788 suis

452 1828 1015 1899 congregationibus,
1080 1844 1387 1898 earumque
1451 1828 1628 1883 fossas
1687 1838 1744 1883 et
1812 1827 2031 1891 ﬂuvios,

453 1922 620 1991 plane
648 1921 1032 1991 intelligamus
1055 1921 1283 1990 quando
1314 1902 1430 1975 haec
1482 1921 1603 1975 fieri
1630 1919 1939 1975 viderimus
1980 1920 2037 1974 in

451 2013 713 2085 Aigypto,
744 2013 894 2082 quod
924 2011 1166 2068 Verbum
1208 2013 1307 2068 Dei
1340 2013 1685 2067 incarnatum
1714 2012 1898 2083 ipsum
1919 2020 2040 2068 erat

453 2103 606 2175 quod
667 2104 725 2158 in
766 2104 1044 2174 principio
1094 2115 1183 2159 est
1238 2105 1670 2159 architectalum
1725 2112 2037 2160 creaturam

454 2194 580 2250 caeli
610 2203 667 2248 et
711 2204 910 2249 terrae:
954 2194 1252 2266 ipsumque
1280 2196 1336 2250 in
1361 2195 1599 2267 Egypto
1645 2206 1926 2251 versatum
1954 2205 2041 2251 est

455 2290 512 2343 in
542 2303 732 2353 carne,
779 2295 838 2342 et
894 2304 1019 2343 cum
1072 2304 1193 2344 eam
1253 2290 1489 2346 vidisset
1520 2291 1876 2346 tenebrosam
1919 2300 1977 2346 et
2006 2307 2037 2346 a

453 2381 696 2453 maligno
721 2382 1068 2446 sutl'oeatam,
1098 2384 1358 2438 clamavit
1382 2400 1447 2438 ex
1470 2393 1740 2454 potestate
1775 2394 2039 2453 tanquam

450 2474 621 2538 Deus,
650 2473 1407 2544 sicutaqulsmundanisita
1453 2474 1623 2529 etiam
1672 2473 2036 2546 Egyptiacis,

453 2566 646 2621 dicens
670 2567 1018 2636 quotannis,
1050 2577 1109 2622 et
1161 2583 1337 2637 usque
1384 2567 1452 2622 ad
1499 2568 2036 2623 consummationem

452 2667 578 2728 post
600 2658 705 2713 Nili
732 2674 1046 2722 ascensum,
1082 2668 1429 2730 congregetur
1458 2675 1601 2730 aqua
1634 2674 1754 2730 qua:
1775 2668 1847 2712 est
1873 2675 2039 2729 supra

455 2753 644 2820 faciem
692 2752 950 2808 universa:
983 2762 1142 2807 terra:
1187 2750 1404 2826 [Egypti
1472 2752 1524 2807 in
1584 2752 2041 2824 congregationcs

455 2860 605 2900 suas.
630 2846 877 2901 Rursus:
917 2855 1181 2917 appareat
1207 2856 1378 2913 terra,
1404 2855 1463 2901 ut
1494 2847 1587 2917 qui
1616 2847 1729 2918 jam
1755 2847 1889 2901 olim
1917 2844 2041 2915 qui-

456 2937 582 2991 dem
634 2938 868 3007 spiritus
894 2940 1104 2993 erroris
1135 2939 1438 3009 increparit
1465 2949 1521 2993 et
1546 2954 1642 2993 eos
1669 2937 1904 3010 .ﬁgvpto
1940 2953 2038 2992 ex-

455 3029 678 3099 pulerit,
707 3043 855 3082 nunc
881 3038 1066 3084 autem
1088 3030 1140 3084 in
1176 3041 1424 3101 tempore
1456 3020 1579 3100 ejus
1626 3046 1798 3099 aquas
1844 3030 2040 3085 fecerit

1688 318 1749 384 S.
1788 317 2192 387 ANASTASII
2230 331 2557 394 SINAITAB

458 442 661 497 nuarii.
695 439 898 509 Incipit
932 439 1085 493 enim
1149 436 1324 493 ﬂuere
1389 452 1580 492 mense
1624 436 1823 493 Iunio:
1854 445 1911 491 et
1946 451 2044 505 per
2077 446 2115 497 Α
2148 441 2305 508 prius
2338 443 2452 498 dixi

3623 332 3725 398 888

2491 461 2504 498 :
2544 460 2646 515 per
2685 445 2874 500 omnia
2926 462 3050 518 qua:
3091 452 3224 501 sunt
3289 458 3458 517 supra
3513 450 3714 503 terram

2145 537 2268 604 ejus
2298 532 2637 592 ineffabilem
2676 520 2946 593 discimus
2978 538 3330 608 sapientiam.
3371 536 3527 593 Unde
3578 547 3724 594 stans

2148 628 2201 681 in
2233 630 2528 699 prtesentia
2558 632 2612 685 in
2647 647 2920 702 aquarum
2959 632 3317 695 tractatione,
3357 640 3413 685 et
3460 631 3723 701 obstupe-

2145 740 2339 779 sceus:
2368 742 2473 781 nec
2509 728 2679 783 malas
2702 728 2929 798 quidem
2972 744 3037 783 ac
3060 728 3369 782 metallicas
3393 742 3719 797 amarasque

2143 827 2199 871 et
2248 818 2631 876 abhorrendas
2652 824 2970 892 aquas'quze
2992 823 3078 876 vel
3094 821 3162 876 ad
3183 837 3435 891 saporem
3457 828 3724 877 accedunt

2144 908 2456 975 bituminis,
2491 913 2577 967 vel
2631 913 2777 976 teris,
2806 913 2889 966 vel
2919 913 3158 982 alicujus
3200 912 3408 968 mctalli
3456 911 3523 966 ad
3578 911 3722 981 quod

2144 1012 2376 1057 nonest
2429 1005 2617 1058 sensui
2667 1016 2947 1068 aCCCSSUS,
2992 1004 3164 1059 credo
3214 1004 3389 1059 factas
3425 1019 3547 1059 esse
3571 1015 3718 1057 extra

2143 1092 2241 1148 Dei
2274 1095 2628 1165 mysterium:
2656 1095 2751 1151 sed
2788 1095 2957 1150 credo
2989 1111 3085 1150 eas
3115 1105 3365 1164 spectare
3396 1096 3461 1148 ad
3490 1095 3720 1165 profun-

2140 1186 2271 1240 dum
2300 1186 2526 1256 aliquod
2557 1189 2893 1257 exemplum,
2924 1197 2981 1242 et
3012 1203 3113 1242 nos
3145 1188 3347 1244 docere
3380 1188 3526 1257 quod
3554 1197 3718 1241 to‘tam

2142 1277 2371 1346 quidem
2404 1294 2626 1348 aquam,
2668 1295 2866 1350 nempe
2910 1295 3085 1349 genus
3127 1279 3454 1340 humanum,
3489 1279 3635 1333 Deus
3669 1278 3721 1332 in

2143 1369 2425 1440 principio
2464 1387 2630 1425 unam
2664 1373 2864 1426 bonam
2893 1386 3092 1442 aquam
3118 1372 3271 1435 fecit,
3301 1373 3468 1426 unius
3492 1381 3720 1436 naturai,

2143 1463 2308 1517 unius
2325 1462 2683 1532 epe’rationis,
2712 1464 2877 1519 unius
2897 1465 3215 1534 potestatis,
3243 1464 3482 1518 similem
3502 1474 3558 1517 et
3586 1463 3723 1517 indi-

2142 1554 2402 1609 viduam:
2444 1556 2565 1613 sedc
2609 1572 2732 1626 qua:
2767 1568 2852 1611 est
2888 1556 2941 1610 in
2972 1572 3101 1611 aere
3130 1556 3405 1626 operatio,
3453 1568 3722 1623 terrasque

2143 1646 2362 1701 diversa
2413 1656 2795 1718 temperatura
2847 1656 2905 1701 et
2935 1648 3191 1717 qualitas,
3242 1647 3331 1702 vel
3390 1646 3724 1716 salsuginem

2145 1740 2424 1804 redoleas,
2457 1741 2544 1794 vel
2577 1741 2905 1811 aeruginem,
2932 1739 3019 1793 vel
3069 1739 3308 1809 aliquem
3333 1738 3501 1792 alium
3538 1738 3725 1790 insua-

2146 1850 2270 1888 vem
2304 1848 2371 1887 ex
2399 1833 2639 1888 metallis
2691 1832 2947 1896 odorem,
3015 1848 3213 1902 aquam
3249 1838 3429 1885 mutat
3468 1829 3534 1883 ad
3569 1843 3723 1883 suam

2144 1926 2546 1996 proprietatem
2571 1944 2583 1978 :
2605 1925 2677 1979 ita
2709 1908 2933 1979 morum
2963 1940 3085 1994 qua:
3120 1931 3205 1978 est
3241 1924 3297 1977 in
3324 1922 3461 1977 locis
3490 1916 3724 1975 diversis

2145 2027 2227 2074 tas
2280 2034 2453 2089 genus
2481 1998 2808 2081 humanum,
2859 2016 3009 2087 quod
3041 2025 3124 2071 est
3169 2015 3473 2077 unum,,in
3524 2015 3724 2068 multas

2143 2108 2323 2165 secuit
2384 2106 2708 2161 divisiones.
2765 2104 2897 2160 Mihi
2929 2114 3114 2160 autem
3152 2104 3401 2173 intellige
3450 2116 3651 2171 aquam
3693 2114 3721 2153 a

2144 2203 2257 2258 Deo
2282 2209 2552 2266 creatam,
2605 2199 2935 2255 catholicam
2992 2198 3156 2252 ﬁdem
3216 2196 3507 2256 veritatis,
3560 2209 3723 2264 quam

2142 2293 2288 2349 Deus
2316 2292 2451 2349 fecit
2470 2292 2544 2361 ab
2572 2290 2756 2346 initio.
2780 2290 2929 2345 Malae
2954 2299 3138 2345 autem
3170 2303 3361 2343 rursus
3388 2295 3519 2341 sunt
3547 2302 3720 2355 aqute,

2142 2386 2487 2456 impurarum
2521 2385 2794 2439 hzeresum
2831 2382 3334 2452 disciplintezquas
3359 2380 3609 2441 acr.hoc
3642 2386 3723 2434 est

2147 2479 2328 2533 malus
2358 2478 2621 2548 princeps
2650 2490 2797 2532 aeris
2824 2476 3102 2537 diabolus,
3147 2482 3205 2529 et
3257 2473 3594 2535 amaricans,
3631 2487 3722 2526 seu

2142 2573 2210 2628 ad
2235 2571 2525 2628 bituminis
2582 2569 2853 2625 ardorem
2875 2568 3149 2623 accedens
3182 2582 3278 2622 cor
3316 2565 3722 2636 terrigenarum

2141 2658 2430 2721 hominum
2460 2664 2610 2735 quod
2651 2651 2795 2733 sapit
2830 2662 3136 2724 terrestria,
3181 2660 3372 2729 genuit
3396 2669 3455 2714 et
3492 2674 3728 2713 conver-

2143 2757 2229 2820 tit,
2279 2764 2441 2811 ct~ex
2494 2755 2640 2809 bona
2691 2753 2890 2806 malam
2944 2752 3077 2807 fecit
3134 2750 3295 2805 fidem
3332 2750 3723 2819 alteravitque.

2140 2846 2298 2913 Quod
2325 2845 2553 2916 quidem
2606 2844 2814 2898 factum
2863 2850 2950 2898 est
3006 2843 3175 2897 etiam
3209 2842 3265 2895 in
3314 2841 3475 2911 aquis
3528 2842 3725 2894 maris.

2141 2938 2289 2993 Deus
2320 2939 2469 2991 enim
2502 2937 2572 2991 ab
2605 2936 2768 2992 initio
2816 2935 2999 3006 ipsum
3053 2934 3184 2988 fecit
3210 2948 3406 3003 aquam
3461 2932 3687 2988 dulcem
3717 2947 3730 2983 :

2142 3038 2413 3084 mutatum
2440 3038 2524 3084 est
2550 3037 2735 3083 autem
2763 3036 3041 3097 tempore,
3063 3026 3131 3081 ab
3163 3041 3292 3080 aere
3345 3033 3401 3079 et
3434 3024 3729 3080 elementis

460 3132 799 3193 I'ustagnare;
828 3134 885 3177 ut
911 3131 967 3178 et
992 3123 1119 3178 eiet
1147 3125 1310 3179 nobis
1349 3136 1571 3180 revocet
1600 3125 1653 3178 in
1711 3116 2035 3181 memoriam
2068 3145 2109 3202 α
2147 3124 2415 3180 efleetum
2453 3123 2660 3178 salsum
2693 3122 2881 3177 divina
2924 3114 3312 3190 permissione,
3365 3116 3727 3187 prtetigurans

456 3215 604 3284 quod
660 3216 775 3285 ipsc
804 3225 898 3271 est
935 3216 1128 3271 mundi
1165 3218 1425 3274 conditor
1454 3219 1546 3288 qui
1589 3234 1709 3272 eam
1735 3234 1764 3273 ιι
1784 3218 2036 3273 tenebris

455 3318 720 3362 vterrorc
770 3308 1054 3363 liberavit.
1099 3308 1233 3363 Nam
1264 3309 1309 3364 si
1340 3309 1394 3363 in
1420 3309 1692 3379 sapientia
1739 3309 1871 3364 fecit
1901 3306 2039 3364 Ver-

455 3402 586 3453 bum
620 3400 737 3464 Dei,
762 3401 897 3455 nihil
932 3401 1063 3456 fecit
1099 3392 1486 3474 intempestive
1510 3411 1565 3457 et
1594 3418 1703 3456 non
1731 3400 1839 3456 nisi
1887 3411 2041 3456 certo

456 3508 623 3563 scopo
645 3493 750 3548 sibi
774 3495 1095 3564 proposito:
1123 3504 1197 3559 et,
1223 3496 1267 3550 si
1292 3480 1482 3549 omnia
1518 3503 1737 3565 potest,
1767 3486 1878 3549 non
1919 3489 2042 3550 erat

456 3586 602 3639 Deus
639 3585 1014 3654 omnipotens,
1046 3585 1323 3656 impotens
1347 3584 1497 3640 sicut
1559 3585 1872 3640 universam
1922 3593 2039 3639 ter-

458 3695 573 3732 ram
614 3679 688 3734 ita
724 3678 890 3732 etiam
922 3677 1217 3749 [Egyptum
1251 3678 1590 3734 cmlestibus-
1614 3677 1888 3732 imbribus
1912 3676 2039 3729 irri-

454 3786 614 3838 gare:
671 3786 833 3840 quam
885 3771 1050 3824 etiam
1107 3771 1239 3825 fecit
1292 3770 1465 3841 magis
1508 3783 1811 3824 concavam
1871 3784 2037 3838 quam

457 3872 627 3919 totam
669 3872 871 3918 terram
919 3880 1044 3933 qua:
1094 3873 1179 3919 est
1211 3864 1316 3919 sub
1369 3863 1531 3927 coelo,
1581 3870 1642 3916 ut
1686 3862 1889 3917 docent
1941 3859 2038 3931 qui

457 3956 882 4027 descripserunt
919 3965 1194 4012 terrarum
1238 3955 1429 4009 tnundi
1462 3954 1888 4024 descriptiones.
1929 3951 2038 4007 Sed

457 4065 526 4104 ne
573 4050 770 4116 rideat,
800 4066 923 4120 qum
945 4050 1232 4112 dicuntur,
1275 4048 1771 4118 iusipieutissimus
1792 4047 2034 4102 auditor:

457 4141 648 4196 credat
677 4152 861 4197 autem
887 4141 937 4197 ei
961 4142 1053 4212 qui
1086 4142 1224 4196 dicit
1250 4125 1401 4211 quod
1428 4140 1566 4195 Dens
1620 4142 1800 4194 omnia
1831 4140 1952 4210 fecit
1982 4142 2038 4194 in

456 4237 744 4307 sapientia.
773 4234 1012 4291 Omnino
1050 4235 1198 4290 enim
1232 4235 1524 4290 nobiscum
1576 4234 1861 4299 fateberis,
1889 4235 2038 4304 quod

457 4326 525 4383 ad
559 4326 990 4383 admonitionem
1020 4327 1242 4397 pictatis
1262 4337 1318 4381 ct
1348 4326 1511 4382 fidem
1544 4326 1852 4382 faciendam
1874 4342 2039 4380 mun-

457 4418 513 4472 di
545 4418 866 4481 ereationis,
894 4418 1039 4473 Deus
1064 4418 1120 4472 in
1148 4415 1382 4489 Egypto
1437 4418 1632 4472 statuit
1661 4417 1767 4473 hoc
1800 4417 2039 4472 miracu-

2143 3235 2207 3274 ac
2233 3219 2388 3289 prius
2444 3217 2771 3272 describens
2832 3214 3063 3270 humani
3115 3212 3284 3268 maris
3332 3212 3721 3275 mutationem,

2141 3300 2383 3381 quod-ex
2412 3310 2621 3365 virtute
2643 3322 2728 3364 est
2784 3316 3114 3363 conversum
3153 3307 3207 3359 in
3243 3305 3449 3359 salsum
3507 3304 3721 3365 vitium,

2142 3403 2290 3475 quod
2322 3403 2577 3459 Christus
2608 3401 2843 3457 mutavit
2877 3400 2934 3454 in
2996 3398 3196 3453 melius
3222 3413 3323 3467 per
3354 3412 3508 3451 mare
3543 3394 3722 3466 bapti-

2142 3492 2355 3554 smatis.
2970 3494 2983 3509 ‘
3262 3486 3278 3496 ’

2213 3591 2282 3645 Et
2324 3590 2465 3644 dixit
2499 3588 2660 3654 Deus,
2686 3588 2960 3646 Cerminet
2992 3595 3138 3641 terra
3167 3584 3386 3641 herbam
3420 3585 3535 3654 feni
3567 3577 3723 3638 semi-

2141 3703 2278 3739 nans
2319 3668 2494 3738 semen
2551 3683 2839 3737 secundum
2900 3698 3064 3753 genus
3102 3689 3153 3733 et
3199 3677 3626 3733 similitudinem.
3666 3675 3721 3729 In

2142 3778 2229 3835 his
2258 3790 2478 3847 quoque
2504 3789 2699 3828 rursus
2726 3772 2954 3827 minime
2985 3784 3335 3840 consequens
3363 3777 3420 3822 et
3459 3767 3571 3821 sibi
3616 3779 3723 3819 non

2142 3870 2521 3933 consentiens,
2555 3869 2599 3922 si
2655 3868 2900 3922 litteram
2959 3874 3201 3936 spectes,
3269 3860 3498 3915 videtur
3556 3855 3723 3912 dictio

2142 3964 2462 4034 Scriptum.
2524 3963 2657 4018 Nam
2710 3961 2946 4030 loquens
2981 3958 3036 4012 in
3088 3955 3357 4011 feminino
3404 3968 3614 4024 genere
3660 3964 3723 4004 ex

2142 4057 2329 4128 regula
2360 4055 2869 4127 grammaticorum,
2908 4052 3074 4106 desiit
3114 4049 3167 4103 in
3202 4057 3484 4121 neutrum,
3518 4045 3722 4103 Cermi-

2142 4160 2226 4204 net
2278 4149 2449 4211 enim,
2487 4148 2690 4217 inquit.
2741 4155 2884 4199 terra
2915 4143 3134 4199 herbam
3183 4142 3290 4211 feni
3337 4139 3636 4193 seminans.
3667 4133 3722 4191 Si

2140 4258 2273 4312 ergo
2316 4240 2383 4295 ad
2444 4238 2674 4293 herbam
2733 4237 3042 4291 deducatur
3096 4232 3461 4288 seminantem
3511 4242 3719 4290 semen,

2142 4341 2289 4388 recte
2332 4332 2537 4386 habet:
2580 4331 2665 4385 sin
2715 4328 2898 4395 autem
2926 4325 2993 4380 ad
3048 4325 3174 4396 feni,
3212 4323 3367 4378 dicas
3397 4318 3717 4379 convenire,

2143 4426 2413 4481 seminans
2435 4441 2633 4478 semen.
2680 4420 2967 4491 Scriptura
2998 4418 3323 4486 relinquens
3345 4416 3492 4469 hanc
3522 4426 3717 4468 conse-

456 4512 573 4567 lum
617 4528 882 4568 ascensus
931 4518 1201 4581 nullarum
1229 4522 1284 4566 et
1329 4527 1521 4566 carum
1554 4510 1610 4565 in
1650 4526 1812 4565 suum
1853 4511 2037 4565 locum
2071 4491 2116 4548 θ
2144 4515 2448 4586 quentiam,
2476 4512 2632 4576 dicit,
2660 4496 2944 4566 Seminans
2994 4525 3169 4562 semen
3205 4497 3501 4583 secundum
3535 4518 3714 4575 genus.

458 4602 816 4659 reversionis.
843 4601 1130 4667 Quomodo
1158 4617 1353 4656 rursus
1410 4600 1466 4655 in
1523 4601 1778 4657 finitimis
1823 4603 1892 4655 iis
1919 4618 2042 4672 qua:

460 4693 515 4747 in
551 4694 836 4764 Pentapoli
866 4694 1164 4748 Barbaries
1191 4693 1456 4749 dicuntur
1475 4694 1652 4766 Adyta
1680 4694 1853 4764 super
1871 4710 2042 4764 aquas

458 4785 639 4839 fertur
702 4793 848 4839 terra
897 4785 1235 4841 convineeus
1300 4784 1618 4840 incredulos
1672 4784 1820 4856 quod
1874 4768 2042 4854 super

460 4892 633 4946 aquas
653 4892 820 4946 supra
866 4888 1122 4932 naturam
1150 4878 1297 4933 Deus
1343 4895 1564 4950 gravem
1604 4879 1899 4949 suspendit
1928 4889 2040 4934 ter-

460 4983 613 5023 ram:
642 4968 788 5038 quod
820 4968 959 5038 lapis
1002 4985 1031 5024 a
1071 4978 1254 5025 monte
1286 4970 1570 5027 abscissus
1600 4972 1723 5041 ipse
1760 4963 2042 5043 angularis

458 5058 733 5123 Christus,
765 5067 910 5114 terra
947 5061 1187 5131 genitam
1227 5069 1475 5116 nostram
1508 5063 1807 5119 essentiam
1860 5062 2040 5118 admi-

459 5152 710 5207 rabiliter
735 5153 963 5209 extollet
985 5170 1153 5224 supra
1184 5170 1377 5224 aquas,
1410 5155 1673 5212 videlicet
1723 5174 1889 5229 supra
1929 5174 2039 5211 cm-

458 5249 560 5303 los.
605 5246 877 5303 Similiter
899 5247 1064 5302 etiam
1094 5247 1147 5301 in
1174 5247 1457 5303 montibus
1494 5248 1676 5320 Lyciae
1719 5249 1811 5320 qui
1843 5249 2040 5303 dicun-

461 5351 573 5406 tur,
610 5357 752 5410 aqua
782 5349 835 5394 et
870 5341 1011 5411 ignis
1033 5342 1197 5396 simul
1226 5350 1453 5404 coeunt,
1479 5358 1581 5397 nos
1615 5342 1881 5397 docentes
1901 5341 2042 5395 indi-

457 5431 678 5486 viduam
697 5432 901 5488 Christi
936 5432 1243 5487 divinitatis
1270 5441 1327 5488 et
1363 5433 1726 5489 humanitatis
1752 5433 2041 5488 unionem.

459 5523 594 5579 Nam
628 5526 674 5580 si
714 5535 800 5580 est
826 5521 1021 5581 natura
1057 5527 1329 5598 sapientia
1361 5536 1417 5582 et
1448 5528 1609 5583 dator
1644 5526 1953 5598 sapientiae,
1984 5534 2044 5579 et

458 5620 511 5673 iu
583 5616 852 5686 sapientia
915 5618 1098 5673 omnia
1134 5618 1267 5673 fecit
1312 5621 1457 5674 Deus
1507 5620 1678 5677 Filius
1738 5620 1859 5687 Dei,
1895 5619 2079 5675 sicut-

529 5793 548 5819 ’
594 5793 781 5851 Matth.
808 5815 920 5865 xm,
954 5802 1021 5867 3;
1056 5802 1191 5858 Luc.
1228 5820 1339 5870 vnr,
1399 5807 1451 5859 ὅ.

2140 4608 2362 4662 videtur
2394 4614 2579 4660 autem
2613 4603 2749 4658 mihi
2790 4618 2912 4657 esse
2966 4601 3162 4654 harum
3211 4614 3400 4653 rerum
3445 4593 3718 4667 ejusmodi

2138 4698 2559 4770 consequentia,
2583 4706 2643 4751 ut
2673 4696 2841 4754 illud:
2872 4694 3136 4751 Germinet
3166 4692 3388 4762 quidem
3432 4690 3721 4747 terrenar-

2140 4793 2262 4848 bam
2311 4792 2420 4863 feni
2494 4791 2712 4845 dicatur
2761 4805 2789 4844 a
2847 4786 2957 4843 Deo
3016 4787 3084 4841 ad
3140 4785 3353 4841 animas
3404 4782 3715 4839 infertiles:

2142 4884 2280 4939 illud
2342 4893 2526 4938 autem
2576 4882 2901 4935 :seminans
2956 4895 3136 4934 semen
3194 4877 3487 4931 secundum
3524 4884 3715 4946 genus:

2141 4974 2309 5046 870
2338 4972 2726 5028 videturvmihi
2782 4970 2931 5041 quod
2980 4971 3126 5025 Deus
3168 4969 3324 5039 jubet
3370 4968 3545 5033 choro
3587 4979 3717 5035 apo-

2143 5066 2434 5120 stolorum.
2489 5063 2646 5119 Unde
2677 5071 2802 5134 post
2851 5062 2971 5133 ejus
3021 5061 3255 5123 exitum,
3293 5058 3395 5130 qui
3431 5067 3519 5112 est
3567 5071 3595 5109 a
3623 5054 3718 5108 Pa-

2143 5170 2225 5214 tre
2285 5156 2693 5228 inseparabilis.
2756 5155 2979 5210 dicebat
3027 5153 3095 5208 de
3147 5154 3374 5223 seipse,
3429 5148 3581 5204 Exiit
3633 5161 3714 5216 qm

2116 5255 2390 5317 iseminat,
2438 5251 2506 5305 ad
2569 5249 2944 5304 seminandum
3006 5248 3254 5310 semen’,
3318 5243 3716 5307 verbi,secun-

2141 5343 2271 5397 dum
2325 5352 2569 5413 gentem,
2609 5350 2671 5395 ct
2704 5338 3009 5395 secundum
3050 5339 3331 5409 regionem
3386 5336 3440 5390 in
3498 5335 3712 5389 univcr—

2141 5452 2199 5491 sa
2229 5444 2373 5490 terra
2410 5450 2532 5505 quae
2562 5433 2715 5504 prius
2766 5432 3072 5487 vocabatur
3102 5430 3296 5485 arida:
3351 5443 3521 5497 super
3558 5435 3712 5495 quam

2141 5527 2468 5591 descendit,
2525 5534 2784 5595 tanquam
2859 5523 3047 5593 pluvia
3111 5537 3279 5593 super
3339 5517 3540 5581 vellus,
3588 5515 3713 5567 Ver-

2143 5620 2275 5675 bum
2337 5619 2433 5675 Dci
2487 5634 2610 5675 eam
2678 5616 2963 5673 seminans
3033 5624 3090 5671 et
3138 5615 3385 5671 dicens:
3455 5605 3713 5666 Gcrminct

2675 5741 2693 5770 I
