  <div class='ocr_page' id='page_1' title='image "/cluster/home/n/w/nwhite01/storage/ocr_20150623/89/mdp.39015008868328/472.png"; bbox 0 0 4026 6140; ppageno 0'>
   <div class='ocr_carea' id='block_1_1' title="bbox 419 309 525 375">
    <p class='ocr_par' dir='ltr' id='par_1_1' title="bbox 419 309 525 375">
     <span class='ocr_line' id='line_1_1' title="bbox 419 309 525 375; baseline 0.009 -1"><span class='ocrx_word' id='word_1_1' title='bbox 419 309 525 375; x_wconf 78' lang='lat'><strong>889</strong></span> 
     </span>
    </p>
   </div>
   <div class='ocr_carea' id='block_1_2' title="bbox 1513 321 2597 391">
    <p class='ocr_par' dir='ltr' id='par_1_2' title="bbox 1513 321 2597 391">
     <span class='ocr_line' id='line_1_2' title="bbox 1513 321 2597 391; baseline 0.006 -9"><span class='ocrx_word' id='word_1_2' title='bbox 1513 321 1595 383; x_wconf 73' lang='grc' dir='ltr'><strong>ΙΝ</strong></span> <span class='ocrx_word' id='word_1_3' title='bbox 1635 325 2185 389; x_wconf 68' lang='grc' dir='ltr'><strong>ΗΕΧΑΕΜΕΗΟΝ-</strong></span> <span class='ocrx_word' id='word_1_4' title='bbox 2219 354 2285 363; x_wconf 90' lang='grc'><strong>-</strong></span> <span class='ocrx_word' id='word_1_5' title='bbox 2310 324 2456 390; x_wconf 82' lang='lat' dir='ltr'><strong>LIB.</strong></span> <span class='ocrx_word' id='word_1_6' title='bbox 2501 326 2597 391; x_wconf 75' lang='lat' dir='ltr'><strong>IV.</strong></span> 
     </span>
    </p>
   </div>
   <div class='ocr_carea' id='block_1_3' title="bbox 3584 333 3699 400">
    <p class='ocr_par' dir='ltr' id='par_1_3' title="bbox 3584 333 3699 400">
     <span class='ocr_line' id='line_1_3' title="bbox 3584 333 3699 400; baseline 0 -1"><span class='ocrx_word' id='word_1_7' title='bbox 3584 333 3699 400; x_wconf 80' lang='lat'><strong>890</strong></span> 
     </span>
    </p>
   </div>
   <div class='ocr_carea' id='block_1_4' title="bbox 416 424 3686 513">
    <p class='ocr_par' dir='ltr' id='par_1_4' title="bbox 416 424 3686 513">
     <span class='ocr_line' id='line_1_4' title="bbox 416 424 3686 513; baseline 0.006 -33"><span class='ocrx_word' id='word_1_8' title='bbox 416 436 560 481; x_wconf 79' lang='lat' dir='ltr'><strong>terra</strong></span> <span class='ocrx_word' id='word_1_9' title='bbox 590 424 821 483; x_wconf 77' lang='lat' dir='ltr'><strong>humani</strong></span> <span class='ocrx_word' id='word_1_10' title='bbox 844 427 1050 487; x_wconf 85' lang='lat' dir='ltr'><strong>cordis.</strong></span> <span class='ocrx_word' id='word_1_11' title='bbox 1086 435 1148 485; x_wconf 91' lang='lat' dir='ltr'><strong>ut</strong></span> <span class='ocrx_word' id='word_1_12' title='bbox 1173 445 1295 499; x_wconf 78' lang='lat' dir='ltr'><strong>qua:</strong></span> <span class='ocrx_word' id='word_1_13' title='bbox 1324 445 1435 487; x_wconf 92' lang='lat' dir='ltr'><strong>non</strong></span> <span class='ocrx_word' id='word_1_14' title='bbox 1458 447 1608 490; x_wconf 89' lang='lat' dir='ltr'><strong>esset</strong></span> <span class='ocrx_word' id='word_1_15' title='bbox 1654 436 1811 506; x_wconf 90' lang='lat' dir='ltr'><strong>prius</strong></span> <span class='ocrx_word' id='word_1_16' title='bbox 1839 438 1996 493; x_wconf 89' lang='lat' dir='ltr'><strong>arida</strong></span> <span class='ocrx_word' id='word_1_17' title='bbox 2026 446 2069 500; x_wconf 84' lang='lat' dir='ltr'><strong>A</strong></span> <span class='ocrx_word' id='word_1_18' title='bbox 2101 444 2320 513; x_wconf 88' lang='lat' dir='ltr'><strong>(nempe</strong></span> <span class='ocrx_word' id='word_1_19' title='bbox 2354 442 2499 497; x_wconf 90' lang='lat' dir='ltr'><strong>bona</strong></span> <span class='ocrx_word' id='word_1_20' title='bbox 2529 446 2698 509; x_wconf 83' lang='lat' dir='ltr'><strong>terra)</strong></span> <span class='ocrx_word' id='word_1_21' title='bbox 2727 438 2963 510; x_wconf 90' lang='lat' dir='ltr'><strong>primum</strong></span> <span class='ocrx_word' id='word_1_22' title='bbox 3008 438 3233 510; x_wconf 88' lang='lat' dir='ltr'><strong>quidem</strong></span> <span class='ocrx_word' id='word_1_23' title='bbox 3282 440 3509 497; x_wconf 89' lang='lat' dir='ltr'><strong>herbam</strong></span> <span class='ocrx_word' id='word_1_24' title='bbox 3551 442 3686 509; x_wconf 90' lang='lat' dir='ltr'><strong>feni,</strong></span> 
     </span>
    </p>
   </div>
   <div class='ocr_carea' id='block_1_5' title="bbox 423 520 1996 601">
    <p class='ocr_par' dir='ltr' id='par_1_5' title="bbox 423 520 1996 601">
     <span class='ocr_line' id='line_1_5' title="bbox 423 520 1996 601; baseline 0.007 -27"><span class='ocrx_word' id='word_1_25' title='bbox 423 534 477 574; x_wconf 79' lang='lat' dir='ltr'><strong>In</strong></span> <span class='ocrx_word' id='word_1_26' title='bbox 508 520 683 590; x_wconf 85' lang='lat' dir='ltr'><strong>priori</strong></span> <span class='ocrx_word' id='word_1_27' title='bbox 733 521 1117 580; x_wconf 84' lang='lat' dir='ltr'><strong>infertilitate:</strong></span> <span class='ocrx_word' id='word_1_28' title='bbox 1184 526 1280 582; x_wconf 89' lang='lat' dir='ltr'><strong>sed</strong></span> <span class='ocrx_word' id='word_1_29' title='bbox 1325 527 1599 598; x_wconf 79' lang='lat' dir='ltr'><strong>germinet</strong></span> <span class='ocrx_word' id='word_1_30' title='bbox 1645 529 1913 601; x_wconf 84' lang='lat' dir='ltr'><strong>deinceps</strong></span> <span class='ocrx_word' id='word_1_31' title='bbox 1940 540 1996 585; x_wconf 91' lang='lat' dir='ltr'><strong>et</strong></span> 
     </span>
    </p>
   </div>
   <div class='ocr_carea' id='block_1_6' title="bbox 419 614 1996 686">
    <p class='ocr_par' dir='ltr' id='par_1_6' title="bbox 419 614 1996 686">
     <span class='ocr_line' id='line_1_6' title="bbox 419 614 1996 686; baseline 0.006 -18"><span class='ocrx_word' id='word_1_32' title='bbox 419 614 616 670; x_wconf 73' lang='lat' dir='ltr'><strong>ﬂoreat</strong></span> <span class='ocrx_word' id='word_1_33' title='bbox 681 624 946 686; x_wconf 87' lang='lat' dir='ltr'><strong>tanquam</strong></span> <span class='ocrx_word' id='word_1_34' title='bbox 993 618 1193 683; x_wconf 91' lang='lat' dir='ltr'><strong>lilium,</strong></span> <span class='ocrx_word' id='word_1_35' title='bbox 1238 626 1301 673; x_wconf 90' lang='lat' dir='ltr'><strong>ut</strong></span> <span class='ocrx_word' id='word_1_36' title='bbox 1350 635 1464 676; x_wconf 88' lang='lat' dir='ltr'><strong>non</strong></span> <span class='ocrx_word' id='word_1_37' title='bbox 1512 622 1751 678; x_wconf 74' lang='lat' dir='ltr'><strong>suﬂocet</strong></span> <span class='ocrx_word' id='word_1_38' title='bbox 1804 639 1996 678; x_wconf 91' lang='lat' dir='ltr'><strong>semen</strong></span> 
     </span>
    </p>
   </div>
   <div class='ocr_carea' id='block_1_7' title="bbox 417 707 1996 785">
    <p class='ocr_par' dir='ltr' id='par_1_7' title="bbox 417 707 1996 785">
     <span class='ocr_line' id='line_1_7' title="bbox 417 707 1996 785; baseline 0.006 -25"><span class='ocrx_word' id='word_1_39' title='bbox 417 707 718 762; x_wconf 90' lang='lat' dir='ltr'><strong>multitudo</strong></span> <span class='ocrx_word' id='word_1_40' title='bbox 784 710 1091 776; x_wconf 78' lang='lat' dir='ltr'><strong>spinarum:</strong></span> <span class='ocrx_word' id='word_1_41' title='bbox 1154 711 1529 768; x_wconf 81' lang='lat' dir='ltr'><strong>Recesserunt</strong></span> <span class='ocrx_word' id='word_1_42' title='bbox 1582 715 1823 769; x_wconf 68' lang='lat' dir='ltr'><strong>tenebras</strong></span> <span class='ocrx_word' id='word_1_43' title='bbox 1872 731 1996 785; x_wconf 83' lang='lat' dir='ltr'><strong>quae</strong></span> 
     </span>
    </p>
   </div>
   <div class='ocr_carea' id='block_1_8' title="bbox 421 800 1994 878">
    <p class='ocr_par' dir='ltr' id='par_1_8' title="bbox 421 800 1994 878">
     <span class='ocr_line' id='line_1_8' title="bbox 421 800 1994 878; baseline 0.006 -25"><span class='ocrx_word' id='word_1_44' title='bbox 421 800 574 869; x_wconf 88' lang='lat' dir='ltr'><strong>prius</strong></span> <span class='ocrx_word' id='word_1_45' title='bbox 598 812 761 855; x_wconf 82' lang='lat' dir='ltr'><strong>erant</strong></span> <span class='ocrx_word' id='word_1_46' title='bbox 810 804 980 870; x_wconf 78' lang='lat' dir='ltr'><strong>super</strong></span> <span class='ocrx_word' id='word_1_47' title='bbox 1007 818 1126 857; x_wconf 90' lang='lat' dir='ltr'><strong>eam</strong></span> <span class='ocrx_word' id='word_1_48' title='bbox 1166 820 1179 857; x_wconf 88' lang='lat'><strong>:</strong></span> <span class='ocrx_word' id='word_1_49' title='bbox 1208 821 1362 874; x_wconf 65' lang='lat' dir='ltr'><strong>aquae</strong></span> <span class='ocrx_word' id='word_1_50' title='bbox 1394 816 1523 860; x_wconf 89' lang='lat' dir='ltr'><strong>sunt</strong></span> <span class='ocrx_word' id='word_1_51' title='bbox 1562 817 1910 878; x_wconf 76' lang='lat' dir='ltr'><strong>congregata:</strong></span> <span class='ocrx_word' id='word_1_52' title='bbox 1938 810 1994 862; x_wconf 92' lang='lat' dir='ltr'><strong>in</strong></span> 
     </span>
    </p>
   </div>
   <div class='ocr_carea' id='block_1_9' title="bbox 420 894 2000 971">
    <p class='ocr_par' dir='ltr' id='par_1_9' title="bbox 420 894 2000 971">
     <span class='ocr_line' id='line_1_9' title="bbox 420 894 2000 971; baseline 0.006 -25"><span class='ocrx_word' id='word_1_53' title='bbox 420 908 550 946; x_wconf 82' lang='lat' dir='ltr'><strong>suas</strong></span> <span class='ocrx_word' id='word_1_54' title='bbox 573 894 1032 963; x_wconf 76' lang='lat' dir='ltr'><strong>congregationes</strong></span> <span class='ocrx_word' id='word_1_55' title='bbox 1071 912 1084 949; x_wconf 88' lang='lat'><strong>:</strong></span> <span class='ocrx_word' id='word_1_56' title='bbox 1115 896 1316 953; x_wconf 86' lang='lat' dir='ltr'><strong>fluvius</strong></span> <span class='ocrx_word' id='word_1_57' title='bbox 1347 900 1501 954; x_wconf 89' lang='lat' dir='ltr'><strong>verbi</strong></span> <span class='ocrx_word' id='word_1_58' title='bbox 1524 902 1617 955; x_wconf 91' lang='lat' dir='ltr'><strong>Dei</strong></span> <span class='ocrx_word' id='word_1_59' title='bbox 1641 903 1901 971; x_wconf 86' lang='lat' dir='ltr'><strong>impletus</strong></span> <span class='ocrx_word' id='word_1_60' title='bbox 1916 913 2000 957; x_wconf 89' lang='lat' dir='ltr'><strong>est</strong></span> 
     </span>
    </p>
   </div>
   <div class='ocr_carea' id='block_1_10' title="bbox 418 985 1999 1057">
    <p class='ocr_par' dir='ltr' id='par_1_10' title="bbox 418 985 1999 1057">
     <span class='ocr_line' id='line_1_10' title="bbox 418 985 1999 1057; baseline 0.008 -20"><span class='ocrx_word' id='word_1_61' title='bbox 418 986 577 1053; x_wconf 84' lang='lat' dir='ltr'><strong>aquis</strong></span> <span class='ocrx_word' id='word_1_62' title='bbox 608 985 844 1055; x_wconf 77' lang='lat' dir='ltr'><strong>irrigans</strong></span> <span class='ocrx_word' id='word_1_63' title='bbox 874 987 1022 1042; x_wconf 91' lang='lat' dir='ltr'><strong>hunc</strong></span> <span class='ocrx_word' id='word_1_64' title='bbox 1054 986 1370 1057; x_wconf 82' lang='lat' dir='ltr'><strong>paradisum</strong></span> <span class='ocrx_word' id='word_1_65' title='bbox 1419 990 1699 1048; x_wconf 53' lang='lat' dir='ltr'><strong>Ecclesiae.</strong></span> <span class='ocrx_word' id='word_1_66' title='bbox 1735 990 1999 1049; x_wconf 82' lang='lat' dir='ltr'><strong>Fluminis</strong></span> 
     </span>
    </p>
   </div>
   <div class='ocr_carea' id='block_1_11' title="bbox 421 1068 2000 1151">
    <p class='ocr_par' dir='ltr' id='par_1_11' title="bbox 421 1068 2000 1151">
     <span class='ocr_line' id='line_1_11' title="bbox 421 1068 2000 1151; baseline 0.009 -23"><span class='ocrx_word' id='word_1_67' title='bbox 421 1076 646 1143; x_wconf 80' lang='lat' dir='ltr'><strong>impetus</strong></span> <span class='ocrx_word' id='word_1_68' title='bbox 674 1068 909 1143; x_wconf 69' lang='lat' dir='ltr'><strong>Itt&#39;tiﬁcai</strong></span> <span class='ocrx_word' id='word_1_69' title='bbox 933 1078 1200 1132; x_wconf 84' lang='lat' dir='ltr'><strong>civitatem</strong></span> <span class='ocrx_word' id='word_1_70' title='bbox 1236 1078 1333 1133; x_wconf 84' lang='lat' dir='ltr'><strong>Dei</strong></span> <span class='ocrx_word' id='word_1_71' title='bbox 1367 1081 1406 1146; x_wconf 87' lang='grc'><strong>³,</strong></span> <span class='ocrx_word' id='word_1_72' title='bbox 1451 1097 1746 1151; x_wconf 90' lang='lat' dir='ltr'><strong>supernam</strong></span> <span class='ocrx_word' id='word_1_73' title='bbox 1778 1085 2000 1142; x_wconf 86' lang='lat' dir='ltr'><strong>Jerusa-</strong></span> 
     </span>
    </p>
   </div>
   <div class='ocr_carea' id='block_1_12' title="bbox 421 1166 2002 1242">
    <p class='ocr_par' dir='ltr' id='par_1_12' title="bbox 421 1166 2002 1242">
     <span class='ocr_line' id='line_1_12' title="bbox 421 1166 2002 1242; baseline 0.006 -21"><span class='ocrx_word' id='word_1_74' title='bbox 421 1167 559 1221; x_wconf 87' lang='lat' dir='ltr'><strong>lem:</strong></span> <span class='ocrx_word' id='word_1_75' title='bbox 593 1166 835 1220; x_wconf 82' lang='lat' dir='ltr'><strong>Plurinm</strong></span> <span class='ocrx_word' id='word_1_76' title='bbox 858 1168 1223 1224; x_wconf 68' lang='lat' dir='ltr'><strong>aolimtariam</strong></span> <span class='ocrx_word' id='word_1_77' title='bbox 1260 1173 1555 1242; x_wconf 74' lang='lat' dir='ltr'><strong>segregavit</strong></span> <span class='ocrx_word' id='word_1_78' title='bbox 1608 1172 1742 1227; x_wconf 85' lang='lat' dir='ltr'><strong>Deus</strong></span> <span class='ocrx_word' id='word_1_79' title='bbox 1777 1175 2002 1229; x_wconf 72' lang='lat' dir='ltr'><strong>Incredi-</strong></span> 
     </span>
    </p>
   </div>
   <div class='ocr_carea' id='block_1_13' title="bbox 424 1261 1997 1337">
    <p class='ocr_par' dir='ltr' id='par_1_13' title="bbox 424 1261 1997 1337">
     <span class='ocr_line' id='line_1_13' title="bbox 424 1261 1997 1337; baseline 0.006 -23"><span class='ocrx_word' id='word_1_80' title='bbox 424 1264 524 1315; x_wconf 74' lang='lat' dir='ltr'><strong>tati</strong></span> <span class='ocrx_word' id='word_1_81' title='bbox 546 1278 657 1316; x_wconf 70' lang='lat' dir='ltr'><strong>sure</strong></span> <span class='ocrx_word' id='word_1_82' title='bbox 683 1261 743 1326; x_wconf 71' lang='lat'><em>‘;</em></span> <span class='ocrx_word' id='word_1_83' title='bbox 773 1277 966 1332; x_wconf 83' lang='lat' dir='ltr'><strong>nempe</strong></span> <span class='ocrx_word' id='word_1_84' title='bbox 990 1264 1238 1332; x_wconf 80' lang='lat' dir='ltr'><strong>gentium</strong></span> <span class='ocrx_word' id='word_1_85' title='bbox 1259 1282 1291 1319; x_wconf 90' lang='lat'><strong>:-</strong></span> <span class='ocrx_word' id='word_1_86' title='bbox 1338 1266 1685 1334; x_wconf 59' lang='lat' dir='ltr'><strong>praesentiam</strong></span> <span class='ocrx_word' id='word_1_87' title='bbox 1735 1267 1997 1337; x_wconf 79' lang='lat' dir='ltr'><strong>Spiritus,</strong></span> 
     </span>
    </p>
   </div>
   <div class='ocr_carea' id='block_1_14' title="bbox 420 1352 2001 1426">
    <p class='ocr_par' dir='ltr' id='par_1_14' title="bbox 420 1352 2001 1426">
     <span class='ocr_line' id='line_1_14' title="bbox 420 1352 2001 1426; baseline 0.005 -21"><span class='ocrx_word' id='word_1_88' title='bbox 420 1367 532 1420; x_wconf 88' lang='lat' dir='ltr'><strong>quo</strong></span> <span class='ocrx_word' id='word_1_89' title='bbox 563 1353 747 1406; x_wconf 86' lang='lat' dir='ltr'><strong>sulcos</strong></span> <span class='ocrx_word' id='word_1_90' title='bbox 813 1367 944 1407; x_wconf 89' lang='lat' dir='ltr'><strong>suos</strong></span> <span class='ocrx_word' id='word_1_91' title='bbox 1000 1352 1259 1419; x_wconf 86' lang='lat' dir='ltr'><strong>inebriat,</strong></span> <span class='ocrx_word' id='word_1_92' title='bbox 1308 1363 1365 1410; x_wconf 88' lang='lat' dir='ltr'><strong>et</strong></span> <span class='ocrx_word' id='word_1_93' title='bbox 1408 1356 1740 1426; x_wconf 89' lang='lat' dir='ltr'><strong>multiplicat</strong></span> <span class='ocrx_word' id='word_1_94' title='bbox 1786 1357 2001 1413; x_wconf 88' lang='lat' dir='ltr'><strong>fructus</strong></span> 
     </span>
    </p>
   </div>
   <div class='ocr_carea' id='block_1_15' title="bbox 421 1442 2000 1515">
    <p class='ocr_par' dir='ltr' id='par_1_15' title="bbox 421 1442 2000 1515">
     <span class='ocr_line' id='line_1_15' title="bbox 421 1442 2000 1515; baseline 0.006 -20"><span class='ocrx_word' id='word_1_95' title='bbox 421 1458 552 1495; x_wconf 81' lang='lat' dir='ltr'><strong>suos</strong></span> <span class='ocrx_word' id='word_1_96' title='bbox 585 1442 638 1495; x_wconf 89' lang='lat' dir='ltr'><strong>in</strong></span> <span class='ocrx_word' id='word_1_97' title='bbox 669 1442 891 1512; x_wconf 84' lang='lat' dir='ltr'><strong>triginta</strong></span> <span class='ocrx_word' id='word_1_98' title='bbox 954 1453 1011 1496; x_wconf 91' lang='lat' dir='ltr'><strong>et</strong></span> <span class='ocrx_word' id='word_1_99' title='bbox 1062 1446 1342 1515; x_wconf 74' lang='lat' dir='ltr'><strong>sexaginta</strong></span> <span class='ocrx_word' id='word_1_100' title='bbox 1373 1455 1428 1501; x_wconf 93' lang='lat' dir='ltr'><strong>et</strong></span> <span class='ocrx_word' id='word_1_101' title='bbox 1474 1459 1697 1503; x_wconf 89' lang='lat' dir='ltr'><strong>centum</strong></span> <span class='ocrx_word' id='word_1_102' title='bbox 1720 1491 1732 1503; x_wconf 96' lang='lat'><strong>.</strong></span> <span class='ocrx_word' id='word_1_103' title='bbox 1780 1450 1850 1505; x_wconf 84' lang='lat' dir='ltr'><strong>Et</strong></span> <span class='ocrx_word' id='word_1_104' title='bbox 1887 1460 2000 1506; x_wconf 90' lang='lat' dir='ltr'><strong>tor-</strong></span> 
     </span>
    </p>
   </div>
   <div class='ocr_carea' id='block_1_16' title="bbox 424 1533 2000 1612">
    <p class='ocr_par' dir='ltr' id='par_1_16' title="bbox 424 1533 2000 1612">
     <span class='ocr_line' id='line_1_16' title="bbox 424 1533 2000 1612; baseline 0.008 -27"><span class='ocrx_word' id='word_1_105' title='bbox 424 1543 572 1587; x_wconf 63' lang='lat' dir='ltr'><strong>rente</strong></span> <span class='ocrx_word' id='word_1_106' title='bbox 612 1533 897 1599; x_wconf 70' lang='lat' dir='ltr'><strong>voluptatis</strong></span> <span class='ocrx_word' id='word_1_107' title='bbox 933 1538 1137 1606; x_wconf 79' lang='lat' dir='ltr'><strong>potabis</strong></span> <span class='ocrx_word' id='word_1_108' title='bbox 1182 1554 1286 1602; x_wconf 84' lang='lat' dir='ltr'><strong>eos,</strong></span> <span class='ocrx_word' id='word_1_109' title='bbox 1325 1542 1577 1609; x_wconf 86' lang='lat' dir='ltr'><strong>quoniam</strong></span> <span class='ocrx_word' id='word_1_110' title='bbox 1628 1542 1775 1611; x_wconf 85' lang='lat' dir='ltr'><strong>apud</strong></span> <span class='ocrx_word' id='word_1_111' title='bbox 1826 1543 2000 1612; x_wconf 83' lang='lat' dir='ltr'><strong>ipsum</strong></span> 
     </span>
    </p>
   </div>
   <div class='ocr_carea' id='block_1_17' title="bbox 422 1622 2003 1703">
    <p class='ocr_par' dir='ltr' id='par_1_17' title="bbox 422 1622 2003 1703">
     <span class='ocr_line' id='line_1_17' title="bbox 422 1622 2003 1703; baseline 0.006 -25"><span class='ocrx_word' id='word_1_112' title='bbox 422 1633 499 1678; x_wconf 81' lang='lat' dir='ltr'><strong>est</strong></span> <span class='ocrx_word' id='word_1_113' title='bbox 533 1626 646 1695; x_wconf 87' lang='lat' dir='ltr'><strong>fons</strong></span> <span class='ocrx_word' id='word_1_114' title='bbox 672 1628 793 1679; x_wconf 72' lang='lat' dir='ltr'><strong>vita:</strong></span> <span class='ocrx_word' id='word_1_115' title='bbox 830 1627 889 1689; x_wconf 87' lang='lat'><strong>&#39;;</strong></span> <span class='ocrx_word' id='word_1_116' title='bbox 937 1628 1005 1681; x_wconf 85' lang='lat' dir='ltr'><strong>de</strong></span> <span class='ocrx_word' id='word_1_117' title='bbox 1055 1622 1255 1683; x_wconf 52' lang='lat' dir='ltr'><strong>cetera</strong></span> <span class='ocrx_word' id='word_1_118' title='bbox 1303 1630 1384 1684; x_wconf 78' lang='lat' dir='ltr'><strong>sic</strong></span> <span class='ocrx_word' id='word_1_119' title='bbox 1414 1647 1563 1685; x_wconf 90' lang='lat' dir='ltr'><strong>nunc</strong></span> <span class='ocrx_word' id='word_1_120' title='bbox 1597 1633 1823 1702; x_wconf 84' lang='lat' dir='ltr'><strong>irrigata</strong></span> <span class='ocrx_word' id='word_1_121' title='bbox 1879 1649 2003 1703; x_wconf 73' lang='lat' dir='ltr'><strong>qua:</strong></span> 
     </span>
    </p>
   </div>
   <div class='ocr_carea' id='block_1_18' title="bbox 420 1718 2000 1787">
    <p class='ocr_par' dir='ltr' id='par_1_18' title="bbox 420 1718 2000 1787">
     <span class='ocr_line' id='line_1_18' title="bbox 420 1718 2000 1787; baseline 0.007 -19"><span class='ocrx_word' id='word_1_122' title='bbox 420 1718 577 1787; x_wconf 86' lang='lat' dir='ltr'><strong>prius</strong></span> <span class='ocrx_word' id='word_1_123' title='bbox 605 1726 724 1771; x_wconf 87' lang='lat' dir='ltr'><strong>erat</strong></span> <span class='ocrx_word' id='word_1_124' title='bbox 786 1718 962 1780; x_wconf 78' lang='lat' dir='ltr'><strong>arida,</strong></span> <span class='ocrx_word' id='word_1_125' title='bbox 1007 1720 1282 1786; x_wconf 77' lang='lat' dir='ltr'><strong>germinet</strong></span> <span class='ocrx_word' id='word_1_126' title='bbox 1314 1729 1372 1774; x_wconf 90' lang='lat' dir='ltr'><strong>ut</strong></span> <span class='ocrx_word' id='word_1_127' title='bbox 1410 1732 1556 1776; x_wconf 89' lang='lat' dir='ltr'><strong>terra</strong></span> <span class='ocrx_word' id='word_1_128' title='bbox 1610 1723 1729 1787; x_wconf 86' lang='lat' dir='ltr'><strong>Dei,</strong></span> <span class='ocrx_word' id='word_1_129' title='bbox 1770 1724 2000 1779; x_wconf 84' lang='lat' dir='ltr'><strong>herbam</strong></span> 
     </span>
    </p>
   </div>
   <div class='ocr_carea' id='block_1_19' title="bbox 2100 528 3689 603">
    <p class='ocr_par' dir='ltr' id='par_1_19' title="bbox 2100 528 3689 603">
     <span class='ocr_line' id='line_1_19' title="bbox 2100 528 3689 603; baseline 0.001 -17"><span class='ocrx_word' id='word_1_130' title='bbox 2100 548 2298 602; x_wconf 76' lang='lat' dir='ltr'><strong>nempe</strong></span> <span class='ocrx_word' id='word_1_131' title='bbox 2328 530 2723 600; x_wconf 88' lang='lat' dir='ltr'><strong>simpliciorem</strong></span> <span class='ocrx_word' id='word_1_132' title='bbox 2748 537 2803 584; x_wconf 92' lang='lat' dir='ltr'><strong>et</strong></span> <span class='ocrx_word' id='word_1_133' title='bbox 2829 528 3127 585; x_wconf 87' lang='lat' dir='ltr'><strong>delicatum</strong></span> <span class='ocrx_word' id='word_1_134' title='bbox 3142 529 3310 584; x_wconf 80' lang='lat' dir='ltr'><strong>Verbi</strong></span> <span class='ocrx_word' id='word_1_135' title='bbox 3338 530 3575 585; x_wconf 90' lang='lat' dir='ltr'><strong>fructum</strong></span> <span class='ocrx_word' id='word_1_136' title='bbox 3591 535 3689 603; x_wconf 83' lang='lat' dir='ltr'><strong>qui</strong></span> 
     </span>
    </p>
   </div>
   <div class='ocr_carea' id='block_1_20' title="bbox 2100 620 3686 692">
    <p class='ocr_par' dir='ltr' id='par_1_20' title="bbox 2100 620 3686 692">
     <span class='ocr_line' id='line_1_20' title="bbox 2100 620 3686 692; baseline 0 -13"><span class='ocrx_word' id='word_1_137' title='bbox 2100 625 2361 679; x_wconf 81' lang='lat' dir='ltr'><strong>convenit</strong></span> <span class='ocrx_word' id='word_1_138' title='bbox 2409 622 2655 678; x_wconf 80' lang='lat' dir='ltr'><strong>Judaicis</strong></span> <span class='ocrx_word' id='word_1_139' title='bbox 2705 630 2762 675; x_wconf 93' lang='lat' dir='ltr'><strong>et</strong></span> <span class='ocrx_word' id='word_1_140' title='bbox 2802 620 3033 675; x_wconf 88' lang='lat' dir='ltr'><strong>rationis</strong></span> <span class='ocrx_word' id='word_1_141' title='bbox 3082 621 3267 675; x_wconf 89' lang='lat' dir='ltr'><strong>minus</strong></span> <span class='ocrx_word' id='word_1_142' title='bbox 3316 622 3686 692; x_wconf 85' lang='lat' dir='ltr'><strong>participibus</strong></span> 
     </span>
    </p>
   </div>
   <div class='ocr_carea' id='block_1_21' title="bbox 2098 712 3697 784">
    <p class='ocr_par' dir='ltr' id='par_1_21' title="bbox 2098 712 3697 784">
     <span class='ocr_line' id='line_1_21' title="bbox 2098 712 3697 784; baseline -0.001 -14"><span class='ocrx_word' id='word_1_143' title='bbox 2098 715 2301 770; x_wconf 85' lang='lat' dir='ltr'><strong>Christi</strong></span> <span class='ocrx_word' id='word_1_144' title='bbox 2332 714 2512 784; x_wconf 82' lang='lat' dir='ltr'><strong>gregis</strong></span> <span class='ocrx_word' id='word_1_145' title='bbox 2537 714 2739 767; x_wconf 81' lang='lat' dir='ltr'><strong>animis</strong></span> <span class='ocrx_word' id='word_1_146' title='bbox 2755 713 2819 766; x_wconf 86' lang='lat' dir='ltr'><strong>ad</strong></span> <span class='ocrx_word' id='word_1_147' title='bbox 2846 713 3033 766; x_wconf 89' lang='lat' dir='ltr'><strong>cibum</strong></span> <span class='ocrx_word' id='word_1_148' title='bbox 3060 712 3528 769; x_wconf 83' lang='lat' dir='ltr'><strong>infantioribusct</strong></span> <span class='ocrx_word' id='word_1_149' title='bbox 3548 714 3697 769; x_wconf 80' lang='lat' dir='ltr'><strong>lacte</strong></span> 
     </span>
    </p>
   </div>
   <div class='ocr_carea' id='block_1_22' title="bbox 2099 804 3689 877">
    <p class='ocr_par' dir='ltr' id='par_1_22' title="bbox 2099 804 3689 877">
     <span class='ocr_line' id='line_1_22' title="bbox 2099 804 3689 877; baseline -0.003 -16"><span class='ocrx_word' id='word_1_150' title='bbox 2099 806 2393 877; x_wconf 81' lang='lat' dir='ltr'><strong>egentibus</strong></span> <span class='ocrx_word' id='word_1_151' title='bbox 2420 823 2432 857; x_wconf 95' lang='lat'><strong>:</strong></span> <span class='ocrx_word' id='word_1_152' title='bbox 2462 806 2554 859; x_wconf 87' lang='lat' dir='ltr'><strong>Est</strong></span> <span class='ocrx_word' id='word_1_153' title='bbox 2575 805 2722 860; x_wconf 91' lang='lat' dir='ltr'><strong>enim</strong></span> <span class='ocrx_word' id='word_1_154' title='bbox 2743 804 3131 875; x_wconf 85' lang='lat' dir='ltr'><strong>perfectorum;</strong></span> <span class='ocrx_word' id='word_1_155' title='bbox 3159 820 3357 873; x_wconf 80' lang='lat' dir='ltr'><strong>nempe</strong></span> <span class='ocrx_word' id='word_1_156' title='bbox 3383 814 3573 859; x_wconf 88' lang='lat' dir='ltr'><strong>noster</strong></span> <span class='ocrx_word' id='word_1_157' title='bbox 3594 805 3689 875; x_wconf 88' lang='lat' dir='ltr'><strong>qui</strong></span> 
     </span>
    </p>
   </div>
   <div class='ocr_carea' id='block_1_23' title="bbox 2101 897 3687 968">
    <p class='ocr_par' dir='ltr' id='par_1_23' title="bbox 2101 897 3687 968">
     <span class='ocr_line' id='line_1_23' title="bbox 2101 897 3687 968; baseline -0.003 -13"><span class='ocrx_word' id='word_1_158' title='bbox 2101 917 2292 955; x_wconf 84' lang='lat' dir='ltr'><strong>smnus</strong></span> <span class='ocrx_word' id='word_1_159' title='bbox 2321 899 2542 953; x_wconf 83' lang='lat' dir='ltr'><strong>ﬁdeles:</strong></span> <span class='ocrx_word' id='word_1_160' title='bbox 2582 899 2724 953; x_wconf 83' lang='lat' dir='ltr'><strong>cibus</strong></span> <span class='ocrx_word' id='word_1_161' title='bbox 2747 898 2968 961; x_wconf 83' lang='lat' dir='ltr'><strong>solidus,</strong></span> <span class='ocrx_word' id='word_1_162' title='bbox 3004 912 3169 967; x_wconf 87' lang='lat' dir='ltr'><strong>quem</strong></span> <span class='ocrx_word' id='word_1_163' title='bbox 3202 905 3425 968; x_wconf 86' lang='lat' dir='ltr'><strong>portant</strong></span> <span class='ocrx_word' id='word_1_164' title='bbox 3456 897 3687 967; x_wconf 84' lang='lat' dir='ltr'><strong>perfecti</strong></span> 
     </span>
    </p>
   </div>
   <div class='ocr_carea' id='block_1_24' title="bbox 2101 989 3688 1061">
    <p class='ocr_par' dir='ltr' id='par_1_24' title="bbox 2101 989 3688 1061">
     <span class='ocr_line' id='line_1_24' title="bbox 2101 989 3688 1061; baseline -0.002 -15"><span class='ocrx_word' id='word_1_165' title='bbox 2101 992 2168 1046; x_wconf 86' lang='lat' dir='ltr'><strong>de</strong></span> <span class='ocrx_word' id='word_1_166' title='bbox 2197 992 2401 1061; x_wconf 84' lang='lat' dir='ltr'><strong>quibus</strong></span> <span class='ocrx_word' id='word_1_167' title='bbox 2430 991 2787 1045; x_wconf 44' lang='lat' dir='ltr'><strong>dictum’est:</strong></span> <span class='ocrx_word' id='word_1_168' title='bbox 2834 990 3110 1045; x_wconf 85' lang='lat' dir='ltr'><strong>Germinet</strong></span> <span class='ocrx_word' id='word_1_169' title='bbox 3141 997 3297 1043; x_wconf 69' lang='lat' dir='ltr'><strong>terra:</strong></span> <span class='ocrx_word' id='word_1_170' title='bbox 3324 989 3546 1043; x_wconf 85' lang='lat' dir='ltr'><strong>herbam</strong></span> <span class='ocrx_word' id='word_1_171' title='bbox 3577 990 3688 1058; x_wconf 88' lang='lat' dir='ltr'><strong>feni</strong></span> 
     </span>
    </p>
   </div>
   <div class='ocr_carea' id='block_1_25' title="bbox 2101 1083 3685 1155">
    <p class='ocr_par' dir='ltr' id='par_1_25' title="bbox 2101 1083 3685 1155">
     <span class='ocr_line' id='line_1_25' title="bbox 2101 1083 3685 1155; baseline -0.001 -18"><span class='ocrx_word' id='word_1_172' title='bbox 2101 1094 2148 1138; x_wconf 89' lang='lat' dir='ltr'><strong>et</strong></span> <span class='ocrx_word' id='word_1_173' title='bbox 2181 1084 2378 1155; x_wconf 76' lang='lat' dir='ltr'><strong>lignum</strong></span> <span class='ocrx_word' id='word_1_174' title='bbox 2401 1083 2732 1154; x_wconf 84' lang='lat' dir='ltr'><strong>fructiferum</strong></span> <span class='ocrx_word' id='word_1_175' title='bbox 2760 1083 2957 1153; x_wconf 79' lang='lat' dir='ltr'><strong>faciens</strong></span> <span class='ocrx_word' id='word_1_176' title='bbox 2986 1083 3240 1153; x_wconf 87' lang='lat' dir='ltr'><strong>fructum,</strong></span> <span class='ocrx_word' id='word_1_177' title='bbox 3285 1084 3446 1153; x_wconf 76' lang='lat' dir='ltr'><strong>euju‘s</strong></span> <span class='ocrx_word' id='word_1_178' title='bbox 3494 1098 3685 1136; x_wconf 88' lang='lat' dir='ltr'><strong>semen</strong></span> 
     </span>
    </p>
   </div>
   <div class='ocr_carea' id='block_1_26' title="bbox 2101 1174 3684 1247">
    <p class='ocr_par' dir='ltr' id='par_1_26' title="bbox 2101 1174 3684 1247">
     <span class='ocr_line' id='line_1_26' title="bbox 2101 1174 3684 1247; baseline -0.002 -16"><span class='ocrx_word' id='word_1_179' title='bbox 2101 1177 2223 1247; x_wconf 86' lang='lat' dir='ltr'><strong>ejus</strong></span> <span class='ocrx_word' id='word_1_180' title='bbox 2248 1177 2302 1230; x_wconf 91' lang='lat' dir='ltr'><strong>in</strong></span> <span class='ocrx_word' id='word_1_181' title='bbox 2329 1178 2468 1246; x_wconf 91' lang='lat' dir='ltr'><strong>ipso.</strong></span> <span class='ocrx_word' id='word_1_182' title='bbox 2500 1176 2636 1230; x_wconf 91' lang='lat' dir='ltr'><strong>Nam</strong></span> <span class='ocrx_word' id='word_1_183' title='bbox 2671 1191 2890 1244; x_wconf 89' lang='lat' dir='ltr'><strong>semper</strong></span> <span class='ocrx_word' id='word_1_184' title='bbox 2910 1174 3221 1244; x_wconf 80' lang='lat' dir='ltr'><strong>geminans.</strong></span> <span class='ocrx_word' id='word_1_185' title='bbox 3256 1184 3313 1228; x_wconf 91' lang='lat' dir='ltr'><strong>et</strong></span> <span class='ocrx_word' id='word_1_186' title='bbox 3335 1175 3427 1244; x_wconf 90' lang='lat' dir='ltr'><strong>qui</strong></span> <span class='ocrx_word' id='word_1_187' title='bbox 3458 1174 3684 1228; x_wconf 89' lang='lat' dir='ltr'><strong>minime</strong></span> 
     </span>
    </p>
   </div>
   <div class='ocr_carea' id='block_1_27' title="bbox 2102 1266 3677 1337">
    <p class='ocr_par' dir='ltr' id='par_1_27' title="bbox 2102 1266 3677 1337">
     <span class='ocr_line' id='line_1_27' title="bbox 2102 1266 3677 1337; baseline -0.003 -14"><span class='ocrx_word' id='word_1_188' title='bbox 2102 1268 2296 1323; x_wconf 89' lang='lat' dir='ltr'><strong>interit.</strong></span> <span class='ocrx_word' id='word_1_189' title='bbox 2341 1284 2405 1323; x_wconf 87' lang='lat' dir='ltr'><strong>ac</strong></span> <span class='ocrx_word' id='word_1_190' title='bbox 2470 1266 2850 1337; x_wconf 89' lang='lat' dir='ltr'><strong>corrumpitur</strong></span> <span class='ocrx_word' id='word_1_191' title='bbox 2879 1308 2892 1332; x_wconf 93' lang='lat'><strong>,</strong></span> <span class='ocrx_word' id='word_1_192' title='bbox 2964 1276 3051 1321; x_wconf 88' lang='lat' dir='ltr'><strong>est</strong></span> <span class='ocrx_word' id='word_1_193' title='bbox 3104 1268 3322 1321; x_wconf 89' lang='lat' dir='ltr'><strong>fructus</strong></span> <span class='ocrx_word' id='word_1_194' title='bbox 3369 1267 3677 1336; x_wconf 83' lang='lat' dir='ltr'><strong>Evangelii.</strong></span> 
     </span>
    </p>
   </div>
   <div class='ocr_carea' id='block_1_28' title="bbox 2102 1359 3684 1434">
    <p class='ocr_par' dir='ltr' id='par_1_28' title="bbox 2102 1359 3684 1434">
     <span class='ocr_line' id='line_1_28' title="bbox 2102 1359 3684 1434; baseline -0.002 -19"><span class='ocrx_word' id='word_1_195' title='bbox 2102 1361 2335 1434; x_wconf 80' lang='lat' dir='ltr'><strong>Lignum</strong></span> <span class='ocrx_word' id='word_1_196' title='bbox 2368 1359 2736 1423; x_wconf 89' lang='lat' dir='ltr'><strong>fructiferum,</strong></span> <span class='ocrx_word' id='word_1_197' title='bbox 2763 1359 3025 1429; x_wconf 89' lang='lat' dir='ltr'><strong>quoniam</strong></span> <span class='ocrx_word' id='word_1_198' title='bbox 3059 1361 3229 1413; x_wconf 81' lang='lat' dir='ltr'><strong>ontnis</strong></span> <span class='ocrx_word' id='word_1_199' title='bbox 3262 1360 3418 1413; x_wconf 82' lang='lat' dir='ltr'><strong>arbor</strong></span> <span class='ocrx_word' id='word_1_200' title='bbox 3438 1375 3556 1429; x_wconf 71' lang='lat' dir='ltr'><strong>qua!</strong></span> <span class='ocrx_word' id='word_1_201' title='bbox 3579 1376 3684 1412; x_wconf 81' lang='lat' dir='ltr'><strong>non</strong></span> 
     </span>
    </p>
   </div>
   <div class='ocr_carea' id='block_1_29' title="bbox 2103 1449 3679 1521">
    <p class='ocr_par' dir='ltr' id='par_1_29' title="bbox 2103 1449 3679 1521">
     <span class='ocr_line' id='line_1_29' title="bbox 2103 1449 3679 1521; baseline -0.002 -16"><span class='ocrx_word' id='word_1_202' title='bbox 2103 1452 2229 1521; x_wconf 81' lang='lat' dir='ltr'><strong>facit</strong></span> <span class='ocrx_word' id='word_1_203' title='bbox 2255 1452 2485 1521; x_wconf 85' lang='lat' dir='ltr'><strong>fructum</strong></span> <span class='ocrx_word' id='word_1_204' title='bbox 2506 1451 2697 1503; x_wconf 88' lang='lat' dir='ltr'><strong>bonum</strong></span> <span class='ocrx_word' id='word_1_205' title='bbox 2712 1449 3037 1502; x_wconf 71' lang='lat' dir='ltr'><strong>exscinditur</strong></span> <span class='ocrx_word' id='word_1_206' title='bbox 3052 1458 3099 1501; x_wconf 91' lang='lat' dir='ltr'><strong>et</strong></span> <span class='ocrx_word' id='word_1_207' title='bbox 3123 1450 3178 1501; x_wconf 88' lang='lat' dir='ltr'><strong>in</strong></span> <span class='ocrx_word' id='word_1_208' title='bbox 3202 1450 3375 1519; x_wconf 81' lang='lat' dir='ltr'><strong>ignem</strong></span> <span class='ocrx_word' id='word_1_209' title='bbox 3396 1450 3623 1502; x_wconf 84' lang='lat' dir='ltr'><strong>mittitur</strong></span> <span class='ocrx_word' id='word_1_210' title='bbox 3638 1450 3679 1502; x_wconf 71' lang='lat'><strong>9.</strong></span> 
     </span>
    </p>
   </div>
   <div class='ocr_carea' id='block_1_30' title="bbox 2103 1540 3687 1613">
    <p class='ocr_par' dir='ltr' id='par_1_30' title="bbox 2103 1540 3687 1613">
     <span class='ocr_line' id='line_1_30' title="bbox 2103 1540 3687 1613; baseline -0.002 -16"><span class='ocrx_word' id='word_1_211' title='bbox 2103 1544 2339 1613; x_wconf 82' lang='lat' dir='ltr'><strong>Lignum</strong></span> <span class='ocrx_word' id='word_1_212' title='bbox 2396 1541 2744 1596; x_wconf 77' lang='lat' dir='ltr'><strong>fructiferum</strong></span> <span class='ocrx_word' id='word_1_213' title='bbox 2796 1541 3008 1595; x_wconf 86' lang='lat' dir='ltr'><strong>habens</strong></span> <span class='ocrx_word' id='word_1_214' title='bbox 3047 1540 3281 1613; x_wconf 54' lang='lat' dir='ltr'><strong>fructus,</strong></span> <span class='ocrx_word' id='word_1_215' title='bbox 3310 1542 3575 1611; x_wconf 84' lang='lat' dir='ltr'><strong>spiritus,</strong></span> <span class='ocrx_word' id='word_1_216' title='bbox 3626 1550 3687 1595; x_wconf 92' lang='lat' dir='ltr'><strong>ut</strong></span> 
     </span>
    </p>
   </div>
   <div class='ocr_carea' id='block_1_31' title="bbox 2103 1634 3685 1707">
    <p class='ocr_par' dir='ltr' id='par_1_31' title="bbox 2103 1634 3685 1707">
     <span class='ocr_line' id='line_1_31' title="bbox 2103 1634 3685 1707; baseline -0.003 -14"><span class='ocrx_word' id='word_1_217' title='bbox 2103 1652 2296 1693; x_wconf 90' lang='lat' dir='ltr'><strong>eorum</strong></span> <span class='ocrx_word' id='word_1_218' title='bbox 2333 1638 2426 1707; x_wconf 90' lang='lat' dir='ltr'><strong>qui</strong></span> <span class='ocrx_word' id='word_1_219' title='bbox 2453 1651 2602 1690; x_wconf 87' lang='lat' dir='ltr'><strong>nunc</strong></span> <span class='ocrx_word' id='word_1_220' title='bbox 2640 1636 2863 1689; x_wconf 86' lang='lat' dir='ltr'><strong>dicunt:</strong></span> <span class='ocrx_word' id='word_1_221' title='bbox 2898 1635 3010 1705; x_wconf 87' lang='lat' dir='ltr'><strong>Ego</strong></span> <span class='ocrx_word' id='word_1_222' title='bbox 3049 1644 3229 1688; x_wconf 88' lang='lat' dir='ltr'><strong>autem</strong></span> <span class='ocrx_word' id='word_1_223' title='bbox 3282 1644 3539 1704; x_wconf 78' lang='lat' dir='ltr'><strong>tanquam</strong></span> <span class='ocrx_word' id='word_1_224' title='bbox 3580 1634 3685 1688; x_wconf 86' lang='lat' dir='ltr'><strong>oli-</strong></span> 
     </span>
    </p>
   </div>
   <div class='ocr_carea' id='block_1_32' title="bbox 2104 1726 3687 1800">
    <p class='ocr_par' dir='ltr' id='par_1_32' title="bbox 2104 1726 3687 1800">
     <span class='ocr_line' id='line_1_32' title="bbox 2104 1726 3687 1800; baseline -0.003 -14"><span class='ocrx_word' id='word_1_225' title='bbox 2104 1750 2169 1786; x_wconf 84' lang='lat' dir='ltr'><strong>va</strong></span> <span class='ocrx_word' id='word_1_226' title='bbox 2196 1730 2473 1800; x_wconf 77' lang='lat' dir='ltr'><strong>fructifera</strong></span> <span class='ocrx_word' id='word_1_227' title='bbox 2504 1730 2559 1782; x_wconf 89' lang='lat' dir='ltr'><strong>in</strong></span> <span class='ocrx_word' id='word_1_228' title='bbox 2593 1729 2747 1782; x_wconf 89' lang='lat' dir='ltr'><strong>domo</strong></span> <span class='ocrx_word' id='word_1_229' title='bbox 2782 1728 2879 1781; x_wconf 69' lang='lat' dir='ltr'><strong>Dei</strong></span> <span class='ocrx_word' id='word_1_230' title='bbox 2902 1729 2966 1780; x_wconf 88' lang='grc'><strong>¹⁰.</strong></span> <span class='ocrx_word' id='word_1_231' title='bbox 3004 1726 3161 1782; x_wconf 87' lang='lat' dir='ltr'><strong>Unde</strong></span> <span class='ocrx_word' id='word_1_232' title='bbox 3189 1727 3283 1797; x_wconf 89' lang='lat' dir='ltr'><strong>qui</strong></span> <span class='ocrx_word' id='word_1_233' title='bbox 3320 1738 3451 1781; x_wconf 88' lang='lat' dir='ltr'><strong>sunt</strong></span> <span class='ocrx_word' id='word_1_234' title='bbox 3482 1727 3687 1781; x_wconf 88' lang='lat' dir='ltr'><strong>illumi-</strong></span> 
     </span>
    </p>
   </div>
   <div class='ocr_carea' id='block_1_33' title="bbox 422 1794 3683 1889">
    <p class='ocr_par' dir='ltr' id='par_1_33' title="bbox 422 1794 3683 1889">
     <span class='ocr_line' id='line_1_33' title="bbox 422 1794 3683 1889; baseline 0.004 -25"><span class='ocrx_word' id='word_1_235' title='bbox 422 1811 532 1865; x_wconf 88' lang='lat' dir='ltr'><strong>feni</strong></span> <span class='ocrx_word' id='word_1_236' title='bbox 553 1811 813 1882; x_wconf 80' lang='lat' dir='ltr'><strong>gentibus</strong></span> <span class='ocrx_word' id='word_1_237' title='bbox 838 1812 1572 1883; x_wconf 60' lang='lat' dir='ltr'><strong>quaapriuserantexpertes</strong></span> <span class='ocrx_word' id='word_1_238' title='bbox 1598 1816 2003 1883; x_wconf 83' lang='lat' dir='ltr'><strong>rationis.Quo-</strong></span> <span class='ocrx_word' id='word_1_239' title='bbox 2039 1794 2074 1849; x_wconf 70' lang='grc' dir='ltr'><strong>θ</strong></span> <span class='ocrx_word' id='word_1_240' title='bbox 2106 1824 2242 1889; x_wconf 78' lang='lat' dir='ltr'><strong>nati,</strong></span> <span class='ocrx_word' id='word_1_241' title='bbox 2276 1831 2406 1877; x_wconf 89' lang='lat' dir='ltr'><strong>sunt</strong></span> <span class='ocrx_word' id='word_1_242' title='bbox 2434 1823 2490 1875; x_wconf 88' lang='lat' dir='ltr'><strong>in</strong></span> <span class='ocrx_word' id='word_1_243' title='bbox 2520 1821 2685 1875; x_wconf 87' lang='lat' dir='ltr'><strong>domo</strong></span> <span class='ocrx_word' id='word_1_244' title='bbox 2727 1821 2822 1875; x_wconf 85' lang='lat' dir='ltr'><strong>Dei</strong></span> <span class='ocrx_word' id='word_1_245' title='bbox 2850 1821 2907 1874; x_wconf 89' lang='lat' dir='ltr'><strong>in</strong></span> <span class='ocrx_word' id='word_1_246' title='bbox 2939 1821 3092 1874; x_wconf 87' lang='lat' dir='ltr'><strong>atriis</strong></span> <span class='ocrx_word' id='word_1_247' title='bbox 3133 1820 3229 1874; x_wconf 81' lang='lat' dir='ltr'><strong>Dei</strong></span> <span class='ocrx_word' id='word_1_248' title='bbox 3276 1821 3449 1874; x_wconf 88' lang='lat' dir='ltr'><strong>nostri</strong></span> <span class='ocrx_word' id='word_1_249' title='bbox 3477 1819 3683 1873; x_wconf 85' lang='lat' dir='ltr'><strong>floren-</strong></span> 
     </span>
    </p>
   </div>
   <div class='ocr_carea' id='block_1_34' title="bbox 420 1904 2001 1976">
    <p class='ocr_par' dir='ltr' id='par_1_34' title="bbox 420 1904 2001 1976">
     <span class='ocr_line' id='line_1_34' title="bbox 420 1904 2001 1976; baseline 0.004 -18"><span class='ocrx_word' id='word_1_250' title='bbox 420 1905 568 1959; x_wconf 89' lang='lat' dir='ltr'><strong>niam</strong></span> <span class='ocrx_word' id='word_1_251' title='bbox 609 1904 698 1958; x_wconf 84' lang='lat' dir='ltr'><strong>bos</strong></span> <span class='ocrx_word' id='word_1_252' title='bbox 723 1916 927 1968; x_wconf 86' lang='lat' dir='ltr'><strong>arator,</strong></span> <span class='ocrx_word' id='word_1_253' title='bbox 974 1906 1210 1974; x_wconf 86' lang='lat' dir='ltr'><strong>populus</strong></span> <span class='ocrx_word' id='word_1_254' title='bbox 1255 1907 1348 1975; x_wconf 89' lang='lat' dir='ltr'><strong>qui</strong></span> <span class='ocrx_word' id='word_1_255' title='bbox 1383 1908 1540 1976; x_wconf 87' lang='lat' dir='ltr'><strong>prius</strong></span> <span class='ocrx_word' id='word_1_256' title='bbox 1593 1917 1714 1962; x_wconf 89' lang='lat' dir='ltr'><strong>erat</strong></span> <span class='ocrx_word' id='word_1_257' title='bbox 1745 1920 2001 1965; x_wconf 88' lang='lat' dir='ltr'><strong>assuetus</strong></span> 
     </span>
    </p>
   </div>
   <div class='ocr_carea' id='block_1_35' title="bbox 419 1982 2000 2072">
    <p class='ocr_par' dir='ltr' id='par_1_35' title="bbox 419 1982 2000 2072">
     <span class='ocr_line' id='line_1_35' title="bbox 419 1982 2000 2072; baseline 0.001 -19"><span class='ocrx_word' id='word_1_258' title='bbox 419 1998 741 2060; x_wconf 84' lang='lat' dir='ltr'><strong>sacrificiis;</strong></span> <span class='ocrx_word' id='word_1_259' title='bbox 776 1997 1013 2067; x_wconf 85' lang='lat' dir='ltr'><strong>cognovit</strong></span> <span class='ocrx_word' id='word_1_260' title='bbox 1034 1982 1163 2053; x_wconf 73' lang='lat' dir='ltr'><strong>eum</strong></span> <span class='ocrx_word' id='word_1_261' title='bbox 1187 2001 1276 2069; x_wconf 85' lang='lat' dir='ltr'><strong>qui</strong></span> <span class='ocrx_word' id='word_1_262' title='bbox 1321 2000 1545 2069; x_wconf 83' lang='lat' dir='ltr'><strong>possedit</strong></span> <span class='ocrx_word' id='word_1_263' title='bbox 1570 2001 1765 2069; x_wconf 85' lang='lat' dir='ltr'><strong>ipsum,</strong></span> <span class='ocrx_word' id='word_1_264' title='bbox 1820 2017 2000 2072; x_wconf 91' lang='lat' dir='ltr'><strong>popu-</strong></span> 
     </span>
    </p>
   </div>
   <div class='ocr_carea' id='block_1_36' title="bbox 420 2089 2001 2162">
    <p class='ocr_par' dir='ltr' id='par_1_36' title="bbox 420 2089 2001 2162">
     <span class='ocr_line' id='line_1_36' title="bbox 420 2089 2001 2162; baseline 0.003 -19"><span class='ocrx_word' id='word_1_265' title='bbox 420 2089 533 2143; x_wconf 89' lang='lat' dir='ltr'><strong>lum</strong></span> <span class='ocrx_word' id='word_1_266' title='bbox 593 2092 955 2157; x_wconf 71' lang='lat' dir='ltr'><strong>peculiarem.</strong></span> <span class='ocrx_word' id='word_1_267' title='bbox 1005 2092 1147 2146; x_wconf 89' lang='lat' dir='ltr'><strong>Deus</strong></span> <span class='ocrx_word' id='word_1_268' title='bbox 1201 2091 1350 2145; x_wconf 87' lang='lat' dir='ltr'><strong>enim</strong></span> <span class='ocrx_word' id='word_1_269' title='bbox 1388 2093 1556 2162; x_wconf 77' lang='lat' dir='ltr'><strong>elegit</strong></span> <span class='ocrx_word' id='word_1_270' title='bbox 1609 2108 1738 2147; x_wconf 90' lang='lat' dir='ltr'><strong>eum</strong></span> <span class='ocrx_word' id='word_1_271' title='bbox 1784 2093 1890 2148; x_wconf 88' lang='lat' dir='ltr'><strong>sibi</strong></span> <span class='ocrx_word' id='word_1_272' title='bbox 1943 2094 2001 2148; x_wconf 90' lang='lat' dir='ltr'><strong>in</strong></span> 
     </span>
    </p>
   </div>
   <div class='ocr_carea' id='block_1_37' title="bbox 421 2184 1997 2256">
    <p class='ocr_par' dir='ltr' id='par_1_37' title="bbox 421 2184 1997 2256">
     <span class='ocr_line' id='line_1_37' title="bbox 421 2184 1997 2256; baseline 0.004 -19"><span class='ocrx_word' id='word_1_273' title='bbox 421 2184 840 2238; x_wconf 77' lang='lat' dir='ltr'><strong>haereditatem:</strong></span> <span class='ocrx_word' id='word_1_274' title='bbox 879 2185 947 2239; x_wconf 86' lang='lat' dir='ltr'><strong>Et</strong></span> <span class='ocrx_word' id='word_1_275' title='bbox 974 2186 1157 2239; x_wconf 81' lang='lat' dir='ltr'><strong>asinus</strong></span> <span class='ocrx_word' id='word_1_276' title='bbox 1193 2187 1427 2255; x_wconf 69' lang='lat' dir='ltr'><strong>agrestis</strong></span> <span class='ocrx_word' id='word_1_277' title='bbox 1450 2187 1686 2256; x_wconf 90' lang='lat' dir='ltr'><strong>populus</strong></span> <span class='ocrx_word' id='word_1_278' title='bbox 1707 2187 1997 2243; x_wconf 87' lang='lat' dir='ltr'><strong>idololatra</strong></span> 
     </span>
    </p>
   </div>
   <div class='ocr_carea' id='block_1_38' title="bbox 417 2275 2001 2346">
    <p class='ocr_par' dir='ltr' id='par_1_38' title="bbox 417 2275 2001 2346">
     <span class='ocr_line' id='line_1_38' title="bbox 417 2275 2001 2346; baseline 0.003 -18"><span class='ocrx_word' id='word_1_279' title='bbox 417 2276 655 2344; x_wconf 72' lang='lat' dir='ltr'><strong>cognorit</strong></span> <span class='ocrx_word' id='word_1_280' title='bbox 692 2292 923 2346; x_wconf 76' lang='lat' dir='ltr'><strong>prwsepe</strong></span> <span class='ocrx_word' id='word_1_281' title='bbox 952 2275 1163 2329; x_wconf 90' lang='lat' dir='ltr'><strong>Domini</strong></span> <span class='ocrx_word' id='word_1_282' title='bbox 1189 2278 1270 2330; x_wconf 89' lang='lat' dir='ltr'><strong>sui</strong></span> <span class='ocrx_word' id='word_1_283' title='bbox 1291 2277 1332 2340; x_wconf 78' lang='lat'><strong>°,</strong></span> <span class='ocrx_word' id='word_1_284' title='bbox 1378 2276 1658 2331; x_wconf 87' lang='lat' dir='ltr'><strong>Bethleem</strong></span> <span class='ocrx_word' id='word_1_285' title='bbox 1685 2277 1859 2333; x_wconf 67' lang='lat' dir='ltr'><strong>Iudae.</strong></span> <span class='ocrx_word' id='word_1_286' title='bbox 1880 2279 2001 2334; x_wconf 90' lang='lat' dir='ltr'><strong>Illic</strong></span> 
     </span>
    </p>
   </div>
   <div class='ocr_carea' id='block_1_39' title="bbox 416 2367 1999 2438">
    <p class='ocr_par' dir='ltr' id='par_1_39' title="bbox 416 2367 1999 2438">
     <span class='ocr_line' id='line_1_39' title="bbox 416 2367 1999 2438; baseline 0.003 -17"><span class='ocrx_word' id='word_1_287' title='bbox 416 2367 564 2421; x_wconf 86' lang='lat' dir='ltr'><strong>enim</strong></span> <span class='ocrx_word' id='word_1_288' title='bbox 605 2383 733 2421; x_wconf 87' lang='lat' dir='ltr'><strong>eum</strong></span> <span class='ocrx_word' id='word_1_289' title='bbox 770 2368 1019 2421; x_wconf 53' lang='lat' dir='ltr'><strong>adoravit</strong></span> <span class='ocrx_word' id='word_1_290' title='bbox 1047 2385 1144 2437; x_wconf 85' lang='lat' dir='ltr'><strong>per</strong></span> <span class='ocrx_word' id='word_1_291' title='bbox 1184 2368 1421 2438; x_wconf 79' lang='lat' dir='ltr'><strong>Ma&#39;gicas</strong></span> <span class='ocrx_word' id='word_1_292' title='bbox 1458 2371 1757 2437; x_wconf 86' lang='lat' dir='ltr'><strong>primitias.</strong></span> <span class='ocrx_word' id='word_1_293' title='bbox 1788 2371 1999 2438; x_wconf 82' lang='lat' dir='ltr'><strong>Quam-</strong></span> 
     </span>
    </p>
   </div>
   <div class='ocr_carea' id='block_1_40' title="bbox 419 2457 1996 2530">
    <p class='ocr_par' dir='ltr' id='par_1_40' title="bbox 419 2457 1996 2530">
     <span class='ocr_line' id='line_1_40' title="bbox 419 2457 1996 2530; baseline 0.004 -20"><span class='ocrx_word' id='word_1_294' title='bbox 419 2457 615 2511; x_wconf 89' lang='lat' dir='ltr'><strong>obrem</strong></span> <span class='ocrx_word' id='word_1_295' title='bbox 650 2460 910 2528; x_wconf 77' lang='lat' dir='ltr'><strong>germinet</strong></span> <span class='ocrx_word' id='word_1_296' title='bbox 952 2468 1097 2513; x_wconf 86' lang='lat' dir='ltr'><strong>terra</strong></span> <span class='ocrx_word' id='word_1_297' title='bbox 1132 2461 1349 2514; x_wconf 78' lang='lat' dir='ltr'><strong>herbam</strong></span> <span class='ocrx_word' id='word_1_298' title='bbox 1389 2462 1515 2530; x_wconf 86' lang='lat' dir='ltr'><strong>feni.</strong></span> <span class='ocrx_word' id='word_1_299' title='bbox 1565 2463 1623 2517; x_wconf 93' lang='lat' dir='ltr'><strong>ln</strong></span> <span class='ocrx_word' id='word_1_300' title='bbox 1657 2462 1812 2517; x_wconf 87' lang='lat' dir='ltr'><strong>Eden</strong></span> <span class='ocrx_word' id='word_1_301' title='bbox 1846 2464 1996 2517; x_wconf 89' lang='lat' dir='ltr'><strong>enim</strong></span> 
     </span>
    </p>
   </div>
   <div class='ocr_carea' id='block_1_41' title="bbox 421 2548 2000 2623">
    <p class='ocr_par' dir='ltr' id='par_1_41' title="bbox 421 2548 2000 2623">
     <span class='ocr_line' id='line_1_41' title="bbox 421 2548 2000 2623; baseline 0.004 -22"><span class='ocrx_word' id='word_1_302' title='bbox 421 2548 533 2602; x_wconf 83' lang='lat' dir='ltr'><strong>loco</strong></span> <span class='ocrx_word' id='word_1_303' title='bbox 566 2567 775 2619; x_wconf 10' lang='lat' dir='ltr'><strong>prasente</strong></span> <span class='ocrx_word' id='word_1_304' title='bbox 812 2550 1079 2619; x_wconf 84' lang='lat' dir='ltr'><strong>paradisi,</strong></span> <span class='ocrx_word' id='word_1_305' title='bbox 1110 2552 1180 2605; x_wconf 87' lang='lat' dir='ltr'><strong>ibi</strong></span> <span class='ocrx_word' id='word_1_306' title='bbox 1241 2569 1335 2605; x_wconf 85' lang='lat' dir='ltr'><strong>nos</strong></span> <span class='ocrx_word' id='word_1_307' title='bbox 1380 2552 1692 2607; x_wconf 77' lang='lat' dir='ltr'><strong>collocavit:</strong></span> <span class='ocrx_word' id='word_1_308' title='bbox 1722 2553 1789 2607; x_wconf 81' lang='lat' dir='ltr'><strong>Et</strong></span> <span class='ocrx_word' id='word_1_309' title='bbox 1836 2571 2000 2623; x_wconf 74' lang='lat' dir='ltr'><strong>super</strong></span> 
     </span>
    </p>
   </div>
   <div class='ocr_carea' id='block_1_42' title="bbox 418 2644 1999 2715">
    <p class='ocr_par' dir='ltr' id='par_1_42' title="bbox 418 2644 1999 2715">
     <span class='ocr_line' id='line_1_42' title="bbox 418 2644 1999 2715; baseline 0.004 -21"><span class='ocrx_word' id='word_1_310' title='bbox 418 2657 613 2712; x_wconf 83' lang='lat' dir='ltr'><strong>aquam</strong></span> <span class='ocrx_word' id='word_1_311' title='bbox 639 2644 826 2711; x_wconf 82' lang='lat' dir='ltr'><strong>quietis</strong></span> <span class='ocrx_word' id='word_1_312' title='bbox 850 2644 1087 2696; x_wconf 73' lang='lat' dir='ltr'><strong>educavit</strong></span> <span class='ocrx_word' id='word_1_313' title='bbox 1114 2653 1162 2695; x_wconf 89' lang='lat' dir='ltr'><strong>et</strong></span> <span class='ocrx_word' id='word_1_314' title='bbox 1185 2646 1436 2696; x_wconf 82' lang='lat' dir='ltr'><strong>convertit</strong></span> <span class='ocrx_word' id='word_1_315' title='bbox 1473 2644 1514 2709; x_wconf 87' lang='grc'><strong>⁷,</strong></span> <span class='ocrx_word' id='word_1_316' title='bbox 1542 2646 1744 2699; x_wconf 90' lang='lat' dir='ltr'><strong>amotis</strong></span> <span class='ocrx_word' id='word_1_317' title='bbox 1766 2646 1834 2699; x_wconf 86' lang='lat' dir='ltr'><strong>ab</strong></span> <span class='ocrx_word' id='word_1_318' title='bbox 1855 2662 1999 2715; x_wconf 91' lang='lat' dir='ltr'><strong>aqua</strong></span> 
     </span>
    </p>
   </div>
   <div class='ocr_carea' id='block_1_43' title="bbox 418 2736 2049 2807">
    <p class='ocr_par' dir='ltr' id='par_1_43' title="bbox 418 2736 2049 2807">
     <span class='ocr_line' id='line_1_43' title="bbox 418 2736 2049 2807; baseline 0.001 -17"><span class='ocrx_word' id='word_1_319' title='bbox 418 2737 703 2790; x_wconf 81' lang='lat' dir='ltr'><strong>veteribus</strong></span> <span class='ocrx_word' id='word_1_320' title='bbox 734 2736 1002 2797; x_wconf 88' lang='lat' dir='ltr'><strong>tenebris,</strong></span> <span class='ocrx_word' id='word_1_321' title='bbox 1028 2745 1083 2789; x_wconf 88' lang='lat' dir='ltr'><strong>et</strong></span> <span class='ocrx_word' id='word_1_322' title='bbox 1119 2736 1322 2805; x_wconf 76' lang='lat' dir='ltr'><strong>quietis</strong></span> <span class='ocrx_word' id='word_1_323' title='bbox 1350 2752 1491 2805; x_wconf 81' lang='lat' dir='ltr'><strong>aqua</strong></span> <span class='ocrx_word' id='word_1_324' title='bbox 1551 2736 1691 2791; x_wconf 88' lang='lat' dir='ltr'><strong>facta</strong></span> <span class='ocrx_word' id='word_1_325' title='bbox 1731 2753 1873 2807; x_wconf 89' lang='lat' dir='ltr'><strong>aqua</strong></span> <span class='ocrx_word' id='word_1_326' title='bbox 1904 2738 1999 2792; x_wconf 86' lang='lat' dir='ltr'><strong>ba-</strong></span> <span class='ocrx_word' id='word_1_327' title='bbox 2022 2740 2049 2753; x_wconf 79' lang='grc'><strong>⁹</strong></span> 
     </span>
    </p>
   </div>
   <div class='ocr_carea' id='block_1_44' title="bbox 415 2828 1995 2899">
    <p class='ocr_par' dir='ltr' id='par_1_44' title="bbox 415 2828 1995 2899">
     <span class='ocr_line' id='line_1_44' title="bbox 415 2828 1995 2899; baseline 0.001 -17"><span class='ocrx_word' id='word_1_328' title='bbox 415 2829 720 2899; x_wconf 78' lang='lat' dir='ltr'><strong>ptismatis,</strong></span> <span class='ocrx_word' id='word_1_329' title='bbox 756 2828 810 2881; x_wconf 90' lang='lat' dir='ltr'><strong>in</strong></span> <span class='ocrx_word' id='word_1_330' title='bbox 835 2843 945 2898; x_wconf 90' lang='lat' dir='ltr'><strong>quo</strong></span> <span class='ocrx_word' id='word_1_331' title='bbox 977 2828 1291 2897; x_wconf 85' lang='lat' dir='ltr'><strong>depositum</strong></span> <span class='ocrx_word' id='word_1_332' title='bbox 1348 2837 1431 2882; x_wconf 73' lang='lat' dir='ltr'><strong>est</strong></span> <span class='ocrx_word' id='word_1_333' title='bbox 1473 2846 1613 2883; x_wconf 88' lang='lat' dir='ltr'><strong>onus</strong></span> <span class='ocrx_word' id='word_1_334' title='bbox 1645 2839 1995 2899; x_wconf 81' lang='lat' dir='ltr'><strong>peccatorum</strong></span> 
     </span>
    </p>
   </div>
   <div class='ocr_carea' id='block_1_45' title="bbox 417 2908 1995 2993">
    <p class='ocr_par' dir='ltr' id='par_1_45' title="bbox 417 2908 1995 2993">
     <span class='ocr_line' id='line_1_45' title="bbox 417 2908 1995 2993; baseline 0.001 -18"><span class='ocrx_word' id='word_1_335' title='bbox 417 2921 788 2993; x_wconf 63' lang='lat' dir='ltr'><strong>praesentibus</strong></span> <span class='ocrx_word' id='word_1_336' title='bbox 843 2929 899 2975; x_wconf 88' lang='lat' dir='ltr'><strong>et</strong></span> <span class='ocrx_word' id='word_1_337' title='bbox 951 2920 1410 2987; x_wconf 84' lang='lat' dir='ltr'><strong>redundantibus,</strong></span> <span class='ocrx_word' id='word_1_338' title='bbox 1445 2908 1514 2976; x_wconf 74' lang='lat' dir='ltr'><strong>bt</strong></span> <span class='ocrx_word' id='word_1_339' title='bbox 1553 2921 1779 2975; x_wconf 85' lang='lat' dir='ltr'><strong>fluvium</strong></span> <span class='ocrx_word' id='word_1_340' title='bbox 1831 2938 1995 2976; x_wconf 88' lang='lat' dir='ltr'><strong>manu</strong></span> 
     </span>
    </p>
   </div>
   <div class='ocr_carea' id='block_1_46' title="bbox 418 3012 1992 3081">
    <p class='ocr_par' dir='ltr' id='par_1_46' title="bbox 418 3012 1992 3081">
     <span class='ocr_line' id='line_1_46' title="bbox 418 3012 1992 3081; baseline -0.001 -12"><span class='ocrx_word' id='word_1_341' title='bbox 418 3014 759 3069; x_wconf 88' lang='lat' dir='ltr'><strong>unanimiter</strong></span> <span class='ocrx_word' id='word_1_342' title='bbox 819 3013 1140 3067; x_wconf 88' lang='lat' dir='ltr'><strong>tenentibus</strong></span> <span class='ocrx_word' id='word_1_343' title='bbox 1193 3013 1489 3081; x_wconf 81' lang='lat' dir='ltr'><strong>gentibus,</strong></span> <span class='ocrx_word' id='word_1_344' title='bbox 1545 3023 1599 3066; x_wconf 89' lang='lat' dir='ltr'><strong>et</strong></span> <span class='ocrx_word' id='word_1_345' title='bbox 1644 3012 1992 3067; x_wconf 88' lang='lat' dir='ltr'><strong>dicentibus:</strong></span> 
     </span>
    </p>
   </div>
   <div class='ocr_carea' id='block_1_47' title="bbox 420 3101 2069 3194">
    <p class='ocr_par' dir='ltr' id='par_1_47' title="bbox 420 3101 2069 3194">
     <span class='ocr_line' id='line_1_47' title="bbox 420 3101 2069 3194; baseline -0.001 -38"><span class='ocrx_word' id='word_1_346' title='bbox 420 3101 773 3156; x_wconf 85' lang='lat' dir='ltr'><strong>Exsultemus</strong></span> <span class='ocrx_word' id='word_1_347' title='bbox 820 3110 1048 3171; x_wconf 85' lang='lat' dir='ltr'><strong>propter</strong></span> <span class='ocrx_word' id='word_1_348' title='bbox 1102 3101 1342 3155; x_wconf 88' lang='lat' dir='ltr'><strong>salutare</strong></span> <span class='ocrx_word' id='word_1_349' title='bbox 1398 3109 1673 3167; x_wconf 82' lang='lat' dir='ltr'><strong>nostrum,</strong></span> <span class='ocrx_word' id='word_1_350' title='bbox 1718 3117 1818 3155; x_wconf 89' lang='lat' dir='ltr'><strong>nos</strong></span> <span class='ocrx_word' id='word_1_351' title='bbox 1847 3102 1995 3155; x_wconf 89' lang='lat' dir='ltr'><strong>enim</strong></span> <span class='ocrx_word' id='word_1_352' title='bbox 2027 3136 2069 3194; x_wconf 67' lang='grc' dir='ltr'>Ο</span> 
     </span>
    </p>
   </div>
   <div class='ocr_carea' id='block_1_48' title="bbox 418 3182 1999 3262">
    <p class='ocr_par' dir='ltr' id='par_1_48' title="bbox 418 3182 1999 3262">
     <span class='ocr_line' id='line_1_48' title="bbox 418 3182 1999 3262; baseline -0.002 -10"><span class='ocrx_word' id='word_1_353' title='bbox 418 3182 603 3253; x_wconf 85' lang='lat' dir='ltr'><strong>induit</strong></span> <span class='ocrx_word' id='word_1_354' title='bbox 637 3195 972 3250; x_wconf 83' lang='lat' dir='ltr'><strong>vestimento</strong></span> <span class='ocrx_word' id='word_1_355' title='bbox 1001 3194 1260 3249; x_wconf 87' lang='lat' dir='ltr'><strong>salutaris</strong></span> <span class='ocrx_word' id='word_1_356' title='bbox 1290 3194 1659 3262; x_wconf 88' lang='lat' dir='ltr'><strong>baptismatis,</strong></span> <span class='ocrx_word' id='word_1_357' title='bbox 1692 3205 1748 3248; x_wconf 89' lang='lat' dir='ltr'><strong>et</strong></span> <span class='ocrx_word' id='word_1_358' title='bbox 1777 3195 1999 3249; x_wconf 82' lang='lat' dir='ltr'><strong>ornavit</strong></span> 
     </span>
    </p>
   </div>
   <div class='ocr_carea' id='block_1_49' title="bbox 420 3274 1998 3358">
    <p class='ocr_par' dir='ltr' id='par_1_49' title="bbox 420 3274 1998 3358">
     <span class='ocr_line' id='line_1_49' title="bbox 420 3274 1998 3358; baseline -0.001 -16"><span class='ocrx_word' id='word_1_359' title='bbox 420 3274 683 3358; x_wconf 85' lang='lat' dir='ltr'><strong>tanquam</strong></span> <span class='ocrx_word' id='word_1_360' title='bbox 729 3288 1062 3344; x_wconf 88' lang='lat' dir='ltr'><strong>vestimento</strong></span> <span class='ocrx_word' id='word_1_361' title='bbox 1111 3286 1306 3340; x_wconf 78' lang='lat' dir='ltr'><strong>salutis</strong></span> <span class='ocrx_word' id='word_1_362' title='bbox 1349 3296 1405 3341; x_wconf 91' lang='lat' dir='ltr'><strong>et</strong></span> <span class='ocrx_word' id='word_1_363' title='bbox 1457 3287 1998 3356; x_wconf 84' lang='lat' dir='ltr'><strong>incorruptionis,et</strong></span> 
     </span>
    </p>
   </div>
   <div class='ocr_carea' id='block_1_50' title="bbox 418 3377 1997 3449">
    <p class='ocr_par' dir='ltr' id='par_1_50' title="bbox 418 3377 1997 3449">
     <span class='ocr_line' id='line_1_50' title="bbox 418 3377 1997 3449; baseline -0.003 -15"><span class='ocrx_word' id='word_1_364' title='bbox 418 3380 669 3435; x_wconf 86' lang='lat' dir='ltr'><strong>fontibus</strong></span> <span class='ocrx_word' id='word_1_365' title='bbox 702 3378 1117 3449; x_wconf 82' lang='lat' dir='ltr'><strong>Seripturarum</strong></span> <span class='ocrx_word' id='word_1_366' title='bbox 1156 3379 1595 3432; x_wconf 87' lang='lat' dir='ltr'><strong>scaturientibus</strong></span> <span class='ocrx_word' id='word_1_367' title='bbox 1625 3388 1681 3431; x_wconf 89' lang='lat' dir='ltr'><strong>et</strong></span> <span class='ocrx_word' id='word_1_368' title='bbox 1722 3377 1776 3431; x_wconf 92' lang='lat' dir='ltr'><strong>in</strong></span> <span class='ocrx_word' id='word_1_369' title='bbox 1807 3377 1997 3431; x_wconf 80' lang='lat' dir='ltr'><strong>Eccle-</strong></span> 
     </span>
    </p>
   </div>
   <div class='ocr_carea' id='block_1_51' title="bbox 420 3469 1993 3529">
    <p class='ocr_par' dir='ltr' id='par_1_51' title="bbox 420 3469 1993 3529">
     <span class='ocr_line' id='line_1_51' title="bbox 420 3469 1993 3529; baseline -0.003 -1"><span class='ocrx_word' id='word_1_370' title='bbox 420 3469 502 3529; x_wconf 81' lang='lat' dir='ltr'><strong>sia</strong></span> <span class='ocrx_word' id='word_1_371' title='bbox 521 3474 691 3528; x_wconf 89' lang='lat' dir='ltr'><strong>Deum</strong></span> <span class='ocrx_word' id='word_1_372' title='bbox 716 3473 1175 3528; x_wconf 86' lang='lat' dir='ltr'><strong>benedicentibus</strong></span> <span class='ocrx_word' id='word_1_373' title='bbox 1208 3480 1264 3527; x_wconf 90' lang='lat' dir='ltr'><strong>et</strong></span> <span class='ocrx_word' id='word_1_374' title='bbox 1292 3472 1585 3526; x_wconf 89' lang='lat' dir='ltr'><strong>Dominum</strong></span> <span class='ocrx_word' id='word_1_375' title='bbox 1613 3472 1800 3528; x_wconf 83' lang='lat' dir='ltr'><strong>Jesum</strong></span> <span class='ocrx_word' id='word_1_376' title='bbox 1836 3470 1993 3526; x_wconf 86' lang='lat' dir='ltr'><strong>Chri-</strong></span> 
     </span>
    </p>
   </div>
   <div class='ocr_carea' id='block_1_52' title="bbox 421 3563 1998 3637">
    <p class='ocr_par' dir='ltr' id='par_1_52' title="bbox 421 3563 1998 3637">
     <span class='ocr_line' id='line_1_52' title="bbox 421 3563 1998 3637; baseline -0.001 -17"><span class='ocrx_word' id='word_1_377' title='bbox 421 3576 598 3620; x_wconf 87' lang='lat' dir='ltr'><strong>stmn:</strong></span> <span class='ocrx_word' id='word_1_378' title='bbox 654 3566 760 3621; x_wconf 88' lang='lat' dir='ltr'><strong>hoc</strong></span> <span class='ocrx_word' id='word_1_379' title='bbox 816 3574 900 3620; x_wconf 88' lang='lat' dir='ltr'><strong>est</strong></span> <span class='ocrx_word' id='word_1_380' title='bbox 949 3566 1229 3637; x_wconf 75' lang='lat' dir='ltr'><strong>gentibus,</strong></span> <span class='ocrx_word' id='word_1_381' title='bbox 1280 3581 1348 3620; x_wconf 82' lang='lat' dir='ltr'><strong>ex</strong></span> <span class='ocrx_word' id='word_1_382' title='bbox 1387 3565 1633 3620; x_wconf 91' lang='lat' dir='ltr'><strong>fontibus</strong></span> <span class='ocrx_word' id='word_1_383' title='bbox 1678 3563 1998 3634; x_wconf 79' lang='lat' dir='ltr'><strong>apostolicis</strong></span> 
     </span>
    </p>
   </div>
   <div class='ocr_carea' id='block_1_53' title="bbox 419 3656 1999 3727">
    <p class='ocr_par' dir='ltr' id='par_1_53' title="bbox 419 3656 1999 3727">
     <span class='ocr_line' id='line_1_53' title="bbox 419 3656 1999 3727; baseline -0.004 -14"><span class='ocrx_word' id='word_1_384' title='bbox 419 3656 609 3713; x_wconf 84' lang='lat' dir='ltr'><strong>Israel.</strong></span> <span class='ocrx_word' id='word_1_385' title='bbox 644 3657 803 3711; x_wconf 88' lang='lat' dir='ltr'><strong>llliuc</strong></span> <span class='ocrx_word' id='word_1_386' title='bbox 821 3657 1065 3711; x_wconf 88' lang='lat' dir='ltr'><strong>enimcst</strong></span> <span class='ocrx_word' id='word_1_387' title='bbox 1090 3673 1265 3727; x_wconf 84' lang='lat' dir='ltr'><strong>genus</strong></span> <span class='ocrx_word' id='word_1_388' title='bbox 1292 3657 1497 3726; x_wconf 87' lang='lat' dir='ltr'><strong>ipsius:</strong></span> <span class='ocrx_word' id='word_1_389' title='bbox 1530 3657 1598 3710; x_wconf 86' lang='lat' dir='ltr'><strong>Et</strong></span> <span class='ocrx_word' id='word_1_390' title='bbox 1631 3670 1798 3725; x_wconf 89' lang='lat' dir='ltr'><strong>super</strong></span> <span class='ocrx_word' id='word_1_391' title='bbox 1838 3670 1999 3708; x_wconf 88' lang='lat' dir='ltr'><strong>mon-</strong></span> 
     </span>
    </p>
   </div>
   <div class='ocr_carea' id='block_1_54' title="bbox 422 3745 2000 3819">
    <p class='ocr_par' dir='ltr' id='par_1_54' title="bbox 422 3745 2000 3819">
     <span class='ocr_line' id='line_1_54' title="bbox 422 3745 2000 3819; baseline -0.004 -14"><span class='ocrx_word' id='word_1_392' title='bbox 422 3760 505 3806; x_wconf 82' lang='lat' dir='ltr'><strong>tes</strong></span> <span class='ocrx_word' id='word_1_393' title='bbox 548 3750 919 3806; x_wconf 76' lang='lat' dir='ltr'><strong>Ecclesiarum</strong></span> <span class='ocrx_word' id='word_1_394' title='bbox 946 3749 1227 3803; x_wconf 85' lang='lat' dir='ltr'><strong>stantibus</strong></span> <span class='ocrx_word' id='word_1_395' title='bbox 1251 3748 1412 3819; x_wconf 88' lang='lat' dir='ltr'><strong>aquis</strong></span> <span class='ocrx_word' id='word_1_396' title='bbox 1444 3749 1777 3819; x_wconf 90' lang='lat' dir='ltr'><strong>populorum</strong></span> <span class='ocrx_word' id='word_1_397' title='bbox 1814 3745 2000 3816; x_wconf 88' lang='lat' dir='ltr'><strong>bapti-</strong></span> 
     </span>
    </p>
   </div>
   <div class='ocr_carea' id='block_1_55' title="bbox 420 3840 1999 3913">
    <p class='ocr_par' dir='ltr' id='par_1_55' title="bbox 420 3840 1999 3913">
     <span class='ocr_line' id='line_1_55' title="bbox 420 3840 1999 3913; baseline -0.003 -16"><span class='ocrx_word' id='word_1_398' title='bbox 420 3854 668 3898; x_wconf 89' lang='lat' dir='ltr'><strong>zatorum</strong></span> <span class='ocrx_word' id='word_1_399' title='bbox 712 3844 986 3913; x_wconf 76' lang='lat' dir='ltr'><strong>germinet</strong></span> <span class='ocrx_word' id='word_1_400' title='bbox 1034 3852 1181 3897; x_wconf 81' lang='lat' dir='ltr'><strong>terra</strong></span> <span class='ocrx_word' id='word_1_401' title='bbox 1246 3843 1527 3913; x_wconf 76' lang='lat' dir='ltr'><strong>gentium,</strong></span> <span class='ocrx_word' id='word_1_402' title='bbox 1579 3857 1743 3911; x_wconf 88' lang='lat' dir='ltr'><strong>quam</strong></span> <span class='ocrx_word' id='word_1_403' title='bbox 1801 3840 1999 3910; x_wconf 90' lang='lat' dir='ltr'><strong>procul</strong></span> 
     </span>
    </p>
   </div>
   <div class='ocr_carea' id='block_1_56' title="bbox 417 3934 1999 3996">
    <p class='ocr_par' dir='ltr' id='par_1_56' title="bbox 417 3934 1999 3996">
     <span class='ocr_line' id='line_1_56' title="bbox 417 3934 1999 3996; baseline -0.003 -5"><span class='ocrx_word' id='word_1_404' title='bbox 417 3936 715 3991; x_wconf 86' lang='lat' dir='ltr'><strong>annuntiat</strong></span> <span class='ocrx_word' id='word_1_405' title='bbox 747 3936 939 3991; x_wconf 88' lang='lat' dir='ltr'><strong>dicens</strong></span> <span class='ocrx_word' id='word_1_406' title='bbox 964 3954 975 3989; x_wconf 90' lang='lat'><strong>:</strong></span> <span class='ocrx_word' id='word_1_407' title='bbox 1011 3934 1213 3990; x_wconf 84' lang='lat' dir='ltr'><strong>Veritas</strong></span> <span class='ocrx_word' id='word_1_408' title='bbox 1239 3936 1302 3988; x_wconf 86' lang='lat' dir='ltr'><strong>de</strong></span> <span class='ocrx_word' id='word_1_409' title='bbox 1330 3944 1473 3988; x_wconf 88' lang='lat' dir='ltr'><strong>terra</strong></span> <span class='ocrx_word' id='word_1_410' title='bbox 1498 3942 1613 3989; x_wconf 88' lang='lat' dir='ltr'><strong>orta</strong></span> <span class='ocrx_word' id='word_1_411' title='bbox 1656 3942 1751 3996; x_wconf 82' lang='lat' dir='ltr'><strong>est,</strong></span> <span class='ocrx_word' id='word_1_412' title='bbox 1783 3943 1830 3986; x_wconf 90' lang='lat' dir='ltr'><strong>et</strong></span> <span class='ocrx_word' id='word_1_413' title='bbox 1856 3942 1999 3987; x_wconf 84' lang='lat' dir='ltr'><strong>terra</strong></span> 
     </span>
    </p>
   </div>
   <div class='ocr_carea' id='block_1_57' title="bbox 418 4024 1998 4097">
    <p class='ocr_par' dir='ltr' id='par_1_57' title="bbox 418 4024 1998 4097">
     <span class='ocr_line' id='line_1_57' title="bbox 418 4024 1998 4097; baseline -0.003 -16"><span class='ocrx_word' id='word_1_414' title='bbox 418 4036 600 4081; x_wconf 84' lang='lat' dir='ltr'><strong>nostra</strong></span> <span class='ocrx_word' id='word_1_415' title='bbox 631 4027 775 4095; x_wconf 76' lang='lat' dir='ltr'><strong>dabit</strong></span> <span class='ocrx_word' id='word_1_416' title='bbox 798 4027 1027 4097; x_wconf 84' lang='lat' dir='ltr'><strong>fructum</strong></span> <span class='ocrx_word' id='word_1_417' title='bbox 1080 4043 1235 4081; x_wconf 85' lang='lat' dir='ltr'><strong>suum</strong></span> <span class='ocrx_word' id='word_1_418' title='bbox 1268 4026 1310 4078; x_wconf 78' lang='lat'><strong>&quot;.</strong></span> <span class='ocrx_word' id='word_1_419' title='bbox 1360 4024 1632 4090; x_wconf 86' lang='lat' dir='ltr'><strong>Quoniam</strong></span> <span class='ocrx_word' id='word_1_420' title='bbox 1682 4025 1822 4079; x_wconf 90' lang='lat' dir='ltr'><strong>bene</strong></span> <span class='ocrx_word' id='word_1_421' title='bbox 1847 4040 1998 4078; x_wconf 86' lang='lat' dir='ltr'><strong>com-</strong></span> 
     </span>
    </p>
   </div>
   <div class='ocr_carea' id='block_1_58' title="bbox 416 4117 1996 4193">
    <p class='ocr_par' dir='ltr' id='par_1_58' title="bbox 416 4117 1996 4193">
     <span class='ocr_line' id='line_1_58' title="bbox 416 4117 1996 4193; baseline -0.004 -16"><span class='ocrx_word' id='word_1_422' title='bbox 416 4122 626 4193; x_wconf 88' lang='lat' dir='ltr'><strong>placuit</strong></span> <span class='ocrx_word' id='word_1_423' title='bbox 649 4122 769 4182; x_wconf 87' lang='lat' dir='ltr'><strong>tibi,</strong></span> <span class='ocrx_word' id='word_1_424' title='bbox 796 4122 1048 4185; x_wconf 86' lang='lat' dir='ltr'><strong>Domine,</strong></span> <span class='ocrx_word' id='word_1_425' title='bbox 1069 4130 1217 4177; x_wconf 90' lang='lat' dir='ltr'><strong>terra</strong></span> <span class='ocrx_word' id='word_1_426' title='bbox 1239 4129 1351 4185; x_wconf 87' lang='lat' dir='ltr'><strong>tua,</strong></span> <span class='ocrx_word' id='word_1_427' title='bbox 1378 4136 1501 4190; x_wconf 61' lang='lat' dir='ltr'><strong>quas</strong></span> <span class='ocrx_word' id='word_1_428' title='bbox 1518 4118 1765 4176; x_wconf 89' lang='lat' dir='ltr'><strong>audiitet</strong></span> <span class='ocrx_word' id='word_1_429' title='bbox 1785 4117 1996 4172; x_wconf 88' lang='lat' dir='ltr'><strong>obediit</strong></span> 
     </span>
    </p>
   </div>
   <div class='ocr_carea' id='block_1_59' title="bbox 415 4208 1992 4305">
    <p class='ocr_par' dir='ltr' id='par_1_59' title="bbox 415 4208 1992 4305">
     <span class='ocr_line' id='line_1_59' title="bbox 415 4208 1992 4305; baseline -0.003 -36"><span class='ocrx_word' id='word_1_430' title='bbox 415 4215 468 4269; x_wconf 89' lang='lat' dir='ltr'><strong>ei</strong></span> <span class='ocrx_word' id='word_1_431' title='bbox 492 4214 795 4305; x_wconf 57' lang='lat' dir='ltr'><strong>qui&#39;ipsam</strong></span> <span class='ocrx_word' id='word_1_432' title='bbox 826 4214 1102 4269; x_wconf 88' lang='lat' dir='ltr'><strong>convertit</strong></span> <span class='ocrx_word' id='word_1_433' title='bbox 1129 4222 1187 4268; x_wconf 88' lang='lat' dir='ltr'><strong>et</strong></span> <span class='ocrx_word' id='word_1_434' title='bbox 1223 4213 1397 4269; x_wconf 83' lang='lat' dir='ltr'><strong>dixit:</strong></span> <span class='ocrx_word' id='word_1_435' title='bbox 1434 4211 1703 4268; x_wconf 81' lang='lat' dir='ltr'><strong>Cerminet</strong></span> <span class='ocrx_word' id='word_1_436' title='bbox 1745 4208 1992 4265; x_wconf 88' lang='lat' dir='ltr'><strong>Ecclesia</strong></span> 
     </span>
    </p>
   </div>
   <div class='ocr_carea' id='block_1_60' title="bbox 2106 1912 3682 1987">
    <p class='ocr_par' dir='ltr' id='par_1_60' title="bbox 2106 1912 3682 1987">
     <span class='ocr_line' id='line_1_60' title="bbox 2106 1912 3682 1987; baseline -0.004 -17"><span class='ocrx_word' id='word_1_437' title='bbox 2106 1928 2207 1980; x_wconf 89' lang='lat' dir='ltr'><strong>tes,</strong></span> <span class='ocrx_word' id='word_1_438' title='bbox 2262 1915 2524 1987; x_wconf 89' lang='lat' dir='ltr'><strong>quoniam</strong></span> <span class='ocrx_word' id='word_1_439' title='bbox 2562 1914 2741 1984; x_wconf 85' lang='lat' dir='ltr'><strong>justus</strong></span> <span class='ocrx_word' id='word_1_440' title='bbox 2799 1923 3059 1983; x_wconf 84' lang='lat' dir='ltr'><strong>tanquam</strong></span> <span class='ocrx_word' id='word_1_441' title='bbox 3114 1912 3296 1983; x_wconf 87' lang='lat' dir='ltr'><strong>palma</strong></span> <span class='ocrx_word' id='word_1_442' title='bbox 3351 1912 3558 1983; x_wconf 87' lang='lat' dir='ltr'><strong>florebit</strong></span> <span class='ocrx_word' id='word_1_443' title='bbox 3616 1912 3682 1975; x_wconf 90' lang='lat'><strong>”,</strong></span> 
     </span>
    </p>
   </div>
   <div class='ocr_carea' id='block_1_61' title="bbox 2103 2004 3684 2079">
    <p class='ocr_par' dir='ltr' id='par_1_61' title="bbox 2103 2004 3684 2079">
     <span class='ocr_line' id='line_1_61' title="bbox 2103 2004 3684 2079; baseline -0.005 -15"><span class='ocrx_word' id='word_1_444' title='bbox 2103 2009 2240 2065; x_wconf 89' lang='lat' dir='ltr'><strong>alios</strong></span> <span class='ocrx_word' id='word_1_445' title='bbox 2262 2024 2481 2079; x_wconf 88' lang='lat' dir='ltr'><strong>quoque</strong></span> <span class='ocrx_word' id='word_1_446' title='bbox 2509 2007 2723 2061; x_wconf 88' lang='lat' dir='ltr'><strong>fructus</strong></span> <span class='ocrx_word' id='word_1_447' title='bbox 2754 2005 2981 2060; x_wconf 88' lang='lat' dir='ltr'><strong>seminis</strong></span> <span class='ocrx_word' id='word_1_448' title='bbox 3024 2004 3370 2074; x_wconf 88' lang='lat' dir='ltr'><strong>impertiens.</strong></span> <span class='ocrx_word' id='word_1_449' title='bbox 3420 2012 3482 2056; x_wconf 92' lang='lat' dir='ltr'><strong>ut</strong></span> <span class='ocrx_word' id='word_1_450' title='bbox 3520 2019 3684 2057; x_wconf 65' lang='lat' dir='ltr'><strong>muno</strong></span> 
     </span>
    </p>
   </div>
   <div class='ocr_carea' id='block_1_62' title="bbox 2102 2093 3684 2166">
    <p class='ocr_par' dir='ltr' id='par_1_62' title="bbox 2102 2093 3684 2166">
     <span class='ocr_line' id='line_1_62' title="bbox 2102 2093 3684 2166; baseline -0.005 -12"><span class='ocrx_word' id='word_1_451' title='bbox 2102 2100 2206 2154; x_wconf 87' lang='lat' dir='ltr'><strong>dus</strong></span> <span class='ocrx_word' id='word_1_452' title='bbox 2230 2097 2396 2154; x_wconf 90' lang='lat' dir='ltr'><strong>corde</strong></span> <span class='ocrx_word' id='word_1_453' title='bbox 2427 2107 2483 2152; x_wconf 90' lang='lat' dir='ltr'><strong>et</strong></span> <span class='ocrx_word' id='word_1_454' title='bbox 2514 2106 2772 2166; x_wconf 85' lang='lat' dir='ltr'><strong>tanquam</strong></span> <span class='ocrx_word' id='word_1_455' title='bbox 2799 2095 3001 2150; x_wconf 90' lang='lat' dir='ltr'><strong>cedrus</strong></span> <span class='ocrx_word' id='word_1_456' title='bbox 3034 2110 3157 2164; x_wconf 65' lang='lat' dir='ltr'><strong>quae</strong></span> <span class='ocrx_word' id='word_1_457' title='bbox 3190 2094 3243 2147; x_wconf 91' lang='lat' dir='ltr'><strong>in</strong></span> <span class='ocrx_word' id='word_1_458' title='bbox 3281 2093 3514 2157; x_wconf 87' lang='lat' dir='ltr'><strong>Libano,</strong></span> <span class='ocrx_word' id='word_1_459' title='bbox 3540 2093 3684 2147; x_wconf 92' lang='lat' dir='ltr'><strong>mul-</strong></span> 
     </span>
    </p>
   </div>
   <div class='ocr_carea' id='block_1_63' title="bbox 2102 2185 3682 2264">
    <p class='ocr_par' dir='ltr' id='par_1_63' title="bbox 2102 2185 3682 2264">
     <span class='ocr_line' id='line_1_63' title="bbox 2102 2185 3682 2264; baseline -0.004 -17"><span class='ocrx_word' id='word_1_460' title='bbox 2102 2193 2359 2264; x_wconf 90' lang='lat' dir='ltr'><strong>tiplicans</strong></span> <span class='ocrx_word' id='word_1_461' title='bbox 2385 2200 2439 2247; x_wconf 87' lang='lat' dir='ltr'><strong>et</strong></span> <span class='ocrx_word' id='word_1_462' title='bbox 2475 2189 2792 2245; x_wconf 64' lang='lat' dir='ltr'><strong>laetificans:</strong></span> <span class='ocrx_word' id='word_1_463' title='bbox 2833 2189 3101 2258; x_wconf 86' lang='lat' dir='ltr'><strong>quoniam</strong></span> <span class='ocrx_word' id='word_1_464' title='bbox 3153 2185 3494 2241; x_wconf 72' lang='lat' dir='ltr'><strong>lmtabuntur</strong></span> <span class='ocrx_word' id='word_1_465' title='bbox 3533 2186 3682 2256; x_wconf 88' lang='lat' dir='ltr'><strong>ejus-</strong></span> 
     </span>
    </p>
   </div>
   <div class='ocr_carea' id='block_1_64' title="bbox 2101 2276 3681 2352">
    <p class='ocr_par' dir='ltr' id='par_1_64' title="bbox 2101 2276 3681 2352">
     <span class='ocr_line' id='line_1_64' title="bbox 2101 2276 3681 2352; baseline -0.004 -16"><span class='ocrx_word' id='word_1_466' title='bbox 2101 2282 2250 2337; x_wconf 88' lang='lat' dir='ltr'><strong>modi</strong></span> <span class='ocrx_word' id='word_1_467' title='bbox 2278 2282 2427 2352; x_wconf 82' lang='lat' dir='ltr'><strong>ligna</strong></span> <span class='ocrx_word' id='word_1_468' title='bbox 2453 2280 2671 2336; x_wconf 83' lang='lat' dir='ltr'><strong>Domini</strong></span> <span class='ocrx_word' id='word_1_469' title='bbox 2703 2277 3043 2352; x_wconf 62' lang='lat' dir='ltr'><strong>cunrcedris</strong></span> <span class='ocrx_word' id='word_1_470' title='bbox 3090 2276 3185 2331; x_wconf 89' lang='lat' dir='ltr'><strong>alti</strong></span> <span class='ocrx_word' id='word_1_471' title='bbox 3226 2276 3445 2339; x_wconf 88' lang='lat' dir='ltr'><strong>Libani,</strong></span> <span class='ocrx_word' id='word_1_472' title='bbox 3482 2291 3681 2345; x_wconf 88' lang='lat' dir='ltr'><strong>nempe</strong></span> 
     </span>
    </p>
   </div>
   <div class='ocr_carea' id='block_1_65' title="bbox 2101 2348 3683 2440">
    <p class='ocr_par' dir='ltr' id='par_1_65' title="bbox 2101 2348 3683 2440">
     <span class='ocr_line' id='line_1_65' title="bbox 2101 2348 3683 2440; baseline -0.005 -13"><span class='ocrx_word' id='word_1_473' title='bbox 2101 2348 2423 2428; x_wconf 68' lang='lat' dir='ltr'><strong>coelestibus</strong></span> <span class='ocrx_word' id='word_1_474' title='bbox 2449 2369 2820 2440; x_wconf 84' lang='lat' dir='ltr'><strong>potestatibus</strong></span> <span class='ocrx_word' id='word_1_475' title='bbox 2844 2348 2984 2439; x_wconf 70' lang='lat' dir='ltr'><strong>quas</strong></span> <span class='ocrx_word' id='word_1_476' title='bbox 3026 2369 3295 2422; x_wconf 90' lang='lat' dir='ltr'><strong>Dominus</strong></span> <span class='ocrx_word' id='word_1_477' title='bbox 3330 2367 3597 2437; x_wconf 82' lang='lat' dir='ltr'><strong>plantavit</strong></span> <span class='ocrx_word' id='word_1_478' title='bbox 3626 2374 3683 2420; x_wconf 90' lang='lat' dir='ltr'><strong>et</strong></span> 
     </span>
    </p>
   </div>
   <div class='ocr_carea' id='block_1_66' title="bbox 2100 2455 3683 2529">
    <p class='ocr_par' dir='ltr' id='par_1_66' title="bbox 2100 2455 3683 2529">
     <span class='ocr_line' id='line_1_66' title="bbox 2100 2455 3683 2529; baseline -0.004 -11"><span class='ocrx_word' id='word_1_479' title='bbox 2100 2481 2209 2518; x_wconf 88' lang='lat' dir='ltr'><strong>non</strong></span> <span class='ocrx_word' id='word_1_480' title='bbox 2241 2464 2427 2517; x_wconf 88' lang='lat' dir='ltr'><strong>homo.</strong></span> <span class='ocrx_word' id='word_1_481' title='bbox 2490 2460 2571 2515; x_wconf 88' lang='lat' dir='ltr'><strong>Tu</strong></span> <span class='ocrx_word' id='word_1_482' title='bbox 2630 2469 2817 2515; x_wconf 88' lang='lat' dir='ltr'><strong>autem</strong></span> <span class='ocrx_word' id='word_1_483' title='bbox 2871 2459 3097 2529; x_wconf 89' lang='lat' dir='ltr'><strong>quando</strong></span> <span class='ocrx_word' id='word_1_484' title='bbox 3144 2457 3305 2512; x_wconf 88' lang='lat' dir='ltr'><strong>audis</strong></span> <span class='ocrx_word' id='word_1_485' title='bbox 3359 2455 3508 2527; x_wconf 88' lang='lat' dir='ltr'><strong>quod</strong></span> <span class='ocrx_word' id='word_1_486' title='bbox 3557 2464 3683 2526; x_wconf 87' lang='lat' dir='ltr'><strong>post</strong></span> 
     </span>
    </p>
   </div>
   <div class='ocr_carea' id='block_1_67' title="bbox 2100 2548 3682 2623">
    <p class='ocr_par' dir='ltr' id='par_1_67' title="bbox 2100 2548 3682 2623">
     <span class='ocr_line' id='line_1_67' title="bbox 2100 2548 3682 2623; baseline -0.004 -15"><span class='ocrx_word' id='word_1_487' title='bbox 2100 2554 2410 2623; x_wconf 88' lang='lat' dir='ltr'><strong>simplicius</strong></span> <span class='ocrx_word' id='word_1_488' title='bbox 2448 2560 2505 2606; x_wconf 89' lang='lat' dir='ltr'><strong>et</strong></span> <span class='ocrx_word' id='word_1_489' title='bbox 2527 2551 2831 2605; x_wconf 84' lang='lat' dir='ltr'><strong>delicatum</strong></span> <span class='ocrx_word' id='word_1_490' title='bbox 2858 2549 3298 2603; x_wconf 89' lang='lat' dir='ltr'><strong>contrimentum</strong></span> <span class='ocrx_word' id='word_1_491' title='bbox 3324 2548 3514 2603; x_wconf 72' lang='lat' dir='ltr'><strong>herba:</strong></span> <span class='ocrx_word' id='word_1_492' title='bbox 3539 2548 3682 2603; x_wconf 82' lang='lat' dir='ltr'><strong>Ver-</strong></span> 
     </span>
    </p>
   </div>
   <div class='ocr_carea' id='block_1_68' title="bbox 2104 2639 3682 2712">
    <p class='ocr_par' dir='ltr' id='par_1_68' title="bbox 2104 2639 3682 2712">
     <span class='ocr_line' id='line_1_68' title="bbox 2104 2639 3682 2712; baseline -0.002 -15"><span class='ocrx_word' id='word_1_493' title='bbox 2104 2644 2181 2707; x_wconf 89' lang='lat' dir='ltr'><strong>bi,</strong></span> <span class='ocrx_word' id='word_1_494' title='bbox 2212 2659 2380 2712; x_wconf 90' lang='lat' dir='ltr'><strong>quam</strong></span> <span class='ocrx_word' id='word_1_495' title='bbox 2434 2651 2496 2696; x_wconf 90' lang='lat' dir='ltr'><strong>ut</strong></span> <span class='ocrx_word' id='word_1_496' title='bbox 2529 2642 2794 2696; x_wconf 87' lang='lat' dir='ltr'><strong>convenit</strong></span> <span class='ocrx_word' id='word_1_497' title='bbox 2833 2641 3026 2712; x_wconf 86' lang='lat' dir='ltr'><strong>jussus</strong></span> <span class='ocrx_word' id='word_1_498' title='bbox 3076 2652 3162 2695; x_wconf 91' lang='lat' dir='ltr'><strong>est</strong></span> <span class='ocrx_word' id='word_1_499' title='bbox 3212 2640 3420 2706; x_wconf 90' lang='lat' dir='ltr'><strong>colere,</strong></span> <span class='ocrx_word' id='word_1_500' title='bbox 3479 2639 3682 2694; x_wconf 88' lang='lat' dir='ltr'><strong>deinde</strong></span> 
     </span>
    </p>
   </div>
   <div class='ocr_carea' id='block_1_69' title="bbox 2099 2720 3683 2804">
    <p class='ocr_par' dir='ltr' id='par_1_69' title="bbox 2099 2720 3683 2804">
     <span class='ocr_line' id='line_1_69' title="bbox 2099 2720 3683 2804; baseline -0.004 -14"><span class='ocrx_word' id='word_1_501' title='bbox 2099 2732 2524 2804; x_wconf 87' lang='lat' dir='ltr'><strong>etiamjubetur</strong></span> <span class='ocrx_word' id='word_1_502' title='bbox 2584 2731 2769 2785; x_wconf 89' lang='lat' dir='ltr'><strong>colere</strong></span> <span class='ocrx_word' id='word_1_503' title='bbox 2820 2730 3025 2801; x_wconf 79' lang='lat' dir='ltr'><strong>lignum</strong></span> <span class='ocrx_word' id='word_1_504' title='bbox 3077 2720 3421 2802; x_wconf 81' lang='lat' dir='ltr'><strong>fructiferum</strong></span> <span class='ocrx_word' id='word_1_505' title='bbox 3479 2730 3683 2801; x_wconf 79' lang='lat' dir='ltr'><strong>faciem</strong></span> 
     </span>
    </p>
   </div>
   <div class='ocr_carea' id='block_1_70' title="bbox 2099 2823 3681 2897">
    <p class='ocr_par' dir='ltr' id='par_1_70' title="bbox 2099 2823 3681 2897">
     <span class='ocr_line' id='line_1_70' title="bbox 2099 2823 3681 2897; baseline 0.001 -18"><span class='ocrx_word' id='word_1_506' title='bbox 2099 2827 2352 2897; x_wconf 86' lang='lat' dir='ltr'><strong>fructum,</strong></span> <span class='ocrx_word' id='word_1_507' title='bbox 2387 2826 2545 2895; x_wconf 88' lang='lat' dir='ltr'><strong>cujus</strong></span> <span class='ocrx_word' id='word_1_508' title='bbox 2566 2840 2755 2880; x_wconf 87' lang='lat' dir='ltr'><strong>semen</strong></span> <span class='ocrx_word' id='word_1_509' title='bbox 2774 2825 2828 2879; x_wconf 89' lang='lat' dir='ltr'><strong>in</strong></span> <span class='ocrx_word' id='word_1_510' title='bbox 2848 2823 3190 2897; x_wconf 90' lang='lat' dir='ltr'><strong>formajussa</strong></span> <span class='ocrx_word' id='word_1_511' title='bbox 3225 2826 3520 2896; x_wconf 84' lang='lat' dir='ltr'><strong>germinat,</strong></span> <span class='ocrx_word' id='word_1_512' title='bbox 3541 2825 3681 2880; x_wconf 89' lang='lat' dir='ltr'><strong>nihil</strong></span> 
     </span>
    </p>
   </div>
   <div class='ocr_carea' id='block_1_71' title="bbox 2104 2918 3681 2989">
    <p class='ocr_par' dir='ltr' id='par_1_71' title="bbox 2104 2918 3681 2989">
     <span class='ocr_line' id='line_1_71' title="bbox 2104 2918 3681 2989; baseline 0.001 -17"><span class='ocrx_word' id='word_1_513' title='bbox 2104 2919 2253 2973; x_wconf 87' lang='lat' dir='ltr'><strong>aliud</strong></span> <span class='ocrx_word' id='word_1_514' title='bbox 2282 2918 2563 2989; x_wconf 81' lang='lat' dir='ltr'><strong>intelliges</strong></span> <span class='ocrx_word' id='word_1_515' title='bbox 2597 2934 2761 2988; x_wconf 89' lang='lat' dir='ltr'><strong>quam</strong></span> <span class='ocrx_word' id='word_1_516' title='bbox 2798 2918 3111 2988; x_wconf 89' lang='lat' dir='ltr'><strong>passionem</strong></span> <span class='ocrx_word' id='word_1_517' title='bbox 3146 2920 3350 2983; x_wconf 89' lang='lat' dir='ltr'><strong>crucis,</strong></span> <span class='ocrx_word' id='word_1_518' title='bbox 3386 2918 3681 2974; x_wconf 77' lang='lat' dir='ltr'><strong>Mosaicam</strong></span> 
     </span>
    </p>
   </div>
   <div class='ocr_carea' id='block_1_72' title="bbox 2101 2999 3683 3082">
    <p class='ocr_par' dir='ltr' id='par_1_72' title="bbox 2101 2999 3683 3082">
     <span class='ocr_line' id='line_1_72' title="bbox 2101 2999 3683 3082; baseline 0.001 -18"><span class='ocrx_word' id='word_1_519' title='bbox 2101 3011 2450 3082; x_wconf 89' lang='lat' dir='ltr'><strong>prophetiam</strong></span> <span class='ocrx_word' id='word_1_520' title='bbox 2480 2999 2642 3065; x_wconf 69' lang='lat' dir='ltr'><strong>nobi&#39;s</strong></span> <span class='ocrx_word' id='word_1_521' title='bbox 2664 3026 2977 3080; x_wconf 88' lang='lat' dir='ltr'><strong>proponere</strong></span> <span class='ocrx_word' id='word_1_522' title='bbox 2993 3012 3060 3064; x_wconf 91' lang='lat' dir='ltr'><strong>ad</strong></span> <span class='ocrx_word' id='word_1_523' title='bbox 3089 3010 3443 3065; x_wconf 89' lang='lat' dir='ltr'><strong>imitandum.</strong></span> <span class='ocrx_word' id='word_1_524' title='bbox 3472 3010 3683 3066; x_wconf 86' lang='lat' dir='ltr'><strong>Etideu</strong></span> 
     </span>
    </p>
   </div>
   <div class='ocr_carea' id='block_1_73' title="bbox 2101 3102 3685 3173">
    <p class='ocr_par' dir='ltr' id='par_1_73' title="bbox 2101 3102 3685 3173">
     <span class='ocr_line' id='line_1_73' title="bbox 2101 3102 3685 3173; baseline 0.001 -16"><span class='ocrx_word' id='word_1_525' title='bbox 2101 3104 2237 3157; x_wconf 91' lang='lat' dir='ltr'><strong>dicit</strong></span> <span class='ocrx_word' id='word_1_526' title='bbox 2256 3102 2518 3166; x_wconf 65' lang='lat' dir='ltr'><strong>Ecclesiae</strong></span> <span class='ocrx_word' id='word_1_527' title='bbox 2546 3112 2606 3157; x_wconf 92' lang='lat' dir='ltr'><strong>ut</strong></span> <span class='ocrx_word' id='word_1_528' title='bbox 2634 3104 2895 3172; x_wconf 85' lang='lat' dir='ltr'><strong>germinet</strong></span> <span class='ocrx_word' id='word_1_529' title='bbox 2918 3104 3120 3173; x_wconf 87' lang='lat' dir='ltr'><strong>lignum</strong></span> <span class='ocrx_word' id='word_1_530' title='bbox 3143 3102 3348 3169; x_wconf 91' lang='lat' dir='ltr'><strong>crucis,</strong></span> <span class='ocrx_word' id='word_1_531' title='bbox 3393 3104 3486 3159; x_wconf 69' lang='lat' dir='ltr'><strong>sccl</strong></span> <span class='ocrx_word' id='word_1_532' title='bbox 3521 3103 3685 3159; x_wconf 83' lang='lat' dir='ltr'><strong>nobis</strong></span> 
     </span>
    </p>
   </div>
   <div class='ocr_carea' id='block_1_74' title="bbox 2100 3195 3681 3261">
    <p class='ocr_par' dir='ltr' id='par_1_74' title="bbox 2100 3195 3681 3261">
     <span class='ocr_line' id='line_1_74' title="bbox 2100 3195 3681 3261; baseline -0.001 -8"><span class='ocrx_word' id='word_1_533' title='bbox 2100 3196 2234 3253; x_wconf 86' lang='lat' dir='ltr'><strong>Solis</strong></span> <span class='ocrx_word' id='word_1_534' title='bbox 2263 3195 2470 3261; x_wconf 84' lang='lat' dir='ltr'><strong>fertile,</strong></span> <span class='ocrx_word' id='word_1_535' title='bbox 2513 3195 2720 3251; x_wconf 67' lang='lat' dir='ltr'><strong>Judaeis</strong></span> <span class='ocrx_word' id='word_1_536' title='bbox 2751 3204 2937 3250; x_wconf 89' lang='lat' dir='ltr'><strong>autem</strong></span> <span class='ocrx_word' id='word_1_537' title='bbox 2995 3195 3321 3250; x_wconf 89' lang='lat' dir='ltr'><strong>scandalum</strong></span> <span class='ocrx_word' id='word_1_538' title='bbox 3373 3204 3429 3251; x_wconf 90' lang='lat' dir='ltr'><strong>et</strong></span> <span class='ocrx_word' id='word_1_539' title='bbox 3491 3196 3681 3251; x_wconf 87' lang='lat' dir='ltr'><strong>incre-</strong></span> 
     </span>
    </p>
   </div>
   <div class='ocr_carea' id='block_1_75' title="bbox 2099 3288 3678 3358">
    <p class='ocr_par' dir='ltr' id='par_1_75' title="bbox 2099 3288 3678 3358">
     <span class='ocr_line' id='line_1_75' title="bbox 2099 3288 3678 3358; baseline 0 -15"><span class='ocrx_word' id='word_1_540' title='bbox 2099 3289 2244 3343; x_wconf 90' lang='lat' dir='ltr'><strong>dulis</strong></span> <span class='ocrx_word' id='word_1_541' title='bbox 2272 3288 2561 3344; x_wconf 89' lang='lat' dir='ltr'><strong>stultitiam</strong></span> <span class='ocrx_word' id='word_1_542' title='bbox 2588 3306 2601 3343; x_wconf 92' lang='lat'>:</span> <span class='ocrx_word' id='word_1_543' title='bbox 2633 3289 2846 3343; x_wconf 88' lang='lat' dir='ltr'><strong>faciens</strong></span> <span class='ocrx_word' id='word_1_544' title='bbox 2864 3299 3054 3343; x_wconf 91' lang='lat' dir='ltr'><strong>autem</strong></span> <span class='ocrx_word' id='word_1_545' title='bbox 3071 3288 3314 3343; x_wconf 87' lang='lat' dir='ltr'><strong>fructum</strong></span> <span class='ocrx_word' id='word_1_546' title='bbox 3347 3298 3405 3345; x_wconf 88' lang='lat' dir='ltr'><strong>et</strong></span> <span class='ocrx_word' id='word_1_547' title='bbox 3451 3301 3678 3358; x_wconf 88' lang='lat' dir='ltr'><strong>aspectu</strong></span> 
     </span>
    </p>
   </div>
   <div class='ocr_carea' id='block_1_76' title="bbox 2099 3377 3684 3449">
    <p class='ocr_par' dir='ltr' id='par_1_76' title="bbox 2099 3377 3684 3449">
     <span class='ocr_line' id='line_1_76' title="bbox 2099 3377 3684 3449; baseline 0 -17"><span class='ocrx_word' id='word_1_548' title='bbox 2099 3377 2392 3448; x_wconf 87' lang='lat' dir='ltr'><strong>pulchrum</strong></span> <span class='ocrx_word' id='word_1_549' title='bbox 2430 3386 2487 3432; x_wconf 92' lang='lat' dir='ltr'><strong>et</strong></span> <span class='ocrx_word' id='word_1_550' title='bbox 2521 3378 2729 3433; x_wconf 84' lang='lat' dir='ltr'><strong>bonum</strong></span> <span class='ocrx_word' id='word_1_551' title='bbox 2773 3379 2841 3433; x_wconf 91' lang='lat' dir='ltr'><strong>ad</strong></span> <span class='ocrx_word' id='word_1_552' title='bbox 2892 3378 3254 3445; x_wconf 85' lang='lat' dir='ltr'><strong>vescendum,</strong></span> <span class='ocrx_word' id='word_1_553' title='bbox 3289 3395 3488 3449; x_wconf 83' lang='lat' dir='ltr'><strong>nempe</strong></span> <span class='ocrx_word' id='word_1_554' title='bbox 3522 3379 3684 3434; x_wconf 89' lang='lat' dir='ltr'><strong>Chri-</strong></span> 
     </span>
    </p>
   </div>
   <div class='ocr_carea' id='block_1_77' title="bbox 2101 3471 3682 3542">
    <p class='ocr_par' dir='ltr' id='par_1_77' title="bbox 2101 3471 3682 3542">
     <span class='ocr_line' id='line_1_77' title="bbox 2101 3471 3682 3542; baseline 0 -17"><span class='ocrx_word' id='word_1_555' title='bbox 2101 3481 2247 3525; x_wconf 91' lang='lat' dir='ltr'><strong>stum</strong></span> <span class='ocrx_word' id='word_1_556' title='bbox 2290 3471 2641 3533; x_wconf 88' lang='lat' dir='ltr'><strong>crucifixum.</strong></span> <span class='ocrx_word' id='word_1_557' title='bbox 2675 3488 2839 3542; x_wconf 88' lang='lat' dir='ltr'><strong>quem</strong></span> <span class='ocrx_word' id='word_1_558' title='bbox 2873 3472 3190 3542; x_wconf 78' lang='lat' dir='ltr'><strong>colligimus</strong></span> <span class='ocrx_word' id='word_1_559' title='bbox 3230 3472 3569 3541; x_wconf 89' lang='lat' dir='ltr'><strong>accipientes</strong></span> <span class='ocrx_word' id='word_1_560' title='bbox 3613 3487 3682 3526; x_wconf 80' lang='lat' dir='ltr'><strong>ex</strong></span> 
     </span>
    </p>
   </div>
   <div class='ocr_carea' id='block_1_78' title="bbox 2100 3564 3683 3636">
    <p class='ocr_par' dir='ltr' id='par_1_78' title="bbox 2100 3564 3683 3636">
     <span class='ocr_line' id='line_1_78' title="bbox 2100 3564 3683 3636; baseline -0.001 -16"><span class='ocrx_word' id='word_1_561' title='bbox 2100 3576 2257 3636; x_wconf 89' lang='lat' dir='ltr'><strong>parte</strong></span> <span class='ocrx_word' id='word_1_562' title='bbox 2291 3566 2426 3636; x_wconf 87' lang='lat' dir='ltr'><strong>justi</strong></span> <span class='ocrx_word' id='word_1_563' title='bbox 2465 3565 2716 3628; x_wconf 90' lang='lat' dir='ltr'><strong>latronis,</strong></span> <span class='ocrx_word' id='word_1_564' title='bbox 2766 3565 3172 3634; x_wconf 89' lang='lat' dir='ltr'><strong>blasphemiam</strong></span> <span class='ocrx_word' id='word_1_565' title='bbox 3202 3574 3387 3619; x_wconf 87' lang='lat' dir='ltr'><strong>autem</strong></span> <span class='ocrx_word' id='word_1_566' title='bbox 3416 3564 3683 3634; x_wconf 88' lang='lat' dir='ltr'><strong>dejicien-</strong></span> 
     </span>
    </p>
   </div>
   <div class='ocr_carea' id='block_1_79' title="bbox 2102 3655 3680 3727">
    <p class='ocr_par' dir='ltr' id='par_1_79' title="bbox 2102 3655 3680 3727">
     <span class='ocr_line' id='line_1_79' title="bbox 2102 3655 3680 3727; baseline -0.002 -16"><span class='ocrx_word' id='word_1_567' title='bbox 2102 3664 2204 3719; x_wconf 85' lang='lat' dir='ltr'><strong>tes,</strong></span> <span class='ocrx_word' id='word_1_568' title='bbox 2236 3666 2291 3711; x_wconf 91' lang='lat' dir='ltr'><strong>et</strong></span> <span class='ocrx_word' id='word_1_569' title='bbox 2321 3657 2425 3727; x_wconf 89' lang='lat' dir='ltr'><strong>ipsi</strong></span> <span class='ocrx_word' id='word_1_570' title='bbox 2454 3673 2678 3712; x_wconf 88' lang='lat' dir='ltr'><strong>crucem</strong></span> <span class='ocrx_word' id='word_1_571' title='bbox 2704 3656 3071 3712; x_wconf 86' lang='lat' dir='ltr'><strong>ascendentes</strong></span> <span class='ocrx_word' id='word_1_572' title='bbox 3098 3663 3159 3711; x_wconf 89' lang='lat' dir='ltr'><strong>ut</strong></span> <span class='ocrx_word' id='word_1_573' title='bbox 3180 3656 3445 3725; x_wconf 86' lang='lat' dir='ltr'><strong>utrinque</strong></span> <span class='ocrx_word' id='word_1_574' title='bbox 3470 3655 3680 3710; x_wconf 87' lang='lat' dir='ltr'><strong>Christi</strong></span> 
     </span>
    </p>
   </div>
   <div class='ocr_carea' id='block_1_80' title="bbox 2097 3739 3679 3815">
    <p class='ocr_par' dir='ltr' id='par_1_80' title="bbox 2097 3739 3679 3815">
     <span class='ocr_line' id='line_1_80' title="bbox 2097 3739 3679 3815; baseline -0.003 -13"><span class='ocrx_word' id='word_1_575' title='bbox 2097 3746 2354 3802; x_wconf 88' lang='lat' dir='ltr'><strong>eamdem</strong></span> <span class='ocrx_word' id='word_1_576' title='bbox 2412 3746 2782 3815; x_wconf 61' lang='lat' dir='ltr'><strong>prmdicemus</strong></span> <span class='ocrx_word' id='word_1_577' title='bbox 2834 3743 3170 3813; x_wconf 83' lang='lat' dir='ltr'><strong>theologiam</strong></span> <span class='ocrx_word' id='word_1_578' title='bbox 3208 3742 3264 3796; x_wconf 88' lang='lat' dir='ltr'><strong>in</strong></span> <span class='ocrx_word' id='word_1_579' title='bbox 3306 3749 3559 3810; x_wconf 89' lang='lat' dir='ltr'><strong>tempore</strong></span> <span class='ocrx_word' id='word_1_580' title='bbox 3593 3739 3679 3798; x_wconf 85' lang='lat' dir='ltr'><strong>ef-</strong></span> 
     </span>
    </p>
   </div>
   <div class='ocr_carea' id='block_1_81' title="bbox 2101 3831 3675 3906">
    <p class='ocr_par' dir='ltr' id='par_1_81' title="bbox 2101 3831 3675 3906">
     <span class='ocr_line' id='line_1_81' title="bbox 2101 3831 3675 3906; baseline -0.006 -12"><span class='ocrx_word' id='word_1_581' title='bbox 2101 3838 2232 3894; x_wconf 80' lang='lat' dir='ltr'><strong>fecti</strong></span> <span class='ocrx_word' id='word_1_582' title='bbox 2267 3836 2629 3890; x_wconf 88' lang='lat' dir='ltr'><strong>immortales.</strong></span> <span class='ocrx_word' id='word_1_583' title='bbox 2660 3835 2836 3906; x_wconf 83' lang='lat' dir='ltr'><strong>Cujus</strong></span> <span class='ocrx_word' id='word_1_584' title='bbox 2890 3834 3107 3889; x_wconf 90' lang='lat' dir='ltr'><strong>fructus</strong></span> <span class='ocrx_word' id='word_1_585' title='bbox 3137 3848 3325 3888; x_wconf 89' lang='lat' dir='ltr'><strong>semen</strong></span> <span class='ocrx_word' id='word_1_586' title='bbox 3364 3840 3451 3886; x_wconf 89' lang='lat' dir='ltr'><strong>est</strong></span> <span class='ocrx_word' id='word_1_587' title='bbox 3492 3831 3675 3885; x_wconf 61' lang='lat' dir='ltr'><strong>Evano</strong></span> 
     </span>
    </p>
   </div>
   <div class='ocr_carea' id='block_1_82' title="bbox 2098 3923 3678 4001">
    <p class='ocr_par' dir='ltr' id='par_1_82' title="bbox 2098 3923 3678 4001">
     <span class='ocr_line' id='line_1_82' title="bbox 2098 3923 3678 4001; baseline -0.005 -17"><span class='ocrx_word' id='word_1_588' title='bbox 2098 3926 2604 4001; x_wconf 67' lang='lat' dir='ltr'><strong>gelicapraedicatio</strong></span> <span class='ocrx_word' id='word_1_589' title='bbox 2634 3924 2776 3981; x_wconf 87' lang='lat' dir='ltr'><strong>facta</strong></span> <span class='ocrx_word' id='word_1_590' title='bbox 2810 3940 2877 3979; x_wconf 84' lang='lat' dir='ltr'><strong>ex</strong></span> <span class='ocrx_word' id='word_1_591' title='bbox 2895 3926 3013 3995; x_wconf 90' lang='lat' dir='ltr'><strong>ipso</strong></span> <span class='ocrx_word' id='word_1_592' title='bbox 3046 3923 3251 3989; x_wconf 90' lang='lat' dir='ltr'><strong>fructu,</strong></span> <span class='ocrx_word' id='word_1_593' title='bbox 3285 3933 3342 3979; x_wconf 91' lang='lat' dir='ltr'><strong>et</strong></span> <span class='ocrx_word' id='word_1_594' title='bbox 3366 3924 3678 3995; x_wconf 83' lang='lat' dir='ltr'><strong>procedens</strong></span> 
     </span>
    </p>
   </div>
   <div class='ocr_carea' id='block_1_83' title="bbox 2103 4015 3677 4088">
    <p class='ocr_par' dir='ltr' id='par_1_83' title="bbox 2103 4015 3677 4088">
     <span class='ocr_line' id='line_1_83' title="bbox 2103 4015 3677 4088; baseline -0.005 -12"><span class='ocrx_word' id='word_1_595' title='bbox 2103 4023 2162 4077; x_wconf 90' lang='lat' dir='ltr'><strong>in</strong></span> <span class='ocrx_word' id='word_1_596' title='bbox 2197 4029 2397 4075; x_wconf 87' lang='lat' dir='ltr'><strong>terram</strong></span> <span class='ocrx_word' id='word_1_597' title='bbox 2454 4017 2684 4073; x_wconf 89' lang='lat' dir='ltr'><strong>dilatata</strong></span> <span class='ocrx_word' id='word_1_598' title='bbox 2734 4026 2790 4072; x_wconf 91' lang='lat' dir='ltr'><strong>et</strong></span> <span class='ocrx_word' id='word_1_599' title='bbox 2820 4018 3070 4088; x_wconf 76' lang='lat' dir='ltr'><strong>dispersa</strong></span> <span class='ocrx_word' id='word_1_600' title='bbox 3118 4017 3343 4086; x_wconf 86' lang='lat' dir='ltr'><strong>quando</strong></span> <span class='ocrx_word' id='word_1_601' title='bbox 3395 4015 3677 4071; x_wconf 86' lang='lat' dir='ltr'><strong>mandavit</strong></span> 
     </span>
    </p>
   </div>
   <div class='ocr_carea' id='block_1_84' title="bbox 2094 4104 3676 4191">
    <p class='ocr_par' dir='ltr' id='par_1_84' title="bbox 2094 4104 3676 4191">
     <span class='ocr_line' id='line_1_84' title="bbox 2094 4104 3676 4191; baseline -0.007 -24"><span class='ocrx_word' id='word_1_602' title='bbox 2094 4110 2424 4191; x_wconf 63' lang='lat' dir='ltr'><strong>discipulis:</strong></span> <span class='ocrx_word' id='word_1_603' title='bbox 2455 4108 2532 4162; x_wconf 84' lang='lat' dir='ltr'><strong>Ite</strong></span> <span class='ocrx_word' id='word_1_604' title='bbox 2561 4116 2611 4161; x_wconf 89' lang='lat' dir='ltr'><strong>et</strong></span> <span class='ocrx_word' id='word_1_605' title='bbox 2631 4107 2918 4179; x_wconf 72' lang='lat' dir='ltr'><strong>prwdicate</strong></span> <span class='ocrx_word' id='word_1_606' title='bbox 2968 4104 3321 4178; x_wconf 83' lang='lat' dir='ltr'><strong>Evangelium</strong></span> <span class='ocrx_word' id='word_1_607' title='bbox 3356 4106 3501 4159; x_wconf 88' lang='lat' dir='ltr'><strong>onmi</strong></span> <span class='ocrx_word' id='word_1_608' title='bbox 3528 4120 3676 4158; x_wconf 81' lang='lat' dir='ltr'><strong>creu-</strong></span> 
     </span>
    </p>
   </div>
   <div class='ocr_carea' id='block_1_85' title="bbox 2103 4199 3526 4275">
    <p class='ocr_par' dir='ltr' id='par_1_85' title="bbox 2103 4199 3526 4275">
     <span class='ocr_line' id='line_1_85' title="bbox 2103 4199 3526 4275; baseline -0.006 -15"><span class='ocrx_word' id='word_1_609' title='bbox 2103 4216 2270 4261; x_wconf 72' lang='lat' dir='ltr'><strong>turaz:</strong></span> <span class='ocrx_word' id='word_1_610' title='bbox 2300 4204 2401 4275; x_wconf 90' lang='lat' dir='ltr'><strong>ipsi</strong></span> <span class='ocrx_word' id='word_1_611' title='bbox 2434 4201 2609 4275; x_wconf 76' lang='lat' dir='ltr'><strong>gloria</strong></span> <span class='ocrx_word' id='word_1_612' title='bbox 2643 4202 2700 4257; x_wconf 90' lang='lat' dir='ltr'><strong>iu</strong></span> <span class='ocrx_word' id='word_1_613' title='bbox 2724 4203 2925 4257; x_wconf 66' lang='lat' dir='ltr'><strong>saecula</strong></span> <span class='ocrx_word' id='word_1_614' title='bbox 2947 4200 3297 4256; x_wconf 67' lang='lat' dir='ltr'><strong>saacnlorum.</strong></span> <span class='ocrx_word' id='word_1_615' title='bbox 3330 4199 3526 4253; x_wconf 87' lang='lat' dir='ltr'><strong>Amen.</strong></span> 
     </span>
    </p>
   </div>
   <div class='ocr_carea' id='block_1_86' title="bbox 489 4351 3699 4429">
    <p class='ocr_par' dir='ltr' id='par_1_86' title="bbox 489 4351 3699 4429">
     <span class='ocr_line' id='line_1_86' title="bbox 489 4351 3699 4429; baseline -0.005 -10"><span class='ocrx_word' id='word_1_616' title='bbox 489 4365 673 4420; x_wconf 78' lang='lat' dir='ltr'><strong>&#39;Psal.</strong></span> <span class='ocrx_word' id='word_1_617' title='bbox 721 4382 841 4427; x_wconf 78' lang='lat' dir='ltr'><strong>va,</strong></span> <span class='ocrx_word' id='word_1_618' title='bbox 873 4365 926 4419; x_wconf 76' lang='grc'><strong>5.</strong></span> <span class='ocrx_word' id='word_1_619' title='bbox 1000 4365 1186 4421; x_wconf 67' lang='lat' dir='ltr'><strong>l*Psal.</strong></span> <span class='ocrx_word' id='word_1_620' title='bbox 1239 4379 1402 4429; x_wconf 81' lang='lat' dir='ltr'><strong>vau,</strong></span> <span class='ocrx_word' id='word_1_621' title='bbox 1446 4362 1532 4417; x_wconf 83' lang='lat' dir='ltr'><strong>lO.</strong></span> <span class='ocrx_word' id='word_1_622' title='bbox 1606 4361 1628 4393; x_wconf 83' lang='grc'>⁸</span> <span class='ocrx_word' id='word_1_623' title='bbox 1679 4362 1820 4418; x_wconf 85' lang='lat' dir='ltr'><strong>Psal.</strong></span> <span class='ocrx_word' id='word_1_624' title='bbox 1854 4378 2017 4422; x_wconf 80' lang='lat' dir='ltr'><strong>xxxv,</strong></span> <span class='ocrx_word' id='word_1_625' title='bbox 2055 4360 2107 4415; x_wconf 92' lang='lat'><strong>9.</strong></span> <span class='ocrx_word' id='word_1_626' title='bbox 2182 4360 2203 4390; x_wconf 88' lang='lat'><strong><em>&quot;</em></strong></span> <span class='ocrx_word' id='word_1_627' title='bbox 2244 4361 2346 4415; x_wconf 85' lang='lat' dir='ltr'><strong>lsa.</strong></span> <span class='ocrx_word' id='word_1_628' title='bbox 2371 4376 2408 4423; x_wconf 86' lang='grc' dir='ltr'><strong>ι,</strong></span> <span class='ocrx_word' id='word_1_629' title='bbox 2440 4360 2491 4414; x_wconf 79' lang='grc'><strong>5.</strong></span> <span class='ocrx_word' id='word_1_630' title='bbox 2569 4356 2761 4410; x_wconf 80' lang='lat' dir='ltr'><strong>&#39;Psal.</strong></span> <span class='ocrx_word' id='word_1_631' title='bbox 2820 4369 2953 4419; x_wconf 81' lang='lat' dir='ltr'><strong>xxu,</strong></span> <span class='ocrx_word' id='word_1_632' title='bbox 2978 4354 3032 4408; x_wconf 82' lang='lat'><strong>5.</strong></span> <span class='ocrx_word' id='word_1_633' title='bbox 3095 4351 3699 4418; x_wconf 66' lang='lat' dir='ltr'><strong>&#39;Psal.i.xxvlv,l‘2,l3.</strong></span> 
     </span>
    </p>
   </div>
   <div class='ocr_carea' id='block_1_87' title="bbox 415 4436 940 4501">
    <p class='ocr_par' dir='ltr' id='par_1_87' title="bbox 415 4436 940 4501">
     <span class='ocr_line' id='line_1_87' title="bbox 415 4436 940 4501; baseline -0.002 -11"><span class='ocrx_word' id='word_1_634' title='bbox 415 4436 437 4468; x_wconf 84' lang='lat'><strong>’</strong></span> <span class='ocrx_word' id='word_1_635' title='bbox 475 4437 667 4490; x_wconf 69' lang='lat' dir='ltr'><strong>Matth.</strong></span> <span class='ocrx_word' id='word_1_636' title='bbox 729 4452 811 4501; x_wconf 84' lang='grc' dir='ltr'><strong>ιιι,</strong></span> <span class='ocrx_word' id='word_1_637' title='bbox 853 4436 940 4491; x_wconf 76' lang='grc'><strong>10.</strong></span> 
     </span>
    </p>
   </div>
   <div class='ocr_carea' id='block_1_88' title="bbox 1019 4431 2031 4501">
    <p class='ocr_par' dir='ltr' id='par_1_88' title="bbox 1019 4431 2031 4501">
     <span class='ocr_line' id='line_1_88' title="bbox 1019 4431 2031 4501; baseline -0.007 -9"><span class='ocrx_word' id='word_1_638' title='bbox 1019 4437 1062 4468; x_wconf 84' lang='grc'><strong>¹⁰</strong></span> <span class='ocrx_word' id='word_1_639' title='bbox 1103 4437 1246 4491; x_wconf 85' lang='lat' dir='ltr'><strong>Psal.</strong></span> <span class='ocrx_word' id='word_1_640' title='bbox 1278 4451 1348 4501; x_wconf 77' lang='grc' dir='ltr'><strong>ιι,</strong></span> <span class='ocrx_word' id='word_1_641' title='bbox 1386 4434 1472 4489; x_wconf 77' lang='grc'><strong>10.</strong></span> <span class='ocrx_word' id='word_1_642' title='bbox 1548 4433 1588 4464; x_wconf 82' lang='grc'><strong>¹¹</strong></span> <span class='ocrx_word' id='word_1_643' title='bbox 1619 4431 1763 4488; x_wconf 89' lang='lat' dir='ltr'><strong>Psal.</strong></span> <span class='ocrx_word' id='word_1_644' title='bbox 1798 4448 1907 4500; x_wconf 65' lang='grc' dir='ltr'><strong>χοι,</strong></span> <span class='ocrx_word' id='word_1_645' title='bbox 1948 4432 2031 4486; x_wconf 82' lang='grc'><strong>15.</strong></span> 
     </span>
    </p>
   </div>
   <div class='ocr_carea' id='block_1_89' title="bbox 3218 4537 3670 4553">
    <p class='ocr_par' dir='ltr' id='par_1_89' title="bbox 3218 4537 3670 4553">
     <span class='ocr_line' id='line_1_89' title="bbox 3218 4537 3670 4553; baseline -0.011 -1"><span class='ocrx_word' id='word_1_646' title='bbox 3218 4537 3670 4553; x_wconf 45' lang='grc' dir='ltr'><strong>..ο-...η-σ-...η</strong></span> 
     </span>
    </p>
   </div>
   <div class='ocr_carea' id='block_1_90' title="bbox 1536 4712 2578 4839">
    <p class='ocr_par' dir='ltr' id='par_1_90' title="bbox 1536 4712 2578 4839">
     <span class='ocr_line' id='line_1_90' title="bbox 1536 4712 2578 4839; baseline 0 -38"><span class='ocrx_word' id='word_1_647' title='bbox 1536 4714 1891 4803; x_wconf 83' lang='lat' dir='ltr'><strong>LIBER</strong></span> <span class='ocrx_word' id='word_1_648' title='bbox 1976 4712 2578 4839; x_wconf 82' lang='lat' dir='ltr'><strong>QUARTUS.</strong></span> 
     </span>
    </p>
   </div>
   <div class='ocr_carea' id='block_1_91' title="bbox 1613 4910 2561 4979">
    <p class='ocr_par' dir='ltr' id='par_1_91' title="bbox 1613 4910 2561 4979">
     <span class='ocr_line' id='line_1_91' title="bbox 1613 4910 2561 4979; baseline 0 -12"><span class='ocrx_word' id='word_1_649' title='bbox 1613 4926 1696 4967; x_wconf 84' lang='lat' dir='ltr'><strong>DE</strong></span> <span class='ocrx_word' id='word_1_650' title='bbox 1737 4924 1991 4979; x_wconf 76' lang='lat' dir='ltr'><strong>QUABTO</strong></span> <span class='ocrx_word' id='word_1_651' title='bbox 2028 4922 2133 4964; x_wconf 79' lang='lat' dir='ltr'><strong>DIE</strong></span> <span class='ocrx_word' id='word_1_652' title='bbox 2165 4910 2561 4967; x_wconf 71' lang='lat' dir='ltr'><strong>CltEATlONiS.</strong></span> 
     </span>
    </p>
   </div>
   <div class='ocr_carea' id='block_1_92' title="bbox 488 5212 3675 5289">
    <p class='ocr_par' dir='ltr' id='par_1_92' title="bbox 488 5212 3675 5289">
     <span class='ocr_line' id='line_1_92' title="bbox 488 5212 3675 5289; baseline -0.001 -18"><span class='ocrx_word' id='word_1_653' title='bbox 488 5216 557 5271; x_wconf 83' lang='lat' dir='ltr'><strong>Et</strong></span> <span class='ocrx_word' id='word_1_654' title='bbox 574 5217 708 5271; x_wconf 70' lang='lat' dir='ltr'><strong>dixit</strong></span> <span class='ocrx_word' id='word_1_655' title='bbox 728 5217 866 5272; x_wconf 84' lang='lat' dir='ltr'><strong>Deus</strong></span> <span class='ocrx_word' id='word_1_656' title='bbox 891 5234 907 5273; x_wconf 88' lang='lat'><strong><em>:</em></strong></span> <span class='ocrx_word' id='word_1_657' title='bbox 928 5216 1085 5289; x_wconf 66' lang='lat' dir='ltr'><strong>Fiant</strong></span> <span class='ocrx_word' id='word_1_658' title='bbox 1117 5216 1411 5275; x_wconf 81' lang='lat' dir='ltr'><strong>luminaria</strong></span> <span class='ocrx_word' id='word_1_659' title='bbox 1437 5218 1499 5287; x_wconf 72' lang='lat' dir='ltr'><strong>in</strong></span> <span class='ocrx_word' id='word_1_660' title='bbox 1523 5216 1865 5287; x_wconf 81' lang='lat' dir='ltr'><strong>ﬁrmamento</strong></span> <span class='ocrx_word' id='word_1_661' title='bbox 1882 5220 2000 5274; x_wconf 75' lang='lat' dir='ltr'><strong>caeli</strong></span> <span class='ocrx_word' id='word_1_662' title='bbox 2031 5218 2078 5275; x_wconf 92' lang='lat' dir='ltr'><strong>D</strong></span> <span class='ocrx_word' id='word_1_663' title='bbox 2103 5230 2172 5270; x_wconf 85' lang='lat' dir='ltr'><strong>ex</strong></span> <span class='ocrx_word' id='word_1_664' title='bbox 2200 5215 2384 5273; x_wconf 89' lang='lat' dir='ltr'><strong>littera</strong></span> <span class='ocrx_word' id='word_1_665' title='bbox 2412 5214 2727 5280; x_wconf 89' lang='lat' dir='ltr'><strong>historiam,</strong></span> <span class='ocrx_word' id='word_1_666' title='bbox 2769 5215 3135 5286; x_wconf 79' lang='lat' dir='ltr'><strong>Spiritualiter</strong></span> <span class='ocrx_word' id='word_1_667' title='bbox 3170 5212 3493 5282; x_wconf 86' lang='lat' dir='ltr'><strong>corporales</strong></span> <span class='ocrx_word' id='word_1_668' title='bbox 3518 5227 3675 5267; x_wconf 82' lang='lat' dir='ltr'><strong>crea-</strong></span> 
     </span>
    </p>
   </div>
   <div class='ocr_carea' id='block_1_93' title="bbox 414 5308 2003 5384">
    <p class='ocr_par' dir='ltr' id='par_1_93' title="bbox 414 5308 2003 5384">
     <span class='ocr_line' id='line_1_93' title="bbox 414 5308 2003 5384; baseline 0.004 -22"><span class='ocrx_word' id='word_1_669' title='bbox 414 5308 489 5362; x_wconf 83' lang='lat' dir='ltr'><strong>ad</strong></span> <span class='ocrx_word' id='word_1_670' title='bbox 540 5310 994 5366; x_wconf 76' lang='lat' dir='ltr'><strong>illuminationcm</strong></span> <span class='ocrx_word' id='word_1_671' title='bbox 1050 5329 1211 5384; x_wconf 87' lang='lat' dir='ltr'><strong>super</strong></span> <span class='ocrx_word' id='word_1_672' title='bbox 1262 5323 1484 5379; x_wconf 86' lang='lat' dir='ltr'><strong>terram,</strong></span> <span class='ocrx_word' id='word_1_673' title='bbox 1534 5314 1604 5368; x_wconf 77' lang='lat' dir='ltr'><strong>ad</strong></span> <span class='ocrx_word' id='word_1_674' title='bbox 1635 5315 2003 5384; x_wconf 74' lang='lat' dir='ltr'><strong>separandum</strong></span> 
     </span>
    </p>
   </div>
   <div class='ocr_carea' id='block_1_94' title="bbox 416 5401 2000 5476">
    <p class='ocr_par' dir='ltr' id='par_1_94' title="bbox 416 5401 2000 5476">
     <span class='ocr_line' id='line_1_94' title="bbox 416 5401 2000 5476; baseline 0.004 -21"><span class='ocrx_word' id='word_1_675' title='bbox 416 5401 557 5455; x_wconf 84' lang='lat' dir='ltr'><strong>inter</strong></span> <span class='ocrx_word' id='word_1_676' title='bbox 572 5403 711 5457; x_wconf 88' lang='lat' dir='ltr'><strong>diem</strong></span> <span class='ocrx_word' id='word_1_677' title='bbox 754 5413 803 5457; x_wconf 87' lang='lat' dir='ltr'><strong>et</strong></span> <span class='ocrx_word' id='word_1_678' title='bbox 835 5404 973 5458; x_wconf 87' lang='lat' dir='ltr'><strong>inter</strong></span> <span class='ocrx_word' id='word_1_679' title='bbox 1006 5413 1229 5459; x_wconf 83' lang='lat' dir='ltr'><strong>noctem.</strong></span> <span class='ocrx_word' id='word_1_680' title='bbox 1252 5405 1493 5476; x_wconf 66' lang='lat' dir='ltr'><strong>Equum</strong></span> <span class='ocrx_word' id='word_1_681' title='bbox 1538 5421 1660 5461; x_wconf 84' lang='lat' dir='ltr'><strong>esse</strong></span> <span class='ocrx_word' id='word_1_682' title='bbox 1720 5406 2000 5471; x_wconf 84' lang='lat' dir='ltr'><strong>existimo,</strong></span> 
     </span>
    </p>
   </div>
   <div class='ocr_carea' id='block_1_95' title="bbox 418 5494 1993 5568">
    <p class='ocr_par' dir='ltr' id='par_1_95' title="bbox 418 5494 1993 5568">
     <span class='ocr_line' id='line_1_95' title="bbox 418 5494 1993 5568; baseline 0.003 -21"><span class='ocrx_word' id='word_1_683' title='bbox 418 5494 693 5564; x_wconf 84' lang='lat' dir='ltr'><strong>valdeque</strong></span> <span class='ocrx_word' id='word_1_684' title='bbox 745 5496 1192 5565; x_wconf 89' lang='lat' dir='ltr'><strong>amplectendum</strong></span> <span class='ocrx_word' id='word_1_685' title='bbox 1240 5508 1297 5553; x_wconf 89' lang='lat' dir='ltr'><strong>et</strong></span> <span class='ocrx_word' id='word_1_686' title='bbox 1354 5498 1486 5554; x_wconf 83' lang='lat' dir='ltr'><strong>utile</strong></span> <span class='ocrx_word' id='word_1_687' title='bbox 1524 5514 1624 5568; x_wconf 86' lang='lat' dir='ltr'><strong>per</strong></span> <span class='ocrx_word' id='word_1_688' title='bbox 1675 5498 1993 5553; x_wconf 88' lang='lat' dir='ltr'><strong>universam</strong></span> 
     </span>
    </p>
   </div>
   <div class='ocr_carea' id='block_1_96' title="bbox 420 5576 2004 5659">
    <p class='ocr_par' dir='ltr' id='par_1_96' title="bbox 420 5576 2004 5659">
     <span class='ocr_line' id='line_1_96' title="bbox 420 5576 2004 5659; baseline 0.004 -21"><span class='ocrx_word' id='word_1_689' title='bbox 420 5595 671 5640; x_wconf 89' lang='lat' dir='ltr'><strong>nostram</strong></span> <span class='ocrx_word' id='word_1_690' title='bbox 696 5576 795 5643; x_wconf 81' lang='lat' dir='ltr'><strong>sex</strong></span> <span class='ocrx_word' id='word_1_691' title='bbox 817 5588 1037 5643; x_wconf 91' lang='lat' dir='ltr'><strong>dierum</strong></span> <span class='ocrx_word' id='word_1_692' title='bbox 1065 5590 1491 5659; x_wconf 78' lang='lat' dir='ltr'><strong>expositionem,</strong></span> <span class='ocrx_word' id='word_1_693' title='bbox 1513 5590 1816 5645; x_wconf 88' lang='lat' dir='ltr'><strong>admonere</strong></span> <span class='ocrx_word' id='word_1_694' title='bbox 1845 5591 2004 5646; x_wconf 89' lang='lat' dir='ltr'><strong>audi-</strong></span> 
     </span>
    </p>
   </div>
   <div class='ocr_carea' id='block_1_97' title="bbox 419 5677 2002 5750">
    <p class='ocr_par' dir='ltr' id='par_1_97' title="bbox 419 5677 2002 5750">
     <span class='ocr_line' id='line_1_97' title="bbox 419 5677 2002 5750; baseline 0.003 -21"><span class='ocrx_word' id='word_1_695' title='bbox 419 5683 574 5732; x_wconf 86' lang='lat' dir='ltr'><strong>tores</strong></span> <span class='ocrx_word' id='word_1_696' title='bbox 604 5677 889 5746; x_wconf 85' lang='lat' dir='ltr'><strong>quodnon</strong></span> <span class='ocrx_word' id='word_1_697' title='bbox 908 5679 1280 5736; x_wconf 83' lang='lat' dir='ltr'><strong>dissolventes</strong></span> <span class='ocrx_word' id='word_1_698' title='bbox 1331 5681 1427 5736; x_wconf 84' lang='lat' dir='ltr'><strong>Dei</strong></span> <span class='ocrx_word' id='word_1_699' title='bbox 1453 5696 1684 5749; x_wconf 88' lang='lat' dir='ltr'><strong>operum</strong></span> <span class='ocrx_word' id='word_1_700' title='bbox 1738 5697 1861 5750; x_wconf 69' lang='lat' dir='ltr'><strong>qum</strong></span> <span class='ocrx_word' id='word_1_701' title='bbox 1916 5691 2002 5736; x_wconf 87' lang='lat' dir='ltr'><strong>est</strong></span> 
     </span>
    </p>
   </div>
   <div class='ocr_carea' id='block_1_98' title="bbox 2107 5308 3676 5381">
    <p class='ocr_par' dir='ltr' id='par_1_98' title="bbox 2107 5308 3676 5381">
     <span class='ocr_line' id='line_1_98' title="bbox 2107 5308 3676 5381; baseline -0.002 -17"><span class='ocrx_word' id='word_1_702' title='bbox 2107 5319 2257 5365; x_wconf 90' lang='lat' dir='ltr'><strong>turas</strong></span> <span class='ocrx_word' id='word_1_703' title='bbox 2278 5310 2607 5381; x_wconf 89' lang='lat' dir='ltr'><strong>exponimus</strong></span> <span class='ocrx_word' id='word_1_704' title='bbox 2626 5326 2723 5379; x_wconf 88' lang='lat' dir='ltr'><strong>per</strong></span> <span class='ocrx_word' id='word_1_705' title='bbox 2745 5308 3065 5378; x_wconf 80' lang='lat' dir='ltr'><strong>allegoriam</strong></span> <span class='ocrx_word' id='word_1_706' title='bbox 3094 5323 3106 5358; x_wconf 88' lang='lat'><strong>:</strong></span> <span class='ocrx_word' id='word_1_707' title='bbox 3135 5321 3314 5374; x_wconf 90' lang='lat' dir='ltr'><strong>neque</strong></span> <span class='ocrx_word' id='word_1_708' title='bbox 3358 5312 3676 5361; x_wconf 78' lang='lat' dir='ltr'><strong>evertcntes</strong></span> 
     </span>
    </p>
   </div>
   <div class='ocr_carea' id='block_1_99' title="bbox 2102 5396 3676 5473">
    <p class='ocr_par' dir='ltr' id='par_1_99' title="bbox 2102 5396 3676 5473">
     <span class='ocr_line' id='line_1_99' title="bbox 2102 5396 3676 5473; baseline -0.004 -15"><span class='ocrx_word' id='word_1_709' title='bbox 2102 5404 2328 5459; x_wconf 90' lang='lat' dir='ltr'><strong>Patrum</strong></span> <span class='ocrx_word' id='word_1_710' title='bbox 2389 5403 2784 5473; x_wconf 81' lang='lat' dir='ltr'><strong>expositiones,</strong></span> <span class='ocrx_word' id='word_1_711' title='bbox 2824 5400 2919 5454; x_wconf 84' lang='lat' dir='ltr'><strong>sed</strong></span> <span class='ocrx_word' id='word_1_712' title='bbox 2962 5398 3256 5453; x_wconf 88' lang='lat' dir='ltr'><strong>audientes</strong></span> <span class='ocrx_word' id='word_1_713' title='bbox 3302 5396 3456 5471; x_wconf 87' lang='lat' dir='ltr'><strong>orbis</strong></span> <span class='ocrx_word' id='word_1_714' title='bbox 3517 5406 3676 5452; x_wconf 69' lang='lat' dir='ltr'><strong>terra:</strong></span> 
     </span>
    </p>
   </div>
   <div class='ocr_carea' id='block_1_100' title="bbox 2104 5486 3675 5549">
    <p class='ocr_par' dir='ltr' id='par_1_100' title="bbox 2104 5486 3675 5549">
     <span class='ocr_line' id='line_1_100' title="bbox 2104 5486 3675 5549; baseline -0.004 -1"><span class='ocrx_word' id='word_1_715' title='bbox 2104 5495 2377 5549; x_wconf 88' lang='lat' dir='ltr'><strong>luminare</strong></span> <span class='ocrx_word' id='word_1_716' title='bbox 2426 5502 2483 5548; x_wconf 89' lang='lat' dir='ltr'><strong>et</strong></span> <span class='ocrx_word' id='word_1_717' title='bbox 2533 5491 2893 5547; x_wconf 87' lang='lat' dir='ltr'><strong>clarissimam</strong></span> <span class='ocrx_word' id='word_1_718' title='bbox 2933 5487 3192 5543; x_wconf 81' lang='lat' dir='ltr'><strong>Ecclesia:</strong></span> <span class='ocrx_word' id='word_1_719' title='bbox 3218 5486 3507 5541; x_wconf 91' lang='lat' dir='ltr'><strong>lucernam</strong></span> <span class='ocrx_word' id='word_1_720' title='bbox 3531 5487 3675 5541; x_wconf 84' lang='lat' dir='ltr'><strong>Pau-</strong></span> 
     </span>
    </p>
   </div>
   <div class='ocr_carea' id='block_1_101' title="bbox 2104 5580 3671 5654">
    <p class='ocr_par' dir='ltr' id='par_1_101' title="bbox 2104 5580 3671 5654">
     <span class='ocr_line' id='line_1_101' title="bbox 2104 5580 3671 5654; baseline -0.005 -12"><span class='ocrx_word' id='word_1_721' title='bbox 2104 5589 2221 5643; x_wconf 91' lang='lat' dir='ltr'><strong>lum</strong></span> <span class='ocrx_word' id='word_1_722' title='bbox 2279 5587 2558 5641; x_wconf 87' lang='lat' dir='ltr'><strong>dicentem</strong></span> <span class='ocrx_word' id='word_1_723' title='bbox 2610 5584 2757 5654; x_wconf 91' lang='lat' dir='ltr'><strong>quod</strong></span> <span class='ocrx_word' id='word_1_724' title='bbox 2819 5592 2977 5637; x_wconf 74' lang='lat' dir='ltr'><strong>vetus</strong></span> <span class='ocrx_word' id='word_1_725' title='bbox 3006 5580 3293 5650; x_wconf 85' lang='lat' dir='ltr'><strong>Scriptura</strong></span> <span class='ocrx_word' id='word_1_726' title='bbox 3341 5589 3397 5637; x_wconf 92' lang='lat' dir='ltr'><strong>et</strong></span> <span class='ocrx_word' id='word_1_727' title='bbox 3449 5581 3537 5636; x_wconf 86' lang='lat' dir='ltr'><strong>lex</strong></span> <span class='ocrx_word' id='word_1_728' title='bbox 3587 5593 3671 5635; x_wconf 88' lang='lat' dir='ltr'><strong>est</strong></span> 
     </span>
    </p>
   </div>
   <div class='ocr_carea' id='block_1_102' title="bbox 2106 5673 3673 5745">
    <p class='ocr_par' dir='ltr' id='par_1_102' title="bbox 2106 5673 3673 5745">
     <span class='ocr_line' id='line_1_102' title="bbox 2106 5673 3673 5745; baseline -0.002 -13"><span class='ocrx_word' id='word_1_729' title='bbox 2106 5679 2299 5734; x_wconf 88' lang='lat' dir='ltr'><strong>umbra</strong></span> <span class='ocrx_word' id='word_1_730' title='bbox 2337 5676 2589 5733; x_wconf 89' lang='lat' dir='ltr'><strong>veritatis</strong></span> <span class='ocrx_word' id='word_1_731' title='bbox 2618 5693 2800 5733; x_wconf 89' lang='lat' dir='ltr'><strong>rerum</strong></span> <span class='ocrx_word' id='word_1_732' title='bbox 2814 5675 3085 5731; x_wconf 85' lang='lat' dir='ltr'><strong>Christiet</strong></span> <span class='ocrx_word' id='word_1_733' title='bbox 3115 5673 3376 5730; x_wconf 76' lang='lat' dir='ltr'><strong>Ecclesia:</strong></span> <span class='ocrx_word' id='word_1_734' title='bbox 3401 5691 3415 5729; x_wconf 87' lang='lat'><strong>:</strong></span> <span class='ocrx_word' id='word_1_735' title='bbox 3445 5674 3673 5745; x_wconf 86' lang='lat' dir='ltr'><strong>etquod</strong></span> 
     </span>
    </p>
   </div>
  </div>
