4026 6140
302 293 406 359 891

1511 305 1571 364 S.
1615 305 2011 365 ANASTASII
2052 303 2377 365 SINAITAS

3438 297 3545 362 89%

292 402 486 457 omnia
512 407 746 471 .propter
772 399 1061 464 Christum
1080 415 1138 461 et
1168 407 1221 461 in
1264 405 1548 463 Christum
1591 409 1877 464 tendentia
1907 413 1949 470 Α
1979 412 2160 467 adhuc
2191 411 2480 481 agebatur,
2512 407 2835 479 priusquam
2862 406 3215 463 illuceseeret
3244 403 3545 460 multitudo

294 494 437 547 facta
467 499 619 556 sunt,
653 500 762 545 tam
810 509 934 563 qua:
985 504 1117 549 sunt
1152 496 1205 550 in
1244 498 1400 552 cmlis
1456 515 1620 568 quam
1668 516 1790 569 qua:
1819 500 1873 554 in

296 597 464 641 terra.
522 585 591 640 Et
636 585 765 640 ideo
802 587 1151 642 exeutieutes
1206 590 1414 658 spicam
1461 591 1765 661 Scriptura:
1806 592 1877 647 ab

295 680 640 735 extrinsecus
695 678 960 749 imposito
1019 681 1285 750 operculo
1343 683 1545 738 litterae
1600 683 1874 747 Mosaicae,

254 755 531 842 lprimam
553 771 849 835 rationem,
881 786 1138 841 granum,
1174 771 1422 842 inquam,
1457 774 1605 844 quod
1633 785 1718 830 est
1748 776 1878 830 abs-

263 844 524 939 1iconsum
560 860 706 917 intra
736 863 1100 929 frumentum,
1139 880 1338 935 nempe
1372 865 1660 922 Christum
1696 864 1883 939 inqui-

300 948 495 1003 rimus.
519 949 628 1004 Res
647 964 842 1003 omnes
864 947 1294 1022 praeﬁgurabant
1356 950 1642 1010 Christum
1678 965 1735 1011 et
1759 958 1881 1028 ejus

302 1039 635 1097 Ecclesium:
680 1041 878 1108 Moses,
913 1043 1160 1117 inquam,
1204 1054 1262 1099 et
1290 1041 1516 1101 Tabula:
1569 1049 1793 1118 priores
1824 1057 1882 1104 et

303 1133 583 1200 secundm,
615 1144 671 1189 et
729 1134 1169 1200 tabernaculum,
1206 1147 1264 1192 et
1290 1154 1472 1206 mons,
1504 1150 1561 1195 et
1596 1141 1794 1205 rubus,
1828 1150 1884 1196 ct

306 1224 467 1295 ignis,
500 1232 555 1279 et
613 1240 836 1290 manna,
891 1233 948 1281 et
996 1240 1159 1294 urna,
1211 1238 1268 1284 et
1322 1246 1473 1296 arca,
1508 1240 1566 1286 et
1595 1249 1793 1303 agnus,
1829 1242 1887 1288 et

306 1318 597 1383 columine,
634 1327 690 1374 et
721 1329 986 1385 turtures,
1040 1331 1097 1375 et
1128 1323 1421 1389 sacriﬁcia,
1460 1333 1519 1381 et
1554 1325 1799 1397 sanguis,
1830 1335 1888 1383 et

308 1410 575 1479 aspersio,
627 1421 682 1466 et
720 1412 1056 1478 sacerdotes,
1090 1424 1145 1470 et
1195 1416 1672 1486 propitiatorium,
1701 1415 1887 1472 etduo

310 1503 432 1558 vela
476 1515 532 1558 et
566 1514 741 1573 petra,
779 1513 835 1558 et
865 1505 1038 1576 virga,
1063 1516 1119 1560 et
1143 1508 1460 1579 hyssOpum,
1495 1521 1552 1564 et
1575 1513 1885 1575 coccinum,

311 1601 390 1656 et,
435 1603 497 1646 ut
530 1594 698 1647 semel
729 1594 930 1663 dicam,
981 1611 1069 1650 res
1099 1612 1292 1652 omnes
1347 1597 1603 1668 legitimae
1646 1599 1887 1653 Israelis.

314 1683 405 1739 Sic
424 1686 589 1739 etiam
623 1690 809 1740 omnia
846 1687 1094 1758 legitima
1129 1704 1253 1758 qua:
1288 1704 1318 1742 a
1361 1690 1511 1744 Mose
1543 1697 1673 1744 sunt
1713 1689 1886 1755 dicta,

315 1776 461 1832 dit-ta
492 1786 621 1833 sunt
650 1778 719 1833 de
747 1778 971 1834 Christo
1000 1787 1056 1834 et
1079 1788 1307 1850 propter
1340 1779 1648 1847 Christum,
1685 1797 1892 1836 conve-

316 1869 535 1925 nienter
570 1871 744 1941 ipsius
775 1871 905 1925 Jesu
933 1871 1056 1926 voci
1085 1873 1179 1941 qui
1218 1873 1356 1928 dicit
1391 1891 1404 1927 :
1438 1873 1557 1927 Iota
1593 1891 1761 1928 unum
1800 1883 1895 1928 aut

323 1976 465 2033 apex
487 1976 623 2015 unus
662 1978 767 2015 non
798 1964 1090 2032 prwteribit
1115 1980 1179 2018 ea:
1205 1963 1338 2035 lege,
1358 1965 1520 2019 donec
1538 1967 1717 2020 omnia
1740 1965 1807 2021 de
1829 1980 1898 2021 eo

321 2050 460 2123 ﬁant
492 2050 536 2085 ¹²
566 2062 624 2108 et
654 2054 1010 2123 impleantur.
1047 2055 1137 2111 Sic
1164 2057 1312 2111 enim
1367 2073 1491 2127 quae
1518 2066 1602 2113 est
1646 2058 1896 2112 omnium

322 2145 423 2200 Dei
454 2154 838 2201 creaturarum
865 2147 1181 2204 miserrima
1237 2157 1293 2203 et
1322 2149 1610 2215 vilissima,
1663 2151 1894 2215 vermis,

326 2237 580 2308 inquam,
612 2237 708 2308 qui
745 2237 866 2293 sine
899 2240 1112 2294 semine
1143 2248 1310 2295 natus
1352 2249 1526 2295 estex
1563 2240 1902 2312 pinguedine
1940 2266 1949 2277 -

327 2345 510 2397 terra},
544 2333 655 2401 jam
684 2329 818 2387 olim
849 2330 1227 2405 praeﬁguravit
1260 2349 1326 2388 ac
1351 2332 1649 2404 descripsit
1679 2343 1902 2389 uterum

330 2419 746 2491 gloriosissimas
769 2420 1038 2494 Deiparte,
1062 2433 1123 2478 ut
1154 2432 1388 2479 testatur
1416 2426 1592 2480 David
1616 2426 1809 2480 dicens
1837 2442 1905 2481 ex

332 2524 571 2581 persona
597 2512 838 2570 Christi:
894 2511 1007 2586 Ego
1031 2533 1148 2570 sum
1217 2519 1431 2583 vermis,
1471 2526 1521 2571 et
1573 2535 1676 2571 non
1703 2521 1856 2572 homo
1887 2537 1906 2573 :

334 2600 442 2657 hoc
470 2613 577 2668 est,
611 2603 730 2659 sine
792 2604 1006 2660 semine
1072 2615 1369 2676 generatus
1419 2606 1564 2662 sicut
1591 2609 1818 2670 vermis,
1852 2617 1909 2663 et

336 2708 447 2748 non
474 2709 628 2749 more
654 2694 898 2749 humano
927 2710 993 2750 ex
1034 2711 1199 2752 causa
1252 2694 1515 2773 seminis:
1572 2697 1911 2768 opprobrium

340 2782 613 2838 hominum
642 2785 985 2853 Iudaeorum,
1028 2785 1253 2859 abjectio
1278 2788 1522 2860 populi“
1554 2789 1811 2861 gentilis:
1843 2806 1913 2844 ne

344 2874 414 2930 de
435 2883 636 2932 caetero
665 2878 801 2932 mihi
829 2879 1175 2936 dubitaveris
1208 2897 1392 2951 neque
1423 2880 1603 2936 fueris
1652 2881 1915 2937 incredu-

344 2966 435 3022 lus
467 2967 537 3022 de
558 2971 1032 3036 praestantissimis
1054 2972 1352 3035 creaturis,
1384 2971 1533 3040 quod
1562 2971 1770 3026 fuerint
1798 2988 1916 3026 om-

1975 504 2349 574 apostolorum
2381 509 2439 556 et
2474 499 2788 564 doctorum,
2824 497 3044 563 lucidas,
3110 497 3360 566 inquam,
3422 511 3544 565 qua:

1977 602 2107 648 sunt
2132 593 2185 647 in
2220 593 2382 649 terris
2405 591 2599 653 stellae,
2620 598 2678 646 et
2693 590 3014 662 priusquam
3034 590 3278 645 oriretur
3293 586 3551 644 Christus

1977 685 2139 754 871
2172 684 2263 739 Sol
2287 683 2539 754 justitiaa,
2563 699 2690 738 cum
2704 684 2826 755 ejus
2851 684 3085 755 conjuge
3119 683 3274 746 luna,
3334 697 3534 751 nempe

1979 776 2257 832 Ecclesia:
2290 792 2355 832 ea
2412 778 2482 833 de
2528 791 2697 832 causa
2727 784 2845 830 tres
2904 775 3024 830 dies
3074 782 3204 827 ante
3259 780 3552 841 quartum,

1981 868 2334 939 imperfectos
2379 879 2436 925 et
2486 882 2691 939 opacos
2720 867 2946 938 soloque
3003 872 3062 921 et
3104 864 3236 919 luna
3288 871 3548 919 carentes

1981 961 2115 1018 fecit
2144 962 2308 1018 Deus.

2053 1053 2292 1119 Quartus
2321 1061 2506 1108 autem
2543 1051 2666 1106 dies
2702 1049 2810 1105 fuit
2855 1048 2973 1119 ipse
3006 1046 3214 1102 mundo
3250 1046 3560 1116 perfectus.

1985 1144 2051 1200 Et
2088 1153 2316 1215 propter
2348 1159 2475 1198 eum
2524 1151 2719 1215 quarta
2767 1143 2933 1197 noctis
2978 1138 3163 1210 vigilia
3204 1140 3343 1194 venit
3401 1136 3563 1192 Chri-
3606 1128 3617 1135 ’

1986 1246 2105 1293 stus
2135 1246 2267 1292 tunc
2302 1253 2473 1306 super
2499 1252 2650 1291 mare
2678 1234 2969 1289 ambulans
2990 1240 3047 1287 et
3073 1246 3246 1302 super
3270 1245 3462 1299 aquas,
3493 1230 3561 1285 ad

1986 1342 2116 1382 suos
2183 1323 2519 1397 discipulos
2553 1325 2650 1396 qui
2707 1324 3061 1394 agitabantur
3115 1329 3465 1390 tempestate,
3507 1329 3565 1373 et

1986 1428 2146 1475 erant
2201 1417 2434 1490 perituri
2482 1419 2538 1473 iu
2571 1417 2712 1473 mari
2764 1418 2931 1487 hujus
2989 1413 3207 1478 mundi,
3239 1419 3297 1468 et
3354 1412 3425 1467 ad
3464 1427 3567 1467 nos

1990 1510 2181 1567 itidem
2209 1511 2512 1580 discipulos
2542 1510 2636 1580 qui
2662 1509 2718 1562 in
2752 1507 3059 1578 periculum
3093 1503 3511 1560 adducebamur
3539 1514 3570 1554 a

1991 1603 2283 1674 spiritibus
2308 1602 2663 1657 tenebrarum
2685 1609 2741 1658 et
2758 1599 3028 1655 ﬂuctuum
3058 1595 3386 1667 impietatis.
3409 1592 3567 1651 Unde

1991 1694 2160 1749 etiam
2211 1693 2359 1749 Deus
2406 1692 2665 1748 lsraelem
2702 1692 2759 1747 in
2803 1692 2942 1746 mari
2990 1689 3233 1745 servavit
3276 1687 3333 1742 in
3374 1693 3569 1757 quarta

1993 1787 2183 1859 vigilia
2214 1786 2488 1841 matutina
2526 1785 2594 1840 ad
2626 1800 2730 1840 nos
2761 1782 3103 1855 ﬁgurandos.
3129 1780 3242 1836 Nos
3284 1778 3434 1834 enim
3475 1793 3571 1832 su-

1995 1896 2119 1935 mus
2146 1880 2267 1950 ejus
2312 1878 2554 1948 pepulus
2581 1893 2745 1947 quem
2778 1875 3038 1931 liberavit
3070 1889 3100 1928 a
3136 1888 3300 1929 manu
3350 1864 3576 1939 maligni

1999 1971 2206 2027 diaboli
2260 1968 2568 2026 Pharaonis
2627 1975 2827 2038 quarto
2867 1974 2924 2021 et
2962 1968 3143 2036 primo
3192 1962 3440 2033 perfecto
3486 1960 3577 2015 die

1998 2047 2292 2131 postquam
2339 2060 2506 2114 tertio
2543 2059 2634 2114 die
2674 2058 2919 2114 surrexit
2958 2073 2987 2112 a
3020 2055 3261 2110 mortuis
3299 2063 3457 2107 ortus
3496 2051 3580 2106 sol

1995 2151 2223 2224 justitiae
2250 2168 2262 2205 :
2293 2165 2456 2221 quem
2482 2149 2638 2220 prius
2669 2147 2999 2220 signiﬁcavit
3024 2147 3127 2202 iste
3150 2146 3233 2201 sol
3256 2145 3350 2215 qui
3382 2152 3582 2214 quarto

2003 2243 2093 2299 die
2128 2243 2234 2298 fuit
2280 2259 2311 2298 a
2351 2243 2462 2298 Deo
2494 2241 2785 2307 conditus,
2820 2240 3097 2310 quoddam
3142 2254 3345 2293 novum
3398 2245 3456 2291 et
3499 2235 3585 2290 di-

2004 2351 2174 2406 gnum
2210 2334 2359 2405 quod
2383 2344 2701 2390 scrutemur
2726 2333 2888 2389 nobis
2909 2332 3208 2387 ostendens
3232 2328 3580 2402 mysterium,

2007 2433 2302 2497 propterea
2351 2424 2500 2495 quod
2550 2432 2750 2495 quarto
2800 2423 2891 2478 die
2946 2422 3127 2477 factus
3174 2428 3277 2476 est.
3313 2419 3451 2474 Nam
3487 2417 3585 2472 lux

2008 2516 2231 2587 quidem
2284 2515 2454 2571 trium
2481 2515 2700 2571 dierum
2754 2513 3209 2585 prmeedentium,
3245 2525 3491 2581 expansa
3519 2523 3585 2563 ac

2010 2607 2259 2678 dispersa
2288 2624 2388 2678 per
2433 2615 2605 2662 totam
2638 2606 3083 2671 universitatem,
3116 2603 3361 2660 ostendit
3406 2602 3586 2656 lucem

2013 2700 2270 2755 increatae
2320 2700 2606 2756 Trinitatis
2656 2715 2988 2771 quocunque
3020 2698 3335 2770 pervenire,
3370 2706 3427 2750 et
3461 2694 3589 2750 nul-

2013 2792 2128 2846 lum
2171 2793 2489 2861 relinquere
2542 2793 2728 2847 locum
2751 2807 2814 2847 ea
2840 2807 3098 2846 vacuum.
3124 2788 3360 2867 Quando
3405 2793 3590 2840 autem

2017 2892 2214 2952 quarto
2249 2881 2339 2936 die
2384 2882 2689 2937 fabricatur
2742 2881 2897 2937 orbis
2944 2881 3098 2945 solis,
3128 2888 3186 2935 et
3213 2880 3308 2934 lux
3340 2879 3433 2933 illa
3472 2892 3596 2947 qum

2019 2985 2104 3031 est
2126 2974 2334 3044 ubique
2348 2990 2591 3044 praesens
2617 2974 2672 3028 in
2690 2989 2756 3029 eo
2776 2974 3022 3045 ponitur,
3036 2972 3144 3027 hoc
3164 2968 3598 3042 signiticatquod

348 3069 451 3109 «res
485 3054 671 3125 ﬁgurae
699 3055 930 3122 Christi,
954 3074 1022 3113 ex
1057 3058 1259 3129 quibus
1280 3061 1590 3115 suntetiam
1622 3059 1917 3116 luminaria
1951 3082 1991 3138 ε
2025 3064 2213 3119 divina
2244 3065 2338 3118 illa
2378 3066 2474 3119 lux
2512 3065 2566 3119 in
2614 3066 2749 3121 orbe
2796 3065 3036 3136 quodam
3080 3063 3319 3133 primum
3373 3059 3599 3131 quidem

352 3158 477 3206 quae
505 3144 645 3200 facta
671 3155 800 3201 sunt
834 3144 1033 3217 quarto
1057 3149 1167 3204 die.
1195 3151 1335 3206 Ante
1390 3150 1688 3207 dictionem
1740 3161 1926 3206 autem

358 3236 491 3293 iilud
515 3248 601 3293 est
632 3239 1017 3308 quaerendum,
1047 3256 1150 3296 cur
1175 3250 1288 3297 tres
1317 3243 1545 3297 fuerunt
1589 3242 1708 3298 dies
1750 3244 1929 3299 manci

357 3328 768 3399 ctimperfecti,
811 3331 1252 3402 lucem'quidem
1284 3333 1577 3401 habentes,
1621 3336 1793 3390 sulem
1829 3351 1931 3390 au-

366 3431 500 3480 tem,
526 3421 712 3476 lunam
744 3432 800 3477 et
846 3425 1132 3479 stellarum
1157 3441 1267 3480 non
1297 3425 1567 3483 habentes
1621 3428 1934 3483 multitudi-

361 3526 523 3566 nem:
556 3512 665 3566 imo
701 3529 834 3568 vero
868 3513 1199 3569 videbantur
1215 3531 1339 3571 esse
1367 3517 1777 3587 quadammodo
1808 3533 1936 3587 pro-

361 3601 518 3656 fundi
544 3611 598 3657 ει
623 3619 731 3657 nuli
757 3603 1089 3659 illuminati:
1117 3620 1227 3660 non
1252 3605 1533 3661 habebant
1561 3606 1711 3661 enim
1740 3607 1934 3668 solem,

362 3694 486 3749 caeli
520 3704 577 3749 ct
611 3706 772 3750 terra:
802 3695 1077 3764 luminare
1102 3714 1117 3764 ;
1149 3706 1206 3752 et
1229 3697 1491 3752 universa
1520 3712 1642 3768 qum
1670 3714 1770 3767 per
1800 3697 1936 3752 alias

364 3788 703 3843 refulserunt
739 3789 889 3869 dies.
946 3789 1089 3857 Quid
1143 3807 1277 3863 ergo
1316 3792 1372 3846 in
1420 3792 1511 3847 his
1565 3791 1834 3848 dicimus?
1883 3799 1940 3847 et

363 3894 595 3936 curnam
660 3881 1031 3951 quartusdies
1087 3882 1428 3954 fuitprimus
1459 3894 1516 3940 et
1544 3900 1654 3939 non
1680 3885 1941 3939 mancus?

368 3970 692 4039 Audiamus,
744 3990 971 4045 quaeso,
1002 3993 1255 4047 quamam
1308 3978 1454 4034 inter
1501 3978 1756 4032 homines
1814 3988 1940 4032 ante

368 4064 578 4120 Christi
604 4067 904 4122 adventum
938 4077 995 4124 et
1023 4069 1486 4125 illuminationem
1533 4069 1760 4125 fuerunt
1793 4070 1943 4138 leges

370 4168 429 4212 et
458 4158 605 4212 modi
636 4159 860 4227 pietatis
883 4169 941 4215 et
967 4160 1170 4216 divina:
1204 4162 1511 4233 religionis.
1538 4162 1676 4217 Nam
1714 4162 1766 4216 in
1794 4163 1944 4231 prin-

372 4247 517 4317 cipio
545 4248 769 4318 quidem
797 4250 854 4304 in
886 4252 1066 4320 prima
1083 4251 1363 4307 creatione
1384 4252 1529 4306 Deus
1556 4251 1709 4306 dedit
1729 4251 1942 4306 Adamo

372 4340 573 4396 exilem
627 4351 685 4399 et
735 4343 1028 4399 evanidam
1074 4343 1255 4400 lucem
1318 4343 1686 4414 cognitionis,
1743 4358 1943 4412 nempe

2030 3154 2256 3224 ponitur
2278 3155 2515 3211 obscura
2536 3156 2607 3210 ob
2624 3163 2911 3225 peccatum
2950 3152 3144 3208 Adami
3165 3192 3179 3217 ,
3205 3161 3394 3221 postea
3414 3158 3600 3203 autem

2032 3243 2213 3298 lucida
2250 3257 2479 3315 propter
2506 3244 2770 3315 unionem
2806 3244 2860 3298 in
2911 3244 3027 3299 Deo
3070 3257 3172 3313 per
3211 3238 3550 3312 hypostasim
3585 3253 3598 3289 :

2035 3337 2089 3390 in
2146 3337 2361 3408 abjecto
2401 3336 2612 3392 scilicet
2665 3345 2723 3392 et
2776 3326 3096 3406 contempto
3155 3332 3382 3387 homine
3437 3344 3603 3399 quem

2036 3428 2210 3482 Filius
2261 3428 2505 3484 hominis
2554 3426 2662 3482 sibi
2708 3437 2953 3482 assumet
2996 3441 3063 3479 ex
3113 3431 3226 3479 tota
3273 3423 3506 3477 obscura
3549 3427 3607 3474 et

2038 3518 2387 3575 tenebricosa
2437 3518 2823 3573 humanitate:
2861 3515 2956 3571 sed
3014 3516 3089 3569 ita
3122 3528 3340 3585 quoque
3388 3520 3445 3564 ut
3495 3524 3606 3563 non

2037 3616 2358 3663 coerceatur
2384 3607 2438 3661 in
2460 3616 2674 3662 arctum
2708 3622 2887 3676 neque
2911 3603 3427 3661 circumscribatur.
3455 3599 3605 3665 Quo-

2038 3698 2203 3753 modo
2236 3698 2385 3752 cuim
2415 3697 2507 3751 lux
2531 3713 2726 3760 rursus
2751 3704 2873 3766 post
2901 3696 3022 3768 ejus
3058 3695 3113 3748 in
3148 3694 3263 3748 sole
3300 3694 3607 3763 posituram

2039 3798 2239 3860 quarto
2295 3789 2406 3853 die,
2436 3788 2591 3843 adest
2656 3788 2865 3857 ubique
2904 3794 2975 3841 Aet
3023 3801 3126 3856 per
3183 3792 3352 3838 totam
3406 3790 3608 3834 terram

2039 3880 2374 3951 expanditur
2415 3899 2430 3933 :
2464 3879 2539 3935 ita
2573 3879 2741 3933 etiam
2791 3880 2885 3933 lux
2930 3875 3242 3932 divinitatis
3269 3884 3396 3945 post
3429 3874 3603 3927 incar-

2040 3973 2321 4027 nationem
2341 3987 2452 4025 non
2477 3979 2563 4026 est
2582 3971 3003 4040 circumscripta
3032 3984 3134 4023 nec
3155 3975 3435 4023 contracta
3466 3983 3478 4018 :
3515 3964 3613 4018 scd

2043 4082 2260 4131 rursus,
2293 4064 2438 4120 sicut
2463 4065 2630 4119 etiam
2657 4065 2804 4119 Deus
2832 4063 3111 4126 Christus,
3135 4059 3316 4114 omnia
3339 4059 3613 4118 intuetur,

2045 4158 2394 4227 illustratque
2433 4165 2490 4212 et
2512 4154 2783 4210 viviﬁcat.
2809 4155 2907 4210 Illa
2936 4154 3084 4209 enim
3110 4153 3208 4207 Dei
3235 4150 3402 4206 Verbi
3440 4149 3614 4218 hypo-

2046 4250 2210 4305 stasis
2238 4249 2406 4304 etiam
2457 4249 2514 4303 in
2542 4263 2710 4302 carne
2753 4256 2839 4303 est
2867 4255 3058 4318 aperta
3090 4254 3188 4301 :et
3226 4245 3319 4299 illa
3358 4242 3523 4297 etiam
3549 4256 3618 4294 ex

2047 4357 2215 4398 carne
2260 4340 2526 4396 mundum
2583 4340 2843 4395 illustrat.
2895 4338 3137 4405 Quartus
3173 4344 3357 4393 autem
3413 4333 3618 4389 diesin

373 4432 551 4501 legem
580 4434 849 4490 mandati.
900 4434 1113 4491 Deinde
1154 4435 1402 4492 secundo
1453 4436 1603 4502 loco,
1642 4445 1767 4506 post
1797 4435 1940 4490 dilu-
1978 4433 2021 4488 1)
2049 4449 2160 4504 quo
2186 4433 2467 4504 perfectus
2485 4431 2590 4487 fuit
2625 4432 2731 4498 sol,
2756 4430 2851 4501 qui
2885 4428 3160 4502 signiﬁcat
3197 4426 3401 4483 Christi
3436 4426 3624 4480 incar-

375 4524 550 4589 vium,
605 4534 919 4579 creaturam
969 4540 1228 4581 recreans
1267 4535 1323 4580 et
1381 4534 1587 4581 terram
1634 4541 1827 4580 rursus
1884 4541 1951 4580 CX

379 4614 540 4683 aquis
562 4616 822 4683 aperiens
848 4615 1012 4679 Deus,
1040 4615 1135 4670 dat
1165 4615 1465 4670 secundam
1516 4616 1694 4685 legem
1730 4615 1797 4669 de
1828 4616 1955 4686 qui-

380 4704 614 4760 busdam
647 4704 924 4761 mandatis
946 4715 1005 4760 et
1031 4705 1321 4776 praeceptis
1347 4706 1490 4761 datis
1523 4705 1661 4775 Noe.
1749 4705 1956 4771 Quam-

384 4797 576 4851 obrem
602 4797 855 4850 nominat
873 4797 1041 4851 etiam
1093 4797 1500 4862 Testamentum,
1518 4813 1638 4854 eam
1689 4813 1811 4868 quae
1854 4798 1957 4868 ipsi

387 4889 517 4945 data
542 4897 627 4944 est
663 4889 863 4958 legem.
905 4888 1127 4944 Tertius
1155 4888 1356 4944 deinde
1388 4889 1494 4944 fuit
1520 4889 1660 4955 dies,
1708 4890 1795 4944 lex
1834 4906 1957 4960 quae

389 4979 516 5036 data
537 4990 624 5034 cst
645 4982 699 5033 in
720 4987 905 5034 monte
926 4978 1099 5033 Sinai.
1132 4979 1336 5035 Tribus
1367 4980 1552 5050 itaque
1585 4980 1783 5035 diebus
1802 4981 1958 5051 prius

391 5072 695 5147 instructus
719 5080 768 5125 et
791 5071 1168 5127 sanctiﬁcatus
1194 5072 1299 5128 fuit
1318 5073 1487 5128 lsrael
1510 5073 1731 5143 quando
1748 5075 1961 5145 accepit

393 5165 590 5237 legem.
633 5167 909 5235 Quoniam
944 5184 1076 5240 ergo
1119 5168 1211 5225 illa
1251 5169 1353 5224 tria
1388 5168 1675 5223 hominum
1708 5169 1961 5223 instituta

393 5258 629 5330 vitmque
660 5260 883 5331 agenda:
919 5260 1179 5326 rationes,
1202 5277 1322 5332 quae
1349 5260 1607 5327 fuerunt,
1633 5260 1877 5331 inquam,
1905 5259 1958 5313 in

395 5350 567 5409 Adam
601 5362 728 5407 ante
759 5355 957 5427 legem,
989 5364 1045 5410 et
1069 5370 1190 5426 qum
1214 5356 1269 5410 in
1285 5355 1404 5426 lege
1426 5353 1559 5409 data
1584 5353 1699 5408 Noe
1724 5393 1738 5419 ,
1762 5361 1817 5406 et
1841 5367 1963 5421 qua:

399 5442 460 5497 in
489 5442 609 5514 lege
630 5443 890 5510 Mosaica,
915 5444 1141 5500 fuerunt
1161 5444 1514 5515 imperfectas,
1541 5452 1599 5498 et
1630 5443 1684 5496 in
1728 5441 1963 5511 profun-

400 5534 489 5590 dis
514 5547 797 5593 nocturna:
823 5546 880 5593 ct
902 5539 1216 5608 caliginosae
1239 5536 1536 5607 impietatis
1572 5533 1820 5590 tenebris
1849 5533 1960 5587 vita

477 5710 523 5744 “
572 5711 761 5766 Matth.
787 5729 838 5778 γ,
880 5713 962 5767 18.
1036 5712 1076 5741 ⁸³
1106 5709 1243 5764 1³8³1.
1268 5726 1373 5777 xxI,
1412 5709 1461 5762 7.

2049 4523 2351 4589 nationem,
2378 4522 2655 4593 signiﬁcat
2697 4522 2848 4593 quod
2893 4521 3168 4576 bonorum
3211 4519 3459 4573 omnium
3499 4531 3625 4586 per—

2047 4613 2214 4670 fectio
2238 4621 2371 4668 tunc
2399 4612 2709 4683 apparebit,
2736 4626 2862 4666 cum
2897 4626 2967 4666 ex
2993 4609 3174 4665 lucida
3212 4608 3370 4663 stella
3402 4606 3625 4677 (nempe

2049 4703 2300 4774 Virgine)
2347 4711 2529 4757 ortum
2590 4701 2760 4757 fuerit
2823 4710 3035 4756 astrum
3096 4699 3499 4755 lucidissimum
3554 4712 3625 4750 ex

2050 4793 2279 4857 Jacobo,
2302 4793 2515 4847 habens
2535 4791 2829 4846 luciferum
2853 4792 3139 4845 stellarum
3171 4794 3623 4859 (praecurrentem

2055 4885 2239 4956 Magos
2291 4885 2500 4939 oﬂ‘usos
2532 4882 2800 4952 tenebris)
2833 4898 2957 4953 quae
3013 4883 3118 4936 hoc
3174 4880 3404 4935 indicat.
3444 4879 3627 4932 Dena-

2055 4977 2199 5033 rium
2221 4976 2413 5046 implet
2440 4974 2835 5045 quaternarius
2862 4991 2876 5028 :
2905 4973 3093 5027 unitas
3121 4970 3270 5026 enim
3292 4985 3417 5025 cum
3467 4968 3626 5022 bina—

2057 5067 2140 5120 rio
2187 5064 2378 5134 implet
2416 5063 2741 5147 'ternarium
2790 5070 2848 5119 et
2907 5061 3013 5116 tria
3066 5076 3193 5116 cum
3254 5073 3322 5114 eo
3379 5056 3629 5113 eﬁiciunt

2058 5158 2368 5224 senarium,
2399 5167 2456 5213 et
2488 5155 2885 5227 quaternarius
2919 5170 3045 5209 cum
3100 5168 3168 5208 eo
3214 5151 3409 5221 implet
3460 5150 3633 5204 dena-

2060 5251 2228 5316 rium,
2276 5257 2334 5305 et
2388 5249 2534 5315 ideo,
2567 5247 2986 5319 quaternarium
3039 5245 3341 5315 appellant,
3372 5241 3632 5295 ἀποτελε-

2062 5346 2343 5418 σματικὶν,
2383 5344 2489 5400 hoc
2534 5352 2639 5408 est,
2674 5342 3051 5414 pcrﬁcientem
3090 5357 3102 5393 :
3133 5338 3394 5410 quoniam
3418 5352 3486 5392 ex
3511 5336 3637 5405 ejus

2059 5439 2333 5511 partibus,
2363 5438 2409 5493 si
2456 5436 2795 5493 reducantur
2834 5434 2903 5490 ad
2952 5434 3243 5496 unitatem,
3271 5429 3638 5487 constituitur

2062 5531 2345 5587 denarius.
2371 5530 2569 5588 Diccns
2585 5543 2717 5600 ergo
2734 5533 2968 5599 quartus
2988 5523 3108 5580 dies
3134 5544 3144 5579 :
3166 5525 3426 5594 quoniam
3444 5521 3637 5577 decem
