4026 6140
436 354 542 429 8&3

1530 349 1612 420 ΙΝ
1651 357 2200 419 HEXAEMERON.
2227 311 2291 392 -¥
2317 350 2461 416 LIB.
2506 353 2603 416 IV.

3589 342 3693 408 894

435 474 645 540 indico,
691 472 880 544 aperte
926 470 1164 529 ostendo
1211 471 1360 543 quod
1416 472 1690 526 honorum
1761 471 2009 526 omnium
2038 479 2082 532 Α
2111 468 2386 532 cruciﬁxi,
2418 461 3049 537 przeﬁguravitquatuor
3083 467 3293 514 cornua
3323 453 3529 520 crucis,
3570 470 3694 525 quas

434 565 708 639 perfectio
767 574 901 620 tunc
961 565 1251 637 apparebit
1307 573 1363 620 et
1424 565 1713 620 illucescet
1762 565 2010 619 humano

435 658 651 730 generi,
679 658 902 729 quando
924 658 1181 715 Christus
1213 658 1378 713 unius
1417 659 1588 713 fuerit
1614 665 1829 712 natura:
1880 664 2015 711 tunc

437 751 766 815 obscuratae,
800 751 1080 819 quomodo
1107 750 1163 803 in
1196 765 1284 805 me
1316 750 1613 804 obscurato
1636 748 1773 803 orbe
1806 748 1901 801 lux
1927 755 2013 802 est

438 840 614 897 unita.
664 840 834 894 Multa
890 839 1071 895 habeo
1139 856 1262 910 quae
1317 840 1372 894 in
1421 839 1635 912 judicio
1695 838 1875 894 dicam
1942 837 2013 891 de

436 939 638 1001 quarto
666 930 757 984 die
791 948 804 984 :
835 940 892 986 et
942 932 1090 1001 quod
1137 948 1234 1002 per
1273 931 1424 987 hunc
1460 942 1776 994 numerum,
1814 944 2013 1000 nempe

436 1022 900 1091 quaternarium,
960 1022 1383 1079 administratur
1436 1032 1494 1078 ct
1554 1028 1771 1078 constat
1827 1021 2009 1076 omnis

439 1114 678 1168 caelestis
741 1124 993 1169 creatura
1059 1132 1183 1186 quae
1242 1114 1384 1171 facta
1449 1115 1555 1170 fuit
1610 1128 1707 1170 sex
1774 1114 2013 1181 diebus,

436 1222 506 1261 eo
526 1222 761 1261 numero
789 1221 892 1261 nos
933 1207 1168 1262 docente
1208 1224 1308 1277 per
1337 1209 1676 1279 exemplum,
1703 1207 1851 1278 quod
1883 1218 2014 1263 san-

437 1308 523 1352 cta
551 1298 773 1367 quidem
804 1296 1045 1353 Trinitas
1082 1308 1168 1353 est
1214 1299 1456 1354 increata
1494 1318 1506 1353 :
1537 1300 1630 1369 qui
1662 1308 1849 1354 autem
1882 1307 2010 1369 post

438 1388 768 1444 Trinitatem
799 1394 886 1445 est
914 1388 1121 1444 Christi
1147 1390 1569 1457 incarnationis,
1600 1389 1700 1461 qui
1743 1400 1829 1446 est
1871 1401 2016 1445 unus

436 1496 504 1534 ex
540 1488 728 1535 saneta
752 1477 1047 1546 Trinitate,
1084 1482 1280 1537 modus
1305 1492 1363 1538 et
1396 1483 1560 1549 ratio,
1592 1483 1637 1538 is
1676 1492 1764 1538 est
1804 1483 1929 1537 fons
1960 1490 2018 1536 et

440 1571 773 1641 principium
811 1584 868 1627 et
906 1573 1065 1627 radix
1090 1583 1146 1629 et
1180 1570 1602 1629 fundamentum
1652 1584 1710 1630 et
1743 1574 2018 1630 securitas

437 1664 686 1715 omnium
712 1663 985 1717 bonorum
1011 1680 1134 1733 qua:
1160 1680 1191 1718 a
1217 1665 1331 1720 Deo
1360 1666 1503 1721 facta
1534 1672 1667 1720 sunt
1695 1660 1747 1720 in
1774 1665 2016 1720 creatio-

437 1768 508 1810 ne
562 1771 659 1810 sex
709 1755 929 1810 dierum
969 1756 1024 1810 in
1057 1756 1198 1811 caelo
1245 1765 1301 1811 et
1349 1757 1403 1811 in
1437 1765 1603 1821 terra,
1639 1766 2017 1827 congruenter

435 1847 562 1901 voci
612 1847 765 1901 Pauli
801 1863 923 1917 qua:
957 1846 1131 1902 dicit:
1160 1845 1355 1903 Omnia
1397 1849 1453 1903 in
1481 1847 1688 1904 Christi
1722 1858 1910 1920 typum
1950 1865 2015 1904 ac

437 1936 669 2007 ﬁguram
724 1947 907 1994 creata
947 1948 1097 2004 sunt,
1130 1940 1286 2009 prius
1330 1939 1631 1994 iudieantia
1655 1940 1928 1995 rationem
1960 1950 2016 1996 et

438 2031 663 2085 modum
709 2032 831 2100 ejus
880 2032 1281 2087 incarnationis
1337 2033 1432 2102 qui
1474 2040 1598 2101 post
1632 2032 1739 2087 tria
1765 2033 1783 2052 ‘
1811 2032 2014 2105 (dicam

437 2125 733 2193 rationem)
772 2141 872 2195 per
899 2135 1137 2195 quatuor
1170 2122 1463 2197 Evangelia
1493 2133 1753 2196 tanquam
1784 2132 2019 2196 quartus

437 2216 559 2272 dies
583 2217 635 2271 in
665 2226 905 2287 quatuor
928 2219 1180 2288 partibus
1213 2219 1365 2273 orbis
1396 2228 1577 2283 terrm,
1613 2218 1665 2273 in
1705 2234 1816 2289 quo
1855 2233 2020 2272 exor-

438 2317 531 2363 tus
592 2321 679 2365 est
732 2310 938 2365 mundo
995 2311 1077 2366 sol
1134 2310 1396 2366 ctelestis.
1456 2308 1689 2380 Propter
1739 2306 2015 2382 ejusmodi

439 2410 597 2455 ortus
656 2402 1162 2467 mysterium,fecit
1212 2402 1381 2457 etiam
1437 2412 1636 2472 quarto
1677 2402 1769 2457 die
1820 2402 2017 2457 solem.

440 2491 677 2561 Propter
728 2493 835 2548 hoc
885 2503 952 2548 ex
997 2501 1237 2564 quatuor
1292 2492 1586 2548 elementis
1630 2493 1760 2547 fecit
1808 2493 2016 2556 omnia,

443 2597 643 2651 nempe
675 2582 823 2652 igne,
866 2590 1035 2650 terra,
1066 2593 1124 2638 et
1167 2595 1331 2653 aqua,
1358 2592 1412 2638 et
1440 2599 1566 2638 aere
1601 2594 1614 2637 ε
1647 2594 1940 2654 propterea
1964 2594 2021 2639 et

442 2675 563 2743 ipsa
597 2684 836 2744 quatuor
864 2675 918 2729 in
955 2676 1188 2745 singulis
1215 2691 1411 2730 eorum
1452 2675 1508 2730 in
1557 2676 1797 2744 QuatuOr
1842 2677 2023 2732 cousi~

441 2765 905 2837 derantur,ignis
939 2768 1164 2836 quidem
1202 2767 1257 2820 in
1280 2767 1426 2831 luce,
1455 2774 1512 2821 et
1546 2767 1755 2835 stellis,
1787 2770 1843 2822 et
1864 2767 2018 2829 luna,

439 2857 674 2911 etsole:
710 2871 851 2926 aqua
898 2867 1083 2912 autem
1115 2857 1170 2911 in
1210 2859 1579 2921 ﬁrmamento,
1618 2864 1675 2912 et
1725 2857 1830 2911 alia
1879 2873 2023 2927 aqua

442 2962 608 3018 supra
632 2948 1058 3016 ﬁrmamentum,
1082 2957 1138 3005 et
1162 2949 1438 3014 terrestri,
1458 2958 1513 3004 et
1537 2949 1782 3021 abyssin.
1820 2949 2021 3004 Aerem

443 3040 501 3095 in
546 3049 789 3111 quatuor
816 3053 1017 3096 ventos
1044 3051 1099 3096 et
1128 3051 1374 3111 quatuor
1408 3039 1536 3095 anni
1581 3049 1830 3110 tempora
1876 3035 2024 3094 divi-

443 3132 537 3186 sit.
577 3132 805 3187 Terram
830 3133 1070 3203 partitus
1100 3133 1265 3188 estin
1291 3139 1534 3203 quatuor
1558 3131 1716 3196 ﬁnes,
1744 3126 2025 3200 quomodo

442 3228 612 3284 etiam
644 3228 699 3282 in
721 3238 960 3298 quatuor
983 3226 1388 3299 generationes,
1416 3225 1741 3289 herbarum,
1772 3225 2020 3294 inquam,

443 3327 501 3375 et
521 3320 822 3383 l'ructuum,
853 3329 911 3374 et
931 3319 1322 3384 animantium,
1343 3324 1399 3373 et
1421 3318 1729 3372 hominum.
1754 3310 2024 3372 Similiter

443 3411 612 3465 etiam
636 3411 935 3464 animantia
954 3411 1009 3464 in
1023 3420 1264 3481 quatuor
1275 3426 1475 3481 genera
1498 3409 1756 3464 dividens
1769 3425 1832 3463 ea
1850 3408 2024 3463 nomi-

443 3502 619 3568 navit,
644 3519 708 3557 ea
736 3518 938 3558 vocans
972 3518 1194 3571 pecora,
1213 3501 1491 3565 animalia,
1512 3502 1657 3555 feras
1687 3509 1743 3555 ct
1782 3499 2022 3570 rcptilia.

444 3594 714 3649 Volucres
762 3604 945 3649 autem
973 3610 1078 3647 una
1108 3602 1271 3647 vocat
1299 3592 1689 3662 appellatione;
1715 3601 1846 3646 sunt
1875 3591 2026 3645 enim

447 3693 610 3756 typus
634 3701 697 3740 ac
734 3684 906 3754 ﬁgura
935 3685 1060 3740 cceli
1093 3685 1385 3739 volucrum
1423 3698 1660 3753 :nempe
1686 3682 2026 3736 l’otestatum

448 3776 906 3845 intelligentium,
933 3791 1169 3844 quarum
1203 3773 1494 3830 sententiae
1529 3781 1624 3827 aut
1651 3775 1779 3827 vitae
1801 3772 2029 3840 agendae

449 3866 598 3919 nulla
636 3872 723 3919 est
759 3863 979 3919 divisio.
1010 3863 1280 3919 Similiter
1323 3865 1490 3919 etiam
1538 3872 1778 3932 quatuor
1818 3861 2029 3916 semina

448 3956 505 4009 in
550 3963 804 4010 creatura
853 3971 1026 4026 super
1083 3964 1286 4011 terram
1339 3963 1716 4025 agnoscuntur
1769 3970 1782 4006 :
1830 3968 2028 4022 nempe

447 4046 896 4116 germinantium,
920 4055 976 4101 et
1000 4047 1311 4112 volucrum,
1352 4054 1409 4100 et
1451 4044 1707 4116 piscium,
1732 4051 1788 4098 et
1818 4045 2032 4098 anima-

447 4139 605 4193 lium.
636 4139 713 4193 Ea
737 4140 885 4193 enim
925 4137 1041 4194 sola
1074 4138 1130 4193 in
1163 4146 1330 4204 terra,
1359 4152 1418 4194 et
1449 4154 1480 4193 e
1513 4146 1659 4192 terra
1693 4145 2025 4201 nascuntur,

446 4245 568 4300 qua:
583 4241 713 4287 sunt
726 4240 884 4302 typus
903 4238 1143 4300 quatuor
1164 4228 1437 4284 seminum
1450 4227 1715 4283 doctrinae
1730 4225 2032 4290 Verbi,hoc

447 4334 532 4378 est
568 4324 687 4377 Dei.
721 4321 1014 4388 Quomodo
1039 4321 1184 4376 enim
1211 4335 1399 4375 semen
1430 4335 1526 4374 sua
1555 4326 1754 4389 sponte
1783 4320 2032 4373 nascitur

448 4432 512 4471 ex
562 4425 730 4481 terra,
788 4417 862 4470 ita
901 4414 1067 4470 etiam
1110 4414 1253 4468 ratio
1294 4412 1559 4468 doctrina:
1593 4411 1939 4477 naturaliter,
1964 4427 2030 4467 ex

2116 562 2284 617 etiam
2306 561 2513 616 dicitur
2542 558 2752 628 lignum
2779 554 2907 609 vita:
2937 571 2950 607 :
2977 562 3115 607 crux
3142 550 3293 605 enim
3320 558 3440 603 erat
3462 546 3692 603 Christi.

2114 653 2352 722 Propter
2386 652 2563 721 ipsum
2610 648 2759 703 enim
2803 645 3089 714 exsculpta
3129 650 3215 696 est
3259 639 3519 709 scalpello
3558 636 3694 708 ligni

2115 759 2246 799 vere
2294 741 2522 813 plantati
2560 757 2706 794 secus
2752 738 3001 792 decursus
3032 750 3297 805 aquarum
3331 732 3413 797 “‘;
3455 738 3697 799 quatuor

2117 832 2340 903 inquiin)
2374 831 2824 901 Evangeliorum.
2851 828 2975 883 Non
3005 825 3113 880 erit
3138 832 3325 879 autem
3360 821 3692 885 absurdum,

2116 928 2159 981 si
2187 926 2334 980 illius
2383 938 2603 993 quoque
2647 920 2828 991 quarti
2882 918 2974 988 qui
3030 918 3086 971 in
3140 916 3367 971 fornace
3392 928 3693 984 puerorum

2118 1019 2270 1073 visus
2300 1024 2384 1071 est
2411 1012 2772 1069 similitudine
2811 1010 2935 1079 Filii
2960 1008 3056 1063 Dei
3080 1008 3145 1073 ¹⁸,
3182 1007 3455 1061 visionem
3491 1003 3696 1059 intelli—

2116 1124 2329 1182 gamus,
2369 1116 2626 1176 tanquam
2686 1102 2868 1173 quarti
2913 1101 3022 1156 diei
3075 1099 3349 1170 ﬁguram:
3385 1102 3439 1152 et
3487 1096 3695 1153 Christi

2118 1203 2212 1272 qui
2244 1202 2299 1256 in
2334 1216 2401 1255 eo
2433 1207 2688 1253 ostensus
2727 1204 2831 1257 est,
2857 1209 3056 1262 nempe
3090 1192 3241 1247 solis.
3268 1192 3366 1245 Est
3406 1190 3555 1244 enim
3604 1188 3698 1242 ille

2117 1294 2262 1364 ignis
2286 1299 2554 1362 cognatus
2585 1289 2752 1358 hujus
2778 1286 2944 1351 solis;
2976 1283 3252 1354 siquidem
3295 1282 3394 1336 ille
3432 1295 3697 1350 corpora-

2117 1386 2207 1449 lis,
2234 1385 2346 1438 vim
2380 1383 2593 1436 habens
2630 1388 2686 1435 et
2718 1380 2908 1433 urendi
2953 1385 3009 1432 et
3051 1390 3258 1447 pueros
3298 1372 3650 1429 custodiendi
3681 1389 3696 1438 ;

2117 1478 2252 1533 solis
2275 1475 2368 1546 qui
2400 1483 2487 1530 est
2511 1474 2567 1527 in
2597 1474 2781 1534 nobis,
2814 1486 3015 1540 nempe
3055 1468 3284 1535 Christi,
3312 1465 3701 1537 praeﬁgurabat

2120 1568 2416 1640 imaginem
2460 1566 2585 1621 :sic
2633 1564 2801 1619 etiam
2850 1563 3066 1627 iornax,
3102 1559 3364 1631 Virginis.
3395 1559 3534 1613 Dum
3582 1557 3697 1611 haec

2118 1676 2304 1720 autem
2359 1661 2649 1718 terrestria
2701 1646 3012 1729 persequor
3076 1654 3131 1710 in
3195 1661 3396 1724 quarto
3455 1653 3570 1715 die,
3629 1649 3700 1704 de

2118 1763 2321 1827 quarto
2352 1768 2585 1809 numero
2621 1749 2847 1806 divinus
2877 1749 3132 1804 Ezechiel
3160 1747 3429 1817 propheta
3461 1746 3503 1777 ³⁸
3524 1742 3697 1798 veluti

2051 1817 2089 1871 Β
2118 1850 2404 1912 assistens,
2439 1862 2595 1903 suam
2628 1841 2985 1914 prophetiam
3028 1848 3084 1895 ct
3112 1838 3371 1895 exstasim
3419 1836 3701 1890 revocavit

2115 1937 2175 1997 in
2217 1938 2561 2001 memoriam,
2594 1934 2754 1989 nobis
2805 1930 3106 1987 ostendens
3151 1926 3549 1997 quadriformia
3607 1925 3703 1979 illa

2118 2029 2423 2088 animantia
2476 2036 2817 2083 summarum
2873 2020 3305 2093 intelligentium
3355 2019 3701 2074 Potestatum

2119 2137 2241 2193 qua:
2296 2120 2470 2183 vidit,
2523 2115 2847 2189 mysterium
2900 2112 3103 2169 Christi
3159 2106 3588 2180 praesigniﬁcare
3644 2113 3702 2159 et

2120 2213 2439 2271 describere
2462 2212 2518 2265 in
2543 2209 2614 2264 iis
2641 2207 2844 2279 quibus
2872 2203 3282 2274 contemplatus
3310 2209 3397 2254 est
3426 2197 3701 2268 pr0pheta

2118 2305 2315 2361 faciem
2363 2299 2629 2365 hominis,
2655 2307 2713 2353 et
2759 2295 2917 2351 bovis
2945 2302 3001 2348 et
3044 2292 3221 2347 leonis
3257 2298 3314 2345 et
3343 2287 3562 2358 aquilae,
3599 2299 3702 2340 nos

2121 2394 2379 2454 docentia
2435 2393 2585 2465 quod
2644 2388 2830 2461 magni
2882 2384 3102 2444 consilii
3157 2382 3399 2453 Angelus
3453 2380 3599 2448 (eum
3631 2377 3706 2433 sit

2120 2484 2506 2557 incorporeus)
2533 2491 2591 2539 et
2614 2482 2911 2537 humanam
2932 2477 3165 2532 formam
3186 2471 3360 2528 subiit
3385 2489 3399 2525 :
3436 2479 3703 2539 tanquam

2124 2581 2289 2637 homo
2332 2577 2559 2648 quidem
2610 2570 2893 2629 videbitur
2939 2568 2993 2621 in
3035 2576 3181 2621 terra
3214 2581 3229 2630 ;
3264 2570 3326 2617 ut
3366 2562 3454 2616 leo
3494 2569 3702 2622 autem,

2123 2690 2249 2732 cum
2286 2666 2553 2728 ceciderit
2599 2667 2863 2738 quidem,
2908 2661 3147 2717 dormiet
3190 2659 3247 2713 in
3302 2660 3702 2712 monumento:

2123 2777 2385 2821 (ueterum
2432 2757 2741 2816 divinitatls
2789 2754 3019 2810 habebit
3067 2758 3292 2821 apertos
3344 2746 3558 2809 oculos,
3590 2757 3705 2797 non

2122 2858 2273 2913 enim
2325 2852 2507 2911 sonmi
2545 2849 2859 2913 ail‘eetione,
2889 2854 2985 2901 aut
3016 2843 3252 2914 alicujus
3284 2839 3514 2895 alterius
3555 2835 3707 2906 capi-

2126 2960 2216 3004 tur
2247 2948 2511 3004 divinitas
2542 2962 2556 2999 :
2600 2942 2853 2999 resiliens
2879 2944 3065 2993 autem
3096 2941 3351 3004 resurget
3379 2946 3410 2985 a
3442 2928 3704 2994 mortuis,

2126 3052 2183 3100 et
2210 3054 2469 3111 tanquam
2495 3036 2678 3107 aquila
2708 3050 2803 3089 rex
2829 3036 3142 3087 assumetur
3167 3027 3222 3081 in
3253 3025 3477 3080 coelum.
3499 3020 3707 3086 Quam-

2051 3157 2094 3213 ρ
2127 3135 2317 3189 obrem
2345 3131 2533 3185 divine
2565 3126 2907 3183 vociferatur
2935 3121 3141 3178 Paulus
3172 3120 3236 3184 ”,
3272 3115 3420 3189 quod
3461 3115 3518 3169 in
3546 3112 3709 3169 Chri-

2127 3225 2196 3282 sti
2254 3224 2485 3293 liguram
2542 3234 2608 3274 ac
2648 3227 2836 3289 typum
2879 3219 3063 3268 creata
3122 3215 3253 3265 sunt
3310 3205 3598 3262 terrestria
3644 3217 3711 3258 ac

2125 3312 2395 3376 coelestia,
2416 3326 2485 3365 ex
2510 3309 2714 3380 quibus
2742 3312 2871 3361 sunt
2901 3303 3135 3358 maxime
3162 3300 3329 3356 etiam
3354 3313 3477 3368 qua:
3506 3295 3708 3351 dicun-

2129 3418 2219 3462 tur
2266 3406 2324 3459 in
2376 3409 2579 3473 quarto
2620 3408 2677 3454 et
2728 3397 2908 3469 primo
2953 3395 3044 3450 die
3089 3391 3333 3463 perfecta
3360 3406 3375 3456 ;
3402 3389 3471 3444 de
3501 3386 3711 3457 quibus

2126 3497 2268 3553 dixit
2299 3513 2313 3550 :
2346 3494 2502 3549 Fiant
2538 3490 2830 3546 lunu'naria
2855 3491 2911 3543 in
2939 3486 3279 3557 ﬁrmamento
3327 3482 3442 3536 ca’li
3474 3481 3542 3533 ad
3580 3477 3710 3533 illu-

2054 3585 2059 3591 ’
2128 3589 2473 3645 minutionem
2495 3600 2653 3655 super
2668 3590 2889 3635 terram.
2908 3578 3201 3635 Pulchram
3220 3572 3708 3630 commutationem

2127 3678 2343 3747 accepit
2387 3690 2418 3729 a
2468 3674 2580 3728 Deo
2630 3671 3042 3725 ﬁrmamentum
3111 3677 3377 3733 aquarum
3425 3658 3707 3714 Ecclesiae.

2127 3769 2320 3839 Cogita
2350 3767 2498 3824 enim
2513 3764 2681 3836 ,quod
2715 3763 3039 3833 priusquam
3073 3758 3231 3812 ﬁeret
3273 3754 3706 3814 ﬁrmamentum,

2129 3875 2271 3931 aqua
2298 3867 2421 3914 erat
2448 3873 2560 3912 non
2589 3856 2805 3911 ﬁrmata
2846 3868 2912 3907 ac
2964 3850 3220 3912 solidata,
3258 3860 3382 3915 quae
3405 3842 3712 3898 vocabatur

2130 3953 2362 4023 abyssus
2394 3955 2622 4021 propter
2666 3945 2839 4001 malas
2870 3941 3081 3998 erroris
3119 3938 3378 3995 tenebras
3403 3950 3525 4005 quas
3541 3948 3711 4003 supra

2129 4059 2251 4100 eam
2286 4041 2582 4114 jaeehant:
2627 4052 2766 4109 quas
2792 4051 2918 4091 cum
2971 4034 3116 4088 Deus
3145 4031 3215 4085 ab
3266 4029 3389 4098 ipso
3449 4023 3714 4081 extermi-

2132 4142 2359 4199 nasset,
2410 4132 2494 4187 eis
2535 4127 2915 4185 adversariam
2965 4123 3196 4179 donavit
3223 4121 3437 4185 lucem,
3469 4118 3707 4173 dicens:

2133 4222 2290 4282 Fiant
2339 4222 2631 4278 luminaria
2666 4218 2721 4274 in
2750 4219 3090 4287 ﬁrmamento
3150 4213 3265 4267 εωιὶ
3315 4212 3386 4267 ad
3429 4210 3712 4265 illumina-

2135 4317 2330 4369 tionem
2402 4327 2562 4382 super
2633 4318 2856 4362 terram.
2930 4304 3081 4359 Beati
3146 4302 3293 4356 enim
3354 4298 3530 4369 angeli
3598 4310 3713 4350 non

2142 4407 2211 4462 ab
2265 4406 2377 4459 ulla
2453 4420 2509 4459 re
2583 4409 2772 4458 creata
2844 4397 3268 4458 iiluminantur,
3320 4390 3416 4446 sed
3477 4390 3546 4445 ab
3592 4389 3713 4459 ipso

447 4506 667 4562 Christo
701 4515 757 4561 et
793 4506 1022 4576 angelis,
1055 4520 1194 4575 quos
1220 4504 1535 4575 ﬁgurabunt
1562 4504 1836 4569 volucres,
1869 4512 1924 4558 et
1956 4519 2023 4558 ex
2057 4490 2102 4550 D
2130 4500 2240 4554 Deo
2279 4498 2349 4553 de
2395 4511 2506 4566 quo
2548 4494 2687 4549 dicit
2728 4491 3015 4561 Scriptura
3047 4504 3059 4542 :
3088 4486 3202 4541 Lua:
3248 4486 3432 4556 justus
3474 4490 3550 4536 est
3592 4495 3714 4551 per-

450 4597 787 4651 auimalihus
821 4571 1237 4650 etliominibus
1261 4571 1583 4667 (scriptura:
1620 4593 1770 4648 enim
1802 4601 1932 4648 sunt
1960 4594 2029 4647 ab
2130 4597 2306 4659 petua.
2370 4586 2452 4640 Ad
2509 4593 2673 4639 terra:
2719 4594 2853 4650 ergo
2883 4574 3346 4633 illuminationetn
3393 4571 3536 4625 facta
3584 4576 3715 4624 sunt

356 4689 369 4698 ’
448 4685 1227 4759 hominibus),perhosenim
1246 4694 1487 4755 quatuor
1508 4683 1703 4740 modos
1726 4684 2033 4739 seminatur
2128 4679 2447 4743 luminaria,
2486 4692 2599 4731 non
2646 4675 2815 4730 etiam
2871 4670 2957 4727 ad
2996 4666 3460 4726 illuminationem
3518 4674 3714 4717 eorum

449 4788 595 4833 terra
662 4777 940 4832 Ecclesiae.
967 4776 1156 4830 Pisces
1197 4783 1384 4829 autem
1435 4789 1626 4829 semen
1671 4772 1942 4843 dejieiunt
1974 4773 2030 4827 in

449 4877 674 4934 terram,
708 4869 815 4923 nisi
837 4867 987 4939 quod
1017 4867 1155 4922 citra
1178 4880 1366 4921 semen
1401 4872 1708 4920 nascuntur
1729 4880 1798 4918 ex
1822 4863 1984 4934 aquis
2013 4881 2026 4916 :

445 4979 618 5033 quare
649 4972 834 5017 autem
873 4963 1124 5017 dicemus
1147 4961 1202 5015 in
1232 4960 1429 5031 quinto
1452 4960 1562 5014 die.
1586 4960 1655 5014 Et
1703 4968 1888 5014 tamen
1923 4973 2028 5014 nec

449 5057 630 5127 pisces
653 5063 784 5111 sunt
812 5054 1011 5125 privati
1045 5054 1216 5125 ﬁgura
1243 5051 1610 5123 quaternarii,
1638 5067 1763 5107 cum
1788 5051 2029 5105 habeant

449 5149 679 5219 ﬁguram
704 5149 889 5204 crucis
915 5165 930 5201 :
970 5147 1114 5202 sicut
1142 5146 1311 5201 etiam
1346 5144 1625 5207 volucres,
1652 5158 1779 5197 cum
1822 5142 2028 5212 quibus

448 5240 582 5296 facti
611 5249 760 5295 sunt.
794 5239 903 5309 lpsi
927 5238 1075 5292 enim
1106 5237 1322 5292 duabus
1347 5235 1472 5300 alis,
1497 5243 1554 5289 et
1576 5232 1757 5302 capite
1782 5242 1838 5288 et
1854 5232 2028 5288 cauda

448 5330 706 5386 feruntur
738 5332 792 5386 in
814 5346 944 5387 aere
968 5338 1025 5386 et
1046 5329 1227 5401 aquis.
1262 5328 1467 5383 Pecora
1491 5340 1737 5396 quoque,
1768 5340 1893 5379 cum
1917 5325 2031 5381 sint

450 5423 854 5495 quadrupedia,
878 5431 1138 5494 quartum
1163 5420 1490 5476 describunt
1516 5433 1834 5472 numerum.
1864 5417 2030 5473 Simi-

452 5515 581 5572 liter
629 5518 801 5573 etiam
868 5517 1036 5573 homo
1091 5515 1157 5570 ad
1209 5513 1441 5569 formam
1492 5511 1677 5566 crucis
1735 5510 2024 5582 ﬁguratam

452 5607 666 5664 habens
712 5608 1027 5680 imaginem,
1058 5616 1121 5664 ut
1155 5606 1251 5677 qui
1283 5604 1355 5660 sit
1383 5603 1450 5659 ad
1489 5602 1784 5674 imaginem
1814 5602 2024 5660 Christi

527 5789 571 5824 “‘
596 5789 739 5847 Psal.
766 5804 805 5856 ι,
835 5789 888 5845 5.
967 5791 1007 5822 ¹³
1039 5790 1175 5845 Dan.
1208 5804 1283 5854 nt,
1312 5788 1400 5843 9‘2.

1481 5789 1521 5819 “‘
1550 5785 1749 5843 Ezeeh.
1784 5800 1820 5851 ι,
1852 5784 1879 5838 i
1915 5799 2064 5855 seqq.

2129 4783 2417 4846 quaa,sunt
2455 4771 2509 4825 in
2550 4769 2687 4825 mari
2720 4785 2732 4821 :
2766 4764 3026 4837 quoniam
3056 4763 3112 4817 in
3147 4761 3405 4831 abyssum
3432 4772 3462 4811 a
3491 4754 3715 4812 Christo

2131 4865 2287 4921 missi
2338 4864 2616 4919 daemones
2648 4860 2909 4929 (quorum
2966 4862 3128 4926 typus
3202 4859 3333 4905 sunt
3399 4853 3715 4916 strepentes

2124 4955 2325 5027 pisces)
2358 4962 2487 5009 sunt
2516 4961 2775 5020 expertes
2805 4946 3048 5003 emlestis
3070 4943 3299 4999 luminis
3349 4935 3714 4995 illuminatio-

2127 5063 2194 5103 ne
2217 5088 2231 5111 ,
2264 5057 2322 5101 et
2357 5046 2426 5100 ab
2449 5062 2516 5099 eo
2547 5043 2738 5097 alieni.
2772 5039 2929 5107 Quod
2961 5039 3007 5093 si
3040 5038 3109 5092 de
3141 5036 3307 5091 astris
3357 5027 3715 5087 sensibilibus

2126 5138 2267 5192 dixit
2293 5137 2439 5191 Deus
2472 5135 2650 5189 solum
2687 5149 2700 5187 :
2734 5130 2891 5185 Fiant
2929 5127 3242 5189 luminaria,
3306 5139 3489 5178 annon
3542 5118 3715 5173 dixis-

2127 5240 2211 5285 set
2236 5246 2250 5283 :
2287 5227 2366 5283 Ad
2393 5225 2843 5281 illuminationem
2876 5232 3034 5274 terra:
3073 5228 3122 5273 et
3165 5215 3375 5271 maris?
3400 5214 3534 5268 Plus
3560 5209 3713 5264 enim

2136 5335 2300 5390 quam
2332 5319 2400 5373 iis
2431 5315 2526 5386 qui
2550 5322 2842 5371 versantur
2872 5312 2926 5366 in
2954 5321 3124 5371 terra,
3153 5317 3302 5363 astra
3327 5311 3459 5358 sunt
3481 5299 3606 5355 usui
3642 5298 3713 5353 iis

2136 5387 2231 5475 qui
2284 5406 2543 5474 navigant
2594 5403 2650 5457 in
2699 5401 2857 5455 mari.
2895 5400 3041 5469 Ergo
3079 5393 3442 5465 corporaliter
3484 5387 3711 5459 quidem

2134 5497 2269 5553 dicit
2299 5496 2610 5566 Scriptura.
2641 5495 2709 5548 de
2734 5494 2799 5547 iis
2822 5507 2992 5561 quaia
3017 5491 3127 5545 Deo
3152 5502 3282 5543 vere
3312 5482 3713 5542 convenienter

2134 5589 2331 5643 littera:
2376 5587 2519 5642 facta
2553 5595 2685 5643 sunt
2713 5584 2985 5641 creaturis
3018 5602 3031 5637 :
3065 5599 3164 5653 per
3191 5582 3305 5652 ipsa
3338 5585 3525 5636 autem
3569 5575 3710 5634 citra

2148 5785 2188 5815 ’⁷
2212 5784 2377 5839 Ηςὶηη.
2405 5800 2457 5852 x,
2492 5786 2537 5838 l.
