4026 6140
355 288 464 355 895

1574 290 1634 349 S.
1676 289 2072 350 ANASTASII
2114 283 2437 349 SINAITJ‘I

3507 284 3615 354 896

352 400 527 454 ullum
556 398 907 467 mendacium
936 399 1367 471 praesigniﬁcans
1401 405 1573 461 totum
1606 399 1932 470 mysterium
1963 404 2009 458 Α
2038 399 2205 453 habet
2255 407 2571 453 sanctorum
2618 397 2940 468 angelorum
2991 395 3088 469 qui
3142 397 3316 454 creati
3380 409 3512 455 sunt
3555 401 3613 457 in

351 491 557 547 Christi
582 500 636 546 et
668 490 951 547 Ecclesiae.
983 490 1039 547 Si
1085 501 1272 547 autem
1313 491 1382 546 ad
1433 491 1549 545 haec
1606 490 1938 545 contradicit

351 586 594 640 carnalis
652 584 877 639 Judaaus
929 583 1184 649 auditor;
1218 585 1309 639 die
1352 584 1484 639 mihi
1535 592 1614 646 tu,
1651 600 1751 638 cur
1810 599 1935 638 cum

352 675 577 729 fecisset
613 675 758 728 Deus
777 673 1204 739 ﬁrmamentum,
1232 690 1342 728 non
1379 673 1568 728 statim
1600 689 1727 728 cum
1763 690 1831 728 eo
1857 674 1937 729 fe-

354 767 429 820 cit
483 767 669 821 stellas
718 776 775 820 et
815 766 987 820 solem
1022 774 1083 819 et
1119 766 1346 819 lunam:
1391 766 1671 836 quomodo
1717 767 1937 836 quando

358 857 582 928 aperuit
624 867 852 923 terram,
881 858 1141 927 protinus
1167 858 1330 927 872
1359 873 1481 911 eam
1509 857 1727 912 ornavit
1750 856 1939 910 herbis

355 955 414 1003 et
462 947 754 1005 fructibus.
785 955 842 1002 et
891 946 1190 1000 arboribus
1241 945 1564 1015 lignorum?
1594 945 1706 1000 Cur
1752 958 1937 999 autem

355 1042 489 1095 iecit
550 1039 777 1095 minima
804 1078 819 1101 ,
853 1047 981 1091 ante
1034 1037 1144 1091 duo
1188 1038 1433 1106 perfecta
1488 1037 1834 1091 luminaria?
1872 1038 1940 1092 Et

357 1129 638 1200 quomodo
691 1143 890 1183 rursus
931 1128 985 1181 in
1026 1127 1242 1183 duobus
1297 1126 1560 1182 perfectis
1600 1143 1712 1181 non
1753 1127 1939 1180 minus

356 1221 513 1290 prius
567 1228 654 1275 est
704 1219 1042 1283 fabricatus,
1076 1217 1172 1273 sed
1231 1218 1544 1288 magnum?
1582 1218 1939 1272 Pcrterribile

357 1321 541 1367 autem
570 1313 820 1376 omnino,
851 1319 911 1365 ut
933 1312 1154 1381 opinor,
1185 1312 1540 1366 etoccultum
1578 1312 1933 1381 mysterium!

359 1404 545 1459 stellas
566 1404 794 1474 quidem
824 1420 990 1475 supra
1013 1420 1110 1474 per
1136 1404 1354 1474 jussum
1397 1404 1609 1459 creavit
1654 1404 1710 1457 in
1754 1403 1940 1459 firma-

359 1505 546 1550 mento
576 1514 587 1548 :
624 1498 797 1550 solem
830 1504 1015 1551 autem
1057 1506 1115 1551 et
1148 1497 1334 1550 lunam
1372 1512 1497 1550 cum
1531 1512 1631 1566 per
1665 1512 1725 1551 se
1770 1512 1940 1565 super

359 1597 589 1649 terram,
624 1596 887 1657 tanquam
918 1588 1093 1643 Adam
1117 1598 1180 1643 et-
1202 1588 1394 1650 Evam,
1432 1598 1579 1643 eSset
1610 1588 1936 1653 fabricatus,

358 1688 546 1748 postea
570 1694 667 1733 eos
691 1679 746 1733 in
777 1679 947 1733 altum
979 1680 1227 1734 sublatos
1257 1681 1442 1749 posuit
1474 1680 1529 1733 in
1565 1680 1936 1735 ﬁrmamento.

2039 491 2228 556 caelis;
2267 499 2323 545 et
2352 491 2474 546 ideo
2504 506 2600 545 eas
2632 491 2817 560 posuit
2839 500 3135 561 antequam
3169 491 3425 547 illuceret
3451 493 3532 548 sol
3559 504 3617 551 ct

2038 582 2168 636 luna
2204 598 2371 650 super
2421 590 2644 636 terram.
2679 582 2813 636 Nam
2845 592 2973 638 ante
3024 583 3194 639 solem
3220 582 3524 649 Christum,
3562 597 3621 643 et

2038 672 2225 726 lunam
2259 672 2582 737 Ecclesiam,
2610 672 2971 729 divinissima:
3016 689 3240 744 quoque
3270 685 3484 730 mentes
3519 692 3619 731 seu

2041 760 2441 832 intelligentiae.
2473 763 2655 818 lucem
2678 763 3001 834 praebebant
3031 763 3099 819 iis
3123 766 3217 835 qui
3251 774 3412 821 erant
3452 783 3621 837 super

2043 859 2265 917 terram,
2293 856 2464 909 variis
2489 856 2668 911 modis-
2695 856 2775 909 eis
2804 857 3150 911 assistentes.
3179 858 3314 912 Nam
3340 860 3484 928 quod
3511 859 3621 913 duo

2041 944 2158 999 haec
2188 961 2380 1014 magna
2412 947 2705 1001 luminaria
2737 962 2903 1017 super
2935 956 3137 1001 terram
3185 949 3330 1003 Deus
3361 959 3620 1005 constru-

2039 1031 2279 1099 xerit,et
2311 1036 2512 1091 deinde
2543 1037 2597 1092 in
2623 1037 2968 1093 ﬁrmamento
2989 1040 3112 1094 coeli
3149 1056 3211 1095 ea
3247 1043 3523 1111 posuerit;
3554 1059 3622 1097 ex

2042 1125 2177 1195 ipsis
2204 1124 2503 1196 Scriptura:
2542 1129 2727 1183 verbis
2763 1129 3054 1184 discimus.
3093 1132 3237 1185 Dicit
3287 1132 3435 1185 enim
3459 1133 3594 1204 legis

2040 1216 2182 1270 lator
2226 1219 2445 1274 Moses:
2506 1220 2573 1274 Et
2606 1223 2741 1275 dixit
2799 1222 2977 1287 Deus,
3009 1223 3149 1291 ﬁant
3213 1223 3506 1279 luminaria
3564 1228 3621 1280 in

2039 1310 2377 1378 ﬁrmamento
2432 1314 2589 1380 caeli,-
2640 1324 2700 1369 ut
2755 1315 2852 1395 qui
2911 1332 3013 1371 suo
3057 1319 3212 1388 jussu
3267 1318 3463 1373 fecerit
3506 1319 3625 1375 iure

2041 1402 2286 1467 sensilia,
2318 1404 2414 1458 sed
2445 1413 2500 1458 et
2523 1421 2588 1460 ea
2624 1421 2747 1475 quae
2788 1406 2993 1462 cadunt
3046 1408 3152 1462 sub
3203 1408 3621 1480 intelligentiam

2041 1502 2359 1549 sanctorum
2389 1498 2707 1566 angelorum
2738 1498 3029 1553 luminaria
3062 1519 3076 1553 :
3116 1499 3237 1570 Ipse
3272 1501 3419 1555 enim
3450 1502 3582 1555 dixit
3605 1543 3620 1566 ,

2040 1590 2088 1635 et
2120 1583 2261 1652 facta
2288 1595 2411 1639 sunt
2447 1603 2465 1640 :
2492 1589 2601 1656 ipse
2628 1588 2901 1642 mandavit
2936 1598 2984 1643 et
3032 1600 3214 1644 creata
3247 1601 3373 1644 sunt
3408 1592 3469 1644 ¹⁸.
3504 1593 3624 1646 Duo

2042 1686 2226 1732 autem
2255 1678 2547 1733 luminaria
2565 1694 2676 1733 non
2699 1679 2782 1734 sic
2803 1697 2817 1736 :
2842 1680 2937 1735 sed
2969 1698 2981 1733 :
3009 1680 3149 1735 Fecit
3180 1682 3316 1736 Deus
3335 1683 3625 1737 luminaria

336 1822 345 1831 ,
429 1772 730 1841 Propterea
760 1788 885 1827 cum
917 1772 1034 1827 lucc
1060 1773 1221 1827 audis
1255 1773 1351 1843 qui
1383 1773 1492 1827 vim
1534 1773 1706 1829 babes
1741 1790 1942 1844 cogno~
1974 1747 2014 1805 Β
2046 1786 2264 1841 magna,
2305 1780 2355 1822 et
2391 1771 2564 1839 posuit
2610 1787 2670 1824 ea
2714 1771 2770 1824 in
2813 1771 3153 1838 ﬁrmamento
3199 1772 3334 1826 cwli.
3380 1772 3625 1835 Primum

359 1864 572 1927 scendi,
614 1879 647 1918 ο
677 1865 919 1929 auditor,
960 1864 1073 1918 noli
1124 1864 1369 1928 differre,
1399 1864 1495 1920 sed
1527 1866 1697 1919 transi
1730 1875 1787 1920 et
1823 1883 1943 1920 rur-

360 1975 456 2013 sus
514 1959 890 2029 ingrediamur
934 1960 989 2013 in
1031 1961 1294 2016 interiora
1348 1961 1457 2015 veli
1503 1960 1808 2031 Scriptura:
1840 2002 1854 2026 ,
1885 1962 1942 2015 in

361 2061 589 2107 externa
626 2052 827 2107 versati
848 2052 1209 2121 philosophia
1233 2092 1248 2117 ,
1275 2068 1333 2107 re
1380 2053 1540 2108 nobis
1596 2053 1943 2124 signiﬁcante

363 2141 528 2213 adyta
550 2151 864 2196 sanctarum
887 2142 1307 2212 cogitationum.
1339 2142 1455 2198 Hoc
1481 2142 1629 2198 enim
1656 2159 1758 2199 nos
1782 2145 1943 2200 docet

365 2235 652 2304 Scriptura
679 2236 845 2290 etiam
871 2237 939 2291 de
969 2236 1116 2291 Mose
1141 2236 1352 2301 dicens,
1387 2253 1514 2291 eum
1556 2253 1678 2292 esse
1728 2238 1943 2307 ingres-

364 2341 487 2380 sum
518 2326 663 2380 intra
698 2327 871 2396 ipsam
897 2327 1187 2397 caliginem
1217 2327 1311 2381 ubi
1345 2337 1467 2383 erat
1499 2328 1644 2383 Deus
1669 2370 1683 2392 ,
1712 2328 1901 2383 dicens
1927 2346 1940 2381 :

364 2417 524 2472 Fiant
565 2417 854 2472 luminaria
891 2420 944 2472 in
974 2420 1313 2483 ﬁrmamento
1343 2420 1457 2473 caeli
1496 2423 1566 2474 ad
1597 2420 1946 2475 illuminatio-

366 2528 486 2566 nem
511 2519 682 2567 terra.
719 2512 847 2567 llaac
872 2512 1067 2566 dicens
1090 2513 1220 2568 fecit
1247 2521 1304 2568 et
1334 2512 1450 2567 ﬁxit
1478 2514 1698 2568 tertiam
1738 2514 1945 2570 illumi-

364 2605 648 2659 nationem
706 2604 763 2659 in
814 2606 1163 2660 ﬁrmamento
1212 2607 1472 2663 Ecclesiae
1515 2623 1617 2677 per
1646 2608 1852 2671 stellas,
1891 2615 1947 2663 et

367 2710 467 2764 per
520 2692 713 2762 solem,
739 2704 798 2752 et
853 2712 952 2767 per
1003 2698 1213 2752 lunam.
1247 2698 1351 2753 Per
1406 2700 1625 2761 stellas.
1682 2701 1945 2770 quoniam

364 2789 543 2842 sancti
572 2790 856 2859 prophetae
893 2790 1082 2860 primi,
1113 2803 1169 2847 et
1190 2793 1326 2863 justi
1353 2794 1512 2863 prius
1543 2794 1949 2849 annuntiarunt

366 2886 425 2932 et
459 2892 943 2947 praecucurrerunt
986 2884 1195 2938 mundo
1224 2886 1617 2940 annuntiantcs
1648 2886 1946 2941 adventum

373 2969 507 3025 solis
533 2969 740 3026 Christi
765 2973 885 3037 Dei,
918 2984 974 3029 et
1003 2977 1122 3046 ejus
1151 2978 1402 3050 conjugis
1430 2977 1714 3032 Ecclesiae.
1738 2978 1948 3034 Deinde

370 3069 497 3130 post
535 3077 725 3117 earum
756 3073 1011 3119 exortum
1054 3067 1241 3122 illuxit
1265 3070 1366 3133 sol,
1400 3084 1597 3137 nempe
1640 3067 1896 3125 Christus
1929 3089 1942 3124 :

364 3162 427 3206 et
474 3154 676 3223 conjux
713 3154 837 3225 ejus
895 3157 1047 3222 luna,
1108 3173 1304 3228 nempe
1341 3159 1606 3214 Ecclesia.
1645 3160 1946 3230 Propterea

375 3243 466 3297 illa
494 3260 716 3314 quoque
749 3248 995 3302 accurrit
1044 3251 1329 3318 suppetias
1366 3251 1542 3304 latura
1572 3252 1747 3306 stella:
1787 3252 1945 3315 solis,

366 3335 488 3389 suis
521 3335 690 3390 radiis
730 3337 902 3390 solem
930 3338 1311 3395 illuminantis.
1340 3340 1457 3395 Nisi
1500 3341 1648 3396 enim
1694 3341 1947 3396 subindi-

370 3435 525 3482 caret
551 3428 754 3484 Christi
790 3439 844 3484 et
866 3430 1128 3485 Ecclesiae
1158 3430 1643 3497 illuminationem,
1673 3449 1783 3486 non
1833 3433 1948 3502 ipsa

370 3534 592 3588 quoque
626 3520 683 3574 in
716 3520 806 3576 die
828 3522 995 3576 simul
1030 3521 1272 3577 ferretur
1293 3539 1418 3579 cum
1455 3525 1591 3589 sole,
1624 3524 1844 3595 quando
1866 3531 1950 3578 est

371 3611 532 3680 [deria
587 3611 736 3668 luna.
780 3614 917 3667 Nam
948 3616 1170 3684 quando
1201 3616 1427 3687 quidem
1481 3626 1567 3671 est
1625 3617 1949 3688 imperfecta

370 3699 637 3767 Ecclesia,
668 3712 729 3758 ut
760 3713 1008 3774 tempore
1039 3704 1335 3776 Synagoga:
1362 3705 1680 3762 Judaeorum
1707 3747 1721 3770 ,
1748 3722 1812 3761 ea
1845 3723 1948 3760 no-

366 3800 462 3845 ctu
508 3792 688 3846 solum
744 3792 934 3860 lucet;
975 3796 1031 3849 in
1083 3811 1299 3861 eorum,
1348 3798 1593 3867 inquam,
1633 3798 1766 3853 vita.
1812 3797 1950 3853 Cum

367 3889 557 3934 autem
590 3881 759 3935 fuerit
803 3882 1039 3951 perfecta
1080 3900 1109 3937 a
1154 3885 1265 3943 Deo
1309 3885 1403 3955 qui
1455 3887 1645 3941 omnia
1697 3888 1950 3956 perfecit,

369 3981 510 4026 tunc
555 3972 718 4026 simul
781 3983 1012 4043 apparet
1064 3990 1194 4028 cum
1241 3976 1389 4041 sole,
1459 3992 1659 4047 nempe
1706 3978 1950 4042 Christo,

370 4063 734 4118 illucescente
764 4064 852 4119 die
885 4068 1214 4137 evangelicae
1259 4076 1462 4123 nostra;
1505 4068 1753 4124 ﬁdelium
1803 4073 1950 4127 vitta.

370 4155 576 4223 Accipe
602 4157 770 4210 etiam
790 4157 952 4211 aliam
983 4157 1050 4212 de
1081 4158 1169 4213 his
1192 4160 1738 4229 contemplationem.
1766 4163 1953 4218 Primo

368 4245 466 4301 die
508 4248 655 4301 Deus
692 4259 1003 4303 creaturam
1056 4251 1211 4319 prius
1257 4251 1593 4306 illuminavit
1643 4269 1743 4323 per
1789 4270 1951 4308 unam

371 4340 646 4408 quandam
661 4341 992 4419 singularem
1010 4353 1067 4398 ct
1089 4344 1429 4400 individuam
1446 4345 1645 4404 lucem.
1660 4358 1952 4415 antequam

371 4430 635 4486 adessent
658 4433 740 4487 sol
767 4441 825 4487 et
874 4435 1007 4489 luna
1062 4444 1120 4490 et
1169 4437 1380 4502 stellae;
1448 4438 1701 4492 rcvelans
1746 4438 1956 4492 scilicet

373 4532 432 4578 et
470 4525 773 4580 ostendens
820 4527 1278 4582 illuminationem
1321 4529 1951 4584 divinitatisinmundo.

374 4615 435 4669 In
470 4616 576 4670 hoc
624 4626 808 4671 autem
857 4620 1101 4697 perfecto
1147 4621 1328 4690 primo
1372 4630 1571 4691 quarto
1606 4622 1718 4685 die,
1756 4622 1812 4676 in
1845 4639 1956 4693 quo

373 4710 669 4778 praesentia
691 4710 823 4766 solis
834 4727 1001 4781 super
1016 4722 1221 4767 terram
1236 4728 1267 4768 e
1287 4714 1427 4769 coelo
1448 4713 1707 4784 apparuit
1725 4731 1737 4767 :
1754 4729 1958 4785 cogno-

374 4800 456 4855 vit
477 4800 716 4857 mundus
743 4803 942 4857 trinam
974 4804 1437 4861 illuminationem
1462 4814 1519 4860 et
1547 4806 1746 4860 trinam
1774 4807 1951 4861 lucem

368 4892 624 4962 ejusdem
639 4895 805 4950 simul
824 4897 1098 4959 essentiae,
1119 4896 1176 4951 in
1202 4907 1389 4969 typum
1413 4906 1614 4953 sancta:
1635 4898 1952 4954 Trinitatis:

374 4982 433 5037 in
454 4984 546 5038 illa
583 4986 807 5054 quidem
837 4988 1013 5056 prima
1048 4989 1193 5054 luce,
1225 4991 1490 5046 docemur
1526 4990 1793 5045 unitatem
1819 4990 1957 5045 divi-

377 5077 570 5132 nitatis
605 5096 618 5132 :
648 5079 702 5132 in
761 5080 867 5135 hac
908 5090 1091 5136 autem
1137 5082 1281 5137 trina
1319 5083 1440 5137 luce
1484 5082 1951 5153 praesigniﬁcatur

378 5166 624 5224 Trinitas
646 5186 836 5225 earum
874 5187 996 5241 qua:
1022 5173 1184 5228 simul
1210 5184 1340 5230 sunt
1376 5175 1625 5245 ejusdem
1672 5175 1947 5239 essentize,

380 5274 771 5328 personarum.
805 5261 959 5328 Quod
997 5264 1043 5318 si
1074 5264 1128 5319 id
1152 5266 1302 5335 quod
1331 5265 1541 5320 dictum
1568 5274 1654 5321 est
1683 5266 1781 5320 tibi
1806 5267 1960 5321 vide-

381 5359 473 5404 tur
508 5368 764 5422 asperum
791 5364 847 5409 ct
880 5366 1154 5422 coactum,
1181 5357 1249 5413 de
1274 5373 1341 5413 eo
1372 5358 1492 5429 ipso
1518 5358 1770 5413 dicemus
1792 5359 1957 5413 etiam

373 5442 487 5497 alio
522 5445 705 5500 modo.
733 5446 898 5502 Forte
938 5450 1086 5503 enim
1133 5450 1281 5519 quod
1308 5449 1377 5504 ab
1419 5450 1579 5503 initio
1623 5449 1678 5503 in
1709 5449 1833 5504 caeli
1865 5448 1959 5501 lir-

384 5545 665 5592 tuamento
713 5540 887 5594 stella:
932 5540 1088 5595 facta:
1132 5542 1242 5596 sint
1273 5542 1580 5612 indigenae,
1636 5538 1691 5593 id
1729 5537 1958 5607 ﬁguram

2047 1860 2195 1923 fecit,
2231 1869 2288 1914 et
2343 1870 2475 1915 tunc
2521 1877 2586 1916 ea
2627 1876 2791 1930 supra
2828 1863 3032 1930 posuit.
3064 1862 3298 1917 Ubinam
3335 1872 3517 1918 autem
3559 1880 3624 1918 ea

2046 1953 2117 2009 ab
2148 1954 2267 2024 ipso
2295 1962 2453 2008 erant
2486 1953 2739 2008 facienda
2767 1955 2872 2009 nisi
2896 1970 3063 2024 supra
3086 1954 3327 2009 terram?
3360 1955 3480 2010 Non
3504 1965 3629 2010 crat

2048 2047 2194 2102 enim
2251 2047 2395 2101 alius
2439 2047 2604 2101 locus
2631 2059 2788 2101 extra
2839 2048 3040 2103 cmlum
3088 2049 3193 2103 nisi
3234 2042 3289 2103 in
3321 2057 3497 2113 terra,
3531 2049 3626 2103 ul.i

2048 2132 2207 2194 facta
2241 2148 2371 2194 sunt
2424 2140 2493 2194 ab
2547 2140 2665 2209 ipso
2689 2141 2820 2204 Deo,
2858 2147 2914 2194 et
2968 2141 3168 2196 deinde
3227 2141 3442 2196 sublata
3498 2150 3629 2196 sunt

2051 2248 2292 2287 rursum.
2331 2232 2465 2287 Vide
2503 2231 2638 2285 mihi
2670 2248 2866 2287 rursus
2886 2232 2979 2288 hic
3003 2249 3227 2302 quoque
3264 2242 3464 2288 terram
3495 2244 3625 2287 ante

2049 2324 2249 2378 ccelum
2280 2339 2309 2378 a
2346 2325 2461 2378 sole
2505 2324 2807 2378 illuminari
2837 2343 2848 2377 :
2881 2332 2937 2378 et
2968 2323 3048 2379 sic
3086 2324 3154 2378 ad
3220 2326 3420 2379 caalum
3464 2324 3626 2379 Chri-

2051 2423 2195 2469 stum
2213 2415 2308 2484 qui
2335 2425 2419 2469 est
2437 2416 2516 2468 sol
2536 2456 2548 2479 ,
2573 2415 2857 2469 remittere
2883 2426 3007 2485 post
3025 2416 3144 2485 ejus
3166 2416 3627 2485 compositionem

2050 2515 2107 2561 et
2140 2506 2613 2561 constructionem
2649 2523 2772 2577 qua:
2798 2507 2937 2561 facta
2974 2517 3062 2563 est
3094 2524 3261 2579 supra
3288 2517 3509 2562 terram.
3545 2509 3625 2564 Ne

2050 2612 2154 2651 nos
2205 2597 2353 2651 enim
2408 2596 2580 2652 lateat
2624 2598 2771 2668 quod
2818 2614 2883 2653 ex
2947 2600 3211 2657 omnibus
3257 2600 3626 2654 luminaribus

2052 2690 2135 2744 sol
2164 2689 2502 2756 compositus
2540 2688 2634 2753 sit,
2677 2698 2738 2743 ut
2781 2689 2873 2758 qui
2929 2698 3149 2744 constet
3176 2705 3241 2745 ex
3277 2690 3495 2759 duobus
3532 2707 3627 2761 ge-

2054 2779 2283 2834 neribus
2323 2779 2378 2832 in
2410 2789 2596 2848 typum
2649 2779 2856 2859 Christi
2894 2798 2906 2833 :
2940 2796 3139 2851 nempe
3199 2798 3267 2841 ex
3308 2782 3400 2836 illa
3450 2783 3628 2852 prima

2054 2870 2263 2926 cwlesti
2316 2880 2370 2924 et
2412 2869 2638 2939 antiqua
2673 2870 2825 2937 luce,
2849 2880 2905 2926 et
2938 2872 3063 2943 igne
3090 2873 3185 2942 qui
3225 2884 3417 2942 postea
3450 2874 3631 2930 factus

2053 2969 2139 3016 est
2170 2970 2224 3017 et
2251 2962 2304 3016 in
2330 2961 2642 3024 aethereest
2670 2963 3037 3033 interceptus,
3076 2974 3130 3018 et
3164 2966 3230 3020 de
3267 2966 3540 3021 industria
3571 2966 3629 3020 in

2057 3063 2258 3109 terram
2318 3055 2622 3123 projectus.
2677 3056 2745 3110 Et
2803 3057 3071 3127 intellige,
3110 3059 3228 3113 haec
3290 3060 3454 3112 nobis
3498 3058 3632 3113 sub-

2056 3146 2370 3200 ministrare
2395 3138 2574 3201 lucem
2607 3166 2619 3201 :
2661 3163 2862 3218 nempe
2892 3149 3059 3226 verbi
3101 3149 3473 3205 divinitatem.
3497 3151 3635 3203 Erat

2047 3240 2196 3294 enim
2227 3249 2284 3294 et
2317 3240 2534 3309 pridem
2568 3240 2622 3295 in
2656 3242 2932 3312 principio
2967 3241 3057 3296 lux
3093 3259 3219 3297 vera
3262 3259 3378 3314 qua:
3421 3241 3632 3297 illumi-

2051 3340 2145 3385 nat
2191 3348 2399 3385 omnem
2432 3334 2695 3386 hominem
2729 3335 2770 3364 ¹⁹
2810 3352 2824 3387 :
2867 3350 3063 3389 rursus
3101 3344 3285 3390 autem
3328 3334 3632 3404 sanguino-

2045 3423 2249 3476 lentam
2273 3432 2329 3477 c'.
2349 3426 2675 3479 candentem
2698 3436 2940 3480 nostram
2970 3442 3216 3481 carnem.
3246 3427 3361 3481 Lux
3391 3427 3538 3480 enim
3574 3428 3631 3481 in

2049 3515 2162 3569 sole
2201 3515 2379 3585 ignem
2416 3517 2665 3586 accepit;
2692 3502 2797 3572 hoc
2812 3529 2918 3584 est,
2937 3521 3180 3575 Verbum
3213 3522 3531 3577 illuminans
3548 3523 3631 3576 fa-

2051 3617 2200 3665 ctum
2221 3617 2304 3660 est
2325 3623 2451 3661 caro
2479 3627 2490 3661 :
2518 3609 2688 3663 Adam
2713 3611 2861 3665 enim
2885 3611 3349 3667 induitDominus
3371 3623 3427 3668 et
3446 3615 3634 3667 accin-

2050 3700 2149 3752 xit.
2182 3698 2357 3755 Adam
2384 3700 2529 3754 enim
2562 3701 2964 3772 interpretatur
2989 3705 3219 3759 candens
3245 3716 3301 3759 et
3339 3706 3631 3775 sanguino-

2052 3796 2222 3850 lentus
2249 3812 2266 3850 :
2289 3795 2743 3865 quandoquidem
2775 3796 2933 3864 pueri
2956 3797 3441 3850 communicarunt
3469 3797 3625 3852 cat-ni

2052 3870 2110 3944 et
2169 3889 2420 3960 sanguini
2451 3890 2495 3921 ὀ
2526 3906 2539 3953 ;
2574 3905 2643 3943 ex
2691 3888 2898 3958 quibus
2954 3888 3125 3942 etiam
3182 3905 3352 3958 super
3425 3898 3629 3944 terram

2052 3982 2310 4035 Christus
2339 3980 2556 4050 (nempe
2586 3980 2689 4048 sol)
2717 3981 3055 4050 compositus
3094 3982 3369 4051 apparuit.
3403 3983 3471 4036 Et
3503 3983 3629 4036 ideo

2053 4075 2221 4127 etiam
2279 4088 2436 4129 soror
2470 4073 2591 4142 ejus
2627 4072 2783 4138 luna,
2822 4088 3019 4142 nempe
3066 4073 3341 4135 Ecclesia,
3388 4072 3525 4127 dicit
3576 4073 3632 4126 in

2054 4164 2298 4220 Canticis
2334 4182 2348 4218 :
2382 4161 2657 4218 Palruelis
2685 4180 2830 4216 meus
2856 4163 3007 4216 albus
3033 4173 3083 4216 et
3121 4165 3291 4234 ﬂavus
3318 4164 3358 4192 "
3389 4179 3402 4216 :
3431 4176 3630 4233 nempe

2056 4257 2202 4311 Deus
2236 4265 2293 4312 et
2321 4256 2493 4310 Adam
2533 4273 2547 4323 ;
2580 4256 2742 4311 albus
2773 4264 3004 4325 propter
3041 4254 3419 4311 divinitatem.
3452 4252 3632 4307 flavus

2058 4356 2282 4416 propter
2355 4346 2754 4401 humanitatem
2795 4346 3058 4415 :qnalcm
3140 4345 3306 4398 etiam
3376 4344 3632 4398 videmus

1993 4444 2034 4498 D
2060 4437 2429 4507 compositum
2481 4439 2679 4503 solem,
2710 4438 2896 4491 album
2938 4446 2994 4491 et
3049 4437 3250 4491 flavum
3282 4454 3296 4500 ;
3333 4437 3399 4490 ad
3433 4435 3634 4505 imagi-

2054 4544 2180 4583 nem
2210 4528 2417 4583 Christi
2443 4529 2537 4598 qui
2568 4538 2654 4583 est
2681 4529 2759 4583 sol
2786 4526 3039 4598 justitize.
3070 4528 3143 4582 De
3179 4543 3290 4596 quo
3322 4526 3460 4580 dicit
3490 4528 3637 4581 Deus

2053 4636 2153 4690 per
2190 4621 2512 4675 Malachiatn
2548 4621 2876 4689 prophetam
2923 4638 2936 4673 :
2983 4619 3198 4672 Orietur
3236 4621 3300 4673 iis
3342 4621 3432 4689 qui
3469 4618 3637 4673 Deum

2054 4715 2243 4779 timent
2275 4712 2356 4766 sol
2397 4713 2624 4783 justitire
2653 4714 2721 4776 “,
2751 4725 2814 4767 ut
2838 4723 3103 4783 appareat
3140 4715 3207 4767 iis
3226 4714 3319 4782 qui
3344 4712 3550 4774 ,sedent
3579 4711 3636 4765 in

2053 4804 2301 4860 tenebris
2320 4813 2377 4859 et
2402 4805 2458 4859 in
2494 4805 2689 4859 umbra
2726 4806 2939 4860 mortis.
2973 4804 3072 4859 Hic
3113 4815 3199 4859 est
3237 4804 3385 4858 enim
3425 4803 3507 4858 sol
3539 4802 3635 4872 qui

2053 4896 2228 4953 dicit:
2258 4898 2371 4969 Ego
2410 4897 2499 4951 lux
2523 4899 2638 4952 veni
2689 4900 2745 4951 in
2792 4899 3046 4952 mundum
3075 4899 3123 4963 ’⁵³
3161 4915 3176 4963 ;
3212 4898 3319 4952 hoc
3344 4905 3429 4952 est
3460 4913 3473 4949 :
3510 4911 3637 4950 cum

2051 5000 2200 5048 esset
2252 4992 2473 5048 subtilis
2528 4999 2588 5045 ut
2634 4992 2728 5045 lux
2760 4999 2986 5061 pt0ptcr
3012 4991 3387 5054 divinitatem,
3422 4988 3636 5058 pudore

2054 5094 2139 5138 est
2187 5082 2421 5138 affectus
2470 5093 2766 5153 propterea
2806 5081 2951 5152 quod
2990 5083 3205 5137 venerit
3245 5081 3298 5134 in
3344 5080 3633 5139 mundum.

2057 5177 2158 5231 llic
2185 5185 2272 5231 est
2301 5177 2384 5231 sol
2415 5176 2482 5231 de
2515 5191 2627 5245 quo
2663 5176 2833 5229 etiam
2867 5175 3009 5229 dicit
3057 5172 3383 5244 prophetica
3412 5190 3425 5226 :
3455 5171 3638 5227 Oritu-

2053 5267 2133 5322 sol
2162 5271 2247 5333 “;
2288 5269 2394 5323 hoc
2447 5276 2559 5333 est,
2590 5268 2768 5322 tendit
2805 5267 2873 5322 ad
2911 5267 3141 5330 inferos,
3169 5277 3225 5321 et
3252 5281 3446 5320 rursus
3492 5267 3641 5319 venit

2054 5360 2111 5415 in
2138 5376 2300 5416 suum
2326 5362 2532 5416 locum.
2563 5359 2821 5416 Christus
2863 5361 3012 5416 enim
3059 5375 3185 5413 cmn
3240 5357 3451 5413 inferos
3506 5357 3641 5412 sub-

2057 5450 2217 5507 iisset
2241 5460 2299 5506 et
2330 5450 2752 5516 resnrrexisset,
2779 5451 2948 5506 rediit
2969 5451 3034 5504 ad
3061 5451 3279 5505 Patrem
3310 5465 3325 5513 ;
3355 5445 3641 5516 quomodo

2057 5542 2221 5596 etiam
2246 5542 2464 5597 dicebat
2497 5562 2510 5597 :
2545 5541 2658 5613 Ego
2688 5543 2806 5597 exii-
2838 5558 2903 5596 ea:
2942 5542 3128 5607 Patre,
3159 5550 3420 5611 tanquam
3443 5538 3594 5594 Deus
3622 5553 3638 5591 :

456 5646 662 5730 2Psal.
692 5667 856 5730 x335",
888 5654 942 5707 9.
1024 5656 1063 5686 ‘°
1089 5654 1245 5709 Joan.
1279 5671 1315 5718 ι,
1343 5656 1393 5710 9.
1472 5657 1516 5687 ²⁰
1551 5654 1716 5710 llebr.
1770 5672 1826 5717 ιι,
1858 5656 1937 5709 Η.
2018 5658 2056 5687 ²¹
2082 5657 2237 5713 Cant.
2274 5657 2440 5717 v.10.
2518 5658 2562 5689 "
2601 5657 2833 5711 Malach.
2873 5672 2944 5719 tv,
2973 5657 3029 5710 ‘2.
3107 5656 3152 5685 ’³
3182 5655 3339 5709 Joan.
3393 5669 3490 5713 xu.
3545 5653 3638 5709 Mi.

388 5714 435 5745 "‘
463 5713 639 5770 Eccle.
678 5737 727 5781 ι,
