4026 6140
385 339 488 402 89Ἶ
538 325 558 338 ’

1459 338 1542 398 ΙΝ
1583 333 2132 396 HEXAEMERON’.
2169 357 2237 368 --
2271 334 2418 418 LIB.
2460 335 2558 396 IV.

3552 333 3656 394 898

388 453 454 508 Et
481 449 618 506 uado
672 447 744 504 ad
805 447 1024 503 Patrem
1057 447 1104 480 "
1150 460 1333 500 meum
1393 448 1655 514 larrquam
1717 443 1863 498 Deus
1913 449 1969 494 et
1993 440 2040 505 Ἀ
2075 439 2198 494 V'idi
2231 440 2404 494 solem
2450 454 2619 509 super
2649 446 2854 494 terram
2890 449 3270 493 constructum
3315 449 3372 495 et
3405 456 3471 494 ex
3520 441 3656 496 dua-

383 543 580 600 Adam.
619 541 793 595 Porro
833 545 1018 594 autem
1069 537 1248 608 ipsum
1303 551 1526 605 quoque
1565 548 1768 587 nomen
1815 529 1968 593 solis,

386 635 534 706 quod
583 632 774 689 Graece
826 639 913 686 est
964 629 1138 701 ἥλιος,
1169 645 1292 684 eum
1327 633 1400 682 sit
1451 626 1622 682 dictio
1675 622 1968 688 llebraiea,

387 729 788 796 interpretatur
879 724 1040 780 Deus.
1126 722 1502 789 Quamobrem
1576 719 1835 774 Christus
1903 731 1972 769 ex

388 836 554 875 cruce
598 818 955 883 exclamavit,
991 815 1109 870 Heli
1153 814 1276 869 Heli
1329 830 1348 869 :
1389 812 1538 882 quod
1594 810 1970 880 interpretans

389 913 735 983 evangelista
789 910 930 964 dicit
985 927 998 962 :
1065 907 1178 961 Hoc
1237 917 1335 970 est,
1389 905 1529 958 Deus
1598 919 1764 967 meus,
1827 901 1968 953 Deus

391 1021 538 1057 meus
580 1003 650 1065 ",
709 1009 830 1055 erat
875 999 1026 1054 enim
1077 998 1161 1053 sol
1217 1007 1379 1068 typus
1427 995 1656 1050 Christi.
1713 991 1876 1046 Unde
1923 989 1968 1043 si

389 1113 458 1150 ex
495 1094 718 1149 homine
758 1091 983 1146 recedat
1039 1091 1238 1146 caloris
1267 1089 1540 1159 operatio,
1575 1087 1759 1141 statim
1799 1084 1969 1139 etiam

391 1189 505 1242 vita
535 1187 604 1240 ab
641 1202 709 1240 eo
747 1189 1042 1256 separatur
1076 1192 1132 1238 et
1169 1183 1236 1237 ad
1275 1189 1508 1237 inertem
1542 1179 1964 1240 transmittitur,

385 1296 490 1336 nos
553 1279 787 1334 docente
848 1277 1104 1346 exemplo
1157 1275 1306 1346 quod
1373 1274 1490 1344 ipsa
1531 1272 1736 1328 Christi
1790 1270 1969 1324 virtus

385 1373 576 1428 omnia
603 1371 868 1437 viviﬁcat,
898 1379 955 1425 et
993 1369 1088 1440 qui
1120 1368 1191 1423 ab
1219 1383 1285 1423 ea
1323 1374 1764 1436 separatur_non
1791 1360 1968 1416 habet

385 1469 557 1522 vitam
587 1475 874 1528 aeternam,
900 1461 996 1518 sed
1025 1471 1110 1516 est
1135 1470 1391 1516 mortuus
1419 1465 1666 1530 peccato.

456 1559 564 1626 Qui
601 1557 786 1628 itaque
815 1563 946 1610 sunt
991 1554 1223 1610 scrutati
1260 1555 1502 1608 rationes
1559 1559 1775 1606 naturae
1807 1565 1966 1604 crea-

388 1661 640 1706 turarum
689 1649 951 1704 dixerunt
999 1662 1122 1702 esse
1175 1645 1516 1700 inctl‘abilem
1550 1653 1606 1699 et
1650 1643 1969 1712 incompre—

386 1742 727 1798 hensibilcm
788 1738 1354 1823 conitentperationettt
1411 1745 1468 1790 et
1505 1734 1966 1806 compositionem

384 1844 603 1890 naturae
661 1833 816 1898 solis,
855 1839 916 1886 ut
939 1831 1035 1901 qui
1065 1830 1139 1884 sit
1170 1839 1336 1900 typus
1361 1844 1424 1883 ac
1455 1828 1628 1900 ﬁgura
1667 1823 1968 1880 ineﬂabilis

385 1928 610 1982 unionis
641 1924 941 1996 singularis
963 1923 1170 1986 Christi
1194 1922 1536 1994 hypostasis;
1558 1936 1625 1975 ex
1650 1919 1856 1989 quibus
1883 1926 1969 1972 est

383 2022 553 2077 etiam
583 2019 808 2075 divinus
837 2016 1093 2071 Basilius.
1130 2015 1267 2070 Nam
1291 2015 1337 2069 si
1371 2015 1453 2092 sol
1481 2021 1566 2068 est
1595 2013 1782 2068 lumen
1828 2011 1966 2066 sim-

383 2111 532 2177 plex,
572 2107 854 2179 quomodo
904 2105 1312 2160 admirabiliter
1359 2111 1417 2159 et
1461 2102 1968 2172 supernaturaliter

385 2203 642 2258 calefacit
671 2213 874 2256 terram
898 2201 920 2253 ?
951 2198 1060 2254 Sed
1089 2199 1136 2252 si
1171 2206 1255 2252 est
1288 2197 1432 2268 ignis
1461 2196 1970 2266 incontemperatus

384 2305 442 2352 et
477 2290 1198 2364 inconnnistus,quomodo
1245 2290 1474 2344 arbores
1524 2305 1635 2344 non
1687 2287 1970 2343 comburit

385 2395 443 2443 et
473 2385 746 2440 herbam?
785 2386 954 2440 Multa
987 2381 1196 2440 Christi
1227 2382 1480 2451 exempla
1507 2389 1562 2434 et
1592 2381 1970 2451 praecedentes

385 2482 594 2552 ﬁguras
621 2479 791 2534 habet
822 2478 926 2534 sol.
953 2477 1100 2548 ignis
1125 2475 1273 2531 enim
1299 2473 1578 2529 nescimus
1604 2473 1968 2544 quemadmo-

385 2572 516 2626 dum
538 2585 607 2624 ex
635 2569 757 2639 ipso
781 2575 944 2625 exeat
963 2565 1414 2635 accendaturque
1440 2573 1496 2620 et
1527 2565 1838 2619 exstinctus
1856 2579 1968 2635 quo

386 2660 552 2714 vadat
581 2677 594 2712 :
628 2668 726 2713 aut
759 2657 1043 2728 quomodo
1080 2657 1290 2727 absque
1324 2656 1435 2710 ullo
1464 2655 1636 2726 ligno,
1665 2663 1762 2708 aut
1813 2669 1965 2718 cera,

385 2761 482 2809 aut
534 2753 723 2822 aliquo
763 2752 874 2806 alio
912 2750 1232 2822 bujusmodi
1272 2766 1459 2806 crasso
1517 2765 1749 2821 corpore
1804 2765 1968 2804 nemo

385 2854 570 2917 potest
591 2845 772 2916 ignem
796 2859 898 2914 per
922 2859 980 2899 se
1002 2852 1058 2899 et
1093 2843 1305 2898 nudum
1352 2843 1624 2913 aspicere,
1653 2851 1750 2897 aut
1781 2851 1968 2898 tenere

384 2952 557 3010 super
601 2948 829 3000 terram,
859 2953 963 2992 nos
1009 2939 1246 2993 docente
1297 2937 1552 3008 exemplo
1609 2937 1759 3008 quod
1805 2952 1969 2992 nemo

385 3031 527 3085 vidit
556 3030 762 3085 nudam
807 3029 1017 3086 Christi
1064 3031 1414 3085 divinitatem
1457 3038 1554 3086 aut
1600 3031 1969 3085 contrectavit

384 3123 563 3179 donec
611 3139 839 3178 carnem
884 3125 1183 3192 acceperit.
1239 3125 1453 3180 Rursus
1497 3124 1640 3196 ignis
1687 3133 1772 3180 est
1823 3126 1966 3180 intra
1996 3155 2038 3209 α

384 3231 607 3272 onmem
638 3226 977 3282 creaturam,
1009 3225 1065 3271 et
1095 3217 1150 3272 in
1186 3217 1371 3287 lignis,
1401 3227 1458 3272 et
1497 3217 1553 3272 in
1585 3218 1888 3288 lapidibus,
1913 3228 1970 3275 et

385 3306 446 3362 in
457 3308 634 3378 aquis,
647 3317 698 3362 et
718 3323 881 3363 nemo
894 3307 1045 3362 videt
1057 3323 1160 3362 nec
1175 3309 1598 3378 comprehendit
1614 3312 1972 3380 quemadmo-

387 3399 518 3454 dum
543 3401 597 3454 in
625 3399 761 3469 ipsis
790 3399 1002 3455 habitet
1030 3418 1042 3453 :
1077 3401 1358 3471 quomodo
1389 3402 1538 3470 quod
1569 3411 1656 3458 est
1687 3403 1892 3473 ubique
1917 3412 1973 3458 et

386 3494 577 3549 omnia
618 3494 813 3565 implet
839 3493 1082 3548 Verbum
1104 3484 1224 3558 Dei,
1257 3493 1324 3548 de
1344 3509 1456 3568 quo
1477 3495 1614 3550 dicit
1638 3496 1926 3570 Scriptura
1954 3515 1967 3550 :

386 3585 531 3639 Deus
567 3592 746 3640 noster
783 3587 921 3656 ignis
961 3601 1271 3640 consumens
1313 3595 1388 3639 est
1413 3585 1480 3638 '7.
1523 3586 1736 3642 Rursus
1783 3594 1968 3641 autem

385 3677 704 3732 invenimus
763 3676 908 3731 lunae
977 3685 1035 3732 et
1089 3675 1264 3731 stellis
1321 3675 1506 3730 lumen
1561 3677 1902 3747 suppeditari
1939 3694 1968 3732 a

389 3767 526 3833 sole,
587 3774 646 3820 ut
714 3766 920 3821 docent
981 3765 1076 3835 qui
1141 3764 1381 3818 maxime
1445 3772 1576 3820 sunt
1630 3765 1688 3816 in
1741 3773 1968 3819 externa

383 3859 592 3914 versati
657 3857 1052 3929 philosophia:
1090 3872 1148 3912 re
1211 3857 1376 3912 nobis
1419 3856 1768 3928 significante
1821 3855 1969 3926 quod

386 3968 421 4008 a
447 3951 670 4008 Christo
719 3951 816 4022 qui
858 3951 1008 4006 cadit
1049 3949 1152 4005 sub
1185 3950 1629 4022 intelligentiam,
1659 3951 1971 4004 illustratur

388 4043 639 4100 Ecclesia
670 4053 729 4098 et
755 4050 1072 4098 sanctorum
1095 4041 1414 4097 luminaria.
1447 4043 1566 4113 Ipse
1581 4043 1728 4097 enim
1749 4050 1833 4097 cst
1852 4043 1967 4107 lux,

387 4137 458 4192 de
484 4152 592 4207 qua
627 4136 822 4192 dicunt
852 4134 1100 4190 Ecclesia
1126 4144 1183 4190 et
1207 4135 1342 4208 justi
1375 4152 1390 4188 :
1419 4134 1502 4189 Ea:
1531 4136 1643 4206 ejus
1681 4135 1819 4206 ignis
1853 4136 1970 4206 pte-

386 4231 626 4284 nitudine
662 4211 755 4284 nos
784 4245 963 4284 omnes
985 4214 1279 4300 accepimus
1303 4229 1372 4282 ”.
1399 4227 1615 4296 Quibus
1637 4229 1802 4283 etiam
1832 4227 1971 4282 dicit

384 4314 796 4378 ex‘adverso:
845 4321 942 4376 Vas
988 4323 1110 4376 estis
1171 4320 1264 4375 tua:
1317 4321 1594 4376 mundi”.
1644 4319 1720 4375 De
1763 4319 1970 4390 quibus

386 4430 582 4472 rursus
607 4414 748 4470 dixit
773 4415 952 4487 typice
984 4431 998 4468 :
1031 4413 1187 4468 Fiant
1211 4413 1500 4468 luminaria
1546 4414 1598 4467 in
1629 4411 1970 4482 ﬁrmamento

2075 531 2179 587 bus
2231 533 2404 586 rebus
2435 531 2803 602 compositum
2833 545 3068 601 :nempe
3116 530 3212 600 qui
3237 530 3394 602 prius
3437 540 3656 587 constet

2071 639 2137 678 ex
2162 624 2308 689 luce,
2335 635 2394 680 et
2419 641 2486 680 ex
2527 625 2650 695 igne
2690 635 2925 694 postea;
2971 623 3172 678 deinde
3220 633 3344 693 post
3384 625 3657 694 ejusmodi

2070 716 2529 786 compositionem
2559 726 2614 771 et
2646 717 2700 770 in
2733 717 3014 788 hypostasi
3049 715 3333 773 unionem.
3365 717 3420 771 in
3454 718 3657 772 cmlum

2069 821 2100 860 e
2130 803 2273 861 tcr'ra
2307 808 2585 862 sublatum
2611 816 2665 861 et
2689 805 3010 862 restitutum
3045 825 3058 860 :
3089 807 3226 860 nihil
3263 807 3414 862 aliud
3448 810 3658 879 aspicio

2025 915 2234 970 tquam
2267 901 2552 956 Christum
2597 901 2694 955 Dei
2748 901 2946 954 Filium
2997 917 3124 955 eum
3168 917 3333 956 carne
3381 902 3437 956 in
3488 910 3660 957 caelos

2069 1002 2438 1062 assumptum.
2476 993 2576 1047 llic
2621 993 2770 1047 enim
2820 1001 2905 1048 est
2963 994 3044 1050 sol
3095 993 3164 1048 de
3219 1011 3330 1064 quo
3382 998 3654 1065 scriptum

2069 1091 2152 1138 est
2192 1101 2206 1138 :
2251 1084 2414 1155 873
2445 1085 2508 1138 In
2550 1084 2680 1139 caelo
2735 1087 2907 1155 posuit
2931 1085 3340 1140 tabernaculum
3387 1105 3544 1142 suum
3560 1089 3605 1120 ³⁸³
3641 1107 3654 1143 :

2069 1174 2176 1230 hoc
2205 1185 2290 1232 est
2321 1177 2484 1232 Verbi
2537 1177 2813 1234 divinitati
2867 1179 3011 1233 uniit
3055 1195 3208 1234 suam
3280 1197 3502 1236 carnem
3539 1201 3552 1236 :
3593 1183 3660 1237 Et

2067 1265 2178 1335 ipse
2224 1275 2484 1339 tanquam
2525 1286 2768 1357 sponsus.
2805 1269 2979 1325 Datus
3002 1281 3090 1326 est
3133 1273 3280 1328 enim
3318 1274 3387 1328 ad
3436 1276 3662 1346 nuptias

2067 1359 2324 1416 humanae
2354 1371 2566 1418 natura
2601 1379 2629 1418 a
2659 1363 2820 1420 Patre
2854 1365 2949 1434 qui
2985 1381 3113 1419 eum
3145 1368 3356 1436 genuit.
3387 1365 3524 1423 Cum
3573 1369 3658 1422 in-

2067 1463 2328 1524 corrupta
2368 1464 2552 1511 antem
2585 1457 2707 1527 ejus
2735 1473 2957 1526 sponsa,
2991 1473 3189 1528 nempe
3217 1475 3385 1515 carne
3421 1479 3432 1512 :
3463 1461 3699 1514 Proce-.

2067 1543 2197 1598 deus
2231 1562 2296 1599 ex
2320 1546 2560 1601 thalamo
2581 1550 2736 1602 suo"
2774 1549 2991 1604 :Matre
3030 1551 3246 1606 scilicet
3299 1569 3310 1605 :
3350 1553 3659 1607 Exsultabit

2069 1642 2327 1703 tanquam
2373 1637 2522 1707 gigas
2565 1645 2633 1692 ad
2671 1640 2992 1694 currendum
3028 1642 3232 1696 viam"
3259 1643 3316 1697 in
3356 1645 3526 1698 caelos
3559 1662 3571 1698 :
3607 1646 3653 1699 A

2069 1742 2276 1780 summo
2293 1727 2420 1782 caelo
2442 1729 2584 1783 facta
2610 1740 2696 1785 est
2735 1735 2962 1802 egressio
2987 1734 3102 1804 ejus
3119 1735 3164 1766 ³³
3192 1737 3287 1805 qui
3310 1735 3376 1790 ad
3409 1751 3512 1791 nos
3535 1745 3654 1792 erat

2068 1834 2330 1890 egressus
2361 1840 2372 1874 :
2396 1821 2462 1876 Et
2490 1832 2618 1879 tunc
2637 1841 2885 1881 occursus
2908 1833 3023 1892 eius
3055 1845 3219 1895 usque
3236 1829 3306 1883 ad
3330 1846 3598 1884 summum
3614 1829 3660 1861 “

2069 1913 2272 1966 coelum
2302 1915 2644 1972 recurrentis
2674 1918 2740 1973 ad
2769 1920 3010 1975 Patrem.
3049 1921 3154 1976 Per
3185 1921 3289 1976 hoc
3309 1937 3442 1994 ergo
3475 1939 3632 1978 exem
3657 1955 3664 1962 -

2069 2006 2221 2076 plum
2267 2008 2548 2065 discamus
2594 2012 2918 2082 prophetice
2952 2054 2966 2079 ,
3002 2015 3176 2070 solem
3217 2034 3230 2071 :
3265 2031 3464 2086 nempe
3497 2016 3662 2072 Chri-

2069 2109 2234 2165 stum,
2271 2101 2326 2155 in
2349 2102 2489 2157 cmlo
2511 2112 2829 2173 currentem
2852 2122 2864 2158 :
2887 2121 3054 2176 quem
3076 2107 3240 2162 etiam
3269 2108 3662 2181 prtesigniliea—

2068 2192 2148 2244 vit
2205 2193 2354 2249 Elias
2407 2210 2645 2252 currens
2701 2212 2802 2268 per
2859 2199 3153 2255 tethera".
3215 2199 3415 2256 Stellas
3474 2211 3658 2256 autem

2069 2281 2313 2352 desuper
2360 2299 2428 2338 ex
2485 2285 2834 2345 firmamento
2857 2329 2869 2353 ,
2923 2287 3050 2344 dico
3087 2277 3308 2346 sanctos
3345 2293 3572 2362 angelos
3604 2293 3659 2346 in

2069 2387 2197 2428 eum
2243 2374 2550 2442 intuentes,
2596 2393 2818 2432 sursum
2857 2379 2926 2433 ad
2958 2380 3141 2451 ipsum
3195 2391 3571 2447 recurrentes,
3604 2392 3662 2438 et

2068 2480 2263 2521 omnes
2283 2467 2398 2522 cito
2425 2468 2494 2523 ad
2527 2484 2656 2524 eum
2688 2477 3054 2528 occurrentes
3093 2483 3150 2528 et
3189 2473 3486 2530 adorantes
3523 2475 3660 2530 cho-

2068 2571 2271 2627 rosque
2303 2558 2573 2615 ducentes
2601 2569 2658 2615 et
2689 2561 2942 2618 dicentes
2975 2565 3252 2634 supremis
3280 2581 3474 2620 eorum
3504 2567 3662 2638 prin-

2069 2646 2290 2716 cipibus
2311 2665 2323 2700 :
2348 2649 2592 2703 Attollite
2613 2659 2816 2721 portas,
2833 2653 3117 2724 principes,
3140 2663 3342 2710 vestras
3361 2655 3426 2722 ³⁸,
3443 2665 3500 2712 et
3517 2657 3662 2712 viam

2072 2739 2288 2796 munite
2311 2741 2362 2797 ei
2395 2744 2487 2814 qui
2518 2745 2754 2798 ascendit
2785 2761 2947 2816 super
2969 2763 3235 2814 occasum,
3273 2763 3423 2804 nunc
3456 2751 3512 2804 in
3547 2766 3662 2806 ca:-

2068 2831 2184 2886 lum
2241 2833 2365 2888 coeli
2420 2833 2488 2888 ad
2521 2844 2705 2890 ortum
2757 2836 2909 2892 solis.
2951 2837 3110 2893 Nune
3167 2841 3314 2894 enim
3351 2841 3602 2896 ascendit
3631 2861 3660 2897 ιι

2070 2931 2220 2977 terra
2253 2939 2422 2994 super
2449 2923 2776 2990 Cherubim,
2809 2935 2867 2981 et
2917 2936 3182 2983 extensus
3225 2941 3312 2984 est
3357 2931 3424 2984 ad
3468 2932 3659 2988 emlos.

2071 3013 2354 3070 Extensus
2402 3026 2489 3072 est
2533 3026 2718 3072 autem
2769 3019 2982 3074 habens
3011 3019 3152 3074 duas
3186 3021 3302 3076 alas
3343 3029 3404 3075 ut
3449 3023 3543 3093 qui
3591 3025 3662 3080 sit

2072 3105 2237 3160 simul
2257 3106 2402 3162 Deus
2416 3115 2472 3160 et
2497 3107 2684 3173 homo,
2719 3125 2879 3180 super
2901 3125 3106 3180 pennas
3122 3113 3456 3166 ventorum”
3495 3113 3662 3183 spiri~

2075 3205 2231 3251 tuum
2260 3198 2721 3266 incorporeorum
2771 3201 2867 3270 qui
2909 3217 3004 3256 scx
3049 3201 3254 3258 habent
3286 3205 3420 3258 alas.
3463 3205 3531 3259 Et
3566 3221 3663 3276 ρο·
3705 3229 3712 3238 ·

2072 3292 2178 3346 suit
2195 3293 2435 3346 tenebras
2459 3291 2740 3347 latibulum
2767 3308 2923 3347 suum
2943 3293 3010 3361 ³⁸,
3035 3303 3096 3349 ut
3121 3297 3216 3364 qui
3242 3297 3313 3350 sit
3345 3296 3660 3362 ineliabilis,

2074 3383 2487 3446 inenarrabilis.
2516 3396 2572 3441 et
2601 3386 2698 3456 qui
2741 3388 3107 3460 intelligentia
3141 3405 3252 3443 non
3285 3399 3468 3459 potest
3508 3405 3662 3446 com-

2072 3480 2370 3556 prehendi,
2402 3481 2636 3551 geminte
2665 3482 2879 3537 scilicet
2910 3489 3142 3537 naturae.
3173 3482 3288 3538 Hoc
3311 3483 3459 3537 enim
3486 3485 3662 3556 signi-

2074 3574 2238 3630 ﬁcant
2267 3575 2530 3640 tenebrae,
2559 3585 2620 3630 ut
2643 3575 2760 3646 qui,
2791 3576 3091 3646 quomodo,
3111 3575 3388 3632 neminem
3408 3577 3665 3635 docuerit

2074 3663 2296 3718 etiamsi
2326 3665 2379 3719 in
2404 3664 2508 3719 hac
2524 3664 2709 3736 specie
2729 3664 2984 3720 obscurae
3006 3675 3063 3720 ct
3087 3664 3384 3721 inelIabilis
3405 3667 3662 3723 ineﬂ'ahi-

2073 3756 2248 3810 litatis
2275 3756 2622 3826 ingrediatur
2645 3765 2703 3812 et
2728 3757 2926 3812 subeat
2959 3757 3116 3812 sinus
3139 3758 3342 3820 Patris,
3369 3760 3577 3816 circum
3601 3778 3662 3819 se

2073 3846 2288 3902 habens
2325 3849 2410 3917 (ut
2436 3847 2530 3917 qui
2565 3847 2638 3902 sit
2675 3847 2818 3902 Deus
2848 3855 2906 3900 et
2935 3846 3205 3918 Verbum)
3237 3851 3658 3905 tabernaculum

2073 3939 2160 3994 sui
2191 3939 2447 4010 corporis
2479 3938 2534 3993 in
2578 3954 2690 4010 quo
2718 3939 2992 3995 habitavit
3033 3939 3173 3995 citra
3207 3941 3373 3996 ullam
3419 3943 3663 3998 circum-
3747 3943 3766 3960 ’

2074 4034 2460 4106 scriptionem,
2483 4049 2552 4088 eo
2587 4049 2698 4088 non
2733 4032 2990 4104 deposito
3027 4033 3154 4106 (etsi
3181 4051 3210 4089 a
3236 4036 3402 4092 nobis
3431 4038 3658 4093 absces-

2073 4127 2258 4198 serit),
2291 4136 2352 4182 ut
2379 4126 2635 4182 nonnulli
2685 4127 2754 4182 de
2793 4141 2861 4182 eo
2915 4128 3058 4183 male
3097 4126 3519 4200 disecptarunt:
3560 4131 3660 4186 sed

2029 4218 2042 4230 ’
2075 4229 2335 4298 tanquam
2371 4221 2428 4275 in
2465 4217 2825 4289 tabernaculo
2857 4219 3224 4282 lucidissimo,
3249 4221 3476 4277 liberoa
3497 4233 3661 4282 natu-

2073 4315 2286 4370 ralibus
2317 4313 2756 4370 obscuritatibus
2788 4323 2844 4368 et
2880 4313 3272 4370 ali'ectionibus
3303 4315 3357 4369 in
3392 4331 3460 4371 eo
3496 4317 3659 4372 habi-

2075 4415 2152 4462 tat
2181 4407 2346 4462 etiam
2380 4417 2504 4477 post
2531 4422 2692 4461 suum
2726 4421 2756 4460 ει
2789 4405 2952 4462 nobis
2977 4406 3285 4463 discessum
3319 4417 3378 4464 et
3405 4420 3492 4466 est
3517 4429 3658 4482 aqua

386 4507 526 4573 creti,
558 4506 706 4578 quod
735 4505 988 4561 ascendit
1021 4521 1052 4560 a
1080 4513 1226 4559 terra
1257 4513 1317 4559 ut
1341 4515 1635 4576 appareret
1659 4521 1828 4575 supra
1858 4514 1968 4560 ter-
2000 4496 2044 4553 D
2073 4499 2336 4564 Obscura.
2363 4497 2460 4552 sed
2491 4497 2544 4552 in
2585 4497 2828 4552 nubibus
2855 4499 3021 4554 acris.

387 4616 530 4655 ram.
560 4599 717 4656 Unde
741 4598 908 4654 etiam
936 4597 1206 4653 discimus
1235 4596 1662 4662 admirabiliter,
1689 4608 1744 4651 et
1768 4609 1968 4668 praeter

2135 4593 2346 4661 Aquam
2371 4600 2555 4644 autem
2583 4589 2674 4644 hic
2705 4589 2842 4645 dicit
2875 4590 3172 4646 lnunanam
3197 4599 3480 4660 naturam,
3520 4611 3662 4650 con-

386 4689 637 4745 omnium
661 4687 1006 4758 opinionem,
1032 4686 1182 4758 quod
1212 4687 1330 4742 haec
1348 4668 1534 4742 omnia
1564 4687 1724 4759 prius
1749 4687 1968 4742 interra
2064 4683 2358 4768 venienter
2385 4683 2438 4738 ei
2458 4681 2606 4752 quod
2639 4683 2905 4754 scriptum
2945 4703 2956 4739 :
2987 4683 3133 4738 Mare
3157 4702 3412 4758 magnum
3449 4699 3498 4742 ει
3531 4705 3660 4760 spa-

381 4781 528 4837 t‘acta
575 4789 728 4850 sunt,
770 4780 973 4836 deinde
997 4783 1140 4836 cmlo
1173 4789 1305 4836 sunt
1345 4780 1586 4835 tradita:
1619 4789 1880 4850 tanquam
1915 4779 1966 4835 si

385 4885 534 4930 terra
585 4883 715 4929 ante
762 4874 965 4930 etelum
1013 4873 1188 4928 ditata
1235 4872 1310 4928 sit
1355 4871 1564 4928 Christi
1616 4872 1877 4945 mysterio
1912 4881 1970 4928 et

385 4968 650 5034 adventu,
691 4978 750 5024 et
806 4967 1010 5023 deinde
1072 4976 1199 5038 post
1239 4967 1702 5038 compositionem
1743 4977 1800 5023 et
1833 4982 1972 5022 eon-

382 5063 750 5119 structionem
782 5062 852 5118 ad
881 5062 1084 5119 caelum
1117 5069 1175 5116 et
1203 5059 1273 5117 ad
1299 5059 1664 5132 intelligentia
1694 5077 1816 5132 quae
1839 5073 1970 5118 sunt

385 5157 446 5211 in
473 5157 615 5212 caelo
647 5154 943 5227 luminaria
983 5153 1322 5209 transmittat
1350 5153 1406 5207 in
1425 5153 1547 5224 ejus
1568 5152 1964 5223 assumptione.

387 5248 504 5319 Ego
529 5248 754 5319 quidem
786 5257 938 5304 certe
970 5247 1138 5302 audio
1166 5245 1396 5301 Paulum
1423 5245 1724 5309 dicentem,
1755 5244 1840 5300 vel
1873 5259 1971 5314 po-

389 5339 502 5394 tius
551 5338 608 5393 in
649 5355 717 5394 eo
759 5339 1103 5394 habitantem
1137 5345 1397 5399 sanctum
1437 5334 1702 5406 Spiritqu
1755 5335 1970 5403 procla-

388 5438 634 5486 mantem
668 5448 682 5485 :
722 5429 919 5486 Omnia
952 5430 1008 5484 in
1051 5427 1257 5484 Christi
1299 5436 1486 5498 typum
1510 5427 1654 5496 facta
1681 5431 1826 5489 sunt,
1861 5434 1971 5479 tam

385 5536 506 5592 qua:
556 5530 680 5576 sunt
723 5523 779 5574 in
810 5519 951 5576 caelis
995 5534 1160 5592 quam
1206 5532 1324 5589 qua:
1370 5516 1510 5570 liunt
1549 5531 1708 5587 super
1749 5524 1969 5569 terram.

458 5662 506 5695 "
533 5661 842 5730 Joan._xvr,
873 5661 960 5714 28.
1040 5661 1086 5692 ²⁶
1119 5657 1311 5713 Matth.
1342 5674 1506 5714 xxvu.
1545 5660 1635 5712 46.

385 5733 440 5786 6.
520 5733 561 5764 ³⁸
591 5733 724 5788 ibid.
805 5734 848 5764 ⁸⁸
887 5733 1030 5787 Η».’Τ.
1096 5731 1297 5783 a“ibid.
1375 5731 1417 5759 ³⁸
1447 5730 1580 5781 ibid.

385 5803 622 5870 xvzt,i‘2.
699 5805 743 5835 ⁸³
769 5804 912 5858 Psal.
954 5817 1066 5866 cui,
1096 5801 1186 5854 ἠδ.
1271 5801 1312 5832 ⁶⁰
1353 5799 1488 5855 Cen.
1523 5815 1560 5866 ι,
1612 5800 1702 5854 :18.

1712 5661 1756 5691 ’7
1785 5662 1945 5715 Deut.
1984 5677 2054 5716 Iv.
2087 5663 2176 5716 ‘24.

1689 5729 1730 5760 "‘
1763 5731 1825 5785 IV
1856 5733 1988 5797 lleg.
2025 5748 2082 5792 ιι,
2122 5733 2195 5784 ll.

1785 5803 1821 5832 "‘
1857 5802 2086 5856 lat-har.
2117 5817 2192 5854 xu
2224 5840 2238 5865 ,
2267 5801 2318 5854 8.

2069 4777 2263 4830 tiosum
2283 4775 2326 4806 ³⁸
2349 4793 2364 4842 ;
2411 4790 2609 4846 nempe
2638 4774 2879 4830 humana
2901 4789 3097 4832 natura
3127 4794 3250 4847 quae
3283 4786 3369 4834 est
3386 4787 3444 4834 et
3472 4781 3580 4835 lata
3603 4790 3656 4837 ct
3684 4774 3688 4778 ’

2067 4867 2360 4923 abundans
2391 4867 2780 4934 multitudine;
2811 4868 2881 4924 de
2906 4885 3014 4940 qua
3041 4871 3250 4926 dictum
3273 4882 3360 4928 est
3393 4891 3407 4927 :
3437 4873 3663 4932 Crescito

2077 4971 2128 5015 et
2181 4960 2635 5032 multiplicamini,
2679 4971 2726 5016 et
2769 4962 2983 5034 implete
3010 4980 3210 5020 terram
3228 4965 3272 4996 ⁸⁸
3301 4967 3356 5021 in
3389 4983 3496 5037 qua
3533 4978 3663 5024 sunt

2078 5053 2296 5124 reptilia
2337 5068 2576 5125 quorum
2613 5070 2724 5110 non
2766 5063 2850 5112 est
2897 5073 3191 5124 numerus,
3246 5075 3446 5131 nempe
3474 5070 3664 5131 gentes

2074 5162 2198 5216 qua:
2229 5147 2516 5203 ambulant
2547 5163 2714 5218 super
2745 5157 2940 5220 pectus
2965 5157 3022 5204 et
3043 5163 3314 5216 ventrem,
3337 5161 3399 5207 ut
3421 5169 3542 5221 quae
3572 5169 3665 5210 me

2071 5240 2317 5294 serviant
2340 5247 2396 5294 et
2435 5239 2726 5309 voluptati,
2759 5250 3054 5311 propterea
3087 5242 3234 5312 quod
3261 5244 3528 5314 sanguine
3563 5244 3662 5298 (ιυ-
3715 5300 3728 5314 κ

2074 5332 2348 5386 lectentur
2370 5339 2426 5387 et
2461 5331 2726 5404 ingluvie.
2763 5333 2832 5388 Et
2857 5348 3073 5400 rursus,
3105 5334 3320 5389 utdicit
3363 5335 3506 5390 alius
3535 5351 3664 5404 pro.

2072 5428 2240 5497 pheta
2267 5446 2279 5482 :
2319 5426 2636 5499 Egredietur
2654 5445 2795 5500 aqua
2827 5444 2886 5482 ea
2907 5426 3056 5488 Sion.
3087 5439 3137 5482 et
3163 5429 3442 5483 dimidium
3468 5431 3582 5500 ejus
3608 5432 3664 5484 in

2075 5536 2226 5574 mare
2254 5519 2509 5590 primum,
2532 5528 2580 5574 et
2611 5519 2893 5575 dimidium
2917 5521 3032 5590 ejus
3058 5521 3114 5573 in
3143 5536 3291 5574 mare
3325 5520 3570 5577 ultimum
3596 5527 3662 5587 “,

2254 5663 2300 5694 ’⁸
2321 5662 2480 5718 Joan.
2517 5661 2647 5724 I,l6.
2739 5661 2786 5693 "
2821 5661 3014 5716 Matth.
3051 5677 3104 5724 v,
3139 5662 3225 5716 lt.
3259 5661 3305 5694 ³⁸
3339 5661 3483 5718 Psal.
3513 5682 3595 5721 xvi
3625 5683 3662 5729 t,

2411 5731 2452 5764 ³⁸
2483 5732 2623 5786 l‘sat.
2646 5747 2796 5798 xxnt,
2833 5733 2884 5786 7.
2964 5733 3005 5764 ³⁷
3043 5733 3188 5788 Psal.
3221 5749 3330 5800 cm,
3353 5733 3406 5790 5.
3437 5735 3482 5767 ⁸³⁸
3521 5739 3663 5798 l‘sal.
