4026 6140
350 318 464 385 833

1566 321 1626 379 S.
1673 321 2072 381 ANASTASII
2115 323 2442 384 SlNAlTrE

3515 329 3623 392 900
3692 280 3701 285 ,

358 447 555 503 nempe
578 430 818 493 luti-mos,
848 430 944 501 qui
995 432 1148 501 prius
1191 440 1322 486 sunt
1348 433 1563 498 vocati,
1596 442 1652 488 et
1697 435 1931 505 gentiles
1962 446 2004 497 Α
2033 452 2269 507 quanam
2297 445 2481 493 autem
2498 438 2566 494 de
2597 454 2762 496 causa
2780 455 2889 501 non
2910 439 3041 501 fecit
3060 441 3179 497 inec
3200 441 3626 499 duolumlnaria

352 525 447 598 qui
476 533 684 594 postea.
715 521 853 576 Num
877 523 1035 584 enim,
1072 523 1252 593 inquit
1279 525 1592 594 Apostolus,
1623 525 1933 581 Iudaeorum

353 617 526 673 solum
550 615 776 671 estDeus
797 615 821 668 ?
841 613 993 670 Certe
1010 626 1057 673 et
1079 616 1388 687 gentium".
1415 616 1512 672 Est
1534 617 1706 684 enim,
1730 616 1932 686 inquit,

353 724 498 779 aqua
540 708 796 770 obscura,
863 721 1062 776 nempe
1099 722 1212 760 non
1260 706 1572 761 illuminata
1632 707 1701 762 ad
1730 722 1935 778 cogno-

354 801 642 866 scendum,
663 808 851 855 etnon
889 798 1085 852 didicit.
1112 799 1390 868 quomodo
1423 799 1495 854 sit
1516 799 1680 864 Deus,
1714 809 1769 855 et
1789 815 1938 854 nunc

352 899 441 948 est
462 906 590 945 cum
614 903 869 960 corpore,
888 888 955 943 dc
972 903 1040 943 eo
1056 874 1251 944 auteni
1270 890 1431 960 plane
1457 898 1541 945 est
1563 905 1776 955 secura,
1802 906 1939 960 quo.-

356 988 520 1042 modo
544 986 712 1041 etiam
746 1000 806 1039 se
838 983 1045 1038 habent
1075 983 1255 1037 nubes
1283 984 1470 1047 aeriae,
1519 999 1715 1054 nempe
1759 984 1936 1039 subli—

355 1095 444 1134 me
473 1079 720 1133 volantes
737 1085 794 1131 et
815 1076 1069 1131 cmlcstes
1096 1075 1280 1145 angeli
1314 1094 1326 1130 :
1357 1091 1538 1145 neque
1556 1076 1706 1130 enim
1737 1075 1848 1133 illis
1869 1091 1934 1130 ex

357 1172 615 1244 mysterio
647 1170 948 1225 revelatum
990 1177 1076 1223 est
1106 1167 1406 1238 quomodo,
1455 1178 1749 1240 propterea
1786 1168 1936 1238 quod

356 1265 425 1319 ab
460 1265 581 1334 ejus
636 1261 932 1332 splendore
980 1260 1160 1315 nubes
1212 1259 1343 1330 ipsa:
1394 1260 1782 1325 transierunt,
1840 1261 1937 1315 sed

355 1356 519 1411 etiam
548 1354 939 1425 praeterierunt
964 1360 1022 1410 et
1052 1351 1335 1424 fugerunt,
1368 1361 1425 1407 et
1456 1360 1894 1408 retrocesserunt
1922 1370 1935 1411 :

355 1457 441 1502 est
458 1448 606 1503 enim
633 1447 715 1503 eis
740 1447 1000 1508 celatum,
1033 1460 1138 1500 nec
1158 1451 1392 1516 possunt
1419 1444 1561 1500 scire
1580 1444 1940 1515 quemadmo-

357 1541 488 1595 dum
526 1538 639 1595 sint
659 1539 713 1592 in
747 1554 917 1592 unum
945 1538 1069 1593 duae
1091 1546 1323 1591 naturae.

429 1629 637 1685 Deinde
707 1629 992 1700 subjungit
1035 1628 1203 1682 etiam
1267 1641 1488 1682 causam
1548 1626 1934 1699 ignorationis.

357 1720 622 1786 Quoniam
648 1728 744 1786 est,
774 1719 976 1789 inquit,
1010 1735 1156 1775 mare
1175 1719 1520 1775 ctcarbones
1550 1719 1713 1790 ignis,
1739 1735 1936 1791 nempe

2037 527 2202 581 unius
2233 528 2400 581 etiam
2427 531 2769 600 operationis
2798 531 3100 603 formaeque
3152 542 3211 594 et
3254 535 3484 605 speciei,
3530 537 3626 591 sed

2034 604 2206 675 solem
2234 619 2457 688 quidem
2479 619 2613 677 fecit
2634 621 2800 677 etiam
2819 633 3072 678 urentem
3096 635 3154 681 et
3181 604 3625 684 illuininantem;

2037 711 2225 766 lunam
2249 720 2458 778 autem,
2474 722 2533 768 et
2556 713 2904 784 ipsametiam
2929 716 3337 772 illuminantem
3361 719 3627 775 ethume-

2037 809 2276 859 ctantem
2296 804 2319 843 ν
2336 804 2476 863 Num
2491 806 2718 864 omnino
2740 808 2797 861 in
2820 816 3006 881 typum
3026 808 3234 866 Christi
3250 822 3307 865 et
3332 811 3624 867 Ecclesich

2037 892 2172 950 Nam
2202 894 2383 963 justos
2401 894 2625 964 quidem
2642 896 2735 953 hic
2763 898 2844 952 sol
2864 898 3165 966 illuminat;
3191 915 3288 955 eos
3315 911 3499 957 autem
3528 903 3625 972 qui

2040 986 2376 1041 ustulationc
2395 1003 2535 1057 opus
2561 989 2768 1044 habent
2786 1001 2845 1045 et
2888 1000 3244 1061 peccatorum
3271 997 3623 1064 purgatione,

2040 1073 2173 1127 urit.
2201 1075 2434 1130 Dicebat
2452 1076 2873 1149 itaque:lgnem
2889 1084 3007 1135 veni
3027 1084 3236 1137 mittere
3264 1087 3320 1137 in
3346 1094 3489 1139 terra
3502 1087 3623 1141 in".

2039 1163 2197 1220 Luna
2226 1177 2412 1221 autem
2435 1208 2450 1231 ,
2482 1184 2683 1239 nempe
2716 1170 2983 1238 Ecclesia,
3016 1173 3291 1229 illuminat
3321 1177 3625 1245 praedicans

2041 1256 2392 1322 Trinitatem,
2438 1259 2719 1316 humectat
2749 1272 2932 1319 autem
2951 1305 2965 1328 ,
2988 1265 3239 1334 praebens
3265 1268 3621 1338 baptismum.

2109 1351 2372 1409 Nonnulli
2406 1346 2600 1409 dicunt
2649 1356 2837 1417 lunam
2879 1372 3002 1412 esse
3036 1357 3270 1429 ﬁguram
3324 1360 3624 1431 Scriptura:

2039 1441 2178 1512 legis
2211 1453 2268 1498 ct
2313 1445 2496 1503 cultus
2530 1447 2626 1519 qui
2672 1456 2759 1503 est
2791 1449 2847 1503 in
2888 1449 3196 1524 Synagoga,
3244 1454 3343 1524 qui
3373 1457 3621 1526 quotidie

2040 1536 2244 1593 multos
2292 1538 2524 1613 suscipit
2549 1538 2723 1596 divini
2752 1540 2977 1603 luminis
3002 1544 3254 1601 defectus
3289 1555 3347 1602 et
3372 1548 3621 1605 diminu-

2039 1625 2242 1680 tiones.
2276 1627 2388 1682 Nos
2414 1637 2600 1684 autem
2626 1631 2940 1700 audientes,
2971 1636 3119 1705 quod
3154 1639 3237 1693 sol
3270 1648 3623 1698 constructus

2040 1715 2112 1770 sit
2136 1716 2370 1786 primus,
2398 1728 2455 1773 et
2485 1730 2677 1788 postea
2727 1722 2879 1787 luna,
2920 1739 3021 1780 nos
3064 1740 3186 1782 eam
3235 1715 3622 1785 existimamus

355 1811 560 1867 Christi
595 1811 946 1877 immanitas;
990 1819 1074 1866 est
1103 1811 1252 1870 enim
1281 1825 1410 1865 caro
1450 1820 1508 1866 et
1552 1827 1660 1867 non
1688 1828 1839 1878 caro,
1872 1831 1939 1870 ne
1973 1799 2012 1852 Β
2043 1810 2218 1879 magis
2251 1825 2372 1865 esse
2407 1820 2594 1883 typum
2646 1813 2852 1875 Christi
2900 1816 3181 1886 Εοοιθδὶεὲ,
3224 1830 3287 1876 ιιι
3334 1823 3624 1893 coniugem

356 1903 634 1972 intelligas
660 1902 766 1955 hoc
789 1915 990 1970 corpus
1012 1915 1133 1958 esse
1174 1899 1385 1969 aliquid
1408 1901 1648 1956 alterum
1683 1920 1697 1953 :
1731 1904 1941 1973 grando

354 1992 502 2046 enim
536 1999 622 2046 est
651 2006 795 2060 aqua
826 1999 1015 2051 etnon
1053 2006 1217 2061 aqua.
1243 1992 1424 2063 Aqua,
1462 2002 1525 2047 ut
1550 2009 1675 2064 quae
1699 1994 1839 2050 facta
1869 1996 1944 2054 sit

354 2099 421 2141 ex
455 2084 545 2137 illa
582 2102 594 2137 :
625 2099 738 2138 non
769 2099 930 2153 aqua,
966 2092 1028 2139 ut
1079 2100 1202 2154 quae
1241 2087 1610 2143 concreverit.
1647 2087 1717 2144 Ut
1752 2096 1939 2144 autem

355 2173 537 2228 discas
577 2173 761 2229 carnis
793 2172 959 2230 Verbi
990 2174 1370 2233 diversitatem
1414 2186 1470 2232 et
1508 2192 1619 2233 non
1649 2178 1943 2239 diversita-

357 2272 466 2319 tem
501 2282 513 2318 :
542 2264 658 2329 Est,
692 2264 892 2335 inquit,
938 2266 1108 2321 carbo
1135 2266 1315 2338 ignis,
1351 2278 1602 2339 exempta
1635 2269 1850 2327 scilicet
1872 2287 1938 2326 ex

352 2356 644 2412 divinitate
669 2364 927 2427 tanquam
949 2372 1018 2412 ex
1031 2359 1545 2431 comprehensione.
1568 2359 1748 2416 Carbo
1765 2361 1936 2428 enim,

352 2450 566 2521 lignum
612 2459 671 2504 et
700 2464 813 2503 non
858 2449 1091 2521 lignum,
1126 2458 1213 2505 est
1266 2461 1555 2522 exemptus
1584 2452 1654 2509 ab
1692 2451 1816 2523 igne
1841 2454 1940 2524 qui

350 2541 519 2596 estin
543 2557 609 2598 eo
630 2549 945 2598 contentus.
983 2541 1222 2612 Ignitum
1265 2543 1412 2598 enim
1443 2543 1580 2600 dicit
1616 2545 1936 2613 carbonem,

351 2634 460 2689 hoc
480 2633 630 2705 quod
657 2634 956 2694 carbonem
1004 2632 1202 2700 eiiicit,
1229 2635 1378 2703 quod
1417 2651 1636 2692 sursum
1676 2637 1855 2693 fertur
1883 2647 1941 2694 et

350 2735 435 2780 est
466 2727 705 2794 subtile;
756 2726 812 2780 id
855 2735 1040 2785 autem
1083 2727 1231 2796 quod
1265 2726 1325 2783 ﬁt
1371 2728 1569 2794 carbo,
1592 2729 1646 2784 id
1672 2730 1820 2799 quod
1855 2738 1940 2786 est

351 2814 496 2869 infra
523 2825 579 2870 et
600 2824 685 2870 est
715 2832 825 2872 cras
840 2833 985 2872 sum.
1021 2816 1291 2871 Divinitas
1317 2817 1468 2875 enim
1502 2826 1589 2874 est
1616 2833 1683 2873 ex
1712 2818 1781 2874 iis
1815 2833 1939 2888 qua:

350 2914 480 2960 sunt
505 2921 706 2976 supra,
743 2907 1062 2963 humanitas
1098 2916 1285 2963 autem
1327 2922 1397 2962 ex
1430 2908 1499 2963 iis
1522 2924 1646 2978 quae
1674 2919 1805 2965 sunt
1847 2908 1936 2964 in-

350 2997 455 3061 fra,
504 2997 722 3052 etiarnsi
778 3013 837 3053 se
879 3000 1171 3069 attingant.
1226 3000 1298 3055 Et
1348 2999 1475 3055 ideo
1503 3000 1822 3073 Gregorius,
1878 3002 1936 3061 in

352 3089 623 3158 theologia
646 3088 1064 3155 celeberrimus,
1102 3106 1213 3146 non
1240 3101 1466 3146 veretur
1494 3093 1679 3148 dicere
1710 3108 1931 3154 carnem

2041 1897 2249 1959 Christi
2286 1919 2300 1956 :
2336 1902 2441 1961 hoc
2494 1904 2643 1958 enim
2692 1904 2961 1963 docemur
2997 1924 3096 1980 per
3149 1926 3240 1967 res
3297 1912 3466 1983 ipsas.
3520 1913 3623 1970 Die

2041 1992 2189 2048 enim
2229 1995 2285 2049 in
2319 2010 2430 2066 quo
2452 1995 2559 2051 fuit
2597 2006 2796 2066 quarta
2825 1998 3043 2055 decima
3073 2002 3204 2058 luna
3234 2004 3288 2059 in
3320 2007 3618 2079 principio,

2038 2102 2106 2143 eo
2132 2086 2223 2144 die
2245 2089 2434 2160 jussus
2462 2098 2549 2143 est
2576 2088 2746 2145 Israel
2769 2090 3044 2161 imprimis
3066 2095 3382 2154 sacrificare
3410 2099 3624 2157 Pascha

2040 2177 2098 2232 in
2119 2185 2310 2253 typum
2340 2177 2544 2233 Christi
2572 2197 2585 2233 :
2631 2180 2776 2251 unde
2800 2183 2970 2238 etiam
3006 2185 3117 2242 huc
3152 2203 3327 2260 usque
3355 2193 3618 2249 eumdem

2038 2278 2298 2339 quartum
2329 2269 2604 2327 decimum
2627 2272 2775 2329 diem
2808 2285 3033 2332 servant
3061 2279 3260 2348 Judaei,
3302 2284 3622 2342 nescientes

2039 2361 2171 2431 quid
2198 2372 2445 2417 servent.
2466 2363 2671 2437 Siergo
2697 2380 2871 2437 agnus
2895 2367 3179 2427 Christum
3208 2375 3618 2448 praefigurabat,

2037 2463 2124 2511 est
2153 2452 2511 2527 perspicuum
2536 2498 2550 2519 ,
2609 2461 2759 2530 quod
2803 2461 2954 2519 inme
2981 2480 3202 2536 quoque
3241 2466 3360 2529 dies
3401 2470 3497 2540 qui
3533 2481 3623 2536 est

2038 2546 2216 2616 plena:
2243 2548 2410 2614 lunae,
2445 2550 2720 2620 signiﬁcat
2749 2552 3158 2623 plenitudinem
3200 2558 3462 2623 Ecclesia:
3490 2577 3622 2632 pro-

2038 2647 2161 2709 pter
2185 2655 2348 2709 quam
2392 2641 2647 2699 Christus
2678 2653 2763 2700 est
2787 2647 3145 2709 sacrificatus.
3179 2649 3397 2713 Etenim
3436 2653 3618 2724 ipsum

2037 2730 2158 2801 ejus
2192 2748 2395 2787 nomen
2440 2734 2713 2806 signiﬁcat
2743 2739 2995 2808 gratiam,
3030 2755 3229 2813 nempe
3271 2744 3620 2815 baptismatis

2039 2822 2538 2893 regenerationem.
2567 2825 2773 2898 Σεληνὴ
2790 2828 2961 2893 enim,
2988 2829 3142 2887 idest
3168 2832 3319 2898 luna,
3346 2835 3622 2907 interpre-

2040 2922 2187 2969 tatur
2204 2915 2361 2983 σέλας
2395 2916 2625 2988 νηπίων,
2657 2917 2712 2973 id
2739 2928 2842 2989 est,
2868 2919 3047 2992 fulgor
3078 2922 3392 2991 infantium,
3416 2938 3474 2984 et
3493 2945 3616 2984 om-

2037 3006 2197 3063 nium
2223 3008 2320 3080 qui
2353 3020 2715 3081 generantur,
2753 3020 2946 3082 utpote
2970 3014 3119 3084 quod
3144 3015 3213 3070 ab
3241 3027 3400 3079 utero
3422 3020 3526 3076 alia
3544 3023 3619 3081 sit

2037 3099 2250 3168 piscina
2300 3117 2316 3155 :
2368 3101 2528 3164 σέλας
2567 3102 2717 3163 enim
2773 3112 2860 3159 est
2906 3105 3022 3160 lux.
3080 3106 3193 3170 Aut
3248 3126 3442 3168 rursus
3472 3112 3619 3175 luna:

348 3179 570 3234 Domini
591 3178 835 3249 ὁμόθεον,
864 3180 920 3234 id
951 3189 1057 3248 est,
1088 3180 1252 3237 simul
1283 3183 1480 3243 Deum.
1510 3182 1568 3241 Si
1589 3184 1722 3257 quid
1745 3195 1930 3243 autem
1958 3173 2000 3230 (ἶ
2035 3190 2215 3262 fulgor
2260 3200 2346 3248 est
2389 3208 2725 3263 puerascens
2744 3234 2759 3259 ,
2821 3206 3113 3269 propterea
3151 3201 3299 3269 quod
3346 3173 3619 3274 perpetuo

350 3271 595 3344 mysterii
626 3271 1006 3342 cognovimus,
1056 3272 1111 3328 id
1146 3289 1259 3335 non
1293 3284 1379 3333 est
1426 3289 1496 3336 ea
1537 3276 1704 3333 domo
1742 3287 1933 3339 nostra

348 3378 454 3418 ncc
482 3378 551 3417 ex
598 3362 782 3430 nobis,
834 3364 931 3424 sed
976 3381 1043 3420 ex
1076 3366 1233 3425 caelis
1275 3366 1438 3429 nobis
1481 3378 1564 3425 est
1601 3371 1929 3431 revelatum.

352 3454 651 3526 Subjungit
678 3455 870 3510 enim:
909 3456 980 3517 Et
1010 3458 1210 3517 tonavit
1237 3475 1263 3512 e
1288 3445 1416 3529 σιειο
1462 3460 1717 3517 Dominus
1759 3472 1810 3517 et
1848 3463 1934 3525 ΑΙ-

349 3547 579 3601 tissimus
644 3547 786 3601 dedit
842 3565 1020 3603 vocem
1096 3567 1251 3606 suam
1277 3552 1341 3606 ⁸⁵³.
1407 3552 1636 3622 Quando
1699 3557 1932 3611 autem?

347 3635 580 3704 Quando
610 3637 825 3708 linguas
853 3638 1039 3709 igneas
1080 3655 1208 3694 cum
1244 3642 1451 3696 tonitru
1479 3644 1749 3705 emisit“.
1779 3646 1925 3713 Qua-

346 3745 470 3783 rum
521 3729 832 3800 linguarum
875 3730 1146 3801 fulgorem
1200 3733 1281 3788 sol
1324 3749 1547 3806 quoque
1592 3737 1690 3806 qui
1729 3748 1930 3807 quarto

346 3819 441 3876 die
476 3820 655 3875 factus
686 3829 799 3885 est,
843 3822 1307 3894 praesigniﬁcavit.
1355 3825 1432 3880 De
1476 3826 1582 3882 hoc
1618 3837 1803 3884 autem
1838 3830 1928 3885 die

345 3920 568 3981 quarto,
608 3912 852 3983 inquam,
898 3921 955 3968 et
992 3915 1171 3988 primo
1206 3916 1455 3987 perfecto
1510 3919 1565 3974 in
1606 3937 1719 3992 quo
1772 3932 1927 3980 ortus

346 4011 432 4056 est
465 4002 544 4056 sol
568 4002 816 4073 justitiee,
841 4012 899 4059 et
922 4005 1116 4071 stellae,
1154 4014 1211 4060 et
1237 4008 1389 4071 luna,
1421 4008 1641 4065 videtur
1670 4013 1815 4068 Deus
1840 4013 1927 4070 di-

346 4108 473 4148 cere
508 4093 810 4149 fortissimo
840 4096 958 4150 viro
977 4095 1119 4151 Joho
1144 4116 1157 4152 :
1189 4096 1414 4168 Quando
1436 4099 1578 4170 facta
1597 4108 1720 4154 sunt
1751 4112 1922 4169 astra,

348 4184 640 4239 laudarunt
681 4202 763 4241 me
820 4204 940 4241 voce
1001 4205 1197 4260 magna
1251 4206 1431 4245 omnes
1494 4192 1672 4264 angeli
1719 4196 1821 4255 mei
1877 4205 1926 4255 et

345 4275 551 4345 hymnis
599 4274 1020 4330 celebrarunt“.
1070 4277 1141 4333 Et
1192 4279 1605 4353 quamobrem?
1651 4282 1923 4350 Quoniam

342 4366 489 4420 facta
519 4374 651 4420 sunt
676 4367 861 4421 astra?
891 4366 1011 4422 Non
1043 4377 1193 4423 certe
1215 4378 1506 4442 propterea
1536 4372 1664 4426 :sed
1693 4388 1819 4433 cum
1844 4373 1927 4429 vi-

343 4455 557 4512 dissent
594 4458 766 4513 solem
792 4473 823 4513 e
848 4465 995 4514 terra
1022 4470 1419 4526 recurrentem,
1461 4461 1517 4517 in
1546 4464 1807 4533 mysterio
1834 4464 1922 4520 di-

341 4549 619 4615 dicerunt,
680 4565 804 4619 quas
854 4551 1119 4609 extremis
1160 4553 1503 4623 temporibus
1544 4552 1733 4611 futura
1776 4566 1917 4624 erat,

341 4637 548 4693 Christi
605 4639 1067 4705 incarnationem,
1107 4650 1163 4697 et
1211 4657 1241 4698 e
1277 4651 1424 4699 terra
1462 4646 1918 4717 assumptionem,

342 4727 411 4782 Et
449 4725 573 4780 ideo
603 4740 730 4781 cum
757 4727 1025 4785 vidissent
1062 4746 1189 4785 eum
1229 4746 1296 4786 ex
1325 4744 1514 4788 sancta
1546 4733 1768 4804 Virgine
1792 4724 1921 4795 tan;

341 4830 507 4886 quam
537 4832 605 4870 ex
634 4817 832 4888 abysso
865 4831 1152 4886 exortum,
1186 4825 1370 4877 statim
1400 4825 1779 4883 exclamarunt
1833 4831 1920 4885 di-

340 4917 529 4962 centes
556 4924 570 4962 :
595 4906 779 4962 Gloria
820 4910 874 4963 in
917 4911 1137 4967 excelsis
1194 4913 1329 4979 Deo,
1378 4922 1429 4967 et
1460 4917 1516 4969 in
1546 4926 1688 4972 terra
1732 4925 1916 4989 pax“.

336 4999 475 5054 Cum
508 5000 733 5070 quibus,
776 5002 933 5058 stella
954 5019 1076 5073 qua:
1114 5005 1343 5060 deduxit
1372 5006 1555 5079 Magos
1586 5011 1667 5066 eis
1692 5028 1923 5083 persua-

338 5091 413 5146 sit
458 5101 521 5146 ut
550 5094 859 5150 clamarent
913 5113 926 5149 :
971 5094 1035 5151 In
1077 5099 1373 5154 hominibus
1411 5100 1547 5156 bona
1580 5104 1827 5162 voluntas
1849 5108 1918 5166 "’.

338 5180 429 5238 Sic
460 5199 491 5238 a
524 5200 611 5240 me
642 5186 969 5258 intelligitur
1011 5190 1146 5245 solis
1189 5207 1356 5262 super
1393 5201 1600 5249 terram
1644 5203 1922 5271 composi-

338 5276 436 5341 tio,
486 5287 543 5334 et
596 5294 628 5334 a
664 5287 811 5335 terra
862 5280 928 5335 ad
981 5284 1150 5339 ctelos
1194 5288 1515 5355 assumptio.
1553 5289 1685 5345 Mihi
1735 5303 1919 5349 autem

336 5367 486 5422 venit
516 5368 570 5422 in
596 5379 862 5436 mentem,
900 5379 960 5426 ut
992 5374 1229 5445 cogitem
1271 5375 1401 5445 quid
1434 5388 1576 5445 erat,
1617 5382 1767 5450 quod
1794 5399 1919 5454 pro-

337 5454 559 5514 hiberet
605 5462 901 5531 quominus
929 5462 1125 5535 Opifex
1163 5467 1255 5522 ubi
1293 5467 1532 5539 desuper
1567 5469 1683 5526 fixit
1730 5472 1918 5529 ﬁrma-

338 5558 605 5613 mentum,
626 5550 680 5604 in
700 5551 820 5621 ipso
842 5560 1038 5609 etcum
1062 5556 1178 5626 ipso
1205 5556 1600 5615 faceretsolem
1625 5563 1911 5633 etlunam;

408 5663 453 5695 ιν
480 5666 638 5736 Rom.
666 5685 745 5734 ut,
773 5670 865 5725 29.
940 5671 987 5704 "
1020 5664 1158 5721 Psal.
1182 5681 1316 5736 xm,
1338 5672 1423 5729 lt.

338 5746 430 5796 xu,
468 5734 554 5788 49.

1514 5675 1559 5708 ⁸⁵
1588 5676 1710 5736 Act.
1736 5682 1865 5747 ",2,
1892 5686 1945 5740 '5.

2034 3292 2331 3353 generetur
2357 3291 2414 3339 et
2452 3295 2833 3356 regeneretur.
2872 3287 3004 3354 Quae
3036 3290 3262 3360 quidem
3296 3302 3381 3349 est
3411 3310 3616 3369 perpe-

2031 3380 2130 3427 tua
2158 3375 2502 3445 regeneratio
2531 3376 2673 3433 lucis
2708 3377 3072 3449 baptismatis.
3116 3382 3184 3438 Et
3225 3383 3354 3441 ideo
3391 3387 3617 3458 triginta

2033 3463 2155 3519 dies
2187 3465 2442 3521 consistit
2472 3466 2601 3521 luna
2625 3477 2886 3525 constans
2900 3487 2969 3526 ex
3005 3473 3186 3530 tribus
3217 3478 3480 3547 perfectis
3506 3497 3616 3536 nu—

2032 3556 2221 3617 meris,
2249 3573 2450 3633 nempe
2493 3558 2760 3625 denariis,
2794 3562 2852 3616 in
2880 3573 3068 3635 typum
3100 3582 3164 3623 ac
3189 3566 3418 3640 ﬁguram
3444 3574 3612 3633 trium

2033 3646 2430 3716 periectarnm,
2485 3659 2543 3705 et
2585 3651 2793 3721 quibus
2822 3655 2961 3717 nihil
3001 3657 3210 3725 deficit,
3244 3662 3609 3743 hypostascou

2032 3750 2234 3799 sanctae
2253 3750 2310 3797 et
2332 3742 2579 3815 ejusdem
2604 3747 2768 3802 simul
2792 3752 3047 3808 essentia:
3063 3752 3352 3811 Trinitatis
3373 3756 3430 3811 in
3445 3773 3609 3827 quam

2031 3830 2313 3887 credimus
2335 3832 2388 3886 in
2412 3833 2763 3926 baptismate.
2794 3838 3093 3915 Propterea
3112 3844 3361 3900 omnium
3388 3828 3612 3918 quoque

2030 3930 2246 3977 creator
2273 3922 2437 3980 Jesus
2461 3927 2556 3996 qui
2584 3922 2675 3983 "est
2718 3946 2865 3986 unus
2906 3947 2973 3987 ex
3008 3933 3305 4003 Trinitate,
3336 3937 3611 4009 baptismo

2030 4011 2237 4069 tinctus
2264 4025 2350 4070 est
2381 4017 2602 4088 triginta
2624 4036 2801 4075 annos
2831 4032 2996 4079 natus
3028 4042 3041 4079 :
3074 4028 3333 4097 quoniam
3359 4029 3473 4085 illic
3489 4043 3612 4095 erat

2029 4105 2236 4161 mundo
2265 4108 2725 4167 manifestandum
2747 4116 3067 4194 mysterium
3099 4118 3403 4178 Trinitatis.
3436 4102 3607 4180 David

2026 4211 2271 4271 quoque,
2302 4199 2397 4269 qui
2437 4203 2741 4258 secundum
2766 4222 2987 4266 carnem
3014 4219 3134 4266 erat
3165 4210 3338 4283 ﬁgura
3364 4223 3420 4269 et
3451 4226 3608 4285 pater

2025 4286 2254 4357 Christi,
2291 4293 2514 4364 triginta
2550 4311 2728 4357 annos
2754 4309 2918 4362 natus
2943 4300 3122 4365 factus
3143 4313 3362 4371 estrex,
3400 4316 3458 4369 et
3489 4317 3608 4364 tan-

2027 4396 2191 4449 quam
2247 4383 2522 4455 baptismo
2570 4390 2754 4471 aliquo
2786 4393 2967 4470 typico
3008 4398 3267 4468 mysterio
3319 4399 3476 4470 prius
3520 4410 3607 4455 cst

2031 4479 2254 4527 unctus.
2281 4474 2570 4541 Quomodo
2595 4480 2762 4534 etiam
2782 4481 3008 4559 Joseph,
3033 4484 3174 4547 alius
3192 4486 3397 4541 Christi
3420 4498 3601 4560 typus,

2029 4562 2250 4634 triginta
2304 4582 2481 4625 annos
2532 4579 2694 4626 natus
2748 4572 2807 4631 in
2865 4573 3103 4651 Aigypto
3132 4586 3218 4632 est
3265 4578 3600 4639 dominatus.

2019 4651 2159 4708 Nam
2212 4654 2471 4719 Christus
2508 4675 2729 4737 quoque
2768 4663 2993 4742 triginta
3036 4668 3315 4737 argenteis
3343 4671 3604 4727 venditus

2019 4759 2213 4822 agrum
2254 4748 2425 4803 totius
2469 4753 2664 4806 mundi
2710 4752 2862 4829 figuli
2904 4755 3123 4834 (nempe
3166 4758 3263 4819 Dei
3304 4762 3599 4834 creatoris)

2020 4836 2256 4899 redemit
2288 4851 2347 4895 et
2395 4841 2654 4905 liberavit
2697 4861 2798 4916 per
2844 4847 3007 4902 ﬁdem
3069 4850 3127 4904 in
3171 4850 3441 4907 Trinitate
3485 4867 3603 4909 sum

2017 4930 2268 5000 conjugis
2301 4932 2464 4998 luna),
2487 4950 2687 5017 nempe
2711 4938 2993 4996 Ecclesiae.
3018 4942 3192 5010 Quam
3223 4944 3355 4999 olim
3380 4962 3605 5017 quoque

2019 5031 2212 5097 aperte
2248 5014 2658 5096 praeﬁgurabat,
2696 5039 2754 5085 et
2784 5030 2926 5087 citra
2970 5034 3137 5093 ullam
3173 5014 3598 5104 dubitationem,

2020 5127 2147 5167 arca
2172 5114 2308 5180 Noe,
2346 5131 2469 5186 quae
2507 5129 2828 5179 constructa
2875 5133 2998 5180 erat
3035 5135 3413 5184 trecentorum
3444 5132 3602 5187 cubi-

2022 5213 2201 5258 torum
2224 5206 2594 5278 longitudine,
2621 5222 2679 5269 et
2703 5214 2925 5286 triginta
2942 5218 3258 5276 cubitorum
3281 5222 3597 5287 altitudine,

2021 5295 2075 5348 in
2115 5304 2302 5368 typum
2340 5301 2570 5357 excelsae
2608 5304 2900 5363 Trinitatis
2951 5326 3117 5380 quam
3147 5311 3404 5391 Christus
3434 5315 3601 5372 nobis

2018 5388 2284 5443 revelavit
2313 5391 2409 5459 qui
2458 5401 2544 5448 est
2585 5411 2735 5453 unus
2768 5414 2837 5454 ex
2866 5388 3183 5465 Trinitate,
3219 5404 3299 5459 sol
3342 5407 3595 5477 justitiaz.

2014 5479 2110 5547 qui
2147 5480 2203 5535 in
2231 5498 2289 5537 sc
2331 5486 2577 5541 ostendit
2602 5497 2713 5546 tres
2757 5493 3145 5551 exultationes.
3185 5495 3431 5553 Primum
3477 5500 3598 5570 qui-

2014 5571 2137 5626 dem
2160 5577 2432 5634 exaltatus
2461 5579 2565 5637 fuit
2591 5583 2647 5639 in
2679 5601 2863 5643 cruce.
2888 5588 3046 5645 Unde
3066 5598 3199 5647 tunc
3223 5594 3305 5650 sol
3334 5600 3598 5665 tanquam

2021 5688 2065 5720 ⁸⁵
2086 5689 2190 5747 Job
2220 5710 2437 5767 xxxvi",
2464 5698 2520 5755 7.
2631 5702 2676 5735 ⁸⁸
2706 5703 2834 5761 Luc.
2863 5723 2922 5775 ιι,
2949 5707 3037 5767 M.
3110 5711 3158 5744 ⁸⁷
3177 5710 3314 5768 ibid.
3389 5714 3434 5749 ⁸⁸
3456 5713 3596 5777 Luc.
