4026 6140
390 339 488 402 9d:
1456 345 1533 403 ΙΝ
1581 344 1782 403 ΙΙΕΧΑ
1798 343 1968 403 EMEl

2071 343 2133 404 Ν.
2169 369 2239 378 -
2273 343 2419 403 “.IB.
2458 344 2556 405 IV.

3546 354 3579 417 9
3589 350 3659 417 03!

390 469 559 508 verus
589 453 797 508 Christi
829 460 990 527 typus
1019 455 1199 517 simul.
1221 471 1346 512 cum
1369 456 1591 513 Christe
1624 459 1764 527 (ejus
1806 457 1972 513 mise-
2006 464 2047 517 A
2077 455 2159 509 dit
2207 455 2264 510 in
2308 456 2813 528 praefigurationem
2857 459 3067 515 Christi
3104 461 3384 524 Ecclesiae.
3422 465 3662 535 quadra-

389 542 539 615 rens)
570 554 656 599 est
691 560 909 615 passus,
949 554 1157 603 etcum
1196 547 1495 605 defecisset
1536 548 1823 620 impolluta
1855 550 1975 619 ejus

388 633 573 688 anima
625 649 694 688 ex
750 621 977 704 proprio
1054 652 1292 709 corpore
1328 679 1343 704 ,
1398 639 1564 694 simul
1616 641 1783 696 etiam
1822 639 1975 695 defe-

388 725 467 779 cit
492 726 573 781 sol
609 741 678 781 ex
704 726 917 783 caelesti
956 743 1058 785 suo
1096 745 1330 801 corpore
1354 729 1727 797 firmamenti;
1760 744 1816 788 et
1847 747 1975 786 eum

388 817 648 875 Christus
678 818 949 875 subiisset
981 821 1211 887 inferos,
1244 823 1410 879 simul
1440 822 1607 877 etiam
1639 838 1766 878 cum
1801 839 1869 879 eo
1893 824 1975 878 sol

389 909 567 963 subiit
602 919 765 966 nocte
793 911 1155 991 adventante.
1197 915 1352 972 Unde
1384 917 1555 970 etiam
1584 914 1806 970 Christo
1840 930 1972 971 exo-

391 996 570 1063 riente
593 1008 650 1054 et
674 1009 935 1072 surgente
961 1018 992 1057 a
1016 1004 1253 1059 mortuis
1272 1018 1433 1058 mane
1453 1020 1562 1060 una
1590 1004 1974 1069 sabbatorum,

391 1104 502 1143 una
537 1105 662 1145 cum
689 1107 757 1147 eo
784 1094 966 1149 oritur
990 1095 1159 1150 etiam
1185 1096 1265 1151 sol
1290 1112 1321 1151 a
1351 1105 1528 1162 terra,
1568 1096 1778 1152 faciens
1810 1094 1979 1168 874

392 1180 563 1236 diem.
610 1182 738 1239 Htec
784 1186 933 1240 enim
969 1188 1211 1243 secunda
1233 1187 1440 1245 Christi
1484 1189 1764 1255 exaltatio,
1811 1204 1975 1259 quam

392 1280 583 1341 aperte
605 1275 1067 1346 prmsignificabat
1089 1279 1170 1334 sol
1202 1279 1307 1335 hoc
1336 1289 1534 1350 quarto
1561 1279 1650 1334 die
1679 1279 1977 1334 creationis

392 1376 424 1413 a
477 1368 620 1415 terra
665 1363 973 1420 ascendens
1014 1366 1073 1421 in
1104 1368 1299 1422 altum.
1346 1366 1740 1423 Animadverte
1784 1368 1972 1432 etiam,

392 1448 542 1518 quod
562 1448 818 1509 Christus
846 1471 1067 1527 quoque
1104 1468 1301 1528 quarta
1323 1458 1532 1514 decade
1565 1458 1693 1530 (hoc
1726 1466 1811 1514 est
1837 1474 1975 1530 qua-

394 1537 705 1610 dragcsimo
725 1544 837 1615 die)
875 1546 1008 1603 fecit
1049 1549 1105 1604 in
1143 1550 1344 1603 ets-lum
1376 1549 1845 1620 assumptionem,
1886 1565 1975 1605 as-

393 1640 641 1695 cendens
676 1635 732 1690 in
770 1653 1069 1709 supernam
1116 1640 1447 1697 Jerusalem.
1494 1640 1665 1712 Cujus
1698 1642 1977 1713 ingressus

394 1743 529 1783 vera
577 1736 633 1782 et
665 1737 817 1783 certa
852 1739 972 1787 erat
1023 1730 1198 1801 figura
1237 1731 1408 1787 etiam
1443 1733 1565 1804 ejus
1598 1733 1654 1788 in
1693 1732 1974 1787 Bethleem

2075 547 2227 618 ginta
2258 564 2432 605 annos
2461 551 2711 620 regnavit
2741 567 2908 622 super
2940 551 3130 608 Israel.
3163 552 3289 609 Hme
3323 565 3510 610 autem
3539 572 3662 613 om-

2076 639 2168 694 nia
2205 639 2368 695 nobis
2383 640 2677 697 conferunt
2695 644 2761 697 ad
2787 659 3082 700 numerum
3103 647 3287 715 quarti
3314 647 3446 712 diei,
3476 649 3532 704 in
3553 665 3664 721 quo

2076 738 2241 785 natus
2261 739 2346 787 est
2366 738 2424 787 et
2451 732 2636 788 illuxit
2655 732 2908 791 Christus
2925 736 3020 805 qui
3043 734 3146 790 fuit
3167 747 3295 793 ante
3317 739 3508 802 solem,
3537 755 3663 796 cum

2075 822 2199 894 ejus
2227 824 2463 895 conjuge
2506 826 2639 881 luna
2665 826 2887 898 (nempe
2934 828 3227 901 Ecclesia),
3268 831 3490 901 quando
3521 833 3664 890 dixit

2075 913 2222 969 Deus
2268 931 2281 968 :
2336 914 2500 969 Fiant
2549 916 2845 973 luminaria
2910 920 2968 973 in
3027 920 3368 989 ﬁrmamento
3410 923 3556 989 caeli,
3594 926 3664 980 ad

2075 1003 2530 1061 illuminationem
2562 1025 2723 1079 super
2745 1017 2972 1065 terram.
3002 1010 3277 1067 Convenit
3311 1024 3495 1070 autem
3533 1032 3659 1072 eum

2076 1097 2172 1168 qui
2205 1097 2486 1154 desiderio
2518 1108 2574 1154 et
2615 1116 2803 1158 amore
2843 1103 3032 1159 divino
3067 1106 3124 1160 in
3161 1106 3316 1162 verbi
3347 1109 3443 1163 Dei
3469 1109 3664 1165 dulce-

2076 1190 2208 1246 dine
2246 1192 2625 1262 perfunditur,
2648 1198 3021 1269 congruen'ter
3039 1197 3091 1252 ei
3125 1199 3219 1268 qui
3268 1199 3405 1255 dicit
3435 1221 3448 1254 :
3488 1201 3664 1267 Quam

2076 1282 2256 1338 dulcia
2279 1288 2487 1355 gutturi
2510 1303 2623 1341 meo
2653 1287 2863 1356 eloquia
2892 1298 3008 1354 tua,
3033 1307 3193 1361 super
3225 1292 3329 1345 mel
3359 1296 3441 1347 ori
3464 1295 3660 1358 meo“,

2076 1390 2342 1445 quaerere.
2366 1377 2737 1447 Quamobrem
2783 1397 2909 1436 cum
2945 1382 3090 1438 Deus
3117 1383 3299 1454 primo
3330 1384 3419 1440 die
3442 1385 3664 1442 fecisset

2076 1468 2281 1534 lucem,
2313 1485 2423 1524 non
2456 1470 2597 1526 dixit
2626 1472 2779 1528 :Fiat
2800 1473 2912 1541 luas,
2945 1484 3003 1527 ut
3035 1474 3209 1530 luceat
3238 1494 3401 1546 super
3419 1489 3659 1533 terram:

2077 1561 2313 1617 maxime
2338 1578 2464 1618 cum
2497 1564 2587 1619 illa
2622 1566 2717 1620 lux
2754 1566 2825 1621 sit
2864 1578 3042 1623 mater
3072 1578 3127 1625 et
3167 1572 3405 1640 genitrix
3434 1573 3661 1626 univcr-

2078 1666 2289 1716 surum,
2314 1669 2437 1723 quae
2475 1671 2543 1711 ex
2570 1656 2685 1727 ipsa
2713 1657 3017 1712 illuxerunt
3053 1660 3300 1731 ejusdem
3328 1663 3582 1717 essentia:
3602 1663 3661 1718 in

2080 1746 2223 1799 caelo
2253 1745 2633 1803 luminarium.
2664 1749 2732 1804 Et
2752 1750 3023 1817 dicamus,
3047 1755 3195 1822 quod
3239 1755 3329 1808 illa
3350 1757 3441 1809 lux
3471 1756 3661 1827 singu-

391 1828 684 1890 postquam
707 1829 873 1875 natus
898 1831 1043 1876 esset
1064 1822 1488 1895 quadragesimo
1510 1823 1599 1879 die
1622 1823 1899 1894 ingressus
1922 1831 1978 1879 el
2010 1805 2050 1860 Β
2079 1832 2210 1889 laris
2250 1844 2306 1889 et
2343 1836 2593 1908 simplex,
2623 1850 2743 1895 erat
2771 1849 2932 1913 typus
2965 1805 3301 1900 monarchia:
3330 1854 3386 1900 et
3419 1805 3661 1902 Judaicas

391 1910 664 1965 adventus
718 1912 778 1966 in
826 1923 1105 1967 terrenam
1140 1913 1472 1969 Jerusalem.
1504 1913 1748 1969 Adverte
1787 1923 1975 1970 autem

391 2002 848 2071 prudentissime,
882 2014 934 2059 te
969 2020 1125 2075 rogo,
1152 2021 1285 2060 num
1328 2005 1432 2062 hoc
1460 2021 1684 2076 quoque
1704 2006 1815 2077 jam
1842 2007 1974 2061 olim

392 2094 574 2166 typice
600 2096 757 2165 prius
805 2096 1103 2167 descripsit
1127 2097 1217 2153 lex
1243 2098 1363 2161 Dei,
1391 2097 1584 2154 dicens
1621 2099 1978 2171 quadragesi-

316 2248 319 2251 _
390 2201 483 2239 mo
502 2185 593 2241 die
613 2186 905 2258 expurgari
932 2188 1221 2244 mulierem
1251 2203 1280 2243 a
1324 2188 1586 2245 sordibus
1610 2190 1976 2246 immunditiae

393 2291 530 2340 suae,
577 2284 634 2331 et
682 2278 949 2348 templum
991 2278 1213 2333 Domini
1272 2278 1508 2350 ingredi,
1560 2280 1823 2351 quoniam
1878 2283 1973 2352 qui

389 2374 591 2436 quarto
621 2382 855 2423 numero
883 2378 1096 2439 quartae
1146 2370 1306 2441 legis,
1347 2379 1410 2426 ut
1455 2372 1715 2442 superius
1761 2373 1973 2428 dictum

388 2467 497 2524 est,
536 2454 716 2529 quarti
748 2459 859 2514 diei
893 2460 1110 2515 numeri
1144 2461 1577 2533 quadragesimi,
1599 2465 1920 2535 expurgavit
1942 2481 1973 2520 a

388 2546 540 2602 ﬂuxu
572 2549 937 2604 immunditiae
972 2551 1299 2622 sanguinum
1327 2552 1655 2609 idolicorum
1674 2555 1972 2611 humanam

388 2647 669 2701 naturam,
704 2656 827 2710 qua:
853 2642 1155 2712 aliquando
1188 2644 1329 2699 male
1372 2645 1659 2702 laborabat
1700 2647 1972 2719 profluvio

392 2732 688 2802 sanguinis
707 2736 750 2766 ⁸⁹
776 2748 896 2788 eam
931 2748 1058 2789 cum
1098 2735 1420 2791 mundasset
1444 2746 1500 2791 et
1530 2738 1875 2809 corruptioni
1914 2747 1973 2794 et

393 2820 651 2875 interitui
678 2837 790 2876 non
809 2823 1049 2892 amplius
1068 2822 1365 2879 obnoxiam
1390 2823 1749 2891 reddidisset,
1766 2824 1820 2879 in
1839 2825 1973 2898 bapé

392 2914 562 2969 tismo
590 2916 748 2985 prius
785 2915 1052 2979 ablutam,
1080 2932 1300 2971 rursum
1344 2916 1401 2971 in
1430 2916 1630 2972 Sancta
1652 2926 1969 2972 sanctorum

393 3013 656 3073 tanquam
679 3019 910 3076 magnus
929 3004 1177 3075 pontifex
1200 3006 1483 3076 ingressus
1511 3005 1786 3072 Christus,
1818 3007 1966 3063 Patri

392 3111 494 3165 pro
518 3105 706 3150 nostra
744 3096 922 3151 salute
953 3097 1175 3152 obtulit.
1216 3097 1373 3153 Unde
1400 3098 1566 3153 etiam
1612 3097 1701 3153 die
1731 3098 1969 3169 quadra-

391 3189 604 3259 gesimo
640 3204 767 3243 cum
798 3189 1124 3260 jejunasset,
1157 3197 1283 3259 post
1319 3189 1404 3245 sui
1438 3189 1694 3260 baptismi
1717 3205 1830 3267 pro
1868 3198 1971 3247 no-

388 3279 478 3334 bis
514 3280 1014 3350 regenerationem,
1063 3287 1311 3335 tentatus
1350 3280 1645 3350 aliquando
1666 3281 1722 3336 in
1753 3282 1968 3337 deserta

389 3372 637 3443 gentium
686 3370 927 3426 Ecclesia
979 3369 1262 3425 diabolum
1320 3370 1567 3426 abolevit
1626 3381 1682 3427 et
1728 3373 1966 3429 otiosum

391 3460 719 3515 reddidit”.
749 3460 813 3515 Si
836 3463 968 3531 ergo
1008 3459 1064 3514 in
1102 3460 1457 3530 generatione
1478 3477 1546 3516 ex
1580 3461 1801 3533 Virgine
1830 3470 1886 3519 et
1911 3465 1968 3541 in

390 3551 648 3622 baptismi
681 3552 1116 3623 regeneratione,
1151 3560 1206 3608 et
1224 3568 1415 3608 rursus
1448 3554 1504 3607 in
1533 3554 1969 3626 ejusincorrup-

392 3642 562 3696 tionis
586 3642 919 3697 formatione
957 3659 988 3698 a
1037 3642 1294 3709 mortuis,
1318 3642 1574 3698 Christus
1598 3646 1840 3699 servavit
1862 3662 1968 3700 nu-

388 3748 602 3787 merum
649 3733 868 3788 dierum
903 3734 1303 3806 quadraginta,
1359 3744 1549 3790 exacte
1598 3736 1874 3791 discamus
1911 3747 1968 3794 et

386 3840 714 3895 persuasum
754 3825 1054 3881 habeamus
1072 3866 1088 3893 ,
1112 3826 1261 3896 quod
1295 3827 1474 3882 omnis
1497 3828 1967 3897 quadragenarius

386 3933 658 3973 numerus
684 3918 741 3972 in
778 3917 1066 3988 Scriptura
1100 3918 1724 3991 praefigurabatChristi
1761 3931 1964 3992 myste-

387 4010 569 4075 rium,
618 4025 818 4082 nempe
868 4011 923 4067 in
954 4027 1118 4069 carne
1152 4012 1273 4083 ejus
1323 4011 1791 4082 dispensationem
1844 4030 1966 4084 quae

386 4112 512 4170 post
564 4104 835 4158 rationem
884 4104 1224 4168 ternariam,
1274 4113 1534 4174 tanquam
1587 4104 1709 4160 dies
1767 4106 1966 4175 aliquis

385 4204 598 4263 quarta:
633 4195 1051 4250 illuminationis
1084 4195 1290 4250 mundo
1315 4196 1594 4265 apparuit.
1631 4197 1818 4267 Itaque
1841 4215 1967 4268 pro-

385 4294 573 4355 pterea
610 4286 687 4340 ira
708 4287 804 4340 Dei
839 4287 930 4342 die
965 4287 1384 4357 quadragesimo
1417 4290 1758 4358 compescuit
1787 4290 1965 4344 minas

384 4391 454 4430 ex
482 4377 596 4431 alto
619 4394 761 4447 aqua
806 4377 1083 4433 obruendi
1132 4378 1186 4432 in
1221 4378 1435 4433 diluvio
1458 4418 1471 4443 ,
1505 4380 1712 4433 mundo
1743 4394 1963 4434 annun-

387 4468 533 4524 tians
568 4469 897 4525 beneficium
936 4485 1050 4524 suae
1075 4470 1128 4524 in
1158 4469 1415 4524 homines
1443 4470 1815 4541 benignitatis.
1877 4471 1962 4526 Si-
1996 4475 2039 4529 D
2067 4500 2284 4555 νεηιυε,
2316 4494 2518 4551 "mnos

374 4556 591 4616 'militer
636 4560 815 4615 Moses
854 4575 1075 4630 quoque
1098 4559 1379 4615 Christum
1420 4563 1571 4631 prius
1617 4561 1960 4627 describens,

383 4669 510 4707 cum
549 4660 797 4723 tempore
833 4652 1253 4723 quadragesimo
1283 4654 1612 4708 sceleratum
1646 4655 1800 4709 illum
1819 4657 1966 4710 occi-

383 4745 558 4799 disset
603 4746 658 4798 in
716 4753 905 4816 typum
946 4744 1149 4798 diaboli
1198 4745 1295 4815 qui
1334 4745 1539 4800 bellum
1570 4746 1797 4816 gerebat
1836 4762 1962 4802 cum

382 4837 610 4891 homine
672 4836 963 4900 lsraelita,
1002 4850 1133 4890 eum
1187 4835 1383 4891 infudit
1434 4836 1490 4890 in
1527 4852 1696 4892 arena
1756 4837 1959 4909 abyssi.

381 4928 594 4983 Deinde
631 4927 747 4997 ipse
791 4927 861 4981 ad
889 4926 1254 4996 quadraginta
1276 4943 1449 4982 annos
1469 4928 1710 4997 primum
1738 4944 1958 5001 gregem

381 5017 615 5072 rationis
646 5025 959 5086 expertem,
993 5015 1207 5077 Jethro,
1246 5015 1396 5085 pavit
1427 5016 1482 5071 in
1517 5027 1702 5088 typum
1743 5019 1959 5076 lsraelis

380 5109 601 5164 ratione
640 5107 903 5171 carentis,
949 5116 1008 5161 et
1051 5107 1233 5177 spatio
1262 5106 1625 5178 quadraginta
1659 5124 1953 5176 annorum,

380 5200 643 5271 pepulum
678 5199 775 5254 Dei
814 5198 910 5268 qui
943 5198 1148 5254 dicitur
1190 5198 1410 5270 (nempe
1447 5200 1568 5269 nos)
1607 5202 1956 5258 conservavit

380 5294 440 5345 in
474 5292 695 5347 deserta
743 5290 1013 5347 Ecclesia.
1047 5291 1419 5363 Quadraginta
1469 5292 1590 5347 dies
1652 5292 1708 5347 in
1768 5303 1954 5351 monte

2080 1923 2230 1993 fidei,
2259 1928 2490 2000 ejusque
2527 1946 2649 2001 qua:
2671 1932 2778 1987 fuit
2812 1942 2940 1989 ante
2974 1935 3150 2005 legem
3182 1943 3239 1991 et
3264 1938 3382 2008 ejus
3402 1948 3661 2008 quaepost

2077 2019 2291 2090 legem;
2325 2037 2448 2093 quae
2469 2024 2692 2095 quidem
2734 2042 2845 2081 non
2873 2028 3055 2096 potuit
3098 2029 3411 2084 illuminare
3435 2031 3659 2084 univer-

2077 2126 2191 2166 sam
2233 2121 2487 2178 terram,
2539 2126 2835 2187 propterea
2901 2120 3050 2189 quod
3108 2136 3173 2175 ea
3225 2121 3408 2177 adhuc
3464 2131 3661 2192 operta

2075 2213 2243 2272 esset,
2273 2208 2500 2276 quando
2531 2209 2679 2265 Deus
2712 2211 2862 2266 illam
2897 2213 3146 2269 ostendit
3185 2214 3388 2282 lucem,
3421 2231 3562 2286 aqua
3604 2226 3661 2272 et

2079 2296 2323 2351 tenebris
2355 2300 2567 2355 erroris
2599 2299 2744 2372 (quae
2767 2312 2897 2359 sunt
2925 2314 3189 2361 terrestre
3214 2307 3535 2376 operculum
3568 2323 3662 2361 su-

2076 2400 2174 2456 per
2196 2400 2294 2441 cor
2318 2380 2656 2461 hominum),
2679 2391 2860 2448 donec
2888 2392 3036 2449 Deus
3071 2392 3203 2448 fecit
3231 2394 3343 2449 duo
3366 2396 3660 2452 luminaria

2075 2492 2197 2548 qua:
2230 2489 2358 2535 sunt
2392 2497 2610 2553 magna,
2650 2485 2893 2541 lucentia
2935 2502 3105 2556 super
3141 2496 3363 2544 terram.
3400 2490 3534 2546 Dico
3555 2507 3659 2546 au-

2076 2576 2186 2624 tem
2220 2569 2519 2627 adventum
2561 2574 2797 2631 increati
2833 2577 2999 2633 Verbi
3040 2578 3159 2645 Dei,
3191 2589 3246 2637 et
3278 2582 3487 2647 lunam,
3513 2601 3662 2640 nem-

2073 2674 2141 2731 pe
2179 2661 2484 2718 Ecclesiam
2504 2665 2556 2719 ei
2576 2665 3021 2737 desponsam.Et
3060 2671 3333 2729 luminare
3374 2691 3656 2747 magnum,

2072 2767 2271 2824 nempe
2309 2754 2589 2813 Christum
2618 2761 2790 2815 solem
2813 2762 2867 2817 in
2889 2764 3235 2835 principatus
3257 2766 3367 2823 diei
3405 2769 3533 2839 (hoc
3549 2783 3655 2835 est,

2072 2843 2167 2912 qui
2193 2851 2280 2900 est
2310 2855 2537 2903 exortus
2570 2849 2628 2904 in
2671 2851 2944 2923 principio
2983 2855 3440 2929 praedicationis.)
3464 2861 3529 2915 Et
3568 2861 3658 2916 lu-

2071 2948 2198 2989 nam
2241 2935 2296 2990 in
2339 2936 2684 3010 principatus
2722 2944 2904 2999 noctis
2935 2962 2951 3003 ;
2983 2946 3089 3001 hoc
3133 2957 3249 3012 est,
3291 2951 3512 3019 quando
3558 2969 3656 3007 na-

2073 3028 2345 3082 scentium
2361 3030 2655 3087 infantium
2669 3045 2965 3109 acceptura
2984 3049 3105 3096 erat
3122 3045 3658 3117 principatmu,qu:e

2071 3125 2191 3171 erat
2231 3118 2287 3173 in
2318 3120 2452 3189 ipsis
2476 3122 2854 3195 incredulitas,
2890 3131 3149 3200 protinus
3186 3137 3319 3192 oriri
3346 3138 3475 3194 facit
3500 3155 3657 3197 suam

2073 3207 2557 3279 illuminationem,
2602 3232 2723 3286 quae
2771 3221 2916 3289 apud
2963 3239 3065 3278 nos
3094 3225 3224 3280 luna
3253 3237 3337 3283 est
3384 3230 3653 3287 Ecclesia.
3722 3298 3729 3303 _

2069 3299 2308 3355 Attende
2328 3309 2512 3358 autem
2543 3308 3009 3375 quemadmodum
3035 3330 3147 3370 non
3180 3315 3404 3379 dixerit,
3432 3321 3486 3373 in
3507 3322 3657 3389 prin-

2068 3391 2324 3460 cipatum,
2372 3395 2468 3450 sed
2517 3401 2572 3451 in
2628 3403 2977 3473 principatus.
3026 3406 3227 3464 Multos
3282 3412 3430 3465 enim
3488 3413 3656 3469 habet

2076 3479 2422 3552 principatus
2485 3489 2567 3543 sol
2620 3492 2870 3561 justitize,
2936 3498 3140 3553 multas
3181 3508 3505 3568 potestates.
3556 3504 3655 3559 Est

2068 3569 2217 3625 enim
2257 3572 2510 3648 Princeps
2554 3583 2792 3651 pacis",
2822 3595 2907 3640 est
2946 3588 3208 3659 princeps
3259 3601 3358 3647 aut
3386 3593 3654 3649 Dominus

2069 3658 2434 3729 Potestatum,
2473 3680 2557 3724 est
2590 3670 2701 3725 Rea:
2727 3658 3047 3746 regum,rcst
3091 3682 3348 3752 princeps
3381 3692 3436 3738 et
3470 3684 3652 3742 Domi-

2070 3764 2169 3802 uus
2197 3750 2672 3824 dominantium",
2704 3777 2791 3817 est
2841 3781 2936 3821 rex
2975 3768 3183 3835 glorize.
3229 3750 3406 3827 Unum
3455 3774 3651 3831 habuit

2067 3839 2462 3913 principatum,
2502 3849 2688 3906 lumen
2744 3855 2891 3923 quod
2920 3856 3190 3918 illuminat
3218 3863 3481 3918 hominem
3526 3876 3651 3923 ante

2067 3939 2355 3992 adventum
2399 3956 2557 4011 super
2591 3945 3045 4013 terram”;.ante
3094 3952 3323 4018 sarcula,
3383 3956 3490 4013 hoc
3539 3967 3646 4025 est,

2067 4044 2191 4083 cum
2237 4045 2304 4085 eo
2345 4040 2431 4088 est
2469 4031 2589 4087 sine
2630 4036 2927 4108 principio.
2976 4040 3053 4096 Ita
3103 4045 3249 4098 enim
3286 4036 3649 4119 intelligimus

2067 4119 2205 4175 illud
2232 4139 2244 4175 :
2270 4121 2335 4176 In
2362 4124 2621 4195 principio
2650 4138 2766 4182 erat
2798 4129 3037 4198 Verbum,
3073 4136 3126 4189 in
3148 4135 3329 4192 Patre.
3353 4139 3472 4194 Non
3497 4142 3646 4198 enim

2065 4213 2122 4266 in
2155 4214 2432 4285 principio
2463 4220 2671 4286 saeculi,
2705 4222 2799 4277 sed
2848 4226 2903 4278 in
2932 4228 3190 4299 principio
3237 4232 3486 4300 genitore
3529 4243 3648 4290 erat

2066 4304 2310 4373 Verbum,
2341 4317 2389 4362 et
2419 4309 2639 4365 Verbum
2665 4323 2779 4368 erat
2803 4318 2946 4385 apud
2981 4317 3149 4374 Deum
3176 4321 3242 4376 ⁵⁵.
3280 4322 3509 4390 Quando
3549 4342 3646 4380 au-

2067 4406 2174 4452 tem
2200 4390 2457 4468 apparuit
2488 4409 2545 4455 et
2581 4413 2809 4461 exortus
2824 4409 3268 4483 estprinripatus
3297 4415 3406 4474 diei
3433 4416 3517 4471 sui
3547 4417 3645 4471 ad-

2543 4496 2735 4551 habuit
2766 4501 3131 4571 principatus.
3170 4492 3303 4561 Nam
3344 4518 3642 4581 postquam

2063 4580 2354 4651 imperavit
2383 4585 2725 4656 caelestibus,
2754 4589 3232 4665 impcravitetiam
3261 4580 3640 4670 terrestribus,

2061 4672 2342 4743 accipiens
2373 4674 2592 4735 infirma
2628 4678 2683 4733 in
2718 4695 2874 4736 suam
2897 4683 3299 4755 haereditatem,
3334 4702 3391 4746 et
3423 4709 3643 4762 posses»

2061 4761 2273 4817 sionem
2307 4779 2461 4819 suam
2520 4767 2660 4824 fines
2689 4776 2877 4840 terrae,
2924 4780 2981 4829 et
3011 4773 3306 4833 dominans
3328 4795 3359 4834 a
3406 4761 3541 4838 mari
3571 4785 3642 4840 ad

2063 4866 2234 4917 mare,
2260 4852 2367 4910 fuit
2388 4855 2499 4913 dux
2530 4858 2726 4914 salutis
2747 4869 2972 4928 nostra},
2995 4873 3051 4919 et
3074 4865 3181 4925 fuit
3203 4869 3538 4940 principium
3551 4874 3644 4930 ba-

2071 4946 2371 5015 ptismatis,
2398 4950 2804 5021 etprincipium
2834 4954 3269 5027 incorruptionis
3293 4977 3362 5016 ex
3387 4964 3639 5026 mortuis,
3666 5030 3681 5037 ,

2063 5043 2119 5089 et
2153 5037 2489 5108 principium
2520 5049 2581 5095 ut
2611 5041 2756 5096 Deus
2782 5042 2997 5102 habitet
3021 5046 3074 5100 in
3098 5048 3359 5107 homine:
3388 5051 3468 5107 sic
3492 5053 3638 5107 enim

2063 5127 2449 5185 intelleximus
2462 5131 2743 5188 Christum
2759 5137 3168 5208 primogenitum
3186 5141 3238 5195 in
3256 5142 3436 5196 multis
3452 5145 3610 5215 fratri
3625 5176 3638 5186 -

2061 5220 2154 5275 bus
2176 5222 2222 5253 “
2246 5223 2547 5290 nostris,in
2564 5226 2769 5301 quibus
2784 5228 2930 5283 Deus
2958 5245 3056 5298 per
3087 5232 3266 5302 ipsum
3285 5232 3635 5288 inhabitavit.

2124 5313 2304 5370 liabet
2336 5316 2506 5371 alium
2528 5335 2750 5392 quoque
2776 5321 3147 5392 principatum
3177 5340 3271 5379 seu
3303 5325 3638 5396 principium

380 5382 533 5438 Sinai
586 5385 641 5438 in
670 5382 878 5439 Christi
914 5391 1101 5454 typum
1127 5383 1420 5453 jejunavit.
1455 5382 1827 5454 Quadraginta
1856 5402 1957 5440 an-

2071 5405 2142 5461 tic
2173 5405 2416 5462 cmlestis
2436 5408 2516 5463 sol
2539 5382 3140 5480 ChriStusflpseenim
3169 5382 3381 5486 prim-us
3410 5382 3634 5483 incepit,

380 5488 485 5529 nos
507 5473 727 5528 Samuel
761 5473 906 5527 filius
932 5472 1183 5527 mulieris
1205 5487 1329 5541 quae
1352 5471 1648 5541 aliquando
1671 5473 1776 5527 fuit
1798 5475 1960 5531 steri-

381 5564 471 5625 iis,
507 5563 878 5633 prophetavit.
904 5562 1182 5627 Salomon,
1216 5560 1312 5629 qui
1338 5560 1433 5617 Dei
1463 5562 1728 5630 templum
1765 5565 1957 5619 condi-

2053 5506 2110 5552 et
2144 5498 2289 5552 viam
2310 5500 2472 5555 nobis
2502 5501 2571 5556 ad
2602 5503 2819 5558 Patrem
2857 5505 3057 5558 muniit
3084 5520 3149 5559 ac
3170 5504 3385 5575 paravit
3420 5505 3637 5561 sublato

2055 5604 2276 5646 sursum
2325 5592 2573 5647 homine.
2618 5593 2724 5648 Per
2755 5594 2856 5649 hos
2880 5610 3012 5665 ergo
3049 5604 3105 5651 et
3125 5595 3399 5665 ejusmodi
3433 5596 3639 5668 princi-

453 5706 493 5786 ξ)
530 5699 881 5786 Ιιενῑι.“ςιι.ἓ
913 5720 1067 5786 seqq.
1094 5775 1107 5786 .
1144 5705 1190 5735 ⁵ο
1215 5702 1409 5786 illatua.
1439 5703 1566 5766 tv,2
1588 5719 1742 5786 seqq.
1819 5708 1859 5739 ³¹
1888 5708 2029 5763 Psal.
2060 5725 2238 5779 omn,
2272 5713 2393 5767 103.
2473 5715 2517 5745 ⁸³
2542 5713 2646 5769 isa.
2673 5729 2748 5772 Ix.
2774 5714 2830 5770 6.
2907 5714 2952 5746 ⁵³
2985 5716 3154 5786 Apoc.
3187 5730 3296 5781 xix,
3333 5715 3421 5772 16.

375 5775 423 5808 ⁵³
450 5775 607 5833 Joan.
638 5792 672 5839 ι,
710 5779 763 5830 9.
838 5778 882 5807 ⁵⁸
911 5773 1044 5830 ibid.
1090 5775 1138 5829 ι.
1214 5774 1259 5805 ⁵⁸
1289 5773 1448 5828 Rom.
1479 5790 1590 5837 vm,
1618 5777 1708 5829 “itit.
