4026 6140
360 318 468 382 903

1574 300 1633 357 S.
1678 294 2075 355 ANAS‘MSII
2112 294 2180 350 Si
2197 293 2285 349 ΧΑ
2301 291 2437 348 i'l‘.E

3517 283 3624 346 901

361 437 526 493 vatus
546 436 644 477 seu
669 411 1226 490 principia,inlellige
1248 420 1505 478 magnum
1527 419 1647 459 esse
1671 402 1943 455 luminare
1980 432 2016 482 Α
2052 407 2159 452 tem
2192 398 2319 450 luna
2348 412 2376 449 a
2429 396 2538 449 Deo
2570 390 2849 463 acceperit
2891 406 3044 461 aquae
3075 397 3397 460 potestatem
3428 398 3481 444 et
3522 407 3623 462 gu-

364 491 420 572 in
451 512 797 585 principatus
828 520 925 559 seu
971 500 1245 572 principia
1285 494 1395 550 dici
1426 493 1519 563 qui
1554 491 1942 545 illuminatura

364 580 480 663 sole
541 603 635 673 qui
676 599 825 655 cadit
855 596 959 650 sub
1005 589 1456 659 intelligentiam,
1502 601 1602 655 per
1652 580 1943 637 duodecim

364 699 557 759 horas,
581 705 777 760 nempe
803 684 1106 754 discipulos
1124 689 1179 735 et
1211 678 1521 749 apostolos;
1550 673 1823 729 luminare
1854 689 1949 725 au-

365 799 476 845 tem
505 787 689 840 minus
716 781 772 834 in
807 775 1151 849 principatus
1174 787 1271 825 seu
1295 768 1565 840 principia
1592 766 1791 819 noctis.
1816 763 1945 816 Mihi

366 882 608 942 videtur,
640 873 788 945 quod
816 879 873 925 et
905 867 1096 923 verbis
1141 873 1196 919 et
1231 862 1398 917 rebus
1431 870 1487 913 et
1520 858 1706 928 ﬁguris
1756 865 1946 925 aptum

367 984 426 1031 et
454 966 930 1028 accommodatum
966 968 1051 1014 est
1093 956 1407 1025 exemplum
1445 952 1577 1006 solis
1615 949 1851 1003 et'lunaa
1881 949 1946 999 ad

367 1064 648 1124 Christum
673 1070 727 1116 et
752 1054 1078 1113 Ecclesiam.
1106 1051 1242 1105 Nam
1268 1063 1392 1101 cum
1418 1045 1638 1099 fecisset
1670 1042 1814 1095 Deus
1835 1039 1951 1092 hzec

370 1164 481 1218 duo
507 1154 827 1217 luminaria,
861 1162 1119 1218 magnum
1155 1143 1374 1213 (nempe
1396 1136 1591 1205 solem)
1626 1133 1808 1188 statim
1837 1130 1952 1183 ﬁxit

371 1254 440 1308 ad
491 1258 673 1304 ortum
708 1238 1059 1302 ﬁrmamenti,
1095 1237 1280 1289 lunam
1336 1237 1522 1285 autem
1554 1225 1622 1280 ad
1670 1236 1947 1284 occasum,

371 1361 475 1401 nos
506 1343 739 1397 docente
775 1337 878 1389 hoc
897 1330 1171 1399 exemplo,
1196 1324 1344 1395 quod
1371 1323 1426 1376 in
1460 1317 1733 1390 principio
1751 1314 1953 1369 adven-

377 1446 463 1491 tus
494 1433 724 1493 Christi,
758 1431 879 1498 ipso
902 1424 1123 1479 Christo
1154 1416 1481 1489 splendente
1510 1413 1563 1465 in
1597 1424 1764 1464 carne
1788 1420 1954 1474 super

378 1539 605 1584 terram.
642 1495 846 1576 Christi
894 1531 1005 1569 non
1059 1506 1385 1581 Splendebat
1423 1499 1668 1556 Ecclesia
1703 1515 1716 1550 :
1757 1495 1953 1549 Adhuc

376 1620 525 1674 enim
553 1615 737 1670 stabat
786 1611 839 1663 in
881 1618 1083 1661 occasu
1134 1597 1366 1670 peccati.
1404 1596 1539 1649 Cum
1572 1600 1754 1646 autem
1788 1585 1953 1641 Chri-

374 1721 494 1768 stus
528 1706 808 1765 occidens,
848 1701 904 1754 in
931 1696 1083 1752 crelis
1109 1689 1433 1746 accessisset.
1456 1684 1522 1738 ad
1549 1684 1788 1743 Patrem,
1822 1686 1955 1733 tunc

2050 489 2456 549 bernationrm,
2492 487 2831 556 spiritusque
2860 485 2913 537 in
2945 483 3206 537 universa
3238 497 3378 551 aqua
3399 490 3453 535 et
3487 484 3625 537 mari

2049 591 2105 634 et
2138 580 2327 634 multis
2349 578 2694 648 corporibus,
2722 585 2777 631 et
2806 576 2907 646 ipsi
2939 575 3161 644 quidem
3196 574 3361 643 hujus
3383 575 3462 627 rei
3502 574 3624 645 plu-

2054 675 2250 727 rimam
2282 672 2552 725 habemus
2592 669 3018 739 experientiam,
3051 676 3105 721 et
3136 676 3407 721 testantur
3435 683 3629 723 omnes

2055 766 2148 834 qui
2176 766 2231 818 in
2265 779 2413 818 mare
2442 761 2857 817 descenduntin
2883 760 3136 822 navibus,
3169 759 3315 828 quod
3344 769 3628 814 crescente

2053 857 2215 927 $75
2248 871 2480 926 corpore
2507 856 2650 909 lunae
2685 854 2849 907 simul
2874 853 3035 906 etiam
3069 861 3325 906 crescunt
3350 862 3406 905 et
3438 853 3628 905 inulti-

2053 952 2330 1020 plicantur
2360 964 2534 1017 aquae.
2576 963 2639 1001 ea
2680 956 2863 1001 autem
2891 947 3245 1000 decrescente
3283 959 3475 999 rursus
3503 960 3628 998 cum

2051 1058 2113 1095 ea
2151 1040 2413 1095 desinunt
2450 1049 2505 1094 et
2536 1039 2885 1093 decrescunt.

2124 1134 2330 1188 Dicunt
2361 1144 2545 1186 autem
2591 1131 2724 1184 ibim
2756 1145 3002 1200 quoque,
3035 1145 3160 1200 qua:
3190 1137 3273 1182 (ια’
3313 1127 3518 1182 animal
3550 1126 3628 1180 si-

2054 1225 2186 1278 mile
2228 1226 2372 1279 lunae
2401 1225 2660 1278 atthereze
2711 1222 2794 1293 (ut
2833 1206 2957 1292 «ιυεέ
3002 1221 3057 1275 in
3100 1231 3366 1275 extremis
3405 1221 3627 1289 quidem

2052 1317 2319 1379 albescat,
2357 1317 2409 1369 in
2438 1316 2622 1370 medio
2651 1323 2834 1369 autem
2865 1314 2938 1369 sit
2959 1323 3077 1367 atra
3101 1323 3158 1368 et
3182 1314 3532 1383 caliginosa),
3561 1329 3630 1366 ne

2056 1410 2228 1479 ipsam
2266 1409 2492 1479 quidem
2545 1408 2734 1463 videre
2782 1408 3002 1478 quando
3036 1410 3238 1462 cretum
3296 1407 3464 1461 fuerit
3510 1408 3631 1463 sine

2056 1499 2186 1554 luna
2220 1518 2232 1552 :
2267 1516 2388 1555 eam
2420 1509 2604 1554 autem
2634 1515 2701 1554 eo
2736 1508 2982 1569 tempore
3016 1498 3223 1553 clausis
3269 1513 3391 1552 esse
3429 1497 3629 1560 oculis,

2055 1600 2112 1647 et
2156 1607 2381 1647 manere
2434 1592 2548 1646 cibi
2592 1600 2903 1662 expertem.
2952 1590 3121 1645 Simia
3169 1599 3354 1644 autem
3402 1589 3635 1644 manife-

2056 1682 2257 1736 stiores
2288 1682 2456 1736 habet
2484 1683 2862 1751 operationes.
2893 1683 3028 1735 Nam
3070 1681 3293 1751 quando
3313 1681 3515 1735 crescit
3541 1680 3633 1734 fu--

375 1814 497 1860 orta
520 1812 603 1856 est
626 1800 779 1856 luna,
808 1802 937 1846 tunc
958 1801 1113 1841 suam
1132 1778 1377 1837 ostendit
1400 1772 1802 1845 operationem.
1824 1775 1955 1819 tunc
1987 1780 2027 1833 Β
2056 1787 2148 1836 na,
2173 1773 2221 1826 ei
2247 1772 2514 1827 dilatatur
2536 1773 2690 1827 orbis
2714 1774 3040 1839 oculorum;
3061 1773 3288 1844 quando
3311 1782 3496 1829 autem
3531 1774 3634 1829 de-

376 1896 655 1953 dominata
690 1895 775 1943 est
807 1880 1053 1939 tenebris
1084 1875 1288 1935 noctis,
1324 1880 1455 1923 tunc
1497 1860 1832 1919 illuminavit
1858 1873 1955 1911 eos

376 1987 649 2058 quierant
671 1979 726 2032 in
750 1973 1016 2031 tenebris,
1037 1974 1169 2021 tunc
1189 1961 1610 2058 principatuset
1634 1958 1953 2058 potestates,

377 2041 435 2135 et
462 2074 741 2147 principes
773 2065 1126 2122 tenebrarum
1164 2057 1331 2126 hujus
1377 2048 1560 2106 saeculi
1588 2041 1954 2147 conculcavit,

378 2122 662 2239 imperans
688 2170 745 2217 et
776 2157 1083 2216 dominans,
1108 2156 1163 2205 et
1187 2145 1488 2218 sulnjiciens
1513 2151 1732 2239 omnem
1755 2134 1957 2239 obscu-

380 2224 495 2317 ram
523 2274 586 2313 ac
629 2252 973 2309 teneb‘rosam
1003 2241 1288 2299 diabolicae
1323 2231 1665 2306 operationis
1706 2224 1956 2282 fraudem

376 2315 433 2410 et
463 2356 824 2422 potestatem;
850 2348 921 2421 et
965 2337 1090 2391 ideo
1124 2333 1330 2387 dicitur
1357 2329 1498 2382 facta
1523 2338 1644 2378 esse
1678 2337 1707 2375 a
1748 2319 1862 2373 Deo
1900 2315 1957 2368 in

377 2419 722 2514 principatus
748 2449 843 2489 seu
889 2425 1164 2499 principia
1194 2421 1391 2482 noctis,
1423 2428 1481 2485 ut
1506 2432 1626 2486 qua:
1653 2419 1960 2514 post-occa-

379 2506 500 2591 sum
553 2506 722 2593 solis,
788 2539 987 2593 nempe
1039 2516 1287 2579 Christi,
1329 2514 1396 2568 ab
1446 2511 1568 2580 ipso
1611 2506 1958 2562 illuminetur

379 2620 876 2694 iraspectabiliter,
903 2610 1180 2684 quomodo
1210 2608 1375 2662 etiam
1407 2605 1535 2658 luna
1569 2617 1599 2656 a
1639 2600 1776 2655 sole.
1801 2597 1958 2653 Unde

379 2691 638 2788 tanquam
672 2714 800 2767 luna
830 2707 1079 2780 quaedam
1107 2720 1206 2774 per
1229 2700 1571 2756 aversioncm
1597 2704 1652 2750 et
1690 2691 1956 2763 privatio-

378 2784 509 2865 nem
538 2823 634 2863 seu
675 2804 814 2859 lucis
840 2801 1142 2861 defectum,
1188 2796 1460 2850 obscuros
1490 2790 1761 2845 haeresum
1801 2784 1956 2840 defe-

381 2912 505 2957 ctus
534 2912 581 2954 et
617 2896 939 2952 aﬁlictioncs
968 2878 1318 2969 inimicm-um
1347 2883 1498 2939 subit
1530 2879 1797 2942 Ecclesia,
1833 2875 1957 2931 ani-

382 2993 456 3048 mi
491 2989 796 3059 deliquium
831 2987 948 3041 fere
984 2981 1202 3054 patiens
1253 2988 1310 3034 et
1355 2970 1615 3045 tanquam
1667 2970 1953 3032 deﬁciens,

382 3089 494 3141 cito
520 3093 703 3137 autem
736 3083 937 3135 iterum
991 3074 1268 3144 refulgen‘s
1310 3078 1406 3125 aut
1443 3069 1625 3122 lucem
1672 3060 1954 3132 propriam

385 3176 677 3246 recipiens.
713 3169 839 3225 [huc
862 3184 964 3222 nos
996 3173 1184 3236 aperte
1209 3162 1369 3216 docet
1395 3157 1650 3212 llabacuc
1689 3151 1955 3246 propheta

383 3243 575 3327 dice—ns
607 3266 674 3321 de
701 3263 817 3319 sole
841 3270 898 3316 et
929 3246 1060 3314 luna
1086 3274 1098 3311 :
1129 3255 1193 3311 In
1217 3253 1387 3309 altum
1425 3249 1594 3303 elatus
1628 3255 1702 3300 est
1722 3243 1823 3307 sol,
1855 3243 1962 3295 hoc

384 3369 469 3415 est
492 3357 746 3413 Christus
776 3348 1031 3406 ascendit
1062 3346 1117 3400 in
1158 3343 1358 3408 corios;
1391 3349 1446 3395 et
1479 3346 1612 3392 tunc
1647 3335 1776 3389 luna
1814 3333 1960 3386 stetit

384 3453 441 3507 in
466 3451 652 3504 ordine
693 3444 877 3508 suo",
912 3454 1110 3508 nempe
1140 3433 1386 3491 Ecclesia
1415 3433 1472 3486 in
1496 3428 1679 3484 valido
1719 3441 1818 3481 suo
1848 3432 1962 3479 sta-

389 3551 470 3606 tu,
498 3542 551 3595 in
592 3532 1013 3610 pulchritudine
1040 3545 1162 3593 sua,
1189 3528 1246 3581 in
1284 3525 1487 3580 decore
1511 3536 1633 3586 suo,
1671 3519 1727 3575 in
1759 3517 1966 3573 illumi-

385 3634 611 3689 natione
658 3646 779 3693 sua,
835 3628 889 3681 in
932 3639 1103 3680 cursu
1145 3636 1268 3678 suo.
1303 3619 1474 3673 Recte
1501 3624 1686 3671 autem
1717 3611 1876 3674 dixit,
1908 3612 1964 3663 in

389 3728 575 3781 ordine
616 3739 744 3788 suo;
778 3720 935 3791 prius
963 3717 1112 3772 enim
1145 3721 1269 3770 erat
1298 3711 1613 3766 inordinata
1652 3714 1709 3761 et
1754 3704 1964 3757 incom-

388 3816 590 3886 posita,
621 3822 683 3867 ut
709 3826 832 3880 qua:
853 3815 1002 3863 esset
1034 3805 1220 3860 dedita
1249 3799 1592 3857 idololatria}.
1637 3797 1734 3851 Est
1780 3802 1963 3848 autem

389 3884 555 3960 etiam
600 3901 850 3972 quaedam
882 3898 988 3952 alia
1040 3894 1385 3950 admirabilis
1431 3890 1612 3946 oratio
1643 3888 1711 3942 de
1751 3884 1867 3940 sole
1910 3891 1966 3936 et

388 3999 542 4060 luna,
571 3992 871 4050 ostendens
891 3988 1214 4060 mysterium
1241 3985 1444 4041 Christi
1474 3992 1531 4037 et
1560 3978 1838 4037 Ecclesiae.
1872 3974 1967 4029 Di-

391 4098 525 4146 cunt
549 4087 696 4143 enim
719 4084 815 4156 qui
844 4098 935 4138 res
958 4081 1090 4136 solis
1105 4088 1161 4136 et
1183 4078 1329 4134 lunae
1355 4078 1650 4148 diligenter
1671 4070 1969 4139 investiga-

390 4178 704 4250 runt,quod
728 4177 799 4232 ab
821 4175 909 4229 his
934 4170 1534 4228 duobusluminaribus
1548 4165 1969 4223 administratur

388 4282 446 4328 et
472 4271 815 4344 gubernatur
854 4282 919 4322 ac
954 4264 1233 4335 dependet
1255 4262 1518 4317 universa
1564 4273 1688 4328 quae
1731 4266 1814 4311 est
1863 4255 1968 4310 sub

389 4362 545 4419 cmlis
573 4368 846 4424 creatura,
880 4368 989 4412 tam
1019 4356 1387 4412 animatorum
1409 4367 1572 4422 quam
1597 4348 1967 4403 inanimorum

2058 1862 2281 1927 crescit,
2344 1864 2396 1915 ei
2438 1863 2791 1918 contrahitur
2828 1864 3118 1918 oculorum
3156 1863 3633 1919 circumferentia.

2058 1953 2263 2010 Dicunt
2286 1965 2470 2009 autem
2491 1956 2545 2009 in
2566 1954 2793 2010 flumine
2820 1957 3087 2029 liystaspe
3106 1961 3256 2013 nasci
3285 1960 3521 2028 lapidem
3536 1959 3635 2029 qui

2058 2044 2264 2100 dicitur
2298 2046 2560 2118 Lychnis,
2588 2048 2684 2117 qui
2719 2048 2945 2118 quidem
2983 2064 3109 2102 cum
3146 2050 3351 2104 crescit
3381 2058 3511 2105 luna
3547 2066 3639 2104 so-

2042 2110 2190 2191 ‘num
2238 2110 2420 2213 reddit
2454 2110 2818 2192 moddlatuin.
2869 2138 2928 2193 ln
2978 2138 3148 2194 fluvio
3182 2156 3402 2210 quoque
3448 2140 3637 2197 Gallia;

2059 2230 2256 2284 dicunt
2289 2230 2489 2300 degere
2522 2230 2753 2300 piscem,
2785 2231 2881 2301 qui
2918 2232 2986 2285 ab
3035 2232 3235 2287 incolis
3274 2232 3483 2287 dicitur
3522 2234 3638 2288 clo-

2058 2321 2201 2392 pias,
2234 2323 2328 2392 qui
2378 2322 2600 2392 quidem
2644 2323 2776 2377 luna
2820 2333 3104 2380 crescente
3144 2325 3397 2390 albescit,
3443 2328 3637 2380 decre-

2059 2423 2245 2469 scente
2275 2423 2458 2469 autem
2493 2413 2775 2485 nigrescit.
2817 2413 2956 2470 Cum
2987 2432 3121 2486 ergo
3151 2425 3209 2473 et
3241 2431 3478 2486 corpora
3512 2434 3639 2471 mu-

2062 2514 2284 2572 tentur,
2331 2517 2387 2561 et
2431 2523 2588 2577 aquae
2635 2516 2889 2561 crescant
2926 2517 2980 2563 et
3036 2508 3362 2564 decrescant
3387 2510 3443 2564 in
3494 2511 3639 2567 lunae

2060 2599 2488 2663 mutationibus,
2523 2600 2638 2654 haec
2668 2599 2803 2653 mihi
2838 2600 3140 2655 transferas
3171 2600 3239 2655 ad
3271 2602 3473 2657 seriem
3505 2603 3640 2657 alle-

2058 2693 2247 2761 gorize.
2280 2701 2334 2746 et
2360 2693 2577 2746 videbis
2596 2692 2782 2746 omnia
2814 2694 2965 2747 omni
2995 2709 3063 2748 ex
3102 2703 3258 2763 parte
3306 2710 3637 2767 congruere.

2060 2782 2196 2836 Nam
2234 2800 2359 2837 eum
2387 2785 2590 2839 crescit
2642 2793 2699 2839 et
2740 2796 3100 2856 promovetur
3148 2786 3421 2855 Ecclesia,
3474 2789 3638 2844 simul

2060 2874 2225 2928 etiam
2260 2884 2521 2930 crescunt
2544 2887 2721 2932 erutus
2751 2877 3085 2946 populorum
3112 2877 3361 2934 ﬁdelium
3389 2897 3403 2935 :
3447 2880 3644 2937 decre-

2061 2975 2253 3021 scente
2299 2977 2485 3022 autem
2512 2979 2570 3024 et
2607 2969 3097 3039 persecutionibus
3130 2972 3375 3041 appetito
3407 2988 3641 3044 corpore

2060 3074 2115 3115 ct
2141 3062 2348 3116 lumine
2383 3062 2509 3116 ﬁdei
2534 3044 2929 3118 ecclesiasticae
2960 3063 3030 3118 ab
3063 3062 3406 3132 inﬁdelibus,
3449 3066 3643 3122 decreo

2061 3163 2224 3208 scunt
2259 3164 2315 3209 et
2350 3155 2741 3209 diminuuntur
2766 3156 2933 3211 etiam
2963 3166 3274 3213 conventus
3307 3158 3641 3228 populorum

2063 3247 2329 3301 ﬁdelium.
2367 3247 2637 3303 Similiter
2683 3247 2913 3320 spiritus
2946 3265 3191 3320 quoque,
3238 3249 3329 3306 cui
3364 3258 3450 3306 est
3484 3252 3631 3324 inna-

2064 3349 2201 3402 tum,
2230 3347 2290 3393 ut
2318 3341 2392 3395 sit
2426 3356 2595 3411 super
2623 3356 2843 3410 aquam,
2892 3341 2946 3396 in
2975 3357 3142 3397 cursu
3188 3352 3429 3415 ortuque
3461 3353 3519 3400 et
3547 3362 3643 3402 oc-

2062 3447 2194 3487 casu
2225 3433 2370 3491 lunae
2396 3435 2627 3505 ejusque
2657 3432 3001 3488 incremento
3032 3442 3092 3489 et
3122 3434 3344 3491 defectu
3386 3437 3644 3507 procedit

2063 3531 2120 3578 et
2150 3524 2384 3587 recedit,
2442 3533 2498 3579 et
2540 3525 2940 3595 multiplicatur
2990 3540 3054 3581 ac
3096 3526 3393 3583 decrescit.
3427 3530 3640 3600 Itaque,

2066 3615 2159 3683 qui
2190 3615 2474 3684 navigant,
2502 3614 2928 3686 diligentissime
2962 3616 3265 3673 observant
3301 3626 3357 3675 et
3386 3621 3646 3677 conside~

2066 3714 2193 3760 rant
2216 3718 2504 3776 aspectum
2531 3708 2696 3773 lunaa,
2725 3718 2782 3764 et
2810 3707 3066 3779 ﬁguram,
3094 3724 3159 3764 ac
3185 3711 3388 3777 lucem,
3423 3720 3482 3769 et
3507 3730 3646 3785 qua-

2069 3804 2194 3850 tuor
2220 3799 2342 3867 ejus
2377 3800 2793 3865 conversiones,
2826 3810 3033 3868 ortum,
3091 3802 3340 3872 inquam,
3386 3812 3444 3860 et
3473 3808 3646 3877 septi-

2070 3904 2241 3953 mum,
2266 3899 2323 3944 et
2338 3889 2618 3945 decimum
2639 3892 2919 3961 quintum,
2937 3902 2994 3947 et
3014 3892 3342 3948 vicesimum
3362 3897 3602 3966 primum
3626 3917 3642 3952 :

2070 3979 2125 4031 in
2170 3978 2236 4032 iis
2276 3979 2425 4032 enim
2470 3978 2639 4034 efﬁcit
2672 3989 2964 4034 ventorum
3017 3981 3375 4037 mutationes.
3409 3982 3643 4037 Etenim

2070 4080 2286 4126 suntet
2318 4082 2556 4143 quatuor
2584 4073 2721 4127 ﬁnes
2764 4083 3004 4142 quatuor
3050 4081 3341 4130 ventorum
3381 4074 3645 4131 Ecclesim

2073 4162 2420 4218 dominantis
2451 4171 2507 4218 et
2529 4162 2891 4217 transeuntis.
2923 4161 3051 4217 Ideo
3086 4170 3327 4232 quatuor
3350 4163 3497 4218 subit
3521 4180 3646 4219 mu~

2072 4255 2334 4322 taliones,
2365 4271 2488 4324 qua:
2520 4271 2550 4309 a
2576 4255 2687 4309 Deo
2716 4264 2802 4309 est
2831 4255 2980 4320 luna,
3012 4253 3214 4325 typice.
3253 4255 3387 4309 Nam
3415 4256 3645 4326 quando

2068 4349 2221 4402 venit
2249 4348 2552 4410 adortum,
2588 4345 2833 4416 Spiritus
2877 4353 3103 4401 sanctus
3144 4360 3262 4399 eam
3316 4347 3504 4400 statim
3552 4348 3644 4401 ἰη-

388 4468 686 4524 corporum
724 4469 736 4505 :
771 4451 889 4506 sole
937 4448 1163 4518 quidem
1208 4446 1528 4500 dominante
1551 4441 1749 4504 testati,
1787 4450 1847 4495 ut
1869 4438 1963 4508 qui
1999 4450 2040 4503 ι)
2071 4442 2265 4511 spirat,
2298 4450 2554 4496 nostrum
2591 4454 2743 4493 mare
2775 4438 3038 4495 ﬂuctibus
3067 4454 3176 4493 non
3205 4440 3421 4510 agitans
3448 4450 3505 4496 et
3549 4457 3649 4496 ex~

389 4544 461 4598 sit
495 4544 831 4597 elementum
857 4539 1090 4602 siccum,
1127 4536 1183 4590 in
1205 4544 1391 4607 typum
1416 4531 1625 4589 Christi
1656 4530 1749 4601 qui
1780 4530 1835 4583 in
1862 4528 1969 4582 ﬁne

390 4633 589 4687 messis
634 4628 1131 4685 consummationis
1176 4634 1263 4680 est
1296 4625 1677 4680 exsiccaturus
1723 4636 1820 4675 eos
1871 4616 1967 4689 qui

392 4731 523 4779 sunt
548 4723 652 4776 sub
682 4731 931 4791 peccato,
968 4719 1138 4773 ﬂuvio
1185 4718 1349 4787 igneo
1377 4717 1472 4787 qui
1506 4715 1747 4770 trahitur
1779 4728 1845 4767 ex
1873 4728 1968 4767 eo-

396 4827 520 4866 rum
554 4810 880 4879 haptismate
917 4829 929 4863 :
960 4808 1106 4863 unde
1140 4808 1309 4877 etiam
1352 4807 1434 4861 sol
1465 4805 1709 4861 exsiccat
1732 4812 1789 4860 et
1826 4802 1972 4858 cale-

389 4904 523 4959 facit
547 4911 850 4958 creaturas.
881 4900 1035 4955 Luna
1078 4915 1212 4954 vero
1244 4899 1480 4953 habente
1514 4898 1964 4968 gubernationem

388 5004 450 5051 et
485 4996 1024 5050 administrationem
1072 4991 1418 5047 auctoritatis
1449 5006 1603 5060 aqua:
1637 4998 1692 5044 et
1732 4989 1971 5061 Spiritus

389 5086 591 5151 sancti,
618 5087 715 5155 qui
744 5101 775 5140 a
810 5082 1030 5140 Christo
1055 5081 1314 5137 Ecclesiae
1345 5090 1603 5151 tanquam
1629 5082 1773 5136 lunae
1801 5081 1970 5136 dona-

394 5187 484 5232 tus
500 5183 651 5231 estet
672 5174 939 5239 creditos,
961 5188 1083 5243 qua:
1104 5172 1247 5226 lunae
1269 5170 1396 5246 data
1418 5180 1505 5226 est
1530 5181 1791 5241 tanquam
1806 5170 1969 5227 Chri-

390 5281 535 5336 stus,
570 5275 626 5323 et
673 5268 884 5323 credita
916 5267 983 5321 ad
1020 5272 1350 5337 potestatem
1388 5272 1444 5320 et
1489 5264 1967 5334 gubernationem,

395 5371 457 5417 ut
486 5375 587 5415 nos
624 5377 721 5431 per
750 5359 923 5430 ipsam
956 5373 1287 5430 generemur
1325 5365 1380 5411 et
1409 5372 1820 5427 regeneremur,
1869 5355 1970 5409 do-

395 5469 500 5511 nec
526 5460 779 5523 promota
798 5454 871 5507 sit
901 5463 959 5507 et
981 5451 1312 5521 prattcrierit
1348 5467 1456 5506 nox
1480 5451 1645 5520 hujus
1680 5449 1884 5511 seculi.
1918 5459 1973 5503 et

396 5561 592 5598 rursus
617 5553 842 5599 exortus
867 5545 1033 5600 fuerit
1055 5545 1306 5601 Christus
1326 5546 1405 5599 sol
1422 5544 1671 5616 justitite.
1698 5543 1851 5609 Quod
1878 5558 1975 5597 au-

475 5713 522 5744 "
556 5712 756 5769 Hahae.
790 5731 868 5781 ιιι,
894 5718 980 5771 ll.

2071 4536 2272 4599 citans,
2320 4534 2413 4589 sed
2447 4534 2810 4604 tranquillum
2838 4534 3026 4605 potius
3049 4535 3309 4601 reddens,
3359 4543 3416 4590 et
3448 4543 3509 4589 ut
3556 4551 3648 4591 se-

2066 4627 2250 4681 cundo
2276 4634 2441 4682 vento
2466 4626 2790 4696 navigemus
2820 4641 2924 4681 nos
2952 4640 3281 4696 provocans.
3319 4625 3379 4681 In
3404 4626 3647 4696 septimo

2064 4725 2251 4772 autem
2275 4716 2366 4771 die
2399 4716 2748 4772 nascentium
2792 4717 3109 4783 infantium,
3157 4718 3391 4788 inspirat
3415 4730 3646 4775 ventum

2067 4809 2160 4878 qui
2196 4809 2557 4879 persequitur
2595 4809 2831 4879 spiritus
2883 4809 3166 4879 nequitias,
3209 4824 3417 4878 eosque
3464 4811 3519 4864 in
3551 4827 3650 4866 ve-

2068 4901 2293 4956 stibulis
2337 4901 2616 4956 catechesi
2671 4901 2856 4957 initiat
2889 4911 2947 4956 et
2982 4900 3227 4956 insuﬂlat
3256 4901 3478 4956 veniam
3522 4919 3650 4972 qua:

2070 4992 2316 5062 expellat
2365 4992 2646 5048 daemones
2682 4993 2778 5062 qui
2829 4992 3145 5048 inhabitant
3195 4992 3252 5048 in
3281 4995 3648 5065 generatione

2070 5081 2306 5151 peccati.
2349 5082 2581 5149 Quando
2605 5091 2788 5138 autem
2822 5083 3024 5147 crevit,
3060 5083 3279 5154 spirant
3312 5085 3370 5138 in
3401 5086 3647 5141 medium

2069 5175 2211 5244 ejus,
2247 5183 2303 5229 et
2333 5175 2455 5244 ejus
2489 5174 2845 5229 alumnorum
2892 5173 2986 5244 qui
3016 5174 3242 5245 abrupti
3289 5186 3423 5231 sunt
3467 5191 3500 5230 a
3546 5191 3647 5231 sua

2069 5265 2407 5336 integritate,
2466 5274 2524 5321 et
2570 5265 2888 5321 dilexerunt
2937 5265 3360 5322 decrementum
3396 5268 3518 5338 ejus
3563 5266 3650 5321 lu-

2070 5358 2323 5423 minum,
2369 5358 2600 5429 spiritus
2649 5359 2943 5427 haeresum,
3008 5374 3119 5428 quo
3157 5367 3412 5430 tempore
3451 5358 3649 5431 incipit

2071 5450 2239 5504 etiam
2271 5451 2617 5507 decrescere.
2653 5452 2713 5506 ln
2741 5451 2987 5521 perfecta
3023 5460 3212 5508 autem
3266 5452 3390 5524 ejus
3432 5459 3648 5508 contra-

2075 5543 2261 5597 ctione
2295 5552 2350 5597 et
2385 5543 2627 5611 defectu,
2656 5543 2879 5616 quando
2906 5552 2992 5601 est
3036 5544 3373 5602 universitas
3413 5552 3647 5602 ventura
