4026 6140
374 242 481 309 905

1427 243 1509 307 IN
1552 245 2097 308 HEXAEMERON.
2129 273 2196 282 -
2232 249 2375 309 LIB.
2416 249 2511 309 IV.

3524 196 3628 311 906

373 356 431 410 in
463 353 733 428 judicium
757 395 773 421 ,
822 364 955 411 tunc
987 354 1224 426 spirabit
1252 356 1497 414 exitialis
1545 360 1816 429 Spiritus..
1839 378 1948 415 non
1986 385 2025 438 Λ
2060 362 2287 426 tionem,
2320 372 2377 417 et
2400 362 2724 432 vitam‘quae
2749 370 2833 417 est
2857 376 2958 432 per
2978 376 3187 432 aquam
3233 370 3290 416 et
3324 362 3581 431 spiritum
3614 383 3626 417 :

375 446 444 501 ab
478 448 594 518 ipsa
630 454 843 511 autem,
878 456 972 502 aut
1000 463 1099 518 per
1134 449 1331 519 ipsam,
1358 450 1725 517 labefactans,
1758 453 1803 507 si
1836 446 1951 508 ﬁcri

373 540 576 609 possit,
611 540 776 593 etiam
812 536 963 609 ipsos
987 540 1216 596 electos.
1260 541 1353 597 Sic
1385 544 1516 598 luna
1544 543 1741 615 ﬁgurat
1764 546 1954 600 Eccle-

375 631 517 684 siam
551 645 566 682 :
598 629 747 685 unde
789 631 957 684 etiam
990 632 1084 686 lux
1129 648 1275 687 nova
1320 633 1529 690 dicitur
1577 643 1735 692 ortus
1783 637 1950 703 lunae,

375 730 605 792 propter
638 725 1117 793 regenerationem
1140 741 1334 781 eorum
1371 729 1466 798 qui
1499 726 1700 785 "recens
1748 730 1955 784 illumi-

375 816 622 872 nantur,
670 826 793 880 quae
835 820 1109 882 perpetuo
1165 822 1463 882 generatur
1489 823 1546 869 et
1592 827 1955 886 regeneratur

376 901 522 955 sicut
552 902 703 966 luna,
742 918 919 973 usque
945 904 1019 958 ad
1045 906 1589 962 consummationem
1626 909 1836 964 saeculi.
1864 908 1954 963 Si-

374 994 444 1048 tit
471 1004 664 1050 autem
704 996 935 1052 omnino
969 1006 1025 1052 e't
1050 1008 1180 1053 avet
1212 999 1460 1068 prudens
1504 1001 1726 1055 auditor
1760 980 1956 1056 rursus

375 1087 595 1141 discere
637 1087 706 1141 de
739 1087 961 1143 duabus
1014 1089 1147 1144 solis
1181 1091 1559 1161 potestatibus
1583 1133 1598 1156 ,
1648 1106 1852 1162 nempe
1887 1092 1956 1148 de

377 1176 562 1231 calido
594 1185 649 1231 et
671 1178 845 1244 sicco,
875 1188 932 1233 et
953 1180 1421 1249 quemadmodum
1446 1197 1511 1236 ea
1547 1182 1862 1237 referantur
1884 1183 1956 1239 ad

376 1268 681 1324 Christum.
736 1268 989 1325 Calidum
1032 1281 1217 1327 autem
1259 1281 1317 1328 et
1351 1276 1561 1330 siccum
1609 1276 1954 1331 elementum

379 1372 463 1414 est
486 1361 649 1431 ignis,
677 1362 757 1417 sic
788 1370 934 1417 terra
963 1372 1048 1420 est
1082 1366 1248 1420 etiam
1284 1367 1432 1422 sic-ca
1466 1376 1523 1421 et
1555 1366 1754 1438 frigida
1781 1385 1794 1421 :
1830 1384 1957 1423 nam

370 1468 445 1506 ea
481 1469 699 1522 quoque
741 1467 825 1510 est
872 1455 1174 1526 injicienda
1204 1468 1435 1528 propter
1478 1460 1533 1514 id
1577 1460 1723 1530 quod
1754 1468 1838 1517 est
1870 1460 1956 1515 di-

379 1538 638 1599 cendum.
673 1546 1002 1618 Quicunque
1032 1564 1166 1620 ergo
1210 1552 1519 1621 perfectum
1551 1553 1726 1607 Deum
1750 1562 1807 1608 et
1839 1569 1960 1622 per-

379 1636 584 1691 fectum
613 1637 892 1693 hominem
928 1639 1208 1697 Christum
1234 1658 1356 1698 esse
1388 1643 1668 1699 credimus
1699 1684 1714 1708 ,
1770 1645 1956 1714 ignem

2054 452 2211 522 cujus
2242 451 2374 506 luna
2425 462 2728 518 estcausa,
2783 452 3107 508 describens
3164 453 3401 524 gratiam
3446 455 3631 526 bapti-

2055 540 2268 594 smatis.
2298 540 2432 611 Ejus
2464 551 2648 597 autem
2676 542 2825 613 quod
2853 543 2978 599 dico
3006 543 3075 599 de
3107 559 3172 598 ea
3207 545 3319 599 vita
3369 555 3426 601 et
3468 563 3637 618 geneo

2055 630 2273 683 ratione
2305 641 2362 684 et
2389 632 2811 701 regeneratione
2846 646 2948 700 per
3001 647 3202 702 aquam
3252 639 3309 688 et
3351 633 3632 702 spiritum,

2056 719 2175 789 ipse
2211 721 2360 776 Deus
2397 722 2638 777 Verbum
2677 722 2841 777 ﬁdem
2870 722 3025 787 facit,
3085 724 3278 779 dicens
3316 743 3328 777 :
3364 725 3481 781 Nisi
3519 729 3636 798 quis

2055 810 2215 879 fuerit
2242 821 2581 883 regeneratus
2615 828 2709 883 per
2729 829 2925 884 aquam
2944 823 2992 867 et
3017 812 3298 884 Spiritum,
3326 833 3429 871 non
3458 819 3636 872 intra-

2055 901 2128 955 bit
2156 903 2211 956 in
2236 921 2456 974 regnum
2498 890 2748 959 castorum
2796 907 2863 960 °°.
2910 906 3147 976 Eclipsis
3199 918 3351 965 certe
3391 925 3487 964 seu
3542 910 3639 966 dc-

2056 992 2238 1049 fcctus
2258 996 2427 1061 lunaz,
2448 1006 2506 1051 et
2532 997 2757 1066 quando
2776 997 2904 1053 luna
2922 1007 3007 1053 est
3024 999 3207 1067 plena.
3236 999 3469 1066 Quando
3485 1003 3634 1058 enim

2052 1088 2347 1157 plenitudo
2376 1089 2621 1158 gentium
2650 1091 2898 1159 ingressa
2927 1088 3095 1144 fuerit
3134 1090 3436 1146 Ecclesiam
3460 1112 3474 1158 ;
3506 1103 3638 1150 tunc

2056 1180 2211 1234 subit
2244 1182 2468 1244 coelum,
2510 1191 2719 1236 terram
2756 1181 2823 1235 de
2850 1190 3052 1236 caetero
3110 1184 3458 1253 relinquens.
3500 1188 3639 1240 Pro-

2057 1279 2249 1340 pterea
2285 1272 2594 1341 simplicem
2643 1288 2867 1342 quoque
2903 1274 3084 1326 lucem
3118 1274 3287 1329 habet
3326 1276 3477 1341 luna,
3525 1295 3637 1332 non

2056 1372 2242 1420 autem
2270 1365 2550 1436 duplicem
2587 1366 2734 1422 sicut
2763 1368 2866 1421 sol.
2917 1368 3053 1421 Nam
3087 1369 3200 1424 Eva
3240 1379 3333 1425 est
3355 1373 3540 1441 genita
3572 1389 3636 1427 ex

2059 1473 2168 1510 una
2199 1467 2353 1513 costa
2394 1458 2666 1515 hominis.
2695 1459 2871 1514 Adam
2926 1468 3109 1514 autem
3145 1458 3290 1517 sicut
3332 1464 3413 1517 sol
3465 1464 3636 1534 ﬁgura

2059 1545 2288 1615 Christi,
2321 1560 2407 1606 est
2434 1552 2640 1622 duplex
2665 1552 3111 1631 etcompositus,
3159 1569 3357 1622 nempe
3391 1570 3458 1609 ex
3491 1563 3637 1609 terra

2059 1649 2115 1693 ct
2168 1640 2358 1696 divina
2408 1632 2782 1698 insuﬂlatione
2810 1643 2977 1713 quam
3022 1643 3168 1697 Deus
3225 1644 3280 1697 in
3327 1644 3496 1699 Evam
3523 1661 3637 1699 non

379 1730 1637 1805 quidemesseintelligimusejusdivinitatem:
1658 1724 1956 1790 Deusenim
1988 1717 2029 1770 Β
2061 1731 2360 1787 insuﬁlavit
2392 1742 2421 1787 :‘
2443 1734 2893 1804 quandoquidem
2922 1749 3033 1787 non
3069 1750 3137 1787 ex
3185 1733 3404 1789 duabus
3445 1752 3637 1791 essen~

380 1830 556 1875 noster
592 1824 833 1893 est'ignis
859 1840 1167 1879 consumens
1205 1826 1272 1878 ³³.
1318 1826 1548 1881 Terram
1609 1838 1796 1882 autem
1832 1844 1961 1881 rure

379 1929 500 1978 sus,
535 1921 676 1969 terra
708 1917 949 1986 genitam
980 1919 1165 1973 carnis
1195 1918 1317 1990 ejus
1344 1920 1745 1975 humanitatem
1775 1938 1787 1973 :
1821 1936 1959 1990 qua-

381 2023 503 2061 rum
536 2008 765 2077 quidem
805 2009 1039 2064 duarum
1070 1999 1440 2066 essentiarum
1471 2023 1528 2068 et
1550 2014 1959 2068 elementorum

378 2111 544 2171 typus
577 2111 695 2157 erat
727 2118 891 2157 verus
915 2110 971 2157 et
1001 2113 1317 2169 accuratus,
1352 2105 1518 2175 primi
1545 2106 1676 2160 Adze
1700 2098 1967 2161 constru-'

379 2190 514 2240 ctio.
561 2189 636 2242 Ex
667 2189 755 2242 bis
788 2190 937 2244 enim
962 2186 1180 2246 duobus
1202 2191 1383 2247 l‘aetus
1407 2202 1495 2249 est
1518 2192 1715 2258 Adam,
1756 2209 1960 2264 nempe

380 2285 437 2331 et
473 2279 649 2333 divini
686 2279 833 2355 ignis
867 2280 1258 2352 inspiratione,
1294 2292 1440 2339 etex
1471 2284 1620 2340 sicca
1650 2293 1706 2338 et
1743 2302 1774 2341 e
1814 2295 1961 2342 terra

377 2370 565 2440 genita
588 2370 705 2425 limi
737 2373 1118 2446 concretione.
1171 2372 1228 2428 Si
1255 2389 1390 2445 ergo
1421 2392 1537 2429 rem
1560 2370 1843 2430 subtiliter
1870 2391 1962 2431 os-

378 2452 567 2519 tendit
606 2463 789 2517 oratio
833 2481 845 2517 :
887 2464 943 2518 in
982 2464 1204 2521 duobus
1235 2466 1609 2522 luminaribus
1652 2475 1802 2532 sunt,
1861 2482 1962 2525 co-

380 2566 837 2625 gnoscunturque
858 2565 914 2610 et
936 2557 1396 2613 administrantur
1419 2568 1662 2629 quatuor
1687 2560 1961 2614 elementa

376 2657 447 2696 ex
480 2644 684 2712 quibus
712 2655 936 2701 constat
961 2647 1225 2704 mundus.
1244 2702 1247 2707 λ
1269 2649 1390 2703 Ι)υο
1422 2658 1608 2705 autem
1636 2650 1958 2719 luminaria,

376 2734 549 2788 solet
586 2736 739 2802 luna,
789 2737 929 2792 citra
982 2740 1153 2794 ullam
1181 2742 1624 2797 controversiam
1670 2743 1835 2812 prius
1866 2744 1961 2801 de-

380 2826 639 2883 scribunt
666 2827 953 2885 Christum
976 2841 1035 2887 et
1063 2831 1392 2890 Eeclesiam.
1414 2834 1601 2889 Discat
1622 2850 1755 2905 ergo
1777 2834 1962 2890 omnis

376 2916 551 2972 homo
582 2919 731 2988 quod
760 2919 815 2973 in
835 2918 931 2975 his
961 2922 1159 2991 aquis,
1193 2930 1251 2977 et
1284 2938 1386 2993 per
1423 2923 1541 2979 haec
1568 2924 1685 2979 duo
1710 2925 1958 2981 caelestia

376 3010 682 3066 luminaria
732 3012 879 3082 (dico
931 3023 1118 3073 autem
1169 3013 1457 3071 Christum
1512 3024 1570 3071 et
1624 3016 1956 3089 Ecclesiam)
1984 3065 2029 3125 c

373 3103 718 3167 consistunt,
759 3104 1252 3173 administrantur,
1286 3116 1344 3163 et
1397 3116 1801 3185 conservantur
1844 3118 1958 3164 tam
1986 3103 2032 3126 “

367 3212 444 3251 ea
467 3213 592 3267 quae
624 3208 757 3254 sunt
800 3199 857 3254 in
894 3200 1072 3266 emlis,
1099 3216 1263 3272 quam
1299 3217 1421 3271 qua:
1452 3192 1599 3257 sunt'
1620 3202 1675 3257 in
1710 3210 1879 3267 terra,
1903 3209 1962 3258 et

378 3299 493 3344 tam
520 3306 586 3346 ea
611 3308 736 3362 qua:
761 3293 867 3349 sub
892 3302 1177 3363 aspectum
1209 3293 1440 3360 cadunt,
1470 3309 1640 3365 quam
1684 3310 1807 3365 qua:
1845 3310 1959 3349 non

376 3383 609 3450 cadunt,
649 3393 706 3440 et
729 3394 838 3440 tam
856 3386 1105 3442 animata
1135 3402 1305 3458 quam
1341 3386 1678 3454 inanimata,
1734 3396 1792 3444 et
1844 3397 1958 3443 tam

379 3475 611 3530 mobilia
635 3493 801 3547 quam
824 3478 1156 3543 immobilia,
1198 3486 1257 3533 et
1285 3481 1361 3536 'ex
1391 3487 1633 3550 quatuor
1665 3480 1960 3536 elementis

377 3567 705 3637 compositae
738 3584 835 3623 sex
862 3568 1084 3631 dierum
1107 3558 1402 3625 creatum.

314 3658 325 3666 '
451 3659 521 3713 Et
561 3660 843 3730 quomodo
888 3676 988 3731 per
1028 3661 1210 3717 virum
1260 3670 1315 3718 et
1371 3663 1662 3735 mulierem
1712 3662 1960 3718 nascitur

377 3768 555 3806 unum
590 3768 829 3823 corpus.
885 3753 979 3809 ita.
1009 3754 1499 3809 indiscriminatim
1545 3771 1646 3825 per
1691 3756 1810 3810 haac
1849 3755 1960 3811 duo

379 3844 685 3900 luminaria
711 3855 905 3901 natum
944 3855 1032 3903 est
1065 3862 1272 3917 corpus
1303 3848 1492 3919 populi
1526 3847 1727 3912 ﬁdelis,
1764 3847 1958 3921 Eccle-

378 3939 476 3994 sia:
502 3956 516 3993 :
544 3947 601 3994 et
627 3940 703 3995 ita
728 3947 919 4009 aperte
941 3939 1213 4009 impletur
1234 3939 1374 3995 illud
1397 3957 1411 3993 :
1432 3938 1606 3994 Erunt
1625 3940 1731 3993 duo
1762 3942 1817 3993 in
1838 3956 1961 3994 car-

382 4047 506 4084 nem
527 4044 690 4085 unam
704 4032 773 4096 ⁵⁹;
795 4038 852 4087 et
877 4031 1027 4107 quod
1046 4032 1229 4087 omnis
1249 4047 1376 4087 caro
1395 4037 1614 4087 constat
1629 4046 1699 4087 ex
1719 4039 1960 4101 quatuor

374 4108 678 4178 elementis
705 4123 841 4178 solis
872 4131 929 4179 et
946 4124 1121 4181 lunae.
1168 4122 1542 4190 Quamobrem
1590 4123 1642 4178 ei
1682 4123 1782 4193 qui
1824 4139 1959 4194 pru-

380 4215 583 4281 denter
613 4216 851 4272 attendit
899 4216 979 4270 illi
1027 4216 1218 4287 ﬁguras
1259 4231 1386 4287 quae
1425 4215 1693 4287 primarie
1720 4215 1961 4272 refertur

375 4308 451 4363 ad
493 4306 783 4364 Christum
813 4316 870 4364 et
906 4309 1216 4365 Ecclesiam
1262 4326 1278 4362 :
1328 4309 1555 4372 Adami,
1611 4309 1856 4379 inquam,
1903 4316 1960 4364 et

2061 1820 2152 1874 tiis
2175 1861 2189 1884 ,
2230 1837 2300 1875 ex
2335 1820 2650 1885 divinitate,
2688 1822 2937 1890 inquam,
2972 1830 3027 1875 et
3058 1823 3406 1881 humanitate
3453 1824 3639 1878 consi-

2059 1912 2159 1966 stit
2228 1913 2519 1982 plenitudo
2597 1898 2899 1979 Ecclesiae,
2960 1914 3107 1969 sicut
3186 1914 3482 1975 Christus,
3540 1913 3638 1967 sed

2058 2019 2126 2057 ex
2182 2003 2297 2058 sola
2368 2004 2734 2061 humanitate.
2795 1991 2997 2058 Divina
3067 2004 3215 2057 enim
3284 2004 3377 2057 illa
3441 2012 3495 2057 ct
3552 2020 3642 2057 es-

2060 2095 2313 2150 sentialis
2361 2096 2458 2150 Dei
2527 2096 2864 2162 insuﬂlatio,
2940 2109 3061 2164 qum
3128 2104 3330 2148 terram
3403 2103 3489 2147 est
3555 2094 3639 2147 in-

2060 2170 2268 2257 gressa,
2323 2189 2432 2244 fuit
2479 2207 2645 2245 verus
2688 2192 2789 2246 Dei
2824 2192 2992 2247 Verbi
3032 2200 3196 2262 typus
3229 2191 3323 2261 qui
3362 2206 3430 2246 ex
3479 2192 3642 2246 Patre

2060 2281 2356 2349 processit,
2384 2290 2440 2336 et
2458 2290 2610 2339 terra
2630 2292 2829 2356 natum
2851 2284 3139 2339 hominem
3164 2283 3518 2339 inindividue
3535 2283 3641 2339 sibi

2060 2374 2276 2428 couniit
2323 2389 2425 2443 per
2483 2375 2849 2446 hypostasim.
2898 2377 3171 2431 Existimo
3228 2385 3414 2432 autem
3465 2377 3639 2447 quod.

2059 2463 2227 2520 etiam
2275 2474 2432 2522 extra
2469 2468 2788 2538 paradisum
2841 2468 3171 2529 fabricatum
3223 2484 3345 2524 esse
3400 2469 3641 2539 primum

2060 2564 2346 2624 parentem
2393 2558 2686 2626 Adamum,
2714 2569 2773 2615 et
2822 2560 3027 2617 deinde
3069 2562 3321 2631 positum
3369 2561 3537 2617 fuisse
3584 2562 3639 2616 in

2061 2649 2342 2716 paradiso,
2364 2652 2613 2721 apposite
2644 2652 2944 2708 admodum
2976 2653 3240 2709 convenit
3263 2653 3332 2709 de
3363 2654 3481 2708 sole
3512 2668 3641 2708 scn-

2060 2739 2169 2806 sili,
2210 2743 2476 2810 quoniam
2512 2744 2631 2813 ipse
2662 2760 2885 2815 quoque
2921 2745 3119 2810 Adam,
3151 2746 3299 2802 sicut
3328 2745 3467 2801 dicit
3493 2744 3645 2800 Scri-

2058 2847 2246 2903 ptura,
2282 2845 2340 2889 et
2386 2837 2469 2891 sic
2499 2838 2714 2907 positus
2736 2846 2823 2894 est
2854 2840 3015 2893 emlo.
3050 2838 3209 2894 Unde
3242 2839 3415 2895 etiam
3458 2838 3516 2892 in
3551 2838 3641 2895 lu-

2060 2925 2372 2982 minaribus
2423 2930 2695 3000 scriptum
2734 2940 2852 2998 est,
2891 2933 3106 3003 posuit,
3159 2931 3441 3002 quomodo
3473 2932 3641 2987 etiam

2053 3015 2118 3071 in
2148 3017 2374 3075 homine
2408 3037 2421 3074 :
2448 3020 2519 3075 Et
2542 3025 2762 3092 accepit,
2796 3024 2998 3094 inquit,
3026 3023 3170 3079 Deus
3196 3026 3462 3079 hominem
3484 3041 3640 3093 quem

2059 3105 2238 3174 ﬁnxit,
2284 3116 2335 3162 et
2380 3111 2553 3180 posuit
2598 3105 2718 3167 eum
2760 3114 2819 3167 in
2855 3113 3138 3184 paradiso,
3177 3112 3485 3183 principem
3512 3129 3639 3170 eum

2058 3198 2407 3256 constituens
2434 3209 2493 3255 et
2538 3202 2743 3268 Evam,
2771 3202 3022 3258 omnium
3064 3204 3453 3269 animantium,
3497 3204 3643 3259 sicut

2059 3289 2226 3346 etiam
2254 3290 2367 3348 duo
2394 3292 2716 3367 luminaria,
2748 3303 2810 3349 ut
2852 3294 3201 3365 imperarent
3235 3294 3346 3350 diei
3376 3305 3433 3351 et
3464 3298 3639 3360 nocti,

2059 3389 2115 3436 et
2162 3390 2226 3437 ut
2263 3383 2612 3440 dominatum
2639 3384 2921 3440 baberent
2968 3385 3029 3439 in
3072 3386 3259 3440 omnia
3313 3385 3638 3449 animantia,

2054 3489 2158 3544 per
2183 3484 2425 3546 quatuor
2448 3476 2728 3547 elementa
2762 3492 2887 3547 quae
2916 3487 3047 3533 sunt
3076 3479 3133 3541 in
3162 3479 3302 3548 ipsa,
3336 3494 3405 3535 ex
3436 3480 3643 3549 quibus

2058 3576 2116 3622 et
2136 3581 2244 3636 .pcr
2268 3583 2393 3638 quae
2423 3570 2680 3624 consistit
2716 3570 2900 3624 omnis
2949 3578 3152 3625 natura
3193 3586 3497 3640 corporum
3530 3580 3641 3634 tam

2059 3659 2355 3713 brutorum
2392 3676 2562 3730 quam
2587 3661 2900 3716 volucrum.
2927 3659 3084 3727 Quod
3109 3660 3156 3716 si
3190 3660 3334 3716 lucis
3363 3658 3642 3716 defectum

2060 3758 2120 3803 et
2145 3750 2602 3829 diminutionem,
2628 3761 2687 3807 et
2713 3768 2907 3809 rursus
2934 3752 3378 3817 renovationem,
3415 3753 3560 3807 sicut.
3586 3753 3639 3811 in

2060 3841 2213 3907 luna,
2248 3845 2336 3898 vis
2363 3844 2533 3899 etiam
2559 3844 2752 3901 videre
2798 3845 2853 3900 in
2896 3846 3033 3913 Eva,
3082 3845 3276 3916 cogita
3308 3846 3642 3915 prophetam

2060 3935 2155 4005 qui
2196 3934 2336 3991 dicit
2381 3936 2496 3991 Deo
2550 3954 2564 3990 :
2612 3936 2815 3992 Lumen
2880 3946 3005 3993 sunt
3047 3947 3310 4009 prwcepta
3350 3945 3442 3992 tua
3486 3954 3647 4008 super

2060 4034 2283 4082 terram.
2313 4027 2559 4095 Quorum
2583 4029 2751 4084 etiam
2786 4028 3066 4085 defectum
3102 4028 3371 4085 sustinuit
3400 4029 3510 4085 Eva
3544 4045 3647 4099 per

2061 4118 2526 4175 inobedientiam.
2555 4119 2729 4177 Adam
2756 4123 2895 4175 enim
2931 4138 3033 4176 non
3070 4122 3169 4192 fuit
3195 4122 3459 4191 deceptus,
3500 4123 3645 4179 sicut

2041 4210 2198 4273 dicit
2221 4211 2522 4282 Apostolus
2564 4213 2649 4277 ⁶¹;
2688 4212 2800 4267 Eva
2826 4223 3004 4267 autem
3035 4214 3250 4285 decepta
3271 4253 3287 4275 ,
3317 4228 3442 4269 cum
3488 4230 3518 4268 a
3566 4223 3644 4268 tr-

2061 4303 2341 4358 nebrieosi
2367 4311 2425 4357 et
2441 4302 2665 4357 obscuri
2702 4304 2979 4374 serpentis
3002 4303 3292 4358 dominatu
3317 4320 3642 4375 oppressum

377 4401 531 4466 Evaa,
565 4400 648 4456 sol
679 4409 735 4455 et
767 4400 901 4455 luna
936 4410 1067 4456 sunt
1093 4401 1465 4472 praecedentia
1490 4401 1786 4472 aenigmata
1816 4417 1830 4453 :
1866 4400 1961 4471 qui
1996 4407 2038 4462 ι)
2064 4401 2214 4449 esset
2241 4400 2301 4448 et
2326 4393 2626 4449 defecisset
2658 4395 2778 4466 ejus
2800 4396 3012 4450 lumen.
3046 4395 3174 4466 Ejus
3199 4404 3380 4451 tamen
3415 4397 3645 4452 luminis

380 4491 496 4547 duo
526 4493 881 4549 constituunt
899 4500 961 4549 et
992 4494 1312 4563 producunt
1331 4510 1399 4550 ex
1422 4495 1720 4564 duobusset
1747 4494 1966 4549 duobus

375 4584 673 4662 elementis
703 4601 871 4641 unam
904 4585 1250 4642 individuam
1282 4587 1527 4643 hominis
1552 4603 1805 4655 carnem;
1847 4597 1966 4644 tan-

376 4692 546 4747 quam
567 4691 757 4732 semen
779 4677 1049 4744 hominis,
1079 4678 1199 4734 sole
1223 4676 1505 4748 praebente
1522 4693 1680 4734 suam
1701 4678 1881 4734 lucem
1904 4679 1963 4733 in

380 4777 543 4822 utero
564 4768 813 4837 piscinae,
842 4783 961 4825 suae
991 4768 1269 4840 conjugis,
1306 4782 1508 4838 nempe
1538 4768 1705 4832 lunai,
1733 4783 1857 4838 quae
1878 4774 1965 4823 est

377 4858 653 4915 Ecclesia.
686 4859 893 4916 Omnes
922 4861 1149 4935 quidem
1170 4871 1330 4916 certe
1360 4875 1453 4915 res
1498 4860 1810 4923 ostendunt
1841 4876 1956 4915 ma-

377 4966 542 5023 gnam
571 4948 945 5022 aequalitatem
962 4963 1030 5009 et
1057 4951 1484 5009 similitudinem
1526 4952 1749 5025 solislet
1787 4952 1953 5018 lunae,

377 5042 447 5098 ad
496 5044 770 5101 Adamum
812 5053 869 5099 et
910 5045 1081 5100 Evam
1117 5044 1344 5116 :ignem
1391 5051 1577 5099 autem
1618 5053 1677 5099 et
1729 5052 1952 5106 terram,

377 5132 488 5189 hoc
520 5143 627 5199 est,
655 5135 832 5191 Deum
854 5144 912 5190 et
938 5134 1243 5200 hominem,
1288 5134 1454 5205 paulo
1480 5141 1609 5187 ante
1633 5132 1958 5186 dicebamus

374 5223 665 5281 Christum
688 5244 856 5298 quem
874 5229 956 5284 sol
980 5227 1287 5293 describit;
1306 5227 1478 5297 utqui
1509 5225 1672 5296 ignis,
1692 5224 1956 5289 calidum,

369 5325 431 5373 et
457 5325 644 5383 terrae,
665 5321 876 5377 siccum
903 5321 1106 5377 habeat
1129 5322 1492 5376 elementum.
1513 5319 1960 5375 Similiteretiam

376 5408 495 5462 Eva
524 5409 931 5478 interpretatur
961 5411 1084 5466 Vita
1125 5428 1139 5464 :
1180 5410 1305 5469 Vita
1335 5420 1520 5466 autem
1547 5408 1828 5468 estetiam
1854 5410 1960 5466 Ec~

378 5500 576 5567 clesia‘,
608 5503 883 5559 exhibens
909 5514 1233 5573 perpetuam
1265 5504 1619 5575 baptismatis
1667 5517 1963 5573 regenera-

446 5671 498 5706 "
526 5672 689 5728 Deut.
713 5675 858 5735 tvﬂi
883 5692 896 5742 ;
925 5676 1094 5732 Hebr.
1131 5696 1221 5741 xu.
1254 5680 1343 5736 29.
1421 5683 1467 5713 "
1500 5681 1634 5738 Gen.
1671 5699 1727 5749 ιι,
1764 5683 1834 5737 ’ΞΗ
1869 5698 1883 5748 ;
1927 5680 2119 5735 Matth.
2148 5697 2257 5747 XIX,
2436 5680 2481 5712 ‘°
2511 5680 2670 5735 Joan.
2698 5696 2776 5747 ut,
2814 5679 2865 5734 5.

697 5772 967 5834 ΡΑιιιοι..
1012 5775 1126 5836 Gn.
1169 5777 1497 5845 LXXXIX.

2062 4483 2345 4540 delectum
2378 4486 2626 4540 restituit
2654 4485 2751 4540 lux
2779 4501 2912 4540 vera
2936 4501 3058 4556 quae
3089 4502 3156 4540 ex
3176 4487 3305 4557 ipsa
3336 4488 3640 4557 processit:

2061 4594 2130 4633 ex
2180 4577 2448 4644 secunda,
2501 4577 2750 4648 inquam,
2778 4579 2890 4639 Eva
2932 4579 3221 4646 Christus,
3274 4588 3532 4651 tanquam
3577 4596 3645 4636 ex

2063 4669 2324 4738 quapiam
2348 4668 2510 4740 plena
2534 4668 2690 4731 luna,
2716 4668 2910 4733 Maria,
2945 4684 3071 4739 quze
3099 4685 3405 4747 nunquam,
3430 4671 3643 4729 minuta

2061 4761 2171 4816 fuit
2191 4768 2289 4816 aut
2317 4759 2546 4826 defecit,
2573 4767 2672 4815 aut
2702 4761 2915 4831 privata
2952 4761 3058 4817 iuit
3098 4763 3380 4819 essentiali
3409 4764 3641 4831 lumine,

2063 4869 2265 4925 nempe
2289 4868 2390 4909 sua
2416 4854 2763 4925 virginitate,
2800 4855 3025 4926 quando
3067 4856 3120 4911 ei
3163 4857 3492 4911 acclamarit
3528 4859 3643 4912 An.-

2063 4947 2220 5020 gelus
2255 4962 2268 4998 :
2300 4945 2426 5010 Ave,
2451 4947 2631 5017 gratia
2668 4944 2893 5018 repleta,
2938 4957 3165 5017 propter
3189 4948 3363 5005 Evam
3401 4965 3526 5020 quae
3560 4958 3645 5005 est

2061 5038 2218 5104 luna,
2245 5054 2369 5109 quae
2403 5038 2511 5094 fuit
2540 5040 2684 5094 male
2725 5040 2915 5117 habita
2961 5049 3018 5096 et
3046 5050 3264 5109 vexata,
3316 5052 3374 5096 et
3404 5059 3533 5113 qua)
3576 5060 3645 5098 ex

2062 5146 2164 5187 suo
2211 5130 2432 5207 deiectu
2485 5131 2919 5187 inebedicntiam
2954 5132 3193 5204 fugerat,
3224 5140 3283 5188 et
3313 5148 3375 5188 se
3412 5133 3646 5191 abscon»

2057 5221 2219 5278 derat
2242 5231 2298 5277 et
2325 5223 2594 5277 timuerat
2616 5238 2644 5277 a
2673 5224 2826 5294 ligno
2852 5223 3249 5295 iuobedientiae
3265 5231 3321 5277 et
3336 5233 3644 5293 transgres-

2057 5316 2276 5371 sionis:
2319 5315 2535 5379 Gratia,
2585 5316 2833 5386 inquam,
2885 5315 3087 5387 repleta
3133 5331 3165 5369 a
3214 5314 3339 5369 Sole
3366 5313 3600 5384 justitiae
3628 5354 3641 5373 .

2057 5423 2259 5479 nempe
2283 5424 2314 5464 a
2346 5409 2477 5464 Deo.
2508 5407 2635 5464 Haec
2665 5408 2914 5463 breviter
2942 5423 2971 5461 a
2990 5408 3154 5483 nobis
3181 5407 3330 5463 dicta
3366 5405 3643 5463 sulliciant

2058 5505 2128 5559 de
2163 5505 2280 5559 sole
2299 5512 2356 5559 et
2380 5505 2512 5559 luna
2544 5502 2600 5557 in
2625 5512 2829 5572 quarto
2864 5501 2985 5567 die,
3014 5499 3238 5575 quando
3281 5498 3423 5554 dixit
3450 5499 3598 5554 Deus
3624 5514 3638 5551 :

2945 5681 2984 5713 "
3015 5681 3035 5734 l
3069 5677 3210 5733 Tim.
3245 5693 3303 5744 ιι,
3342 5676 3427 5732 Η.

3082 5781 3162 5839 29
