4026 6140
475 311 577 376 907

1669 309 1731 371 Ξ.
1767 308 2164 373 ANASTASII
2221 312 2542 375 SINAI'NE

3604 328 3713 390 θοι

480 424 635 479 Fiant
655 420 950 475 ‘luminnria
992 422 1047 474 in
1078 417 1420 503 firmamento
1453 413 1568 470 cccli
1593 417 1662 471 ad
1707 416 2058 472 illuminatio—
2088 423 2129 477 Α
2160 418 2365 490 quibus
2398 423 2643 505 Ecclesia
2667 422 2832 478 .nihil
2876 423 3105 479 docetur
3141 422 3423 495 spiritualc
3445 442 3508 482 ex
3528 444 3705 501 corpo-

478 531 598 570 nem
617 523 793 578 terror,
816 519 878 565 ut
902 512 1191 581 separetin
1219 510 1402 564 medio
1424 508 1533 563 diei
1558 518 1616 563 et
1642 508 1825 564 medio
1853 509 2053 570 noctis,

428 626 437 657 ι
475 616 532 662 et
561 606 619 662 in
661 603 847 659 medio
878 602 1048 667 lucis,
1088 612 1147 657 et
1178 602 1234 657 in
1270 602 1472 679 medio
1512 601 1894 656 tenebrarum.
1940 600 2058 655 Hoc

476 706 702 762 quoque
730 689 1209 759 c0nsidera,quod
1231 691 1633 745 convenienter
1646 690 1885 744 naturali
1904 704 2077 743 erea-‘

478 791 731 837 turarum
756 780 1197 849 consequentiae,
1239 779 1406 849 876
1437 795 1632 849 magna
1667 779 1964 833 luminaria
1988 796 2054 833 ea

475 872 723 928 nominat
753 868 1001 943 Moyses:
1030 879 1086 924 et
1108 870 1277 925 solem
1306 869 1527 939 quidem
1559 869 1778 939 preprie
1808 871 2056 924 nominat

474 977 754 1031 magnum,
786 969 846 1015 ut
888 959 983 1030 qui
1023 975 1054 1014 a
1089 974 1147 1013 se
1186 959 1393 1022 lumen,
1427 973 1537 1013 non
1576 958 1797 1012 aliunde
1830 958 2051 1012 habeat.

473 1054 686 1108 Lumen
717 1061 901 1108 autem
946 1067 1056 1105 non
1106 1052 1205 1115 sic,
1240 1059 1299 1104 ut
1337 1066 1460 1120 quas
1504 1051 1685 1105 lucem
1728 1040 1927 1104 habeat
1957 1066 2054 1119 per

475 1141 976 1215 participationem,
1006 1156 1117 1195 non
1148 1156 1246 1211 per
1284 1141 1602 1206 essentiam,
1626 1151 1682 1196 et
1709 1141 2053 1196 illuminetur

473 1236 661 1298 asole,
724 1249 846 1289 eam
912 1235 1069 1304 cujus
1112 1241 1197 1288 est
1251 1233 1525 1304 particeps
1575 1234 1946 1304 impertiente.
1984 1234 2052 1289 Ut

472 1336 658 1381 autem
704 1327 867 1395 paulo
894 1326 1140 1380 crassius
1165 1341 1280 1380 rem
1315 1326 1517 1390 dicam,
1548 1326 1753 1381 dicitur
1786 1343 1907 1382 esse
1946 1327 2051 1381 du-

471 1420 596 1488 plex
629 1434 750 1488 quae
790 1419 1012 1488 proprie
1040 1426 1125 1473 cst
1155 1418 1212 1472 in
1245 1420 1403 1474 nobis
1434 1419 1516 1473 vis
1544 1420 1774 1473 rationis
1804 1438 1817 1473 :
1854 1435 2051 1490 nempe

466 1519 525 1564 et
556 1525 586 1564 a
619 1526 725 1580 qua
780 1524 1043 1564 ornantur
1086 1517 1143 1564 et
1189 1510 1441 1566 homines
1476 1526 1599 1567 esse
1643 1512 2048 1580 cognoscimnr,

420 1606 429 1625 '
468 1601 694 1656 discreti
734 1599 803 1655 ab
839 1601 1212 1656 animantibus
1264 1602 1494 1672 reliquis
1535 1619 1657 1673 quae
1683 1604 1879 1656 vivunt
1910 1604 2048 1657 citra

467 1694 759 1755 rationem,
794 1707 917 1763 qua:
959 1692 1182 1762 quidem
1235 1692 1442 1748 distant
1478 1711 1545 1748 ex
1577 1695 1846 1749 diametro
1877 1710 1907 1747 a
1958 1711 2046 1748 ra-

468 1783 619 1837 tione
678 1754 837 1851 cujus
877 1754 1067 1835 sumus
1122 1779 1438 1849 participes.
1467 1781 1533 1833 Et
1567 1780 1617 1833 id
1681 1779 1826 1849 quod
1868 1788 1953 1833 est
1991 1781 2045 1833 in
2081 1754 2120 1810 Β

469 1871 631 1927 nobis
692 1886 891 1941 expers
946 1869 1282 1933 rationis,ut
1332 1869 1480 1939 quod
1519 1869 1817 1939 aliquando
1868 1879 2050 1938 pateat

470 1962 695 2026 rationi,
722 1971 777 2017 et
804 1971 887 2015 est
920 1962 1039 2031 ejus
1072 1960 1369 2029 particeps,
1401 1969 1456 2014 et
1494 1960 1562 2013 ab
1585 1959 1704 2029 ejus
1751 1959 1801 2012 vi
1842 1959 2048 2014 illumi-

470 2062 653 2108 natur.
684 2053 755 2110 Ut
786 2052 915 2107 licet
943 2052 1131 2106 videre
1155 2066 1221 2106 ex
1254 2050 1620 2105 incontinenti
1649 2051 2046 2116 continentem,

466 2154 525 2202 et
567 2162 635 2201 ex
670 2142 1060 2215 intemperanti
1111 2152 1528 2214 temperantem,
1561 2151 1616 2197 et
1660 2156 1726 2198 ex
1765 2142 1960 2197 audaci
1994 2152 2050 2196 et

468 2237 664 2293 timido
689 2253 816 2293 eum
847 2235 939 2306 qui
967 2235 1149 2306 magni
1176 2235 1346 2289 animi
1380 2244 1625 2288 armatur
1652 2235 1876 2288 virtute.
1903 2234 2051 2300 Quo-

467 2328 633 2384 modo
680 2343 812 2398 ergo
841 2328 946 2381 hoc
981 2326 1034 2380 in
1068 2325 1230 2379 nobis
1262 2314 1465 2378 dicitur
1491 2323 1769 2393 particeps
1797 2324 2044 2387 rationis,

466 2412 529 2476 et
572 2418 721 2490 quod
764 2425 849 2472 est
895 2416 1120 2487 proprie
1175 2415 1401 2469 rationis
1452 2414 1745 2485 particeps,
1790 2424 1847 2469 et
1900 2416 2047 2484 quod

466 2519 620 2568 caret
661 2510 875 2565 ratione
926 2522 1125 2577 parens
1174 2507 1414 2573 rationi;
1458 2507 1530 2561 ita
1580 2504 1802 2577 proprie
1854 2522 2048 2577 magna

466 2611 600 2660 sunt
630 2598 948 2662 luminaria,
972 2608 1029 2654 et
1058 2598 1138 2654 sol
1171 2599 1267 2668 qui
1301 2594 1576 2653 illuminat
1599 2613 1698 2668 per
1732 2598 2044 2658 essentiam,

465 2704 524 2752 et
556 2696 686 2751 luna
720 2708 841 2763 qua:
873 2693 969 2747 dat
992 2692 1178 2746 lumen
1206 2706 1307 2761 per
1339 2688 1816 2745 illumination'em.
1942 2680 1959 2691 “

538 2786 645 2843 Sed
679 2786 1019 2840 redeundum
1051 2794 1136 2839 est
1164 2784 1230 2839 ad
1272 2782 1469 2839 seriem
1499 2783 1566 2838 ab
1596 2785 1753 2839 initio
1790 2784 2047 2854 proposi-

467 2889 601 2943 tam,
633 2885 689 2931 et
713 2876 1005 2932 dicendum
1036 2875 1208 2946 quod,
1240 2890 1363 2929 cum
1388 2876 1535 2929 Deus
1553 2876 1663 2945 jam
1698 2892 1727 2929 a
1752 2877 1933 2944 primo
1958 2874 2048 2929 die

468 2971 686 3026 fecisset
719 2969 897 3023 lucem
933 2985 1033 3037 per
1066 2980 1144 3033 se,
1182 2968 1457 3037 separavit
1497 2967 1639 3021 inter
1671 2967 1909 3022 medium
1941 2966 2047 3021 diei

2160 513 2260 566 rali
2312 529 2505 567 eorum
2538 508 2807 584 'positura
2855 521 2911 569 et
2951 523 3124 569 motu.
3152 514 3208 570 Si
3248 516 3374 585 quis
3398 527 3573 573 autem
3605 521 3704 576 vim

2158 605 2327 659 habet
2376 614 2526 660 recte
2576 590 2943 676 cognoscendi
2989 623 3053 661 ac
3097 606 3435 677 dijudicandi
3464 649 3477 670 ,
3528 619 3705 681 estque

2152 694 2289 762 legis
2321 695 2522 750 divinae
2547 698 2798 766 cognitor
2825 706 2880 749 et
2909 698 3102 761 lector,
3130 699 3273 768 legat
3305 699 3624 754 intrinsecus
3659 711 3708 757 et

2153 788 2499 842 extrinsecus
2532 787 2748 843 divinas
2783 788 2999 842 tabulas
3026 805 3057 842 a
3088 789 3199 855 Deo
3232 805 3281 843 St
3296 790 3484 859 riptas,
3517 803 3575 848 ut
3601 809 3708 860 qua-

2152 880 2497 934 extrinsecus
2534 880 2758 950 quidem
2804 879 3185 950 intelligantur
3234 882 3531 936 secundum
3575 885 3705 939 litte-
3746 926 3755 932 .

2154 986 2269 1024 ram
2291 1011 2305 1035 ,
2339 969 2674 1026 intrinsecus
2707 980 2890 1026 autem
2931 971 3234 1026 secundum
3282 972 3552 1040 Spiritum.
3585 974 3711 1030 Sunt

2155 1068 2339 1113 autem
2388 1059 2507 1113 dum
2549 1075 2771 1129 quoque
2814 1060 3016 1113 tabula:
3057 1060 3348 1122 caelorum,
3378 1077 3497 1129 qua:
3532 1061 3709 1115 intrin-

2154 1162 2317 1202 secus
2355 1148 2580 1219 quidem
2639 1150 2826 1203 ferunt
2864 1150 3078 1204 ratione
3131 1136 3392 1219 praiditas
3429 1152 3610 1206 stellas
3661 1162 3711 1208 et

2152 1239 2476 1310 angelorum
2511 1249 2567 1295 et
2614 1240 2992 1312 angelicorum
3041 1244 3435 1312 mysteriorum
3462 1259 3524 1298 ac
3555 1244 3685 1300 ratio

2151 1348 2307 1394 num,
2337 1332 2685 1387 extrinsecus
2729 1344 2913 1387 autem
2968 1333 3153 1389 stellas
3201 1350 3325 1405 qua:
3375 1335 3579 1390 cadunt
3620 1336 3714 1390 sub

2153 1432 2481 1492 aspectum:
2529 1433 2586 1478 et
2634 1440 2824 1479 earum
2879 1424 3254 1479 describentes
3297 1426 3582 1496 aenigmata
3626 1441 3714 1497 per

2151 1527 2248 1566 eas
2294 1529 2415 1582 quae
2471 1523 2600 1569 sunt
2644 1514 2698 1567 in
2731 1513 2863 1584 ipsis
2899 1513 3122 1585 figuras,
3156 1515 3408 1589 locaque_
3434 1524 3489 1569 et
3534 1532 3716 1571 cursus

2152 1602 2519 1668 differentias,
2547 1621 2649 1659 nos
2677 1590 2941 1661 docentes
2968 1606 3332 1670 differentias,
3370 1615 3427 1662 et
3459 1615 3713 1677 tempora.

2151 1705 2207 1751 et
2240 1698 2384 1761 loca,
2424 1706 2479 1752 et
2515 1714 2717 1760 mores.
2754 1708 2811 1754 et
2849 1715 3065 1764 cursus,
3097 1708 3155 1754 et
3191 1700 3569 1769 apparitiones
3603 1717 3714 1756 san-

2150 1787 2487 1857 ctorum‘qui
2535 1788 2833 1844 illuxerunt
2882 1790 2935 1843 in
2975 1789 3323 1845 firmamento
3368 1790 3516 1851 ﬁdei.
3544 1791 3633 1861 qui
3657 1806 3717 1845 ex

2148 1877 2259 1931 alto
2290 1893 2393 1951 nos
2443 1877 2849 1933 illuminarunt.
2884 1867 3186 1949 Propterea
3238 1881 3361 1934 alia:
3408 1881 3626 1951 quidem
3659 1896 3719 1935 ex

2149 1970 2344 2033 stellis,
2382 1979 2543 2024 nocte
2594 1970 2774 2025 adhuc
2826 1980 3110 2035 crescente
3145 1972 3397 2043 (errore,
3461 1972 3718 2041 inquam.)

2147 2061 2519 2116 exoriuntur:
2556 2061 2866 2132 cujusmodi
2892 2064 3118 2117 fuerunt
3142 2061 3305 2126 Abel,
3336 2074 3396 2117 et
3433 2063 3641 2126 Enoch,
3667 2071 3721 2115 et

2147 2153 2284 2216 Noe,
2333 2162 2389 2207 et
2440 2153 2737 2209 Abraham.
2769 2153 2902 2209 Aliae
2947 2163 3131 2209 autem
3186 2170 3386 2210 rursus
3450 2154 3503 2209 in
3548 2152 3722 2208 medio

2147 2241 2287 2297 lucis
2317 2252 2371 2298 et
2405 2244 2779 2310 tenebrarum,
2820 2245 3011 2314 quales
3049 2247 3308 2301 novimus
3344 2262 3445 2302 eos
3474 2247 3567 2317 qui
3610 2245 3723 2299 fue-

2147 2342 2277 2387 runt
2306 2333 2360 2387 in
2390 2333 2527 2403 lege.
2563 2333 2696 2389 Aliae
2739 2343 2923 2389 autem
2952 2350 3148 2389 rursus
3186 2336 3529 2405 procedente
3568 2342 3722 2388 nocte

2147 2433 2203 2478 et
2233 2426 2319 2479 die
2347 2425 2846 2495 appropinquante,
2882 2426 2976 2495 qui
3004 2435 3134 2480 sunt
3158 2425 3303 2480 beati
3349 2425 3651 2496 prophetae,
3673 2430 3724 2476 et

2152 2517 2414 2587 Baptista,
2446 2525 2501 2570 et
2525 2516 2760 2573 maxime
2784 2518 2876 2586 qui
2909 2526 3067 2571 erant
3098 2517 3401 2587 propinqui
3452 2514 3722 2587 splendori

2146 2616 2302 2661 ortus
2332 2604 2570 2660 Domini.
2599 2606 2842 2673 Quorum
2879 2602 3104 2676 quidem
3149 2607 3559 2678 prophetarum
3600 2605 3725 2658 ulti-

2148 2712 2271 2753 mus
2298 2708 2353 2753 et
2382 2699 2627 2753 omnium
2653 2699 3016 2763 clarissimus,
3043 2691 3301 2767 [tuiqnam
3328 2699 3538 2753 lucifer
3560 2704 3727 2752 matu-

2151 2790 2316 2855 tinus,
2348 2789 2480 2843 solis
2503 2798 2720 2857 (nempe
2747 2785 2976 2854 Christi)
3002 2802 3311 2854 praecursor
3337 2786 3583 2841 Joannes
3602 2823 3616 2848 ,
3645 2783 3726 2837 di-

2148 2892 2319 2936 cens:
2352 2881 2484 2935 Ecce
2523 2888 2634 2950 post
2668 2897 2748 2933 me
2779 2880 2958 2933 oritur
2994 2878 3202 2933 mundo
3228 2878 3308 2934 sol
3336 2873 3569 2948 justitize
3601 2897 3613 2931 :
3640 2873 3728 2946 qui

2147 2989 2275 3035 eum
2314 2958 2461 3028 esset
2486 2983 2711 3027 exortus
2737 2981 2792 3027 et
2822 2988 3077 3043 egressus
3102 2988 3165 3026 ex
3193 2966 3361 3041 aquis
3391 2967 3727 3031 Jordanis",

465 3070 523 3117 et
552 3064 700 3118 inter
725 3061 965 3116 medium
1014 3054 1298 3119 noctis.'et
1337 3060 1484 3133 inter
1532 3058 1773 3113 medium
1815 3057 1957 3113 lucis
1992 3067 2116 3152 etC
2152 3065 2397 3145 dilupulo
2449 3064 2691 3119 ostendit
2732 3063 3024 3117 duodecim
3060 3052 3255 3115 domus
3299 3060 3727 3147 discipulorum,

470 3156 615 3209 inter
642 3153 885 3209 medium
924 3152 1299 3207 tenebrarum.
1336 3150 1623 3219 Quomodo
1651 3152 1796 3205 enim
1834 3149 2045 3220 potuis-

469 3256 594 3303 sent
621 3245 726 3301 sub
763 3260 1079 3301 mensuram
1108 3244 1305 3299 cadere
1339 3241 1710 3314 praacedentes
1740 3252 1849 3297 tres
1889 3242 2045 3306 dies;

467 3347 565 3392 aut
590 3336 867 3407 quomodo
900 3335 1169 3406 potuisset
1194 3326 1311 3390 fieri
1338 3349 1590 3405 vespera,
1627 3344 1683 3388 et
1715 3333 1830 3388 ﬁeri
1865 3348 2045 3397 mane,

468 3430 573 3485 nisi
602 3445 702 3501 per
731 3428 1132 3499 separationem
1159 3429 1297 3497 lucis
1331 3432 1386 3481 et
1417 3426 1766 3481 tenebrarum
1795 3425 1819 3478 ?
1850 3427 2051 3491 Quam-

467 3522 661 3577 obrem
689 3536 788 3592 per
816 3521 934 3575 haec
969 3519 1285 3583 luminaria,
1312 3519 1560 3589 qnzcdam
1590 3519 1695 3573 alia
1741 3517 2049 3589 spiritualia

468 3615 748 3685 mysteria,
785 3611 947 3666 docet
980 3624 1081 3666 nos
1110 3610 1417 3680 Scriptura,
1444 3625 1629 3664 rerum
1656 3609 2048 3679 corporalium.

469 3704 684 3761 Etenim
714 3702 873 3765 illud,
907 3701 1028 3757 Sint
1056 3702 1114 3756 in
1135 3703 1289 3775 signa
1320 3710 1369 3754 et
1389 3701 1445 3754 in
1473 3708 1734 3771 tempora,
1764 3707 1811 3753 et
1832 3701 1886 3753 in
1918 3700 2047 3763 dies,

467 3806 518 3850 et
551 3797 608 3849 in
635 3810 803 3849 annos
836 3809 993 3849 :non
1034 3808 1099 3848 ea
1142 3792 1279 3848 dicit
1308 3792 1453 3847 Deus
1487 3793 1678 3846 volens
1703 3790 2049 3859 astrologiam

469 3882 667 3938 docere
711 3882 988 3946 homines,
1022 3868 1202 3952 neque
1256 3881 1312 3935 in
1373 3882 1490 3936 sole
1535 3889 1591 3936 et
1628 3881 1757 3935 luna
1800 3888 1855 3934 et
1888 3880 2052 3934 astris

473 3974 680 4029 habere
724 3988 878 4045 spem
917 3974 1359 4045 gubernationis,
1389 3981 1452 4029 ut
1472 3973 1840 4043 desipientum
1872 3978 2053 4026 astro-

470 4066 717 4136 logorum
762 4065 986 4120 videtur
1032 4066 1261 4121 vanitati
1284 4106 1298 4129 ,
1330 4066 1424 4119 sed
1455 4080 1554 4135 per
1584 4065 1701 4120 haec
1728 4079 1851 4134 qua:
1886 4072 2054 4133 appa-

470 4169 596 4217 rent
639 4161 932 4217 luminaria
960 4168 1019 4215 et
1042 4160 1251 4225 stellas,
1287 4160 1556 4216 docemur
1595 4158 1749 4230 signa
1790 4158 2053 4229 spiritua-

470 4257 564 4322 lia,
588 4265 645 4313 et
680 4265 946 4327 tempora,
982 4264 1038 4312 et
1081 4260 1278 4321 annos,
1301 4262 1359 4309 et
1402 4253 1647 4317 ordines,
1679 4259 1735 4305 ct
1777 4250 2052 4320 guberna-

470 4350 701 4413 tionem,
729 4356 786 4404 et
837 4347 1102 4419 mysteria
1159 4343 1530 4400 admirabilia.
1565 4342 1640 4397 De
1699 4342 1808 4396 illis
1867 4350 2051 4395 autem

468 4441 598 4496 dico
629 4441 805 4495 stellis
822 4454 945 4509 quae
977 4438 1363 4492 illuminarunt
1386 4442 1442 4489 et
1461 4436 1517 4489 in
1538 4434 1682 4488 viam
1705 4433 2049 4488 deduxerunt
2083 4429 2125 4483 D

469 4547 640 4602 super
678 4540 884 4585 terram
913 4538 1228 4584 sanctorum
1261 4527 1634 4596 apostolorum
1676 4532 1727 4580 et
1753 4524 2051 4594 propheta-

471 4639 595 4679 rum
621 4633 678 4679 et
707 4624 998 4678 doctorum
1054 4620 1149 4690 qui
1206 4618 1590 4674 illuminantur
1618 4634 1651 4693 ιι
1713 4618 1839 4672 Sole
1881 4610 2048 4686 justi-

470 4718 582 4782 tiae,
613 4727 669 4772 et
695 4716 889 4770 dicunt
916 4731 933 4768 :
967 4711 1042 4768 De
1080 4712 1409 4782 plenitudine
1449 4713 1563 4781 ejus
1588 4723 1885 4788 aesomnes
1910 4708 2050 4762 acci-

470 4809 646 4881 pimus
666 4808 735 4862 “.
760 4805 902 4873 Quid
943 4807 1092 4861 enim
1120 4815 1241 4861 erat
1267 4805 1495 4860 omnino
1528 4812 1666 4873 opus
1692 4800 1865 4856 stellis
1889 4800 1915 4853 ?
1940 4799 2053 4855 Cur

473 4910 793 4958 autemnon
822 4898 965 4954 faeta
1004 4906 1088 4953 est
1110 4898 1241 4952 luna
1266 4902 1536 4968 perpetuo
1564 4895 1724 4966 plena
1754 4902 1811 4949 et
1834 4903 2051 4948 noctem

474 4991 867 5053 illaminabat?
899 4991 1042 5059 Quid
1088 4999 1275 5046 autem
1310 4991 1476 5045 etiam
1519 4989 1747 5059 juvatur
1774 4995 2051 5048 creatura,

474 5085 624 5160 quod
661 5083 863 5141 attinet
896 5082 965 5138 ad
989 5082 1257 5148 litteram,
1288 5082 1356 5137 ex
1387 5084 1512 5135 ortu
1544 5086 1602 5133 et
1646 5074 2049 5132 instauratione

473 5187 532 5241 οι
563 5177 798 5255 debent
833 5176 1027 5234 luna?
1057 5173 1204 5243 Quid
1237 5183 1423 5229 autem
1462 5170 1601 5227 lucri
1641 5168 1771 5225 facit
1807 5166 2055 5225 Ecclesia

471 5271 670 5329 videns
699 5282 822 5327 eam
852 5284 976 5341 quae
1005 5266 1212 5323 dicitur
1237 5263 1396 5327 Ursa,
1432 5276 1555 5332 qua
1582 5274 1864 5331 nunquam
1907 5260 2056 5315 occi-

472 5358 767 5432 ditlQuid
819 5365 986 5420 etiam
1029 5357 1310 5417 Pleiadem
1370 5354 1708 5411 unanimiter
1750 5344 2055 5409 ducentem

475 5459 709 5513 chorum
732 5471 830 5511 sex
859 5452 1143 5511 stellarum
1171 5450 1195 5503 τ
1223 5447 1359 5503 Alite
1397 5462 1615 5518 quoque
1641 5455 1771 5502 stmt
1798 5449 2057 5502 innume-

475 5548 681 5605 rabiles
713 5546 900 5618 “gum
935 5551 992 5600 et
1026 5543 1250 5598 nomina
1290 5540 1347 5594 in
1396 5537 1560 5595 astris
1602 5538 1957 5611 firmam‘ati,
1992 5555 2060 5593 ex

546 5651 783 5784 «ponam.
810 5674 842 5726 l_
886 5656 970 5710 16.
1047 5653 1278 5710 "Marc.
1313 5668 1351 5717 ι,
1387 5652 1453 5706 16
1488 5666 1641 5722 εθίιίΙ·

482 5742 522 5791 l,
553 5742 641 5784 τυ.

1721 5649 1827 5711 “li
1880 5649 1979 5704 ‘th.
2017 5666 2122 5713 xix,
2170 5649 2255 5702 12.
2334 5650 2376 5680 ⁸⁸
2412 5648 2611 5702 Ezech.
2638 5664 2674 5709 ι,
2710 5644 2792 5699 l0.
2873 5644 3059 5700 “Psal
3115 5656 3292 5711 uvu,
3326 5643 3424 5698 '51.

2150 3154 2245 3224 qui
2279 3164 2409 3209 sunt
2436 3155 2606 3209 stellae
2626 3171 2746 3223 quae
2771 3154 3054 3207 continent
3078 3161 3134 3206 et
3163 3153 3533 3206 dominantur
3563 3149 3730 3204 omni—

2148 3248 2255 3302 bus
2308 3246 2486 3302 stellis
2534 3246 2896 3309 ﬁrmamenti,
2938 3261 3136 3314 nempe
3178 3242 3472 3299 Ecclesiae.
3500 3242 3653 3309 Quod
3682 3237 3723 3291 si

2150 3338 2234 3392 vis
2264 3337 2460 3392 melius
2490 3337 2703 3390 discere
2738 3328 3120 3405 aliqua'etiam
3161 3333 3396 3388 nomina
3433 3334 3605 3403 hujus
3644 3328 3733 3399 qui

2148 3437 2270 3483 erat
2300 3427 2595 3498 aliquando
2627 3427 2896 3481 Zodiacus
2927 3426 3170 3480 circulus
3200 3425 3473 3480 Ecclesiae
3497 3465 3509 3489 ,
3545 3436 3735 3489 nempe

2151 3522 2443 3577 duodecim
2491 3520 2785 3575 stellarum
2824 3517 3273 3587 apostolicarum,
3309 3516 3610 3571 considera
3649 3512 3733 3564 ﬁr-

2152 3614 2414 3669 mamenti
2443 3612 2737 3666 duodecim
2773 3608 3193 3680 appellationes”.
3219 3609 3316 3662 lim
3348 3618 3538 3662 autem
3564 3612 3727 3660 sunt;

2150 3706 2339 3775 Virgo,
2363 3705 2663 3774 Hesperus,
2684 3703 2845 3772 Lyra,
2870 3700 3109 3765 Gemini,
3126 3700 3259 3765 Leo,
3286 3700 3536 3761 Taurus,
3562 3694 3732 3752 Aries.

2100 3852 2115 3859 _
2153 3797 2506 3867 Sagittarius,
2547 3794 2840 3864 Aquarius,
2898 3792 3106 3856 Pisces,
3156 3790 3452 3865 Scorpius,
3506 3790 3734 3845 Cancer,

2150 3897 2209 3945 et
2241 3889 2347 3943 alia
2398 3888 2657 3957 plurima.
2694 3885 2800 3939 Sed
2840 3898 2903 3938 ea
2936 3883 3159 3953 quidem
3198 3882 3462 3937 fabulose
3510 3890 3567 3935 et
3610 3879 3738 3933 falso

2152 3986 2283 4036 Sunt
2332 3974 2646 4049 appellata,
2701 3978 2755 4031 in
2823 3974 3166 4029 firmamento
3234 3983 3435 4027 autem
3485 3969 3744 4027 Ecclesize

2154 4070 2518 4142 spiritualiter
2560 4077 2617 4123 et
2657 4083 2875 4137 semper
2918 4067 3127 4120 lucent.
3163 4063 3346 4119 liabet
3380 4064 3535 4119 enim
3572 4059 3744 4129 Virgis

2153 4178 2279 4219 nem
2325 4162 2538 4216 stellam
2600 4160 2846 4214 Ecclesia
2907 4157 3213 4220 luminare,
3244 4168 3465 4224 nempe
3504 4163 3745 4208 sanctam

2156 4254 2437 4326 Virginem"
2468 4294 2482 4318 ,
2534 4261 2592 4308 cl
2630 4267 2727 4306 eos
2775 4252 2865 4322 qui
2918 4252 3113 4319 seipse:
3165 4255 3491 4302 castrarunt
3539 4251 3747 4315 prapter

2157 4362 2376 4418 regnum
2407 4344 2739 4400 caelorum“.
2755 4343 2832 4397 Ex
2845 4341 3049 4411 quibus
3064 4341 3290 4394 fuerunt
3306 4340 3487 4394 etiam
3508 4338 3748 4408 quinque

2154 4443 2261 4497 illa:
2285 4439 2527 4512 virgines
2556 4452 2679 4507 qua:
2696 4435 2873 4489 media
2891 4444 3054 4489 nocte
3071 4436 3339 4501 tanquam
3364 4431 3546 4486 stella;
3566 4432 3748 4483 lumen

2154 4531 2470 4601 lampadem
2549 4526 2942 4583 accenderunt.
2997 4523 3177 4577 Habet
3251 4522 3436 4575 etiam
3506 4516 3751 4576 Ecclesia

2155 4622 2416 4681 Geminos
2469 4620 2706 4685 stellam,
2734 4616 3023 4680 Thomam,
3052 4613 3145 4684 qui
3203 4613 3425 4674 dicitur
3466 4610 3748 4667 Geminus.

2158 4712 2334 4770 Habet
2374 4712 2637 4776 Leonem,
2665 4724 2867 4779 nempe
2906 4706 3133 4761 Lucam.
3174 4704 3314 4759 Nam
3373 4713 3435 4759 et
3475 4702 3591 4759 Leo
3625 4716 3753 4757 con-

2157 4817 2380 4877 spectus
2426 4813 2512 4858 est
2562 4800 2946 4869 in‘Seraphim
2974 4799 3042 4866 ⁸⁸,
3071 4795 3543 4868 quandoquidem
3574 4794 3643 4849 ad
3676 4790 3754 4844 vi-

2160 4910 2284 4953 rum
2342 4895 2614 4966 optimum
2675 4892 2900 4963 scripsit
2923 4889 3308 4960 Evangelium.
3336 4888 3528 4943 Porro
3581 4892 3757 4941 autem

2157 4991 2296 5046 alios
2349 5002 2569 5059 quoque
2628 4984 2797 5040 habet
2842 4984 3053 5048 leones,
3082 4988 3222 5051 quos
3242 4979 3481 5050 peperit
3509 4977 3759 5034 Christus

2160 5082 2308 5138 sicut
2337 5079 2553 5134 catulus
2598 5076 2775 5132 leonis
2807 5072 2969 5139 Iuda,
3004 5075 3099 5145 qui
3133 5072 3369 5143 quidem
3412 5070 3758 5141 imperarunt

2162 5183 2219 5230 et
2248 5185 2483 5244 regnum
2514 5162 2882 5225 obtinuerunt
2913 5167 2970 5221 in
3000 5166 3146 5221 feras
3176 5162 3503 5232 aiiquando
3529 5160 3756 5217 belluas,

2162 5280 2363 5334 nempe
2408 5271 2621 5335 gentes.
2659 5260 3015 5331 Congregatio
3047 5258 3199 5312 enim
3233 5256 3454 5310 horum
3489 5261 3764 5309 taurorum

2163 5360 2219 5413 in
2249 5357 2491 5429 juvencis
2506 5355 2559 5387 “
2577 5351 2971 5409 Ecclesiarum.
3025 5348 3134 5405 Sed
3176 5358 3234 5403 et
3289 5346 3555 5402 Marcum
3606 5340 3766 5396 habet

2166 5451 2261 5521 qui
2312 5434 2578 5518 tanquam
2610 5444 2711 5501 bos
2758 5443 3015 5515 apparuit
3048 5443 3105 5496 in
3137 5440 3381 5497 animali
3427 5452 3529 5495 sex
3558 5444 3767 5507 penna-

2166 5552 2290 5591 rum
2316 5536 2381 5600 ",
2415 5535 2676 5617 quoniam
2711 5548 2742 5588 a
2783 5530 3072 5588 sacriﬁciis
3107 5528 3350 5598 incepit
3382 5524 3767 5597 Evangelium.

3505 5638 3549 5673 ⁸⁷
3575 5629 3769 5692 Eaecb.
