4026 6140
462 317 583 383 ⁵1111
1351 371 1383 381 ρ

1688 306 1750 368 S.
1789 304 2188 367 ANASTASII
2227 301 2556 365 SINAIT'IE

3622 298 3714 365 912

477 431 756 491 Ecclesia.
801 427 963 484 Aliud
999 427 1150 484 enim
1178 425 1286 481 fuit
1328 433 1545 495 tempus
1582 423 1984 493 apostolorum,
2009 428 2066 476 et
2097 429 2138 485 Α
2167 430 2224 475 et
2256 420 2641 482 illuminante,
2676 417 3059 488 nempe'luna,
3110 414 3184 469 ita
3221 413 3393 469 etiam
3421 430 3485 469 ex
3540 415 3713 472 iisdem

478 524 641 583 aliud
675 533 909 592 tempus.
938 528 1260 575 sanctorum
1312 517 1408 587 qui
1457 514 1789 578 aﬁ‘erebant,
1823 522 1881 568 et
1913 512 2065 567 aliud

487 626 809 676 sanctorum
859 616 1271 682 martyrum,-et
1307 605 1458 660 aliud
1495 614 1714 674 tempus
1746 602 2066 658 doctorum.

488 712 565 768 De
596 709 684 763 his
712 705 891 762 stellis
922 704 1034 757 Deo
1064 700 1203 755 dicit
1231 698 1402 753 etiam
1427 696 1603 752 David
1631 714 1645 750 :
1685 693 1789 760 Qui
1808 701 2071 771 Anumerat

488 799 887 859 multitudinem
913 792 1222 857 stellarum,
1252 798 1301 845 et
1334 789 1576 847 omnibus
1622 791 1695 841 eis
1725 786 1947 840 nomina
1975 800 2069 838 vo-

486 903 573 949 cat
612 892 681 945 ⁸³.
716 890 835 945 lloc
864 896 971 952 est,
1003 900 1073 939 ex
1103 884 1172 939 iis
1212 884 1352 937 alios
1402 880 1631 951 quidem
1662 888 1819 934 vocat
1855 890 2067 940 servos,

470 988 631 1049 .alios
681 989 867 1039 autem
919 976 1316 1041 mercenarios,
1373 974 1516 1028 alios
1568 986 1706 1027 vero
1760 967 2067 1039 operarios,

467 1080 631 1136 .alios
663 1082 853 1135 autem
871 1071 1100 1133 amicos,
1136 1068 1278 1123 alios
1305 1074 1494 1122 autem
1526 1075 1734 1135 patres.
1757 1062 1896 1117 Nam
1923 1061 1969 1115 si
2003 1059 2071 1114 de

466 1170 780 1243 vcorporeis
805 1164 984 1222 stellis
1014 1162 1124 1216 hoc
1156 1158 1524 1222 intellexeris,
1541 1171 1663 1211 non
1700 1153 1955 1209 invenies
1976 1150 2073 1221 qui

468 1281 587 1322 ceas
641 1260 776 1319 fecit
807 1260 978 1314 Deum
1020 1252 1346 1322 unicuique
1404 1250 1697 1320 proprium
1738 1244 2072 1316 imposuisse

467 1373 714 1420 momen,
751 1360 952 1425 praeter
975 1360 1307 1403 commune:
1362 1352 1557 1414 postea
1585 1341 1736 1396 enim
1781 1337 2070 1393 hominum

492 1448 784 1521 sapientia,
813 1443 980 1498 aliam
1003 1438 1230 1510 quidem
1255 1430 1878 1503 voeavitSagittarium,
1905 1428 2072 1482 aliam

493 1558 627 1599 vero
656 1537 902 1601 Daciam,
924 1533 1104 1588 .aliam
1135 1537 1323 1585 autem
1349 1528 1627 1590 Prestera,
1652 1524 1818 1579 aliam
1848 1521 2074 1593 Typho-

476 1653 642 1702 atem,
675 1634 838 1689 aliam
866 1625 1244 1697 Lampadiam,
1281 1622 1446 1677 aliam
1493 1619 1817 1690 Pogoniam,
1840 1624 1896 1671 et
1912 1615 2075 1669 aliam

488 1730 653 1785 aliter
681 1721 1000 1796 appellavit.
1033 1720 1112 1774 De
1142 1717 1233 1771 his
1260 1715 1436 1771 stellis
1478 1711 1766 1775 Ecclesiae,
1800 1709 2076 1779 intelliges

489 1830 544 1878 ct
577 1786 734 1890 quod
752 1786 809 1870 in
840 1821 1040 1868 octavo
1078 1808 1287 1879 psalmo
1313 1806 1524 1861 dictum
1557 1812 1642 1858 est
1667 1803 1736 1857 ad
1762 1800 2069 1857 Christum:
2106 1786 2147 1839 Β

494 1914 701 1968 Lunam
731 1915 778 1962 et
801 1904 986 1962 stellas
1027 1918 1161 1972 quas
1221 1908 1277 1953 tu
1332 1897 1569 1969 fundasti
1623 1894 1690 1948 “.
1723 1892 1836 1949 Cur
1889 1901 2077 1946 autem

484 2021 607 2061 .non
639 2002 812 2057 dixit:
850 1997 917 2052 Et
961 1995 1128 2050 solem
1160 1995 1183 2048 ?
1214 1991 1514 2059 Quoniam,
1546 1989 1694 2045 sicut
1731 1986 1887 2057 prius
1937 1985 2074 2049 dixi,

494 2112 627 2151 vera
658 2103 715 2150 et
750 2100 901 2147 certa
926 2086 1130 2144 Christi
1154 2086 1329 2156 ﬁgura
1362 2092 1448 2139 est
1471 2082 1583 2138 sol:
1608 2080 1865 2136 Christus
1891 2088 2079 2132 autem

496 2205 608 2244 non
639 2181 1050 2245 fuitfundatus,
1100 2194 1205 2232 nec
1263 2176 1419 2232 stetit
1451 2176 1506 2229 in
1550 2172 1899 2227 ﬁrmamento
1927 2168 2076 2233 caeli,

495 2281 592 2338 sed
623 2293 787 2349 supra
809 2275 980 2332 coelos
1020 2272 1079 2327 in
1112 2272 1313 2326 throno
1335 2267 1686 2324 Cherubico:
1722 2280 1848 2318 nam
1869 2262 1936 2316 de
1959 2261 2080 2331 ipso

495 2374 683 2428 dictus
711 2374 801 2424 est
832 2373 982 2421 totus
1001 2363 1279 2434 psalmus:
1316 2356 1584 2424 Quoniam
1614 2354 1822 2409 elevata
1851 2359 1928 2406 est
1966 2367 2081 2405 ma-

499 2461 810 2536 gniﬁcentia
836 2466 928 2512 tua
954 2471 1113 2525 super
1143 2451 1317 2516 caelos,
1347 2450 1437 2521 qui
1477 2464 1540 2501 ea:
1574 2464 1663 2502 ore
1706 2445 1995 2515 infantium
2033 2448 2083 2495 et

484 2533 811 2613 ludentium
838 2548 1104 2622 perfecisti
1131 2543 1367 2610 tandem,
1390 2549 1448 2597 et
1497 2540 1594 2611 qui
1616 2552 1872 2619 magnus
1901 2533 2085 2606 ponti-

490 2648 593 2705 fex
611 2640 999 2718 pcrtransiisti
1031 2638 1224 2694 cmlos.
1259 2634 1400 2690 Eum
1444 2642 1633 2688 autem
1676 2631 1773 2700 qui
1825 2627 1896 2683 ad
1942 2628 2086 2681 hanc

498 2717 679 2810 usque
718 2736 990 2798 litteram,
1027 2728 1396 2799 corporaliter
1428 2723 1691 2794 intelligit
1722 2721 1993 2776 rationem
2015 2717 2084 2774 de

500 2830 642 2888 etc-lo
673 2835 731 2882 et
779 2826 897 2882 sole
951 2830 1008 2878 et
1039 2822 1173 2876 luna
1205 2826 1264 2875 et
1311 2817 1511 2881 stellis,
1568 2814 1753 2886 arguit
1784 2814 1902 2883 ipsa
1936 2810 2088 2868 Scri-

501 2931 666 2995 ptura
688 2919 879 2974 divina
899 2931 1027 2972 eum
1052 2930 1160 2969 non
1185 2913 1276 2983 pie
1295 2911 1470 2966 sacris
1495 2907 1818 2963 incumbere
1837 2904 2084 2959 Litteris.

501 2994 721 3070 Dictum
756 3018 843 3065 est
864 3007 1015 3063 enim
1038 3007 1094 3060 in
1130 3004 1352 3075 hymnis
1374 3001 1548 3056 David
1570 3038 1584 3053 .
1636 2997 1875 3053 Laudate
1905 2994 2086 3048 Domi-

2171 514 2390 569 duabus
2411 515 2578 568 rebus
2601 510 2989 582 spiritualibus
3013 504 3375 578 regeneratur
3395 517 3449 562 et
3468 506 3715 562 formatur

2166 609 2336 662 homo
2368 616 2561 661 noster
2595 606 2871 668 internus,
2904 602 3001 672 qui
3029 618 3097 654 ex
3117 601 3247 654 luna
3274 599 3516 669 quidem,
3542 594 3719 671 nempe

2170 702 2443 765 Ecclesia,
2479 700 2731 756 nascitur
2756 715 2854 770 per
2878 713 3076 767 aquam
3105 706 3161 751 et
3192 696 3478 765 Spiritum,
3550 754 3555 757 _

2238 796 2380 852 Audi
2407 796 2644 851 etlauda
2668 812 2791 866 quae
2833 803 2966 850 sunt
3000 794 3055 848 in
3092 793 3182 847 his
3222 792 3518 848 ineffabilia
3546 804 3599 849 et
3635 794 3722 848 ad-

2171 886 2469 942 mirabilia.
2500 886 2789 953 Quomodo
2840 882 2975 940 solis
3018 892 3075 939 et
3120 884 3267 938 luna:
3314 900 3481 938 unum
3521 886 3723 954 quidem

2170 988 2257 1036 est
2282 980 2647 1051 inspectabile
2680 997 2694 1033 :
2734 981 2974 1034 alterum
3010 986 3199 1032 autem
3242 986 3328 1032 est
3387 977 3727 1047 ejusmodiut

2170 1073 2331 1129 cadat
2359 1073 2462 1129 sub
2491 1081 2801 1143 aspectum,
2832 1081 3022 1142 aperte
3064 1070 3228 1125 nobis
3272 1069 3507 1143 clamant
3538 1077 3725 1138 myste-

2173 1165 2318 1219 rium
2361 1140 2571 1220 Christi
2623 1174 2679 1219 et
2716 1140 2977 1218 Ecclesiae
3009 1162 3079 1217 iis
3119 1152 3213 1232 qui
3244 1161 3299 1215 id
3327 1140 3729 1214 voluntintelli-

2173 1273 2302 1329 gere
2326 1252 2720 1329 spiritualiter.
2748 1256 2883 1311 Nam
2907 1256 3147 1310 alterum
3175 1253 3401 1323 quidem
3434 1262 3516 1308 est
3548 1251 3729 1306 subtile

2175 1352 2231 1406 in
2264 1362 2457 1425 typum
2508 1349 2843 1415 divinitatis,
2878 1348 3116 1403 alterum
3170 1355 3357 1401 autem
3409 1360 3644 1400 crassum
3672 1344 3731 1398 ad

2171 1442 2886 1515 imaginem.humanitatis.
2912 1441 3051 1495 Nam
3104 1439 3337 1508 spiritus
3364 1437 3582 1507 quidem
3612 1437 3732 1489 latet

2177 1536 2237 1591 in
2288 1552 2463 1605 aqua,
2520 1533 2747 1604 sanguis
2792 1542 2979 1587 autem
3038 1531 3461 1600 inaspectabilis
3509 1530 3635 1582 latet
3676 1527 3735 1581 in

2177 1644 2435 1700 corpore.
2479 1628 2602 1682 Haec
2623 1637 2678 1682 et
2698 1642 2819 1696 qum
2839 1634 2972 1681 sunt
3004 1624 3278 1697 ejusmodi
3312 1640 3381 1677 ne
3405 1624 3598 1692 legeris
3614 1636 3735 1674 con-

2176 1722 2468 1776 venienter
2515 1720 2762 1774 scientiae
2814 1717 3145 1784 medicinae,
3200 1716 3298 1771 sed
3357 1715 3738 1770 convenienter

2178 1813 2479 1884 spirituali,
2535 1811 2812 1881 siquidem
2845 1809 3030 1864 credis
3066 1809 3213 1879 quod
3247 1809 3398 1863 Deus
3425 1804 3739 1860 omniafecit

2179 1906 2236 1959 in
2263 1903 2559 1974 sapientia.
2594 1903 2791 1973 Cogita
2816 1902 3009 1963 etiam,
3043 1918 3153 1955 non
3190 1901 3246 1955 in
3274 1901 3386 1955 hoc
3419 1898 3612 1969 quarto
3641 1898 3739 1959 die,

2179 2006 2235 2053 et
2274 1999 2329 2053 in
2356 1996 2637 2069 mysteriis
2664 2012 2786 2066 quae
2812 1999 2866 2049 in
2898 1996 3016 2065 ipso
3052 1994 3193 2048 facta
3219 2001 3352 2047 sunt
3398 1991 3464 2047 de
3490 1980 3633 2055 sole,
3682 1989 3742 2043 de

2178 2091 2334 2154 luna,
2357 2099 2415 2144 et
2450 2089 2519 2144 de
2555 2089 2753 2153 stellis,
2781 2097 2837 2142 et
2864 2089 2931 2143 de
2970 2087 3177 2142 Christi
3207 2085 3461 2140 Ecclesia
3483 2092 3537 2138 et
3578 2080 3745 2150 bapti-

2182 2191 2380 2247 smate,
2413 2192 2470 2238 et
2495 2182 2564 2237 de
2592 2182 2853 2237 omnibus
2888 2180 3104 2236 caeteris
3141 2196 3236 2234 sex
3268 2172 3515 2241 dierum,
3546 2192 3662 2245 qua:
3693 2175 3741 2226 in

2181 2285 2377 2347 quarto
2405 2277 2493 2331 die
2526 2276 2735 2336 saeculi,
2762 2275 2877 2329 hoc
2900 2283 2986 2328 est
3032 2274 3086 2328 in
3112 2281 3315 2343 quarto
3375 2269 3698 2331 millenario,
3720 2280 3749 2319 a

2182 2372 2296 2425 Deo
2326 2387 2425 2441 per
2473 2366 2661 2423 Mosen
2705 2368 2762 2421 in
2795 2366 2964 2422 Israel
3012 2367 3219 2435 scripta
3274 2375 3413 2421 sunt
3435 2374 3492 2418 et
3517 2360 3750 2433 praeﬁgu-

2185 2472 2323 2528 rata,
2360 2470 2417 2517 et
2443 2461 2604 2515 nobis
2632 2459 2878 2514 revelata
2905 2468 2960 2513 et
2986 2457 3284 2528 praedicta:
3327 2453 3556 2526 quando
3591 2449 3751 2507 maxi-

2185 2568 2272 2608 me
2311 2558 2366 2607 et
2423 2559 2586 2622 typus
2642 2548 2996 2618 baptismatis
3049 2546 3155 2601 fuit
3200 2547 3255 2600 in
3286 2546 3537 2601 Jordane
3577 2558 3606 2597 a
3636 2540 3753 2596 Jesu

2185 2646 2355 2709 Nave,
2416 2658 2484 2697 eo
2522 2642 2636 2697 illic
2688 2640 3007 2711 baptizante
3064 2639 3277 2708 absque
3339 2632 3752 2694 madefactione,

2185 2735 2404 2799 Arcam,
2435 2749 2634 2804 nempe
2657 2731 2867 2788 Christi
2891 2718 3449 2797 Ecclesium,‘adhuc
3497 2722 3757 2797 spirituali

2186 2835 2244 2882 et
2302 2826 2506 2881 diurno
2557 2832 2614 2881 et
2670 2840 2839 2880 suave
2896 2823 3089 2878 liuenti
3132 2823 3445 2892 baptismo,
3488 2818 3583 2874 ubi
3609 2817 3761 2873 Jesus

2189 2934 2407 2989 quoque
2442 2917 2593 2973 Nave
2631 2917 2951 2987 baptizatus
2986 2916 3089 2970 fuit
3118 2924 3424 2980 nocturno,
3457 2911 3690 2971 marino,
3711 2913 3763 2961 et

2189 3009 2329 3064 falso
2363 3009 2605 3066 Mosaico
2628 3008 2812 3082 typieo
2836 3007 3208 3077 baptismate:
3238 2988 3626 3076 quod'postea
3668 2998 3765 3055 fuit

502 3100 755 3168 num,sol
777 3108 825 3153 et
849 3098 1003 3163 (una;
1025 3094 1241 3149 laudate
1262 3110 1402 3155 eum,
1427 3106 1605 3145 omnes
1628 3087 1799 3143 stella:
1814 3097 1860 3139 et
1885 3085 2082 3138 lumen.
2115 3121 2159 3179 ϐ
2193 3103 2471 3160 redditum
2508 3101 2796 3173 spirituale
2839 3100 3100 3155 diurnum
3154 3109 3211 3155 et
3241 3099 3517 3163 salutare,
3556 3092 3764 3167 quando

503 3194 744 3251 Laudate
770 3207 915 3256 eum,
956 3188 1072 3243 caeli
1107 3184 1382 3248 calorum,
1411 3183 1665 3254 quoniam
1721 3182 1831 3251 ipse
1875 3178 2005 3232 dixit
2035 3184 2084 3230 et

503 3286 646 3356 {acta
673 3289 821 3345 sunt,
848 3277 1039 3333 statuit
1067 3292 1127 3329 ea
1153 3275 1209 3328 in
1235 3271 1513 3338 saxulum,
1537 3281 1584 3325 et
1614 3273 1668 3325 in
1703 3268 1957 3324 sa’culum
1989 3282 2089 3350 sre-

501 3344 630 3430 culi.
660 3372 993 3441 Pra'rcptum
1024 3366 1220 3438 posuit,
1257 3373 1306 3418 et
1337 3380 1443 3417 non
1469 3361 1759 3433 pra’teribit
1779 3362 1845 3414 ⁸⁵.
1879 3358 1937 3413 Si
1956 3344 2087 3429 ergo

490 3465 700 3529 statuit
722 3464 871 3518 Deus
917 3461 974 3515 in
1008 3459 1271 3515 saeculum
1305 3457 1513 3521 saeculi,
1539 3463 1601 3509 ut
1648 3461 1839 3509 essent
1874 3451 2001 3507 coeli
2030 3458 2088 3504 et

491 3560 590 3616 sol
626 3567 683 3613 et
708 3558 839 3610 luna
862 3553 1134 3615 ctstellae,
1164 3548 1445 3620 quomodo
1506 3561 1701 3601 rursus
1756 3544 1895 3599 dicit
1942 3543 2088 3598 Deus

490 3668 605 3724 oper
633 3648 892 3707 eumdem
925 3644 1289 3717 prophetam:
1316 3640 1444 3697 ϐατιὶ
1475 3640 1738 3712 peribunt,
1762 3645 1812 3691 et
1829 3645 2088 3708 tanquam

492 3734 870 3801 uestimentum
895 3744 1242 3799 veterascent,
1268 3745 1319 3788 et
1342 3736 1477 3789 sicut
1504 3734 1831 3805 opertorium
1853 3733 2087 3784 circum-

498 3837 782 3894 caleentur
809 3834 889 3899 ⁸⁶;
929 3840 986 3887 et
1014 3845 1208 3885 rursus
1226 3828 1366 3884 dicit
1394 3844 1497 3898 per
1514 3827 1686 3904 alium
1720 3825 2045 3896 pr0phetam
2071 3841 2083 3877 :

500 3930 952 3989 Circumvolvetur
1000 3924 1189 3981 malum
1215 3933 1475 3994 tanquam
1502 3923 1633 3977 liber
1664 3924 1719 3975 in
1749 3937 2090 3975 consumma-

503 4026 644 4079 tione
679 4020 1016 4083 sazculorum,
1061 4026 1109 4071 et
1149 4015 1264 4070 caeli
1300 4026 1564 4085 tanquam
1593 4012 1725 4084 folia
1768 4013 1963 4067 cadent
1986 4013 2032 4046 ⁸⁷
2063 4011 2087 4064 ?

501 4115 679 4184 Quam
720 4113 791 4167 ob
828 4127 941 4166 rem
985 4110 1103 4180 ipse
1143 4124 1367 4179 quoque
1422 4122 1615 4161 carum
1651 4113 1892 4168 creator,
1942 4104 2087 4157 Deus

502 4206 769 4264 1Verbum.
790 4203 974 4267 Iesus,
992 4200 1168 4256 dicit:
1195 4198 1396 4257 Cretum
1425 4205 1475 4251 et
1500 4205 1645 4251 terra
1674 4196 1979 4251 transibunt
2008 4194 2088 4248 κθ

503 4298 790 4369 Tanquam
817 4295 1032 4367 ﬁgura:
1061 4294 1279 4347 ﬁrmum
1310 4298 1498 4346 autem
1552 4289 1752 4347 caelum
1787 4286 1914 4342 ﬁdei
1974 4302 2087 4340 non

504 4389 785 4453 transibit,
829 4395 893 4443 et
923 4382 1128 4442 ccelitm
1171 4384 1320 4455 quod
1368 4382 1645 4447 cernitur,
1696 4381 2085 4451 exstinguetur

2195 3194 2435 3266 Spiritus
2460 3194 2758 3249 descendit
2816 3192 2872 3247 in
2908 3208 3130 3262 aquam,
3163 3200 3466 3262 postquam
3513 3187 3766 3245 Dominus

2188 3303 2257 3343 ex
2290 3302 2357 3342 ea
2385 3283 2653 3340 ascendit.
2678 3282 2868 3353 Neque
2892 3282 3041 3336 enim
3076 3280 3414 3352 purgatione
3447 3294 3589 3350 opus
3612 3275 3767 3337 habe-

2188 3380 2285 3435 bat
2317 3377 2705 3441 sanctissimus
2734 3375 3024 3439 Dominus,
3068 3384 3128 3428 ut
3188 3373 3350 3444 prius
3399 3368 3768 3438 descendente

2190 3470 2400 3541 Spiritu
2433 3468 2529 3539 qui
2590 3483 2788 3537 aquam
2840 3452 3236 3532 sanctiﬁcarel,
3279 3465 3407 3535 ipse
3446 3462 3767 3541 baptismum

2190 3540 2518 3630 susciperet,
2559 3567 2617 3611 ut
2649 3557 2704 3611 ﬁt
2751 3557 2807 3611 in
2836 3557 3049 3611 nobis:
3083 3556 3180 3611 sed
3228 3565 3288 3611 ut
3343 3540 3639 3611 amborum
3678 3549 3769 3604 ba-

2190 3654 2511 3724 ptismatum
2535 3649 2695 3705 Jesus
2723 3657 2875 3703 stans
2902 3649 3141 3711 medius.
3166 3649 3385 3719 aliquid
3415 3649 3645 3719 quidem
3688 3644 3774 3698 de-

2189 3744 2416 3815 pressit,
2458 3740 2668 3812 aliquid
2698 3757 2828 3795 vero
2862 3740 3117 3807 tradidit,
3160 3740 3350 3810 primo
3389 3741 3652 3811 protinus
3682 3753 3771 3793 ex-

2192 3836 2494 3893 terminato
2536 3849 2660 3888 cum
2694 3832 2876 3903 primo
2914 3835 3139 3904 populo.
3174 3832 3275 3887 Hic
3304 3842 3401 3888 est
3430 3834 3595 3888 Jesus
3616 3832 3772 3891 Nave,

2189 3912 2727 3998 primarius'Christi
2786 3935 2968 3996 typus,
3002 3923 3096 3994 qui
3125 3932 3273 3978 stare
3331 3925 3471 3979 fecit
3526 3923 3692 3980 solem
3725 3920 3772 3973 in

2189 4019 2394 4082 Gabaa,
2425 4019 2694 4073 etlunam
2731 4019 2786 4072 in
2824 4018 3134 4086 Pliaranga,
3175 4017 3425 4071 alterum
3453 4033 3525 4071 ex
3551 4015 3775 4068 adverso

2191 4111 2441 4174 alterius.
2492 4109 2775 4180 quomodo
2802 4109 2909 4165 fuit
2936 4125 2967 4165 a
3004 4109 3299 4179 principio.
3356 4109 3418 4164 In
3456 4108 3663 4179 quibus
3690 4117 3777 4175 per

2190 4202 2430 4259 duorum
2463 4201 2825 4256 luminarium
2891 4200 3187 4256 stationem
3245 4209 3302 4254 et
3358 4200 3625 4255 ﬁxionem
3665 4207 3777 4264 qua:

2191 4306 2350 4352 erant
2368 4295 2429 4350 in
2455 4294 2709 4366 figuram,
2737 4294 3027 4364 perierunt
3075 4293 3242 4350 etiam
3274 4293 3479 4349 hostes
3502 4286 3774 4347 Ecclesiae-

2193 4385 2479 4455 Quomodo
2503 4396 2692 4442 autem
2723 4395 2982 4456 quartum
3026 4385 3407 4440 millenarium
3455 4381 3645 4455 quarti
3678 4374 3778 4432 diei

502 4476 1006 4552 tanquam~ﬁguraz
1036 4476 1121 4529 sol
1146 4484 1354 4539 autem,
1384 4488 1586 4543 nempe
1612 4470 1874 4527 Christus
1919 4484 2082 4540 quem

2192 4480 2377 4536 smculi
2412 4477 2761 4534 ostendimus
2788 4478 3089 4533 convenire
3118 4485 3323 4548 quarto
3386 4476 3509 4532 diei
3537 4488 3639 4549 se);
3666 4469 3777 4523 die-

503 4574 586 4630 sol
628 4568 1021 4643 prtellguravlt,
1075 4569 1124 4622 is
1177 4575 1365 4621 manet
1429 4567 1485 4620 in
1549 4564 1813 4620 steculum
1871 4562 2079 4617 smeuli.

504 4661 774 4718 Similiter
802 4660 975 4714 etiam
1007 4657 1189 4730 typica
1246 4657 1375 4711 luna
1432 4656 1672 4726 peribit;
1731 4669 1865 4708 vera
1897 4662 2081 4708 autem

507 4756 637 4809 luna
663 4752 926 4809 Ecclesia:
950 4767 1114 4822 quam
1152 4750 1310 4822 prius
1336 4749 1660 4820 praedicavit
1693 4756 1750 4802 et
1788 4747 2086 4800 annuntia-

504 4847 586 4900 vit
614 4853 911 4908 nocturna,
952 4859 1067 4897 tum
1107 4850 1448 4898 veterascet:
1508 4851 1564 4896 et
1623 4849 1827 4893 sancta:
1884 4839 2081 4902 stt-lim,

506 4951 706 5006 nempe
756 4935 971 4991 ratione
1018 4935 1233 5005 praediti
1288 4932 1448 4990 chori
1509 4941 1852 4995 sanctorum,
1889 4930 2084 4985 aeterni

504 5038 876 5103 permanent;
913 5045 1103 5086 earum
1156 5041 1343 5085 autem
1387 5026 1607 5097 ﬁgurat,
1657 5039 1854 5093 nempe
1912 5023 2085 5078 stella:

509 5125 867 5194 temporales,
912 5122 1115 5177 cadent
1147 5130 1410 5191 tanquam
1477 5117 1629 5181 folia,
1675 5116 1899 5184 quando
1944 5115 2086 5170 Iusti

506 5216 780 5291 fulgebunt
829 5230 883 5273 ut
939 5218 1040 5281 sol,
1078 5217 1184 5270 hoc
1237 5210 1657 5276 est,,Christus.
1692 5209 1873 5278 Ipsum
1914 5210 2084 5274 enim,

506 5322 567 5366 ut
600 5313 801 5382 sapius
830 5310 1080 5366 ostendit
1113 5306 1318 5370 oratio,
1339 5302 1658 5373 prmﬁgurat
1692 5300 1783 5356 hic
1817 5301 1931 5366 sol;
1954 5301 2088 5354 luna

504 5413 714 5466 autem,
769 5403 1099 5459 Ecclesiam.
1136 5397 1428 5465 Quomodo
1455 5395 1601 5449 enim
1625 5409 1693 5449 ex
1726 5393 1943 5448 duabus
1968 5408 2091 5448 cor-

506 5495 694 5563 poreis
719 5491 1083 5548 facultatibus
1105 5496 1324 5544 constat
1353 5495 1619 5541 externus
1669 5484 1839 5539 homo
1874 5492 2083 5547 noster,

507 5600 706 5654 nempe
736 5600 804 5639 ex
828 5584 945 5639 sole
976 5582 1326 5636 illuminante
1360 5588 1416 5634 et
1444 5576 1618 5641 sicco,
1676 5584 1733 5631 et
1759 5591 1827 5630 ex
1854 5575 2087 5629 humido

579 5695 626 5726 ⁸³
662 5695 805 5748 Psal.
871 5710 1046 5757 CXLVI,
1096 5695 1150 5749 4.
1227 5692 1442 5750 “‘Psal.
1500 5707 1615 5758 vnt,
1678 5691 1733 5745 4.

518 5759 564 5791 ⁸⁸
587 5761 779 5816 Matth.
819 5780 962 5831 xmv,
986 5765 1076 5819 55.
1540 5796 1544 5800 ~

1811 5690 1855 5722 ⁸⁸
1888 5688 2037 5744 Psal.
2076 5701 2282 5756 Camn,
2339 5692 2458 5747 5-6.
2524 5690 2574 5724 ⁸⁸
2611 5690 2757 5746 Psal.
2827 5708 2895 5757 Cl,
2930 5689 3020 5757 '26,
3062 5692 3146 5746 :17.

2192 4589 2315 4629 rum
2352 4572 2696 4629 ‘creationis:
2772 4573 2847 4628 ita
2909 4573 3078 4627 etiam
3116 4571 3492 4628 ostendemus
3543 4569 3780 4637 reliquos

2190 4682 2501 4738 congruere
2573 4658 2768 4721 eorum
2828 4667 2982 4737 paris
3043 4665 3266 4721 numeri
3315 4662 3660 4733 millenariis
3688 4671 3778 4713 suo

2190 4770 2464 4829 tempore,
2495 4759 2611 4831 Deo
2635 4759 2801 4815 dante
2828 4756 2990 4815 nobis
3037 4774 3361 4814 sermonem
3405 4759 3466 4812 in
3498 4755 3780 4827 apertione

2190 4851 2305 4906 oris
2330 4852 2528 4905 nostri.
2566 4849 2857 4918 Quomodo
2878 4860 3066 4907 autem
3097 4840 3265 4905 etiam
3290 4864 3363 4904 ex
3396 4850 3546 4919 ipsis
3568 4847 3708 4902 locis
3731 4843 3779 4895 ie

2194 4944 2399 5015 quibus
2432 4942 2594 5021 Jesn_s
2656 4953 2803 5000 stare
2863 4942 2994 4999 fecit
3028 4945 3202 4999 solem
3245 4952 3302 4998 et
3374 4943 3601 5006 lunam,
3630 4938 3783 4992 fidem

2191 5032 2399 5087 habeat
2428 5032 2648 5086 auditor
2675 5031 2918 5086 describi
2946 5042 3003 5087 et
3028 5030 3375 5101 praeﬁgurari
3408 5039 3625 5084 statum
3658 5024 3784 5080 etin

2194 5123 2364 5176 altum
2396 5121 2769 5177 sublationem
2804 5118 3016 5177 Christi
3048 5131 3103 5175 et
3138 5120 3433 5186 Ecclesiae,
3467 5120 3626 5183 audi,
3650 5132 3789 5186 qna:-

2199 5226 2281 5267 so.
2346 5210 2594 5275 Cabaon,
2642 5219 2747 5273 est,
2803 5212 3052 5266 sensim:
3093 5194 3263 5265 Roma
3316 5220 3543 5273 autem,
3609 5209 3785 5275 lingua

2198 5290 2518 5368 llebraica:
2559 5306 2856 5375 exponitur
2916 5306 3171 5360 altitudo.
3229 5303 3533 5374 Pharanga
3589 5311 3786 5359 autem,

2194 5397 2468 5463 sublimis,
2507 5414 2603 5451 seu
2638 5400 2692 5452 in
2727 5399 2899 5452 altum
2928 5398 3105 5452 elata:
3161 5399 3215 5451 in
3266 5396 3450 5450 altum
3494 5395 3789 5449 elationem

2192 5485 2402 5541 Christi
2436 5496 2491 5542 et
2518 5486 3072 5557 Ecclesimoluorum,
3102 5487 3353 5557 inquam,
3391 5478 3786 5543 luminarium)

2194 5594 2294 5648 per
2318 5580 2455 5634 duas
2502 5579 2907 5649 appellationes
2935 5580 3061 5634 loco
3103 5578 3466 5650 signiﬁcante
3504 5578 3559 5633 in
3593 5578 3790 5644 quarto

3238 5686 3279 5723 "
3313 5684 3430 5765 lsa.
3485 5702 3674 5751 xxxrv,
3728 5680 3785 5737 4.
