4026 6140
323 364 426 429 9'13

1442 362 1526 424 IN
1565 362 2206 424 HEXAEMERON.-
2232 360 2381 422 LIB.
2418 360 2486 421 V.

3472 347 3585 413 91L

324 476 660 539 millenario,
694 473 791 543 qui
841 480 928 529 est
962 473 1333 530 medius-dies
1370 475 1555 530 saeculi
1578 474 1898 544 :quomodo
1928 482 1970 537 Α
2000 476 2129 529 dius
2156 473 2336 529 Patris
2364 481 2420 526 et
2452 470 2696 542 Spiritus
2724 468 2927 531 sancti,
2958 473 3015 521 et
3043 459 3407 523 intermcdms
3433 462 3576 532 lapis

320 569 567 627 etiamin
600 568 766 622 initio
799 567 1117 635 ereati'onis,
1145 579 1378 639 quartus
1400 570 1521 625 dies
1544 570 1648 626 fuit
1678 570 1894 625 medius

322 650 802 726 septem'dierum.
838 660 1143 727 PrOplerea
1162 660 1215 713 in
1247 676 1313 714 eo
1366 660 1471 715 fuit
1509 660 1896 731 prteiiguratus

323 748 417 803 Sol
439 750 696 819 iustitiae,
722 751 999 805 mediator
1037 753 1134 806 Dei
1161 760 1218 806 ct
1247 753 1561 817 hominum,
1594 761 1650 808 et
1676 754 1896 809 medius

323 847 382 891 ut
438 840 708 894 Dominus
758 850 867 895 tam
931 857 1123 896 eorum
1177 858 1302 912 qum
1337 844 1544 898 eadunt
1575 844 1745 914 878
1792 844 1897 898 sub

320 938 609 997 aspectum
651 945 817 999 quam
872 944 1069 984 eorum
1099 946 1223 1000 quae
1249 947 1367 995 non,
1392 932 1637 988 cadunt:
1682 941 1739 988 et
1783 948 1907 993 me-

1999 565 2282 635 angularis
2310 563 2548 617 duorum
2578 561 2931 632 pepulerum.
2976 557 3081 624 Qui
3114 555 3280 610 etiam
3320 553 3375 607 in
3407 566 3575 608 cruce

1999 661 2105 715 fuit
2140 659 2195 713 in
2250 660 2425 714 altum
2473 656 2727 711 sublatus
2759 654 2812 708 in
2878 651 3081 707 medio’
3128 652 3370 706 duorum
3406 658 3575 702 iatro-

2002 767 2157 816 num,
2185 757 2242 804 et
2299 747 2431 802 fecit
2479 747 2709 802 salutem
2741 747 2797 799 in
2831 744 3217 798 medio-terrae.
3251 755 3375 795 eum
3429 748 3577 794 esset

2005 842 2227 913 medius
2265 838 2405 894 dies.
2456 838 2521 893 Ei
2574 836 2648 892 sit
2678 837 2852 908 gloria
2891 836 2946 889 in
2990 833 3187 888 smcula
3221 831 3573 886 srceuiorum.

2005 933 2205 988 Amen.

3526 1077 3556 1095 4

1437 1248 1791 1335 LIBER
1872 1250 2451 1353 QUINTUS.

1275 1417 1358 1459 DE
1391 1414 1630 1469 QUINTO
1660 1414 1770 1456 DIE
1798 1414 2179 1477 CBBATIONIS
2209 1420 2330 1463 SEX
2359 1418 2632 1462 DIEBUM.

396 1606 502 1664 Vit
558 1607 776 1663 tandem
837 1616 962 1680 post
1013 1610 1219 1664 multos
1256 1608 1557 1664 verborum
1607 1609 1905 1674 circuitus,
1937 1617 1975 1672 Β
2005 1619 2129 1665 can!
2155 1609 2369 1681 reptilia
2400 1610 2708 1663 animarum
2747 1607 3031 1662 viventium
3052 1624 3070 1671 ;
3102 1606 3158 1661 in
3191 1607 3448 1663 omnibus
3472 1624 3575 1664 au-

326 1688 563 1767 quartus
598 1697 718 1753 dies
755 1714 857 1754 nos
896 1701 963 1755 ad
988 1700 1245 1769 quintum
1287 1699 1629 1754 transmisit:
1678 1700 1734 1755 in
1762 1716 1896 1770 quo,

325 1806 357 1843 a
390 1790 502 1843 Deo
528 1798 789 1858 tanquam
824 1806 853 1845 a
878 1798 1029 1861 petra
1055 1791 1236 1861 aliqua
1262 1790 1646 1860 quatriduanae
1677 1791 1897 1857 mortis,

322 1882 395 1936 ad
429 1881 600 1936 vitam
655 1884 906 1952 procedit
960 1893 1273 1939 creaturar
1303 1892 1360 1938 et
1397 1883 1529 1937 vita
1556 1884 1614 1937 in
1647 1883 1763 1953 ipsa
1795 1885 1901 1937 im-

323 1975 523 2042 primis
553 1975 891 2041 ostenditur,
929 1993 997 2032 ex
1029 1992 1177 2046 aqua
1198 1986 1254 2031 et
1288 1975 1514 2046 Spiritu
1557 1976 1898 2046 principium

320 2065 539 2120 habens
591 2066 647 2121 in
691 2066 982 2133 Ecclesia,
1045 2084 1208 2138 quam
1262 2069 1651 2122 universorum
1705 2065 1901 2138 opifex

319 2156 768 2226 praesignificavit
800 2158 854 2213 in
877 2159 1076 2228 quinto
1093 2160 1182 2214 die
1210 2160 1438 2215 dicens:
1476 2159 1719 2213 Educant
1745 2174 1900 2229 aqua!

318 2244 537 2315 reptifia
573 2249 883 2303 animarum
918 2249 1225 2315 viventium,
1280 2256 1327 2303 et
1375 2248 1615 2303 volucres
1661 2247 1899 2303 volantes

310 2349 481 2405 super
497 2344 695 2391 terram
714 2339 1000 2392 secundum
1024 2338 1427 2407 ﬁrmamentum
1453 2337 1587 2392 cali.
1609 2337 1679 2392 Et
1699 2339 1899 2409 factum

313 2433 402 2479 est
424 2428 517 2481 sic.
549 2427 605 2482 Si
633 2444 701 2483 ex
751 2432 992 2485 naturali
1044 2444 1233 2486 rerum
1282 2431 1705 2501 consequentia,
1747 2437 1898 2486 terra

312 2526 454 2573 ante
480 2534 653 2589 aquas
707 2520 876 2575 debet
932 2523 1102 2577 aDeo
1161 2523 1411 2592 accipere
1456 2523 1895 2591 procreationem

310 2624 608 2679 pecorum,
633 2620 691 2666 et
716 2612 1160 2683 quadrupedum,
1196 2622 1252 2669 et
1286 2614 1567 2683 reptilium
1590 2630 1711 2685 qua
1741 2630 1808 2670 ex
1832 2630 1895 2670 ea

311 2712 757 2771 processerunt:
793 2711 854 2757 ut
902 2720 1027 2775 qua:
1056 2706 1318 2775 protinus
1369 2706 1509 2761 facta
1544 2707 1618 2761 sit
1651 2707 1897 2762 secmnda

311 2804 451 2863 post
480 2795 704 2861 ctelum,
732 2804 789 2851 et
822 2796 879 2851 in
930 2796 1218 2868 Scriptura
1264 2799 1587 2854 nominetur
1615 2808 1672 2854 et
1719 2799 1891 2854 collos

308 2899 481 2944 ceter
515 2900 643 2946 ante
701 2907 875 2961 aquas
911 2909 926 2947 :
963 2894 1247 2963 quomodo
1302 2910 1453 2950 nunc
1514 2910 1672 2964 aquae
1714 2895 1896 2965 primo

309 2982 444 3035 loco
498 2984 802 3038 ornantur?
839 2983 1103 3041 Videmus
1135 2987 1287 3041 enim
1344 2986 1492 3057 quod
1547 2989 1603 3041 in
1640 2988 1887 3057 positura

308 3074 557 3129 duorum
589 3075 946 3131 luminarium
972 3118 987 3143 ,
1024 3079 1079 3133 id
1110 3079 1258 3149 quod
1300 3079 1355 3134 in
1390 3080 1736 3136 firmamento
1763 3082 1888 3138 cmli

308 3176 426 3229 cst,
457 3165 698 3234 primum
733 3183 761 3221 a
787 3168 901 3223 Deo
935 3178 1020 3223 est
1048 3170 1395 3224 ordinatum:
1420 3186 1616 3241 nempe
1659 3172 1761 3233 sol,
1793 3173 1890 3242 qui

310 3265 409 3310 est
441 3256 575 3311 sicci
611 3258 876 3313 elementi
907 3278 920 3313 :
947 3270 1001 3314 et
1020 3273 1224 3315 terram
1262 3277 1385 3331 quae
1435 3270 1521 3317 est
1576 3263 1889 3319 coelemen-

313 3348 459 3403 taris
489 3349 799 3415 constituit,
852 3353 1083 3422 ejusque
1138 3362 1223 3407 est
1268 3341 1591 3410 familiaris:
1641 3363 1698 3411 et
1749 3371 1893 3427 quo-

308 3439 490 3491 modo
524 3452 674 3494 nunc
700 3450 1006 3510 rapuerunt
1041 3458 1197 3513 aqua:
1213 3444 1420 3512 primas
1443 3452 1629 3514 partes
1666 3453 1723 3499 et
1765 3455 1891 3502 tan-

310 3546 486 3600 quam
508 3532 1003 3609 primogenituram
1032 3536 1198 3591 vitae?
1226 3525 1280 3591 id
1313 3537 1492 3607 ipsum
1530 3534 1741 3594 dico'de
1762 3541 1891 3596 luna

308 3639 445 3692 quae
477 3639 575 3693 per
605 3641 801 3694 aquam
846 3635 904 3681 et
950 3628 1232 3698 spiritum,
1265 3644 1456 3683 eorum
1497 3645 1619 3700 qua:
1651 3631 1719 3685 ab
1773 3633 1894 3702 ipsa

308 3714 784 3770 administrantur
805 3725 861 3772 et
903 3719 1236 3783 consistunt,
1274 3720 1435 3773 aliam
1492 3721 1737 3775 ostendit
1767 3738 1894 3793 gra-

312 3806 452 3860 tiam
507 3822 631 3862 cum
685 3809 1110 3881 primogenitam
1148 3812 1318 3866 vitam
1365 3820 1420 3867 et
1474 3813 1728 3882 spiritum
1779 3816 1892 3872 vita

309 3899 627 3969 peperisset
677 3904 1119 3967 etostcndisset;
1144 3904 1331 3959 divine
1372 3914 1429 3959 et
1469 3905 1749 3975 sapienter
1778 3922 1897 3962 om-

308 4005 407 4042 ma
434 3989 778 4060 dispensavit
808 4002 864 4047 et
892 3995 1187 4049 constituit
1229 3995 1285 4049 in
1319 3995 1610 4074 sapientia.
1663 3997 1798 4053 Nam
1836 3999 1890 4053 in

307 4083 473 4139 oculis
506 4085 729 4154 quidem
764 4086 975 4155 primas
1001 4097 1187 4157 partes
1220 4097 1276 4143 et
1310 4089 1547 4158 primum
1594 4089 1775 4144 locum
1811 4090 1903 4146 sol

306 4175 550 4244 accepit.
582 4177 843 4249 quoniam
876 4194 1042 4249 super
1064 4195 1285 4235 onmem
1316 4175 1685 4250 principatum
1716 4190 1767 4235 et
1795 4197 1896 4252 po-

2006 1713 2115 1758 tem
2137 1718 2259 1773 quze
2310 1717 2378 1756 ex
2422 1709 2571 1756 terra
2626 1706 3027 1770 processerunt
3070 1707 3227 1752 sexto
3277 1697 3388 1761 die,
3417 1699 3570 1762 feris,
3640 1688 3647 1717 ³

2003 1792 2319 1863 reptilibus,
2346 1790 2636 1860 iumentis,
2662 1788 3142 1859 quadrupedibus,
3184 1803 3294 1842 non
3342 1789 3574 1858 plurali-

2003 1891 2089 1940 ter
2121 1883 2215 1938 sed
2240 1882 2596 1953 singulariter
2619 1883 2859 1951 imperat
2883 1880 3029 1934 Deus
3069 1880 3304 1933 Verbum
3335 1881 3566 1936 dicens:

2001 1975 2394 2030 Eduear'terra
2449 1975 2687 2027 animam
2735 1972 3038 2027 viventem?
3064 1971 3176 2027 Nec
3200 1972 3306 2027 hoc
3355 1974 3571 2039 solum,-

2000 2068 2101 2122 sed
2116 2067 2262 2121 'illud
2294 2078 2514 2136 quoque
2540 2065 2840 2136 diligenter
2891 2080 3142 2134 quaerere
3196 2075 3281 2120 est
3319 2080 3575 2125 necesse-

2000 2160 2183 2213 rium:
2212 2158 2388 2225 Quam
2419 2158 2491 2212 ob
2530 2172 2645 2210 rem
2682 2172 2804 2225 quae
2843 2170 2911 2210 ex
2940 2156 3101 2225 aquis
3137 2156 3360 2225 quidem
3392 2142 3571 2229 genita

2000 2258 2137 2304 sunt
2155 2249 2341 2303 omnia
2360 2248 2529 2302 'Deus
2556 2245 2861 2311 benedixit,
2887 2260 2918 2301 e
2953 2254 3103 2300 terra
3127 2256 3314 2301 autem
3353 2232 3575 2316 genitus

1999 2343 2333 2406 animantes,
2356 2349 2414 2396 et
2435 2339 2858 2411 quadrupedes,
2881 2349 2937 2396 et
2968 2354 3174 2411 pecora
3200 2341 3443 2412 privavit
3472 2339 3573 2396 be-

1996 2434 2377 2489 nedictionet-
2406 2432 2555 2488 unde
2603 2448 2759 2503 aqua
2784 2433 3038 2503 quidem,
3104 2439 3169 2487 ιιι
3220 2448 3341 2503 quae
3364 2432 3573 2488 fuerint

1996 2527 2326 2591 benedictae,
2384 2526 2496 2581 huc
2546 2541 2725 2596 usque
2771 2534 2829 2581 et
2877 2534 3152 2596 perpetuo
3201 2527 3443 2596 pariunt.
3472 2541 3587 2581 sua

1997 2626 2196 2688 sponte
2227 2617 2437 2686 absque
2486 2616 2701 2671 semine
2729 2624 2787 2671 et
2844 2617 3242 2687 conjunctione
3292 2616 3577 2679 volucres,
3619 2672 3625 2683 λ

1995 2723 2063 2763 ex
2093 2722 2329 2778 quarum
2345 2721 2579 2761 numero
2593 2713 2724 2761 sunt
2739 2707 3055 2763 coturnices
3068 2714 3126 2761 et
3140 2715 3561 2779 ortygometm;

1995 2806 2143 2854 terra
2171 2806 2357 2854 autem
2407 2813 2519 2853 non
2562 2798 2759 2868 utique
2791 2799 2913 2853 sine
2937 2799 3151 2854 semine
3197 2799 3341 2869 parit
3371 2799 3568 2862 feram,

1998 2899 2095 2946 aut
2124 2889 2439 2961 pecudem,
2479 2896 2575 2943 aut
2609 2889 3046 2960 quadrupedem.
3099 2890 3169 2945 Et
3205 2906 3400 2947 rursus
3448 2906 3572 2961 qua:

1998 2992 2184 3038 ortum
2211 2981 2511 3037 habentes
2558 2989 2729 3047 terra,
2757 2991 3054 3038 versantur
3082 2983 3247 3038 etiam
3302 2993 3588 3054 perpetuo.

1996 3095 2168 3149 super
2209 3087 2413 3134 terram
2441 3095 2453 3130 :
2485 3093 2606 3147 qua:
2639 3085 2824 3132 autem
2848 3084 2976 3131 nata
2999 3084 3216 3131 suntex
3256 3078 3436 3146 aquis.
3462 3078 3581 3133 alia-

1995 3169 2221 3241 quidem
2276 3169 2542 3225 dicuntur
2569 3169 2803 3241 marina,
2835 3169 2941 3224 alia
2980 3177 3163 3224 autem
3212 3168 3357 3237 (cum
3381 3185 3571 3226 reces-

1993 3261 2190 3333 serint)
2215 3263 2268 3317 in
2297 3262 2468 3316 altum
2503 3261 2717 3317 sublata
2738 3262 3090 3332 appellantur
3127 3263 3413 3318 cmlestia:
3465 3263 3571 3318 hoc

1991 3362 2076 3409 est
2099 3354 2351 3409 volucres
2376 3353 2497 3409 coeli
2521 3371 2535 3407 :
2571 3368 2708 3424 quas
2730 3354 2895 3408 etiam
2921 3353 3068 3409 Deus
3090 3355 3391 3424 cognoscit,
3427 3354 3572 3411 sicut

1993 3441 2128 3498 dicit
2147 3459 2248 3513 per
2271 3442 2625 3513 Prophetam,
2648 3443 2878 3515 Cognovi
2908 3460 3088 3511 omnes
3120 3444 3354 3499 volucres
3368 3444 3573 3502 ccli”.

2065 3532 2172 3588 Sed
2202 3548 2272 3587 ne
2306 3549 2407 3603 per
2447 3534 2770 3604 frequentes
2812 3542 2869 3589 et
2921 3534 3027 3589 sibi
3063 3533 3324 3590 invicem-
3370 3551 3567 3592 succe-

1995 3626 2193 3684 dentes
2233 3626 2637 3689 dubitationes,
2697 3627 2756 3680 in
2808 3626 3215 3681 haesitationem
3282 3628 3568 3699 animique

1994 3719 2419 3789 perplexitatem
2454 3733 2521 3773 ac
2551 3718 2936 3773 confusionem
2963 3717 3292 3773 inducamus
3346 3720 3567 3774 audito-

1996 3828 2136 3877 rem,
2159 3813 2270 3883 iam
2303 3812 2371 3866 de
2399 3811 2489 3865 his
2516 3826 2544 3865 a
2573 3810 2739 3865 nobis
2788 3809 3143 3877 tractabitur,
3186 3809 3333 3881 quod
3378 3810 3567 3866 brevi-

1994 3913 2080 3959 ter
2096 3904 2410 3976 aggredior,
2449 3920 2633 3958 rerum
2673 3902 2963 3957 historiam
2998 3919 3121 3973 quae
3147 3911 3231 3958 cst
3260 3904 3565 3960 secundum

1994 3996 2244 4051 litteram
2272 3996 2501 4049 minime
2525 4000 2809 4050 evertens:
2846 4009 3022 4063 pauca
3044 4003 3231 4049 autem
3256 3995 3325 4049 de
3371 3997 3567 4066 quinto

1996 4104 2252 4153 numero,
2270 4089 2418 4142 sicut
2436 4094 2491 4142 et
2510 4086 2577 4141 de
2609 4095 2830 4156 quarto,
2855 4101 2921 4141 ex
2955 4085 3142 4140 divina
3161 4085 3448 4157 Scriptura
3464 4103 3565 4143 ne-

1996 4160 2154 4237 cesse
2177 4181 2444 4250 estprius
2493 4179 2699 4234 dicere.
2741 4179 3064 4233 Invenimus
3105 4193 3236 4249 ergo
3273 4178 3328 4233 in
3371 4180 3568 4250 quinto

309 4269 598 4351 testatem,
629 4267 883 4327 Christus
907 4272 1019 4344 (qni
1045 4284 1130 4330 est
1156 4276 1248 4331 Sol
1274 4278 1366 4348 qui
1393 4280 1702 4351 percipitur
1727 4282 1891 4338 intel-
1925 4281 1970 4338 D
1996 4274 2344 4337 centenariO,
2374 4288 2575 4342 nempe
2603 4270 3054 4341 quingentesimo
3093 4270 3390 4337 annoNoe,
3425 4286 3571 4326 arcae

307 4359 569 4429 ligentia)
600 4364 762 4417 estin
787 4366 944 4422 cmlis
988 4387 1000 4421 :
1050 4377 1107 4443 ut
1165 4370 1258 4441 qui
1286 4371 1359 4425 sit
1396 4373 1600 4427 ostium
1627 4382 1683 4429 et
1714 4376 1893 4430 intro-

307 4450 529 4507 ducens
554 4453 625 4521 ad_
665 4455 907 4511 Patrem.
940 4459 999 4513 in
1034 4468 1180 4515 terra
1230 4470 1439 4527 autem,
1469 4465 1566 4519 ubi
1595 4467 1894 4522 humiliam‘t

303 4543 565 4611 seipsum,
601 4546 740 4598 servi
797 4546 1026 4617 formam
1076 4552 1357 4621 accipiens,
1387 4554 1700 4610 voluntarie
1736 4556 1893 4612 dedit

305 4633 521 4701 primas
544 4646 734 4704 partes
792 4647 1053 4708 tanquam
1099 4644 1327 4712 proprio
1358 4660 1460 4699 suo
1494 4647 1738 4716 corpori,
1780 4647 1889 4702 Ec-

304 4721 522 4777 clesiae:
553 4724 679 4779 dico
709 4737 895 4782 autem
931 4732 1195 4800 mysterio
1230 4733 1600 4803 baptismatis.
1637 4736 1893 4802 Quomo-

303 4811 382 4865 do
406 4814 554 4868 enim
579 4815 633 4869 in
669 4818 825 4873 caelis
854 4821 1056 4875 ostium
1080 4833 1330 4879 nostrum
1365 4837 1431 4880 et
1458 4828 1546 4881 via
1569 4828 1635 4882 ad
1661 4828 1883 4883 Patrem

303 4913 393 4960 est
424 4904 703 4974 Christus,
742 4910 816 4965 ita
836 4914 1001 4966 etiam
1029 4914 1084 4968 in
1119 4923 1284 4977 terra,
1317 4917 1522 4971 ostium
1554 4927 1804 4974 nostrum
1828 4928 1886 4976 et

300 4996 397 5050 via
413 4997 481 5051 ad
503 4998 721 5054 Patrem
747 5012 832 5057 est
852 5002 1144 5074 baptisma,
1172 5007 1240 5062 ad
1262 5008 1544 5064 Christum
1570 5027 1671 5081 per
1691 5011 1886 5067 Eccle-

304 5086 448 5149 siam
480 5105 494 5141 :
530 5098 587 5143 et
609 5106 673 5144 ea
700 5092 768 5147 de
791 5109 956 5149 causa
986 5107 1112 5151 ante
1143 5099 1328 5154 omnia
1348 5140 1362 5163 ,
1393 5110 1450 5155 et
1477 5101 1589 5156 vita
1612 5112 1669 5157 et
1692 5102 1883 5158 vivens

301 5181 490 5234 anima
510 5183 825 5238 ostenditur
848 5201 915 5240 ex
933 5203 1073 5257 aqua
1089 5197 1145 5243 et
1165 5190 1394 5259 Spiritu,
1415 5199 1471 5247 et
1491 5208 1658 5262 super
1678 5201 1877 5248 terram

301 5270 726 5338 manifestatur,
760 5275 981 5332 dicente
1015 5277 1165 5334 Deo:
1201 5280 1449 5336 Educaut
1491 5300 1644 5355 aqua:
1670 5285 1882 5356 reptilia

300 5365 616 5432 animarum
644 5369 946 5433 viventium,
973 5380 1020 5426 et
1055 5371 1290 5428 volucres
1316 5374 1555 5429 volantes
1582 5392 1742 5446 super
1774 5384 1883 5430 ter-

300 5471 445 5519 ram,
472 5458 763 5512 secundum
791 5461 1194 5529 ﬁrmamentum
1220 5465 1356 5520 cali.
1394 5466 1595 5522 Dicant
1622 5467 1757 5521 mihi
1786 5468 1881 5537 qui

297 5548 602 5601 attendunt
632 5550 805 5604 solam
835 5552 1077 5610 litteram
1106 5555 1423 5627 Scriptum,
1453 5574 1619 5629 quam
1649 5557 1721 5613 ob
1753 5574 1884 5614 caus

300 5652 421 5694 sam
454 5639 513 5692 in
543 5640 702 5709 aquis
740 5643 966 5711 quidem
1002 5646 1213 5705 dictum
1246 5655 1327 5703 est
1362 5649 1684 5720 pluraliter:
1733 5650 1881 5705 Edu-

374 5820 416 5853 ’ν
441 5821 586 5877 Psal.
621 5839 765 5895 nix,
812 5824 889 5882 ιι.

1989 4365 2099 4435 iaci
2121 4363 2655 4432 fundamenta,‘quaa
2685 4359 2911 4430 quidem
2956 4365 3040 4415 est
3085 4374 3252 4414 verus
3287 4374 3353 4415 ac
3377 4369 3570 4416 certus

1992 4465 2157 4528 typus
2186 4454 2417 4519 Christi,
2451 4455 2507 4508 in
2534 4469 2641 4523 qua
2670 4452 2800 4509 ferte
2821 4451 3071 4507 omnium
3100 4450 3353 4521 gentium
3398 4450 3564 4506 simul

1991 4556 2218 4612 coactae,
2246 4562 2277 4602 e
2310 4546 2453 4600 malo
2485 4544 2698 4600 diluvio
2724 4542 3276 4599 eonservati'sumus
3325 4557 3426 4611 per
3474 4557 3567 4597 eo-

1988 4641 2257 4704 lumbam,
2285 4654 2486 4709 nempe
2537 4653 2638 4709 per
2663 4637 2957 4707 Spiritum.
2990 4635 3149 4692 Unde
3203 4635 3371 4690 etiam
3433 4650 3567 4691 con-

1988 4733 2131 4790 fecta
2168 4742 2260 4789 est
2281 4747 2423 4787 arex
2451 4729 2710 4794 latitudo,
2758 4727 3167 4800 quinquaginta
3195 4727 3519 4783 cubitorum
3547 4768 3563 4792 ,

1993 4835 2055 4881 ut
2086 4825 2348 4896 quoniam
2378 4839 2409 4878 a
2440 4820 2853 4878 mathematicis
2886 4835 3159 4875 numerus
3186 4819 3478 4890 quinarius
3507 4829 3565 4876 et

1991 4918 2507 4989 quinquagenarius
2531 4912 3242 4987 iustusdieitunAuferens
3273 4911 3423 4967 enim
3444 4912 3568 4982 qui-

1990 5010 2184 5064 narius
2213 5018 2456 5079 quatuor
2479 5024 2600 5078 qum
2633 5012 2764 5061 sunt
2794 5004 2943 5075 apud
2970 5019 3193 5069 novem,
3231 5012 3288 5058 et
3328 5004 3563 5075 coniun-

1990 5118 2125 5173 gens
2147 5117 2273 5157 eum
2299 5102 2534 5166 unitate,
2557 5116 2622 5156 ea
2640 5099 2870 5155 deducit
2897 5097 2965 5154 ad
2992 5098 3346 5169 quinarium:
3374 5107 3432 5154 et
3460 5098 3567 5153 tria

1989 5211 2112 5265 quae
2160 5204 2291 5250 sunt
2346 5195 2402 5249 in
2444 5194 2755 5261 octonario,
2811 5201 2868 5248 et
2898 5207 3242 5262 componens
3264 5208 3389 5247 cum
3427 5192 3567 5246 duo-

1987 5286 2113 5351 bus,
2139 5302 2204 5341 ea
2231 5285 2360 5341 facit
2388 5286 2659 5356 quinque,
2681 5294 2739 5340 et
2758 5284 2868 5339 duo
2896 5299 3018 5354 quae
3055 5290 3185 5338 sunt
3217 5283 3273 5336 in
3303 5289 3561 5351 septena-

1988 5379 2094 5443 rio,
2115 5385 2244 5433 etea
2263 5379 2607 5449 coniungens
2624 5392 2748 5432 cum
2766 5375 3031 5439 ternario,
3054 5371 3477 5443 facit‘quinque.
3491 5371 3568 5426 Et

1990 5485 2157 5524 unum
2182 5484 2213 5522 a
2234 5469 2474 5534 senario,
2507 5475 2563 5522 et
2591 5468 2935 5536 coniungens
2962 5478 3088 5517 cum
3119 5470 3381 5532 quatuor,
3425 5460 3571 5515 facie

1986 5556 2251 5631 quinque.
2280 5557 2550 5613 Similiter
2581 5554 2748 5610 etiam
2774 5550 3327 5624 quinquagintafacit
3354 5550 3558 5606 adver-

1985 5664 2080 5705 sus
2111 5665 2205 5705 eos
2240 5648 2336 5719 qui
2390 5649 2571 5718 ipsum
2608 5644 2953 5716 praecedunt,
3001 5652 3059 5699 et
3112 5658 3208 5701 eos
3240 5641 3339 5714 qpi
3375 5642 3588 5715 ipsum
