4026 6140
458 352 561 416 915

1649 361 1708 416 S.
1741 354 2139 416 ANASTASII
2191 356 2519 415 SlNAlTiﬁ

3617 355 3723 419 916

459 473 795 536 sequuntur.
823 465 1031 523 Eadem
1058 469 1279 523 ratione
1303 466 1550 523 ECclesia
1579 483 1803 538 quoque
1838 467 2041 538 przedi-
2071 473 2112 525 Α
2143 482 2493 539 nequaquam
2518 468 2638 525 eam
2663 468 2936 538 impertiit
2961 468 3412 524 benedictione-11
3433 492 3450 523 ε
3501 470 3599 526 sed
3622 487 3720 527 eos

460 571 549 612 cat
580 572 706 613 cum
734 567 963 627 peccato
1002 559 1274 614 diluvium
1332 558 1482 630 quod
1524 558 1699 615 Deum
1745 560 2036 630 justificat,

459 653 659 721 etejus
683 652 959 723 justitiam
1002 669 1126 724 qua:
1158 655 1300 709 tollit
1337 669 1369 709 e
1426 654 1612 709 medio
1670 669 1795 724 qua:
1842 662 2037 708 contra

418 765 428 773 ·
458 738 564 798 nos
585 751 725 821 sunt
764 743 1124 798 inimicitias.
1157 745 1272 799 Noe
1326 759 1550 815 quoque
1593 745 1914 814 quingentis
1939 759 2039 797 an-

456 832 549 897 tris
581 832 830 891 aediﬁcat
882 849 1091 900 arcam,
1163 837 1450 905 quoniam,
1485 852 1611 891 cum
1656 836 1710 890 in
1740 835 2041 906 quinquies

426 934 439 948 ‘
461 924 762 1005 millesimo
789 942 937 981 anno
973 928 1223 982 venisset
1244 944 1434 997 .novus
1468 929 1607 995 Noe,
1645 929 1854 999 incepit
1905 941 2040 982 con-

457 1010 678 1074 struere
703 1034 886 1074 arcam
919 1020 1203 1075 Ecclesia}.

527 1112 650 1166 Non
681 1122 766 1167 est
804 1122 990 1168 autem
1015 1115 1260 1170 alienum
1292 1125 1619 1171 casterarum
1648 1134 1870 1189 quoque
1895 1134 2036 1173 arca:

456 1219 843 1260 mensurarum
887 1207 1234 1265 meminisse.
1286 1208 1535 1279 Triginta
1595 1210 1821 1279 quidem
1873 1210 2035 1266 cubi-

458 1308 637 1352 torum
654 1308 775 1353 erat
804 1314 948 1354 arere
968 1300 1229 1365 altitudo,
1250 1309 1305 1355 et
1323 1300 1526 1355 deinde
1563 1302 1787 1356 redacta
1809 1310 1930 1356 erat
1964 1303 2033 1357 ad

455 1405 626 1443 unum
642 1391 890 1444 cubitum
917 1409 930 1445 :
959 1394 1222 1462 quoniam
1252 1392 1500 1449 Ecclesia
1531 1394 2036 1465 quoquepraedicat

452 1494 568 1537 tres
594 1484 918 1556 hypostases
951 1495 1004 1541 et
1026 1496 1282 1541 naturam
1320 1501 1484 1540 unam
1510 1487 1676 1540 unius
1700 1485 1875 1540 solius
1898 1487 2029 1540 Dei:

452 1576 697 1631 latitudo
728 1587 916 1633 autem
956 1579 1362 1649 quinquaginta
1380 1579 1729 1644 cubitorum,
1765 1580 2030 1648 quoniam

452 1671 575 1727 illos
601 1671 767 1727 valde
799 1672 1101 1743 permistos
1135 1673 1381 1727 ferarum
1426 1673 1795 1727 animantium
1845 1681 1902 1727 et
1933 1672 2034 1726 im-

2144 562 2373 631 reliquit
2421 563 2631 633 absque
2683 562 3111 633 benedictione:
3143 572 3277 617 tunc
3308 576 3572 632 tanquam
3600 581 3719 619 meo

2141 652 2267 709 dius
2294 664 2449 710 stans
2472 654 2732 710 Christus
2760 656 2908 709 inter
2932 655 3220 709 terrestria
3256 663 3311 709 et
3359 657 3571 711 marina
3593 657 3718 713 ani-

2141 746 2369 811 mantia,
2397 756 2455 801 et
2479 747 2545 801 ad
2593 762 2659 802 ea
2683 763 2805 817 qua:
2833 756 2963 801 sunt
3007 763 3039 801 e
3093 755 3241 801 terra
3290 749 3475 818 genita
3525 751 3720 806 oculos

2139 837 2409 908 deligens,
2442 848 2499 894 et
2536 839 2757 895 dicens:
2802 840 2917 894 Nisi
2960 841 3078 909 quis
3124 840 3281 908 fuerit
3334 851 3621 910 generatus
3654 860 3718 897 ea:

2140 944 2282 1000 aqua
2318 938 2369 984 et
2389 930 2613 1002 Spiritu,
2638 932 2731 1001 qui
2752 932 2929 986 fertur
2946 946 3115 1000 super
3134 946 3357 999 aquam,
3378 949 3481 986 non
3499 935 3717 989 intrabit

2137 1027 2193 1080 in
2217 1028 2692 1098 regnumcaeiorum
2721 1028 2797 1094 ";
2833 1042 3012 1096 neque
3071 1025 3166 1080 lict
3224 1043 3325 1095 per
3375 1028 3713 1095 columbam,

2138 1134 2340 1188 nempe
2397 1136 2497 1188 per
2522 1119 2821 1188 Spiritum,
2884 1120 3135 1174 volucris
3176 1120 3342 1174 coeli:
3390 1137 3577 1190 neque
3608 1122 3718 1176 Ra-

2136 1212 2309 1280 pietur
2361 1212 2415 1264 in
2443 1211 2664 1267 nubibus
2717 1211 2924 1265 obviam
2964 1211 3100 1264 mihi
3148 1212 3204 1264 in
3253 1228 3383 1265 aera
3404 1212 3473 1265 ".
3507 1213 3563 1267 Si
3594 1214 3711 1270 hac

2136 1312 2325 1357 autem
2392 1320 2500 1358 non
2555 1303 2629 1357 ita
2675 1303 2819 1358 facta
2867 1312 3001 1359 sunt
3056 1316 3112 1359 ει
3163 1304 3554 1374 praefigurata;
3595 1305 3707 1370 dic,

2133 1393 2304 1463 B79
2371 1408 2404 1447 ο
2452 1394 2685 1464 Moyses,
2745 1406 2993 1459 causam,
3051 1401 3108 1447 et
3162 1393 3234 1447 ob
3297 1393 3446 1463 quod
3519 1409 3713 1464 pecca-

2136 1495 2252 1539 tum
2279 1486 2334 1540 in
2367 1487 2539 1540 Deum
2588 1486 2913 1550 admissum,
2947 1494 3268 1540 manserunt
3296 1500 3495 1554 pecora
3521 1497 3580 1540 et
3601 1495 3714 1541 ter-

2134 1590 2208 1629 rae
2270 1575 2571 1630 animantia
2604 1574 2812 1644 absque
2834 1574 3246 1629 benedictione.
3283 1573 3572 1639 Quomodo
3612 1592 3710 1638 au-

2136 1672 2247 1731 tem
2274 1673 2331 1719 et
2357 1665 2577 1734 reptilia
2602 1681 2726 1735 qua:
2748 1674 2880 1720 sunt
2898 1665 3134 1720 rationis
3157 1664 3405 1733 expertia
3436 1675 3496 1720 et
3524 1675 3710 1735 mente

450 1763 761 1831 peritarum
802 1766 1053 1834 gentium
1088 1781 1306 1835 greges,
1345 1764 1592 1820 ternarie
1623 1764 2032 1834 multiplicibus
2063 1806 2106 1859 Β
2133 1759 2399 1822 carentia,
2451 1767 2507 1813 et
2534 1758 2736 1828 pisces,
2766 1766 2824 1812 et
2873 1758 3130 1812 volucres
3174 1767 3480 1826 potuerunt
3512 1758 3709 1813 audire

451 1851 793 1909 centenariis
823 1854 1000 1924 legem
1033 1854 1223 1909 docuit
1248 1855 1500 1909 Ecclesia
1548 1863 1605 1909 et
1648 1855 2026 1919 conservavit,

452 1944 693 1997 naturali
746 1944 1103 2003 multifariam
1137 1946 1442 2015 multisque
1475 1945 1658 2001 modis
1707 1944 2027 1998 attrahente

453 2036 656 2105 scripta
698 2037 1053 2108 et~mystica.
1108 2036 1276 2090 Multa
1326 2044 1509 2089 autem
1562 2034 2025 2105 quinquagenarii

452 2127 674 2182 numeri
721 2127 1042 2182 invenimus
1090 2127 1338 2198 symbolo
1389 2127 1654 2181 Ecclesiae
1715 2126 1772 2179 in
1819 2124 2028 2180 divinis

453 2219 776 2288 Scripturis.
808 2219 947 2273 Nam
969 2220 1024 2274 in
1043 2217 1509 2288 quinquagesimo
1543 2231 1688 2271 anno
1709 2217 1858 2271 Deus
1884 2229 2028 2283 prae-

450 2307 600 2377 cepit
620 2307 813 2362 lsraeli
836 2309 895 2362 in
922 2322 1130 2378 genere
1159 2306 1463 2376 perfectam
1495 2315 1550 2359 et
1576 2304 1889 2359 absolutam
1924 2302 2026 2356 de-

451 2395 691 2450 bitorum
720 2396 1111 2452 remissionem
1145 2405 1203 2451 et
1224 2395 1720 2458 condonationem,
1762 2408 1827 2448 ac
1869 2393 2013 2447 libe-

451 2489 729 2544 rationem
777 2504 971 2544 eorum
1016 2489 1113 2558 qui
1164 2496 1325 2542 erant
1380 2502 1554 2556 super
1608 2495 1836 2540 terram.
1896 2485 2025 2538 llaec

447 2578 598 2633 enim
656 2578 793 2632 dicit
828 2580 977 2634 Deus
1018 2579 1072 2632 in
1115 2577 1402 2634 Levitico:
1457 2575 1797 2644 Suuctiﬁcate
1823 2592 2025 2628 annum

448 2671 838 2741 quinquaginta
863 2686 1152 2734 annorum,
1200 2680 1252 2725 et
1275 2669 1605 2741 proclamate
1667 2669 2024 2722 remissionem

412 2747 417 2751 ’
447 2778 607 2830 super
642 2772 842 2818 terram
869 2764 1107 2823 omnibus
1133 2765 1224 2834 qui
1250 2781 1369 2818 eam
1421 2765 1688 2826 habitant,
1721 2779 1925 2816 annum
1944 2778 2025 2814 re-

446 2854 713 2907 missionis
732 2854 810 2919 '°;
844 2869 908 2908 ea
926 2862 1014 2908 est
1036 2855 1160 2923 ejus
1191 2853 1550 2923 signiﬁcatio.
1588 2850 1804 2907 Hebraei
1839 2850 2024 2919 itaque

373 2954 405 3009 _f
446 2960 742 2999 numerum
820 2945 1344 3016 quinquagesimum
1420 2953 1626 2998 vocant
1685 2943 2021 3008 Jobelaeum,

286 3068 297 3075 ε
378 3036 381 3039 ’
445 3035 595 3105 quod
626 3035 854 3105 quidem
903 3035 1310 3104 interpretatur
1360 3032 1725 3087 misericordia
1768 3041 1863 3085 aut
1901 3046 2024 3085 con-

2135 1848 2232 1903 Dei
2258 1863 2453 1903 vocem
2479 1859 2534 1902 ct
2569 1848 3014 1903 benedictionem
3040 1863 3162 1918 qua:
3192 1847 3461 1903 dabatur?
3509 1851 3707 1903 Annon

2134 1948 2223 2007 est
2253 1940 2606 1994 manifestum
2630 1938 2777 2010 quod
2804 1940 2921 1995 haec
2962 1940 3291 2010 prophetice
3327 1938 3678 2009 przsdiceban

2134 2042 2224 2087 tur
2257 2032 2347 2087 de:
2372 2031 2692 2087 hominibus
2714 2032 2809 2102 qui
2873 2032 3237 2102 baptimntur.
3267 2031 3324 2087 in
3371 2031 3652 2086 Christum
3683 2032 3707 2084 ?

2132 2124 2254 2192 Ipsa
2299 2132 2484 2177 autem
2528 2124 2706 2179 series
2752 2124 3056 2192 Scriptura:
3089 2123 3399 2178 secundum
3438 2123 3707 2187 litteram,

2131 2217 2376 2271 ostendit
2408 2216 2557 2286 quod
2583 2216 2652 2270 dc
2707 2216 3055 2281 hominibus,
3092 2216 3309 2269 ratione
3377 2214 3627 2283 pra’ditis
3651 2224 3711 2268 et

2131 2307 2333 2361 animis
2367 2305 2773 2360 immortalibus
2802 2306 2921 2360 haec
2950 2322 2981 2359 a
3023 2306 3136 2361 Deo
3186 2304 3550 2374 jubebantur.
3584 2303 3707 2356 Non

2130 2403 2279 2457 enim
2310 2402 2448 2455 dixit
2470 2402 2647 2455 Deus:
2675 2400 2979 2454 Producant
3004 2415 3156 2470 aqua:
3173 2397 3384 2468 reptilia
3411 2409 3708 2464 corporum

2129 2494 2537 2547 animatorum:
2595 2508 2722 2546 nam
2773 2492 2977 2546 animal
3026 2499 3101 2546 et.
3139 2505 3344 2560 corpus
3394 2488 3708 2559 signiﬁcant

2131 2586 2725 2655 ipsamsemoventem
2769 2590 2826 2636 et
2848 2582 3069 2637 vitalem
3119 2581 3393 2635 animam:
3449 2578 3546 2634 sed
3582 2581 3706 2632 ani-

2129 2691 2340 2728 marum
2364 2673 2668 2731 viventium,
2696 2670 2751 2724 id
2780 2679 2885 2735 est,
2946 2686 3055 2726 non
3108 2670 3488 2725 morientium.
3536 2668 3706 2738 Amui

2129 2763 2364 2833 piscium
2407 2772 2466 2816 et
2499 2762 2792 2815 volucrum
2832 2761 3032 2825 anima:
3092 2775 3203 2813 non
3240 2770 3373 2827 sunt
3409 2760 3703 2831 viventes,

2127 2854 2224 2909 sed
2280 2853 2625 2908 morientes:
2664 2852 2895 2922 Sanguis
2942 2851 3113 2913 enim,
3169 2851 3371 2920 inquit,
3418 2861 3493 2905 est
3521 2851 3708 2905 anima

2128 2946 2239 3016 ejus
2337 2961 2355 3010 ;
2386 2943 2571 2998 anima
2593 2952 2778 2998 autem
2818 2943 3043 3007 vivens,
3069 2942 3185 2997 sola
3218 2950 3304 2996 est
3337 2951 3527 3003 nostra
3579 2956 3711 3010 quae

2126 3044 2212 3093 est
2240 3037 2454 3115 ratione
2481 3035 2733 3105 praedita.
2758 3034 2962 3097 Factus
3003 3042 3082 3088 est
3111 3034 3284 3097 enim,
3318 3033 3521 3107 inquit,
3550 3034 3710 3087 homo

446 3128 686 3181 donatio.
717 3126 837 3181 Hoc
869 3126 1022 3181 enim
1053 3125 1224 3179 modo
1267 3125 1522 3195 psalmus
1554 3138 1778 3193 quoque
1809 3121 2022 3177 condo-
2049 3153 2092 3209 ρ
2124 3131 2179 3185 in
2205 3130 2443 3183 animam
2463 3123 2868 3191 viventem”-";
2896 3124 3159 3194 quoniam
3196 3124 3446 3179 futurum
3492 3132 3615 3177 erat
3643 3132 3710 3177 ut

458 3217 690 3273 nationis
736 3225 792 3271 et
847 3217 1201 3272 remissionis
1277 3216 1490 3285 peccati
1546 3214 1719 3269 David
1744 3256 1758 3278 ,
1810 3214 2024 3269 dicitur

443 3310 974 3380 quinquagesimus:
1008 3318 1094 3364 est
1148 3308 1304 3364 enim
1337 3307 1645 3365 verisimile
1705 3316 1834 3362 ante
1873 3308 2025 3362 hunc

444 3414 739 3455 numerum
796 3408 892 3455 aut
952 3399 1125 3454 etiam
1185 3406 1313 3468 post
1372 3398 1647 3467 scriptum
1703 3413 1827 3453 esse
1873 3398 2024 3454 hunc

446 3494 719 3561 psalmum
750 3493 1121 3549 remissionis.
1150 3491 1277 3546 Haec
1304 3500 1490 3546 autem
1518 3490 1706 3545 omnia
1736 3498 1875 3544 sunt
1890 3507 2019 3545 vera

444 3596 501 3641 ct
536 3594 688 3643 certa
719 3586 1094 3658 prastiguratio
1135 3586 1290 3641 illius
1331 3583 1513 3655 quinti
1572 3584 1685 3638 diei
1710 3583 2022 3639 hebdoma-

441 3675 550 3739 dis,
598 3677 654 3731 in
686 3692 799 3746 quo
827 3676 1078 3733 ascendit
1106 3675 1162 3737 in
1196 3676 1392 3738 caelos,
1414 3682 1472 3729 et
1500 3673 1556 3728 in
1586 3675 1761 3729 altum
1793 3683 1879 3730 est
1903 3674 2021 3729 ela-

443 3772 536 3816 tus
565 3762 658 3816 Sol
704 3762 936 3831 justitia:
968 3761 1247 3826 Christus.
1281 3761 1350 3816 Et
1404 3760 1872 3830 quinquagesimo
1930 3759 2022 3816 die

442 3849 595 3905 misit
620 3850 922 3920 Spiritum:
970 3867 1074 3921 per
1111 3866 1335 3921 aquam,
1363 3851 1617 3921 inquam,
1648 3859 1707 3906 et
1754 3850 2021 3921 Spiritum

441 3958 606 4001 suum
642 3943 882 4013 largitus
898 3942 1288 3998 remissionem
1322 3951 1701 4012 peccatorum.
1735 3944 1805 3999 Et
1826 3946 2023 4013 quinto

443 4033 536 4088 die
552 4047 773 4087 caenam
798 4031 955 4087 dedit
979 4033 1296 4104 mysticam,
1326 4048 1451 4103 qua:
1481 4033 1649 4088 solvit
1678 4034 1863 4090 omnia
1894 4050 2025 4106 pec-

443 4133 589 4179 cata.
632 4123 816 4179 Habes
843 4139 978 4194 ergo
1010 4133 1260 4194 apertam
1287 4126 1668 4181 ostensionem
1693 4142 1795 4181 cur
1826 4127 2023 4196 quinto

441 4233 511 4270 ex
535 4232 633 4272 sex
666 4216 890 4282 diebus,
915 4232 1074 4288 aquae
1103 4218 1161 4271 in
1191 4217 1401 4287 quibus
1421 4218 1879 4287 superferebatur
1901 4218 2025 4288 Spi-

442 4309 607 4371 ritus,
660 4309 816 4363 vivas
855 4317 1174 4379 genuerunt
1199 4308 1452 4364 animas:
1485 4308 1653 4363 nobis
1692 4309 2022 4380 praesigniﬁ-

441 4409 635 4455 cantcs
664 4400 1144 4470 regenerationem
1178 4415 1302 4469 quae
1334 4400 1396 4454 ﬁt
1421 4415 1521 4470 per
1553 4415 1754 4469 aquam
1806 4408 1863 4455 et
1880 4400 2021 4487 'Spi-

2124 3235 2547 3276 renasceremur
2592 3234 2692 3289 per
2746 3232 2946 3288 aquam
2998 3225 3057 3272 et
3119 3216 3412 3287 Spiritum.
3470 3214 3708 3271 Omnem

2124 3314 2312 3383 itaque
2366 3294 2678 3367 orationem
2722 3311 2997 3366 convertit
3055 3309 3123 3364 ad
3159 3310 3405 3373 animas;
3432 3316 3489 3364 et
3520 3308 3704 3373 dicit,

2122 3398 2257 3476 post
2281 3387 2619 3474 baptismum
2679 3414 2738 3457 et
2766 3418 2890 3472 qua:
2916 3418 2987 3455 ex
3049 3401 3171 3471 ipso
3214 3401 3437 3455 exsistit
3468 3400 3708 3468 gratiam

2121 3506 2177 3551 ct
2200 3494 2691 3558 illuminationem,
2718 3507 2816 3547 eos
2837 3493 2932 3562 qui
2953 3500 3084 3546 sunt
3114 3489 3376 3561 baptizati
3407 3488 3548 3544 eliici
3573 3488 3707 3543 ani-

2122 3587 2328 3643 mantia
2360 3601 2472 3640 non
2498 3585 2779 3639 viventia:
2806 3592 2868 3638 ut
2889 3585 3080 3648 etiam,
3111 3583 3315 3652 inquit,
3350 3596 3552 3651 corpus
3570 3595 3709 3635 cum

2121 3680 2308 3733 anima
2341 3677 2657 3733 reviviscat.
2687 3675 2795 3731 Sed
2853 3676 3113 3730 animalia
3161 3675 3278 3729 sola
3323 3682 3455 3728 sunt
3483 3673 3709 3728 anima-

2122 3785 2244 3822 rum
2274 3768 2617 3831 viventium;
2672 3765 2742 3821 de
2800 3766 2985 3820 anima
3026 3764 3177 3820 enim
3211 3763 3331 3818 sola
3369 3762 3440 3817 ab
3464 3776 3531 3816 eo
3564 3769 3713 3816 tem.

2121 3874 2256 3929 pore
2285 3867 2410 3929 post
2439 3858 3095 3933 baptismum‘loquitur:
3130 3871 3256 3911 eam
3292 3854 3442 3909 enim
3474 3862 3707 3923 oportet

2122 3948 2334 4013 vivere,
2368 3957 2427 4003 et
2447 3964 2560 4003 non
2596 3964 2800 4019 corpus
2835 3964 2961 4003 cum
2990 3964 3053 4003 ea
3088 3967 3100 4002 :
3131 3947 3350 4017 corpori
3392 3947 3541 4002 enim
3566 3955 3711 4015 sunt

2124 4041 2432 4096 inimicitia:
2451 4041 2720 4096 adversus
2741 4042 2936 4101 Deum.
2957 4040 3196 4109 chtilia
3223 4055 3354 4110 ergo
3377 4040 3487 4094 sint
3511 4039 3579 4092 iis
3604 4038 3709 4107 qui

2123 4132 2514 4202 baptizantur;
2547 4140 2810 4200 tanquam
2836 4130 2903 4183 ad
2938 4130 3037 4184 Dei
3060 4129 3353 4183 obsonium
3389 4128 3551 4183 electi
3578 4129 3712 4198 pis-

2124 4238 2216 4278 ces
2248 4224 2343 4293 qui
2375 4223 2732 4277 adducuntur
2764 4222 2834 4277 ab
2862 4222 2931 4276 iis
2961 4222 3053 4291 qui
3091 4220 3248 4291 prius
3265 4229 3421 4275 erant
3456 4218 3712 4288 piscato-

2124 4328 2236 4375 res,
2271 4328 2421 4366 nunc
2461 4322 2647 4366 autem
2673 4311 2936 4381 apostoli.
2960 4302 3086 4365 'Scd
3115 4309 3229 4363 sint
3252 4310 3416 4363 etiam
3440 4310 3708 4364 volucres

2127 4405 2166 4458 ii
2190 4404 2286 4474 qui
2328 4420 2551 4459 sursum
2587 4404 2846 4458 feruntur
2870 4412 2933 4456 ut
2973 4401 3108 4455 ﬁant
3134 4401 3357 4455 obviam
3384 4399 3607 4455 Christo
3640 4398 3706 4453 in

446 4493 635 4547 ritum.
659 4492 720 4546 In
751 4491 925 4546 altum
950 4491 1101 4545 enim
1136 4491 1193 4544 in
1218 4490 1376 4546 curiis
1406 4492 1587 4546 elatus
1622 4491 1842 4563 SoLqui
1870 4480 2019 4547 Cadit.
2053 4489 2097 4542 D
2124 4512 2276 4551 acre,
2331 4495 2458 4552 Hagc
2506 4504 2691 4550 autem
2736 4503 2902 4549 erunt
2952 4495 2997 4548 si
3044 4480 3119 4548 ab»
3152 4509 3295 4562 aqua
3346 4491 3711 4561 baptismatis

443 4585 549 4639 sub
574 4582 1001 4653 intelligentiam
1028 4582 1199 4655 (sicut
1227 4584 1310 4638 sol
1350 4583 1575 4639 sensilis
1609 4584 1664 4638 in
1699 4584 2021 4640 firmamen-

442 4690 523 4744 to,
568 4677 820 4747 desuper
864 4676 1104 4732 demisso
1164 4676 1222 4731 in
1246 4691 1421 4747 aquas
1454 4692 1558 4732 suo
1596 4677 1799 4746 radio),
1832 4677 2019 4732 statim

443 4771 582 4825 fecit
610 4770 1089 4841 regenerationem
1116 4785 1243 4839 qua:
1261 4778 1349 4825 est
1383 4785 1486 4840 per
1536 4784 1733 4838 aquam
1757 4778 1815 4823 et
1845 4769 2023 4839 Spiri-

446 4876 588 4928 tum,
620 4871 997 4933 congruenter
1023 4861 1078 4917 ei
1102 4862 1251 4932 quod
1297 4861 1510 4917 dictum
1566 4872 1690 4916 est:
1733 4860 1803 4915 Et
1846 4862 2022 4916 mittes

444 4954 705 5024 Spiritum
751 4966 922 5020 tuum,
965 4962 1017 5008 et
1055 4954 1400 5018 crcabuntur,
1445 4962 1494 5009 et
1524 4952 1800 5008 renavubis
1828 4953 2019 5022 faciem

445 5057 605 5101 terra
634 5047 702 5100 ".
729 5048 838 5102 Per
866 5048 1014 5102 hunc
1035 5062 1192 5119 ergo,
1220 5056 1279 5102 et
1303 5062 1414 5101 non
1444 5061 1546 5116 per
1574 5046 1814 5115 aliquem
1843 5044 2016 5099 alium

444 5137 671 5193 modum
691 5178 706 5203 ,
739 5153 807 5192 ex
832 5139 993 5208 aquis
1014 5138 1243 5209 quidem
1267 5137 1486 5208 genitas
1534 5136 1752 5191 animas
1792 5136 2014 5207 (nempe

442 5247 544 5300 per
575 5231 918 5302 baptismum
975 5230 1356 5302 regeneratas)
1399 5227 1691 5283 benedixit
1734 5229 1881 5285 Deus
1927 5229 2017 5283 di-

444 5338 580 5378 cens
608 5340 624 5377 :
653 5321 884 5379 Crescite
906 5329 958 5376 et
991 5320 1447 5392 multiplicamini,
1479 5327 1529 5373 et
1566 5318 1761 5390 replete
1821 5336 2014 5389 aquas.

444 5415 842 5471 Animantibus
866 5423 1055 5469 autem
1094 5422 1153 5469 et
1179 5412 1451 5483 jumentis
1499 5419 1556 5466 et
1593 5411 1729 5466 feris
1755 5427 1881 5481 quae
1911 5411 2017 5466 viri

444 5514 600 5572 sunt,
623 5507 1096 5577 serpentibnsque
1122 5511 1181 5560 et
1205 5503 1501 5560 venenatis
1538 5502 1882 5567 hominibus,
1924 5503 2021 5574 qui

443 5606 580 5652 sunt
619 5599 906 5669 peregrini
935 5607 993 5654 et
1037 5597 1202 5653 alieni
1251 5614 1285 5653 a
1330 5597 1695 5668 generatione
1736 5596 2023 5667 baptismi,

518 5709 757 5777 ’9Levit.
792 5728 919 5767 xxv.
953 5713 1038 5765 10.
1112 5714 1154 5744 ⁹¹
1184 5712 1327 5768 Psal.
1357 5728 1467 5777 cm,
1520 5714 1607 5769 32.

459 5774 509 5807 "
537 5776 680 5835 l‘sal.
720 5797 877 5839 xxxv.
928 5784 1010 5838 l0.
1453 5774 1462 5777 ⁷
1535 5800 1540 5806 ’

1708 5712 1754 5745 θ’
1786 5710 1943 5767 Joan.
1969 5725 2047 5775 ιιι,
2076 5711 2127 5765 5.

2123 4589 2310 4643 educti
2337 4588 2610 4642 fuerimus
2632 4588 2876 4656 reptilia,
2906 4585 3001 4640 sed
3022 4584 3331 4639 animarum
3361 4582 3666 4636 viventium
3686 4599 3703 4634 :

2123 4680 2240 4734 sola
2264 4678 2472 4743 anima,
2500 4689 2626 4749 post
2650 4678 2961 4749 baptisma;
2991 4676 3334 4746 suscipiente
3362 4673 3606 4728 studium
3630 4673 3705 4727 ad

2124 4771 2379 4837 meliora,
2405 4778 2463 4824 et
2495 4770 2590 4824 tali
2614 4770 2920 4825 constituta
2956 4769 3140 4839 qualis
3174 4767 3463 4821 exieritex
3508 4780 3650 4834 aqua
3679 4782 3698 4830 ;

2123 4872 2179 4918 et
2211 4878 2323 4916 non
2372 4862 2623 4917 exierant
2655 4860 2876 4930 reptilia
2919 4862 3230 4915 animarum
3259 4857 3591 4919 viventium,
3626 4872 3701 4911 ne

2129 4955 2402 5010 habeatur
2420 4955 2527 5009 ulla
2550 4971 2683 5010 cura
2705 4955 2978 5025 corporis.
3006 4953 3138 5008 Nam
3158 4953 3203 5007 si
3226 4951 3445 5007 dicatur
3470 4948 3699 5013 animal,

2127 5047 2462 5117 intelligitur
2483 5047 2631 5117 quod
2662 5047 2829 5101 simul
2863 5047 2977 5101 sint
2999 5060 3201 5115 corpus
3225 5053 3282 5097 et
3299 5041 3504 5097 anima.
3532 5040 3609 5093 Ea
3631 5039 3702 5093 de

2124 5154 2288 5194 causa
2317 5138 2386 5192 ab
2428 5138 2588 5192 initio
2622 5137 2865 5208 Spiritus
2894 5137 3179 5191 ferebatur
3213 5145 3473 5204 tanquam
3508 5132 3700 5185 anima

2125 5234 2317 5287 vivens
2341 5247 2511 5302 super
2536 5247 2760 5303 aquam,
2796 5245 3000 5297 aquam
3035 5227 3322 5283 viviﬁcans
3353 5234 3409 5280 et
3445 5239 3697 5279 movens.

2171 5325 2497 5394 _Propterea
2515 5322 2701 5377 divina
2724 5337 2945 5392 quoque
2962 5318 3245 5389 Scriptura
3275 5318 3391 5385 haec
3412 5318 3523 5371 duo
3544 5315 3701 5385 ponit

2128 5416 2289 5471 simul
2317 5413 2626 5485 congenita,
2681 5420 2938 5482 tanquam
2973 5411 3210 5465 animam
3252 5419 3309 5464 et
3336 5422 3557 5477 corpus,
3599 5405 3702 5460 ali-

2129 5505 2350 5576 quando
2380 5504 2602 5575 quidem
2627 5503 2819 5558 dicens
2847 5519 2861 5555 :
2890 5501 3044 5571 Apud
3074 5510 3123 5555 te
3155 5501 3371 5569 (nempe
3404 5498 3695 5568 Spiritum,

2131 5608 2388 5668 tanquam
2417 5593 2610 5666 Deum)
2636 5603 2713 5649 est
2739 5594 2857 5665 fons
2898 5594 3018 5648 vita
3036 5592 3101 5647 “.
3134 5590 3446 5661 Aliquando
3466 5596 3648 5643 autem
3674 5599 3695 5639 :

2229 5710 2275 5741 "
2303 5710 2323 5763 l
2349 5708 2541 5764 Thess.
2595 5724 2667 5775 rv,
2696 5706 2783 5760 l6.
2880 5697 3003 5739 ’δι”
3031 5703 3172 5764 Gen.
3209 5709 3270 5758 ιι,
3304 5691 3358 5743 7.
