4026 6140
415 362 516 433 917

1512 368 1594 427 ΙΝ
1636 366 2188 428 ΗΕΧΑΕΜΕΒΟΝ.
2233 391 2305 401 ·-
2347 365 2492 427 LIB.
2537 369 2604 429 ν.

3574 355 3697 423 918‘

411 481 591 537 I-‘labit
622 482 840 557 spiritus
869 480 1004 550 ejus,
1028 488 1076 532 et
1098 474 1445 550 ﬂuentaque:
1467 481 1535 533 ’⁷.
1558 481 1826 537 Dominus
1858 496 1997 550 quo—
2027 489 2069 541 Α
2098 484 2353 536 viventem
2377 499 2396 535 :
2447 495 2557 537 una
2597 490 2683 535 est
2719 480 2869 537 enim
2916 486 2973 535 et
3014 477 3215 537 similis
3265 475 3528 533 omnibus
3578 476 3677 530 ho-

414 589 524 645 que
543 571 713 626 dicit:
738 570 841 637 Qui
864 573 1029 625 credit
1061 574 1117 626 in
1148 588 1232 625 me
1253 572 1473 642 (nempe
1503 581 1678 629 totum
1704 572 1996 642 Spiritum,

413 667 463 732 si
498 665 667 720 fuerit
700 663 1087 732 incrassalus),
1122 666 1257 719 sicut
1287 666 1411 719 dicit
1441 663 1743 736 Scriptura,
1767 666 1917 737 ﬂuvii
1938 681 2002 719 ea;

413 764 598 812 centre
617 758 729 827 ejus
756 759 923 828 ﬂuent
949 768 1103 827 aqua
1132 758 1250 812 vita:
1272 757 1340 811 ⁹⁸.
1369 757 1641 813 Similiter
1662 757 1833 815 etiam
1867 757 2002 813 dicit

416 847 794 909 Samaritanus,
830 847 1042 918 Aquam
1076 863 1178 925 ego
1223 849 1268 902 ei
1297 848 1454 913 dabo,
1488 848 1584 918 qui
1611 864 1734 903 sum
1770 849 2003 919 spiritus

418 951 678 1011 tanquam
706 942 876 1005 Deus,
906 950 962 997 et
990 957 1086 999 eos
1117 942 1214 1012 qui
1234 957 1322 997 me
1352 942 1608 1007 adorant,
1642 945 1700 997 in
1725 944 1920 1014 spiritu
1954 950 2003 996 et

414 1027 639 1090 ueritate
673 1043 879 1105 oportet
910 1030 1160 1099 adorare,
1191 1044 1240 1090 et
1272 1034 1364 1104 μσς
1393 1037 1441 1090 ei
1468 1034 1585 1105 fons
1612 1039 1733 1092 vitta
1759 1035 2003 1095 salientis

417 1127 473 1180 in
497 1128 659 1181 vitam
682 1133 941 1181 internum
970 1128 1036 1180 ’⁸.
1071 1128 1257 1181 Prima
1285 1142 1419 1198 ergo
1442 1127 1575 1194 vita,
1612 1126 1916 1182 viventium
1937 1143 2005 1182 ex

417 1219 599 1289 aquis.
638 1219 719 1274 Ex
764 1218 846 1273 eis
874 1227 961 1273 est
1002 1219 1261 1288 cognitus
1287 1220 1502 1289 primus
1532 1218 1805 1279 adventus
1829 1218 2007 1288 Spiri-

420 1319 531 1371 tus,
560 1326 687 1364 nam
723 1326 889 1380 super
913 1325 1007 1365 eas
1038 1310 1343 1366 ferebatur.
1367 1307 1555 1366 Prima
1581 1312 1918 1368 resurrectio
1938 1327 2006 1366 ex

417 1405 501 1459 eis
545 1404 690 1460 facta
713 1413 799 1461 est
830 1421 928 1475 per
955 1405 1152 1461 Jonam
1190 1422 1202 1459 :
1238 1405 1292 1460 in
1318 1406 1401 1461 eis
1430 1414 1517 1461 est
1555 1406 1824 1462 absconsa
1857 1422 2006 1461 mar.

419 1496 595 1570 garita
638 1497 852 1565 paterni
907 1496 1159 1567 fulgoris.
1211 1497 1320 1564 Per
1374 1496 1672 1557 Iordanem
1726 1497 1869 1553 facta
1919 1509 2009 1552 est

419 1590 679 1658 purgatio
720 1597 1023 1654 creatum;
1076 1604 1142 1643 ex
1192 1589 1352 1659 aquis
1393 1589 1537 1644 facta
1590 1597 1679 1644 est
1724 1588 2006 1644 fructuum

418 1680 792 1753 germinatio:
828 1696 893 1736 ex
918 1681 1077 1750 aquis
1103 1680 1209 1734 fuit
1238 1680 1483 1750 paradisi
1520 1680 1792 1750 irrigatio.

490 1772 634 1826 Ante
676 1773 862 1832 omnia
891 1787 1053 1840 aqua:
1082 1771 1138 1825 in
1172 1770 1450 1842 principio
1484 1776 1823 1839 acceperunt
1859 1770 2004 1824 lucis

421 1864 908 1930 iiluminationem,
940 1871 1000 1918 ut
1031 1879 1155 1934 quae
1199 1863 1478 1919 ferrentur
1505 1878 1674 1932 super
1706 1871 1910 1917 terram
1943 1870 2003 1915 et

420 1970 547 2010 eam
593 1955 867 2009 alluerent
892 1969 957 2009 ac
989 1954 1289 2024 tingerent,
1332 1963 1390 2008 et
1433 1951 1832 2023 propemodum
1862 1966 2003 2021 prae-

422 2045 677 2100 dicarent
720 2058 939 2098 omnem
981 2043 1280 2099 humanam
1330 2026 1589 2115 naturam
1615 2057 1740 2111 quae
1762 2048 1884 2095 erat
1902 2039 2007 2095 ba-

423 2136 701 2206 ptizanda.
744 2128 1113 2201 Quamobrem
1159 2134 1329 2190 tertio
1361 2133 1452 2189 die
1484 2148 1625 2203 aqua
1660 2131 1912 2189 ascendit
1938 2145 2007 2185 ex

426 2229 703 2298 baptismo
727 2228 999 2297 ejusmodi
1023 2242 1317 2297 aquarum,
1352 2235 1414 2281 ut
1441 2240 1564 2295 quae
1592 2224 1651 2281 in
1676 2224 2005 2305 Trinitatem

412 2320 608 2375 'Patris
656 2326 712 2372 et
754 2318 877 2372 Filii
916 2326 973 2371 et
1008 2316 1253 2386 Spiritus
1293 2316 1469 2372 sancti
1517 2313 1796 2384 baptizata
1831 2313 1905 2367 sit
1951 2319 2008 2371 et

426 2409 748 2466 crediderit.
795 2408 968 2474 Quam
1017 2407 1242 2478 quidem
1284 2423 1411 2463 cum
1446 2407 1594 2461 Deus
1637 2414 1895 2475 tanquam
1940 2421 2009 2460 ex

374 2534 377 2535 ν
425 2501 613 2571 aliqua
666 2515 933 2569 aquarum
979 2499 1190 2569 piscina
1243 2497 1548 2561 eduxisset,
1615 2497 1801 2571 statim
1849 2496 2010 2568 jubet

427 2594 578 2650 ferre
624 2594 857 2659 fruetus,
911 2593 1310 2649 convenienter
1366 2591 1625 2665 Baptista?
1646 2590 1866 2654 Joanni,
1912 2590 2009 2659 qui

426 2688 500 2740 iis
520 2686 612 2756 qui
635 2686 1056 2757 baptizabantur
1083 2684 1436 2756 prmcipiebat
1457 2692 1515 2738 et
1547 2684 1766 2739 dicebat
1793 2701 1805 2737 :
1829 2681 2011 2749 Facite

428 2779 629 2851 fructus
672 2780 855 2849 dignos
898 2781 1221 2849 pﬁititentiw
1260 2781 1307 2845 ¹;
1356 2778 1474 2849 ipse
1521 2792 1746 2853 quoque
1793 2775 2006 2840 dicens,

426 2872 696 2949 Germinct
749 2880 892 2927 terra
928 2874 1144 2926 herbam
1186 2871 1312 2940 feni,
1350 2880 1398 2924 et
1435 2871 1636 2941 lignum
1677 2868 2011 2939 [νηστείαν-πω

425 2948 626 3032 faciens
647 2963 898 3031 fructum.
933 2963 1200 3018 Existimo
1248 2963 1485 3021 herbam
1512 2977 1635 3017 esse
1665 2969 2009 3031 peccatores,
2036 3022 2041 3027 ,

425 3055 576 3126 ligna
624 3054 934 3117 fructifera,
957 3055 1140 3125 justos
1157 3054 1293 3121 ;‘Dei
1318 3070 1453 3111 voce
1479 3054 1641 3108 nobis
1666 3052 2010 3123 signiﬁcante

2102 575 2370 641 minibus,
2406 590 2436 631 e
2480 583 2627 629 terra
2667 574 2851 646 genita
2892 582 2950 629 et
2992 572 3235 629 carnalis
3277 571 3565 642 generatio
3611 585 3679 623 ex

2104 667 2339 722 muliere
2376 683 2389 720 :
2425 667 2479 720 in
2527 667 2686 736 aquis
2715 673 2901 721 autem
2948 671 3179 736 propter
3210 662 3579 734 spiritualem,
3614 677 3711 747 ex‘

2104 761 2264 829 ipsis,
2286 759 2636 829 baptismatis
2676 759 2949 815 diversam
2981 756 3481 828 regenerationem,
3509 755 3680 810 dicit:

2104 852 2432 917 Producunt,
2481 851 2682 920 inquit,
2717 866 2872 922 aquae
2912 848 3125 919 reptilia
3160 849 3469 904 animarum
3506 848 3687 901 uiuen-

2105 945 2257 999 tium.
2290 943 2414 1001 Alia
2455 941 2603 997 enim
2653 941 2939 1013 egreditur
2984 940 3167 997 anima
3211 956 3279 996 ex
3320 939 3556 1009 piscina,
3586 939 3683 1008 qui

2104 1036 2342 1097 sincere,
2367 1049 2441 1088 ex
2474 1034 2659 1088 animo
2690 1041 2749 1089 et
2778 1032 2947 1088 corde
2971 1041 3057 1089 est
3079 1032 3393 1103 baptizatus
3421 1041 3549 1097 ;est
3576 1031 3684 1085 alia

2105 1127 2291 1182 anima
2322 1125 2369 1181 is
2399 1125 2494 1195 qui
2531 1141 2658 1181 cum
2686 1123 3034 1181 dubitatione
3063 1125 3299 1180 accessit
3323 1123 3392 1179 ad
3419 1125 3683 1194 gratiam;

2105 1227 2160 1273 ct
2188 1218 2297 1273 alia
2331 1218 2515 1273 anima
2540 1217 2585 1272 is
2610 1216 2706 1285 qui
2733 1214 2997 1273 tentando
3019 1215 3254 1271 accessit
3272 1215 3341 1272 ad
3374 1230 3688 1271 sacramen-

2110 1320 2255 1377 tum,
2282 1319 2343 1365 ut
2380 1310 2573 1365 Simon
2617 1309 2826 1380 Magus,
2879 1308 2949 1364 de
3002 1323 3114 1377 quo
3159 1308 3369 1363 dictum
3420 1317 3506 1364 est
3535 1325 3548 1360 :
3574 1306 3687 1361 Ba-

2113 1406 2341 1475 ptizatus
2394 1411 2471 1457 est
2521 1402 2690 1459 etiam
2738 1400 2921 1457 Simon
2968 1398 3167 1472 Magia
3210 1401 3252 1465 ³,
3310 1409 3369 1455 et
3436 1398 3689 1455 ascendit

2106 1495 2286 1565 qualis
2319 1493 2607 1549 descendit
2644 1493 2793 1553 :hoc
2827 1501 2931 1555 est,
2968 1507 3080 1549 non
3112 1491 3478 1549 illuminatus.
3514 1490 3688 1562 Aliter

2106 1589 2254 1641 eiiim
2300 1586 2556 1652 aﬂicitur,
2620 1585 2675 1640 in
2718 1586 2787 1640 iis
2832 1586 2960 1641 dico
3017 1584 3113 1653 qui
3160 1583 3540 1652 baptizantur,
3593 1596 3689 1638 cor

2106 1678 2331 1749 gentilis
2376 1685 2432 1733 et
2464 1677 2709 1741 barbari,
2741 1676 2836 1746 qui
2879 1684 2964 1732 cst
3009 1674 3234 1730 omnino
3261 1674 3489 1744 ignarus
3524 1672 3688 1729 Chri-

2109 1769 2382 1827 stianismi
2425 1777 2482 1823 et
2529 1768 2943 1838 Scripturarum
2984 1766 3116 1831 Dei;
3149 1774 3205 1821 ct
3246 1764 3355 1823 alio
3381 1765 3566 1821 animo
3594 1779 3689 1821 ac-

2109 1863 2258 1919 cedit
2290 1864 2338 1916 is
2365 1862 2461 1932 qui
2487 1871 2572 1917 est
2603 1861 2893 1917 insututus
2911 1869 2969 1916 et
2987 1859 3254 1921 .initiatus
3280 1859 3341 1915 in
3364 1848 3690 1929 cognitione

2107 1965 2165 2015 et
2194 1954 2582 2025 intelligentia,
2627 1962 2685 2010 et
2733 1963 2994 2023 tanquam
3029 1952 3189 2022 prius
3233 1951 3580 2009 illuminatus
3633 1951 3689 2006 in

2107 2047 2316 2105 Christi
2343 2055 2708 2103 sacramento.
2731 2046 2889 2103 Unde
2918 2060 3134 2112 rursus,
3163 2060 3291 2101 cum
3320 2044 3652 2116 baptismate
3672 2083 3688 2109 ,

2108 2142 2449 2212 propheticis
2496 2139 2948 2203 cbarismatibus,
3003 2146 3062 2195 et
3112 2138 3343 2210 linguis,
3394 2146 3452 2194 et
3490 2139 3687 2209 signis.

2108 2242 2166 2291 et
2197 2232 2657 2303 praenotionibus,
2690 2231 2840 2303 digni
2868 2230 3045 2286 habiti
3076 2240 3205 2287 sunt
3234 2230 3488 2287 nonnulli
3523 2245 3593 2285 ex
3620 2230 3691 2286 iis

2109 2327 2205 2398 qui
2224 2326 2538 2399 cognitione
2562 2325 2860 2383 illuminati
2872 2324 3220 2383 accedebant
3234 2323 3306 2379 ad
3322 2324 3684 2394 baptismum,

2110 2418 2296 2475 statim
2342 2417 2525 2475 eﬂ'ecti
2578 2417 2649 2473 ab
2696 2416 2820 2472 aliis
2859 2416 3066 2474 diversi
3110 2425 3168 2470 et
3219 2415 3438 2470 mutati.
3474 2415 3688 2470 Novam

2110 2519 2294 2566 autem
2330 2510 2476 2564 hanc
2494 2508 2897 2579 baptizatorum
2937 2507 3007 2563 ad
3038 2524 3105 2565 ea
3139 2524 3264 2578 quae
3286 2516 3424 2563 sunt
3455 2508 3689 2563 meliora

2112 2601 2475 2661 mutationem
2499 2598 2819 2669 signiﬁcans
2842 2597 2933 2653 Sol
2949 2598 3198 2668 justitiae,
3232 2596 3466 2653 mutavit
3489 2611 3687 2667 aquam

2111 2692 2302 2756 maris,
2349 2706 2474 2747 eam
2506 2690 2657 2747 intus
2687 2697 2746 2745 et
2766 2697 2927 2744 extra
2960 2689 3163 2747 salsam
3196 2687 3434 2743 reddens
3463 2704 3478 2741 :
3508 2702 3689 2757 quan-

2110 2782 2407 2853 doquidem
2447 2781 2526 2841 sal
2564 2791 2653 2836 est
2678 2779 2923 2836 Verbum
2954 2779 3074 2844 Dei,
3098 2779 3308 2835 tollens
3336 2792 3502 2835 omne
3532 2778 3690 2833 virus

2110 2882 2167 2929 et
2198 2888 2418 2931 atumem
2446 2872 2699 2928 faetorem
2735 2885 3051 2940 expurgans
3093 2880 3152 2925 et
3201 2869 3686 2939 putrefactionem,

2111 2982 2347 3036 Corpora
2398 2963 2740 3027 custodiens,
2795 2963 2938 3020 cibis
2972 2962 3346 3025 benefaciens,
3400 2970 3460 3017 et
3492 2977 3688 3032 panem

2112 3057 2392 3112 cmlestem
2437 3053 2657 3111 unicus.
2695 3054 2853 3114 Unde
2896 3063 2952 3112 et
2978 3053 3234 3113 Christus
3280 3053 3356 3109 iis
3380 3052 3690 3123 exprobrat

425 3145 577 3216 quod
616 3155 740 3216 post
787 3146 1126 3216 baptismum
1160 3146 1575 3217 generabuntur
1600 3144 1851 3215 quaedam
1872 3159 2011 3199 escae
2038 3162 2079 3219 c
2111 3151 2204 3220 qui
2231 3151 2312 3205 sal
2348 3149 2623 3220 ejusmodi
2670 3147 2726 3203 in
2771 3162 2833 3205 se
2865 3163 2976 3202 non
3007 3146 3217 3201 habent
3255 3153 3314 3201 et
3343 3143 3687 3201 custodiunt.

422 3251 691 3307 pecorum
747 3246 804 3292 et
883 3238 1217 3303 daemonum,
1272 3246 1330 3293 et
1364 3238 1505 3309 ignis
1551 3237 1781 3293 materia
1825 3253 1893 3291 ex
1921 3252 2009 3294 so-

426 3327 613 3385 cordia
645 3343 710 3397 ac
752 3328 1089 3399 negligentia
1126 3338 1383 3400 tanquam
1421 3329 1570 3394 feno,
1626 3344 1737 3384 non
1763 3328 1870 3382 hoc
1898 3328 2009 3381 Deo

417 3419 673 3491 iubente,
722 3420 816 3481 sed
867 3421 1015 3491 quod
1067 3421 1316 3477 futurum
1359 3429 1482 3480 erat
1524 3419 2004 3491 praesigniﬁcante.

422 3510 688 3566 Nonnulli
730 3522 916 3568 autem
964 3522 1223 3583 tanquam
1262 3513 1320 3568 in
1378 3513 1699 3569 nemoribus
1743 3522 1799 3567 et
1832 3511 2008 3566 hortis

422 3602 670 3660 fructum
720 3605 984 3672 terentes,
1015 3606 1187 3660 veluti
1235 3605 1291 3660 in
1331 3605 1496 3660 trium
1527 3605 1786 3660 arborum
1834 3604 2004 3673 ligno,

422 3695 855 3752 subinclinatam
889 3696 1173 3767 habebunt
1201 3712 1423 3752 crucem
1449 3711 1614 3766 quam
1634 3695 2009 3766 complectan-

422 3796 540 3850 tur,
584 3804 707 3857 quae
726 3779 1066 3859 germinavit
1094 3806 1162 3844 ex
1206 3790 1384 3844 tribus
1410 3790 1613 3860 lignis;
1658 3789 1801 3844 bene
1855 3788 2008 3869 colo-

420 3890 606 3935 ratum
646 3874 1020 3949 producentes
1051 3881 1296 3937 fructum
1354 3882 1554 3937 animae
1601 3880 2005 3953 sanctiﬁcatio-

419 3988 577 4036 nem,
608 3972 893 4029 Christum
913 3973 1286 4039 invocantem,
1320 3975 1413 4045 qui
1437 3975 1491 4029 in
1516 3974 1700 4029 crucis
1728 3989 1796 4029 ex
1826 3973 2007 4028 tribus

418 4066 725 4123 arboribus
764 4067 1034 4122 confectae
1067 4067 1219 4138 ligno
1249 4067 1585 4123 recubuerat
1609 4072 1668 4120 et
1689 4065 2009 4121 obdormie-

421 4169 535 4215 rat.
584 4160 748 4215 Forte
781 4152 931 4214 enim
958 4161 1103 4216 sicut
1127 4160 1294 4214 tertio
1335 4160 1447 4224 die,
1477 4157 1664 4215 herbae
1688 4167 1746 4212 et
1778 4157 2007 4213 arbores

420 4250 708 4323 frugifera:
752 4259 882 4308 sunt
926 4260 1088 4323 typus
1114 4260 1464 4323 peccatorum
1495 4259 1551 4305 et
1584 4252 1895 4322 justorum;
1929 4250 2005 4305 ita

414 4342 594 4397 etiam
619 4343 674 4397 in
695 4343 892 4412 quinto
919 4343 1009 4398 die
1032 4344 1337 4414 proposito,
1362 4343 1795 4413 pisces-quidem
1825 4344 1920 4415 qui
1948 4344 2004 4398 in

418 4448 569 4503 aqua
614 4434 909 4504 tinguntur
948 4445 1008 4490 et
1040 4451 1151 4491 non
1193 4436 1510 4505 suscipiunt
1536 4450 1724 4490 auram
1757 4452 1860 4492 nec
1893 4437 2005 4507 spi-

2181 3242 2281 3299 Est
2333 3241 2587 3311 quasdam
2617 3240 2968 3297 admirabilis
3005 3239 3148 3295 ratio
3192 3238 3250 3292 in
3280 3245 3479 3311 natura
3515 3252 3689 3307 aqua-

2109 3336 2253 3399 rum,
2307 3334 2469 3391 valde
2502 3333 2759 3405 apposita
2802 3342 2860 3388 et
2897 3330 3240 3389 conveniens
3279 3329 3683 3401 regenerationi

2106 3426 2476 3496 baptismatis,
2513 3440 2636 3496 quae
2677 3423 2738 3478 ﬁt
2786 3424 2907 3480 sine
2959 3423 3173 3479 semine
3218 3429 3277 3479 et
3309 3422 3689 3493 corruptione.

2106 3517 2266 3582 Nam,
2302 3525 2367 3571 ut
2397 3517 2593 3574 dicunt
2639 3517 2733 3586 qui
2756 3524 2970 3572 norunt
2986 3514 3252 3585 piscandi
3295 3526 3494 3580 artem,
3526 3515 3692 3572 habet

2106 3609 2331 3679 quidem
2365 3608 2601 3678 piscium
2631 3617 2827 3665 natura
2860 3608 3231 3680 masculinum
3271 3616 3329 3662 et
3361 3607 3690 3664 femininum

2107 3713 2300 3755 sexum
2332 3708 2607 3764 natantes,
2640 3707 2699 3755 et
2735 3700 2881 3754 inter
2927 3714 2987 3759 se
3017 3715 3129 3759 non
3182 3709 3418 3764 coeunt;
3449 3699 3547 3755 sed
3571 3699 3692 3755 sine

2107 3792 2317 3848 semine
2365 3807 2433 3848 ex
2465 3809 2606 3862 aqua
2656 3801 2715 3849 et
2752 3793 2951 3862 spiritu
2976 3792 3150 3849 veluti
3182 3792 3435 3863 pariunt;
3464 3791 3691 3863 proprie

2106 3894 2163 3940 et
2197 3885 2316 3940 sine
2349 3884 2717 3948 dubitatione,
2745 3899 2814 3939 eo
2861 3884 3119 3953 exemplo
3145 3882 3488 3954 signiﬁcante
3522 3883 3691 3953 spiri-

2109 3978 2313 4034 tualem
2343 3986 2400 4033 et
2445 3978 2564 4035 sine
2601 3979 2813 4035 semine
2838 3985 3091 4035 nostram
3122 3993 3189 4033 ex
3219 3992 3365 4046 aqua
3400 3984 3459 4033 et
3484 3976 3690 4047 spiritu

2106 4070 2544 4143 generationem,
2585 4070 2656 4125 de
2678 4085 2788 4139 qua
2813 4069 3025 4125 dictum
3068 4078 3154 4125 est
3180 4086 3194 4124 :
3220 4070 3339 4127 Non
3369 4086 3434 4125 ea:
3466 4072 3691 4143 sangui-

2106 4164 2277 4224 nibus,
2302 4178 2466 4233 neque
2494 4177 2557 4215 ea:
2585 4160 2856 4215 voluntate
2880 4162 3001 4227 uiri,
3024 4162 3116 4217 sed
3134 4177 3213 4216 ea;
3228 4160 3485 4221 Deomati
3506 4172 3628 4219 sunt
3649 4163 3688 4218 ⁸.

2105 4252 2306 4308 Dicunt
2334 4262 2520 4314 autem
2547 4262 2606 4309 et
2634 4253 2991 4317 testudinem,
3025 4269 3149 4325 quae
3169 4252 3399 4321 dicitur,
3422 4264 3481 4311 et
3505 4270 3692 4311 mure-
3740 4246 3751 4251 ’

2105 4360 2232 4399 nam
2278 4344 2468 4399 coire:
2512 4343 2610 4401 sed
2646 4342 2797 4413 quod
2836 4357 3023 4403 rarum
3069 4357 3176 4412 est,
3204 4360 3315 4401 non
3359 4353 3445 4401 est
3471 4346 3559 4405 lex
3592 4346 3693 4402 Ec-

2106 4435 2308 4493 clesiaa.
2341 4435 2448 4490 Sed
2483 4436 2747 4505 quoniam
2778 4445 3014 4506 utraque
3044 4437 3165 4495 hac
3195 4438 3455 4501 anirnalia
3478 4439 3691 4499 marina

416 4533 552 4580 rant
587 4526 847 4595 spiritum
878 4527 986 4595 qui
1019 4527 1194 4582 fertur
1234 4543 1405 4598 super
1445 4544 1667 4598 aquam,
1699 4539 1830 4584 sunt
1875 4505 2005 4599 pec-
2037 4505 2083 4563 υ
2111 4535 2167 4584 et
2195 4527 2476 4592 coeuntia,
2505 4528 2561 4582 in
2590 4535 2791 4583 terram
2817 4544 2885 4583 ex
2906 4529 3068 4596 mutis
3091 4529 3476 4601 egrediuntur,
3520 4530 3691 4586 vitam

415 4625 641 4673 ratores
677 4618 773 4689 qui
811 4620 977 4675 etiam
1031 4629 1156 4689 post
1197 4620 1531 4690 baptismum
1566 4622 1624 4677 in
1653 4623 2000 4692 voluptatum

413 4708 700 4780 profundo
728 4721 785 4766 et
817 4711 1081 4767 fluctibus
1110 4721 1459 4782 permanent,
1505 4725 1563 4769 et
1595 4714 1809 4783 peccati
1842 4716 2001 4771 virus

413 4814 538 4854 non
578 4801 981 4873 deposuerunt,
1027 4819 1209 4874 neque
1257 4805 1442 4862 Solem
1486 4808 1716 4879 justitiae
1773 4823 2005 4878 aspexe-

415 4897 579 4956 runt,
630 4908 814 4963 neque
856 4895 975 4949 alas
1001 4895 1272 4951 columba:
1306 4896 1525 4968 (nempe
1544 4898 1806 4969 spiritus)
1847 4914 2004 4955 acce-

344 5004 357 5012 -
410 4992 666 5052 perunt;
711 4993 767 5039 et
809 4986 935 5042 ideo
986 5003 1099 5041 non
1132 4994 1365 5057 possunt
1400 4991 1625 5045 evolare
1679 4990 1734 5045 in
1771 4991 1997 5056 omium,

410 5074 522 5129 sed
568 5086 953 5133 remanserunt
992 5081 1233 5149 reptilia,
1268 5090 1324 5135 et
1372 5096 1484 5135 non
1517 5089 1647 5138 sunt
1690 5081 2003 5138 eﬁ‘ectivo-

406 5168 606 5223 lucres
649 5169 792 5225 sicut
837 5170 999 5240 justi.
1038 5170 1289 5237 Quorum
1343 5171 1565 5242 quidem
1598 5173 1998 5229 virulentorum

412 5263 483 5315 et
529 5257 846 5315 fmtidorum
892 5263 1124 5332 piscium
1160 5280 1256 5319 rex
1301 5271 1408 5329 est,
1448 5280 1703 5334 magnum
1756 5265 1891 5323 illud
1942 5274 2001 5322 et

406 5346 723 5417 malignum
755 5360 933 5415 cetus,
969 5351 1038 5407 de
1076 5369 1188 5423 quo
1225 5354 1373 5410 Deus
1395 5355 1534 5410 dicit
1567 5355 1709 5411 Jobo
1741 5372 1756 5409 :
1794 5356 1892 5413 Hic
1922 5366 1999 5412 est

405 5452 516 5492 rea:
569 5441 805 5495 omnium
857 5443 949 5511 qui
996 5451 1124 5497 sunt
1177 5445 1233 5499 in
1275 5447 1429 5515 aquis
1477 5447 1519 5501 ¹.
1560 5447 1828 5503 Existimo
1864 5464 1999 5519 ergo

402 5528 570 5600 (mod
593 5530 694 5585 hac
722 5531 790 5587 de
812 5548 998 5600 causa,
1023 5533 1079 5589 in
1102 5538 1461 5606 generatione
1483 5538 1708 5604 quidem
1748 5539 1998 5595 animan-

410 5632 558 5675 tium
592 5635 663 5675 ex
684 5627 852 5687 terra,
883 5624 1026 5680 Deus
1057 5625 1197 5681 dixit
1229 5645 1242 5680 :
1279 5626 1545 5682 Producat
1576 5638 1723 5684 terra
1757 5631 1995 5684 animum

483 5731 531 5763 "'
567 5733 710 5808 Paul.
747 5750 939 5808 cxavtt.
990 5740 1071 5793 ‘8.
1148 5741 1194 5772 ’⁸
1230 5742 1387 5796 Joan.
1437 5760 1527 5807 vn,
1566 5744 1653 5799 38.
1729 5747 1775 5808 ’τ’
1801 5745 1965 5802 Joan.

2132 5740 2221 5808 ‘25,
2260 5743 2283 5796 l'
2298 5744 2338 5797 ί.

402 5814 532 5870 vni,
588 5805 673 5858 l5.
752 5805 768 5835 ί
814 5808 949 5863 Joan
1001 5827 1042 5876 ι,
1084 5811 1165 5865 l5.
1242 5812 1262 5843 '
1295 5812 1448 5868 loan.
1502 5804 1614 5884 vni,
1668 5804 1757 5871 44.

2107 4616 2314 4686 degunt
2354 4616 2653 4685 ancipitem
2700 4625 2758 4671 et
2803 4632 2913 4673 non
2942 4600 3140 4674 vivunt
3178 4635 3329 4676 more
3370 4620 3690 4676 natatilium

2106 4706 2493 4763 animantium.
2521 4705 2677 4761 Unde
2707 4722 2772 4762 ea
2804 4710 3026 4778 quidem
3055 4725 3176 4780 qua:
3201 4710 3409 4769 dicitur
3435 4727 3689 4776 murena.

2104 4815 2137 4856 e
2169 4801 2308 4857 mari
2330 4799 2623 4871 egrediens
2653 4800 2788 4867 coit,
2820 4811 2882 4858 ut
2908 4803 3088 4864 aiunt.
3120 4819 3248 4861 cum
3274 4816 3545 4873 serpente
3577 4819 3692 4863 ma-
3762 4831 3772 4853 ι

2110 4894 2255 4949 rino.
2307 4893 2524 4957 Etenim
2576 4896 2899 4967 quicunque
2941 4898 3152 4957 ,nolunt
3210 4906 3423 4967 patrem
3484 4896 3692 4952 habere

2111 4983 2427 5047 Dominum,
2463 4994 2519 5040 et
2540 4994 2768 5049 matrem
2801 4986 3093 5055 piscinam,
3125 4986 3224 5043 sed
3254 4985 3380 5042 ﬁcte
3409 4994 3467 5041 et
3512 4985 3713 5041 simu-v

2110 5074 2240 5138 late,
2281 5081 2341 5129 ut
2385 5074 2597 5141 Simon,
2653 5077 2927 5133 accedunt
2974 5078 3045 5133 ad
3096 5077 3453 5148 baptismum,
3490 5076 3528 5130 ii
3581 5074 3689 5131 sibi

2109 5182 2306 5222 rursus
2351 5178 2563 5237 patrem
2606 5169 2895 5227 ascribunt
2939 5170 3221 5233 diabolum
3247 5170 3535 5240 antiquum
3567 5183 3686 5223 ser-

2108 5268 2349 5328 pentem,
2372 5267 2441 5327 et
2473 5260 2727 5326 audiunt,
2780 5261 2877 5325 Vas
2930 5279 2993 5316 ea:
3040 5270 3192 5333 patre
3242 5270 3426 5323 vestro
3477 5260 3686 5314 diabolo

2107 5352 2230 5405 estis
2258 5351 2301 5416 ⁸,
2330 5359 2389 5406 et
2415 5350 2692 5422 abnegant
2737 5368 2937 5422 aquam
2968 5353 3219 5422 piscinae.
3248 5352 3371 5408 Non
3404 5350 3552 5415 enim
3583 5365 3684 5404 na-

2105 5452 2337 5501 scuntur
2360 5444 2418 5499 in
2440 5458 2509 5501 ea
2531 5461 2546 5509 ;
2568 5452 2624 5499 et
2656 5444 2987 5501 accedentes
3024 5445 3078 5499 in
3105 5453 3333 5507 terram,
3363 5440 3684 5510 suscipiunt

2105 5537 2518 5607 generationem
2558 5550 2682 5605 quae
2714 5544 2804 5591 est
2836 5534 3186 5591 conversatio
3220 5542 3280 5589 et
3305 5532 3419 5589 vita
3455 5530 3686 5591 minime

2106 5628 2433 5693 illuminata,
2480 5643 2609 5685 nam
2642 5644 2811 5698 supra
2854 5644 3074 5699 aquam,
3118 5641 3231 5682 non
3262 5640 3428 5695 supra
3477 5632 3683 5685 terram

2425 5746 2439 5777 ¹
2483 5743 2674 5799 Mattb'.
2711 5761 2789 5812 Ill,
2849 5745 2903 5800 8.
2979 5746 2999 5777 ¹¹
3034 5742 3138 5800 Job
3195 5758 3302 5809 xu,
3346 5743 3435 5800 25.
3517 5742 3680 5801 ‘Act.
