4056 6148
373 356 480 424 919

1576 366 1635 426 S.
1673 368 2074 429 ANASTASII
2114 372 2285 431 SlNA
2296 371 2437 433 lTrE

3534 368 3637 434 9'20

375 486 549 540 super
572 469 841 541 ferebatur
873 466 1128 543 Spiritus.
1177 474 1420 529 TeStudo
1447 484 1655 542 autem,
1691 488 1952 548 tanquam
1984 486 2028 542 Α
2058 483 2151 552 qui
2177 483 2356 552 ipsum
2376 499 2570 538 rursus
2601 492 2881 538 evomunt.
2914 481 3020 537 Sed
3052 498 3162 537 non
3191 496 3321 537 eum
3361 480 3455 552 qui
3485 481 3637 552 prius

376 561 766 616 aversantibus
788 571 846 616 et
871 562 1304 619 abhorrentibus
1335 567 1512 635 aquis,
1549 568 1671 637 ejus
1707 569 1953 639 iniquam

374 670 440 707 ex
481 654 691 708 semine
722 664 778 708 et
819 655 970 709 ﬂuxu
1006 657 1456 726 conceptionem,
1493 658 1547 712 in
1583 659 1728 714 hanc
1754 668 1955 715 terram

375 745 702 799 amandatur
736 754 792 800 ct
826 747 940 802 illic
975 764 1077 802 ova
1126 750 1349 818 pariens
1379 766 1443 805 ea
1477 751 1741 817 occultat,
1781 753 1836 806 in
1872 742 1972 825 ty?

376 853 509 905 pum
536 853 728 892 eorum
769 839 865 908 qui
913 855 1108 894 revera
1153 856 1235 913 ex-
1253 857 1395 911 aqua
1446 843 1792 913 baptismatis
1825 861 1958 900 ena-

379 937 495 983 tant
538 945 641 999 per
669 931 872 1001 ipsum,
915 930 1251 987 intrinsecus
1310 942 1496 989 autem
1538 935 1721 992 adhuc
1775 937 1959 992 celant

379 1021 684 1091 improbam
715 1022 944 1078 seminis
991 1026 1430 1095 generationem,
1477 1035 1536 1082 et
1583 1038 1811 1099 propter
1850 1029 1957 1083 hu-

380 1129 601 1167 manum
643 1115 785 1169 forte
826 1115 1098 1185 pudorem
1134 1133 1256 1172 eam
1303 1118 1454 1173 foras
1506 1135 1619 1173 non
1670 1120 1956 1176 emittunt.

378 1205 551 1259 Nemo
582 1213 767 1260 autem
809 1205 1043 1261 irrideat
1079 1209 1326 1278 exempla
1368 1209 1438 1264 de
1485 1211 1766 1267 testudine
1793 1220 1850 1267 et
1872 1213 1961 1282 pi-

378 1296 587 1360 seibus,
635 1298 869 1354 audiens
913 1299 1157 1355 divinam
1193 1300 1559 1371 Scripturam,
1589 1312 1647 1359 et
1670 1298 1956 1370 vermem,

379 1398 435 1443 et
477 1401 793 1459 serpentem
832 1406 1072 1456 teneum,
1103 1392 1274 1463 880
1301 1401 1359 1447 et
1385 1394 1623 1459 leonem,
1659 1404 1716 1450 et
1747 1396 1960 1467 virgam

382 1483 667 1537 nominare
692 1482 972 1538 Christum
1001 1501 1013 1536 :
1045 1485 1143 1553 qui
1168 1485 1354 1539 omnia
1383 1495 1494 1541 tam
1524 1486 1735 1557 abjecta
1767 1496 1824 1543 et
1853 1488 1962 1542 mi-

306 1564 329 1581 ”
379 1575 660 1641 scrabilia,
696 1592 864 1646 quam
892 1577 1135 1631 maxima
1161 1576 1298 1633 fecit
1327 1578 1384 1632 in
1412 1579 1702 1650 sapientia.

449 1668 558 1722 Sed
605 1668 900 1724 redeamus
930 1670 999 1724 ad
1034 1670 1404 1740 propositum,
1453 1686 1647 1727 rursus
1683 1679 1964 1728 sumentes

380 1759 590 1815 dictum
614 1761 914 1817 Mosaicum
940 1781 954 1829 ;
992 1763 1129 1818 dicit
1150 1763 1321 1828 enim,
1354 1763 1427 1817 Et
1456 1764 1589 1817 dixit
1607 1763 1747 1817 Deus
1776 1778 1794 1816 :
1824 1763 1963 1819 Pro-

379 1854 578 1910 ducant
601 1869 757 1926 aqua:
778 1856 992 1926 reptilia
1030 1858 1340 1912 animarum
1365 1858 1653 1911 viventium
1679 1858 1968 1911 secundum

377 1946 783 2016 ﬁrmamentum
808 1949 941 2003 caeli.
964 1949 1034 2003 Et
1058 1950 1258 2019 factum
1289 1958 1365 2005 est
1392 1953 1486 2004 sic.
1512 1949 1760 2005 Collocat
1788 1951 1968 2019 pisces

380 2047 510 2091 ante
557 2038 833 2104 volucres,
879 2039 1073 2094 dicens
1105 2039 1269 2094 nobis
1301 2039 1449 2095 Deus
1489 2039 1641 2110 quod
1674 2040 1967 2110 reptilibus

381 2138 439 2184 et
481 2147 604 2202 quae
636 2132 791 2187 humi
842 2142 900 2188 et
942 2133 997 2187 in
1034 2141 1183 2189 terra
1224 2143 1522 2190 versantur
1557 2134 1778 2198 animis,
1829 2133 1969 2189 ﬁunt

380 2223 640 2280 volucres
686 2225 811 2281 cuzli
873 2225 1128 2281 volantes
1177 2241 1347 2296 super
1401 2235 1606 2281 terram
1659 2225 1971 2280 secundum

382 2315 791 2372 ﬁrmamentum
839 2318 1001 2384 coeli;
1045 2327 1104 2373 et
1148 2318 1218 2373 ad
1275 2318 1641 2372 imitationem
1693 2317 1965 2383 omnium,

383 2402 725 2471 spiritualem
752 2394 1079 2481 angelorum
1104 2404 1409 2462 ostendunt
1429 2407 1619 2462 vitam.
1646 2404 1969 2479 Cujusmodi

383 2505 468 2549 est
498 2494 591 2550 illa
622 2496 867 2552 volucris
892 2512 1017 2567 qua:
1062 2498 1274 2553 volavit
1302 2514 1477 2569 usque
1507 2499 1575 2555 ad
1605 2500 1827 2555 tertium
1860 2515 1970 2555 ete-

381 2588 496 2640 lmn
518 2595 581 2643 et
599 2587 777 2643 dixit:
806 2588 1006 2644 Nostra
1026 2598 1206 2644 autem
1226 2592 1554 2645 conversatio
1583 2593 1738 2646 estin
1763 2593 1904 2646 caelis
1925 2593 1972 2645 ἀ

384 2682 492 2736 Et:
536 2681 844 2737 Imitatores
884 2684 989 2737 mei
1018 2683 1091 2738 de
1123 2691 1325 2739 caetero
1371 2691 1565 2751 estote,
1606 2686 1742 2739 sicut
1782 2693 1831 2739 et
1877 2701 1970 2756 ego

385 2774 583 2829 Christi
625 2776 668 2828 τ.
721 2774 1011 2842 Quomodo
1058 2784 1244 2831 autem
1310 2775 1532 2846 reptilia
1586 2786 1750 2832 vocat
1784 2776 1972 2847 pisces

385 2865 480 2933 qui
529 2864 735 2919 cadunt
779 2866 883 2920 sub
923 2864 1388 2935 intelligentiam?
1410 2865 1631 2934 Repere
1664 2866 1812 2921 enim
1844 2880 1975 2936 pro-

388 2956 506 3025 prie
538 2956 744 3011 dicitur
794 2956 863 3012 de
913 2956 983 3012 iis
1032 2972 1159 3027 qua:
1191 2956 1494 3011 trahuntur
1521 2964 1577 3012 et
1609 2966 1840 3027 serpunt
1872 2973 1973 3027 per

388 3059 615 3115 terram,
661 3059 722 3105 ut
772 3064 1020 3120 serpens.
1066 3050 1191 3116 Quo
1232 3049 1294 3105 ﬁt
1358 3058 1420 3104 ut
1463 3050 1594 3105 hinc
1633 3050 1714 3106 sic
1759 3051 1974 3121 perspi—

2058 576 2393 642 inﬁexibilis,
2443 577 2639 631 didicit
2692 576 2866 647 magis
2921 592 3043 631 esse
3078 576 3367 646 benignus,
3394 576 3638 631 clemens

2057 677 2113 721 et
2138 668 2452 723 misericors
2472 666 2843 738 postCrucem
2874 674 3041 737 quam
3064 667 3355 738 ﬁgurabat,
3390 658 3638 721 ettrium
3707 681 3715 685 ·

2056 762 2273 817 dierum
2314 762 2655 831 sepulturam
2683 777 2696 813 :
2727 760 3043 831 signiﬁcans
3092 776 3217 815 eum
3248 760 3342 831 qui
3376 759 3495 813 haec
3521 769 3642 815 erat

2059 868 2342 922 passurus,
2378 854 2479 921 pr'o
2512 850 2581 906 iis
2622 850 2967 906 intercedere
3003 849 3098 919 qui
3139 865 3266 903 eum
3305 848 3643 919 cruciﬁgunt

2060 950 2117 998 et
2159 944 2320 997 malis
2350 941 2613 997 alliciunt.
2643 942 2953 997 Puerorum
2986 954 3208 1011 quoque
3240 938 3531 994 Canticum
3560 939 3645 993 in-

2060 1036 2215 1092 ducit
2257 1037 2373 1106 ipsa
2411 1045 2532 1092 cete
2579 1036 2751 1091 Deum
2778 1032 3130 1095 honorantia.
3170 1049 3296 1088 cum
3324 1033 3463 1087 dicit
3494 1053 3511 1086 ι
3541 1032 3642 1086 Be-

2061 1131 2304 1194 nedicitc,
2327 1139 2436 1184 cete
2484 1137 2535 1183 et
2591 1130 2769 1184 omnia
2814 1143 2934 1199 qua:
2977 1134 3253 1181 moventur
3302 1128 3358 1179 in
3418 1126 3642 1195 aquis’,

2063 1222 2316 1278 videntia
2358 1237 2456 1277 eos
2503 1221 2598 1292 qui
2644 1220 2950 1291 peccabant
2982 1220 3265 1289 suscipere
3295 1217 3642 1291 prmdicatio-

2062 1328 2211 1377 nem,
2251 1320 2310 1367 et
2351 1314 2543 1367 statim
2582 1311 2809 1365 mutari.

2134 1400 2244 1457 Sed
2281 1417 2407 1457 cum
2448 1402 2517 1456 ad
2551 1402 2702 1456 hunc
2746 1401 3008 1456 dictionis
3055 1408 3375 1456 contextum
3404 1399 3646 1455 venisset

2066 1494 2340 1563 quispiam
2384 1509 2452 1547 ex
2481 1492 2724 1562 antiquis
2746 1492 3176 1562 expositoribus,
3208 1492 3408 1562 quaerit
3449 1507 3643 1562 quam-

2064 1588 2257 1643 obrem
2314 1586 2550 1655 imperat
2594 1586 2742 1639 Deus
2784 1594 3042 1655 tanquam
3084 1584 3364 1654 aliquibus
3393 1578 3537 1649 aliis,
3566 1583 3648 1640 eis

2061 1681 2262 1751 jubens
2282 1687 2339 1734 et
2362 1677 2552 1733 dicens
2583 1676 3035 1748 :Multiplicentur
3059 1677 3338 1742 volucres;
3362 1692 3472 1731 non
3498 1675 3646 1731 enim

2067 1772 2135 1826 ad
2168 1770 2456 1824 volucrum
2489 1783 2781 1838 personam
2814 1767 3372 1839 dirigit-sermonem,
3407 1768 3551 1823 sicut
3577 1767 3647 1822 ad

2067 1859 2269 1930 pisces.
2316 1859 2368 1913 Is
2406 1867 2591 1912 autem
2637 1873 2763 1913 cum
2799 1858 2916 1914 haec
2956 1844 3265 1914 dubitasset
3297 1867 3354 1914 ct
3396 1859 3645 1923 dixisset,
3739 1898 3751 1907 μ

2068 1950 2293 2021 exponit
2346 1949 2494 2019 quod
2535 1964 2638 2004 nos
2676 1950 2808 2005 hinc
2852 1959 3108 2020 oporteat
3137 1950 3374 2017 discere,
3406 1950 3551 2020 quod
3582 1951 3651 2005 iis

2068 2043 2163 2112 qui
2202 2043 2570 2112 baptizantur,
2615 2049 2671 2096 et
2722 2041 2791 2095 iis
2825 2042 3061 2097 maxime
3106 2042 3201 2112 qui
3258 2042 3316 2095 in
3350 2042 3653 2097 virtutibus

2067 2135 2255 2191 ell'ecti
2289 2143 2420 2190 sunt
2458 2134 2746 2200 volucres,
2796 2150 2827 2188 a
2854 2134 2969 2190 Deo
3002 2133 3207 2188 dantur
3243 2135 3417 2189 sancti
3448 2134 3649 2204 angeli,

2069 2229 2163 2299 qui
2194 2243 2387 2283 eorum
2432 2242 2625 2283 curam
2670 2236 2863 2298 gerant
2890 2235 2949 2282 et
2978 2226 3309 2297 provideant
3337 2227 3402 2282 ad
3450 2227 3654 2281 illumi-

2068 2322 2374 2377 nationem.
2403 2320 2484 2375 Ad
2509 2336 2607 2376 eos
2636 2319 2784 2374 enim
2805 2320 3020 2390 jussum
3044 2300 3233 2389 dirigit
3255 2318 3423 2383 Deus,
3450 2319 3655 2390 jubens

2069 2426 2126 2472 et
2158 2414 2350 2470 dicens
2380 2421 2443 2468 ut
2472 2413 2911 2483 multiplicemur
2951 2412 3239 2477 volucres;
3279 2410 3385 2466 hoc
3420 2421 3523 2477 est,
3555 2411 3653 2482 qui

2070 2504 2316 2560 coelestia
2364 2503 2586 2573 sapiunt
2616 2510 2673 2557 et
2707 2502 2937 2557 obeunt.
2972 2502 3095 2572 Ipse
3129 2516 3355 2572 quoque
3384 2502 3654 2557 Dominus

2070 2594 2233 2650 nobis
2278 2594 2443 2651 ﬁdem
2486 2594 2640 2660 facit,
2688 2602 2745 2650 et
2771 2593 2937 2649 docet
2966 2593 3190 2664 angelos
3234 2608 3357 2649 esse
3391 2595 3651 2651 custodes

2070 2698 2265 2742 eorum
2282 2687 2378 2754 qui
2403 2684 2639 2741 credunt
2670 2685 2727 2740 in
2749 2685 2950 2756 ipsum.
2970 2684 3127 2739 'Dicit
3147 2685 3297 2740 enim
3318 2683 3650 2755 quibusdam

2072 2776 2435 2831 inﬁdelibus:
2473 2774 2653 2831 Videte
2684 2793 2751 2831 ne
2780 2774 3084 2843 despiciatis
3128 2793 3297 2830 unum
3338 2792 3407 2830 ea:
3444 2775 3654 2846 pusillis

2071 2870 2187 2923 istis
2239 2869 2330 2939 qui
2354 2869 2573 2922 credunt
2598 2870 2655 2922 in
2682 2884 2783 2923 me.
2812 2867 2940 2922 Dico
2972 2870 3114 2922 enim~
3138 2868 3283 2924 vobis
3310 2869 3449 2939 quod
3477 2865 3656 2940 angeli

2072 2977 2251 3014 eorum
2291 2969 2557 3031 perpetua
2584 2960 2848 3031 aspiciunt
2879 2960 3067 3031 faciem
3099 2959 3281 3015 Patris
3313 2961 3415 3014 mei
3447 2962 3535 3032 qui
3576 2967 3656 3014 est

2073 3051 2129 3103 iu
2171 3050 2310 3104 cwlis
2341 3052 2406 3104 ι’.
2436 3050 2616 3121 Atque
2643 3051 2929 3106 sciendum
2955 3051 3286 3121 estquidem
3318 3052 3468 3123 quod
3515 3051 3655 3106 nihil

387 3158 564 3197 euum'
584 3142 731 3213 quod
759 3142 1051 3213 maigmata
1086 3142 1337 3211 loquitur
1366 3141 1434 3196 de
1466 3141 1822 3206 animalibus,
1844 3157 1975 3211 quae
1998 3154 2039 3213 α
2072 3158 2141 3197 ex
2185 3143 2255 3197 iis
2278 3157 2401 3212 quae
2440 3150 2573 3197 sunt
2604 3151 2787 3196 creata
2827 3157 2920 3196 sex
2948 3140 3168 3205 diebus,
3196 3141 3370 3197 Deum
3405 3140 3655 3196 invenie-

392 3236 706 3290 rel'eruntur
732 3235 799 3290 ad
832 3235 1105 3305 homines.
1148 3234 1305 3290 Unde
1347 3232 1517 3287 etiam
1556 3233 1615 3287 i-n
1652 3232 1828 3288 libera
1870 3249 1969 3303 po-

393 3334 586 3381 testate
616 3341 781 3396 quam
830 3326 978 3380 Deus
1003 3325 1161 3379 dedit
1185 3324 1416 3391 Adamo,
1466 3332 1593 3380 ante
1622 3333 1817 3380 caetera
1847 3320 1970 3379 anf-

390 3420 596 3474 mantia
635 3428 692 3473 et
735 3434 937 3489 pecora
967 3417 1379 3488 posuitpisces,
1428 3415 1658 3470 dicens:
1691 3414 1764 3469 Et
1806 3416 1979 3485 impe—

392 3522 510 3567 rate
557 3513 781 3582 piscibus
824 3512 1021 3578 maris;
1080 3510 1283 3565 deinde
1327 3508 1466 3563 dicit
1508 3525 1521 3561 :
1561 3507 1628 3561 Et
1676 3506 1969 3561 volucribus

392 3604 530 3669 catli,
567 3613 615 3657 et
635 3604 875 3658 omnibus
908 3603 1206 3675 pecoribus,
1240 3608 1290 3655 et
1324 3602 1586 3654 universae
1617 3608 1795 3662 terrae,
1825 3609 1874 3653 et
1906 3602 1983 3661 iis,

393 3712 510 3768 (pus
548 3706 759 3768 reptant
787 3713 945 3767 super
972 3697 1171 3767 ipsam.
1207 3694 1321 3749 Illis
1352 3693 1503 3747 enim
1540 3699 1626 3747 est
1657 3691 1973 3747 dominatus

393 3799 451 3844 ot
487 3790 782 3860 imperavit
830 3788 1108 3844 secundus
1134 3787 1329 3853 Adam,
1361 3801 1460 3856 per
1482 3800 1612 3839 suos
1635 3784 1969 3855 piscatores;

393 3882 645 3939 Christus
694 3898 914 3953 nempe,
969 3881 1078 3937 illis
1127 3882 1225 3951 qui
1276 3879 1543 3935 sedebant
1595 3877 1652 3931 in
1698 3874 1974 3946 profundo

397 3975 737 4045 ignorantiae,
792 3975 850 4028 in
885 3973 1126 4028 tenebris
1163 3980 1221 4028 et
1282 3973 1336 4026 in
1377 3971 1569 4025 umbra
1614 3968 1813 4024 mortis
1845 3982 1976 4039 gen-

399 4068 557 4135 tium,
591 4068 649 4122 in
682 4082 823 4138 quos
846 4082 1042 4122 omnes
1069 4066 1340 4138 regnavit,
1378 4074 1436 4121 et
1481 4078 1716 4135 quorum
1748 4077 1846 4117 rex
1871 4060 1975 4116 fuit

398 4161 454 4215 in
484 4161 653 4230 aquis
677 4158 1044 4231 baptismatis.

466 4253 538 4309 Et
569 4254 690 4324 fecit
718 4253 861 4309 Deus
887 4262 995 4308 cete
1022 4270 1239 4323 magna,
1267 4261 1316 4306 et
1343 4266 1552 4306 omnem
1583 4250 1823 4303 animam
1850 4246 1974 4299 ani-

398 4346 623 4402 malium
663 4347 934 4419 reptilium
961 4362 1079 4420 quae
1110 4347 1475 4419 produxerunt
1506 4359 1660 4415 aqua!
1688 4341 1974 4396 secundum

396 4458 497 4496 sua
534 4456 752 4512 genera,
803 4449 853 4495 et
890 4456 1099 4494 omnem
1131 4439 1394 4493 volucrem
1445 4436 1653 4491 alatam
1690 4433 1976 4488 secundum

2077 3238 2199 3288 mus
2232 3232 2583 3288 benedixissc
2615 3232 2720 3287 nisi
2759 3231 3038 3287 hominem
3082 3241 3139 3286 et
3189 3248 3310 3302 quae
3350 3241 3477 3287 nata
3524 3241 3652 3287 sunt

2076 3347 2144 3387 ex
2186 3333 2363 3401 aquis.
2420 3330 2789 3397 Quamobrem
2844 3330 2914 3384 ab
2964 3329 3126 3383 initio
3164 3328 3386 3399 quando
3433 3328 3659 3382 fuerunt

2076 3424 2279 3494 genita,
2305 3422 2635 3493 implebatur
2656 3421 3039 3492 propheticum
3076 3420 3362 3490 eloquium’
3390 3419 3536 3489 quod
3567 3418 3657 3473 di-

2077 3515 2199 3569 cit’:
2236 3513 2345 3566 Vox
2375 3513 2590 3567 Domini
2632 3529 2792 3583 super
2821 3530 2989 3582 aquas
3022 3515 3088 3578 “,
3126 3528 3247 3583 quae
3281 3512 3350 3565 ab
3381 3511 3499 3579 ipso
3528 3518 3657 3564 ante

2077 3607 2261 3661 omnia
2292 3605 2515 3660 fuerunt
2545 3604 2872 3669 benedictae,
2901 3613 2957 3659 et
2998 3619 3063 3658 ea
3096 3603 3164 3657 de
3195 3618 3359 3658 causa
3396 3617 3568 3670 usque
3598 3602 3655 3655 in

2077 3697 2409 3753 hodiernum
2445 3697 2614 3761 diem,
2668 3703 2724 3750 et
2774 3710 2950 3764 usque
3000 3694 3068 3748 ad
3125 3693 3657 3747 consummationem

2079 3791 2284 3855 saeculi,
2334 3790 2544 3858 absque
2574 3790 2784 3843 semine
2810 3788 3023 3842 animas
3064 3792 3329 3857 generant
3358 3784 3657 3837 munitorum

2079 3881 2298 3951 quidem
2321 3880 2575 3951 piscium,
2596 3862 2898 3950 paucarum
2924 3885 3105 3933 autem
3128 3877 3436 3940 volucrum,
3462 3890 3658 3945 nempe

2080 3981 2577 4044 ortygometrarum
2613 3982 2670 4026 et
2710 3971 2967 4037 aliarum,
3016 3986 3085 4025 ex
3133 3969 3337 4038 quibus
3368 3969 3500 4023 olim
3554 3985 3660 4022 nu-

2081 4066 2243 4121 tritus
2275 4065 2379 4119 iuit
2421 4066 2610 4119 Israel.
2643 4065 2713 4119 Et
2741 4063 2883 4119 forte
2928 4062 3187 4134 quoniam
3215 4062 3375 4117 valde
3425 4061 3660 4132 exiguus

2080 4158 2301 4214 futurus
2329 4166 2451 4214 erat
2493 4173 2759 4212 numerus
2796 4172 2989 4212 earum
3025 4155 3333 4220 volucrum,
3356 4155 3656 4225 justorum,

2081 4251 2324 4321 inquam,
2355 4265 2420 4303 ea
2451 4247 2520 4302 de
2565 4262 2730 4303 causa
2776 4262 2968 4301 earum
3012 4261 3201 4301 curam
3250 4244 3423 4314 magis
3463 4257 3661 4314 gerens

2082 4343 2271 4407 Deus,
2308 4340 2464 4411 jubet
2523 4339 2730 4394 sanctis
2791 4337 3000 4409 angelis
3054 4337 3149 4407 qui
3210 4350 3401 4391 curam
3462 4345 3662 4405 gerunt

2083 4434 2362 4489 terrestris
2403 4440 2689 4487 creaturae.
2745 4430 2988 4485 Volucres
3044 4428 3463 4499 multiplicemur
3501 4444 3663 4499 super

398 4511 559 4602 genus
587 4549 763 4586 suum.
798 4531 867 4585 Et
895 4531 1024 4585 vidit
1050 4530 1191 4585 Deus
1213 4528 1352 4600 quod
1384 4527 1629 4599 pulchra,
1648 4532 1696 4579 et
1713 4523 1977 4578 benedixit
2005 4511 2053 4569 Ι)
2080 4535 2302 4591 terram,
2329 4541 2452 4596 qua;
2474 4541 2542 4580 ex
2567 4522 2723 4593 aquis
2747 4531 2880 4577 sunt
2897 4530 3169 4593 generata:
3188 4520 3273 4576 vel
3297 4519 3482 4590 potius
3503 4533 3665 4589 rege-

399 4641 461 4676 ea
511 4622 652 4677 Deus
685 4624 865 4677 dicens
905 4640 923 4676 :
963 4621 1190 4677 Crescite
1240 4628 1289 4674 et
1337 4617 1790 4689 multiplicamini,
1820 4623 1871 4669 et
1896 4632 1978 4671 re-

401 4712 538 4783 plete
567 4728 739 4783 aqua:
764 4714 819 4765 in
858 4715 1017 4778 mari,
1050 4712 1348 4766 etuolucres
1373 4709 1786 4780 multiplicemur
1813 4710 1976 4777 supra

403 4817 624 4858 terram.
674 4804 841 4859 lubet
877 4804 996 4860 ﬁeri
1048 4818 1245 4873 magna
1275 4811 1435 4858 cete:
1477 4814 1676 4871 nempe
1708 4800 1805 4855 Dei
1835 4815 1980 4870 prae-

401 4897 680 4953 alicatores
726 4896 1025 4965 apostolos,
1072 4894 1168 4964 qui
1222 4893 1699 4949 conturbaverunt
1753 4890 1978 4961 quidem

402 5000 600 5055 aquam
655 4985 846 5051 maris,
903 4991 971 5038 ut
1009 4983 1065 5037 in
1107 4983 1244 5039 Iona
1288 4982 1495 5038 factum
1525 4990 1610 5038 est
1648 4996 1747 5051 per
1797 4989 1972 5036 cetus.

402 5079 552 5145 Quos
589 5077 778 5143 etiam,
813 5091 1001 5147 equos-
1033 5075 1263 5147 mystice
1315 5075 1455 5130 dixit
1501 5074 1759 5129 Habacuc
1805 5075 1849 5139 ⁸,
1881 5072 1977 5143 qui

402 5186 556 5227 mare
585 5170 777 5227 mundi
811 5170 1229 5241 perturbarunt,
1263 5179 1321 5224 et
1356 5169 1454 5239 qui
1492 5168 1660 5224 etiam
1696 5166 1978 5240 (tanquam

402 5263 448 5317 si
485 5272 604 5319 cete
645 5263 854 5332 essent)
892 5262 1137 5323 verbum?
1175 5260 1516 5317 devorarunt
1558 5258 1983 5330 propheticum;

405 5369 601 5424 nempe
650 5353 1000 5426 peccantium
1045 5352 1454 5423 paenitentiam,
1489 5360 1547 5406 et
1575 5352 1822 5421 ipsorum
1849 5365 1979 5419 pro-

407 5446 554 5500 tinus
584 5445 1167 5517 .commisera'tionem.
1218 5444 1339 5499 Non
1396 5443 1609 5512 excipit‘
1659 5442 1809 5497 enim
1853 5456 1989 5496 eum

406 5536 501 5604 qui
535 5537 699 5592 simul
745 5547 803 5594 et
847 5545 1117 5601 mutatur,
1159 5543 1217 5591 et
1258 5536 1352 5590 cui
1399 5535 1565 5588 simul
1610 5533 1989 5595 condonatur,

407 5624 515 5680 nisi
562 5626 730 5680 etiam
778 5626 1037 5698 conjiciat
1062 5626 1121 5682 in
1168 5624 1531 5696 gravissimos
1562 5621 1860 5701 compedes
1886 5637 1983 5677 eos

481 5741 502 5771 ⁸
541 5739 775 5809 Philipp.
825 5756 903 5810 tu,
948 5739 1039 5798 ‘20.
1117 5741 1137 5772 τ
1168 5740 1189 5794 l
1222 5739 1357 5795 Cor.
1391 5727 1469 5807 tv;
1510 5739 1593 5794 16-.
1670 5735 1913 5795 ‘Habac.
1964 5754 2040 5806 tu,
2072 5737 2156 5793 lii.
2240 5739 2411 5794 ’Dan.
2453 5755 2527 5807 tu,
2566 5739 2653 5795 79.

419 5823 605 5874 sum,
643 5810 697 5861 5.

2080 4625 2305 4682 ηεηιιιιι,
2332 4625 2387 4671 et
2410 4614 2620 4686 peccati
2642 4614 2795 4669 virus
2818 4629 2883 4667 ac
2905 4613 3157 4668 faetorem
3180 4612 3294 4666 illic
3316 4610 3659 4680 deposuere;

2081 4717 2138 4763 et
2170 4708 2237 4762 ad
2270 4707 2471 4763 caelum
2504 4706 2770 4761 evolanta
2800 4702 2960 4758 ﬂuxis
2979 4713 3036 4758 et
3061 4701 3424 4758 tenebricosis
3446 4707 3501 4754 et
3518 4698 3663 4753 mul-

2085 4802 2158 4856 tis
2193 4797 2613 4869 tempestatibus
2657 4795 2877 4866 agitatis
2933 4795 3093 4864 aquis
3138 4795 3304 4865 hujus
3337 4790 3552 4856 mundi,
3589 4789 3661 4844 ad

2083 4908 2253 4964 aquas
2289 4906 2412 4962 quae
2441 4898 2572 4945 sunt
2614 4889 2785 4944 ﬁrmat
2812 4902 2877 4943 ac
2905 4887 3133 4943 stabiles
3167 4896 3224 4942 et
3255 4885 3580 4955 tranquillae,
3605 4892 3665 4937 et

2083 4988 2251 5044 nullis
2290 5001 2572 5041 concussa;
2624 4983 2906 5045 ﬂuctibus,
2961 4981 3018 5035 in
3060 4977 3297 5035 excelsis
3329 4992 3429 5046 per
3476 4990 3664 5030 aerem

2087 5074 2458 5147 ingredientes
2481 5074 2573 5128 ubi
2596 5081 2682 5128 est
2716 5072 2861 5127 situs
2880 5070 2970 5125 Sol
2985 5068 3235 5140 justitim,
3254 5076 3309 5122 et
3324 5066 3444 5137 ejus
3463 5065 3665 5134 conjux

2085 5167 2216 5221 luna
2254 5180 2473 5235 semper
2503 5165 2813 5219 illuniinata
2838 5160 3161 5232 requiescit,
3192 5167 3251 5214 et
3279 5158 3494 5215 ratione
3524 5169 3668 5225 pra.»

2087 5259 2217 5315 ditae
2254 5258 2427 5313 stella:
2477 5256 2690 5314 cmlesti
2718 5255 2929 5310 lumine
2960 5253 3152 5308 orbem
3188 5260 3351 5306 terra:
3383 5246 3668 5302 deducunt

2086 5360 2144 5406 et
2167 5351 2466 5414 illustrant,
2489 5358 2544 5404 et
2564 5363 2708 5418 aqua
2735 5346 3035 5418 spiritualis
3054 5359 3177 5414 quae
3197 5350 3282 5398 est
3311 5354 3479 5410 supra
3498 5336 3670 5393 cmlos

2088 5441 2297 5511 absque
2318 5441 2539 5497 silentio
2561 5440 2746 5496 laudat
2768 5454 2968 5495 nomen
2990 5435 3229 5492 Domini.
3261 5432 3428 5488 Multa
3452 5439 3510 5487 et
3539 5443 3670 5501 pro-

2089 5530 2257 5587 funda
2302 5532 2371 5589 de
2403 5532 2561 5601 aquis
2610 5531 2791 5587 oratio
2822 5529 3184 5585 annuntiatur
3216 5528 3272 5580 in
3312 5524 3495 5579 divina
3520 5521 3669 5577 Scri-

2091 5633 2250 5693 ptura
2273 5625 2589 5691 creationis,
2622 5640 2745 5695 quae
2768 5623 2982 5694 aliquot
3007 5619 3242 5688 saeculis,
3272 5626 3329 5673 et
3350 5612 3667 5673 ctelestibus

2772 5741 2813 5773 “
2851 5737 3044 5795 Matth.
3084 5750 3235 5803 xvm,
3266 5732 3353 5791 l0.
3433 5730 3473 5763 "
3520 5728 3664 5789 Psal.
