4056 6148
438 349 539 415 ⁸321

1534 357 1617 417 ΙΝ
1656 357 2206 418 ΗΕΧΑΕΜΕΗΟΝ.
2234 385 2299 394 -
2322 360 2470 419 LIB.
2491 362 2591 422 VI.

3592 349 3695 415 9‘22

435 471 652 525 naturis
673 486 740 527 ac
772 471 1051 527 mentibus
1082 487 1223 542 opus
1252 472 1416 529 habet
1440 474 1507 529 ad
1538 483 1783 545 apertam
1812 490 2005 529 eorum
2039 481 2081 533 Α
2112 490 2309 546 nempe
2344 476 2567 545 penitus
2609 476 2797 531 divisa:
2826 492 2855 530 a
2886 484 3073 531 sancta
3101 475 3394 530 Trinitate.
3437 475 3693 532 Fortasse

437 578 560 633 qua:
599 563 979 632 significantur
1018 566 1568 635 comprehensionem
1595 574 1652 619 et
1684 564 2016 620 declaratio-

433 669 582 719 nem,
603 662 662 709 ut
682 652 1028 711 considerate
1049 663 1105 709 et
1124 656 1261 710 citra
1284 656 1455 709 ullum
1477 672 1723 710 errorem
1744 656 2011 720 dicamus,

435 751 833 804 convenienter
877 750 982 820 ipsi
1037 767 1230 805 eorum
1266 767 1387 821 qua:
1443 759 1574 805 sunt
1620 750 1861 814 veritati,
1914 767 2015 819 per

433 857 595 912 quam
637 858 666 895 a
702 842 815 895 Deo
859 849 921 894 ut
968 850 1155 896 essent
1189 842 1329 896 facta
1363 849 1513 896 sunt.

504 929 750 999 Quanam
795 947 925 1002 ergo
954 931 1021 987 de
1057 947 1220 986 causa
1252 933 1306 986 in
1338 949 1433 987 sex
1456 933 1674 987 dierum
1706 931 2011 998 creatione,

435 1024 627 1078 relicta
657 1032 741 1077 est
779 1022 944 1078 tacita
973 1030 1029 1077 et
1069 1038 1270 1078 arcana
1303 1024 1570 1093 aquaru‘m
1618 1023 1793 1089 ratio;
1844 1031 1901 1077 et
1946 1021 2016 1076 de

434 1117 636 1185 spiritu
682 1124 739 1169 et
771 1115 895 1183 igne
932 1115 1071 1169 ratio
1106 1130 1217 1169 non
1262 1124 1347 1170 est
1390 1115 1676 1169 enuntiata
1708 1130 1887 1184 neque
1917 1130 2018 1184 pu-

435 1204 638 1259 blicata
663 1203 944 1273 quomodo
971 1204 1098 1259 coeli
1145 1206 1354 1259 creatio
1390 1215 1445 1260 et
1484 1215 1663 1270 terrae,
1697 1214 1753 1259 et
1801 1207 2017 1274 planta-

436 1313 583 1360 rum,
616 1306 673 1351 et
702 1297 1083 1361 luminarium,
1118 1306 1172 1351 et
1198 1298 1522 1351 hominum?
1546 1297 1687 1364 Quid
1721 1300 1869 1352 enim
1896 1308 2017 1353 erat

433 1387 657 1443 difﬁcile
700 1388 848 1454 quod
898 1389 1220 1458 prohiberet
1247 1388 1566 1443 Creatorem
1613 1389 1803 1444 dicere
1839 1408 1852 1443 :
1897 1389 2016 1445 Fiat

436 1497 617 1551 aqua;
668 1488 745 1543 et,
774 1478 896 1533 Fiat
946 1481 1122 1551 ignis;
1164 1480 1307 1549 sicut
1341 1482 1508 1552 jussit
1555 1483 1619 1536 in
1646 1484 1857 1553 reliqua
1888 1485 2015 1538 uni-

433 1572 593 1624 versa
636 1571 930 1625 creatura?
976 1570 1085 1625 Sed
1118 1571 1354 1627 fortasse
1399 1587 1503 1628 nos
1532 1574 1794 1630 erudiens
1830 1575 2017 1630 divina

435 1662 719 1731 Scriptura
746 1670 989 1716 sanctam
1017 1661 1345 1718 Trinitatem
1372 1678 1496 1719 esse
1525 1664 1850 1731 increatam,
1874 1663 2016 1718 inef-

434 1753 678 1820 fabilem,
711 1755 781 1811 de
804 1755 891 1809 his
924 1755 1100 1809 tribus
1114 1755 1397 1811 creaturis
1429 1755 1649 1810 tacitam
1679 1764 1731 1809 et
1757 1765 2013 1810 arcanam

435 1846 660 1915 reliquit
678 1847 969 1911 rationem,
998 1847 1053 1901 in
1075 1847 1237 1911 libro,
1259 1849 1504 1918 inquam,
1530 1847 1787 1903 Mosaico.
1813 1846 2013 1913 Quam-

433 1939 624 1994 obrem
671 1948 726 1993 et
781 1940 962 2009 ignem
996 1947 1053 1993 et
1102 1955 1301 2009 aquam
1333 1949 1389 1995 et
1434 1940 1690 2010 spiritum
1745 1938 2014 2009 ﬁngentes

432 2029 635 2085 divinae
659 2030 982 2100 Scriptum,
1016 2031 1318 2102 symbolice
1340 2032 1512 2086 Deum
1538 2048 1657 2087 esse
1687 2030 2010 2101 pradicant.

433 2121 579 2191 Ergo
617 2129 676 2176 et
708 2121 856 2191 quod
899 2122 971 2177 sit
1023 2121 1128 2177 sub
1171 2122 1322 2176 omni
1370 2131 1628 2177 creatura
1678 2122 1734 2176 in
1778 2123 2011 2193 abyssis,

434 2211 694 2265 similiter
715 2211 883 2266 etiam
921 2227 1090 2283 super
1123 2222 1351 2279 terram,
1383 2222 1439 2268 et
1468 2214 1525 2267 in
1553 2214 1730 2278 caelis,
1761 2223 1817 2269 et
1848 2229 2013 2283 supra

434 2303 605 2358 caelos
624 2342 638 2367 ,
670 2302 940 2358 docemur
978 2305 1157 2374 typice
1188 2304 1433 2359 divinam
1462 2305 1762 2360 essentiam
1784 2319 1906 2360 esse
1933 2305 2016 2359 in-

433 2396 931 2465 circumscriptam,
974 2404 1031 2457 et
1078 2411 1300 2451 omnem
1352 2398 1643 2452 continere
1680 2405 2011 2451 creaturam.

433 2486 591 2552 Quod
620 2486 845 2556 quidem
867 2502 1061 2543 rursus
1081 2486 1429 2558 signiﬁcatur
1452 2504 1521 2543 ex
1547 2503 1617 2543 eo
1639 2487 1788 2558 quod
1814 2497 2016 2542 ventus

435 2589 494 2635 et
526 2579 668 2651 ignis
696 2580 770 2635 sit
800 2580 1219 2650 inaspectabilis
1245 2589 1303 2635 et
1336 2580 1812 2637 incontrectabilis
1840 2580 2016 2636 subti-

434 2672 636 2740 lisque,
660 2680 716 2726 et
735 2687 934 2742 expers
950 2672 1215 2738 materiae,
1246 2682 1305 2727 et
1322 2673 1472 2727 omni
1502 2673 1718 2728 ratione
1740 2672 2010 2728 viviﬁcus.

504 2760 767 2816 Nonnulli
800 2768 985 2816 autem
1018 2761 1438 2833 quadruplicem
1472 2777 1741 2833 aquarum
1780 2762 2010 2818 divisio-

432 2868 562 2907 nem
580 2892 596 2916 ,
623 2867 768 2918 eam,
794 2852 1040 2923 inquam,
1074 2869 1197 2924 quae
1227 2861 1314 2909 est
1340 2869 1509 2924 supra
1537 2854 1708 2910 celos
1736 2861 1795 2909 et
1826 2853 2014 2908 ﬁrma-

436 2932 708 3009 mentum,
745 2943 895 3013 quod
933 2952 1018 2999 est
1061 2960 1129 2999 ex
1154 2960 1320 3015 aqua,
1356 2960 1664 3016 aquamque
1694 2954 2015 3001 terrestrem

434 3042 494 3088 et
518 3034 940 3090 subterraneam
976 3050 1099 3104 qua:
1120 3042 1207 3089 est
1237 3034 1529 3091 tenebrosa
1570 3044 1627 3090 et
1678 3036 1891 3101 ultima,
1925 3035 2014 3090 di-

2115 570 2261 622 enim
2297 570 2331 624 ii
2360 581 2487 625 sunt
2512 570 2782 624 vulnerati
2820 570 3256 625 immedicabiles
3287 570 3380 640 qui
3409 571 3477 647 in.
3500 570 3694 626 inferis

2115 661 2398 716 dormiunt
2429 677 2683 716 somnum
2714 662 2943 732 peccati,
2990 677 3227 731 quorum
3265 661 3413 714 Deus
3442 676 3550 713 non
3579 676 3695 713 am-

2115 754 2261 822 plius
2303 754 2618 808 meminerit
2657 770 2902 823 unquam
2945 770 3049 807 nec
3081 753 3307 806 omnino
3330 793 3342 815 ,
3371 761 3426 805 et
3462 750 3568 820 ips'.
3605 767 3696 805 rc-

2114 843 2256 912 pulsi
2304 852 2434 897 sunt
2463 859 2493 896 a
2531 858 2692 895 manu
2741 844 2862 912 ejus
2907 858 3011 896 nec
3042 850 3277 911 possunt
3313 855 3480 894 Stare.
3511 837 3697 893 Pisces

2114 945 2317 999 autem,
2353 935 2448 1003 qui
2476 934 2695 1004 quidem
2728 945 2857 989 sunt
2900 942 3218 1004 peccatores
3249 951 3260 985 :
3294 939 3435 987 sunt
3470 930 3695 998 quidem

2115 1028 2257 1082 lucis
2279 1042 2347 1080 ex
2374 1036 2529 1103 parte
2558 1027 2742 1096 aliqua
2767 1027 3089 1096 participes,
3111 1034 3170 1079 ut
3198 1026 3291 1095 qui
3325 1025 3435 1078 sint
3467 1024 3521 1077 in
3555 1025 3695 1078 mari

2115 1125 2172 1171 et
2205 1132 2312 1169 non
2344 1118 2400 1170 in
2425 1117 2563 1170 locis
2596 1117 3009 1171 subterraneis:
3046 1125 3103 1170 et
3133 1116 3258 1169 ideo
3290 1116 3459 1169 etiam
3485 1130 3696 1169 conan-

2120 1218 2209 1263 tur
2245 1224 2410 1278 parva
2441 1225 2505 1262 ex
2530 1218 2686 1277 parte
2710 1208 2917 1263 imitari
2960 1209 3238 1271 volucres,
3273 1206 3448 1274 utqui
3486 1220 3699 1274 pennas

2115 1302 2355 1356 habeant
2390 1319 2403 1354 :
2441 1301 2546 1355 hoc
2584 1308 2688 1363 est,
2726 1316 2793 1354 ex
2836 1309 2992 1370 parte
3018 1300 3278 1369 pietatem
3310 1317 3323 1352 :
3354 1300 3501 1354 unde
3529 1298 3697 1353 etiam

2114 1391 2301 1445 volant
2347 1390 2403 1444 in
2454 1390 2615 1459 aquis
2648 1398 2908 1460 tanquam
2943 1390 3220 1444 volucres.
3269 1390 3347 1443 Ex
3398 1390 3471 1445 iis
3514 1398 3699 1444 autem

2114 1482 2283 1550 aliqui
2335 1482 2477 1536 vecti
2520 1498 2686 1551 super
2720 1496 2893 1551 aquas
2926 1493 2983 1536 et
3016 1489 3270 1535 natantes
3296 1521 3310 1545 ,
3356 1482 3527 1536 solem
3578 1480 3701 1535 ﬁxis

2115 1575 2393 1645 aspiciunt
2437 1575 2635 1630 oculis.
2668 1574 2773 1642 Qui
2803 1583 2933 1630 sunt
2960 1584 3147 1629 autem
3189 1590 3258 1629 ex
3284 1574 3353 1628 iis
3376 1574 3697 1643 nequiores,

2114 1676 2171 1722 et
2201 1667 2323 1737 plus
2359 1668 2565 1723 habent
2595 1666 2860 1733 materire,
2908 1682 3034 1721 cum
3066 1681 3176 1720 non
3204 1666 3315 1720 sint
3343 1665 3697 1734 squammati,

2118 1758 2329 1812 inferne
2372 1758 2577 1812 habent
2606 1766 2787 1811 ortum
2820 1773 2887 1811 ex
2911 1771 3132 1809 comosa
3164 1755 3426 1820 materia;
3457 1753 3547 1823 qui
3579 1752 3703 1822 qui-

2120 1850 2245 1905 dem
2272 1850 2408 1904 nihil
2456 1850 2678 1920 penitus
2702 1849 2908 1903 habent
2953 1847 3226 1901 honorum
3267 1861 3522 1916 operum,
3554 1843 3700 1915 pigri

2120 1943 2415 1997 etdesides
2446 1950 2501 1996 et
2546 1941 2847 1995 diﬁiciliter
2876 1955 2935 1994 se
2966 1948 3252 1993 moventes
3283 1956 3296 1991 :
3329 1936 3385 1991 et
3418 1936 3577 1991 facile
3606 1950 3700 1989 ca-

2120 2037 2353 2104 piuntur
2382 2035 2449 2091 ad
2486 2042 2747 2098 mortem,
2773 2041 2830 2087 et
2851 2039 2982 2086 sunt
3010 2031 3078 2084 ad
3113 2045 3269 2083 esum
3305 2027 3477 2081 noxii.
3514 2026 3558 2080 A
3577 2025 3704 2094 qui-

2120 2128 2227 2182 bus
2261 2136 2317 2181 et
2346 2126 2630 2182 abstinere
2669 2133 2862 2179 etnon
2894 2123 3197 2186 abstinere,
3235 2135 3402 2175 verus
3424 2117 3697 2179 Israelita,

2120 2222 2216 2290 qui
2254 2234 2446 2274 sumus
2477 2234 2601 2283 nos,
2633 2218 2844 2288 jussus-
2860 2224 2963 2271 est.
2999 2216 3127 2269 Haec
3166 2228 3268 2268 nos
3319 2211 3551 2281 quintus
3578 2209 3700 2263 dies

2121 2312 2285 2366 docet
2307 2310 2373 2364 de
2397 2309 2622 2365 Christo
2643 2307 2994 2371 etaEcclcsia,
3022 2306 3271 2377 symbola
3303 2314 3360 2358 et
3388 2304 3697 2373 aenigmata.

2121 2410 2250 2458 ante
2278 2402 2442 2456 nobis
2480 2400 2801 2472 signiﬁcans
2844 2399 3181 2469 principium
3240 2396 3586 2466 baptismatis
3642 2394 3700 2447 in

2121 2508 2233 2562 quo
2278 2492 2450 2546 creati
2491 2498 2622 2546 sunt
2649 2491 2897 2561 quinque
2946 2503 3144 2544 sensus
3184 2488 3440 2541 humanae
3468 2476 3699 2547 naturai.

2119 2582 2301 2647 visus,
2346 2581 2590 2645 auditus,
2621 2571 2836 2651 gustus,
2872 2578 3126 2642 olfactus,
3160 2586 3217 2633 et
3245 2586 3445 2633 tactus.
3475 2576 3534 2630 In
3567 2575 3697 2639 hoc,

2120 2673 2338 2743 quinto,
2363 2672 2611 2741 inquam,
2643 2671 2734 2726 die
2757 2668 2965 2735 saeculi,
2986 2668 3055 2722 -in
3081 2666 3381 2738 quinquies
3405 2665 3731 2720 millesimo.

2121 2778 2268 2819 anno
2317 2762 2523 2818 factum
2552 2771 2640 2817 est
2667 2761 2838 2817 etiam
2865 2760 3147 2815 lavacrum
3195 2774 3226 2812 a
3269 2758 3564 2813 Salomone
3589 2754 3706 2809 ﬁlio

2120 2856 2315 2920 David,
2350 2857 2408 2909 in
2448 2854 2663 2924 templo
2705 2853 2803 2909 Dei
2842 2852 3261 2924 Hierosolymis,
3294 2850 3350 2904 in
3381 2856 3570 2918 typum
3606 2847 3708 2901 ba-

2120 2948 2399 3020 ptismatis
2444 2947 2710 3003 Ecclesia:
2755 2946 2962 3003 Christi
3012 2946 3134 3010 Dei,
3179 2943 3276 2998 ﬁlii
3314 2941 3505 2997 David.
3553 2939 3709 3007 Quo-

2119 3040 2288 3095 modo
2319 3040 2487 3095 etiam
2520 3054 2722 3093 rursus
2748 3037 2841 3091 illa
2865 3035 3042 3107 pelvis
3088 3035 3143 3089 in
3170 3048 3369 3104 magno
3396 3029 3706 3093 caenaculo,

434 3136 572 3180 cunt
604 3141 741 3181 esse.
764 3133 951 3196 typum
997 3134 1237 3195 quatuor
1270 3126 1531 3181 ordinum
1563 3134 1886 3180 naturarum
1924 3142 2013 3180 ra-
2044 3162 2088 3221 ο
2120 3133 2281 3203 881
2303 3132 2500 3201 quinto
2517 3130 2630 3195 die,
2662 3130 2974 3200 exemplum
2999 3128 3214 3182 habens
3236 3126 3498 3196 piscinae;
3537 3121 3709 3192 pedes

361 3283 381 3298 _
439 3217 586 3271 tione
611 3216 988 3286 praeditarum.
1012 3218 1293 3287 Aquarum
1322 3215 1549 3286 quidem
1574 3232 1699 3283 quae
1736 3224 1821 3271 est
1848 3231 2014 3286 supra

437 3306 844 3365 ﬁrmamentum
868 3349 882 3372 ,
936 3323 1057 3364 esse
1097 3307 1393 3379 imaginem
1442 3310 1784 3364 Potestatum
1820 3324 2016 3379 super-

435 3399 743 3454 ccelestium
782 3418 796 3453 :
832 3400 1238 3454 ﬁrmamentum
1273 3410 1476 3463 autem,
1511 3416 1704 3455 rursus
1729 3415 1851 3454 esse
1874 3416 2018 3472 sym—

436 3491 626 3545 bolum
669 3501 984 3546 sanctorum
1032 3492 1389 3546 luminarium
1438 3492 1654 3552 ordinis
1702 3493 2012 3547 hominum.

438 3583 677 3637 Diversae
723 3592 906 3637 autem
941 3592 1422 3653 aquae-terrestres
1458 3595 1588 3639 sunt
1616 3586 1733 3655 typi
1768 3585 2017 3639 diversa-

438 3689 564 3729 rum
605 3676 851 3743 gentium
896 3685 1244 3732 terrenarum
1283 3684 1341 3730 et
1383 3662 1494 3729 non
1538 3676 2015 3741 convenientium,

438 3764 658 3834 fideque
715 3767 1037 3821 divisarum.
1090 3767 1245 3835 Aqua
1289 3775 1473 3820 autem
1518 3767 1879 3821 subterranea
1936 3777 2033 3822 est,

435 3856 749 3924 symbolum
794 3858 1150 3913 adversarum
1186 3858 1529 3912 Potestatum
1580 3874 1701 3927 qua:
1725 3866 1855 3911 sunt
1899 3872 2021 3911 om-

435 3948 574 4002 nino
610 3958 876 4018 separata:
901 3965 931 4003 a
972 3949 1161 4003 divino
1190 3949 1339 4019 igne,
1386 3950 1621 4019 luceque
1671 3957 1729 4003 et
1778 3948 2018 4018 spiritu;

2121 3223 2521 3292 discipulorum
2539 3222 2777 3292 primum
2797 3219 3099 3290 baptizavit
3115 3233 3143 3270 a
3163 3216 3388 3271 Christo
3405 3225 3487 3267 :et
3501 3211 3704 3266 deinde

2121 3314 2203 3368 eis
2233 3314 2388 3368 dedit
2420 3329 2625 3383 corpus
2656 3320 2712 3367 et
2742 3310 3068 3381 sanguinem
3101 3309 3156 3362 in
3199 3302 3702 3376 participationem,

2122 3406 2344 3475 quando
2373 3406 2542 3459 etiam
2587 3403 2731 3458 facto
2764 3407 3100 3457 testamento
3123 3398 3377 3453 Christus
3412 3391 3701 3464 postridie,

2122 3504 2276 3551 sexto
2317 3497 2426 3557 die,
2479 3495 2631 3549 cruci
2689 3493 2880 3548 aﬂisus
2920 3493 3026 3546 fuit
3061 3491 3115 3544 in
3138 3486 3431 3556 Golgotha,
3463 3493 3518 3538 et
3542 3496 3702 3552 para-

2122 3588 2306 3642 disum
2352 3587 2552 3641 latroni
2581 3585 2818 3654 aperuit.
2862 3583 2944 3638 Ad
2987 3595 3151 3651 quem
3190 3594 3293 3632 nos
3320 3590 3565 3646 quoque,
3601 3589 3698 3627 sex

2121 3677 2360 3743 dierum,
2393 3686 2570 3740 sexto,
2602 3676 2825 3731 Christo
2846 3674 3158 3728 deducente
3188 3678 3244 3722 et
3271 3667 3510 3722 Verbum
3541 3662 3705 3717 nobis

2120 3767 2287 3821 dante
2319 3766 2373 3820 in
2410 3766 2695 3836 apertione
2731 3764 2845 3817 oris
2866 3760 3046 3816 n’ostri
3084 3758 3394 3812 veniemus.
3454 3753 3554 3810 Cui
3582 3752 3702 3823 glo-

2118 3857 2199 3911 ria
2236 3858 2291 3911 in
2328 3857 2527 3912 saecula
2580 3855 2936 3910 smculorum.
2969 3851 3166 3906 Amen.
3254 3922 3263 3927 ι

454 4132 3667 4166 ΜΜ--α

1606 4310 1961 4397 LIBER
2034 4307 2533 4397 SEXTUS.

1552 4520 1634 4561 DE
1668 4518 1867 4562 SEXTO
1912 4515 2116 4560 DIVINI
2145 4512 2402 4558 OPIFICII
2440 4512 2569 4556 DIE.

508 4801 616 4868 Qui
648 4816 718 4855 ex
741 4799 1052 4870 tranquillis
1084 4798 1357 4869 portubus
1378 4797 1447 4853 ad
1477 4812 1768 4869 aquoreos
1815 4812 2016 4853 cursus
2050 4801 2091 4855 D
2119 4812 2227 4867 que
2251 4795 2473 4852 dierum
2510 4806 2736 4849 cursum
2776 4789 3039 4847 celeriter
3091 4788 3391 4860 peregerit,
3446 4786 3701 4857 pervenit

439 4891 664 4961 scaphis
689 4892 805 4945 vias
833 4890 1076 4945 marinas
1109 4889 1435 4955 conficiunt,
1465 4905 1590 4946 cum
1618 4889 1862 4959 aliquem
1885 4889 2020 4943 dex-

442 4995 589 5042 trum
633 5001 697 5040 ac
724 4983 1033 5041 secundum
1088 4993 1314 5037 ventum
1363 4982 1575 5037 fuerint
1624 4981 1833 5052 adepti,
1857 4990 1914 5036 et
1949 4980 2018 5035 ad

442 5075 701 5145 quintum
730 5083 786 5129 et
810 5081 1026 5128 sextum
1052 5071 1200 5127 diem
1219 5080 1407 5142 gratos
1436 5071 1755 5141 hilaresque
1787 5079 2022 5141 etaptos

440 5166 643 5219 ﬂuctus
666 5165 937 5219 habentes
960 5164 1015 5216 in
1039 5179 1224 5233 prora,
1243 5162 1592 5232 terribilique
1614 5178 1679 5217 ac
1703 5162 2021 5217 vehementi

442 5271 710 5325 aquarum
764 5256 974 5326 impetu
1005 5271 1228 5327 gressus
1260 5255 1474 5309 celeres
1529 5261 1586 5308 et
1619 5268 1817 5308 cursus
1861 5253 2023 5307 navis

442 5353 713 5414 peragunt
744 5362 757 5397 :
783 5345 1118 5413 quibusdam
1155 5342 1433 5413 plumbeis
1460 5350 1518 5397 et
1549 5341 1895 5412 gravissimis
1924 5342 2023 5395 bo-

442 5433 655 5487 lidibus
686 5435 926 5503 probant
950 5441 1008 5488 et
1054 5434 1358 5503 exquirunt
1385 5448 1661 5502 aquarum
1721 5431 2020 5502 profunda,

441 5524 513 5580 de
540 5523 635 5578 die
659 5524 712 5578 in
736 5524 880 5579 diem
906 5539 975 5580 ex
1002 5523 1662 5595 incomprehensibilibus
1687 5530 1745 5577 et
1764 5521 2024 5577 ineﬁabi-

450 5612 601 5669 libus
620 5614 912 5684 profundis
927 5616 994 5670 ad
1021 5615 1299 5671 Ievioraet
1320 5614 1376 5668 in
1396 5614 1693 5685 superﬁcie
1718 5613 1894 5684 magis
1919 5630 2021 5684 po-

450 5700 557 5756 sita
594 5703 884 5771 profunda,
940 5705 1086 5760 etde
1135 5713 1340 5760 caetero
1393 5704 1463 5761 ad
1496 5706 1686 5762 littora
1733 5715 2025 5776 sperantes

451 5793 763 5865 pervenire.
792 5794 1126 5852 (luniautcm
1153 5797 1320 5868 hujus
1345 5797 1472 5854 libri
1500 5799 1702 5869 scapha
1725 5798 1832 5871 jam
1860 5798 2023 5869 quin-

2122 4887 2193 4942 ad
2228 4885 2465 4957 majores
2488 4897 2661 4954 aquas
2686 4890 2743 4936 et
2770 4880 3167 4951 profundiores
3195 4879 3367 4934 maris
3427 4877 3703 4949 gurgites,

2124 4979 2222 5049 qui
2264 4985 2395 5031 sunt
2443 4990 2636 5029 revera
2681 4972 2908 5028 obscuri
2962 4981 3019 5027 et
3076 4969 3697 5039 incomprehensibiles.

2120 5069 2492 5138 Quamobrem
2525 5065 2835 5121 ferventius
2867 5072 2953 5119 est
2992 5062 3257 5134 precibus
3282 5059 3614 5114 excitandus
3645 5058 3703 5112 in

2121 5161 2337 5219 somnis
2367 5174 2535 5229 super
2550 5156 2838 5226 scapham,
2870 5163 2928 5209 et
2952 5156 3008 5209 in
3027 5151 3291 5207 cervicali
3319 5149 3522 5204 mentis
3547 5148 3703 5217 prin-

2122 5251 2734 5327 cipalis,-requiescens
2764 5249 2911 5302 Deus
2937 5245 3205 5308 Verbum,
3262 5242 3357 5312 qui
3383 5240 3700 5309 apprehen-

2124 5346 2201 5401 sis
2233 5345 2408 5400 clavis
2451 5342 2656 5398 mentis
2686 5350 2744 5395 et
2772 5339 2997 5409 linguae,
3036 5346 3301 5405 tanquam
3340 5331 3563 5386 duobus
3615 5338 3701 5383 te-

2125 5436 2385 5491 monibus
2414 5432 2671 5489 animalis
2694 5439 2898 5485 nostrte
2931 5428 3174 5497 scaphae,
3227 5422 3539 5479 contrarios
3571 5420 3699 5492 qui-

2124 5527 2249 5582 dem
2279 5526 2509 5595 spiritus
2529 5530 2589 5578 et
2617 5519 3016 5590 intelligentias
3040 5518 3316 5586 increpet,
3360 5529 3462 5571 suo
3510 5523 3695 5569 autem

2122 5615 2329 5669 lumine
2361 5611 2699 5683 profundum
2743 5611 2965 5679 (nempe
3013 5602 3407 5678 ignorantiam)
3443 5604 3696 5675 proposi-

2126 5714 2306 5761 tarum
2345 5718 2619 5773 aquarum
2640 5700 2940 5763 illuminet,
2963 5699 3033 5754 ad
3066 5698 3173 5753 hoc
3212 5712 3315 5752 una
3349 5698 3444 5753 Det
3513 5692 3691 5765 insli-

2131 5796 2233 5853 rati
2264 5795 2597 5867 aspiciamus
2617 5801 2671 5851 et
2704 5792 2957 5849 dicamus
2993 5809 3007 5849 :
3041 5789 3284 5849 Curnam
3317 5789 3464 5846 Deus
3489 5788 3584 5860 qui
3607 5803 3697 5843 sa-

3704 5916 3739 5951 r’
