4056 6148
359 262 470 327 923

1545 272 1607 330 S.
1667 259 2067 331 ANASTASII
2103 271 2428 332 SINAITIE

3494 264 3610 329 9‘24

361 381 700 450 pientissime
742 391 801 437 et
851 396 1016 453 supra
1059 383 1389 452 sapientiam
1454 386 1587 440 fecit
1630 387 1815 441 omnia
1854 386 2156 459 (inAlege
2220 396 2472 444 statuens
2552 387 2649 442 illa
2707 384 2879 440 multa
2952 399 3135 441 crassa
3210 391 3267 438 et
3329 381 3400 437 ad
3462 399 3619 439 exse-

360 471 545 540 primo
573 472 863 527 dielucem
886 472 1234 543 fabricatus),
1269 491 1379 528 non
1410 476 1596 530 statim
1619 468 1784 530 etiam
1807 491 1933 530 cum

359 579 427 617 co
453 572 540 618 est
573 563 881 618 fabricatus
912 566 1099 619 omnia
1132 582 1254 634 qum
1284 574 1414 620 sunt
1447 581 1513 621 ex
1545 567 1690 630 luce,
1737 583 1935 636 nempe
1977 580 1981 587 ‘

361 653 695 708 luminaria:
730 654 827 708 sed
885 654 953 709 iis
1005 656 1214 710 relictis
1240 673 1362 727 quae
1409 667 1540 712 sunt
1565 658 1776 713 exluce
1806 675 1937 729 pro-

360 752 567 807 creata,
604 745 900 811 lransiitad
925 762 1118 816 aquas,
1157 747 1300 802 facto
1331 765 1399 802 ex
1436 749 1517 803 eis
1557 749 1940 805 firmamento?

360 835 570 890 Deinde
598 851 723 890 cum
764 836 973 890 fixisset
1007 836 1416 891 firmamentum
1438 878 1453 903 ,
1503 855 1571 893 ne
1597 840 1678 893 sic
1711 840 1938 909 quidem

359 927 625 996 adimplet
651 937 907 982 ornatum
940 943 1130 983 eorum
1162 945 1286 999 quae
1307 938 1437 984 sunt
1466 932 1521 984 in
1549 932 1668 1001 ipso
1698 932 1941 989 lumina-

361 1018 507 1072 rium
548 1036 561 1070 :
599 1019 692 1074 sed
724 1035 791 1074 eo
821 1035 1043 1090 quoque
1079 1021 1275 1076 relicto
1326 1022 1677 1092 imperfecto.
1743 1027 1941 1082 transit

362 1125 558 1165 rursus
586 1111 751 1165 tertio
775 1110 863 1166 die
890 1111 956 1166 ad
990 1128 1182 1182 aquas,
1208 1108 1302 1167 eas
1324 1128 1665 1185 congregans
1696 1132 1724 1170 a
1769 1124 1936 1171 terra.

360 1202 430 1259 Et
459 1218 655 1257 rursus
690 1218 814 1258 cum
842 1220 950 1257 non
977 1202 1044 1258 ad
1076 1203 1299 1273 plenum
1356 1199 1680 1275 perfecisset
1718 1212 1783 1262 ea
1821 1225 1943 1280 quae

360 1303 491 1347 sunt
524 1294 705 1364 genita
727 1311 792 1348 ex
813 1295 971 1364 aquis
991 1304 1047 1350 et
1085 1297 1141 1349 in
1185 1296 1366 1366 aquis,
1424 1314 1625 1369 nempe
1675 1300 1857 1370 pisces
1884 1309 1953 1354 et

361 1394 504 1451 rete,
535 1387 604 1440 iis
639 1403 860 1457 quoque
886 1388 1097 1443 relictis
1128 1389 1531 1460 semiperfectis
1560 1399 1616 1446 et
1651 1407 1761 1446 non
1790 1392 1944 1463 geni-

363 1474 587 1539 talibus,
624 1476 843 1530 transiit
870 1477 936 1530 ad
973 1485 1199 1537 terram.
1226 1478 1455 1533 dicens:
1489 1479 1760 1535 Germinel
1797 1490 1942 1536 terra

362 1567 577 1621 herbam
606 1577 652 1621 el
677 1566 878 1638 lignum
907 1567 1221 1638 frugiferum
1250 1568 1274 1622 ?
1314 1570 1396 1623 Eo
1426 1579 1608 1625 autem
1644 1571 1808 1639 facto,
1845 1586 1963 1628 cur

364 1675 472 1712 non
491 1659 678 1714 statim
709 1660 835 1716 facit
869 1660 1034 1715 etiam
1066 1661 1370 1716 animantia
1405 1663 1557 1717 exire
1591 1681 1621 1719 e
1650 1654 1845 1732 ’terra,
1885 1674 1942 1719 et

2036 480 2317 548 quendum
2361 490 2417 534 et
2476 477 2809 549 portandum
2856 474 3426 546 diiiicilia‘praacepta,
3491 491 3616 530 cum

2038 569 2262 624 acribus
2321 568 2488 624 minis
2540 576 2597 623 et
2656 565 3161 627 exsecrationibus.
3207 580 3308 635 pro
3337 564 3420 619 eis
3452 565 3619 620 coale-

2038 661 2204 739 stium
2228 661 2432 715 nullam
2470 659 2727 731 promisit
2772 658 3305 721 remunerationem,
3337 656 3435 711 sed
3494 672 3619 710 mu-

2038 770 2170 807 nera
2213 762 2453 819 terrena,
2490 752 2828 815 fertilitates,
2860 750 3256 819 etcorporales
3300 748 3618 813 felicitates,

2038 853 2094 899 et
2115 844 2239 899 lata:
2263 854 2422 900 terra:
2452 845 2886 915 possessionem,
2923 852 2981 897 et
3025 858 3147 912 quze
3187 840 3621 905 interirent'bo-

2038 949 2263 999 norum,
2295 933 2576 989 fructuum
2610 933 3048 1004 perceptionem.
3092 929 3232 987 Hinc
3291 939 3347 985 et
3396 940 3622 999 propter

2039 1026 2176 1092 haec,
2211 1036 2413 1082 terram
2436 1028 2561 1097 jure
2600 1026 2963 1096 intelligimus
2987 1023 3252 1093 populum
3277 1021 3618 1086 Judmorum,

2040 1119 2207 1189 utqui
2239 1126 2463 1174 terrena
2472 1118 2671 1191 sapiat,
2698 1127 2754 1174 et
2775 1133 2886 1173 nou
2918 1113 3617 1179 habeatconversationem

2037 1210 2089 1263 in
2108 1207 2259 1266 caelis
2294 1209 2358 1264 ¹⁸.
2864 1216 2866 1218 ⁷
2982 1270 2993 1273 _

2111 1302 2411 1372 Propterea
2442 1302 2559 1357 hzec
2606 1318 2707 1357 nos
2740 1301 2945 1357 docens
2976 1301 3125 1357 Deus
3158 1298 3212 1352 in
3255 1314 3351 1353 sex
3395 1296 3614 1352 dierum

2040 1392 2714 1471 mundi‘creatione/non
2746 1391 2910 1447 simul
2926 1382 3170 1461 perfecit
3198 1404 3389 1459 aquas,
3417 1398 3472 1443 et
3497 1405 3619 1465 qua:

2040 1492 2165 1538 orta
2198 1493 2329 1539 sunt
2359 1500 2424 1539 ex
2462 1484 2622 1553 aquis
2653 1498 2874 1553 :neque
2907 1498 3102 1565 rursus
3134 1483 3188 1536 in
3247 1496 3358 1535 uno
3387 1479 3477 1535 die
3509 1489 3621 1535 ter-

2042 1592 2157 1630 ram
2193 1577 2502 1637 exornavit,
2529 1584 2585 1630 et
2617 1590 2740 1646 qua:
2766 1591 2834 1629 ex
2865 1590 2931 1628 ea
2952 1579 3347 1644 processerunt
3381 1571 3625 1633 animan-

2043 1670 2119 1724 tia
2150 1678 2205 1724 et
2265 1670 2415 1740 ligna
2459 1652 3167 1733 fructifera.Quamobrem
3205 1664 3341 1719 mihi
3397 1662 3621 1733 quidem

363 1754 526 1816 feras,
553 1762 608 1806 et
644 1752 864 1821 reptilia
898 1766 925 1806 ε’
951 1752 1047 1807 sed
1082 1753 1272 1808 sinens
1316 1754 1694 1825 imperfectam
1723 1773 1847 1826 quae
1881 1757 1941 1811 fit
1977 1736 2015 1788 Β
2048 1750 2268 1825 videtur
2300 1736 2447 1829 quod
2477 1759 2747 1822 coelestia,
2789 1746 3129 1817 divinaluce
3156 1765 3317 1809 antea
3349 1762 3510 1808 erant
3552 1753 3625 1807 il-

361 1861 427 1898 ex
461 1854 605 1900 terra
627 1845 916 1909 fabricam,
971 1862 1165 1901 rursus
1202 1846 1346 1923 redit
1400 1848 1468 1902 ad
1510 1849 1954 1915 firmamentum,

361 1947 419 1991 et
462 1937 593 1992 facit
622 1946 822 2008 quarto
854 1938 942 1991 die
977 1938 1164 1992 stellas
1197 1950 1254 1993 et
1307 1939 1419 1994 duo
1480 1941 1774 1995 luminaria
1829 1960 1841 1995 :
1887 1952 1943 1998 et

363 2029 517 2083 illinc
547 2045 740 2084 rursus
770 2032 1072 2085 revertitur
1101 2031 1169 2085 ad
1211 2048 1381 2100 aquas
1408 2032 1497 2087 die
1522 2034 1742 2103 quinto,
1774 2050 1840 2090 ex
1863 2037 1963 2091 eis-

365 2118 608 2187 perfecta
644 2119 876 2188 piscium
905 2128 961 2175 et
989 2120 1280 2175 volucrum
1312 2123 1713 2192 generatione?

436 2207 641 2264 Deinde
667 2208 746 2264 sic
770 2219 924 2266 sexto
973 2210 1064 2265 die
1095 2227 1351 2267 reversus
1383 2222 1469 2267 est
1498 2214 1563 2268 ad
1614 2224 1840 2280 terram,
1880 2214 1947 2269 iis

366 2301 607 2371 impletis
636 2319 760 2372 quae
784 2313 912 2358 sunt
942 2320 1010 2358 ex
1038 2306 1153 2375 ipsa
1189 2323 1201 2359 :
1239 2300 1438 2375 nempe
1464 2305 1864 2371 animantibus,
1891 2315 1948 2362 et

359 2395 647 2466 jumentis,
683 2405 739 2449 et
768 2396 1085 2466 reptilibus,
1120 2405 1175 2451 et
1204 2397 1358 2460 feris,
1398 2406 1451 2452 ct
1478 2398 1727 2453 homine.

433 2487 554 2555 Quo
581 2482 877 2544 fituthinc
905 2489 1255 2556 ostendatur,
1303 2491 1515 2561 primos
1564 2493 1789 2561 quidem
1836 2501 1949 2549 tres

365 2595 487 2633 esse
515 2578 966 2649 imperfectarum
1003 2591 1385 2655 creaturarum
1408 2592 1763 2654 susceptores
1791 2601 1804 2636 :
1837 2592 1951 2640 tres

368 2678 551 2726 autem
581 2672 805 2727 ultimos
835 2672 1057 2744 (nempe
1089 2682 1350 2744 quartum
1379 2684 1435 2731 et
1459 2677 1716 2747 quintum
1738 2686 1796 2732 et
1822 2693 1951 2733 sex-

373 2758 526 2829 tum)
563 2776 861 2819 exornasse
895 2773 950 2819 et
991 2765 1326 2836 adimplesse
1383 2767 1701 2821 universam
1756 2768 1953 2823 mundi

372 2859 707 2916 creaturam,
739 2870 839 2923 per
874 2856 1042 2910 trium
1077 2857 1295 2912 dierum
1316 2856 1598 2929 Christum
1640 2859 1735 2931 qui
1792 2859 1954 2923 dicit,

375 2942 544 2996 Hodie
570 2952 754 2998 εισι-αδ
771 2946 910 3013 facio
950 2951 1127 3022 signa,
1154 2954 1307 3006 tertio
1356 2962 1530 3006 autem
1559 2954 1642 3005 die
1690 2952 1957 3021 perﬁciar,

2040 1846 2309 1905 Iuminata
2337 1868 2349 1903 :
2374 1866 2499 1904 eum
2532 1857 2716 1903 autem
2746 1864 2913 1918 super
2938 1856 3141 1901 terram
3174 1845 3370 1900 fuisset
3393 1860 3626 1914 compo-

2043 1945 2183 1999 situs
2213 1943 2305 1999 Sol
2333 1942 2428 2012 qui
2465 1941 2832 2012 intelligentia
2874 1939 3185 2009 percipitur
3219 1938 3438 2009 (nempe
3460 1936 3625 1992 Chri-

2043 2035 2204 2105 stus)
2266 2043 2322 2089 et
2362 2048 2586 2089 sursum
2642 2041 3013 2102 assumptus,
3071 2046 3348 2100 supernus
3405 2044 3626 2098 quoque

2045 2128 2288 2183 mundus
2347 2127 2590 2197 amplius
2642 2125 2751 2179 fuit
2802 2123 3147 2179 illuminatns
3187 2131 3245 2185 et
3294 2121 3624 2175 illustr’atus.

2045 2202 2429 2289 Congruenter
2462 2231 2594 2286 ergo
2622 2215 2691 2270 iis
2714 2231 2837 2285 quae
2877 2215 3036 2285 jussu
3056 2198 3214 2266 'ﬁunt
3245 2206 3629 2266 exornationi-

2048 2314 2174 2377 bus,
2212 2320 2268 2365 et
2299 2310 2682 2380 spiritualibus
2710 2306 3048 2377 profectibus
3075 2304 3320 2360 ctelestis
3352 2312 3407 2358 et
3448 2312 3628 2358 terre-

2049 2403 2182 2458 stris
2213 2410 2270 2456 et
2303 2401 2530 2455 marinae
2555 2408 2843 2462 creaturae,
2898 2394 3320 2466 intelligendum
3350 2403 3435 2448 est
3494 2391 3628 2463 Opi-

2053 2495 2208 2555 ficem
2237 2494 2293 2548 in
2318 2488 2390 2547 ea
2419 2508 2541 2562 quae
2576 2500 2705 2569 tunc
2750 2490 2871 2568 fuit‘
2904 2506 3001 2545 sex
3053 2487 3272 2542 dierum
3325 2486 3628 2547 creatione,

2054 2602 2203 2641 nunc
2230 2601 2298 2641 ex
2315 2592 2470 2655 parte
2494 2584 2550 2638 in
2571 2583 2731 2653 aquis
2761 2581 3003 2652 Operari,
3037 2578 3239 2634 deinde
3267 2578 3423 2632 abiis
3451 2586 3633 2631 trans-

2051 2682 2135 2736 ire
2175 2679 2243 2734 ad
2280 2679 2690 2749 firmamentum
2726 2685 2823 2729 :et
2877 2688 3071 2728 rursus
3092 2670 3337 2742 perfecte
3364 2678 3632 2724 exornato

2057 2774 2426 2834 ﬁrmamento,
2465 2769 2701 2838 transire
2735 2766 2803 2823 ad
2843 2775 3048 2843 terram
3085 2772 3181 2818 :et
3217 2778 3345 2818 cum
3394 2776 3458 2818 ea
3488 2768 3662 2823 esset

2058 2862 2467 2933 semiperfecta,
2500 2858 2805 2930 procedere
2845 2856 2913 2911 ad
2942 2870 3115 2925 aquas
3152 2872 3166 2908 :
3211 2851 3413 2906 deinde
3459 2849 3637 2920 perfe-

2061 2966 2147 3012 cte
2170 2956 2547 3012 absolventem
2575 2953 3004 3013 firmamentum,
3033 2956 3088 3002 et
3110 2945 3483 3019 Ecclesiarum
3504 2957 3638 3013 gen-

375 3033 671 3089 dominans
716 3037 1037 3092 cmlestibus
1086 3041 1301 3123 ratione
1351 3043 1594 3112 pmeditis
1648 3043 1845 3107 stellis,
1895 3053 1951 3100 et
1984 3078 2030 3137 α
2063 3051 2199 3105 tium
2251 3057 2427 3103 cretus
2469 3044 2910 3105 benedicentem,
2967 3049 3023 3095 et
3082 3045 3367 3109 postremo
3430 3045 3635 3090 terram

380 3128 744 3183 terrestribus
770 3122 1240 3189 etsubtcrraneis.
1280 3135 1509 3190 Plenum
1531 3137 1680 3192 enim
1717 3136 1824 3191 fuit
1848 3153 1956 3193 ca:-

382 3220 494 3272 Ium
523 3227 578 3274 et
608 3230 751 3275 terra
778 3231 833 3276 et
882 3238 1034 3277 mare
1058 3224 1234 3295 gloria
1267 3227 1407 3294 ejus.
1448 3226 1680 3294 Quando
1713 3229 1861 3283 enim
1900 3229 1960 3283 il-

381 3310 523 3367 luxit
552 3314 716 3368 solet
754 3315 911 3379 luna,
941 3317 1127 3371 statim
1182 3328 1448 3375 exornata
1497 3330 1582 3377 est
1612 3333 1670 3377 et
1718 3331 1869 3378 terra
1904 3333 1962 3379 et

382 3419 556 3458 mare.
584 3402 716 3459 Nam
768 3416 824 3460 et
867 3416 992 3463 ante
1027 3408 1341 3465 universam
1401 3421 1715 3467 creaturam
1772 3421 1960 3469 mente

377 3496 700 3568 concipitet
737 3509 887 3555 creat
917 3503 1175 3559 cwiestes
1219 3512 1278 3559 et
1321 3505 1605 3575 angelicas
1645 3507 1961 3564 P'otestates

378 3604 501 3655 qua:
535 3604 636 3644 nos
664 3590 998 3647 illuminant.
1037 3590 1321 3649 Secundus
1363 3603 1549 3650 autem
1594 3605 1855 3665 procreat
1894 3612 1960 3652 ac

377 3690 607 3749 generat
634 3697 901 3751 aquarum
935 3685 1418 3754 congregationes‘,
1460 3702 1661 3757 nempe
1708 3688 1960 3759 gentium

377 3785 569 3839 aquas,
597 3786 721 3841 qua:
741 3772 895 3842 prius
917 3783 1078 3828 erant
1107 3773 1267 3830 fluxae
1304 3783 1360 3830 et
1384 3774 1696 3841 instabiles,
1728 3785 1785 3832 et
1814 3778 1956 3832 mul-

382 3861 452 3915 tis
480 3863 696 3933 agitatze
729 3863 1009 3931 fluctibus,
1042 3878 1099 3920 et
1128 3868 1299 3921 celeri
1332 3883 1497 3922 cursu
1530 3867 1859 3923 ferebantur
1893 3869 1960 3924 ad

381 3953 775 4009 idololatriam.
824 3955 1076 4013 Tertium
1131 3966 1320 4013 autem
1373 3975 1572 4014 rursus
1618 3959 1867 4014 visitavit
1904 3969 1961 4016 et

379 4046 526 4100 diem
576 4045 841 4116 Spiritus,
888 4050 1108 4118 quando
1166 4050 1413 4121 ingressa
1458 4050 1626 4106 fuerit
1672 4051 1961 4120 plenitudo

380 4139 650 4209 gentium.
682 4141 943 4210 Respexit
971 4142 1120 4196 enim
1154 4143 1296 4198 Deus
1321 4152 1607 4201 creaturas
1630 4145 1823 4198 mundi
1860 4145 1957 4199 :ad

379 4245 552 4299 aquas
576 4230 792 4287 Graecas
815 4230 1034 4303 (nempe
1063 4234 1320 4304 gentiles)
1354 4235 1655 4290 ostendens
1675 4235 1757 4290 eis
1778 4237 1958 4291 lucem

380 4320 583 4378 divinze
620 4325 958 4394 cognitionis
1008 4325 1062 4379 in
1094 4327 1275 4395 primo
1316 4327 1406 4381 die
1459 4326 1789 4382 sreculi.Sed
1839 4345 1959 4382 cum

2062 3157 2285 3213 quoque
2335 3138 2506 3194 Israel
2557 3142 2977 3191 convertentem
3046 3130 3106 3185 in
3158 3123 3637 3197 consummatione

2059 3235 2413 3297 saeculorum,
2453 3233 2508 3287 in
2536 3226 2881 3301 plenitudine
2913 3241 3010 3282 sex
3062 3223 3282 3280 dierum
3310 3220 3636 3278 creationis.

2062 3328 2118 3383 Si
2138 3335 2325 3383 autem
2347 3323 2612 3389 auditori,
2633 3332 2695 3378 ut
2720 3321 2816 3391 qui
2840 3336 2952 3376 non
2976 3319 3048 3375 sit
3066 3317 3348 3389 mysteriis
3365 3315 3635 3379 initiatus.

2059 3436 2172 3476 non
2218 3420 2434 3490 placeat
2462 3414 2611 3486 quod
2647 3412 2854 3468 dicitur
2892 3409 3033 3479 :,dic
3060 3407 3196 3463 mihi
3250 3414 3308 3461 tu
3354 3419 3518 3476 quam
3566 3403 3640 3458 ob

2059 3526 2302 3573 causam,
2338 3524 2465 3571 cum
2492 3507 2640 3561 Deus
2663 3519 2775 3560 non
2819 3500 2986 3556 simul
3012 3498 3262 3571 singulas
3311 3494 3642 3551 absolvisset

2061 3610 2371 3664 creaturas,
2396 3607 2530 3652 tunc
2554 3594 2754 3650 transit
2791 3592 2858 3648 ad
2897 3591 3102 3646 aliam:
3139 3586 3235 3644 sed
3281 3586 3524 3658 priorem
3555 3600 3644 3640 re-

2058 3695 2318 3764 linquens
2345 3688 2747 3761 imperfectam,
2780 3699 2976 3739 rursus
3036 3680 3205 3736 rediit
3234 3679 3302 3734 ad
3364 3677 3643 3749 priorem?

2061 3784 2158 3840 Sin
2177 3792 2361 3838 autem
2395 3780 2489 3855 tibi
2530 3779 2701 3843 fideli,
2741 3776 2847 3830 [ide
2876 3775 3042 3846 digna
3075 3780 3132 3828 et
3199 3768 3496 3827 credibilia
3556 3764 3641 3818 vi-

2061 3876 2264 3931 dentur
2289 3889 2411 3944 quae
2438 3872 2706 3928 dicuntur
2737 3869 2885 3923 :huc
2917 3866 3125 3922 inclina
3153 3879 3343 3918 aurem
3373 3870 3546 3924 tuam,
3582 3867 3642 3913 et

2062 3966 2199 4021 mihi
2224 3964 2467 4018 animum
2497 3961 2723 4016 adverte
2756 3977 2769 4011 :
2807 3967 2864 4013 et
2912 3956 3131 4010 videbis
3185 3954 3240 4008 in
3288 3950 3473 4007 carnis
3514 3964 3640 4004 sus-

2062 4066 2235 4127 ceptae
2266 4054 2679 4125 dispensatione
2702 4053 2877 4107 Deum
2922 4049 3172 4104 Verbum
3233 4046 3429 4101 eodem
3474 4041 3641 4098 modo

2064 4165 2260 4204 novam
2305 4162 2528 4218 quoque
2577 4161 2734 4201 suam
2800 4152 3112 4198 creaturam
3174 4137 3552 4195 construxisse
3586 4143 3644 4190 et

2061 4241 2378 4311 perfecisse.
2408 4239 2482 4293 lis
2513 4238 2659 4291 enim
2688 4236 2781 4305 qui
2813 4234 2868 4287 in
2901 4249 2959 4287 se
2996 4231 3205 4285 habent
3234 4230 3419 4284 lucem
3453 4225 3646 4296 cogni-

2064 4332 2250 4395 tionis,
2293 4342 2377 4386 cst
2413 4332 2604 4399 utique
2634 4326 2989 4397 perspicuum
3020 4322 3170 4393 quod
3196 4322 3422 4391 antiqua
3451 4317 3643 4373 mundi

381 4413 550 4470 Deum
573 4419 953 4487 cognovissent,
985 4436 1089 4471 non
1119 4421 1251 4472 sicut
1283 4418 1448 4472 Deum
1480 4418 1853 4488 gloriﬁcaruul
1888 4422 1953 4485 ",
1989 4434 2032 4487 ο
2060 4425 2269 4479 creatio
2301 4431 2424 4478 erat
2448 4420 2822 4482 adumbratio,
2851 4429 3040 4488 typum
3070 4415 3285 4469 habens
3342 4411 3643 4475 Ecclesia‘;

380 4516 446 4561 ut
482 4516 718 4563 testatur
742 4510 965 4574 Paulus,
1008 4510 1202 4565 ὀίω-ηε
1246 4510 1396 4579 quod
1453 4511 1520 4563 ad
1568 4524 1960 4581 argun‘ientum

382 4600 479 4654 Dei
514 4599 846 4669 cognitionis
875 4600 1029 4654 dedit
1069 4600 1212 4653 Deus
1235 4592 1560 4669 sapientiam
1594 4601 1649 4655 in
1677 4601 1872 4668 initiis,
1907 4611 1964 4656 et

380 4690 756 4761 cognitionem
784 4691 852 4745 de
880 4692 986 4746 situ
1021 4692 1168 4751 coeli.
1195 4700 1250 4746 et
1283 4692 1591 4757 stellarum,
1632 4702 1687 4747 et
1723 4693 1876 4757 solis,
1909 4705 1962 4748 et

386 4785 550 4848 inme,
582 4791 638 4838 et
670 4784 894 4853 plantis,
921 4794 977 4839 et
1011 4784 1365 4850 animalibus,
1401 4793 1456 4839 et
1521 4766 1875 4855 corporibus,
1905 4795 1963 4840 et

387 4874 600 4946 figuris.
635 4876 903 4942 Quoniam
937 4894 1068 4948 ergo
1105 4894 1246 4946 aqua
1292 4879 1536 4949 gentium
1566 4896 1674 4933 non
1706 4880 1966 4950 cognovit

385 4970 674 5039 sapientia:
717 4969 1035 5026 ctl‘eclorem
1068 5013 1082 5036 ,
1122 4973 1269 5025 Dens
1316 4988 1435 5027 eam
1498 4973 1817 5043 relinquens
1860 4973 1967 5027 im-

389 5059 688 5131 perfectam
720 5071 775 5117 et
807 5080 921 5118 non
975 5065 1294 5135 genitalem,
1349 5067 1587 5121 accessit
1626 5066 1695 5119 ad
1736 5075 1961 5128 terram,

389 5154 526 5208 dans
555 5171 653 5225 per
683 5155 958 5210 Abraham
990 5157 1204 5229 signum
1239 5158 1708 5213 circumcisionis.
1757 5157 1966 5210 Etideo

389 5245 705 5317 hujussigni
727 5256 1001 5303 terrenam
1023 5249 1277 5318 promisit
1298 5248 1633 5311 mercedem,
1659 5256 1716 5301 ct
1735 5246 1970 5300 Abrahae

390 5348 441 5391 et
494 5339 702 5401 Israeli,
736 5340 929 5397 dicens
968 5358 1026 5397 se
1047 5342 1131 5397 eis
1155 5342 1291 5396 dare
1335 5342 1388 5394 in
1422 5339 1833 5410 possessionem
1861 5347 1971 5391 ter-

393 5443 510 5482 ram
563 5431 839 5486 terrestris
878 5433 1186 5488 Palmstina:
1248 5429 1655 5501 promissionis.
1699 5427 1971 5482 Similiter

393 5521 557 5574 etiam
586 5524 785 5591 populo
821 5525 1121 5579 Israelitico
1144 5525 1239 5594 qui
1273 5524 1403 5578 exiit
1432 5539 1495 5575 ex
1532 5521 1787 5591 Egypto,
1818 5520 1968 5574 Deus

473 5687 514 5718 "
536 5689 692 5746 Itoni.
727 5711 761 5760 ι,
792 5694 877 5748 :21.
959 5702 999 5729 "
1035 5696 1267 5766 i’hilipp.
1296 5714 1372 5759 III,
1404 5696 1491 5751 ‘20.

1575 5696 1610 5726 ”
1637 5696 1734 5750 lsa.
1792 5712 1860 5759 lx,
1904 5697 1946 5755 l.
1981 5698 2013 5749 ἓ

2067 4532 2251 4587 quam,
2284 4515 2431 4569 sicut
2460 4512 2755 4583 quemdam
2781 4511 2976 4564 orbem
3002 4517 3164 4563 terra:
3192 4521 3389 4561 ereans
3410 4514 3466 4560 et
3514 4519 3650 4559 con-

2067 4619 2290 4664 struens
2330 4594 2495 4661 °Deus
2540 4602 2786 4659 Verbum
2847 4602 3015 4656 homo
3058 4599 3273 4662 factus,
3326 4595 3523 4664 incipit
3579 4609 3650 4649 ex

2068 4699 2227 4768 aquis
2250 4696 2570 4767 gentilibus,
2601 4703 2664 4748 ut
2688 4694 2782 4762 qui
2812 4692 2863 4745 in
2886 4692 3109 4761 regione
3132 4687 3379 4760 gentium
3399 4695 3649 4739 versatus

2070 4791 2143 4844 sit
2174 4789 2228 4841 in
2263 4787 2556 4841 Nazareth.
2591 4786 2665 4839 De
2694 4783 2899 4854 quibus
2944 4780 3079 4835 dicit
3107 4778 3377 4850 propheta
3430 4775 3601 4831 Isaias
3632 4792 3647 4829 :

2071 4881 2233 4935 Terra
2254 4876 2492 4933 Zabulon
2528 4887 2574 4930 et
2609 4886 2751 4930 terra
2777 4872 3105 4942 Nephlalim,
3131 4872 3218 4925 via
3278 4868 3466 4931 maris,
3503 4866 3649 4923 Gali-

2075 4973 2173 5028 lwa
2223 4971 2480 5042 gentium,
2510 4968 2736 5040 populus
2769 4968 2859 5039 qui
2906 4965 3107 5020 vivebat
3143 4965 3199 5018 in
3243 4961 3468 5015 tenebris
3521 4959 3650 5013 vidit

2076 5063 2243 5115 lucem
2283 5076 2533 5130 magnam
2559 5055 2622 5115 η.
2649 5056 2742 5112 Sic
2774 5056 2921 5111 enim
2942 5055 3168 5109 Simeon
3205 5065 3428 5122 quoque
3460 5055 3654 5118 gentes

2075 5154 2246 5224 priori
2279 5152 2400 5206 loco
2444 5151 2649 5221 posuit,
2696 5159 2753 5204 et
2790 5147 2989 5203 deinde
3018 5145 3304 5207 Israelem,
3347 5141 3539 5196 dicens
3582 5139 3653 5191 de

2068 5245 2290 5302 Christo
2327 5262 2340 5297 ε
2382 5243 2575 5297 Lumen
2612 5243 2680 5296 ad
2708 5241 3077 5296 revelationem
3103 5237 3360 5309 gentium,
3417 5231 3650 5286 deinde:

2070 5344 2121 5388 et
2173 5337 2403 5406 gloriam
2438 5332 2599 5404 plebis
2636 5343 2741 5386 tua:
2794 5331 2973 5385 Israel
3022 5329 3085 5379 ¹³.
3129 5324 3375 5380 Transiit
3412 5322 3561 5377 enim
3623 5335 3651 5373 a

2070 5425 2343 5482 Nazareth
2379 5426 2623 5496 gentium
2655 5423 2842 5485 maris,
2864 5431 2921 5477 ct
2949 5419 3103 5476 venit
3134 5415 3570 5486 Hierosolymam
3596 5412 3651 5467 in

2071 5519 2375 5573 Bethleem.
2409 5526 2466 5573 et
2494 5517 2572 5571 ibi
2607 5525 2770 5571 natus
2798 5523 2902 5580 est,
2932 5520 2988 5569 et
3022 5513 3216 5568 relicta
3252 5507 3576 5578 imperfecta
3597 5511 3654 5559 e'.

2116 5697 2155 5727 “'
2187 5696 2320 5749 Luc.
2357 5711 2410 5759 ιι,
2445 5694 2533 5747 '52.
