4056 6148
502 344 609 409 925

1611 351 1692 411 IN
1726 337 2280 410 HEXAEMERON.
2314 364 2384 387 -ι
2419 353 2568 412 LIB.
2608 353 2706 412 v1.

3676 345 3849 442 926.

505 460 834 534 intrugifera
888 472 1039 520 terra
1100 466 1291 531 Israel,
1339 464 1495 522 venit
1550 482 1747 522 rursus
1793 467 1864 522 ad
1915 482 2090 536 aquas
2117 472 2166 528 Α
2192 479 2316 523 sunt
2346 471 2400 524 hi
2425 471 2517 540 qui
2530 469 2847 523 sicutnubes
2884 466 3090 533 volant,
3115 475 3443 537 cttanquam
3462 465 3707 522 columba:
3738 468 3787 501 ¹⁹

500 555 763 626 gentiles,
795 558 1010 612 vocatis
1036 567 1164 614 ante
1187 572 1382 614 omnes
1409 558 1579 629 Magis
1599 597 1614 623 ,
1641 568 1697 613 et
1725 558 2010 628 profectus
2032 557 2088 613 in

502 650 800 723 Aigyptum
853 654 921 708 ad
952 655 1274 710 barbaricas
1298 654 1409 710 Nili
1444 666 1638 725 aquas.
1693 654 1801 710 Sed
1832 670 1958 709 cum
1994 668 2089 709 eas

504 743 759 798 nondum
816 755 1206 816 congregasset
1260 747 1318 801 in
1364 762 1530 800 unam
1576 747 2084 818 congregationem,

506 833 678 888 rediit
700 833 756 888 in
775 844 982 889 terram
1002 835 1172 891 Israel
1192 835 1343 890 unde
1364 835 1598 899 exierat,
1615 837 1871 906 exiguam
1891 850 2086 904 quam-

505 925 631 981 dam
664 926 913 992 herbam,
946 935 1002 982 et
1033 928 1262 982 arbores
1290 927 1508 997 aliquas
1534 927 1831 998 frugiferas
1864 925 2086 996 (nempe

505 1031 638 1071 suos
662 1016 987 1086 discipulos,
1023 1026 1081 1073 et
1112 1017 1382 1073 Joannem
1420 1017 1747 1087 Baptistam,
1773 1025 1829 1071 et
1856 1015 2083 1086 .losepb,

503 1121 561 1164 et
587 1108 975 1174 Nicomedum,
1011 1117 1069 1164 et
1116 1124 1324 1179 paucos
1352 1108 1696 1179 hujusmodi)
1733 1107 2039 1163 ostendens
2068 1124 2082 1160 :

501 1211 561 1255 ct
599 1201 788 1256 Statim
831 1201 1031 1257 relicto
1060 1202 1213 1258 cultu
1254 1202 1490 1258 Judaico
1535 1201 1752 1257 accedit
1781 1216 1976 1256 rursus
2014 1198 2084 1255 ad

502 1292 711 1348 ﬂuenta
736 1294 997 1349 Jordanis
1030 1294 1123 1350 Sol
1150 1295 1401 1366 iustitiae,
1432 1310 1630 1350 creans
1652 1295 1844 1350 lumen
1900 1292 2083 1363 bapti-

502 1384 716 1440 smatis.
778 1385 994 1440 Deinde
1018 1386 1093 1441 ita
1147 1386 1430 1441 benedicit
1479 1395 1537 1441 et
1580 1386 1892 1456 perducere
1949 1384 2084 1439 fecit

501 1491 700 1546 aquas,
732 1485 790 1531 et
838 1476 1104 1549 deinceps
1155 1477 1311 1533 venit
1349 1478 1518 1533 etiam
1564 1478 1634 1533 ad
1676 1487 1881 1534 terram
1918 1496 1933 1532 :
1976 1478 2084 1533 hoc

500 1575 612 1632 est,
647 1583 838 1623 curam
862 1584 1062 1639 gerens
1092 1569 1333 1634 Israelis,
1401 1579 1460 1625 et
1491 1569 1723 1626 morbos
1755 1585 1952 1625 eorum
1984 1585 2083 1623 cu-

432 1660 435 1661 ⁷
499 1674 653 1714 rans.
687 1659 759 1713 Et-
786 1674 1046 1714 rursus'a
1071 1668 1217 1715 terra
1246 1659 1529 1729 profectus
1561 1669 1647 1716 est
1673 1660 1741 1716 ad
1767 1660 2024 1731 abyssum
2064 1676 2079 1713 :

499 1765 700 1819 nempe
723 1765 754 1805 a
775 1765 966 1811 cruce,
1000 1759 1065 1805 ut
1098 1751 1425 1821 praedicaret
1447 1752 1742 1822 spiritibus
1777 1751 1873 1820 qui
1918 1759 2083 1806 erant

2199 575 2324 614 eum
2364 560 2535 629 pullis
2563 559 2718 614 suis?
2748 557 2841 614 Hae
2884 567 3015 614 sunt
3052 556 3311 612 volucres
3335 572 3459 626 qua:
3492 557 3785 628 rapiuntur

2197 652 2252 707 in
2294 652 2537 706 nubibus
2559 650 2765 705 obviam
2790 651 3015 704 Domino
3042 652 3098 704 in
3134 665 3309 703 aerem
3334 650 3404 702 ¹⁰.
3448 650 3526 703 De
3578 648 3785 718 quibus

2194 745 2365 799 etiam
2421 744 2639 799 dicebat
2672 761 2685 796 :
2724 743 2820 798 Ubi
2876 754 2950 796 est
2995 742 3444 812 corpus,~inquit,
3482 756 3579 795 seu
3613 739 3782 794 cada-

2194 851 2292 890 ver
2316 836 2501 900 (latro,
2530 836 2804 904 inquam),
2848 849 3049 903 nempe
3083 834 3139 887 in
3176 832 3468 893 Paradiso,
3502 830 3615 885 illic
3657 847 3785 885 con-

2193 926 2554 998 gregabantur
2582 929 2750 981 etiam
2810 924 3083 996 aquilaz“,
3133 940 3258 994 qua:
3308 924 3781 993 supplantatorcm

2192 1028 2445 1076 nostrum
2480 1029 2793 1090 serpentem
2839 1019 2943 1074 sub
2978 1018 3214 1089 pedibus
3265 1018 3632 1074 suﬁ‘ocarunt.
3672 1018 3780 1073 Aut

2193 1129 2388 1168 rursus
2420 1113 2512 1168 ubi
2536 1124 2821 1168 mortuum
2852 1122 2936 1167 est
2966 1121 3217 1166 sanctum
3251 1116 3373 1182 ejus
3418 1126 3642 1180 corpus,
3668 1110 3782 1164 illic

2190 1219 2296 1258 nos
2322 1205 2698 1276 congregavit,
2725 1213 2786 1259 ut
2812 1205 2988 1259 simus
3015 1205 3137 1273 ejus
3165 1204 3489 1274 participes.
3518 1203 3577 1257 In
3604 1204 3777 1258 altum

2191 1293 2339 1348 enim
2366 1295 2421 1349 in
2442 1310 2608 1349 cruce
2632 1295 2886 1350 sublatus
2917 1295 3279 1365 congregavit
3303 1296 3563 1366 gentiles,
3609 1304 3665 1349 et
3710 1310 3780 1349 ex

2191 1401 2334 1456 aqua
2374 1386 2588 1456 genitas
2621 1387 2868 1458 gentium
2922 1387 3197 1451 volucres,
3236 1396 3295 1440 ut
3319 1387 3439 1457 ejus
3464 1386 3777 1456 passionem

2190 1479 2481 1533 imitentur
2497 1489 2553 1534 et
2585 1495 2831 1536 crucem.
2859 1478 2967 1535 Sed
2992 1494 3118 1535 cum
3151 1494 3325 1549 aquas
3354 1466 3534 1548 abyssi
3567 1479 3776 1538 subiis-

2188 1583 2294 1637 set,
2329 1567 2518 1626 secum
2546 1572 2676 1627 fecit
2704 1573 2925 1627 evolare
2957 1587 3027 1627 ex
3076 1572 3237 1642 aquis
3261 1570 3645 1628 subterraneis
3675 1587 3777 1626 vo-

2188 1664 2363 1718 lucria
2390 1664 2483 1718 illa
2508 1679 2739 1735 corpora
2778 1664 3129 1727 Sanctorum,
3165 1665 3260 1735 qui
3300 1665 3669 1730 dormierant,
3719 1672 3777 1720 et

2189 1748 2575 1812 surrexerunt.

498 1839 556 1894 in
587 1840 908 1896 carceribus
929 1841 1858 1914 inferorum,remissionem.882
1878 1842 2083 1898 Deinde
2114 1830 2158 1888 Β
2260 1848 2367 1905 sed
2397 1859 2569 1905 restat
2600 1859 2660 1905 ut
2687 1849 2973 1920 deinceps'
3013 1848 3195 1918 ipsum
3224 1846 3489 1901 dictionis
3521 1844 3771 1914 Scriptu-

496 1943 627 1987 eum
662 1935 1086 2000 resurrexisset,
1134 1950 1166 1991 e
1211 1944 1359 1991 terra
1390 1952 1653 1991 reversus
1676 1937 1856 1992 estad
1896 1937 2082 1992 ﬁrma-

496 2033 752 2080 mentum
782 2026 849 2080 ad
882 2027 1080 2093 Deum,
1118 2038 1175 2082 ct
1196 2027 1355 2083 illine
1387 2040 1584 2083 rursus
1608 2028 1793 2084 eﬁ‘ccit
1820 2038 1879 2084 ut
1927 2045 2084 2099 aqua:

490 2119 746 2189 gentium
790 2119 1051 2175 animalia
1086 2122 1485 2191 producerent,
1511 2139 1582 2177 ex
1626 2124 1738 2178 alto
1774 2139 1942 2194 super
1989 2139 2084 2179 eas

492 2214 703 2268 emisso
724 2221 986 2284 tanquam
1021 2215 1243 2271 viviﬁco
1267 2225 1463 2271 sancto
1490 2216 1728 2287 Spiritu.

570 2308 703 2374 Quae
717 2309 940 2378 quidem
957 2324 1066 2364 non
1091 2311 1387 2365 cessabunt
1408 2325 1576 2381 super
1590 2312 1799 2382 seipsas
1815 2326 2082 2382 generare

495 2409 555 2455 et
567 2414 897 2471 regenerare
914 2403 1060 2472 ipsas
1070 2411 1264 2474 gentes
1282 2419 1405 2473 qua
1416 2403 1571 2474 prius
1587 2413 1747 2458 erant
1761 2403 2009 2473 reptiles,
2021 2412 2083 2458 et

496 2508 650 2549 nunc
660 2493 819 2549 facta:
837 2496 1134 2550 suntalata:
1146 2495 1423 2560 volucres,
1441 2497 1621 2551 donec
1640 2495 1931 2566 plenitudo
1947 2510 2083 2566 gen-

499 2585 639 2638 tium
666 2585 916 2655 ingressa
954 2585 1029 2640 sit
1056 2586 1282 2640 omnino
1311 2586 1367 2640 in
1392 2585 1749 2655 paradisum:
1779 2595 1837 2641 et
1863 2596 1993 2641 tunc
2009 2586 2079 2641 de

498 2685 703 2733 eastern
717 2676 1010 2748 perﬁcitur
1022 2678 1253 2732 verbum
1272 2677 1392 2742 Dei,
1417 2677 1565 2747 quod
1580 2677 1718 2732 dicit
1730 2678 1800 2733 de
1817 2678 2081 2733 animali—

498 2770 605 2825 bus
635 2770 893 2826 lsraelis:
924 2770 1190 2825 Producat
1212 2779 1359 2825 terra
1390 2773 1633 2825 animum
1661 2774 1940 2827 viventem.
1966 2773 2080 2828 Re-

493 2871 588 2918 cte
606 2860 781 2917 dixit:
808 2864 1048 2917 animam
1077 2864 1354 2918 viventem.
1397 2865 1498 2919 Est
1522 2864 1673 2918 enim
1711 2880 1858 2919 unus
1886 2865 2074 2920 Israel.

494 2954 555 3009 In
575 2952 890 3026 gentilibus
920 2964 1107 3010 autem
1138 2940 1645 3011 innumerabilibus
1664 2957 1927 3028 gentibus
1956 2972 2082 3027 quae.

493 3064 563 3102 ex
603 3044 814 3105 nostris
844 3049 1005 3118 aquis
1038 3056 1455 3119 processerunt,
1511 3065 1623 3105 non
1660 3050 1799 3105 dicit
1830 3051 2074 3105 animam

2186 1958 2260 1997 rae
2287 1950 2606 1997 contextum
2641 1942 2973 2012 aperiamus.
3005 1941 3075 1994 Et
3114 1941 3245 1994 dia-it
3284 1939 3424 1993 Deus
3455 1955 3473 1993 :
3504 1938 3774 1993 Producat

2188 2043 2332 2089 terra
2370 2036 2608 2088 animant
2656 2038 2912 2089 viventem
2963 2033 3250 2088 secundum
3302 2048 3488 2101 genus,
3537 2031 3774 2101 quadrae

2184 2125 2337 2193 pedes
2360 2136 2407 2178 et
2440 2126 2653 2196 reptiliu
2682 2136 2729 2178 et
2757 2126 2948 2179 bestias
2970 2135 3126 2179 terra
3166 2125 3451 2178 secundum
3474 2139 3659 2193 genus.
3704 2121 3774 2175 Et

2183 2219 2381 2287 factum
2404 2226 2477 2271 est
2513 2220 2612 2273 ita.
2664 2219 2721 2273 In
2747 2218 2892 2273 duos
2926 2229 3118 2289 partus
3150 2227 3208 2272 et
3243 2219 3630 2289 generationes
3684 2215 3772 2269 di-

2181 2311 2317 2366 visit
2346 2312 2491 2366 Deus
2516 2326 2738 2365 omnem
2774 2312 3052 2366 viventem
3080 2311 3446 2365 animantium
3482 2308 3569 2379 (ex
3602 2319 3772 2369 terra,

2182 2400 2433 2472 inquam,
2479 2410 2537 2456 ct
2583 2415 2653 2455 ex
2704 2400 2873 2471 mari)‘
2898 2401 2992 2470 qui
3039 2417 3105 2455 ex
3154 2401 3375 2454 duabus
3418 2399 3771 2461 mulieribus,

2178 2508 2383 2584 nempe
2410 2493 2506 2548 Lia
2543 2504 2599 2548 et
2628 2494 2893 2559 Rachele,
2940 2502 3037 2549 aut
3075 2508 3143 2548 ex
3175 2493 3391 2569 Sara’et
3455 2492 3602 2561 Agar
3633 2490 3773 2545 duos

2180 2582 2477 2641 constituit
2509 2587 2670 2650 ﬁlios,
2693 2601 2895 2655 nempe
2947 2585 3088 2641 duos
3120 2586 3375 2655 pepulos‘,
3417 2582 3677 2637 videlicet
3703 2597 3771 2636 ex

2181 2678 2456 2750 gentibus.
2515 2679 2636 2745 Quo
2682 2679 2741 2733 ﬁt
2788 2688 2848 2734 ut
2891 2679 3039 2749 quod
3069 2695 3100 2733 a
3132 2680 3247 2734 Deo
3270 2688 3401 2734 tunc
3426 2679 3635 2733 dictum
3666 2675 3773 2730 Re-

2179 2771 2384 2837 beccae,
2420 2773 2719 2828 conveniat
2741 2774 2906 2827 etiam
2947 2773 3135 2827 dicere
3170 2780 3441 2827 creatura:
3468 2786 3590 2840 qua:
3649 2783 3772 2823 cer-

2178 2864 2372 2917 nitur:
2409 2863 2542 2918 Dua:
2580 2873 2757 2934 gentes
2785 2874 2833 2918 et
2856 2864 2959 2918 duo
2999 2863 3183 2933 populi
3215 2881 3280 2918 ex
3301 2872 3350 2917 te
3399 2862 3767 2932 egrediantur,

2179 2962 2230 3007 et
2262 2954 2487 3026 populus
2510 2955 2765 3025 populum
2794 2955 3085 3026 superabit,
3120 2962 3169 3007 et
3222 2953 3402 3019 maior
3428 2952 3617 3005 serviet
3673 2950 3772 3003 mi.

2179 3047 2298 3100 neri
2332 3046 2398 3099 ".
2450 3044 2594 3101 Sunt
2614 3055 2803 3101 autem
2841 3044 3094 3120 scilicct‘
3118 3045 3333 3113 majora
3371 3049 3429 3096 et
3480 3038 3773 3112 insigniter

493 3141 925 3208 viventem,sed
956 3144 1173 3196 animas
1214 3142 1672 3198 innumerabiles.
1703 3143 1849 3199 Dicit
1872 3142 2023 3198 enim
2056 3159 2070 3196 :
2104 3171 2148 3230 ο
2179 3136 2411 3191 fortiort.
2449 3153 2572 3206 qua:
2620 3152 2687 3192 ex
2729 3146 2877 3192 terra
2931 3145 3063 3191 nata
3118 3143 3248 3191 sunt
3282 3134 3543 3190 animalia
3594 3143 3652 3187 et
3676 3133 3771 3203 ju-

495 3232 805 3288 Producant
838 3249 993 3305 aqum
1040 3234 1258 3305 reptilia
1292 3236 1598 3290 animarum
1619 3236 1927 3299 viventium,
1972 3248 2078 3289 nec
2118 3227 2136 3230 ⁷
2180 3236 2367 3282 menta
2391 3237 2451 3282 et
2473 3228 2685 3292 bestiae,
2707 3243 2873 3299 quam
2904 3228 3086 3298 pisces
3112 3227 3337 3292 marini,
3366 3234 3423 3281 et
3446 3239 3616 3294 super
3646 3236 3771 3276 om-

488 3339 560 3377 ea
590 3323 796 3390 solum,
833 3323 934 3378 sed
970 3324 1139 3379 etiam
1170 3326 1429 3379 volucres
1479 3325 1731 3380 volantes
1765 3339 1937 3394 super
1974 3333 2080 3378 ter-

494 3430 615 3469 ram
646 3415 957 3471 secundum
989 3415 1401 3471 ﬁrmamentum
1423 3416 1569 3472 caeli.
1598 3416 1677 3470 Ex
1708 3416 1799 3471 his
1828 3416 2078 3471 volucri-

496 3510 603 3564 bus
630 3509 973 3564 eratPaulus
999 3508 1093 3563 ille
1127 3508 1462 3577 baptizatus,
1513 3517 1570 3564 et
1592 3509 1687 3578 qui
1718 3523 1787 3563 ex
1811 3524 1953 3578 aqua
1977 3523 2081 3562 va-

494 3601 601 3656 luit
616 3601 804 3657 volare
821 3600 891 3656 ad
914 3600 1140 3655 tertium
1169 3601 1395 3667 caelum,
1418 3607 1475 3656 et
1495 3616 1690 3655 rursus
1718 3601 1875 3655 illinc
1894 3609 2079 3655 trans-

495 3688 581 3743 ire
612 3687 670 3743 in
720 3688 1059 3759 paradisum.
1091 3688 1379 3760 Ejusmodi
1403 3689 1647 3745 volucris
1686 3698 1812 3745 erat
1866 3688 2081 3759 Philip-

493 3794 622 3857 pus,
657 3778 754 3850 qui
789 3779 986 3835 volans
1018 3794 1371 3854 per_aerem,
1402 3788 1463 3835 et
1480 3781 1713 3836 veniens
1752 3781 1821 3836 ad
1868 3780 2081 3839 Canda-

490 3884 617 3926 οδω
652 3868 993 3940 Ethiopem,
1047 3872 1231 3941 ipsum
1273 3870 1578 3940 baptizavit
1636 3887 1804 3942 super
1825 3887 2025 3942 aquam
2062 3893 2076 3928 :

490 3973 552 4016 et
573 3975 674 4032 per
698 3961 1036 4026 columbam,
1073 3977 1276 4032 nempe
1312 3960 1605 4032 Spiritum,
1636 3962 1882 4033 seipsum
1943 3963 2079 4019 eﬂ‘e-

488 4057 574 4109 cit
629 4054 912 4110 volucrem
956 4054 1020 4109 ¹⁶.
1084 4054 1369 4126 Ejusmodi
1422 4054 1672 4110 volucris
1726 4055 2081 4111 desiderabat

494 4147 616 4202 ﬁeri
647 4147 726 4202 illi
746 4148 842 4217 qui
865 4147 1087 4203 dicebat
1119 4166 1132 4201 :
1160 4147 1290 4214 Quis
1339 4147 1486 4202 dabit
1536 4148 1668 4203 mihi
1710 4163 1913 4218 pennas
1943 4149 2079 4203 sicut

490 4239 772 4305 columbas,
806 4256 931 4311 qua:
967 4241 1258 4296 descendit
1279 4240 1337 4295 in
1357 4240 1679 4319 Iordanem,
1713 4248 1764 4295 et
1792 4241 1980 4296 volabo
2029 4250 2079 4296 et

488 4321 824 4405 requiescam
860 4334 905 4366 "
949 4333 1002 4387 in
1032 4332 1123 4387 illa
1169 4333 1363 4403 requie
1407 4332 1720 4389 ctelestium
1784 4334 2076 4389 volucrum

491 4438 591 4480 sex
622 4425 742 4480 alas
772 4423 1136 4478 habentium?
1171 4423 1256 4479 Ad
1282 4424 1383 4480 has
1434 4424 1693 4480 volucres
1738 4425 1982 4479 evolavit
2009 4440 2074 4479 ex

2176 3320 2270 3375 nia
2298 3320 2574 3376 volucres.
2622 3319 2781 3388 Quod
2830 3322 2877 3376 si
2918 3336 2984 3375 ea
3011 3335 3133 3390 qua:
3176 3319 3437 3374 dicuntur
3490 3315 3697 3385 rejicis,
3735 3329 3771 3368 ο

2179 3411 2425 3477 auditor,
2451 3419 2657 3482 utqua:
2696 3427 2808 3467 non
2849 3413 2962 3468 sint
2996 3411 3309 3482 probabilia
3336 3451 3351 3474 ,
3422 3407 3557 3478 quid
3598 3405 3771 3461 facies

2180 3512 2276 3559 aut
2302 3504 2457 3559 dices
2486 3520 2613 3559 cum
2648 3504 2839 3560 videas
2877 3514 3002 3574 qua:
3024 3518 3093 3558 ex
3116 3503 3278 3571 aquis
3325 3509 3447 3557 orta
3475 3506 3607 3554 sunt
3647 3497 3768 3552 ani-

2179 3595 2346 3651 malia
2378 3595 2734 3666 praeripuisse
2773 3611 2892 3650 eam
2917 3612 3041 3665 quae
3098 3611 3129 3649 a
3166 3594 3278 3648 Deo
3321 3594 3487 3648 datur
3533 3589 3767 3646 benedi-

2178 3689 2621 3749 ctionem?Nam
2665 3689 2948 3758 quomodo
2994 3687 3165 3743 Jacob
3203 3686 3493 3756 praeripuit
3541 3682 3772 3739 benedi-

2179 3780 2423 3835 ctionem
2460 3780 2642 3835 Esau?
2668 3780 2931 3850 quoniam
2965 3779 3109 3833 alter
3158 3778 3388 3849 quidem
3420 3785 3543 3832 erat
3592 3790 3767 3829 vena-

2181 3878 2288 3936 tor,
2316 3878 2375 3926 et
2404 3858 2661 3941 tanquam
2690 3886 2722 3926 e
2752 3878 2902 3925 terra
2936 3879 3123 3923 ortum
3162 3868 3405 3923 habebat
3440 3876 3497 3921 et
3534 3880 3770 3937 genera-

2178 3965 2412 4029 tionem,
2438 3974 2494 4019 et
2514 3964 2682 4019 vitam
2720 3978 2886 4033 quam
2917 3962 3150 4032 degebat
3178 3960 3343 4015 simul
3384 3975 3510 4014 cum
3534 3958 3679 4013 feris
3710 3959 3765 4010 in

2178 4070 2311 4127 agro
2339 4068 2395 4112 et
2426 4072 2553 4111 cum
2610 4055 2903 4125 reptilibus
2939 4070 2954 4106 :
2998 4053 3146 4108 unde
3201 4053 3366 4107 etiam
3389 4092 3403 4115 ,
3434 4049 3629 4112 Edam,
3664 4048 3770 4101 hoc

2178 4159 2285 4213 est,
2317 4148 2497 4214 rufus,
2550 4148 2654 4203 fuit
2680 4148 2823 4203 Esau
2860 4146 3318 4216 cognominatus;
3357 4143 3527 4199 Jacob
3557 4150 3766 4203 autem,

2177 4244 2272 4316 qui
2319 4243 2484 4300 simul
2525 4258 2652 4298 cum
2688 4241 3103 4303 benedictione,
3159 4241 3280 4311 ejus
3331 4253 3554 4307 quoque
3585 4235 3770 4305 rapuit

2176 4336 2694 4407 primogenituram,
2726 4346 2854 4387 cum
2903 4331 3183 4386 evolasset
3216 4327 3271 4381 in
3326 4338 3595 4395 aquarum
3653 4321 3769 4375 Me-

2176 4430 2563 4501 sopotamiam,
2592 4427 2713 4481 illic
2764 4425 2822 4479 in
2859 4423 3026 4494 aquis
3082 4420 3303 4499 peperit
3336 4419 3390 4473 in
3451 4417 3616 4472 domo
3645 4414 3765 4469 Dei.

490 4518 879 4587 νίνὶίίω-εειυε
912 4533 1036 4588 (lum
1089 4517 1250 4572 Παιίι
1298 4518 1571 4583 ex'latere
1617 4517 1836 4572 Domini
1869 4518 1926 4572 ἰη
1951 4518 2074 4574 loco
2107 4518 2149 4573 υ
2178 4498 2372 4580 Bethel
2405 4524 2553 4602 enim
2579 4522 2985 4589 interpretatur
3003 4498 3398 4586 Spiritus’Dei,
3430 4509 3581 4565 unde
3600 4509 3767 4602 etiam

487 4610 762 4667 Calvaria:
780 4651 794 4676 ,
829 4609 1008 4680 prima
1038 4610 1289 4664 omnium
1313 4610 1562 4667 volucris
1586 4650 1601 4673 .
1633 4620 1860 4666 sanctus
1897 4610 2042 4667 latro
2063 4653 2078 4679 ,

489 4716 622 4757 eum
640 4715 766 4772 rege
783 4701 1074 4756 volucrum
1090 4700 1318 4757 Christo
1330 4717 1528 4773 magna
1543 4702 1765 4773 Aquila,
1780 4718 1879 4772 per
1894 4718 2079 4758 aerem

487 4796 692 4850 volans
716 4794 773 4849 in
795 4795 1138 4865 paradisum.
1195 4795 1272 4850 De
1303 4793 1515 4851 Christi
1572 4796 1896 4851 volucribus
1946 4797 2084 4852 dicit

486 4887 663 4943 etiam
716 4885 1185 4958 Psalmographus
1233 4886 1497 4953 :Passer,
1528 4903 1728 4958 nempe
1756 4888 1919 4952 latro,
1983 4904 2081 4943 seu

491 4978 697 5049 aliquis
716 4980 881 5044 alius,
902 4980 1101 5034 invenit
1136 4980 1235 5034 sibi
1265 4980 1552 5050 proprium
1575 4979 1767 5034 nidum
1817 4981 1952 5052 ligni
1980 4997 2083 5051 pa-

494 5070 669 5127 radisi
701 5089 715 5125 :
752 5081 952 5131 turtur.
972 5088 1173 5143 nempe
1186 5072 1455 5136 Ecclesia,
1477 5087 1600 5141 quae
1628 5073 1743 5127 sola
1770 5089 1942 5127 unum
1976 5090 2081 5129 no-

491 5164 580 5218 vit
606 5166 898 5237 coniugem
921 5164 1227 5229 Christum,
1258 5180 1382 5235 quae
1401 5165 1569 5219 vitam
1596 5166 1770 5235 magis
1802 5174 1950 5221 amat
1989 5182 2081 5222 so-

492 5255 736 5313 litariam
759 5273 925 5327 quam
952 5258 1270 5324 delicatam,
1308 5256 1534 5312 mollem
1567 5265 1624 5311 et
1654 5257 2034 5313 eﬂ'eminatam
2063 5277 2077 5313 :

490 5348 596 5403 sibi
623 5350 842 5415 nidum,
878 5365 1080 5420 nempe
1109 5365 1341 5420 regnum
1395 5348 1702 5415 caelorum;
1743 5350 1832 5403 ubi
1858 5359 2083 5421 reponat

492 5435 675 5509 pullos
696 5454 820 5492 suos
843 5438 908 5491 ⁸⁸.
941 5437 1089 5505 Quas
1112 5437 1338 5507 quidem
1364 5445 1634 5493 exeuntes
1685 5437 1755 5493 de
1786 5439 1948 5508 aquis
1980 5454 2082 5493 vo-

490 5532 681 5587 lucres
701 5539 937 5602 stupens
959 5546 1194 5602 quoque
1240 5531 1431 5596 Isaias,
1460 5531 1740 5586 clamabat
1785 5548 1798 5584 :
1848 5529 2082 5596 Quinam

570 5738 615 5769 “
652 5739 771 5792 Art.
820 5753 932 5794 vin.
962 5736 1031 5791 26
1056 5752 1209 5806 chq.
1294 5739 1332 5769 "’
1367 5738 1624 5805 PsaI.uv,
1655 5738 1707 5792 7.

494 5824 643 5875 xxw,
664 5808 754 5862 28.
834 5808 878 5838 "
902 5807 1041 5862 Gen.
1065 5823 1187 5869 xxv,
1206 5807 1299 5863 25.

2178 4614 2393 4684 accepit
2426 4601 2633 4668 Rachel
2672 4628 2685 4664 :
2719 4609 2927 4665 Rachel
2980 4616 3166 4663 autem
3191 4604 3360 4659 etiam
3414 4603 3623 4684 dicitur
3665 4601 3772 4654 Do-

2178 4678 2452 4760 mus-Dei.
2488 4703 2607 4773 Ipsa
2653 4701 2804 4756 enim
2838 4707 2960 4755 erat
2985 4709 3146 4772 typus
3188 4678 3452 4753 Ecclesié
3482 4710 3606 4765 qua:
3660 4693 3772 4749 cxi-

2179 4796 2278 4850 stit
2300 4810 2368 4850 ex
2402 4792 2683 4865 gentibus,
2715 4792 2772 4846 in
2803 4806 2912 4861 qua
2944 4790 3043 4845 Dei
3095 4788 3337 4859 Spiritus
3371 4793 3621 4841 amanter
3648 4783 3767 4839 vcl-

2178 4887 2262 4941 uti
2316 4884 2680 4955 requiescens
2737 4882 3055 4955 (pr0pterea
3118 4880 3269 4951 quod
3320 4895 3442 4934 eam
3502 4877 3767 4948 peperit),

2184 4980 2366 5034 fertur
2402 4954 2589 5048 super
2635 4954 2834 5046 aquam
2883 4973 3295 5045 Mesopotamiae
3333 4973 3587 5027 omnium
3639 4984 3773 5041 gen-

2188 5072 2349 5126 tium.
2390 5069 2634 5124 Adverte
2662 5078 2850 5124 autem
2881 5068 3030 5138 quod
3074 5066 3280 5124 Rachel
3312 5076 3557 5135 quoque,
3609 5070 3773 5133 typus

2184 5174 2242 5219 et
2280 5164 2458 5233 ﬁgura
2514 5161 2684 5231 (sicut
2724 5168 2783 5215 et
2813 5158 3090 5226 Rebecca)
3144 5159 3267 5229 ejus
3299 5171 3423 5225 quae
3472 5150 3771 5222 aliquando

2189 5257 2293 5311 fuit
2318 5255 2529 5311 sterilis
2550 5254 2798 5326 gentium
2825 5253 3109 5313 Ecclesiae,
3132 5265 3271 5319 eum,
3300 5257 3446 5304 esset
3473 5260 3640 5311 super
3662 5252 3772 5297 ter-

2187 5362 2306 5403 ram
2369 5362 2643 5417 aquarum
2693 5342 3120 5412 Mesopotamiae,
3184 5340 3301 5394 illic
3357 5338 3637 5405 desponsa
3665 5331 3773 5386 fuit

2185 5442 2337 5495 Isaac
2362 5458 2378 5495 :
2410 5448 2468 5494 et
2490 5439 2677 5494 statim
2706 5447 2970 5506 tanquam
3006 5433 3239 5503 pulchra
3265 5439 3320 5486 et
3344 5428 3546 5484 alacris
3572 5440 3770 5497 aquam

2182 5530 2483 5586 eﬁ‘uirdeus
2508 5529 2744 5600 piscina,
2780 5525 2990 5598 potavit
3014 5521 3274 5578 inﬁdeles
3328 5519 3571 5576 camelos
3596 5518 3776 5589 patris

1791 5736 2010 5793 "'Psal.
2043 5755 2262 5806 mxni,
2310 5740 2354 5792 ί.
2435 5740 2478 5770 ¹⁹
2504 5737 2606 5792 Isa.
2640 5751 2727 5797 cx,
2758 5734 2810 5788 8.
2890 5733 2982 5788 "l
3013 5732 3208 5788 Thess.
3241 5749 3315 5802 iv,
3348 5731 3434 5788 l6.
3511 5731 3551 5761 "
3576 5728 3770 5789 Matth.

2436 6000 2463 6013 Ι
