  <div class='ocr_page' id='page_1' title='image "/cluster/home/n/w/nwhite01/storage/ocr_20150623/89/mdp.39015008868328/491.png"; bbox 0 0 4056 6148; ppageno 0'>
   <div class='ocr_carea' id='block_1_1' title="bbox 332 324 431 388">
    <p class='ocr_par' dir='ltr' id='par_1_1' title="bbox 332 324 431 388">
     <span class='ocr_line' id='line_1_1' title="bbox 332 324 431 388; baseline 0 0"><span class='ocrx_word' id='word_1_1' title='bbox 332 324 431 388; x_wconf 76' lang='lat'><strong>927</strong></span> 
     </span>
    </p>
   </div>
   <div class='ocr_carea' id='block_1_2' title="bbox 1535 311 2424 382">
    <p class='ocr_par' dir='ltr' id='par_1_2' title="bbox 1535 311 2424 382">
     <span class='ocr_line' id='line_1_2' title="bbox 1535 311 2424 382; baseline 0.003 -6"><span class='ocrx_word' id='word_1_2' title='bbox 1535 316 1595 376; x_wconf 91' lang='lat' dir='ltr'><strong>S.</strong></span> <span class='ocrx_word' id='word_1_3' title='bbox 1637 311 2036 375; x_wconf 81' lang='lat' dir='ltr'><strong>ANASTASII</strong></span> <span class='ocrx_word' id='word_1_4' title='bbox 2097 315 2424 382; x_wconf 66' lang='lat' dir='ltr'><strong>SINAITE</strong></span> 
     </span>
    </p>
   </div>
   <div class='ocr_carea' id='block_1_3' title="bbox 3493 318 3600 388">
    <p class='ocr_par' dir='ltr' id='par_1_3' title="bbox 3493 318 3600 388">
     <span class='ocr_line' id='line_1_3' title="bbox 3493 318 3600 388; baseline 0 0"><span class='ocrx_word' id='word_1_5' title='bbox 3493 318 3600 388; x_wconf 73' lang='lat'><strong>928</strong></span> 
     </span>
    </p>
   </div>
   <div class='ocr_carea' id='block_1_4' title="bbox 333 425 3604 512">
    <p class='ocr_par' dir='ltr' id='par_1_4' title="bbox 333 425 3604 512">
     <span class='ocr_line' id='line_1_4' title="bbox 333 425 3604 512; baseline -0.001 -16"><span class='ocrx_word' id='word_1_6' title='bbox 333 442 600 512; x_wconf 86' lang='lat' dir='ltr'><strong>gentium.</strong></span> <span class='ocrx_word' id='word_1_7' title='bbox 648 436 924 492; x_wconf 79' lang='lat' dir='ltr'><strong>Abraham</strong></span> <span class='ocrx_word' id='word_1_8' title='bbox 958 433 1107 489; x_wconf 91' lang='lat' dir='ltr'><strong>enim</strong></span> <span class='ocrx_word' id='word_1_9' title='bbox 1146 428 1545 501; x_wconf 75' lang='lat' dir='ltr'><strong>interpretatur</strong></span> <span class='ocrx_word' id='word_1_10' title='bbox 1598 439 1751 500; x_wconf 80' lang='lat' dir='ltr'><strong>pater</strong></span> <span class='ocrx_word' id='word_1_11' title='bbox 1788 445 1911 501; x_wconf 84' lang='lat' dir='ltr'><strong>gen-</strong></span> <span class='ocrx_word' id='word_1_12' title='bbox 1939 425 1988 482; x_wconf 79' lang='grc' dir='ltr'><strong>Α</strong></span> <span class='ocrx_word' id='word_1_13' title='bbox 2014 435 2191 503; x_wconf 86' lang='lat' dir='ltr'><strong>ipsum</strong></span> <span class='ocrx_word' id='word_1_14' title='bbox 2234 446 2320 491; x_wconf 88' lang='lat' dir='ltr'><strong>est</strong></span> <span class='ocrx_word' id='word_1_15' title='bbox 2353 437 2641 507; x_wconf 98' lang='lat' dir='ltr'><strong>plenitudo</strong></span> <span class='ocrx_word' id='word_1_16' title='bbox 2671 438 2958 494; x_wconf 84' lang='lat' dir='ltr'><strong>ﬁdelium:</strong></span> <span class='ocrx_word' id='word_1_17' title='bbox 2997 438 3145 509; x_wconf 90' lang='lat' dir='ltr'><strong>quod</strong></span> <span class='ocrx_word' id='word_1_18' title='bbox 3193 448 3535 509; x_wconf 78' lang='lat' dir='ltr'><strong>unguentum</strong></span> <span class='ocrx_word' id='word_1_19' title='bbox 3569 458 3604 497; x_wconf 80' lang='lat' dir='ltr'><strong>a</strong></span> 
     </span>
    </p>
   </div>
   <div class='ocr_carea' id='block_1_5' title="bbox 334 526 1558 600">
    <p class='ocr_par' dir='ltr' id='par_1_5' title="bbox 334 526 1558 600">
     <span class='ocr_line' id='line_1_5' title="bbox 334 526 1558 600; baseline -0.004 -15"><span class='ocrx_word' id='word_1_20' title='bbox 334 535 489 595; x_wconf 80' lang='lat' dir='ltr'><strong>tium,</strong></span> <span class='ocrx_word' id='word_1_21' title='bbox 518 531 574 584; x_wconf 89' lang='lat' dir='ltr'><strong>in</strong></span> <span class='ocrx_word' id='word_1_22' title='bbox 610 529 837 600; x_wconf 87' lang='lat' dir='ltr'><strong>ﬁguram</strong></span> <span class='ocrx_word' id='word_1_23' title='bbox 877 527 975 582; x_wconf 90' lang='lat' dir='ltr'><strong>Dei</strong></span> <span class='ocrx_word' id='word_1_24' title='bbox 1000 535 1052 580; x_wconf 91' lang='lat' dir='ltr'><strong>et</strong></span> <span class='ocrx_word' id='word_1_25' title='bbox 1081 526 1259 580; x_wconf 86' lang='lat' dir='ltr'><strong>Patris</strong></span> <span class='ocrx_word' id='word_1_26' title='bbox 1289 528 1558 598; x_wconf 85' lang='lat' dir='ltr'><strong>gentium.</strong></span> 
     </span>
    </p>
   </div>
   <div class='ocr_carea' id='block_1_6' title="bbox 403 615 1912 689">
    <p class='ocr_par' dir='ltr' id='par_1_6' title="bbox 403 615 1912 689">
     <span class='ocr_line' id='line_1_6' title="bbox 403 615 1912 689; baseline -0.005 -12"><span class='ocrx_word' id='word_1_27' title='bbox 403 621 762 678; x_wconf 44' lang='lat' dir='ltr'><strong>Multil‘ariam</strong></span> <span class='ocrx_word' id='word_1_28' title='bbox 804 634 937 689; x_wconf 85' lang='lat' dir='ltr'><strong>ergo</strong></span> <span class='ocrx_word' id='word_1_29' title='bbox 978 628 1034 673; x_wconf 93' lang='lat' dir='ltr'><strong>et</strong></span> <span class='ocrx_word' id='word_1_30' title='bbox 1076 617 1265 671; x_wconf 90' lang='lat' dir='ltr'><strong>multis</strong></span> <span class='ocrx_word' id='word_1_31' title='bbox 1304 616 1484 670; x_wconf 90' lang='lat' dir='ltr'><strong>modis</strong></span> <span class='ocrx_word' id='word_1_32' title='bbox 1545 615 1912 680; x_wconf 77' lang='lat' dir='ltr'><strong>ostendimus,</strong></span> 
     </span>
    </p>
   </div>
   <div class='ocr_carea' id='block_1_7' title="bbox 333 709 1915 784">
    <p class='ocr_par' dir='ltr' id='par_1_7' title="bbox 333 709 1915 784">
     <span class='ocr_line' id='line_1_7' title="bbox 333 709 1915 784; baseline -0.003 -16"><span class='ocrx_word' id='word_1_33' title='bbox 333 731 455 784; x_wconf 63' lang='lat' dir='ltr'><strong>qum</strong></span> <span class='ocrx_word' id='word_1_34' title='bbox 502 730 570 767; x_wconf 78' lang='lat' dir='ltr'><strong>ex</strong></span> <span class='ocrx_word' id='word_1_35' title='bbox 602 712 763 781; x_wconf 82' lang='lat' dir='ltr'><strong>aquis</strong></span> <span class='ocrx_word' id='word_1_36' title='bbox 816 710 1044 781; x_wconf 85' lang='lat' dir='ltr'><strong>quidem</strong></span> <span class='ocrx_word' id='word_1_37' title='bbox 1092 719 1256 763; x_wconf 87' lang='lat' dir='ltr'><strong>enata</strong></span> <span class='ocrx_word' id='word_1_38' title='bbox 1313 718 1442 763; x_wconf 89' lang='lat' dir='ltr'><strong>sunt</strong></span> <span class='ocrx_word' id='word_1_39' title='bbox 1476 709 1757 774; x_wconf 76' lang='lat' dir='ltr'><strong>animalia,</strong></span> <span class='ocrx_word' id='word_1_40' title='bbox 1793 723 1915 767; x_wconf 87' lang='lat' dir='ltr'><strong>esse</strong></span> 
     </span>
    </p>
   </div>
   <div class='ocr_carea' id='block_1_8' title="bbox 336 799 1916 875">
    <p class='ocr_par' dir='ltr' id='par_1_8' title="bbox 336 799 1916 875">
     <span class='ocr_line' id='line_1_8' title="bbox 336 799 1916 875; baseline -0.004 -17"><span class='ocrx_word' id='word_1_41' title='bbox 336 807 565 875; x_wconf 83' lang='lat' dir='ltr'><strong>ﬁguram</strong></span> <span class='ocrx_word' id='word_1_42' title='bbox 607 802 856 873; x_wconf 80' lang='lat' dir='ltr'><strong>gentium</strong></span> <span class='ocrx_word' id='word_1_43' title='bbox 912 816 1034 869; x_wconf 67' lang='lat' dir='ltr'><strong>quae</strong></span> <span class='ocrx_word' id='word_1_44' title='bbox 1069 799 1295 854; x_wconf 91' lang='lat' dir='ltr'><strong>fuerunt</strong></span> <span class='ocrx_word' id='word_1_45' title='bbox 1328 800 1626 869; x_wconf 86' lang='lat' dir='ltr'><strong>aliquando</strong></span> <span class='ocrx_word' id='word_1_46' title='bbox 1673 800 1729 853; x_wconf 91' lang='lat' dir='ltr'><strong>in</strong></span> <span class='ocrx_word' id='word_1_47' title='bbox 1783 813 1916 868; x_wconf 90' lang='lat' dir='ltr'><strong>pro-</strong></span> 
     </span>
    </p>
   </div>
   <div class='ocr_carea' id='block_1_9' title="bbox 334 892 1917 966">
    <p class='ocr_par' dir='ltr' id='par_1_9' title="bbox 334 892 1917 966">
     <span class='ocr_line' id='line_1_9' title="bbox 334 892 1917 966; baseline -0.005 -15"><span class='ocrx_word' id='word_1_48' title='bbox 334 898 506 953; x_wconf 91' lang='lat' dir='ltr'><strong>fundo</strong></span> <span class='ocrx_word' id='word_1_49' title='bbox 536 894 882 966; x_wconf 58' lang='lat' dir='ltr'><strong>ignorantiae.</strong></span> <span class='ocrx_word' id='word_1_50' title='bbox 926 892 1296 957; x_wconf 85' lang='lat' dir='ltr'><strong>Quamobrem</strong></span> <span class='ocrx_word' id='word_1_51' title='bbox 1329 899 1387 946; x_wconf 92' lang='lat' dir='ltr'><strong>et</strong></span> <span class='ocrx_word' id='word_1_52' title='bbox 1433 907 1626 945; x_wconf 90' lang='lat' dir='ltr'><strong>eorum</strong></span> <span class='ocrx_word' id='word_1_53' title='bbox 1676 892 1917 960; x_wconf 89' lang='lat' dir='ltr'><strong>piscato-</strong></span> 
     </span>
    </p>
   </div>
   <div class='ocr_carea' id='block_1_10' title="bbox 334 982 1918 1059">
    <p class='ocr_par' dir='ltr' id='par_1_10' title="bbox 334 982 1918 1059">
     <span class='ocr_line' id='line_1_10' title="bbox 334 982 1918 1059; baseline -0.004 -17"><span class='ocrx_word' id='word_1_54' title='bbox 334 987 625 1042; x_wconf 66' lang='lat' dir='ltr'><strong>rescﬁ‘erit</strong></span> <span class='ocrx_word' id='word_1_55' title='bbox 652 985 911 1059; x_wconf 80' lang='lat' dir='ltr'><strong>Christus</strong></span> <span class='ocrx_word' id='word_1_56' title='bbox 942 998 1073 1037; x_wconf 88' lang='lat' dir='ltr'><strong>suos</strong></span> <span class='ocrx_word' id='word_1_57' title='bbox 1124 982 1448 1051; x_wconf 90' lang='lat' dir='ltr'><strong>discipulos.</strong></span> <span class='ocrx_word' id='word_1_58' title='bbox 1500 982 1780 1037; x_wconf 81' lang='lat' dir='ltr'><strong>Habemus</strong></span> <span class='ocrx_word' id='word_1_59' title='bbox 1819 999 1918 1037; x_wconf 91' lang='lat' dir='ltr'><strong>au-</strong></span> 
     </span>
    </p>
   </div>
   <div class='ocr_carea' id='block_1_11' title="bbox 335 1064 1916 1147">
    <p class='ocr_par' dir='ltr' id='par_1_11' title="bbox 335 1064 1916 1147">
     <span class='ocr_line' id='line_1_11' title="bbox 335 1064 1916 1147; baseline -0.002 -15"><span class='ocrx_word' id='word_1_60' title='bbox 335 1088 443 1132; x_wconf 88' lang='lat' dir='ltr'><strong>tem</strong></span> <span class='ocrx_word' id='word_1_61' title='bbox 473 1064 637 1131; x_wconf 89' lang='lat' dir='ltr'><strong>aliam</strong></span> <span class='ocrx_word' id='word_1_62' title='bbox 658 1092 882 1147; x_wconf 88' lang='lat' dir='ltr'><strong>quoque</strong></span> <span class='ocrx_word' id='word_1_63' title='bbox 924 1075 1295 1130; x_wconf 87' lang='lat' dir='ltr'><strong>ﬁrmissimam</strong></span> <span class='ocrx_word' id='word_1_64' title='bbox 1327 1082 1384 1129; x_wconf 90' lang='lat' dir='ltr'><strong>et</strong></span> <span class='ocrx_word' id='word_1_65' title='bbox 1419 1075 1577 1130; x_wconf 82' lang='lat' dir='ltr'><strong>valde</strong></span> <span class='ocrx_word' id='word_1_66' title='bbox 1608 1075 1916 1130; x_wconf 89' lang='lat' dir='ltr'><strong>admirabi-</strong></span> 
     </span>
    </p>
   </div>
   <div class='ocr_carea' id='block_1_12' title="bbox 333 1166 1919 1239">
    <p class='ocr_par' dir='ltr' id='par_1_12' title="bbox 333 1166 1919 1239">
     <span class='ocr_line' id='line_1_12' title="bbox 333 1166 1919 1239; baseline -0.004 -13"><span class='ocrx_word' id='word_1_67' title='bbox 333 1172 443 1226; x_wconf 85' lang='lat' dir='ltr'><strong>lem</strong></span> <span class='ocrx_word' id='word_1_68' title='bbox 483 1170 890 1239; x_wconf 84' lang='lat' dir='ltr'><strong>probationem,</strong></span> <span class='ocrx_word' id='word_1_69' title='bbox 940 1183 1062 1237; x_wconf 70' lang='lat' dir='ltr'><strong>qua:</strong></span> <span class='ocrx_word' id='word_1_70' title='bbox 1117 1168 1284 1222; x_wconf 87' lang='lat' dir='ltr'><strong>etiam</strong></span> <span class='ocrx_word' id='word_1_71' title='bbox 1315 1167 1476 1221; x_wconf 84' lang='lat' dir='ltr'><strong>valde</strong></span> <span class='ocrx_word' id='word_1_72' title='bbox 1529 1166 1817 1231; x_wconf 84' lang='lat' dir='ltr'><strong>incredulo</strong></span> <span class='ocrx_word' id='word_1_73' title='bbox 1863 1175 1919 1221; x_wconf 91' lang='lat' dir='ltr'><strong>et</strong></span> 
     </span>
    </p>
   </div>
   <div class='ocr_carea' id='block_1_13' title="bbox 335 1250 1919 1330">
    <p class='ocr_par' dir='ltr' id='par_1_13' title="bbox 335 1250 1919 1330">
     <span class='ocr_line' id='line_1_13' title="bbox 335 1250 1919 1330; baseline -0.003 -13"><span class='ocrx_word' id='word_1_74' title='bbox 335 1250 717 1317; x_wconf 63' lang='lat' dir='ltr'><strong>con-tentioso&#39;</strong></span> <span class='ocrx_word' id='word_1_75' title='bbox 748 1259 1082 1330; x_wconf 85' lang='lat' dir='ltr'><strong>persuadeat</strong></span> <span class='ocrx_word' id='word_1_76' title='bbox 1129 1257 1279 1328; x_wconf 91' lang='lat' dir='ltr'><strong>quod</strong></span> <span class='ocrx_word' id='word_1_77' title='bbox 1327 1273 1450 1328; x_wconf 73' lang='lat' dir='ltr'><strong>qua:</strong></span> <span class='ocrx_word' id='word_1_78' title='bbox 1511 1264 1641 1311; x_wconf 92' lang='lat' dir='ltr'><strong>sunt</strong></span> <span class='ocrx_word' id='word_1_79' title='bbox 1696 1274 1728 1312; x_wconf 88' lang='lat' dir='ltr'><strong>a</strong></span> <span class='ocrx_word' id='word_1_80' title='bbox 1770 1267 1919 1312; x_wconf 89' lang='lat' dir='ltr'><strong>terra</strong></span> 
     </span>
    </p>
   </div>
   <div class='ocr_carea' id='block_1_14' title="bbox 335 1346 1918 1419">
    <p class='ocr_par' dir='ltr' id='par_1_14' title="bbox 335 1346 1918 1419">
     <span class='ocr_line' id='line_1_14' title="bbox 335 1346 1918 1419; baseline -0.003 -12"><span class='ocrx_word' id='word_1_81' title='bbox 335 1362 457 1408; x_wconf 89' lang='lat' dir='ltr'><strong>orta</strong></span> <span class='ocrx_word' id='word_1_82' title='bbox 510 1351 771 1406; x_wconf 83' lang='lat' dir='ltr'><strong>animalia</strong></span> <span class='ocrx_word' id='word_1_83' title='bbox 804 1350 991 1405; x_wconf 90' lang='lat' dir='ltr'><strong>ferunt</strong></span> <span class='ocrx_word' id='word_1_84' title='bbox 1034 1357 1247 1403; x_wconf 90' lang='lat' dir='ltr'><strong>certum</strong></span> <span class='ocrx_word' id='word_1_85' title='bbox 1294 1358 1354 1402; x_wconf 90' lang='lat' dir='ltr'><strong>et</strong></span> <span class='ocrx_word' id='word_1_86' title='bbox 1375 1346 1693 1402; x_wconf 83' lang='lat' dir='ltr'><strong>evidentem</strong></span> <span class='ocrx_word' id='word_1_87' title='bbox 1727 1355 1918 1419; x_wconf 87' lang='lat' dir='ltr'><strong>typum</strong></span> 
     </span>
    </p>
   </div>
   <div class='ocr_carea' id='block_1_15' title="bbox 336 1439 1922 1513">
    <p class='ocr_par' dir='ltr' id='par_1_15' title="bbox 336 1439 1922 1513">
     <span class='ocr_line' id='line_1_15' title="bbox 336 1439 1922 1513; baseline -0.003 -15"><span class='ocrx_word' id='word_1_88' title='bbox 336 1444 525 1513; x_wconf 89' lang='lat' dir='ltr'><strong>populi</strong></span> <span class='ocrx_word' id='word_1_89' title='bbox 554 1443 891 1499; x_wconf 65' lang='lat' dir='ltr'><strong>Iudaeorum.</strong></span> <span class='ocrx_word' id='word_1_90' title='bbox 911 1441 1173 1507; x_wconf 82' lang='lat' dir='ltr'><strong>Quaenam</strong></span> <span class='ocrx_word' id='word_1_91' title='bbox 1202 1448 1389 1494; x_wconf 91' lang='lat' dir='ltr'><strong>autem</strong></span> <span class='ocrx_word' id='word_1_92' title='bbox 1422 1446 1509 1494; x_wconf 91' lang='lat' dir='ltr'><strong>est</strong></span> <span class='ocrx_word' id='word_1_93' title='bbox 1528 1454 1596 1493; x_wconf 89' lang='lat' dir='ltr'><strong>ea</strong></span> <span class='ocrx_word' id='word_1_94' title='bbox 1625 1439 1922 1508; x_wconf 85' lang='lat' dir='ltr'><strong>probatio?</strong></span> 
     </span>
    </p>
   </div>
   <div class='ocr_carea' id='block_1_16' title="bbox 336 1528 1923 1604">
    <p class='ocr_par' dir='ltr' id='par_1_16' title="bbox 336 1528 1923 1604">
     <span class='ocr_line' id='line_1_16' title="bbox 336 1528 1923 1604; baseline -0.003 -14"><span class='ocrx_word' id='word_1_95' title='bbox 336 1536 471 1590; x_wconf 87' lang='lat' dir='ltr'><strong>Dico</strong></span> <span class='ocrx_word' id='word_1_96' title='bbox 505 1534 653 1604; x_wconf 91' lang='lat' dir='ltr'><strong>quod</strong></span> <span class='ocrx_word' id='word_1_97' title='bbox 687 1550 718 1589; x_wconf 91' lang='lat' dir='ltr'><strong>a</strong></span> <span class='ocrx_word' id='word_1_98' title='bbox 749 1543 895 1589; x_wconf 87' lang='lat' dir='ltr'><strong>terra</strong></span> <span class='ocrx_word' id='word_1_99' title='bbox 918 1533 1140 1604; x_wconf 84' lang='lat' dir='ltr'><strong>genitus</strong></span> <span class='ocrx_word' id='word_1_100' title='bbox 1170 1530 1367 1595; x_wconf 82' lang='lat' dir='ltr'><strong>Adam,</strong></span> <span class='ocrx_word' id='word_1_101' title='bbox 1400 1539 1510 1595; x_wconf 88' lang='lat' dir='ltr'><strong>est,-</strong></span> <span class='ocrx_word' id='word_1_102' title='bbox 1535 1531 1681 1600; x_wconf 93' lang='lat' dir='ltr'><strong>quod</strong></span> <span class='ocrx_word' id='word_1_103' title='bbox 1709 1528 1778 1586; x_wconf 91' lang='lat' dir='ltr'><strong>ad</strong></span> <span class='ocrx_word' id='word_1_104' title='bbox 1799 1547 1923 1587; x_wconf 91' lang='lat' dir='ltr'><strong>car-</strong></span> 
     </span>
    </p>
   </div>
   <div class='ocr_carea' id='block_1_17' title="bbox 336 1623 1924 1695">
    <p class='ocr_par' dir='ltr' id='par_1_17' title="bbox 336 1623 1924 1695">
     <span class='ocr_line' id='line_1_17' title="bbox 336 1623 1924 1695; baseline 0 -17"><span class='ocrx_word' id='word_1_105' title='bbox 336 1640 460 1687; x_wconf 78' lang='lat' dir='ltr'><strong>nem</strong></span> <span class='ocrx_word' id='word_1_106' title='bbox 486 1625 707 1689; x_wconf 81' lang='lat' dir='ltr'><strong>attinet,</strong></span> <span class='ocrx_word' id='word_1_107' title='bbox 739 1632 1007 1695; x_wconf 86' lang='lat' dir='ltr'><strong>cognatus</strong></span> <span class='ocrx_word' id='word_1_108' title='bbox 1044 1623 1263 1677; x_wconf 89' lang='lat' dir='ltr'><strong>illarum</strong></span> <span class='ocrx_word' id='word_1_109' title='bbox 1293 1635 1324 1675; x_wconf 91' lang='lat' dir='ltr'><strong>e</strong></span> <span class='ocrx_word' id='word_1_110' title='bbox 1356 1629 1506 1675; x_wconf 85' lang='lat' dir='ltr'><strong>terra</strong></span> <span class='ocrx_word' id='word_1_111' title='bbox 1539 1631 1787 1678; x_wconf 89' lang='lat' dir='ltr'><strong>ortarum</strong></span> <span class='ocrx_word' id='word_1_112' title='bbox 1826 1623 1924 1678; x_wconf 86' lang='lat' dir='ltr'><strong>be—</strong></span> 
     </span>
    </p>
   </div>
   <div class='ocr_carea' id='block_1_18' title="bbox 336 1716 1923 1787">
    <p class='ocr_par' dir='ltr' id='par_1_18' title="bbox 336 1716 1923 1787">
     <span class='ocr_line' id='line_1_18' title="bbox 336 1716 1923 1787; baseline 0.002 -18"><span class='ocrx_word' id='word_1_113' title='bbox 336 1716 587 1781; x_wconf 83' lang='lat' dir='ltr'><strong>stiarum,</strong></span> <span class='ocrx_word' id='word_1_114' title='bbox 619 1725 676 1770; x_wconf 90' lang='lat' dir='ltr'><strong>et</strong></span> <span class='ocrx_word' id='word_1_115' title='bbox 706 1717 1012 1787; x_wconf 90' lang='lat' dir='ltr'><strong>reptilium.</strong></span> <span class='ocrx_word' id='word_1_116' title='bbox 1052 1716 1218 1772; x_wconf 85' lang='lat' dir='ltr'><strong>Sexto</strong></span> <span class='ocrx_word' id='word_1_117' title='bbox 1252 1719 1401 1773; x_wconf 90' lang='lat' dir='ltr'><strong>enim</strong></span> <span class='ocrx_word' id='word_1_118' title='bbox 1428 1718 1540 1785; x_wconf 92' lang='lat' dir='ltr'><strong>die,</strong></span> <span class='ocrx_word' id='word_1_119' title='bbox 1576 1726 1632 1773; x_wconf 90' lang='lat' dir='ltr'><strong>et</strong></span> <span class='ocrx_word' id='word_1_120' title='bbox 1674 1718 1813 1787; x_wconf 89' lang='lat' dir='ltr'><strong>ipse,</strong></span> <span class='ocrx_word' id='word_1_121' title='bbox 1866 1725 1923 1772; x_wconf 93' lang='lat' dir='ltr'><strong>et</strong></span> 
     </span>
    </p>
   </div>
   <div class='ocr_carea' id='block_1_19' title="bbox 336 1808 1922 1879">
    <p class='ocr_par' dir='ltr' id='par_1_19' title="bbox 336 1808 1922 1879">
     <span class='ocr_line' id='line_1_19' title="bbox 336 1808 1922 1879; baseline 0.002 -18"><span class='ocrx_word' id='word_1_122' title='bbox 336 1808 444 1862; x_wconf 70' lang='lat' dir='ltr'><strong>illa:</strong></span> <span class='ocrx_word' id='word_1_123' title='bbox 466 1816 595 1863; x_wconf 91' lang='lat' dir='ltr'><strong>sunt</strong></span> <span class='ocrx_word' id='word_1_124' title='bbox 617 1818 838 1874; x_wconf 52' lang='lat' dir='ltr'><strong>creata),</strong></span> <span class='ocrx_word' id='word_1_125' title='bbox 869 1826 980 1863; x_wconf 91' lang='lat' dir='ltr'><strong>non</strong></span> <span class='ocrx_word' id='word_1_126' title='bbox 1004 1818 1187 1864; x_wconf 91' lang='lat' dir='ltr'><strong>autem</strong></span> <span class='ocrx_word' id='word_1_127' title='bbox 1211 1810 1413 1865; x_wconf 91' lang='lat' dir='ltr'><strong>marini</strong></span> <span class='ocrx_word' id='word_1_128' title='bbox 1440 1810 1642 1879; x_wconf 87' lang='lat' dir='ltr'><strong>pisces,</strong></span> <span class='ocrx_word' id='word_1_129' title='bbox 1669 1809 1764 1879; x_wconf 89' lang='lat' dir='ltr'><strong>qui</strong></span> <span class='ocrx_word' id='word_1_130' title='bbox 1788 1809 1922 1864; x_wconf 91' lang='lat' dir='ltr'><strong>facti</strong></span> 
     </span>
    </p>
   </div>
   <div class='ocr_carea' id='block_1_20' title="bbox 336 1900 1924 1970">
    <p class='ocr_par' dir='ltr' id='par_1_20' title="bbox 336 1900 1924 1970">
     <span class='ocr_line' id='line_1_20' title="bbox 336 1900 1924 1970; baseline 0.001 -17"><span class='ocrx_word' id='word_1_131' title='bbox 336 1908 468 1953; x_wconf 91' lang='lat' dir='ltr'><strong>sunt</strong></span> <span class='ocrx_word' id='word_1_132' title='bbox 491 1900 582 1954; x_wconf 91' lang='lat' dir='ltr'><strong>die</strong></span> <span class='ocrx_word' id='word_1_133' title='bbox 612 1901 830 1970; x_wconf 89' lang='lat' dir='ltr'><strong>quinto.</strong></span> <span class='ocrx_word' id='word_1_134' title='bbox 850 1900 1142 1966; x_wconf 83' lang='lat' dir='ltr'><strong>Quomodo</strong></span> <span class='ocrx_word' id='word_1_135' title='bbox 1168 1900 1338 1957; x_wconf 89' lang='lat' dir='ltr'><strong>etiam</strong></span> <span class='ocrx_word' id='word_1_136' title='bbox 1360 1900 1617 1957; x_wconf 88' lang='lat' dir='ltr'><strong>Christus</strong></span> <span class='ocrx_word' id='word_1_137' title='bbox 1643 1901 1924 1957; x_wconf 88' lang='lat' dir='ltr'><strong>secundus</strong></span> 
     </span>
    </p>
   </div>
   <div class='ocr_carea' id='block_1_21' title="bbox 335 1994 1925 2081">
    <p class='ocr_par' dir='ltr' id='par_1_21' title="bbox 335 1994 1925 2081">
     <span class='ocr_line' id='line_1_21' title="bbox 335 1994 1925 2081; baseline 0 -33"><span class='ocrx_word' id='word_1_138' title='bbox 335 1994 533 2058; x_wconf 86' lang='lat' dir='ltr'><strong>Adam,</strong></span> <span class='ocrx_word' id='word_1_139' title='bbox 565 2004 833 2081; x_wconf 76' lang='lat' dir='ltr'><strong>cognatus</strong></span> <span class='ocrx_word' id='word_1_140' title='bbox 857 1995 1202 2059; x_wconf 69' lang='lat' dir='ltr'><strong>Iudaeorum,</strong></span> <span class='ocrx_word' id='word_1_141' title='bbox 1237 1996 1386 2065; x_wconf 89' lang='lat' dir='ltr'><strong>quod</strong></span> <span class='ocrx_word' id='word_1_142' title='bbox 1433 1996 1501 2050; x_wconf 88' lang='lat' dir='ltr'><strong>ad</strong></span> <span class='ocrx_word' id='word_1_143' title='bbox 1527 2011 1753 2051; x_wconf 90' lang='lat' dir='ltr'><strong>carnem</strong></span> <span class='ocrx_word' id='word_1_144' title='bbox 1793 1995 1925 2050; x_wconf 89' lang='lat' dir='ltr'><strong>atti-</strong></span> 
     </span>
    </p>
   </div>
   <div class='ocr_carea' id='block_1_22' title="bbox 337 2088 1925 2158">
    <p class='ocr_par' dir='ltr' id='par_1_22' title="bbox 337 2088 1925 2158">
     <span class='ocr_line' id='line_1_22' title="bbox 337 2088 1925 2158; baseline 0.003 -19"><span class='ocrx_word' id='word_1_145' title='bbox 337 2094 454 2151; x_wconf 87' lang='lat' dir='ltr'><strong>net,</strong></span> <span class='ocrx_word' id='word_1_146' title='bbox 479 2095 564 2141; x_wconf 90' lang='lat' dir='ltr'><strong>est</strong></span> <span class='ocrx_word' id='word_1_147' title='bbox 595 2103 663 2141; x_wconf 81' lang='lat' dir='ltr'><strong>ex</strong></span> <span class='ocrx_word' id='word_1_148' title='bbox 691 2088 994 2144; x_wconf 87' lang='lat' dir='ltr'><strong>mansuetis</strong></span> <span class='ocrx_word' id='word_1_149' title='bbox 1024 2088 1132 2142; x_wconf 89' lang='lat' dir='ltr'><strong>illis</strong></span> <span class='ocrx_word' id='word_1_150' title='bbox 1149 2088 1346 2144; x_wconf 89' lang='lat' dir='ltr'><strong>bestiis</strong></span> <span class='ocrx_word' id='word_1_151' title='bbox 1386 2099 1442 2144; x_wconf 91' lang='lat' dir='ltr'><strong>ct</strong></span> <span class='ocrx_word' id='word_1_152' title='bbox 1472 2088 1769 2158; x_wconf 90' lang='lat' dir='ltr'><strong>reptilibus</strong></span> <span class='ocrx_word' id='word_1_153' title='bbox 1808 2104 1925 2143; x_wconf 90' lang='lat' dir='ltr'><strong>non</strong></span> 
     </span>
    </p>
   </div>
   <div class='ocr_carea' id='block_1_23' title="bbox 339 2179 1926 2251">
    <p class='ocr_par' dir='ltr' id='par_1_23' title="bbox 339 2179 1926 2251">
     <span class='ocr_line' id='line_1_23' title="bbox 339 2179 1926 2251; baseline 0.002 -20"><span class='ocrx_word' id='word_1_154' title='bbox 339 2179 647 2240; x_wconf 86' lang='lat' dir='ltr'><strong>venenatis,</strong></span> <span class='ocrx_word' id='word_1_155' title='bbox 666 2194 778 2233; x_wconf 90' lang='lat' dir='ltr'><strong>non</strong></span> <span class='ocrx_word' id='word_1_156' title='bbox 796 2187 981 2234; x_wconf 89' lang='lat' dir='ltr'><strong>autem</strong></span> <span class='ocrx_word' id='word_1_157' title='bbox 994 2195 1063 2234; x_wconf 80' lang='lat' dir='ltr'><strong>ex</strong></span> <span class='ocrx_word' id='word_1_158' title='bbox 1078 2180 1263 2246; x_wconf 90' lang='lat' dir='ltr'><strong>nobis,</strong></span> <span class='ocrx_word' id='word_1_159' title='bbox 1276 2196 1472 2251; x_wconf 84' lang='lat' dir='ltr'><strong>nempe</strong></span> <span class='ocrx_word' id='word_1_160' title='bbox 1483 2179 1926 2251; x_wconf 86' lang='lat' dir='ltr'><strong>gentibus.Qnod</strong></span> 
     </span>
    </p>
   </div>
   <div class='ocr_carea' id='block_1_24' title="bbox 339 2271 1928 2343">
    <p class='ocr_par' dir='ltr' id='par_1_24' title="bbox 339 2271 1928 2343">
     <span class='ocr_line' id='line_1_24' title="bbox 339 2271 1928 2343; baseline 0.002 -18"><span class='ocrx_word' id='word_1_161' title='bbox 339 2280 566 2327; x_wconf 86' lang='lat' dir='ltr'><strong>auteme</strong></span> <span class='ocrx_word' id='word_1_162' title='bbox 599 2279 741 2325; x_wconf 90' lang='lat' dir='ltr'><strong>terra</strong></span> <span class='ocrx_word' id='word_1_163' title='bbox 772 2272 841 2327; x_wconf 85' lang='lat' dir='ltr'><strong>sit</strong></span> <span class='ocrx_word' id='word_1_164' title='bbox 867 2272 1114 2341; x_wconf 90' lang='lat' dir='ltr'><strong>gentium</strong></span> <span class='ocrx_word' id='word_1_165' title='bbox 1141 2288 1319 2343; x_wconf 85' lang='lat' dir='ltr'><strong>genus</strong></span> <span class='ocrx_word' id='word_1_166' title='bbox 1357 2271 1700 2339; x_wconf 65' lang='lat' dir='ltr'><strong>Iudaeorum,</strong></span> <span class='ocrx_word' id='word_1_167' title='bbox 1734 2287 1803 2327; x_wconf 82' lang='lat' dir='ltr'><strong>ex</strong></span> <span class='ocrx_word' id='word_1_168' title='bbox 1840 2272 1928 2328; x_wconf 86' lang='lat' dir='ltr'><strong>his</strong></span> 
     </span>
    </p>
   </div>
   <div class='ocr_carea' id='block_1_25' title="bbox 340 2362 1925 2433">
    <p class='ocr_par' dir='ltr' id='par_1_25' title="bbox 340 2362 1925 2433">
     <span class='ocr_line' id='line_1_25' title="bbox 340 2362 1925 2433; baseline 0.001 -16"><span class='ocrx_word' id='word_1_169' title='bbox 340 2363 675 2418; x_wconf 88' lang='lat' dir='ltr'><strong>ostenditur.</strong></span> <span class='ocrx_word' id='word_1_170' title='bbox 702 2362 1006 2418; x_wconf 84' lang='lat' dir='ltr'><strong>Didisceris</strong></span> <span class='ocrx_word' id='word_1_171' title='bbox 1032 2371 1221 2418; x_wconf 89' lang='lat' dir='ltr'><strong>autem</strong></span> <span class='ocrx_word' id='word_1_172' title='bbox 1247 2362 1413 2417; x_wconf 89' lang='lat' dir='ltr'><strong>etiam</strong></span> <span class='ocrx_word' id='word_1_173' title='bbox 1448 2377 1517 2416; x_wconf 85' lang='lat' dir='ltr'><strong>ex</strong></span> <span class='ocrx_word' id='word_1_174' title='bbox 1544 2362 1679 2433; x_wconf 88' lang='lat' dir='ltr'><strong>ipsis</strong></span> <span class='ocrx_word' id='word_1_175' title='bbox 1703 2362 1925 2418; x_wconf 84' lang='lat' dir='ltr'><strong>verbis:</strong></span> 
     </span>
    </p>
   </div>
   <div class='ocr_carea' id='block_1_26' title="bbox 344 2452 1927 2522">
    <p class='ocr_par' dir='ltr' id='par_1_26' title="bbox 344 2452 1927 2522">
     <span class='ocr_line' id='line_1_26' title="bbox 344 2452 1927 2522; baseline 0.001 -15"><span class='ocrx_word' id='word_1_176' title='bbox 344 2454 610 2508; x_wconf 82' lang='lat' dir='ltr'><strong>Producat</strong></span> <span class='ocrx_word' id='word_1_177' title='bbox 633 2463 778 2507; x_wconf 81' lang='lat' dir='ltr'><strong>terra</strong></span> <span class='ocrx_word' id='word_1_178' title='bbox 803 2452 1189 2522; x_wconf 64' lang='lat' dir='ltr'><strong>quadrupedes.</strong></span> <span class='ocrx_word' id='word_1_179' title='bbox 1218 2452 1491 2518; x_wconf 81' lang='lat' dir='ltr'><strong>Quoniam</strong></span> <span class='ocrx_word' id='word_1_180' title='bbox 1517 2454 1573 2507; x_wconf 92' lang='lat' dir='ltr'><strong>in</strong></span> <span class='ocrx_word' id='word_1_181' title='bbox 1596 2461 1803 2509; x_wconf 90' lang='lat' dir='ltr'><strong>terram</strong></span> <span class='ocrx_word' id='word_1_182' title='bbox 1829 2453 1927 2509; x_wconf 89' lang='lat' dir='ltr'><strong>de-</strong></span> 
     </span>
    </p>
   </div>
   <div class='ocr_carea' id='block_1_27' title="bbox 341 2542 1929 2613">
    <p class='ocr_par' dir='ltr' id='par_1_27' title="bbox 341 2542 1929 2613">
     <span class='ocr_line' id='line_1_27' title="bbox 341 2542 1929 2613; baseline -0.001 -15"><span class='ocrx_word' id='word_1_183' title='bbox 341 2545 587 2613; x_wconf 87' lang='lat' dir='ltr'><strong>spiciunt</strong></span> <span class='ocrx_word' id='word_1_184' title='bbox 642 2554 699 2599; x_wconf 91' lang='lat' dir='ltr'><strong>et</strong></span> <span class='ocrx_word' id='word_1_185' title='bbox 728 2552 954 2599; x_wconf 85' lang='lat' dir='ltr'><strong>terrena</strong></span> <span class='ocrx_word' id='word_1_186' title='bbox 996 2551 1289 2613; x_wconf 89' lang='lat' dir='ltr'><strong>appetunt,</strong></span> <span class='ocrx_word' id='word_1_187' title='bbox 1314 2558 1413 2598; x_wconf 90' lang='lat' dir='ltr'><strong>eos</strong></span> <span class='ocrx_word' id='word_1_188' title='bbox 1450 2542 1519 2598; x_wconf 86' lang='lat' dir='ltr'><strong>ad</strong></span> <span class='ocrx_word' id='word_1_189' title='bbox 1553 2550 1718 2598; x_wconf 85' lang='lat' dir='ltr'><strong>terrae</strong></span> <span class='ocrx_word' id='word_1_190' title='bbox 1769 2542 1929 2613; x_wconf 89' lang='lat' dir='ltr'><strong>ﬁngit</strong></span> 
     </span>
    </p>
   </div>
   <div class='ocr_carea' id='block_1_28' title="bbox 342 2634 1928 2707">
    <p class='ocr_par' dir='ltr' id='par_1_28' title="bbox 342 2634 1928 2707">
     <span class='ocr_line' id='line_1_28' title="bbox 342 2634 1928 2707; baseline 0 -17"><span class='ocrx_word' id='word_1_191' title='bbox 342 2636 659 2707; x_wconf 79' lang='lat' dir='ltr'><strong>imaginem,</strong></span> <span class='ocrx_word' id='word_1_192' title='bbox 695 2644 758 2690; x_wconf 91' lang='lat' dir='ltr'><strong>ut</strong></span> <span class='ocrx_word' id='word_1_193' title='bbox 784 2634 882 2705; x_wconf 91' lang='lat' dir='ltr'><strong>qui</strong></span> <span class='ocrx_word' id='word_1_194' title='bbox 907 2634 1179 2704; x_wconf 87' lang='lat' dir='ltr'><strong>resipiant</strong></span> <span class='ocrx_word' id='word_1_195' title='bbox 1209 2635 1579 2706; x_wconf 81' lang='lat' dir='ltr'><strong>impietatem,</strong></span> <span class='ocrx_word' id='word_1_196' title='bbox 1608 2644 1666 2691; x_wconf 90' lang='lat' dir='ltr'><strong>et</strong></span> <span class='ocrx_word' id='word_1_197' title='bbox 1688 2635 1928 2691; x_wconf 66' lang='lat' dir='ltr'><strong>hmredi-</strong></span> 
     </span>
    </p>
   </div>
   <div class='ocr_carea' id='block_1_29' title="bbox 346 2726 1928 2798">
    <p class='ocr_par' dir='ltr' id='par_1_29' title="bbox 346 2726 1928 2798">
     <span class='ocr_line' id='line_1_29' title="bbox 346 2726 1928 2798; baseline 0.002 -19"><span class='ocrx_word' id='word_1_198' title='bbox 346 2733 512 2781; x_wconf 89' lang='lat' dir='ltr'><strong>tatem</strong></span> <span class='ocrx_word' id='word_1_199' title='bbox 558 2727 899 2796; x_wconf 89' lang='lat' dir='ltr'><strong>acceperint,</strong></span> <span class='ocrx_word' id='word_1_200' title='bbox 954 2734 1118 2782; x_wconf 71' lang='lat' dir='ltr'><strong>terra:</strong></span> <span class='ocrx_word' id='word_1_201' title='bbox 1183 2726 1560 2783; x_wconf 91' lang='lat' dir='ltr'><strong>latitudinem.</strong></span> <span class='ocrx_word' id='word_1_202' title='bbox 1588 2727 1928 2798; x_wconf 88' lang='lat' dir='ltr'><strong>Prophetice</strong></span> 
     </span>
    </p>
   </div>
   <div class='ocr_carea' id='block_1_30' title="bbox 343 2817 1931 2890">
    <p class='ocr_par' dir='ltr' id='par_1_30' title="bbox 343 2817 1931 2890">
     <span class='ocr_line' id='line_1_30' title="bbox 343 2817 1931 2890; baseline 0.002 -19"><span class='ocrx_word' id='word_1_203' title='bbox 343 2827 528 2873; x_wconf 90' lang='lat' dir='ltr'><strong>autem</strong></span> <span class='ocrx_word' id='word_1_204' title='bbox 560 2819 816 2888; x_wconf 81' lang='lat' dir='ltr'><strong>praedicit</strong></span> <span class='ocrx_word' id='word_1_205' title='bbox 841 2834 1061 2890; x_wconf 85' lang='lat' dir='ltr'><strong>quoque</strong></span> <span class='ocrx_word' id='word_1_206' title='bbox 1082 2817 1271 2874; x_wconf 81' lang='lat' dir='ltr'><strong>Moses</strong></span> <span class='ocrx_word' id='word_1_207' title='bbox 1298 2818 1367 2875; x_wconf 90' lang='lat' dir='ltr'><strong>de</strong></span> <span class='ocrx_word' id='word_1_208' title='bbox 1394 2834 1590 2875; x_wconf 90' lang='lat' dir='ltr'><strong>eorum</strong></span> <span class='ocrx_word' id='word_1_209' title='bbox 1623 2820 1841 2874; x_wconf 90' lang='lat' dir='ltr'><strong>furioso</strong></span> <span class='ocrx_word' id='word_1_210' title='bbox 1871 2826 1931 2874; x_wconf 93' lang='lat' dir='ltr'><strong>et</strong></span> 
     </span>
    </p>
   </div>
   <div class='ocr_carea' id='block_1_31' title="bbox 342 2909 1933 2982">
    <p class='ocr_par' dir='ltr' id='par_1_31' title="bbox 342 2909 1933 2982">
     <span class='ocr_line' id='line_1_31' title="bbox 342 2909 1933 2982; baseline 0.001 -19"><span class='ocrx_word' id='word_1_211' title='bbox 342 2909 534 2964; x_wconf 84' lang='lat' dir='ltr'><strong>lcthali</strong></span> <span class='ocrx_word' id='word_1_212' title='bbox 556 2925 792 2975; x_wconf 85' lang='lat' dir='ltr'><strong>veneno,</strong></span> <span class='ocrx_word' id='word_1_213' title='bbox 822 2926 920 2966; x_wconf 91' lang='lat' dir='ltr'><strong>eos</strong></span> <span class='ocrx_word' id='word_1_214' title='bbox 952 2910 1063 2965; x_wconf 90' lang='lat' dir='ltr'><strong>alta</strong></span> <span class='ocrx_word' id='word_1_215' title='bbox 1086 2926 1221 2966; x_wconf 86' lang='lat' dir='ltr'><strong>voce</strong></span> <span class='ocrx_word' id='word_1_216' title='bbox 1246 2926 1450 2967; x_wconf 88' lang='lat' dir='ltr'><strong>vocans</strong></span> <span class='ocrx_word' id='word_1_217' title='bbox 1496 2911 1717 2982; x_wconf 89' lang='lat' dir='ltr'><strong>reptilia</strong></span> <span class='ocrx_word' id='word_1_218' title='bbox 1751 2919 1808 2967; x_wconf 91' lang='lat' dir='ltr'><strong>et</strong></span> <span class='ocrx_word' id='word_1_219' title='bbox 1836 2911 1933 2966; x_wconf 89' lang='lat' dir='ltr'><strong>be-</strong></span> 
     </span>
    </p>
   </div>
   <div class='ocr_carea' id='block_1_32' title="bbox 344 3001 1928 3074">
    <p class='ocr_par' dir='ltr' id='par_1_32' title="bbox 344 3001 1928 3074">
     <span class='ocr_line' id='line_1_32' title="bbox 344 3001 1928 3074; baseline 0.001 -17"><span class='ocrx_word' id='word_1_220' title='bbox 344 3001 498 3057; x_wconf 81' lang='lat' dir='ltr'><strong>stias.</strong></span> <span class='ocrx_word' id='word_1_221' title='bbox 524 3002 799 3057; x_wconf 73' lang='lat' dir='ltr'><strong>Praeterea</strong></span> <span class='ocrx_word' id='word_1_222' title='bbox 823 3011 1079 3058; x_wconf 86' lang='lat' dir='ltr'><strong>recenset</strong></span> <span class='ocrx_word' id='word_1_223' title='bbox 1114 3003 1281 3058; x_wconf 90' lang='lat' dir='ltr'><strong>etiam</strong></span> <span class='ocrx_word' id='word_1_224' title='bbox 1331 3003 1580 3069; x_wconf 91' lang='lat' dir='ltr'><strong>illorum,</strong></span> <span class='ocrx_word' id='word_1_225' title='bbox 1621 3004 1743 3074; x_wconf 83' lang='lat' dir='ltr'><strong>ejus</strong></span> <span class='ocrx_word' id='word_1_226' title='bbox 1780 3004 1928 3073; x_wconf 90' lang='lat' dir='ltr'><strong>quod</strong></span> 
     </span>
    </p>
   </div>
   <div class='ocr_carea' id='block_1_33' title="bbox 2019 528 3601 602">
    <p class='ocr_par' dir='ltr' id='par_1_33' title="bbox 2019 528 3601 602">
     <span class='ocr_line' id='line_1_33' title="bbox 2019 528 3601 602; baseline 0.004 -21"><span class='ocrx_word' id='word_1_227' title='bbox 2019 528 2132 583; x_wconf 89' lang='lat' dir='ltr'><strong>Deo</strong></span> <span class='ocrx_word' id='word_1_228' title='bbox 2156 528 2343 598; x_wconf 81' lang='lat' dir='ltr'><strong>jussus</strong></span> <span class='ocrx_word' id='word_1_229' title='bbox 2374 528 2647 586; x_wconf 91' lang='lat' dir='ltr'><strong>conﬁcere</strong></span> <span class='ocrx_word' id='word_1_230' title='bbox 2678 531 2724 561; x_wconf 86' lang='lat'><strong>&quot;</strong></span> <span class='ocrx_word' id='word_1_231' title='bbox 2763 547 2777 582; x_wconf 91' lang='lat'>:</span> <span class='ocrx_word' id='word_1_232' title='bbox 2807 530 3080 586; x_wconf 89' lang='lat' dir='ltr'><strong>calamum</strong></span> <span class='ocrx_word' id='word_1_233' title='bbox 3127 530 3352 599; x_wconf 85' lang='lat' dir='ltr'><strong>quidem</strong></span> <span class='ocrx_word' id='word_1_234' title='bbox 3384 532 3601 602; x_wconf 78' lang='lat' dir='ltr'><strong>accepit</strong></span> 
     </span>
    </p>
   </div>
   <div class='ocr_carea' id='block_1_34' title="bbox 2016 619 3601 693">
    <p class='ocr_par' dir='ltr' id='par_1_34' title="bbox 2016 619 3601 693">
     <span class='ocr_line' id='line_1_34' title="bbox 2016 619 3601 693; baseline 0.003 -19"><span class='ocrx_word' id='word_1_235' title='bbox 2016 628 2246 692; x_wconf 83' lang='lat' dir='ltr'><strong>eterra,</strong></span> <span class='ocrx_word' id='word_1_236' title='bbox 2282 621 2565 691; x_wconf 87' lang='lat' dir='ltr'><strong>myrrham</strong></span> <span class='ocrx_word' id='word_1_237' title='bbox 2601 630 2798 676; x_wconf 86' lang='lat' dir='ltr'><strong>‘autem</strong></span> <span class='ocrx_word' id='word_1_238' title='bbox 2843 637 2873 676; x_wconf 93' lang='lat' dir='ltr'><strong>e</strong></span> <span class='ocrx_word' id='word_1_239' title='bbox 2910 622 3071 676; x_wconf 92' lang='lat' dir='ltr'><strong>mari.</strong></span> <span class='ocrx_word' id='word_1_240' title='bbox 3106 622 3175 676; x_wconf 86' lang='lat' dir='ltr'><strong>Et</strong></span> <span class='ocrx_word' id='word_1_241' title='bbox 3205 622 3439 677; x_wconf 83' lang='lat' dir='ltr'><strong>fortasse</strong></span> <span class='ocrx_word' id='word_1_242' title='bbox 3469 619 3601 693; x_wconf 83' lang='lat' dir='ltr'><strong>pro-</strong></span> 
     </span>
    </p>
   </div>
   <div class='ocr_carea' id='block_1_35' title="bbox 2018 695 3608 782">
    <p class='ocr_par' dir='ltr' id='par_1_35' title="bbox 2018 695 3608 782">
     <span class='ocr_line' id='line_1_35' title="bbox 2018 695 3608 782; baseline 0 -15"><span class='ocrx_word' id='word_1_243' title='bbox 2018 721 2207 781; x_wconf 87' lang='lat' dir='ltr'><strong>pterea</strong></span> <span class='ocrx_word' id='word_1_244' title='bbox 2240 712 2495 767; x_wconf 89' lang='lat' dir='ltr'><strong>Christus</strong></span> <span class='ocrx_word' id='word_1_245' title='bbox 2517 728 2739 782; x_wconf 89' lang='lat' dir='ltr'><strong>quoque</strong></span> <span class='ocrx_word' id='word_1_246' title='bbox 2771 726 2871 779; x_wconf 87' lang='lat' dir='ltr'><strong>per</strong></span> <span class='ocrx_word' id='word_1_247' title='bbox 2909 713 3181 766; x_wconf 89' lang='lat' dir='ltr'><strong>calamum</strong></span> <span class='ocrx_word' id='word_1_248' title='bbox 3204 728 3234 766; x_wconf 90' lang='lat' dir='ltr'><strong>e</strong></span> <span class='ocrx_word' id='word_1_249' title='bbox 3267 722 3413 766; x_wconf 78' lang='lat' dir='ltr'><strong>terra</strong></span> <span class='ocrx_word' id='word_1_250' title='bbox 3451 695 3608 782; x_wconf 81' lang='lat' dir='ltr'><strong>geni-</strong></span> 
     </span>
    </p>
   </div>
   <div class='ocr_carea' id='block_1_36' title="bbox 2020 802 3601 875">
    <p class='ocr_par' dir='ltr' id='par_1_36' title="bbox 2020 802 3601 875">
     <span class='ocr_line' id='line_1_36' title="bbox 2020 802 3601 875; baseline 0.001 -18"><span class='ocrx_word' id='word_1_251' title='bbox 2020 814 2135 857; x_wconf 89' lang='lat' dir='ltr'><strong>tum</strong></span> <span class='ocrx_word' id='word_1_252' title='bbox 2157 812 2214 859; x_wconf 92' lang='lat' dir='ltr'><strong>et</strong></span> <span class='ocrx_word' id='word_1_253' title='bbox 2236 804 2521 875; x_wconf 83' lang='lat' dir='ltr'><strong>spongiam</strong></span> <span class='ocrx_word' id='word_1_254' title='bbox 2554 805 2843 868; x_wconf 89' lang='lat' dir='ltr'><strong>marinam,</strong></span> <span class='ocrx_word' id='word_1_255' title='bbox 2869 813 3015 857; x_wconf 85' lang='lat' dir='ltr'><strong>aceto</strong></span> <span class='ocrx_word' id='word_1_256' title='bbox 3032 804 3078 835; x_wconf 74' lang='grc'><strong>’⁸</strong></span> <span class='ocrx_word' id='word_1_257' title='bbox 3099 810 3288 873; x_wconf 88' lang='lat' dir='ltr'><strong>potato</strong></span> <span class='ocrx_word' id='word_1_258' title='bbox 3315 802 3370 856; x_wconf 93' lang='lat' dir='ltr'><strong>in</strong></span> <span class='ocrx_word' id='word_1_259' title='bbox 3403 818 3601 867; x_wconf 87' lang='lat' dir='ltr'><strong>cruce;</strong></span> 
     </span>
    </p>
   </div>
   <div class='ocr_carea' id='block_1_37' title="bbox 2020 894 3603 966">
    <p class='ocr_par' dir='ltr' id='par_1_37' title="bbox 2020 894 3603 966">
     <span class='ocr_line' id='line_1_37' title="bbox 2020 894 3603 966; baseline 0.001 -17"><span class='ocrx_word' id='word_1_260' title='bbox 2020 896 2126 951; x_wconf 86' lang='lat' dir='ltr'><strong>hoc</strong></span> <span class='ocrx_word' id='word_1_261' title='bbox 2150 905 2254 960; x_wconf 89' lang='lat' dir='ltr'><strong>est,</strong></span> <span class='ocrx_word' id='word_1_262' title='bbox 2281 896 2477 950; x_wconf 90' lang='lat' dir='ltr'><strong>mortis</strong></span> <span class='ocrx_word' id='word_1_263' title='bbox 2509 904 2692 966; x_wconf 81' lang='lat' dir='ltr'><strong>gustat</strong></span> <span class='ocrx_word' id='word_1_264' title='bbox 2716 895 3098 949; x_wconf 88' lang='lat' dir='ltr'><strong>acerbitatem.</strong></span> <span class='ocrx_word' id='word_1_265' title='bbox 3129 895 3264 949; x_wconf 86' lang='lat' dir='ltr'><strong>Nam</strong></span> <span class='ocrx_word' id='word_1_266' title='bbox 3309 894 3431 949; x_wconf 76' lang='lat' dir='ltr'><strong>duze</strong></span> <span class='ocrx_word' id='word_1_267' title='bbox 3458 910 3603 965; x_wconf 85' lang='lat' dir='ltr'><strong>quo-</strong></span> 
     </span>
    </p>
   </div>
   <div class='ocr_carea' id='block_1_38' title="bbox 2019 983 3600 1056">
    <p class='ocr_par' dir='ltr' id='par_1_38' title="bbox 2019 983 3600 1056">
     <span class='ocr_line' id='line_1_38' title="bbox 2019 983 3600 1056; baseline -0.002 -16"><span class='ocrx_word' id='word_1_268' title='bbox 2019 1002 2126 1056; x_wconf 89' lang='lat' dir='ltr'><strong>que</strong></span> <span class='ocrx_word' id='word_1_269' title='bbox 2164 994 2356 1056; x_wconf 82' lang='lat' dir='ltr'><strong>gentes</strong></span> <span class='ocrx_word' id='word_1_270' title='bbox 2382 988 2800 1054; x_wconf 84' lang='lat' dir='ltr'><strong>(Romanorum,</strong></span> <span class='ocrx_word' id='word_1_271' title='bbox 2851 986 3094 1055; x_wconf 90' lang='lat' dir='ltr'><strong>inquam,</strong></span> <span class='ocrx_word' id='word_1_272' title='bbox 3120 992 3179 1039; x_wconf 85' lang='lat' dir='ltr'><strong>et</strong></span> <span class='ocrx_word' id='word_1_273' title='bbox 3219 983 3600 1054; x_wconf 72' lang='lat' dir='ltr'><strong>Hebraeorum)</strong></span> 
     </span>
    </p>
   </div>
   <div class='ocr_carea' id='block_1_39' title="bbox 2018 1075 3602 1148">
    <p class='ocr_par' dir='ltr' id='par_1_39' title="bbox 2018 1075 3602 1148">
     <span class='ocr_line' id='line_1_39' title="bbox 2018 1075 3602 1148; baseline -0.001 -16"><span class='ocrx_word' id='word_1_274' title='bbox 2018 1094 2145 1147; x_wconf 82' lang='lat' dir='ltr'><strong>eum</strong></span> <span class='ocrx_word' id='word_1_275' title='bbox 2170 1087 2347 1133; x_wconf 90' lang='lat' dir='ltr'><strong>morte</strong></span> <span class='ocrx_word' id='word_1_276' title='bbox 2363 1078 2799 1133; x_wconf 87' lang='lat' dir='ltr'><strong>condemnarunt</strong></span> <span class='ocrx_word' id='word_1_277' title='bbox 2826 1096 2838 1131; x_wconf 91' lang='lat'><strong>:</strong></span> <span class='ocrx_word' id='word_1_278' title='bbox 2863 1091 3099 1146; x_wconf 90' lang='lat' dir='ltr'><strong>quorum</strong></span> <span class='ocrx_word' id='word_1_279' title='bbox 3135 1084 3295 1148; x_wconf 79' lang='lat' dir='ltr'><strong>typus</strong></span> <span class='ocrx_word' id='word_1_280' title='bbox 3317 1075 3421 1129; x_wconf 90' lang='lat' dir='ltr'><strong>fuit</strong></span> <span class='ocrx_word' id='word_1_281' title='bbox 3436 1076 3602 1131; x_wconf 83' lang='lat' dir='ltr'><strong>etiam</strong></span> 
     </span>
    </p>
   </div>
   <div class='ocr_carea' id='block_1_40' title="bbox 2019 1168 3606 1240">
    <p class='ocr_par' dir='ltr' id='par_1_40' title="bbox 2019 1168 3606 1240">
     <span class='ocr_line' id='line_1_40' title="bbox 2019 1168 3606 1240; baseline 0.001 -17"><span class='ocrx_word' id='word_1_282' title='bbox 2019 1185 2119 1240; x_wconf 88' lang='lat' dir='ltr'><strong>par</strong></span> <span class='ocrx_word' id='word_1_283' title='bbox 2157 1171 2454 1231; x_wconf 88' lang='lat' dir='ltr'><strong>latronum,</strong></span> <span class='ocrx_word' id='word_1_284' title='bbox 2504 1185 2705 1239; x_wconf 89' lang='lat' dir='ltr'><strong>nempe</strong></span> <span class='ocrx_word' id='word_1_285' title='bbox 2748 1180 2805 1225; x_wconf 88' lang='lat' dir='ltr'><strong>et</strong></span> <span class='ocrx_word' id='word_1_286' title='bbox 2856 1170 2977 1240; x_wconf 87' lang='lat' dir='ltr'><strong>ejus</strong></span> <span class='ocrx_word' id='word_1_287' title='bbox 3024 1168 3121 1238; x_wconf 89' lang='lat' dir='ltr'><strong>qui</strong></span> <span class='ocrx_word' id='word_1_288' title='bbox 3180 1175 3265 1223; x_wconf 82' lang='lat' dir='ltr'><strong>est</strong></span> <span class='ocrx_word' id='word_1_289' title='bbox 3294 1168 3480 1224; x_wconf 87' lang='lat' dir='ltr'><strong>salvus</strong></span> <span class='ocrx_word' id='word_1_290' title='bbox 3506 1185 3606 1239; x_wconf 88' lang='lat' dir='ltr'><strong>per</strong></span> 
     </span>
    </p>
   </div>
   <div class='ocr_carea' id='block_1_41' title="bbox 2021 1261 3601 1333">
    <p class='ocr_par' dir='ltr' id='par_1_41' title="bbox 2021 1261 3601 1333">
     <span class='ocr_line' id='line_1_41' title="bbox 2021 1261 3601 1333; baseline -0.001 -17"><span class='ocrx_word' id='word_1_291' title='bbox 2021 1261 2230 1328; x_wconf 86' lang='lat' dir='ltr'><strong>ﬁdem,</strong></span> <span class='ocrx_word' id='word_1_292' title='bbox 2284 1273 2342 1318; x_wconf 92' lang='lat' dir='ltr'><strong>et</strong></span> <span class='ocrx_word' id='word_1_293' title='bbox 2396 1262 2571 1318; x_wconf 82' lang='lat' dir='ltr'><strong>Judaei</strong></span> <span class='ocrx_word' id='word_1_294' title='bbox 2622 1262 2718 1333; x_wconf 82' lang='lat' dir='ltr'><strong>qui</strong></span> <span class='ocrx_word' id='word_1_295' title='bbox 2778 1264 2924 1331; x_wconf 90' lang='lat' dir='ltr'><strong>perit</strong></span> <span class='ocrx_word' id='word_1_296' title='bbox 2978 1277 3077 1331; x_wconf 91' lang='lat' dir='ltr'><strong>per</strong></span> <span class='ocrx_word' id='word_1_297' title='bbox 3133 1261 3601 1316; x_wconf 80' lang='lat' dir='ltr'><strong>incredulitatem.</strong></span> 
     </span>
    </p>
   </div>
   <div class='ocr_carea' id='block_1_42' title="bbox 2022 1353 3605 1424">
    <p class='ocr_par' dir='ltr' id='par_1_42' title="bbox 2022 1353 3605 1424">
     <span class='ocr_line' id='line_1_42' title="bbox 2022 1353 3605 1424; baseline 0.001 -18"><span class='ocrx_word' id='word_1_298' title='bbox 2022 1354 2238 1409; x_wconf 81' lang='lat' dir='ltr'><strong>Rursus</strong></span> <span class='ocrx_word' id='word_1_299' title='bbox 2269 1363 2452 1415; x_wconf 80' lang='lat' dir='ltr'><strong>autem</strong></span> <span class='ocrx_word' id='word_1_300' title='bbox 2484 1355 2742 1409; x_wconf 87' lang='lat' dir='ltr'><strong>audimus</strong></span> <span class='ocrx_word' id='word_1_301' title='bbox 2767 1354 2941 1408; x_wconf 89' lang='lat' dir='ltr'><strong>Deum</strong></span> <span class='ocrx_word' id='word_1_302' title='bbox 2960 1353 3429 1424; x_wconf 83' lang='lat' dir='ltr'><strong>Mosi-jubentem,</strong></span> <span class='ocrx_word' id='word_1_303' title='bbox 3460 1368 3605 1423; x_wconf 89' lang='lat' dir='ltr'><strong>pon-</strong></span> 
     </span>
    </p>
   </div>
   <div class='ocr_carea' id='block_1_43' title="bbox 2023 1443 3609 1512">
    <p class='ocr_par' dir='ltr' id='par_1_43' title="bbox 2023 1443 3609 1512">
     <span class='ocr_line' id='line_1_43' title="bbox 2023 1443 3609 1512; baseline 0 -15"><span class='ocrx_word' id='word_1_304' title='bbox 2023 1444 2188 1499; x_wconf 87' lang='lat' dir='ltr'><strong>tiﬁcis</strong></span> <span class='ocrx_word' id='word_1_305' title='bbox 2228 1443 2463 1499; x_wconf 81' lang='lat' dir='ltr'><strong>Aaronis</strong></span> <span class='ocrx_word' id='word_1_306' title='bbox 2511 1444 2754 1498; x_wconf 90' lang='lat' dir='ltr'><strong>tunicam</strong></span> <span class='ocrx_word' id='word_1_307' title='bbox 2805 1450 3101 1497; x_wconf 77' lang='lat' dir='ltr'><strong>contexere</strong></span> <span class='ocrx_word' id='word_1_308' title='bbox 3144 1455 3483 1512; x_wconf 50' lang='lat' dir='ltr'><strong>exupurpura</strong></span> <span class='ocrx_word' id='word_1_309' title='bbox 3514 1457 3609 1497; x_wconf 65' lang='lat' dir='ltr'><strong>re«</strong></span> 
     </span>
    </p>
   </div>
   <div class='ocr_carea' id='block_1_44' title="bbox 2024 1533 3609 1606">
    <p class='ocr_par' dir='ltr' id='par_1_44' title="bbox 2024 1533 3609 1606">
     <span class='ocr_line' id='line_1_44' title="bbox 2024 1533 3609 1606; baseline -0.001 -16"><span class='ocrx_word' id='word_1_310' title='bbox 2024 1543 2191 1590; x_wconf 88' lang='lat' dir='ltr'><strong>torta.</strong></span> <span class='ocrx_word' id='word_1_311' title='bbox 2226 1537 2477 1606; x_wconf 88' lang='lat' dir='ltr'><strong>Purpura</strong></span> <span class='ocrx_word' id='word_1_312' title='bbox 2513 1543 2696 1590; x_wconf 88' lang='lat' dir='ltr'><strong>autem</strong></span> <span class='ocrx_word' id='word_1_313' title='bbox 2752 1541 2969 1591; x_wconf 83' lang='lat' dir='ltr'><strong>constat</strong></span> <span class='ocrx_word' id='word_1_314' title='bbox 2998 1549 3077 1588; x_wconf 73' lang='lat' dir='ltr'><strong>ex-</strong></span> <span class='ocrx_word' id='word_1_315' title='bbox 3105 1533 3609 1588; x_wconf 88' lang='lat' dir='ltr'><strong>duobus-animali-</strong></span> 
     </span>
    </p>
   </div>
   <div class='ocr_carea' id='block_1_45' title="bbox 2024 1624 3607 1697">
    <p class='ocr_par' dir='ltr' id='par_1_45' title="bbox 2024 1624 3607 1697">
     <span class='ocr_line' id='line_1_45' title="bbox 2024 1624 3607 1697; baseline -0.002 -15"><span class='ocrx_word' id='word_1_316' title='bbox 2024 1627 2130 1682; x_wconf 85' lang='lat' dir='ltr'><strong>bus</strong></span> <span class='ocrx_word' id='word_1_317' title='bbox 2165 1645 2178 1680; x_wconf 88' lang='lat'><strong>:</strong></span> <span class='ocrx_word' id='word_1_318' title='bbox 2208 1644 2277 1682; x_wconf 83' lang='lat' dir='ltr'><strong>ex</strong></span> <span class='ocrx_word' id='word_1_319' title='bbox 2299 1643 2505 1693; x_wconf 90' lang='lat' dir='ltr'><strong>verme,</strong></span> <span class='ocrx_word' id='word_1_320' title='bbox 2561 1627 2804 1697; x_wconf 86' lang='lat' dir='ltr'><strong>inquam,</strong></span> <span class='ocrx_word' id='word_1_321' title='bbox 2836 1641 2868 1681; x_wconf 90' lang='lat' dir='ltr'><strong>e</strong></span> <span class='ocrx_word' id='word_1_322' title='bbox 2900 1634 3043 1680; x_wconf 88' lang='lat' dir='ltr'><strong>terra</strong></span> <span class='ocrx_word' id='word_1_323' title='bbox 3072 1624 3280 1695; x_wconf 81' lang='lat' dir='ltr'><strong>genito,</strong></span> <span class='ocrx_word' id='word_1_324' title='bbox 3327 1632 3383 1678; x_wconf 88' lang='lat' dir='ltr'><strong>et</strong></span> <span class='ocrx_word' id='word_1_325' title='bbox 3423 1633 3607 1679; x_wconf 84' lang='lat' dir='ltr'><strong>ostrea</strong></span> 
     </span>
    </p>
   </div>
   <div class='ocr_carea' id='block_1_46' title="bbox 2026 1717 3609 1791">
    <p class='ocr_par' dir='ltr' id='par_1_46' title="bbox 2026 1717 3609 1791">
     <span class='ocr_line' id='line_1_46' title="bbox 2026 1717 3609 1791; baseline -0.002 -15"><span class='ocrx_word' id='word_1_326' title='bbox 2026 1721 2262 1776; x_wconf 90' lang='lat' dir='ltr'><strong>marino.</strong></span> <span class='ocrx_word' id='word_1_327' title='bbox 2313 1721 2610 1791; x_wconf 88' lang='lat' dir='ltr'><strong>Propterea</strong></span> <span class='ocrx_word' id='word_1_328' title='bbox 2636 1734 2768 1791; x_wconf 86' lang='lat' dir='ltr'><strong>ergo</strong></span> <span class='ocrx_word' id='word_1_329' title='bbox 2814 1733 3010 1774; x_wconf 82' lang='lat' dir='ltr'><strong>rursus</strong></span> <span class='ocrx_word' id='word_1_330' title='bbox 3045 1717 3167 1772; x_wconf 80' lang='lat' dir='ltr'><strong>duo</strong></span> <span class='ocrx_word' id='word_1_331' title='bbox 3187 1718 3376 1788; x_wconf 85' lang='lat' dir='ltr'><strong>populi</strong></span> <span class='ocrx_word' id='word_1_332' title='bbox 3402 1717 3457 1771; x_wconf 90' lang='lat' dir='ltr'><strong>in</strong></span> <span class='ocrx_word' id='word_1_333' title='bbox 3481 1733 3609 1787; x_wconf 89' lang='lat' dir='ltr'><strong>pas-</strong></span> 
     </span>
    </p>
   </div>
   <div class='ocr_carea' id='block_1_47' title="bbox 2026 1809 3606 1879">
    <p class='ocr_par' dir='ltr' id='par_1_47' title="bbox 2026 1809 3606 1879">
     <span class='ocr_line' id='line_1_47' title="bbox 2026 1809 3606 1879; baseline -0.005 -9"><span class='ocrx_word' id='word_1_334' title='bbox 2026 1815 2182 1870; x_wconf 90' lang='lat' dir='ltr'><strong>sione</strong></span> <span class='ocrx_word' id='word_1_335' title='bbox 2242 1813 2522 1869; x_wconf 89' lang='lat' dir='ltr'><strong>Christum</strong></span> <span class='ocrx_word' id='word_1_336' title='bbox 2583 1812 2887 1867; x_wconf 79' lang='lat' dir='ltr'><strong>induerunt</strong></span> <span class='ocrx_word' id='word_1_337' title='bbox 2949 1809 3218 1867; x_wconf 86' lang='lat' dir='ltr'><strong>chlamide</strong></span> <span class='ocrx_word' id='word_1_338' title='bbox 3263 1813 3606 1879; x_wconf 75' lang='lat' dir='ltr'><strong>&#39;purpurea;</strong></span> 
     </span>
    </p>
   </div>
   <div class='ocr_carea' id='block_1_48' title="bbox 2026 1900 3609 1976">
    <p class='ocr_par' dir='ltr' id='par_1_48' title="bbox 2026 1900 3609 1976">
     <span class='ocr_line' id='line_1_48' title="bbox 2026 1900 3609 1976; baseline -0.004 -16"><span class='ocrx_word' id='word_1_339' title='bbox 2026 1915 2155 1961; x_wconf 90' lang='lat' dir='ltr'><strong>ante</strong></span> <span class='ocrx_word' id='word_1_340' title='bbox 2179 1904 2553 1976; x_wconf 86' lang='lat' dir='ltr'><strong>signiﬁcantes</strong></span> <span class='ocrx_word' id='word_1_341' title='bbox 2567 1904 2717 1974; x_wconf 87' lang='lat' dir='ltr'><strong>quod</strong></span> <span class='ocrx_word' id='word_1_342' title='bbox 2752 1910 3008 1974; x_wconf 80' lang='lat' dir='ltr'><strong>regnaret</strong></span> <span class='ocrx_word' id='word_1_343' title='bbox 3033 1917 3205 1971; x_wconf 82' lang='lat' dir='ltr'><strong>super</strong></span> <span class='ocrx_word' id='word_1_344' title='bbox 3233 1900 3376 1955; x_wconf 92' lang='lat' dir='ltr'><strong>duos</strong></span> <span class='ocrx_word' id='word_1_345' title='bbox 3430 1916 3609 1970; x_wconf 88' lang='lat' dir='ltr'><strong>popu-</strong></span> 
     </span>
    </p>
   </div>
   <div class='ocr_carea' id='block_1_49' title="bbox 2026 1988 3608 2058">
    <p class='ocr_par' dir='ltr' id='par_1_49' title="bbox 2026 1988 3608 2058">
     <span class='ocr_line' id='line_1_49' title="bbox 2026 1988 3608 2058; baseline -0.004 -6"><span class='ocrx_word' id='word_1_346' title='bbox 2026 1997 2110 2052; x_wconf 90' lang='lat' dir='ltr'><strong>los</strong></span> <span class='ocrx_word' id='word_1_347' title='bbox 2125 1996 2273 2052; x_wconf 90' lang='lat' dir='ltr'><strong>carni</strong></span> <span class='ocrx_word' id='word_1_348' title='bbox 2300 1996 2468 2051; x_wconf 90' lang='lat' dir='ltr'><strong>unius</strong></span> <span class='ocrx_word' id='word_1_349' title='bbox 2482 1995 2725 2052; x_wconf 60' lang='lat' dir='ltr'><strong>caelestis</strong></span> <span class='ocrx_word' id='word_1_350' title='bbox 2762 1995 2909 2049; x_wconf 89' lang='lat' dir='ltr'><strong>Deus</strong></span> <span class='ocrx_word' id='word_1_351' title='bbox 2940 1992 3203 2048; x_wconf 88' lang='lat' dir='ltr'><strong>Verbum.</strong></span> <span class='ocrx_word' id='word_1_352' title='bbox 3238 1988 3397 2056; x_wconf 82' lang='lat' dir='ltr'><strong>Quod</strong></span> <span class='ocrx_word' id='word_1_353' title='bbox 3417 2000 3608 2058; x_wconf 86' lang='lat' dir='ltr'><strong>aperte</strong></span> 
     </span>
    </p>
   </div>
   <div class='ocr_carea' id='block_1_50' title="bbox 2025 2082 3609 2158">
    <p class='ocr_par' dir='ltr' id='par_1_50' title="bbox 2025 2082 3609 2158">
     <span class='ocr_line' id='line_1_50' title="bbox 2025 2082 3609 2158; baseline -0.004 -15"><span class='ocrx_word' id='word_1_354' title='bbox 2025 2088 2191 2158; x_wconf 76' lang='lat'><strong>883</strong></span> <span class='ocrx_word' id='word_1_355' title='bbox 2248 2086 2837 2157; x_wconf 29' lang='lat' dir='ltr'><strong>prius‘describebant</strong></span> <span class='ocrx_word' id='word_1_356' title='bbox 2875 2084 3059 2146; x_wconf 65' lang='lat' dir='ltr'><strong>caeteri</strong></span> <span class='ocrx_word' id='word_1_357' title='bbox 3114 2097 3336 2154; x_wconf 85' lang='lat' dir='ltr'><strong>quoque</strong></span> <span class='ocrx_word' id='word_1_358' title='bbox 3392 2082 3609 2137; x_wconf 86' lang='lat' dir='ltr'><strong>colores</strong></span> 
     </span>
    </p>
   </div>
   <div class='ocr_carea' id='block_1_51' title="bbox 2028 2175 3608 2248">
    <p class='ocr_par' dir='ltr' id='par_1_51' title="bbox 2028 2175 3608 2248">
     <span class='ocr_line' id='line_1_51' title="bbox 2028 2175 3608 2248; baseline -0.001 -15"><span class='ocrx_word' id='word_1_359' title='bbox 2028 2179 2260 2233; x_wconf 90' lang='lat' dir='ltr'><strong>aliarum</strong></span> <span class='ocrx_word' id='word_1_360' title='bbox 2292 2178 2677 2248; x_wconf 82' lang='lat' dir='ltr'><strong>vestium,.qui</strong></span> <span class='ocrx_word' id='word_1_361' title='bbox 2706 2194 2833 2234; x_wconf 86' lang='lat' dir='ltr'><strong>cum</strong></span> <span class='ocrx_word' id='word_1_362' title='bbox 2866 2192 3111 2248; x_wconf 87' lang='lat' dir='ltr'><strong>purpura</strong></span> <span class='ocrx_word' id='word_1_363' title='bbox 3147 2177 3203 2231; x_wconf 90' lang='lat' dir='ltr'><strong>in</strong></span> <span class='ocrx_word' id='word_1_364' title='bbox 3237 2175 3474 2231; x_wconf 83' lang='lat' dir='ltr'><strong>Aaronis</strong></span> <span class='ocrx_word' id='word_1_365' title='bbox 3522 2182 3608 2231; x_wconf 88' lang='lat' dir='ltr'><strong>tu-</strong></span> 
     </span>
    </p>
   </div>
   <div class='ocr_carea' id='block_1_52' title="bbox 2026 2267 3614 2341">
    <p class='ocr_par' dir='ltr' id='par_1_52' title="bbox 2026 2267 3614 2341">
     <span class='ocr_line' id='line_1_52' title="bbox 2026 2267 3614 2341; baseline -0.002 -16"><span class='ocrx_word' id='word_1_366' title='bbox 2026 2270 2150 2326; x_wconf 86' lang='lat' dir='ltr'><strong>nica</strong></span> <span class='ocrx_word' id='word_1_367' title='bbox 2181 2280 2316 2328; x_wconf 93' lang='lat' dir='ltr'><strong>tunc</strong></span> <span class='ocrx_word' id='word_1_368' title='bbox 2368 2279 2758 2327; x_wconf 84' lang='lat' dir='ltr'><strong>contexuntur.</strong></span> <span class='ocrx_word' id='word_1_369' title='bbox 2798 2269 2934 2325; x_wconf 82' lang='lat' dir='ltr'><strong>Nam</strong></span> <span class='ocrx_word' id='word_1_370' title='bbox 2970 2269 3171 2341; x_wconf 84' lang='lat' dir='ltr'><strong>byssus</strong></span> <span class='ocrx_word' id='word_1_371' title='bbox 3214 2267 3438 2338; x_wconf 88' lang='lat' dir='ltr'><strong>quidem</strong></span> <span class='ocrx_word' id='word_1_372' title='bbox 3486 2282 3614 2337; x_wconf 70' lang='lat' dir='ltr'><strong>qua:</strong></span> 
     </span>
    </p>
   </div>
   <div class='ocr_carea' id='block_1_53' title="bbox 2028 2357 3615 2439">
    <p class='ocr_par' dir='ltr' id='par_1_53' title="bbox 2028 2357 3615 2439">
     <span class='ocr_line' id='line_1_53' title="bbox 2028 2357 3615 2439; baseline -0.008 -15"><span class='ocrx_word' id='word_1_373' title='bbox 2028 2368 2152 2439; x_wconf 89' lang='lat' dir='ltr'><strong>plus</strong></span> <span class='ocrx_word' id='word_1_374' title='bbox 2180 2379 2345 2437; x_wconf 89' lang='lat' dir='ltr'><strong>quam</strong></span> <span class='ocrx_word' id='word_1_375' title='bbox 2403 2362 2497 2419; x_wconf 81' lang='lat' dir='ltr'><strong>nix</strong></span> <span class='ocrx_word' id='word_1_376' title='bbox 2525 2361 2780 2433; x_wconf 77' lang='lat' dir='ltr'><strong>refulget,</strong></span> <span class='ocrx_word' id='word_1_377' title='bbox 2817 2359 3081 2416; x_wconf 67' lang='lat' dir='ltr'><strong>ostendit</strong></span> <span class='ocrx_word' id='word_1_378' title='bbox 3117 2359 3425 2431; x_wconf 86' lang='lat' dir='ltr'><strong>symbolum</strong></span> <span class='ocrx_word' id='word_1_379' title='bbox 3472 2357 3615 2413; x_wconf 85' lang='lat' dir='ltr'><strong>lucis</strong></span> 
     </span>
    </p>
   </div>
   <div class='ocr_carea' id='block_1_54' title="bbox 2029 2452 3614 2532">
    <p class='ocr_par' dir='ltr' id='par_1_54' title="bbox 2029 2452 3614 2532">
     <span class='ocr_line' id='line_1_54' title="bbox 2029 2452 3614 2532; baseline -0.007 -17"><span class='ocrx_word' id='word_1_380' title='bbox 2029 2476 2151 2532; x_wconf 72' lang='lat' dir='ltr'><strong>quae</strong></span> <span class='ocrx_word' id='word_1_381' title='bbox 2178 2456 2432 2529; x_wconf 85' lang='lat' dir='ltr'><strong>procedit</strong></span> <span class='ocrx_word' id='word_1_382' title='bbox 2454 2470 2522 2511; x_wconf 82' lang='lat' dir='ltr'><strong>ex</strong></span> <span class='ocrx_word' id='word_1_383' title='bbox 2546 2455 2674 2510; x_wconf 90' lang='lat' dir='ltr'><strong>luce</strong></span> <span class='ocrx_word' id='word_1_384' title='bbox 2711 2453 2811 2509; x_wconf 92' lang='lat' dir='ltr'><strong>Dei</strong></span> <span class='ocrx_word' id='word_1_385' title='bbox 2859 2452 3025 2508; x_wconf 79' lang='lat' dir='ltr'><strong>Verbi</strong></span> <span class='ocrx_word' id='word_1_386' title='bbox 3064 2471 3079 2507; x_wconf 90' lang='lat'><strong>:</strong></span> <span class='ocrx_word' id='word_1_387' title='bbox 3110 2458 3614 2507; x_wconf 75' lang='lat' dir='ltr'><strong>retortum-autem</strong></span> 
     </span>
    </p>
   </div>
   <div class='ocr_carea' id='block_1_55' title="bbox 2028 2543 3611 2617">
    <p class='ocr_par' dir='ltr' id='par_1_55' title="bbox 2028 2543 3611 2617">
     <span class='ocr_line' id='line_1_55' title="bbox 2028 2543 3611 2617; baseline -0.007 -9"><span class='ocrx_word' id='word_1_388' title='bbox 2028 2550 2321 2609; x_wconf 85' lang='lat' dir='ltr'><strong>coccinum</strong></span> <span class='ocrx_word' id='word_1_389' title='bbox 2365 2549 2475 2603; x_wconf 84' lang='lat' dir='ltr'><strong>fert</strong></span> <span class='ocrx_word' id='word_1_390' title='bbox 2508 2546 2800 2617; x_wconf 85' lang='lat' dir='ltr'><strong>imaginem</strong></span> <span class='ocrx_word' id='word_1_391' title='bbox 2830 2544 3033 2607; x_wconf 88' lang='lat' dir='ltr'><strong>carnis,</strong></span> <span class='ocrx_word' id='word_1_392' title='bbox 3064 2559 3190 2599; x_wconf 88' lang='lat' dir='ltr'><strong>cum</strong></span> <span class='ocrx_word' id='word_1_393' title='bbox 3231 2544 3421 2614; x_wconf 84' lang='lat' dir='ltr'><strong>pueris</strong></span> <span class='ocrx_word' id='word_1_394' title='bbox 3461 2543 3611 2601; x_wconf 87' lang='lat' dir='ltr'><strong>enim</strong></span> 
     </span>
    </p>
   </div>
   <div class='ocr_carea' id='block_1_56' title="bbox 2029 2634 3616 2707">
    <p class='ocr_par' dir='ltr' id='par_1_56' title="bbox 2029 2634 3616 2707">
     <span class='ocr_line' id='line_1_56' title="bbox 2029 2634 3616 2707; baseline -0.006 -8"><span class='ocrx_word' id='word_1_395' title='bbox 2029 2639 2512 2699; x_wconf 87' lang='lat' dir='ltr'><strong>communicarunt</strong></span> <span class='ocrx_word' id='word_1_396' title='bbox 2542 2637 2696 2693; x_wconf 87' lang='lat' dir='ltr'><strong>carni</strong></span> <span class='ocrx_word' id='word_1_397' title='bbox 2721 2648 2780 2693; x_wconf 87' lang='lat' dir='ltr'><strong>et</strong></span> <span class='ocrx_word' id='word_1_398' title='bbox 2818 2635 3094 2707; x_wconf 83' lang='lat' dir='ltr'><strong>sanguini.</strong></span> <span class='ocrx_word' id='word_1_399' title='bbox 3126 2634 3472 2707; x_wconf 82' lang='lat' dir='ltr'><strong>Hyacinthus</strong></span> <span class='ocrx_word' id='word_1_400' title='bbox 3515 2649 3616 2690; x_wconf 85' lang='lat' dir='ltr'><strong>au-</strong></span> 
     </span>
    </p>
   </div>
   <div class='ocr_carea' id='block_1_57' title="bbox 2031 2726 3610 2802">
    <p class='ocr_par' dir='ltr' id='par_1_57' title="bbox 2031 2726 3610 2802">
     <span class='ocr_line' id='line_1_57' title="bbox 2031 2726 3610 2802; baseline -0.006 -13"><span class='ocrx_word' id='word_1_401' title='bbox 2031 2740 2140 2789; x_wconf 87' lang='lat' dir='ltr'><strong>tem</strong></span> <span class='ocrx_word' id='word_1_402' title='bbox 2187 2747 2311 2802; x_wconf 68' lang='lat' dir='ltr'><strong>quae</strong></span> <span class='ocrx_word' id='word_1_403' title='bbox 2358 2730 2589 2799; x_wconf 84' lang='lat' dir='ltr'><strong>dicitur,</strong></span> <span class='ocrx_word' id='word_1_404' title='bbox 2635 2734 2723 2783; x_wconf 91' lang='lat' dir='ltr'><strong>est</strong></span> <span class='ocrx_word' id='word_1_405' title='bbox 2765 2727 3023 2782; x_wconf 86' lang='lat' dir='ltr'><strong>similiter</strong></span> <span class='ocrx_word' id='word_1_406' title='bbox 3066 2726 3270 2781; x_wconf 86' lang='lat' dir='ltr'><strong>coloris</strong></span> <span class='ocrx_word' id='word_1_407' title='bbox 3315 2727 3559 2782; x_wconf 62' lang='lat' dir='ltr'><strong>caelestis</strong></span> <span class='ocrx_word' id='word_1_408' title='bbox 3595 2744 3610 2780; x_wconf 86' lang='lat'><strong>:</strong></span> 
     </span>
    </p>
   </div>
   <div class='ocr_carea' id='block_1_58' title="bbox 2031 2817 3617 2896">
    <p class='ocr_par' dir='ltr' id='par_1_58' title="bbox 2031 2817 3617 2896">
     <span class='ocr_line' id='line_1_58' title="bbox 2031 2817 3617 2896; baseline -0.004 -16"><span class='ocrx_word' id='word_1_409' title='bbox 2031 2824 2391 2896; x_wconf 89' lang='lat' dir='ltr'><strong>quamobrem</strong></span> <span class='ocrx_word' id='word_1_410' title='bbox 2422 2836 2550 2876; x_wconf 85' lang='lat' dir='ltr'><strong>eum</strong></span> <span class='ocrx_word' id='word_1_411' title='bbox 2570 2834 2791 2889; x_wconf 90' lang='lat' dir='ltr'><strong>quoque</strong></span> <span class='ocrx_word' id='word_1_412' title='bbox 2817 2819 3061 2874; x_wconf 90' lang='lat' dir='ltr'><strong>colorem</strong></span> <span class='ocrx_word' id='word_1_413' title='bbox 3083 2817 3295 2873; x_wconf 86' lang='lat' dir='ltr'><strong>aerium</strong></span> <span class='ocrx_word' id='word_1_414' title='bbox 3323 2818 3617 2873; x_wconf 88' lang='lat' dir='ltr'><strong>nominant</strong></span> 
     </span>
    </p>
   </div>
   <div class='ocr_carea' id='block_1_59' title="bbox 2031 2910 3615 2987">
    <p class='ocr_par' dir='ltr' id='par_1_59' title="bbox 2031 2910 3615 2987">
     <span class='ocr_line' id='line_1_59' title="bbox 2031 2910 3615 2987; baseline -0.005 -15"><span class='ocrx_word' id='word_1_415' title='bbox 2031 2917 2127 2987; x_wconf 90' lang='lat' dir='ltr'><strong>qui</strong></span> <span class='ocrx_word' id='word_1_416' title='bbox 2156 2913 2638 2971; x_wconf 45' lang='lat' dir='ltr'><strong>sericeos&#39;colores</strong></span> <span class='ocrx_word' id='word_1_417' title='bbox 2669 2919 3100 2982; x_wconf 88' lang='lat' dir='ltr'><strong>persequuntur.</strong></span> <span class='ocrx_word' id='word_1_418' title='bbox 3164 2910 3482 2967; x_wconf 86' lang='lat' dir='ltr'><strong>Invenimus</strong></span> <span class='ocrx_word' id='word_1_419' title='bbox 3512 2925 3615 2964; x_wconf 86' lang='lat' dir='ltr'><strong>au-</strong></span> 
     </span>
    </p>
   </div>
   <div class='ocr_carea' id='block_1_60' title="bbox 2035 3008 3620 3078">
    <p class='ocr_par' dir='ltr' id='par_1_60' title="bbox 2035 3008 3620 3078">
     <span class='ocr_line' id='line_1_60' title="bbox 2035 3008 3620 3078; baseline -0.006 -14"><span class='ocrx_word' id='word_1_420' title='bbox 2035 3018 2145 3064; x_wconf 89' lang='lat' dir='ltr'><strong>tem</strong></span> <span class='ocrx_word' id='word_1_421' title='bbox 2177 3008 2375 3078; x_wconf 74' lang='lat' dir='ltr'><strong>Magos</strong></span> <span class='ocrx_word' id='word_1_422' title='bbox 2393 3020 2613 3077; x_wconf 89' lang='lat' dir='ltr'><strong>quoque</strong></span> <span class='ocrx_word' id='word_1_423' title='bbox 2671 3020 2801 3061; x_wconf 84' lang='lat' dir='ltr'><strong>cum</strong></span> <span class='ocrx_word' id='word_1_424' title='bbox 2839 3018 2978 3058; x_wconf 90' lang='lat' dir='ltr'><strong>auro</strong></span> <span class='ocrx_word' id='word_1_425' title='bbox 3009 3019 3042 3059; x_wconf 93' lang='lat' dir='ltr'><strong>e</strong></span> <span class='ocrx_word' id='word_1_426' title='bbox 3075 3012 3224 3060; x_wconf 88' lang='lat' dir='ltr'><strong>terra</strong></span> <span class='ocrx_word' id='word_1_427' title='bbox 3284 3012 3436 3065; x_wconf 89' lang='lat' dir='ltr'><strong>nato,</strong></span> <span class='ocrx_word' id='word_1_428' title='bbox 3469 3018 3620 3073; x_wconf 83' lang='lat' dir='ltr'><strong>myr—</strong></span> 
     </span>
    </p>
   </div>
   <div class='ocr_carea' id='block_1_61' title="bbox 344 3092 3619 3177">
    <p class='ocr_par' dir='ltr' id='par_1_61' title="bbox 344 3092 3619 3177">
     <span class='ocr_line' id='line_1_61' title="bbox 344 3092 3619 3177; baseline -0.002 -26"><span class='ocrx_word' id='word_1_429' title='bbox 344 3106 430 3151; x_wconf 88' lang='lat' dir='ltr'><strong>est</strong></span> <span class='ocrx_word' id='word_1_430' title='bbox 458 3095 658 3150; x_wconf 90' lang='lat' dir='ltr'><strong>melius</strong></span> <span class='ocrx_word' id='word_1_431' title='bbox 712 3095 1141 3166; x_wconf 80' lang='lat' dir='ltr'><strong>ignorationem,</strong></span> <span class='ocrx_word' id='word_1_432' title='bbox 1191 3096 1386 3151; x_wconf 90' lang='lat' dir='ltr'><strong>dicens</strong></span> <span class='ocrx_word' id='word_1_433' title='bbox 1412 3111 1478 3151; x_wconf 87' lang='lat' dir='ltr'><strong>ea</strong></span> <span class='ocrx_word' id='word_1_434' title='bbox 1507 3096 1785 3164; x_wconf 88' lang='lat' dir='ltr'><strong>jumenta.</strong></span> <span class='ocrx_word' id='word_1_435' title='bbox 1820 3094 1928 3150; x_wconf 87' lang='lat' dir='ltr'><strong>Sed</strong></span> <span class='ocrx_word' id='word_1_436' title='bbox 1958 3115 2003 3177; x_wconf 79' lang='lat' dir='ltr'>c</span> <span class='ocrx_word' id='word_1_437' title='bbox 2034 3100 2190 3154; x_wconf 89' lang='lat' dir='ltr'><strong>rham</strong></span> <span class='ocrx_word' id='word_1_438' title='bbox 2219 3098 2387 3153; x_wconf 85' lang='lat' dir='ltr'><strong>etiam</strong></span> <span class='ocrx_word' id='word_1_439' title='bbox 2410 3096 2680 3150; x_wconf 85' lang='lat' dir='ltr'><strong>marinam</strong></span> <span class='ocrx_word' id='word_1_440' title='bbox 2726 3094 2994 3149; x_wconf 78' lang='lat' dir='ltr'><strong>obtulisse</strong></span> <span class='ocrx_word' id='word_1_441' title='bbox 3035 3092 3279 3150; x_wconf 83' lang='lat' dir='ltr'><strong>Christo.</strong></span> <span class='ocrx_word' id='word_1_442' title='bbox 3327 3092 3619 3159; x_wconf 84' lang='lat' dir='ltr'><strong>Quomodo</strong></span> 
     </span>
    </p>
   </div>
   <div class='ocr_carea' id='block_1_62' title="bbox 345 3187 1927 3258">
    <p class='ocr_par' dir='ltr' id='par_1_62' title="bbox 345 3187 1927 3258">
     <span class='ocr_line' id='line_1_62' title="bbox 345 3187 1927 3258; baseline -0.001 -14"><span class='ocrx_word' id='word_1_443' title='bbox 345 3189 494 3257; x_wconf 90' lang='lat' dir='ltr'><strong>quod</strong></span> <span class='ocrx_word' id='word_1_444' title='bbox 545 3189 615 3243; x_wconf 90' lang='lat' dir='ltr'><strong>ab</strong></span> <span class='ocrx_word' id='word_1_445' title='bbox 669 3188 930 3243; x_wconf 81' lang='lat' dir='ltr'><strong>Habacuc</strong></span> <span class='ocrx_word' id='word_1_446' title='bbox 972 3188 1245 3258; x_wconf 87' lang='lat' dir='ltr'><strong>propheta</strong></span> <span class='ocrx_word' id='word_1_447' title='bbox 1278 3188 1486 3243; x_wconf 88' lang='lat' dir='ltr'><strong>dicitur</strong></span> <span class='ocrx_word' id='word_1_448' title='bbox 1531 3189 1598 3241; x_wconf 84' lang='lat' dir='ltr'><strong>de</strong></span> <span class='ocrx_word' id='word_1_449' title='bbox 1650 3187 1875 3243; x_wconf 89' lang='lat' dir='ltr'><strong>Christo</strong></span> <span class='ocrx_word' id='word_1_450' title='bbox 1912 3205 1927 3243; x_wconf 88' lang='lat'><strong>:</strong></span> 
     </span>
    </p>
   </div>
   <div class='ocr_carea' id='block_1_63' title="bbox 347 3280 1932 3351">
    <p class='ocr_par' dir='ltr' id='par_1_63' title="bbox 347 3280 1932 3351">
     <span class='ocr_line' id='line_1_63' title="bbox 347 3280 1932 3351; baseline 0.001 -17"><span class='ocrx_word' id='word_1_451' title='bbox 347 3280 410 3334; x_wconf 83' lang='lat' dir='ltr'><strong>In</strong></span> <span class='ocrx_word' id='word_1_452' title='bbox 460 3281 630 3334; x_wconf 76' lang='lat' dir='ltr'><strong>medio</strong></span> <span class='ocrx_word' id='word_1_453' title='bbox 667 3281 892 3334; x_wconf 84' lang='lat' dir='ltr'><strong>duorum</strong></span> <span class='ocrx_word' id='word_1_454' title='bbox 942 3280 1263 3333; x_wconf 78' lang='lat' dir='ltr'><strong>animalium</strong></span> <span class='ocrx_word' id='word_1_455' title='bbox 1307 3282 1718 3351; x_wconf 69' lang='lat' dir='ltr'><strong>cognosceris”,</strong></span> <span class='ocrx_word' id='word_1_456' title='bbox 1757 3280 1811 3335; x_wconf 90' lang='lat' dir='ltr'><strong>id</strong></span> <span class='ocrx_word' id='word_1_457' title='bbox 1842 3296 1932 3336; x_wconf 88' lang='lat' dir='ltr'><strong>sa-</strong></span> 
     </span>
    </p>
   </div>
   <div class='ocr_carea' id='block_1_64' title="bbox 345 3369 1932 3439">
    <p class='ocr_par' dir='ltr' id='par_1_64' title="bbox 345 3369 1932 3439">
     <span class='ocr_line' id='line_1_64' title="bbox 345 3369 1932 3439; baseline 0.001 -17"><span class='ocrx_word' id='word_1_458' title='bbox 345 3370 567 3439; x_wconf 88' lang='lat' dir='ltr'><strong>pientes</strong></span> <span class='ocrx_word' id='word_1_459' title='bbox 600 3371 792 3424; x_wconf 88' lang='lat' dir='ltr'><strong>Patres</strong></span> <span class='ocrx_word' id='word_1_460' title='bbox 827 3370 1112 3439; x_wconf 88' lang='lat' dir='ltr'><strong>accipiunt</strong></span> <span class='ocrx_word' id='word_1_461' title='bbox 1135 3369 1204 3423; x_wconf 87' lang='lat' dir='ltr'><strong>de</strong></span> <span class='ocrx_word' id='word_1_462' title='bbox 1236 3369 1453 3424; x_wconf 91' lang='lat' dir='ltr'><strong>duobus</strong></span> <span class='ocrx_word' id='word_1_463' title='bbox 1496 3372 1715 3439; x_wconf 70' lang='lat' dir='ltr'><strong>populis</strong></span> <span class='ocrx_word' id='word_1_464' title='bbox 1742 3389 1754 3423; x_wconf 87' lang='lat'>:</span> <span class='ocrx_word' id='word_1_465' title='bbox 1786 3370 1932 3424; x_wconf 86' lang='lat' dir='ltr'><strong>Duo-</strong></span> 
     </span>
    </p>
   </div>
   <div class='ocr_carea' id='block_1_65' title="bbox 348 3461 1934 3532">
    <p class='ocr_par' dir='ltr' id='par_1_65' title="bbox 348 3461 1934 3532">
     <span class='ocr_line' id='line_1_65' title="bbox 348 3461 1934 3532; baseline 0.003 -18"><span class='ocrx_word' id='word_1_466' title='bbox 348 3479 466 3516; x_wconf 83' lang='lat' dir='ltr'><strong>rum</strong></span> <span class='ocrx_word' id='word_1_467' title='bbox 509 3461 852 3525; x_wconf 80' lang='lat' dir='ltr'><strong>animalium,</strong></span> <span class='ocrx_word' id='word_1_468' title='bbox 900 3462 1056 3531; x_wconf 90' lang='lat' dir='ltr'><strong>quasi</strong></span> <span class='ocrx_word' id='word_1_469' title='bbox 1093 3461 1267 3525; x_wconf 90' lang='lat' dir='ltr'><strong>dicas,</strong></span> <span class='ocrx_word' id='word_1_470' title='bbox 1322 3462 1488 3517; x_wconf 91' lang='lat' dir='ltr'><strong>unius</strong></span> <span class='ocrx_word' id='word_1_471' title='bbox 1527 3463 1718 3532; x_wconf 88' lang='lat' dir='ltr'><strong>populi</strong></span> <span class='ocrx_word' id='word_1_472' title='bbox 1761 3473 1934 3519; x_wconf 87' lang='lat' dir='ltr'><strong>terre-</strong></span> 
     </span>
    </p>
   </div>
   <div class='ocr_carea' id='block_1_66' title="bbox 347 3550 1934 3622">
    <p class='ocr_par' dir='ltr' id='par_1_66' title="bbox 347 3550 1934 3622">
     <span class='ocr_line' id='line_1_66' title="bbox 347 3550 1934 3622; baseline 0.003 -18"><span class='ocrx_word' id='word_1_473' title='bbox 347 3552 497 3614; x_wconf 83' lang='lat' dir='ltr'><strong>stris,</strong></span> <span class='ocrx_word' id='word_1_474' title='bbox 520 3550 751 3605; x_wconf 82' lang='lat' dir='ltr'><strong>alterius</strong></span> <span class='ocrx_word' id='word_1_475' title='bbox 773 3550 994 3604; x_wconf 74' lang='lat' dir='ltr'><strong>marini‘.</strong></span> <span class='ocrx_word' id='word_1_476' title='bbox 1019 3551 1087 3603; x_wconf 86' lang='lat' dir='ltr'><strong>Et</strong></span> <span class='ocrx_word' id='word_1_477' title='bbox 1104 3551 1265 3620; x_wconf 83' lang='lat' dir='ltr'><strong>plane</strong></span> <span class='ocrx_word' id='word_1_478' title='bbox 1287 3551 1397 3606; x_wconf 87' lang='lat' dir='ltr'><strong>hoc</strong></span> <span class='ocrx_word' id='word_1_479' title='bbox 1413 3552 1576 3607; x_wconf 92' lang='lat' dir='ltr'><strong>modo</strong></span> <span class='ocrx_word' id='word_1_480' title='bbox 1596 3553 1787 3617; x_wconf 86' lang='lat' dir='ltr'><strong>Evam,</strong></span> <span class='ocrx_word' id='word_1_481' title='bbox 1812 3568 1934 3622; x_wconf 78' lang='lat' dir='ltr'><strong>quae</strong></span> 
     </span>
    </p>
   </div>
   <div class='ocr_carea' id='block_1_67' title="bbox 347 3640 1935 3715">
    <p class='ocr_par' dir='ltr' id='par_1_67' title="bbox 347 3640 1935 3715">
     <span class='ocr_line' id='line_1_67' title="bbox 347 3640 1935 3715; baseline 0.003 -18"><span class='ocrx_word' id='word_1_482' title='bbox 347 3650 432 3697; x_wconf 84' lang='lat' dir='ltr'><strong>est</strong></span> <span class='ocrx_word' id='word_1_483' title='bbox 463 3642 635 3712; x_wconf 89' lang='lat' dir='ltr'><strong>ﬁgura</strong></span> <span class='ocrx_word' id='word_1_484' title='bbox 677 3641 940 3696; x_wconf 70' lang='lat' dir='ltr'><strong>Ecclesia:</strong></span> <span class='ocrx_word' id='word_1_485' title='bbox 966 3640 1175 3698; x_wconf 89' lang='lat' dir='ltr'><strong>Christi</strong></span> <span class='ocrx_word' id='word_1_486' title='bbox 1202 3659 1268 3699; x_wconf 87' lang='lat' dir='ltr'><strong>ex</strong></span> <span class='ocrx_word' id='word_1_487' title='bbox 1300 3644 1581 3715; x_wconf 87' lang='lat' dir='ltr'><strong>gentibus,</strong></span> <span class='ocrx_word' id='word_1_488' title='bbox 1638 3647 1784 3701; x_wconf 90' lang='lat' dir='ltr'><strong>Deus</strong></span> <span class='ocrx_word' id='word_1_489' title='bbox 1822 3661 1935 3701; x_wconf 84' lang='lat' dir='ltr'><strong>non</strong></span> 
     </span>
    </p>
   </div>
   <div class='ocr_carea' id='block_1_68' title="bbox 349 3727 1934 3804">
    <p class='ocr_par' dir='ltr' id='par_1_68' title="bbox 349 3727 1934 3804">
     <span class='ocr_line' id='line_1_68' title="bbox 349 3727 1934 3804; baseline 0.005 -22"><span class='ocrx_word' id='word_1_490' title='bbox 349 3727 479 3782; x_wconf 88' lang='lat' dir='ltr'><strong>fecit</strong></span> <span class='ocrx_word' id='word_1_491' title='bbox 503 3743 571 3782; x_wconf 78' lang='lat' dir='ltr'><strong>ex</strong></span> <span class='ocrx_word' id='word_1_492' title='bbox 600 3737 747 3784; x_wconf 89' lang='lat' dir='ltr'><strong>terra</strong></span> <span class='ocrx_word' id='word_1_493' title='bbox 776 3728 925 3784; x_wconf 87' lang='lat' dir='ltr'><strong>unde</strong></span> <span class='ocrx_word' id='word_1_494' title='bbox 958 3729 1115 3786; x_wconf 77' lang='lat' dir='ltr'><strong>ﬁnxit</strong></span> <span class='ocrx_word' id='word_1_495' title='bbox 1140 3731 1338 3798; x_wconf 89' lang='lat' dir='ltr'><strong>Adam,</strong></span> <span class='ocrx_word' id='word_1_496' title='bbox 1383 3736 1649 3804; x_wconf 90' lang='lat' dir='ltr'><strong>quoniam</strong></span> <span class='ocrx_word' id='word_1_497' title='bbox 1682 3735 1934 3791; x_wconf 85' lang='lat' dir='ltr'><strong>Ecclesia</strong></span> 
     </span>
    </p>
   </div>
   <div class='ocr_carea' id='block_1_69' title="bbox 348 3822 1936 3898">
    <p class='ocr_par' dir='ltr' id='par_1_69' title="bbox 348 3822 1936 3898">
     <span class='ocr_line' id='line_1_69' title="bbox 348 3822 1936 3898; baseline 0.007 -26"><span class='ocrx_word' id='word_1_498' title='bbox 348 3835 459 3873; x_wconf 87' lang='lat' dir='ltr'><strong>non</strong></span> <span class='ocrx_word' id='word_1_499' title='bbox 487 3830 572 3875; x_wconf 89' lang='lat' dir='ltr'><strong>est</strong></span> <span class='ocrx_word' id='word_1_500' title='bbox 594 3828 848 3890; x_wconf 81' lang='lat' dir='ltr'><strong>cognata,</strong></span> <span class='ocrx_word' id='word_1_501' title='bbox 882 3822 980 3876; x_wconf 88' lang='lat' dir='ltr'><strong>sed</strong></span> <span class='ocrx_word' id='word_1_502' title='bbox 1006 3822 1213 3878; x_wconf 87' lang='lat' dir='ltr'><strong>diversi</strong></span> <span class='ocrx_word' id='word_1_503' title='bbox 1250 3826 1471 3895; x_wconf 80' lang='lat' dir='ltr'><strong>generis</strong></span> <span class='ocrx_word' id='word_1_504' title='bbox 1494 3827 1829 3898; x_wconf 87' lang='lat' dir='ltr'><strong>hospesque,</strong></span> <span class='ocrx_word' id='word_1_505' title='bbox 1878 3837 1936 3883; x_wconf 90' lang='lat' dir='ltr'><strong>et</strong></span> 
     </span>
    </p>
   </div>
   <div class='ocr_carea' id='block_1_70' title="bbox 349 3910 1931 3987">
    <p class='ocr_par' dir='ltr' id='par_1_70' title="bbox 349 3910 1931 3987">
     <span class='ocr_line' id='line_1_70' title="bbox 349 3910 1931 3987; baseline 0.006 -24"><span class='ocrx_word' id='word_1_506' title='bbox 349 3910 527 3965; x_wconf 89' lang='lat' dir='ltr'><strong>aliena</strong></span> <span class='ocrx_word' id='word_1_507' title='bbox 559 3927 589 3965; x_wconf 92' lang='lat' dir='ltr'><strong>a</strong></span> <span class='ocrx_word' id='word_1_508' title='bbox 621 3911 848 3978; x_wconf 77' lang='lat' dir='ltr'><strong>Iudaeis,</strong></span> <span class='ocrx_word' id='word_1_509' title='bbox 875 3913 968 3982; x_wconf 86' lang='lat' dir='ltr'><strong>qui</strong></span> <span class='ocrx_word' id='word_1_510' title='bbox 1002 3931 1113 3969; x_wconf 89' lang='lat' dir='ltr'><strong>non</strong></span> <span class='ocrx_word' id='word_1_511' title='bbox 1147 3924 1276 3969; x_wconf 88' lang='lat' dir='ltr'><strong>sunt</strong></span> <span class='ocrx_word' id='word_1_512' title='bbox 1300 3915 1593 3987; x_wconf 83' lang='lat' dir='ltr'><strong>benedicta</strong></span> <span class='ocrx_word' id='word_1_513' title='bbox 1628 3918 1889 3973; x_wconf 88' lang='lat' dir='ltr'><strong>animalia</strong></span> <span class='ocrx_word' id='word_1_514' title='bbox 1918 3937 1931 3973; x_wconf 88' lang='lat'><strong>:</strong></span> 
     </span>
    </p>
   </div>
   <div class='ocr_carea' id='block_1_71' title="bbox 352 4004 1935 4082">
    <p class='ocr_par' dir='ltr' id='par_1_71' title="bbox 352 4004 1935 4082">
     <span class='ocr_line' id='line_1_71' title="bbox 352 4004 1935 4082; baseline 0.006 -26"><span class='ocrx_word' id='word_1_515' title='bbox 352 4010 421 4057; x_wconf 87' lang='lat' dir='ltr'><strong>ut</strong></span> <span class='ocrx_word' id='word_1_516' title='bbox 445 4018 567 4072; x_wconf 85' lang='lat' dir='ltr'><strong>quae</strong></span> <span class='ocrx_word' id='word_1_517' title='bbox 595 4004 670 4058; x_wconf 90' lang='lat' dir='ltr'><strong>sit</strong></span> <span class='ocrx_word' id='word_1_518' title='bbox 703 4020 769 4058; x_wconf 80' lang='lat' dir='ltr'><strong>ex</strong></span> <span class='ocrx_word' id='word_1_519' title='bbox 789 4005 1084 4074; x_wconf 86' lang='lat' dir='ltr'><strong>reptilibus</strong></span> <span class='ocrx_word' id='word_1_520' title='bbox 1112 4015 1168 4062; x_wconf 91' lang='lat' dir='ltr'><strong>et</strong></span> <span class='ocrx_word' id='word_1_521' title='bbox 1218 4008 1540 4064; x_wconf 88' lang='lat' dir='ltr'><strong>volucribus</strong></span> <span class='ocrx_word' id='word_1_522' title='bbox 1589 4011 1760 4066; x_wconf 86' lang='lat' dir='ltr'><strong>maris</strong></span> <span class='ocrx_word' id='word_1_523' title='bbox 1812 4028 1935 4082; x_wconf 73' lang='lat' dir='ltr'><strong>quae</strong></span> 
     </span>
    </p>
   </div>
   <div class='ocr_carea' id='block_1_72' title="bbox 351 4099 1302 4166">
    <p class='ocr_par' dir='ltr' id='par_1_72' title="bbox 351 4099 1302 4166">
     <span class='ocr_line' id='line_1_72' title="bbox 351 4099 1302 4166; baseline 0.004 -14"><span class='ocrx_word' id='word_1_524' title='bbox 351 4105 686 4166; x_wconf 70' lang='lat' dir='ltr'><strong>acceperunt</strong></span> <span class='ocrx_word' id='word_1_525' title='bbox 708 4099 805 4154; x_wconf 81' lang='lat' dir='ltr'><strong>Dei</strong></span> <span class='ocrx_word' id='word_1_526' title='bbox 834 4099 1302 4157; x_wconf 85' lang='lat' dir='ltr'><strong>benedictionem.</strong></span> 
     </span>
    </p>
   </div>
   <div class='ocr_carea' id='block_1_73' title="bbox 421 4180 1937 4269">
    <p class='ocr_par' dir='ltr' id='par_1_73' title="bbox 421 4180 1937 4269">
     <span class='ocr_line' id='line_1_73' title="bbox 421 4180 1937 4269; baseline 0.012 -28"><span class='ocrx_word' id='word_1_527' title='bbox 421 4186 579 4254; x_wconf 89' lang='lat' dir='ltr'><strong>Quod</strong></span> <span class='ocrx_word' id='word_1_528' title='bbox 609 4189 654 4244; x_wconf 90' lang='lat' dir='ltr'><strong>si</strong></span> <span class='ocrx_word' id='word_1_529' title='bbox 678 4189 847 4245; x_wconf 88' lang='lat' dir='ltr'><strong>alacri</strong></span> <span class='ocrx_word' id='word_1_530' title='bbox 875 4202 932 4246; x_wconf 93' lang='lat' dir='ltr'><strong>et</strong></span> <span class='ocrx_word' id='word_1_531' title='bbox 953 4196 1164 4261; x_wconf 91' lang='lat' dir='ltr'><strong>patenti</strong></span> <span class='ocrx_word' id='word_1_532' title='bbox 1188 4196 1374 4251; x_wconf 88' lang='lat' dir='ltr'><strong>animo</strong></span> <span class='ocrx_word' id='word_1_533' title='bbox 1407 4197 1478 4255; x_wconf 86' lang='lat' dir='ltr'><strong>iis</strong></span> <span class='ocrx_word' id='word_1_534' title='bbox 1506 4180 1653 4269; x_wconf 38' lang='lat' dir='ltr'><strong>quae.</strong></span> <span class='ocrx_word' id='word_1_535' title='bbox 1673 4200 1937 4258; x_wconf 90' lang='lat' dir='ltr'><strong>dicuntur</strong></span> 
     </span>
    </p>
   </div>
   <div class='ocr_carea' id='block_1_74' title="bbox 351 4282 1938 4365">
    <p class='ocr_par' dir='ltr' id='par_1_74' title="bbox 351 4282 1938 4365">
     <span class='ocr_line' id='line_1_74' title="bbox 351 4282 1938 4365; baseline 0.011 -32"><span class='ocrx_word' id='word_1_536' title='bbox 351 4295 516 4334; x_wconf 86' lang='lat' dir='ltr'><strong>aures</strong></span> <span class='ocrx_word' id='word_1_537' title='bbox 538 4282 806 4351; x_wconf 68' lang='lat' dir='ltr'><strong>prmbeas,</strong></span> <span class='ocrx_word' id='word_1_538' title='bbox 836 4300 869 4338; x_wconf 93' lang='grc' dir='ltr'>ο</span> <span class='ocrx_word' id='word_1_539' title='bbox 890 4284 1138 4351; x_wconf 89' lang='lat' dir='ltr'><strong>auditor,</strong></span> <span class='ocrx_word' id='word_1_540' title='bbox 1157 4303 1283 4357; x_wconf 70' lang='lat' dir='ltr'><strong>qua:</strong></span> <span class='ocrx_word' id='word_1_541' title='bbox 1307 4289 1377 4344; x_wconf 90' lang='lat' dir='ltr'><strong>de</strong></span> <span class='ocrx_word' id='word_1_542' title='bbox 1411 4290 1500 4345; x_wconf 90' lang='lat' dir='ltr'><strong>his</strong></span> <span class='ocrx_word' id='word_1_543' title='bbox 1520 4291 1742 4348; x_wconf 88' lang='lat' dir='ltr'><strong>duobus</strong></span> <span class='ocrx_word' id='word_1_544' title='bbox 1762 4309 1938 4365; x_wconf 91' lang='lat' dir='ltr'><strong>popu-</strong></span> 
     </span>
    </p>
   </div>
   <div class='ocr_carea' id='block_1_75' title="bbox 352 4370 1935 4457">
    <p class='ocr_par' dir='ltr' id='par_1_75' title="bbox 352 4370 1935 4457">
     <span class='ocr_line' id='line_1_75' title="bbox 352 4370 1935 4457; baseline 0.01 -30"><span class='ocrx_word' id='word_1_545' title='bbox 352 4370 424 4427; x_wconf 85' lang='lat' dir='ltr'><strong>lis</strong></span> <span class='ocrx_word' id='word_1_546' title='bbox 453 4372 717 4429; x_wconf 91' lang='lat' dir='ltr'><strong>dicuntur</strong></span> <span class='ocrx_word' id='word_1_547' title='bbox 755 4376 846 4445; x_wconf 90' lang='lat' dir='ltr'><strong>(de</strong></span> <span class='ocrx_word' id='word_1_548' title='bbox 878 4380 1154 4445; x_wconf 88' lang='lat' dir='ltr'><strong>terrestri,</strong></span> <span class='ocrx_word' id='word_1_549' title='bbox 1180 4380 1433 4451; x_wconf 90' lang='lat' dir='ltr'><strong>inquam,</strong></span> <span class='ocrx_word' id='word_1_550' title='bbox 1465 4392 1522 4438; x_wconf 89' lang='lat' dir='ltr'><strong>et</strong></span> <span class='ocrx_word' id='word_1_551' title='bbox 1552 4387 1812 4457; x_wconf 89' lang='lat' dir='ltr'><strong>marino),</strong></span> <span class='ocrx_word' id='word_1_552' title='bbox 1833 4388 1935 4443; x_wconf 89' lang='lat' dir='ltr'><strong>tibi</strong></span> 
     </span>
    </p>
   </div>
   <div class='ocr_carea' id='block_1_76' title="bbox 354 4453 2014 4539">
    <p class='ocr_par' dir='ltr' id='par_1_76' title="bbox 354 4453 2014 4539">
     <span class='ocr_line' id='line_1_76' title="bbox 354 4453 2014 4539; baseline 0.011 -20"><span class='ocrx_word' id='word_1_553' title='bbox 354 4466 605 4534; x_wconf 87' lang='lat' dir='ltr'><strong>probabo</strong></span> <span class='ocrx_word' id='word_1_554' title='bbox 645 4476 703 4523; x_wconf 90' lang='lat' dir='ltr'><strong>et</strong></span> <span class='ocrx_word' id='word_1_555' title='bbox 741 4484 809 4523; x_wconf 80' lang='lat' dir='ltr'><strong>ex</strong></span> <span class='ocrx_word' id='word_1_556' title='bbox 845 4470 1144 4539; x_wconf 85' lang='lat' dir='ltr'><strong>graphicis,</strong></span> <span class='ocrx_word' id='word_1_557' title='bbox 1192 4482 1249 4528; x_wconf 90' lang='lat' dir='ltr'><strong>et</strong></span> <span class='ocrx_word' id='word_1_558' title='bbox 1286 4474 1523 4532; x_wconf 86' lang='lat' dir='ltr'><strong>diversis</strong></span> <span class='ocrx_word' id='word_1_559' title='bbox 1568 4486 1677 4533; x_wconf 85' lang='lat' dir='ltr'><strong>tam</strong></span> <span class='ocrx_word' id='word_1_560' title='bbox 1720 4453 1938 4536; x_wconf 77' lang='lat' dir='ltr'><strong>veteris</strong></span> <span class='ocrx_word' id='word_1_561' title='bbox 1969 4453 2014 4508; x_wconf 67' lang='grc' dir='ltr'>ο</span> 
     </span>
    </p>
   </div>
   <div class='ocr_carea' id='block_1_77' title="bbox 353 4558 1935 4625">
    <p class='ocr_par' dir='ltr' id='par_1_77' title="bbox 353 4558 1935 4625">
     <span class='ocr_line' id='line_1_77' title="bbox 353 4558 1935 4625; baseline 0.011 -17"><span class='ocrx_word' id='word_1_562' title='bbox 353 4572 517 4625; x_wconf 81' lang='lat' dir='ltr'><strong>quam</strong></span> <span class='ocrx_word' id='word_1_563' title='bbox 539 4558 676 4612; x_wconf 86' lang='lat' dir='ltr'><strong>Novi</strong></span> <span class='ocrx_word' id='word_1_564' title='bbox 705 4558 1045 4618; x_wconf 86' lang='lat' dir='ltr'><strong>Testamenti</strong></span> <span class='ocrx_word' id='word_1_565' title='bbox 1081 4563 1675 4625; x_wconf 79' lang='lat' dir='ltr'><strong>demonstrationibus.</strong></span> <span class='ocrx_word' id='word_1_566' title='bbox 1714 4570 1935 4625; x_wconf 77' lang='lat' dir='ltr'><strong>Etenim</strong></span> 
     </span>
    </p>
   </div>
   <div class='ocr_carea' id='block_1_78' title="bbox 357 4647 1941 4729">
    <p class='ocr_par' dir='ltr' id='par_1_78' title="bbox 357 4647 1941 4729">
     <span class='ocr_line' id='line_1_78' title="bbox 357 4647 1941 4729; baseline 0.01 -26"><span class='ocrx_word' id='word_1_567' title='bbox 357 4647 572 4704; x_wconf 75' lang='lat' dir='ltr'><strong>sufﬁtus</strong></span> <span class='ocrx_word' id='word_1_568' title='bbox 626 4664 723 4704; x_wconf 78' lang='lat' dir='ltr'><strong>seu</strong></span> <span class='ocrx_word' id='word_1_569' title='bbox 769 4650 1082 4721; x_wconf 88' lang='lat' dir='ltr'><strong>incensum,</strong></span> <span class='ocrx_word' id='word_1_570' title='bbox 1145 4656 1297 4727; x_wconf 84' lang='lat' dir='ltr'><strong>quod</strong></span> <span class='ocrx_word' id='word_1_571' title='bbox 1344 4659 1510 4729; x_wconf 84' lang='lat' dir='ltr'><strong>jussit</strong></span> <span class='ocrx_word' id='word_1_572' title='bbox 1558 4661 1704 4716; x_wconf 75' lang='lat' dir='ltr'><strong>Deus</strong></span> <span class='ocrx_word' id='word_1_573' title='bbox 1749 4662 1941 4719; x_wconf 82' lang='lat' dir='ltr'><strong>Mosen</strong></span> 
     </span>
    </p>
   </div>
   <div class='ocr_carea' id='block_1_79' title="bbox 359 4927 1942 5012">
    <p class='ocr_par' dir='ltr' id='par_1_79' title="bbox 359 4927 1942 5012">
     <span class='ocr_line' id='line_1_79' title="bbox 359 4927 1942 5012; baseline 0.013 -33"><span class='ocrx_word' id='word_1_574' title='bbox 359 4935 490 4981; x_wconf 88' lang='lat' dir='ltr'><strong>runt</strong></span> <span class='ocrx_word' id='word_1_575' title='bbox 511 4927 571 4982; x_wconf 92' lang='lat' dir='ltr'><strong>ei-</strong></span> <span class='ocrx_word' id='word_1_576' title='bbox 589 4927 644 4982; x_wconf 90' lang='lat' dir='ltr'><strong>in</strong></span> <span class='ocrx_word' id='word_1_577' title='bbox 673 4929 900 4987; x_wconf 85' lang='lat' dir='ltr'><strong>odorem</strong></span> <span class='ocrx_word' id='word_1_578' title='bbox 931 4937 1390 5009; x_wconf 88' lang='lat' dir='ltr'><strong>suaveolentem),</strong></span> <span class='ocrx_word' id='word_1_579' title='bbox 1422 4934 1543 5012; x_wconf 74' lang='lat' dir='ltr'><strong>lege</strong></span> <span class='ocrx_word' id='word_1_580' title='bbox 1566 4943 1858 5000; x_wconf 89' lang='lat' dir='ltr'><strong>constituit</strong></span> <span class='ocrx_word' id='word_1_581' title='bbox 1880 4953 1942 5000; x_wconf 91' lang='lat' dir='ltr'><strong>ut</strong></span> 
     </span>
    </p>
   </div>
   <div class='ocr_carea' id='block_1_80' title="bbox 356 5020 1939 5093">
    <p class='ocr_par' dir='ltr' id='par_1_80' title="bbox 356 5020 1939 5093">
     <span class='ocr_line' id='line_1_80' title="bbox 356 5020 1939 5093; baseline 0.011 -19"><span class='ocrx_word' id='word_1_582' title='bbox 356 5020 477 5090; x_wconf 84' lang='lat' dir='ltr'><strong>ejus</strong></span> <span class='ocrx_word' id='word_1_583' title='bbox 505 5022 835 5090; x_wconf 89' lang='lat' dir='ltr'><strong>compositio</strong></span> <span class='ocrx_word' id='word_1_584' title='bbox 858 5023 1016 5080; x_wconf 86' lang='lat' dir='ltr'><strong>ﬁeret</strong></span> <span class='ocrx_word' id='word_1_585' title='bbox 1035 5042 1102 5081; x_wconf 78' lang='lat' dir='ltr'><strong>ex</strong></span> <span class='ocrx_word' id='word_1_586' title='bbox 1138 5035 1285 5085; x_wconf 89' lang='lat' dir='ltr'><strong>terra</strong></span> <span class='ocrx_word' id='word_1_587' title='bbox 1311 5042 1368 5087; x_wconf 91' lang='lat' dir='ltr'><strong>et</strong></span> <span class='ocrx_word' id='word_1_588' title='bbox 1396 5035 1551 5088; x_wconf 88' lang='lat' dir='ltr'><strong>mari.</strong></span> <span class='ocrx_word' id='word_1_589' title='bbox 1573 5034 1757 5091; x_wconf 91' lang='lat' dir='ltr'><strong>Stacte</strong></span> <span class='ocrx_word' id='word_1_590' title='bbox 1789 5038 1939 5093; x_wconf 89' lang='lat' dir='ltr'><strong>enim</strong></span> 
     </span>
    </p>
   </div>
   <div class='ocr_carea' id='block_1_81' title="bbox 357 5114 1942 5195">
    <p class='ocr_par' dir='ltr' id='par_1_81' title="bbox 357 5114 1942 5195">
     <span class='ocr_line' id='line_1_81' title="bbox 357 5114 1942 5195; baseline 0.013 -29"><span class='ocrx_word' id='word_1_591' title='bbox 357 5121 542 5167; x_wconf 88' lang='lat' dir='ltr'><strong>ortum</strong></span> <span class='ocrx_word' id='word_1_592' title='bbox 600 5114 768 5171; x_wconf 87' lang='lat' dir='ltr'><strong>habet</strong></span> <span class='ocrx_word' id='word_1_593' title='bbox 820 5132 895 5172; x_wconf 51' lang='lat' dir='ltr'><strong>ex.</strong></span> <span class='ocrx_word' id='word_1_594' title='bbox 951 5127 1120 5186; x_wconf 89' lang='lat' dir='ltr'><strong>terra,</strong></span> <span class='ocrx_word' id='word_1_595' title='bbox 1181 5138 1327 5195; x_wconf 75' lang='lat' dir='ltr'><strong>onyx</strong></span> <span class='ocrx_word' id='word_1_596' title='bbox 1383 5135 1569 5182; x_wconf 86' lang='lat' dir='ltr'><strong>autem</strong></span> <span class='ocrx_word' id='word_1_597' title='bbox 1622 5138 1838 5185; x_wconf 88' lang='lat' dir='ltr'><strong>constat</strong></span> <span class='ocrx_word' id='word_1_598' title='bbox 1874 5146 1942 5185; x_wconf 76' lang='lat' dir='ltr'><strong>ex</strong></span> 
     </span>
    </p>
   </div>
   <div class='ocr_carea' id='block_1_82' title="bbox 358 5204 1941 5290">
    <p class='ocr_par' dir='ltr' id='par_1_82' title="bbox 358 5204 1941 5290">
     <span class='ocr_line' id='line_1_82' title="bbox 358 5204 1941 5290; baseline 0.012 -34"><span class='ocrx_word' id='word_1_599' title='bbox 358 5204 521 5258; x_wconf 90' lang='lat' dir='ltr'><strong>mari.</strong></span> <span class='ocrx_word' id='word_1_600' title='bbox 543 5204 810 5261; x_wconf 84' lang='lat' dir='ltr'><strong>Similiter</strong></span> <span class='ocrx_word' id='word_1_601' title='bbox 834 5209 998 5264; x_wconf 85' lang='lat' dir='ltr'><strong>etiam</strong></span> <span class='ocrx_word' id='word_1_602' title='bbox 1022 5211 1187 5268; x_wconf 79' lang='lat' dir='ltr'><strong>Mosis</strong></span> <span class='ocrx_word' id='word_1_603' title='bbox 1204 5225 1547 5285; x_wconf 84' lang='lat' dir='ltr'><strong>unguentum</strong></span> <span class='ocrx_word' id='word_1_604' title='bbox 1567 5219 1735 5287; x_wconf 88' lang='lat' dir='ltr'><strong>(quod</strong></span> <span class='ocrx_word' id='word_1_605' title='bbox 1760 5220 1941 5290; x_wconf 88' lang='lat' dir='ltr'><strong>ipsum</strong></span> 
     </span>
    </p>
   </div>
   <div class='ocr_carea' id='block_1_83' title="bbox 358 5298 1942 5378">
    <p class='ocr_par' dir='ltr' id='par_1_83' title="bbox 358 5298 1942 5378">
     <span class='ocr_line' id='line_1_83' title="bbox 358 5298 1942 5378; baseline 0.01 -28"><span class='ocrx_word' id='word_1_606' title='bbox 358 5311 578 5367; x_wconf 88' lang='lat' dir='ltr'><strong>quoque</strong></span> <span class='ocrx_word' id='word_1_607' title='bbox 608 5298 748 5355; x_wconf 88' lang='lat' dir='ltr'><strong>duos</strong></span> <span class='ocrx_word' id='word_1_608' title='bbox 765 5300 1383 5378; x_wconf 85' lang='lat' dir='ltr'><strong>signiﬁcabatpopulos)</strong></span> <span class='ocrx_word' id='word_1_609' title='bbox 1419 5323 1486 5362; x_wconf 69' lang='lat' dir='ltr'><strong>ex</strong></span> <span class='ocrx_word' id='word_1_610' title='bbox 1550 5310 1755 5365; x_wconf 86' lang='lat' dir='ltr'><strong>dilecto</strong></span> <span class='ocrx_word' id='word_1_611' title='bbox 1802 5312 1942 5366; x_wconf 89' lang='lat' dir='ltr'><strong>Filio</strong></span> 
     </span>
    </p>
   </div>
   <div class='ocr_carea' id='block_1_84' title="bbox 358 5392 1941 5470">
    <p class='ocr_par' dir='ltr' id='par_1_84' title="bbox 358 5392 1941 5470">
     <span class='ocr_line' id='line_1_84' title="bbox 358 5392 1941 5470; baseline 0.01 -27"><span class='ocrx_word' id='word_1_612' title='bbox 358 5392 584 5448; x_wconf 89' lang='lat' dir='ltr'><strong>omnino</strong></span> <span class='ocrx_word' id='word_1_613' title='bbox 620 5394 879 5461; x_wconf 70' lang='lat' dir='ltr'><strong>effusum,</strong></span> <span class='ocrx_word' id='word_1_614' title='bbox 916 5400 1310 5454; x_wconf 86' lang='lat' dir='ltr'><strong>convenienter</strong></span> <span class='ocrx_word' id='word_1_615' title='bbox 1358 5400 1408 5455; x_wconf 93' lang='lat' dir='ltr'><strong>ci</strong></span> <span class='ocrx_word' id='word_1_616' title='bbox 1458 5401 1561 5470; x_wconf 55' lang='lat' dir='ltr'><strong>qui»</strong></span> <span class='ocrx_word' id='word_1_617' title='bbox 1609 5401 1747 5456; x_wconf 82' lang='lat' dir='ltr'><strong>dicit</strong></span> <span class='ocrx_word' id='word_1_618' title='bbox 1775 5419 1794 5457; x_wconf 92' lang='lat'><strong><em>:</em></strong></span> <span class='ocrx_word' id='word_1_619' title='bbox 1832 5404 1941 5459; x_wconf 84' lang='lat' dir='ltr'><strong>Un—</strong></span> 
     </span>
    </p>
   </div>
   <div class='ocr_carea' id='block_1_85' title="bbox 359 5486 1942 5564">
    <p class='ocr_par' dir='ltr' id='par_1_85' title="bbox 359 5486 1942 5564">
     <span class='ocr_line' id='line_1_85' title="bbox 359 5486 1942 5564; baseline 0.01 -31"><span class='ocrx_word' id='word_1_620' title='bbox 359 5492 609 5550; x_wconf 76' lang='lat' dir='ltr'><strong>guentum</strong></span> <span class='ocrx_word' id='word_1_621' title='bbox 636 5486 854 5555; x_wconf 73' lang='lat' dir='ltr'><strong>effusum</strong></span> <span class='ocrx_word' id='word_1_622' title='bbox 875 5486 1125 5544; x_wconf 74' lang='lat' dir='ltr'><strong>“dilecti</strong></span> <span class='ocrx_word' id='word_1_623' title='bbox 1150 5504 1254 5544; x_wconf 77' lang='lat' dir='ltr'><strong>met</strong></span> <span class='ocrx_word' id='word_1_624' title='bbox 1293 5507 1308 5543; x_wconf 90' lang='lat'><strong>:</strong></span> <span class='ocrx_word' id='word_1_625' title='bbox 1346 5504 1419 5543; x_wconf 68' lang='lat' dir='ltr'><strong>exr</strong></span> <span class='ocrx_word' id='word_1_626' title='bbox 1441 5489 1562 5560; x_wconf 90' lang='lat' dir='ltr'><strong>ipso</strong></span> <span class='ocrx_word' id='word_1_627' title='bbox 1585 5492 1730 5546; x_wconf 89' lang='lat' dir='ltr'><strong>enim</strong></span> <span class='ocrx_word' id='word_1_628' title='bbox 1762 5502 1819 5549; x_wconf 91' lang='lat' dir='ltr'><strong>et</strong></span> <span class='ocrx_word' id='word_1_629' title='bbox 1841 5510 1942 5564; x_wconf 92' lang='lat' dir='ltr'><strong>per</strong></span> 
     </span>
    </p>
   </div>
   <div class='ocr_carea' id='block_1_86' title="bbox 2034 3184 3621 3260">
    <p class='ocr_par' dir='ltr' id='par_1_86' title="bbox 2034 3184 3621 3260">
     <span class='ocr_line' id='line_1_86' title="bbox 2034 3184 3621 3260; baseline -0.004 -14"><span class='ocrx_word' id='word_1_630' title='bbox 2034 3191 2165 3247; x_wconf 92' lang='lat' dir='ltr'><strong>olim</strong></span> <span class='ocrx_word' id='word_1_631' title='bbox 2193 3205 2412 3260; x_wconf 89' lang='lat' dir='ltr'><strong>quoque</strong></span> <span class='ocrx_word' id='word_1_632' title='bbox 2441 3187 2552 3242; x_wconf 89' lang='lat' dir='ltr'><strong>duo</strong></span> <span class='ocrx_word' id='word_1_633' title='bbox 2577 3187 2656 3241; x_wconf 92' lang='lat' dir='ltr'><strong>illi</strong></span> <span class='ocrx_word' id='word_1_634' title='bbox 2691 3186 2927 3241; x_wconf 91' lang='lat' dir='ltr'><strong>duorum</strong></span> <span class='ocrx_word' id='word_1_635' title='bbox 2973 3185 3305 3256; x_wconf 90' lang='lat' dir='ltr'><strong>populorum</strong></span> <span class='ocrx_word' id='word_1_636' title='bbox 3342 3185 3480 3256; x_wconf 82' lang='lat' dir='ltr'><strong>typi,</strong></span> <span class='ocrx_word' id='word_1_637' title='bbox 3523 3184 3621 3240; x_wconf 84' lang='lat' dir='ltr'><strong>Jo-</strong></span> 
     </span>
    </p>
   </div>
   <div class='ocr_carea' id='block_1_87' title="bbox 2035 3275 3620 3350">
    <p class='ocr_par' dir='ltr' id='par_1_87' title="bbox 2035 3275 3620 3350">
     <span class='ocr_line' id='line_1_87' title="bbox 2035 3275 3620 3350; baseline -0.005 -13"><span class='ocrx_word' id='word_1_638' title='bbox 2035 3281 2261 3350; x_wconf 83' lang='lat' dir='ltr'><strong>sephet-</strong></span> <span class='ocrx_word' id='word_1_639' title='bbox 2288 3278 2641 3343; x_wconf 82' lang='lat' dir='ltr'><strong>Nicodetnus,</strong></span> <span class='ocrx_word' id='word_1_640' title='bbox 2669 3275 2888 3333; x_wconf 79' lang='lat' dir='ltr'><strong>duabus</strong></span> <span class='ocrx_word' id='word_1_641' title='bbox 2928 3277 3269 3331; x_wconf 88' lang='lat' dir='ltr'><strong>aromatibus</strong></span> <span class='ocrx_word' id='word_1_642' title='bbox 3320 3276 3620 3347; x_wconf 83' lang='lat' dir='ltr'><strong>(terrestri,</strong></span> 
     </span>
    </p>
   </div>
   <div class='ocr_carea' id='block_1_88' title="bbox 2035 3366 3623 3439">
    <p class='ocr_par' dir='ltr' id='par_1_88' title="bbox 2035 3366 3623 3439">
     <span class='ocr_line' id='line_1_88' title="bbox 2035 3366 3623 3439; baseline -0.003 -13"><span class='ocrx_word' id='word_1_643' title='bbox 2035 3372 2280 3438; x_wconf 88' lang='lat' dir='ltr'><strong>inquam,</strong></span> <span class='ocrx_word' id='word_1_644' title='bbox 2314 3369 2454 3432; x_wconf 89' lang='lat' dir='ltr'><strong>aloe,</strong></span> <span class='ocrx_word' id='word_1_645' title='bbox 2481 3376 2537 3423; x_wconf 92' lang='lat' dir='ltr'><strong>et</strong></span> <span class='ocrx_word' id='word_1_646' title='bbox 2579 3367 2791 3422; x_wconf 88' lang='lat' dir='ltr'><strong>marina</strong></span> <span class='ocrx_word' id='word_1_647' title='bbox 2844 3366 3088 3439; x_wconf 86' lang='lat' dir='ltr'><strong>myrrha)</strong></span> <span class='ocrx_word' id='word_1_648' title='bbox 3116 3367 3304 3423; x_wconf 78' lang='lat' dir='ltr'><strong>Iesum</strong></span> <span class='ocrx_word' id='word_1_649' title='bbox 3348 3367 3623 3438; x_wconf 87' lang='lat' dir='ltr'><strong>sepelien-</strong></span> 
     </span>
    </p>
   </div>
   <div class='ocr_carea' id='block_1_89' title="bbox 2036 3463 2578 3518">
    <p class='ocr_par' dir='ltr' id='par_1_89' title="bbox 2036 3463 2578 3518">
     <span class='ocr_line' id='line_1_89' title="bbox 2036 3463 2578 3518; baseline -0.004 0"><span class='ocrx_word' id='word_1_650' title='bbox 2036 3464 2169 3518; x_wconf 85' lang='lat' dir='ltr'><strong>dum</strong></span> <span class='ocrx_word' id='word_1_651' title='bbox 2202 3463 2578 3517; x_wconf 85' lang='lat' dir='ltr'><strong>involverunt.</strong></span> 
     </span>
    </p>
   </div>
   <div class='ocr_carea' id='block_1_90' title="bbox 2002 3553 3622 3626">
    <p class='ocr_par' dir='ltr' id='par_1_90' title="bbox 2002 3553 3622 3626">
     <span class='ocr_line' id='line_1_90' title="bbox 2002 3553 3622 3626; baseline -0.001 -15"><span class='ocrx_word' id='word_1_652' title='bbox 2002 3617 2006 3621; x_wconf 42' lang='grc'>,</span> <span class='ocrx_word' id='word_1_653' title='bbox 2105 3555 2244 3611; x_wconf 86' lang='lat' dir='ltr'><strong>Cum</strong></span> <span class='ocrx_word' id='word_1_654' title='bbox 2276 3572 2345 3610; x_wconf 81' lang='lat' dir='ltr'><strong>ex</strong></span> <span class='ocrx_word' id='word_1_655' title='bbox 2376 3556 2569 3611; x_wconf 90' lang='lat' dir='ltr'><strong>multis</strong></span> <span class='ocrx_word' id='word_1_656' title='bbox 2597 3570 2729 3626; x_wconf 88' lang='lat' dir='ltr'><strong>ergo</strong></span> <span class='ocrx_word' id='word_1_657' title='bbox 2757 3554 3189 3625; x_wconf 82' lang='lat' dir='ltr'><strong>probationibus</strong></span> <span class='ocrx_word' id='word_1_658' title='bbox 3217 3553 3622 3625; x_wconf 82' lang='lat' dir='ltr'><strong>periphrastice</strong></span> 
     </span>
    </p>
   </div>
   <div class='ocr_carea' id='block_1_91' title="bbox 2035 3646 3623 3713">
    <p class='ocr_par' dir='ltr' id='par_1_91' title="bbox 2035 3646 3623 3713">
     <span class='ocr_line' id='line_1_91' title="bbox 2035 3646 3623 3713; baseline -0.004 -8"><span class='ocrx_word' id='word_1_659' title='bbox 2035 3648 2422 3713; x_wconf 87' lang='lat' dir='ltr'><strong>didicerimus,</strong></span> <span class='ocrx_word' id='word_1_660' title='bbox 2447 3648 2663 3702; x_wconf 90' lang='lat' dir='ltr'><strong>marina</strong></span> <span class='ocrx_word' id='word_1_661' title='bbox 2690 3655 2747 3702; x_wconf 91' lang='lat' dir='ltr'><strong>et</strong></span> <span class='ocrx_word' id='word_1_662' title='bbox 2771 3663 2803 3701; x_wconf 92' lang='lat' dir='ltr'><strong>e</strong></span> <span class='ocrx_word' id='word_1_663' title='bbox 2834 3655 2984 3701; x_wconf 88' lang='lat' dir='ltr'><strong>terra</strong></span> <span class='ocrx_word' id='word_1_664' title='bbox 3013 3658 3138 3702; x_wconf 87' lang='lat' dir='ltr'><strong>nata</strong></span> <span class='ocrx_word' id='word_1_665' title='bbox 3173 3646 3471 3702; x_wconf 84' lang='lat' dir='ltr'><strong>animantia</strong></span> <span class='ocrx_word' id='word_1_666' title='bbox 3496 3660 3623 3700; x_wconf 88' lang='lat' dir='ltr'><strong>esse</strong></span> 
     </span>
    </p>
   </div>
   <div class='ocr_carea' id='block_1_92' title="bbox 2036 3740 3621 3811">
    <p class='ocr_par' dir='ltr' id='par_1_92' title="bbox 2036 3740 3621 3811">
     <span class='ocr_line' id='line_1_92' title="bbox 2036 3740 3621 3811; baseline -0.006 -12"><span class='ocrx_word' id='word_1_667' title='bbox 2036 3742 2355 3799; x_wconf 89' lang='lat' dir='ltr'><strong>evidentem</strong></span> <span class='ocrx_word' id='word_1_668' title='bbox 2394 3748 2587 3811; x_wconf 83' lang='lat' dir='ltr'><strong>typum</strong></span> <span class='ocrx_word' id='word_1_669' title='bbox 2614 3740 2852 3795; x_wconf 89' lang='lat' dir='ltr'><strong>duorum</strong></span> <span class='ocrx_word' id='word_1_670' title='bbox 2887 3741 3246 3811; x_wconf 84' lang='lat' dir='ltr'><strong>populorum;</strong></span> <span class='ocrx_word' id='word_1_671' title='bbox 3279 3752 3505 3793; x_wconf 89' lang='lat' dir='ltr'><strong>necesse</strong></span> <span class='ocrx_word' id='word_1_672' title='bbox 3537 3744 3621 3791; x_wconf 91' lang='lat' dir='ltr'><strong>est</strong></span> 
     </span>
    </p>
   </div>
   <div class='ocr_carea' id='block_1_93' title="bbox 2035 3818 3623 3901">
    <p class='ocr_par' dir='ltr' id='par_1_93' title="bbox 2035 3818 3623 3901">
     <span class='ocr_line' id='line_1_93' title="bbox 2035 3818 3623 3901; baseline -0.005 -12"><span class='ocrx_word' id='word_1_673' title='bbox 2035 3834 2204 3889; x_wconf 89' lang='lat' dir='ltr'><strong>etiam</strong></span> <span class='ocrx_word' id='word_1_674' title='bbox 2236 3832 2422 3887; x_wconf 87' lang='lat' dir='ltr'><strong>dicere</strong></span> <span class='ocrx_word' id='word_1_675' title='bbox 2457 3818 2683 3901; x_wconf 84' lang='lat' dir='ltr'><strong>propter</strong></span> <span class='ocrx_word' id='word_1_676' title='bbox 2713 3847 2854 3901; x_wconf 89' lang='lat' dir='ltr'><strong>quas</strong></span> <span class='ocrx_word' id='word_1_677' title='bbox 2889 3847 3084 3887; x_wconf 87' lang='lat' dir='ltr'><strong>causas</strong></span> <span class='ocrx_word' id='word_1_678' title='bbox 3116 3838 3431 3901; x_wconf 81' lang='lat' dir='ltr'><strong>grex.terra</strong></span> <span class='ocrx_word' id='word_1_679' title='bbox 3464 3828 3623 3899; x_wconf 89' lang='lat' dir='ltr'><strong>geni-</strong></span> 
     </span>
    </p>
   </div>
   <div class='ocr_carea' id='block_1_94' title="bbox 2038 3919 3625 3995">
    <p class='ocr_par' dir='ltr' id='par_1_94' title="bbox 2038 3919 3625 3995">
     <span class='ocr_line' id='line_1_94' title="bbox 2038 3919 3625 3995; baseline -0.007 -11"><span class='ocrx_word' id='word_1_680' title='bbox 2038 3938 2128 3984; x_wconf 90' lang='lat' dir='ltr'><strong>tus</strong></span> <span class='ocrx_word' id='word_1_681' title='bbox 2171 3929 2536 3983; x_wconf 88' lang='lat' dir='ltr'><strong>animantium</strong></span> <span class='ocrx_word' id='word_1_682' title='bbox 2584 3925 2819 3995; x_wconf 81' lang='lat' dir='ltr'><strong>(populi,</strong></span> <span class='ocrx_word' id='word_1_683' title='bbox 2850 3924 3097 3993; x_wconf 85' lang='lat' dir='ltr'><strong>inquam,</strong></span> <span class='ocrx_word' id='word_1_684' title='bbox 3129 3922 3321 3994; x_wconf 89' lang='lat' dir='ltr'><strong>Israel)</strong></span> <span class='ocrx_word' id='word_1_685' title='bbox 3366 3937 3475 3977; x_wconf 89' lang='lat' dir='ltr'><strong>non</strong></span> <span class='ocrx_word' id='word_1_686' title='bbox 3516 3919 3625 3974; x_wconf 89' lang='lat' dir='ltr'><strong>fuit</strong></span> 
     </span>
    </p>
   </div>
   <div class='ocr_carea' id='block_1_95' title="bbox 2036 4011 3622 4091">
    <p class='ocr_par' dir='ltr' id='par_1_95' title="bbox 2036 4011 3622 4091">
     <span class='ocr_line' id='line_1_95' title="bbox 2036 4011 3622 4091; baseline -0.007 -15"><span class='ocrx_word' id='word_1_687' title='bbox 2036 4022 2317 4090; x_wconf 86' lang='lat' dir='ltr'><strong>particeps</strong></span> <span class='ocrx_word' id='word_1_688' title='bbox 2345 4020 2498 4091; x_wconf 91' lang='lat' dir='ltr'><strong>paris</strong></span> <span class='ocrx_word' id='word_1_689' title='bbox 2523 4016 2938 4073; x_wconf 88' lang='lat' dir='ltr'><strong>benedictionis</strong></span> <span class='ocrx_word' id='word_1_690' title='bbox 2968 4015 3128 4085; x_wconf 86' lang='lat' dir='ltr'><strong>cujus</strong></span> <span class='ocrx_word' id='word_1_691' title='bbox 3154 4014 3339 4085; x_wconf 87' lang='lat' dir='ltr'><strong>pisces</strong></span> <span class='ocrx_word' id='word_1_692' title='bbox 3366 4011 3622 4082; x_wconf 87' lang='lat' dir='ltr'><strong>gentiles,</strong></span> 
     </span>
    </p>
   </div>
   <div class='ocr_carea' id='block_1_96' title="bbox 2036 4104 3622 4185">
    <p class='ocr_par' dir='ltr' id='par_1_96' title="bbox 2036 4104 3622 4185">
     <span class='ocr_line' id='line_1_96' title="bbox 2036 4104 3622 4185; baseline -0.009 -14"><span class='ocrx_word' id='word_1_693' title='bbox 2036 4124 2094 4170; x_wconf 91' lang='lat' dir='ltr'><strong>et</strong></span> <span class='ocrx_word' id='word_1_694' title='bbox 2131 4131 2254 4185; x_wconf 61' lang='lat' dir='ltr'><strong>qua;</strong></span> <span class='ocrx_word' id='word_1_695' title='bbox 2295 4123 2425 4170; x_wconf 88' lang='lat' dir='ltr'><strong>sunt</strong></span> <span class='ocrx_word' id='word_1_696' title='bbox 2462 4128 2531 4168; x_wconf 75' lang='lat' dir='ltr'><strong>ex</strong></span> <span class='ocrx_word' id='word_1_697' title='bbox 2564 4112 2647 4167; x_wconf 90' lang='lat' dir='ltr'><strong>eis</strong></span> <span class='ocrx_word' id='word_1_698' title='bbox 2684 4110 2957 4166; x_wconf 90' lang='lat' dir='ltr'><strong>volucres.</strong></span> <span class='ocrx_word' id='word_1_699' title='bbox 2991 4109 3059 4163; x_wconf 89' lang='lat' dir='ltr'><strong>Et</strong></span> <span class='ocrx_word' id='word_1_700' title='bbox 3095 4107 3336 4177; x_wconf 88' lang='lat' dir='ltr'><strong>primum</strong></span> <span class='ocrx_word' id='word_1_701' title='bbox 3373 4104 3622 4174; x_wconf 85' lang='lat' dir='ltr'><strong>quidem,</strong></span> 
     </span>
    </p>
   </div>
   <div class='ocr_carea' id='block_1_97' title="bbox 2037 4197 3626 4281">
    <p class='ocr_par' dir='ltr' id='par_1_97' title="bbox 2037 4197 3626 4281">
     <span class='ocr_line' id='line_1_97' title="bbox 2037 4197 3626 4281; baseline -0.009 -16"><span class='ocrx_word' id='word_1_702' title='bbox 2037 4220 2333 4281; x_wconf 90' lang='lat' dir='ltr'><strong>propterea</strong></span> <span class='ocrx_word' id='word_1_703' title='bbox 2355 4206 2507 4277; x_wconf 89' lang='lat' dir='ltr'><strong>quod</strong></span> <span class='ocrx_word' id='word_1_704' title='bbox 2537 4220 2649 4261; x_wconf 90' lang='lat' dir='ltr'><strong>non</strong></span> <span class='ocrx_word' id='word_1_705' title='bbox 2679 4212 2811 4259; x_wconf 87' lang='lat' dir='ltr'><strong>sunt</strong></span> <span class='ocrx_word' id='word_1_706' title='bbox 2836 4200 3097 4273; x_wconf 85' lang='lat' dir='ltr'><strong>baptizati</strong></span> <span class='ocrx_word' id='word_1_707' title='bbox 3120 4240 3135 4266; x_wconf 92' lang='lat'><strong>,</strong></span> <span class='ocrx_word' id='word_1_708' title='bbox 3171 4207 3228 4255; x_wconf 90' lang='lat' dir='ltr'><strong>et</strong></span> <span class='ocrx_word' id='word_1_709' title='bbox 3258 4214 3368 4253; x_wconf 92' lang='lat' dir='ltr'><strong>non</strong></span> <span class='ocrx_word' id='word_1_710' title='bbox 3396 4197 3626 4251; x_wconf 89' lang='lat' dir='ltr'><strong>fuerunt</strong></span> 
     </span>
    </p>
   </div>
   <div class='ocr_carea' id='block_1_98' title="bbox 2039 4287 3626 4374">
    <p class='ocr_par' dir='ltr' id='par_1_98' title="bbox 2039 4287 3626 4374">
     <span class='ocr_line' id='line_1_98' title="bbox 2039 4287 3626 4374; baseline -0.011 -16"><span class='ocrx_word' id='word_1_711' title='bbox 2039 4300 2398 4374; x_wconf 88' lang='lat' dir='ltr'><strong>congenerati</strong></span> <span class='ocrx_word' id='word_1_712' title='bbox 2452 4313 2581 4355; x_wconf 89' lang='lat' dir='ltr'><strong>cum</strong></span> <span class='ocrx_word' id='word_1_713' title='bbox 2637 4311 2780 4366; x_wconf 88' lang='lat' dir='ltr'><strong>aqua</strong></span> <span class='ocrx_word' id='word_1_714' title='bbox 2831 4302 2890 4350; x_wconf 88' lang='lat' dir='ltr'><strong>et</strong></span> <span class='ocrx_word' id='word_1_715' title='bbox 2940 4293 3137 4363; x_wconf 88' lang='lat' dir='ltr'><strong>spiritu</strong></span> <span class='ocrx_word' id='word_1_716' title='bbox 3192 4289 3288 4360; x_wconf 91' lang='lat' dir='ltr'><strong>qui</strong></span> <span class='ocrx_word' id='word_1_717' title='bbox 3341 4287 3626 4343; x_wconf 88' lang='lat' dir='ltr'><strong>ferebatur</strong></span> 
     </span>
    </p>
   </div>
   <div class='ocr_carea' id='block_1_99' title="bbox 2041 4387 3623 4465">
    <p class='ocr_par' dir='ltr' id='par_1_99' title="bbox 2041 4387 3623 4465">
     <span class='ocr_line' id='line_1_99' title="bbox 2041 4387 3623 4465; baseline -0.011 -16"><span class='ocrx_word' id='word_1_718' title='bbox 2041 4409 2210 4465; x_wconf 90' lang='lat' dir='ltr'><strong>super</strong></span> <span class='ocrx_word' id='word_1_719' title='bbox 2244 4407 2447 4463; x_wconf 87' lang='lat' dir='ltr'><strong>aquam</strong></span> <span class='ocrx_word' id='word_1_720' title='bbox 2479 4407 2493 4444; x_wconf 93' lang='lat'>:</span> <span class='ocrx_word' id='word_1_721' title='bbox 2525 4387 2768 4444; x_wconf 86' lang='lat' dir='ltr'><strong>secunda</strong></span> <span class='ocrx_word' id='word_1_722' title='bbox 2796 4394 2982 4441; x_wconf 85' lang='lat' dir='ltr'><strong>autem</strong></span> <span class='ocrx_word' id='word_1_723' title='bbox 3015 4398 3180 4440; x_wconf 86' lang='lat' dir='ltr'><strong>causa</strong></span> <span class='ocrx_word' id='word_1_724' title='bbox 3207 4390 3435 4452; x_wconf 89' lang='lat' dir='ltr'><strong>propter</strong></span> <span class='ocrx_word' id='word_1_725' title='bbox 3457 4394 3623 4450; x_wconf 90' lang='lat' dir='ltr'><strong>quam</strong></span> 
     </span>
    </p>
   </div>
   <div class='ocr_carea' id='block_1_100' title="bbox 2040 4473 3628 4558">
    <p class='ocr_par' dir='ltr' id='par_1_100' title="bbox 2040 4473 3628 4558">
     <span class='ocr_line' id='line_1_100' title="bbox 2040 4473 3628 4558; baseline -0.009 -17"><span class='ocrx_word' id='word_1_726' title='bbox 2040 4485 2241 4558; x_wconf 85' lang='lat' dir='ltr'><strong>privati</strong></span> <span class='ocrx_word' id='word_1_727' title='bbox 2297 4492 2427 4540; x_wconf 90' lang='lat' dir='ltr'><strong>sunt</strong></span> <span class='ocrx_word' id='word_1_728' title='bbox 2471 4480 2897 4545; x_wconf 87' lang='lat' dir='ltr'><strong>benedictione;</strong></span> <span class='ocrx_word' id='word_1_729' title='bbox 2948 4476 3210 4547; x_wconf 88' lang='lat' dir='ltr'><strong>quoniam</strong></span> <span class='ocrx_word' id='word_1_730' title='bbox 3260 4475 3316 4530; x_wconf 93' lang='lat' dir='ltr'><strong>in</strong></span> <span class='ocrx_word' id='word_1_731' title='bbox 3368 4473 3450 4529; x_wconf 90' lang='lat' dir='ltr'><strong>eis</strong></span> <span class='ocrx_word' id='word_1_732' title='bbox 3500 4482 3628 4527; x_wconf 90' lang='lat' dir='ltr'><strong>erat</strong></span> 
     </span>
    </p>
   </div>
   <div class='ocr_carea' id='block_1_101' title="bbox 2041 4564 3627 4646">
    <p class='ocr_par' dir='ltr' id='par_1_101' title="bbox 2041 4564 3627 4646">
     <span class='ocr_line' id='line_1_101' title="bbox 2041 4564 3627 4646; baseline -0.008 -15"><span class='ocrx_word' id='word_1_733' title='bbox 2041 4591 2301 4646; x_wconf 85' lang='lat' dir='ltr'><strong>serpens,</strong></span> <span class='ocrx_word' id='word_1_734' title='bbox 2336 4575 2465 4630; x_wconf 58' lang='lat' dir='ltr'><strong>Eva:</strong></span> <span class='ocrx_word' id='word_1_735' title='bbox 2507 4572 2615 4644; x_wconf 82' lang='lat' dir='ltr'><strong>(vel</strong></span> <span class='ocrx_word' id='word_1_736' title='bbox 2659 4572 2845 4641; x_wconf 89' lang='lat' dir='ltr'><strong>potius</strong></span> <span class='ocrx_word' id='word_1_737' title='bbox 2884 4576 3088 4624; x_wconf 74' lang='lat' dir='ltr'><strong>sanctae</strong></span> <span class='ocrx_word' id='word_1_738' title='bbox 3128 4565 3410 4636; x_wconf 58' lang='lat' dir='ltr'><strong>Ecclesia!)</strong></span> <span class='ocrx_word' id='word_1_739' title='bbox 3451 4564 3627 4621; x_wconf 88' lang='lat' dir='ltr'><strong>hostis</strong></span> 
     </span>
    </p>
   </div>
   <div class='ocr_carea' id='block_1_102' title="bbox 2041 4658 3625 4732">
    <p class='ocr_par' dir='ltr' id='par_1_102' title="bbox 2041 4658 3625 4732">
     <span class='ocr_line' id='line_1_102' title="bbox 2041 4658 3625 4732; baseline -0.007 -8"><span class='ocrx_word' id='word_1_740' title='bbox 2041 4678 2099 4725; x_wconf 89' lang='lat' dir='ltr'><strong>et</strong></span> <span class='ocrx_word' id='word_1_741' title='bbox 2128 4667 2446 4732; x_wconf 86' lang='lat' dir='ltr'><strong>insidiator,</strong></span> <span class='ocrx_word' id='word_1_742' title='bbox 2472 4673 2530 4721; x_wconf 91' lang='lat' dir='ltr'><strong>et</strong></span> <span class='ocrx_word' id='word_1_743' title='bbox 2558 4663 2781 4718; x_wconf 90' lang='lat' dir='ltr'><strong>futurus</strong></span> <span class='ocrx_word' id='word_1_744' title='bbox 2813 4668 2934 4716; x_wconf 89' lang='lat' dir='ltr'><strong>erat</strong></span> <span class='ocrx_word' id='word_1_745' title='bbox 2965 4660 3242 4715; x_wconf 81' lang='lat' dir='ltr'><strong>obnoxius</strong></span> <span class='ocrx_word' id='word_1_746' title='bbox 3274 4659 3353 4713; x_wconf 91' lang='lat' dir='ltr'><strong>illi</strong></span> <span class='ocrx_word' id='word_1_747' title='bbox 3391 4658 3625 4714; x_wconf 87' lang='lat' dir='ltr'><strong>terribili</strong></span> 
     </span>
    </p>
   </div>
   <div class='ocr_carea' id='block_1_103' title="bbox 2041 4750 3623 4831">
    <p class='ocr_par' dir='ltr' id='par_1_103' title="bbox 2041 4750 3623 4831">
     <span class='ocr_line' id='line_1_103' title="bbox 2041 4750 3623 4831; baseline -0.008 -15"><span class='ocrx_word' id='word_1_748' title='bbox 2041 4760 2250 4816; x_wconf 88' lang='lat' dir='ltr'><strong>Christi</strong></span> <span class='ocrx_word' id='word_1_749' title='bbox 2297 4757 2694 4813; x_wconf 85' lang='lat' dir='ltr'><strong>exsecrationi.</strong></span> <span class='ocrx_word' id='word_1_750' title='bbox 2743 4753 3060 4809; x_wconf 84' lang='lat' dir='ltr'><strong>Invenimus</strong></span> <span class='ocrx_word' id='word_1_751' title='bbox 3107 4760 3293 4831; x_wconf 87' lang='lat' dir='ltr'><strong>autem</strong></span> <span class='ocrx_word' id='word_1_752' title='bbox 3346 4750 3519 4805; x_wconf 87' lang='lat' dir='ltr'><strong>Deum</strong></span> <span class='ocrx_word' id='word_1_753' title='bbox 3566 4750 3623 4804; x_wconf 86' lang='lat' dir='ltr'><strong>in</strong></span> 
     </span>
    </p>
   </div>
   <div class='ocr_carea' id='block_1_104' title="bbox 2043 4841 3625 4918">
    <p class='ocr_par' dir='ltr' id='par_1_104' title="bbox 2043 4841 3625 4918">
     <span class='ocr_line' id='line_1_104' title="bbox 2043 4841 3625 4918; baseline -0.007 -12"><span class='ocrx_word' id='word_1_754' title='bbox 2043 4851 2309 4906; x_wconf 88' lang='lat' dir='ltr'><strong>universa</strong></span> <span class='ocrx_word' id='word_1_755' title='bbox 2339 4848 2628 4918; x_wconf 90' lang='lat' dir='ltr'><strong>Scriptura</strong></span> <span class='ocrx_word' id='word_1_756' title='bbox 2657 4845 2815 4917; x_wconf 87' lang='lat' dir='ltr'><strong>legis,</strong></span> <span class='ocrx_word' id='word_1_757' title='bbox 2846 4860 2971 4901; x_wconf 90' lang='lat' dir='ltr'><strong>cum</strong></span> <span class='ocrx_word' id='word_1_758' title='bbox 3002 4859 3097 4898; x_wconf 90' lang='lat' dir='ltr'><strong>ore</strong></span> <span class='ocrx_word' id='word_1_759' title='bbox 3126 4841 3357 4914; x_wconf 83' lang='lat' dir='ltr'><strong>proprio</strong></span> <span class='ocrx_word' id='word_1_760' title='bbox 3384 4842 3625 4912; x_wconf 87' lang='lat' dir='ltr'><strong>aliquem</strong></span> 
     </span>
    </p>
   </div>
   <div class='ocr_carea' id='block_1_105' title="bbox 2047 4934 3627 5009">
    <p class='ocr_par' dir='ltr' id='par_1_105' title="bbox 2047 4934 3627 5009">
     <span class='ocr_line' id='line_1_105' title="bbox 2047 4934 3627 5009; baseline -0.009 -8"><span class='ocrx_word' id='word_1_761' title='bbox 2047 4941 2447 5006; x_wconf 76' lang='lat' dir='ltr'><strong>benedixisset,</strong></span> <span class='ocrx_word' id='word_1_762' title='bbox 2464 4951 2520 4997; x_wconf 90' lang='lat' dir='ltr'><strong>et</strong></span> <span class='ocrx_word' id='word_1_763' title='bbox 2539 4955 2666 4996; x_wconf 91' lang='lat' dir='ltr'><strong>eum</strong></span> <span class='ocrx_word' id='word_1_764' title='bbox 2690 4946 2887 5009; x_wconf 85' lang='lat' dir='ltr'><strong>postea</strong></span> <span class='ocrx_word' id='word_1_765' title='bbox 2904 4946 3054 4992; x_wconf 89' lang='lat' dir='ltr'><strong>esset</strong></span> <span class='ocrx_word' id='word_1_766' title='bbox 3072 4942 3414 5001; x_wconf 80' lang='lat' dir='ltr'><strong>exsecratus;</strong></span> <span class='ocrx_word' id='word_1_767' title='bbox 3439 4934 3627 4989; x_wconf 90' lang='lat' dir='ltr'><strong>nescio</strong></span> 
     </span>
    </p>
   </div>
   <div class='ocr_carea' id='block_1_106' title="bbox 2047 5026 3625 5103">
    <p class='ocr_par' dir='ltr' id='par_1_106' title="bbox 2047 5026 3625 5103">
     <span class='ocr_line' id='line_1_106' title="bbox 2047 5026 3625 5103; baseline -0.006 -13"><span class='ocrx_word' id='word_1_768' title='bbox 2047 5051 2118 5090; x_wconf 90' lang='lat' dir='ltr'><strong>an</strong></span> <span class='ocrx_word' id='word_1_769' title='bbox 2149 5050 2258 5090; x_wconf 92' lang='lat' dir='ltr'><strong>non</strong></span> <span class='ocrx_word' id='word_1_770' title='bbox 2287 5049 2412 5088; x_wconf 91' lang='lat' dir='ltr'><strong>cum</strong></span> <span class='ocrx_word' id='word_1_771' title='bbox 2446 5033 2629 5103; x_wconf 83' lang='lat' dir='ltr'><strong>aliqua</strong></span> <span class='ocrx_word' id='word_1_772' title='bbox 2657 5029 3017 5086; x_wconf 87' lang='lat' dir='ltr'><strong>distinctione</strong></span> <span class='ocrx_word' id='word_1_773' title='bbox 3042 5027 3263 5083; x_wconf 91' lang='lat' dir='ltr'><strong>dederit</strong></span> <span class='ocrx_word' id='word_1_774' title='bbox 3285 5026 3625 5082; x_wconf 85' lang='lat' dir='ltr'><strong>benedictio-</strong></span> 
     </span>
    </p>
   </div>
   <div class='ocr_carea' id='block_1_107' title="bbox 2047 5115 3627 5194">
    <p class='ocr_par' dir='ltr' id='par_1_107' title="bbox 2047 5115 3627 5194">
     <span class='ocr_line' id='line_1_107' title="bbox 2047 5115 3627 5194; baseline -0.007 -13"><span class='ocrx_word' id='word_1_775' title='bbox 2047 5140 2176 5181; x_wconf 89' lang='lat' dir='ltr'><strong>nem</strong></span> <span class='ocrx_word' id='word_1_776' title='bbox 2217 5143 2229 5178; x_wconf 92' lang='lat'><strong>:</strong></span> <span class='ocrx_word' id='word_1_777' title='bbox 2265 5123 2557 5194; x_wconf 81' lang='lat' dir='ltr'><strong>quomodo</strong></span> <span class='ocrx_word' id='word_1_778' title='bbox 2588 5123 2643 5176; x_wconf 92' lang='lat' dir='ltr'><strong>in</strong></span> <span class='ocrx_word' id='word_1_779' title='bbox 2666 5122 2889 5178; x_wconf 84' lang='lat' dir='ltr'><strong>.Israele</strong></span> <span class='ocrx_word' id='word_1_780' title='bbox 2924 5119 3060 5173; x_wconf 85' lang='lat' dir='ltr'><strong>dicit</strong></span> <span class='ocrx_word' id='word_1_781' title='bbox 3090 5128 3147 5174; x_wconf 91' lang='lat' dir='ltr'><strong>et</strong></span> <span class='ocrx_word' id='word_1_782' title='bbox 3179 5117 3472 5173; x_wconf 87' lang='lat' dir='ltr'><strong>Salomone</strong></span> <span class='ocrx_word' id='word_1_783' title='bbox 3493 5135 3527 5171; x_wconf 86' lang='lat'><strong>.:</strong></span> <span class='ocrx_word' id='word_1_784' title='bbox 3568 5115 3627 5171; x_wconf 84' lang='lat' dir='ltr'><strong>Si</strong></span> 
     </span>
    </p>
   </div>
   <div class='ocr_carea' id='block_1_108' title="bbox 2049 5210 3623 5287">
    <p class='ocr_par' dir='ltr' id='par_1_108' title="bbox 2049 5210 3623 5287">
     <span class='ocr_line' id='line_1_108' title="bbox 2049 5210 3623 5287; baseline -0.006 -16"><span class='ocrx_word' id='word_1_785' title='bbox 2049 5216 2401 5271; x_wconf 72' lang='lat' dir='ltr'><strong>custodieritis</strong></span> <span class='ocrx_word' id='word_1_786' title='bbox 2430 5221 2693 5287; x_wconf 71' lang='lat' dir='ltr'><strong>pmcepta</strong></span> <span class='ocrx_word' id='word_1_787' title='bbox 2722 5229 2840 5266; x_wconf 86' lang='lat' dir='ltr'><strong>mea</strong></span> <span class='ocrx_word' id='word_1_788' title='bbox 2874 5221 2922 5265; x_wconf 85' lang='lat' dir='ltr'><strong>et</strong></span> <span class='ocrx_word' id='word_1_789' title='bbox 2947 5212 3361 5281; x_wconf 76' lang='lat' dir='ltr'><strong>justiﬁcationes</strong></span> <span class='ocrx_word' id='word_1_790' title='bbox 3394 5226 3536 5265; x_wconf 78' lang='lat' dir='ltr'><strong>meas</strong></span> <span class='ocrx_word' id='word_1_791' title='bbox 3558 5210 3623 5262; x_wconf 79' lang='lat'><strong>&quot;.</strong></span> 
     </span>
    </p>
   </div>
   <div class='ocr_carea' id='block_1_109' title="bbox 2048 5301 3628 5373">
    <p class='ocr_par' dir='ltr' id='par_1_109' title="bbox 2048 5301 3628 5373">
     <span class='ocr_line' id='line_1_109' title="bbox 2048 5301 3628 5373; baseline -0.007 -8"><span class='ocrx_word' id='word_1_792' title='bbox 2048 5308 2380 5365; x_wconf 72' lang='lat' dir='ltr'><strong>Pracsciebat</strong></span> <span class='ocrx_word' id='word_1_793' title='bbox 2410 5308 2560 5363; x_wconf 90' lang='lat' dir='ltr'><strong>enim</strong></span> <span class='ocrx_word' id='word_1_794' title='bbox 2596 5306 2846 5360; x_wconf 85' lang='lat' dir='ltr'><strong>futurum</strong></span> <span class='ocrx_word' id='word_1_795' title='bbox 2880 5311 2943 5357; x_wconf 89' lang='lat' dir='ltr'><strong>ut</strong></span> <span class='ocrx_word' id='word_1_796' title='bbox 2978 5310 3215 5373; x_wconf 89' lang='lat' dir='ltr'><strong>uterque</strong></span> <span class='ocrx_word' id='word_1_797' title='bbox 3262 5303 3342 5373; x_wconf 89' lang='lat' dir='ltr'><strong>(et</strong></span> <span class='ocrx_word' id='word_1_798' title='bbox 3392 5301 3628 5355; x_wconf 74' lang='lat' dir='ltr'><strong>maxime</strong></span> 
     </span>
    </p>
   </div>
   <div class='ocr_carea' id='block_1_110' title="bbox 2046 5398 3628 5475">
    <p class='ocr_par' dir='ltr' id='par_1_110' title="bbox 2046 5398 3628 5475">
     <span class='ocr_line' id='line_1_110' title="bbox 2046 5398 3628 5475; baseline -0.006 -18"><span class='ocrx_word' id='word_1_799' title='bbox 2046 5402 2257 5475; x_wconf 81' lang='lat' dir='ltr'><strong>Israel)</strong></span> <span class='ocrx_word' id='word_1_800' title='bbox 2283 5402 2500 5458; x_wconf 80' lang='lat' dir='ltr'><strong>divinas</strong></span> <span class='ocrx_word' id='word_1_801' title='bbox 2527 5402 2678 5471; x_wconf 83' lang='lat' dir='ltr'><strong>leges</strong></span> <span class='ocrx_word' id='word_1_802' title='bbox 2717 5408 2866 5455; x_wconf 91' lang='lat' dir='ltr'><strong>esset</strong></span> <span class='ocrx_word' id='word_1_803' title='bbox 2892 5398 3207 5452; x_wconf 90' lang='lat' dir='ltr'><strong>aboliturus</strong></span> <span class='ocrx_word' id='word_1_804' title='bbox 3234 5404 3292 5451; x_wconf 92' lang='lat' dir='ltr'><strong>et</strong></span> <span class='ocrx_word' id='word_1_805' title='bbox 3315 5405 3628 5466; x_wconf 84' lang='lat' dir='ltr'><strong>transgres-</strong></span> 
     </span>
    </p>
   </div>
   <div class='ocr_carea' id='block_1_111' title="bbox 2045 5484 3629 5561">
    <p class='ocr_par' dir='ltr' id='par_1_111' title="bbox 2045 5484 3629 5561">
     <span class='ocr_line' id='line_1_111' title="bbox 2045 5484 3629 5561; baseline -0.008 -9"><span class='ocrx_word' id='word_1_806' title='bbox 2045 5511 2241 5561; x_wconf 89' lang='lat' dir='ltr'><strong>surus,</strong></span> <span class='ocrx_word' id='word_1_807' title='bbox 2272 5505 2330 5551; x_wconf 92' lang='lat' dir='ltr'><strong>et</strong></span> <span class='ocrx_word' id='word_1_808' title='bbox 2360 5493 2583 5549; x_wconf 88' lang='lat' dir='ltr'><strong>futurus</strong></span> <span class='ocrx_word' id='word_1_809' title='bbox 2613 5499 2764 5548; x_wconf 86' lang='lat' dir='ltr'><strong>esset</strong></span> <span class='ocrx_word' id='word_1_810' title='bbox 2794 5489 3071 5547; x_wconf 78' lang='lat' dir='ltr'><strong>obnoxius</strong></span> <span class='ocrx_word' id='word_1_811' title='bbox 3102 5490 3209 5544; x_wconf 89' lang='lat' dir='ltr'><strong>illis</strong></span> <span class='ocrx_word' id='word_1_812' title='bbox 3246 5484 3629 5543; x_wconf 82' lang='lat' dir='ltr'><strong>innumerabi-</strong></span> 
     </span>
    </p>
   </div>
   <div class='ocr_carea' id='block_1_112' title="bbox 429 5660 1931 5769">
    <p class='ocr_par' dir='ltr' id='par_1_112' title="bbox 429 5686 1931 5769">
     <span class='ocr_line' id='line_1_112' title="bbox 429 5686 1931 5769; baseline -0.013 2"><span class='ocrx_word' id='word_1_813' title='bbox 429 5686 696 5769; x_wconf 42' lang='lat' dir='ltr'><strong>“ﬂ”???</strong></span> <span class='ocrx_word' id='word_1_814' title='bbox 727 5707 803 5755; x_wconf 65' lang='grc' dir='ltr'><strong>ἠν</strong></span> <span class='ocrx_word' id='word_1_815' title='bbox 832 5695 885 5745; x_wconf 56' lang='lat'><strong>2-</strong></span> <span class='ocrx_word' id='word_1_816' title='bbox 963 5691 1196 5753; x_wconf 55' lang='lat' dir='ltr'><strong>&quot;Cum.</strong></span> <span class='ocrx_word' id='word_1_817' title='bbox 1245 5716 1297 5764; x_wconf 81' lang='grc'><strong>1,-</strong></span> <span class='ocrx_word' id='word_1_818' title='bbox 1342 5695 1408 5752; x_wconf 67' lang='grc' dir='ltr'><strong>ἓν</strong></span> <span class='ocrx_word' id='word_1_819' title='bbox 1473 5699 1518 5733; x_wconf 77' lang='grc'><strong>’⁸</strong></span> <span class='ocrx_word' id='word_1_820' title='bbox 1542 5698 1715 5756; x_wconf 81' lang='lat' dir='ltr'><strong>Exod.</strong></span> <span class='ocrx_word' id='word_1_821' title='bbox 1763 5701 1931 5769; x_wconf 53' lang='grc' dir='ltr'><strong>μκή</strong></span> 
     </span>
    </p>
   </div>
   <div class='ocr_carea' id='block_1_113' title="bbox 2031 5660 3635 5769">
    <p class='ocr_par' dir='ltr' id='par_1_113' title="bbox 2099 5688 3635 5767">
     <span class='ocr_line' id='line_1_113' title="bbox 2099 5688 3635 5767; baseline -0.011 -8"><span class='ocrx_word' id='word_1_822' title='bbox 2099 5703 2144 5733; x_wconf 71' lang='grc'><strong>’³</strong></span> <span class='ocrx_word' id='word_1_823' title='bbox 2179 5699 2320 5758; x_wconf 85' lang='lat' dir='ltr'><strong>Psal.</strong></span> <span class='ocrx_word' id='word_1_824' title='bbox 2360 5714 2542 5767; x_wconf 74' lang='lat' dir='ltr'><strong>vatn,</strong></span> <span class='ocrx_word' id='word_1_825' title='bbox 2571 5697 2673 5767; x_wconf 71' lang='lat'><strong>2‘2;</strong></span> <span class='ocrx_word' id='word_1_826' title='bbox 2727 5696 2915 5753; x_wconf 81' lang='lat' dir='ltr'><strong>Matth.</strong></span> <span class='ocrx_word' id='word_1_827' title='bbox 2970 5708 3131 5763; x_wconf 72' lang='lat' dir='ltr'><strong>xxvn,</strong></span> <span class='ocrx_word' id='word_1_828' title='bbox 3183 5692 3271 5748; x_wconf 67' lang='grc'><strong>48.</strong></span> <span class='ocrx_word' id='word_1_829' title='bbox 3374 5692 3422 5725; x_wconf 78' lang='grc'>³⁷</span> <span class='ocrx_word' id='word_1_830' title='bbox 3464 5688 3635 5745; x_wconf 74' lang='lat' dir='ltr'><strong>Deut.</strong></span> 
     </span>
    </p>
   </div>
   <div class='ocr_carea' id='block_1_114' title="bbox 354 5765 1059 5840">
    <p class='ocr_par' dir='ltr' id='par_1_114' title="bbox 354 5765 1059 5840">
     <span class='ocr_line' id='line_1_114' title="bbox 354 5765 1059 5840; baseline 0 -20"><span class='ocrx_word' id='word_1_831' title='bbox 354 5783 430 5834; x_wconf 73' lang='grc' dir='ltr'><strong>ιι,</strong></span> <span class='ocrx_word' id='word_1_832' title='bbox 470 5765 550 5831; x_wconf 69' lang='grc'><strong>22;</strong></span> <span class='ocrx_word' id='word_1_833' title='bbox 597 5765 660 5818; x_wconf 89' lang='grc' dir='ltr'><strong>ΙΙΙ</strong></span> <span class='ocrx_word' id='word_1_834' title='bbox 700 5769 827 5840; x_wconf 71' lang='lat' dir='ltr'><strong>lleg.</strong></span> <span class='ocrx_word' id='word_1_835' title='bbox 869 5784 939 5836; x_wconf 82' lang='lat' dir='ltr'><strong>vl,</strong></span> <span class='ocrx_word' id='word_1_836' title='bbox 974 5769 1059 5827; x_wconf 69' lang='grc'><strong>12.</strong></span> 
     </span>
    </p>
   </div>
  </div>
