4056 6148
526 242 634 307 929

522 359 674 415 libus
701 372 825 428 quae
856 363 986 412 sunt
1015 354 1070 410 in
1105 354 1252 425 Lege
1284 350 1761 411 exsecrationibus
1806 369 1819 405 :

523 460 706 507 autem
731 447 999 513 euntium,
1021 457 1246 517 prOpter
1262 445 1503 500 futuram
1527 460 1719 500 eorum
1742 443 1799 498 in
1819 442 2099 499 Christum

524 542 888 612 impietatem,
913 555 981 593 ex
1020 553 1117 593 ore
1158 538 1309 595 illius
1343 550 1465 592 esse
1504 544 1865 604 suscepturos
1896 550 1975 589 vas
2009 533 2099 587 illa

522 631 971 697 innumerabilia,
999 638 1054 685 et
1079 630 1383 692 sententias
1406 627 1768 683 desolationis
1792 635 1849 680 et
1870 626 2100 696 eiectio-

494 726 626 780 "nis.
658 724 762 791 Qui
795 732 980 778 autem
1012 738 1123 777 non
1155 723 1236 777 sic
1265 720 1567 789 accipiens,
1599 718 1816 774 divinas
1847 718 2100 787 Scriptu-

520 831 612 870 ras
652 815 919 885 explicat,
958 814 1240 885 quodnam
1280 819 1565 881 peccatum
1602 810 1657 863 in
1692 810 1862 863 Deum
1902 818 2099 879 potue-

515 911 650 958 runt
674 916 904 972 peccare
932 910 1093 955 terra:
1121 898 1448 962 animantia,
1474 897 1623 966 quod
1656 911 1764 951 non
1797 896 1880 951 eis
1911 910 2098 965 parem

517 994 853 1066 impertierit
904 992 1351 1048 benedictionem
1408 1005 1573 1060 quam
1626 990 1909 1060 piscibus?
1960 989 2097 1043 Nam

514 1088 663 1158 quod
707 1086 775 1147 ad
813 1084 1066 1154 corporis
1105 1081 1559 1138 constitutionem
1599 1081 1800 1135 attinet
1836 1087 1894 1134 et
1933 1088 2096 1133 natu-

514 1196 656 1245 ram,
682 1193 804 1234 eam
837 1179 998 1248 longe
1029 1176 1237 1230 habent
1261 1173 1711 1229 excellentiorcm
1739 1181 1795 1228 et
1821 1172 1981 1242 plane
2013 1172 2098 1226 in-

513 1268 944 1339 comparabilem
967 1281 1001 1321 e
1020 1275 1176 1321 terra
1201 1264 1388 1335 genita
1414 1262 1718 1318 animantia
1743 1272 1801 1317 et
1823 1265 2093 1334 jumenta,

482 1398 495 1439 :-
514 1378 678 1433 quam
708 1362 913 1432 pisces.
1124 1414 1133 1417 ,

532 1446 537 1453 ’
584 1452 701 1507 Hoc
732 1452 833 1506 tibi
863 1446 1194 1522 persuadeat
1221 1456 1278 1504 et
1299 1449 1455 1503 canis
1483 1446 1580 1517 qui
1608 1446 1846 1502 ﬁdeliter
1872 1460 2093 1517 gregem

514 1554 727 1610 servat,
751 1544 976 1603 domum
1011 1542 1284 1607 custodit,
1313 1550 1370 1596 et
1397 1549 1483 1596 est
1510 1540 1685 1594 vineae
1718 1538 2002 1609 prtesidin:
2038 1544 2095 1591 et

514 1639 614 1693 bos
634 1644 689 1692 et
710 1637 899 1691 asinus
913 1635 1008 1705 qui
1027 1642 1237 1689 norunt
1253 1649 1385 1689 suos
1406 1631 1820 1697 benefactores;
1845 1639 1901 1684 et
1916 1646 2092 1699 equus

510 1733 569 1781 et
595 1726 780 1780 mulus
807 1733 863 1778 et
891 1725 1136 1779 camelus
1165 1723 1260 1793 qui
1294 1737 1460 1791 supra
1492 1722 1788 1775 humanam
1822 1720 2091 1774 rationem

511 1832 655 1887 saepe
682 1816 870 1871 sciunt
893 1816 1010 1869 vias
1039 1831 1178 1884 quas
1204 1813 1374 1868 semel
1407 1814 1641 1883 ingressi
1671 1819 1818 1875 sunt,
1843 1819 1901 1867 et
1922 1820 2087 1865 noctu

509 1923 655 1979 saepe
697 1915 828 1962 sunt
860 1908 997 1962 certi
1034 1907 1207 1962 duces
1241 1920 1470 1961 suorum
1506 1904 1856 1959 dominorum
1893 1920 1906 1957 :
1944 1902 2091 1957 unde

507 2001 677 2055 etiam
706 1994 849 2069 saepe
881 2000 935 2053 in
968 1999 1116 2053 bello
1146 2005 1273 2067 post
1297 1998 1490 2063 Deum,
1516 2010 1787 2066 equorum
1820 2003 1877 2049 et
1907 1995 2089 2047 mulo-

509 2106 634 2146 rum
677 2098 734 2145 et
767 2091 1105 2146 camelorum
1144 2089 1516 2144 ministerium
1550 2097 1636 2143 est
1670 2086 1853 2141 saluti.
1878 2085 2090 2152 Quibus

507 2184 556 2237 si
600 2193 819 2239 careret
861 2183 1165 2236 humanum
1211 2196 1407 2253 genus,
1438 2179 1678 2259 periret;
1729 2186 1791 2232 ut
1832 2177 1980 2247 quod
2019 2178 2087 2230 ad

508 2268 936 2324 ministrantium
982 2269 1090 2323 sibi
1132 2284 1241 2323 non
1284 2269 1580 2324 sumceret.
1618 2268 1774 2324 Unde
1814 2268 1982 2322 etiam
2022 2281 2087 2321 ea

508 2361 716 2417 habere
763 2362 1099 2431 sapientiam
1152 2368 1388 2416 testatus
1438 2368 1526 2416 est
1575 2360 1755 2423 Deus,
1792 2358 1905 2428 jam
1952 2357 2088 2413 olim

493 2451 743 2523 loquens
780 2452 1309 2508 misericordissimo
1350 2459 1407 2506 et
1444 2450 1854 2520 patientissimo
1888 2448 2029 2504 Jobo
2070 2464 2083 2501 :

507 2542 764 2616 Nunquid
792 2545 1042 2616 praebebis
1076 2560 1210 2616 equo
1242 2544 1630 2614 fortitudinem,
1662 2551 1755 2596 aut
1786 2540 2087 2595 circumda-

507 2635 583 2690 tis
612 2636 748 2690 collo
775 2637 890 2705 ejus
916 2637 1221 2691 hinnitum?
1250 2634 1501 2690 Exsultat
1524 2634 1800 2699 audacter,
1822 2634 1880 2686 in
1905 2644 2089 2686 occur-

446 2744 453 2747 ·
506 2742 623 2781 sum
668 2729 841 2799 pergit
883 2727 1130 2782 armatis.
1165 2726 1471 2783 Contemnit
1508 2741 1787 2797 pavorem,
1816 2740 1915 2778 nec
1950 2723 2087 2777 cedit

506 2815 775 2887 gladio”,
804 2823 915 2871 etc.
940 2816 1006 2870 ‘ln
1036 2816 1265 2871 marinis
1298 2824 1481 2871 autem
1510 2814 1824 2885 reptilibus,
1854 2812 2087 2882 piscium

506 2921 688 2976 neque
733 2920 841 2961 vox
883 2914 989 2972 est,
1029 2920 1211 2977 neque
1257 2905 1520 2976 cognitio,
1556 2919 1740 2974 neque
1787 2903 2083 2974 sapientia,

1622 236 1704 297 IN
1742 233 2293 297 HEXAEMERON.
2321 259 2389 270 —
2422 235 2572 296 LIB.
2611 234 2711 296 VI.

1865 351 2101 405 maxime
2136 356 2178 411 Α
2207 366 2376 420 opera
2407 359 2493 406 est
2524 350 2772 405 imitatus
2806 366 2819 403 :
2854 348 2956 405 Ille
2988 358 3103 405 erat
3131 350 3396 406 homicida
3432 354 3507 408 ab.
3529 355 3682 411 initio
3704 358 3781 424 '9;

3675 238 3781 303 930

2206 444 2312 498 hoc
2349 453 2455 509 est,
2490 442 2671 498 statim
2714 443 2784 499 ab
2826 442 2986 497 initio
3027 443 3416 512 productionis
3457 446 3682 513 mundi;
3724 457 3783 504 ut

2203 535 2296 602 qui
2333 533 2621 602 proprium
2654 531 2885 587 fratrem
2926 530 3293 585 interfecerit.
3332 530 3477 602 Ergo
3507 548 3606 586 vos
3640 542 3782 601 quo-

2201 640 2309 695 que
2348 625 2506 680 eritis
2550 623 2841 678 homicida
2880 624 2948 677 ad
2990 622 3377 689 imitationem,
3412 632 3592 682 morte
3632 626 3782 681 enim

2201 717 2450 773 aﬂicietis
2495 732 2673 771 meam
2716 716 2846 772 Jesu
2893 715 3326 782 humanitatem;
3369 716 3609 783 nullum,
3659 727 3782 773 tan-

2201 822 2365 876 quam
2399 806 2533 871 Deo,
2572 805 2709 860 mihi
2743 806 3005 860 damnum
3041 806 3270 872 illaturi,
3302 816 3598 876 propterea
3630 808 3781 880 quod

2199 915 2313 954 non
2345 899 2572 969 possitis
2599 898 2655 953 in
2685 913 2755 954 eo
2782 914 2868 954 me
2895 898 3141 970 aggredi.

2271 991 2397 1045 llaec
2429 1000 2616 1045 autem
2649 991 2832 1045 omnia
2861 990 3177 1046 testimonia
3201 990 3535 1046 adduximus
3563 991 3633 1047 ad
3664 994 3779 1063 glo-

2198 1085 2491 1140 riationem
2521 1094 2578 1140 et
2600 1085 3023 1141 exsultationem
3044 1085 3255 1140 Christi
3282 1086 3541 1142 Ecclesiae
3567 1105 3579 1139 :
3607 1088 3781 1141 maxi-

2198 1193 2343 1232 mam
2374 1180 2521 1233 enim
2554 1178 2847 1233 utilitatem
2879 1186 2937 1232 et
2963 1178 3439 1233 confirmationem
3475 1179 3779 1249 accipimus

2196 1285 2299 1325 nos
2352 1269 2582 1334 ﬁdeles,
2637 1285 2763 1324 cum
2825 1270 3090 1326 discimus
3146 1270 3317 1340 quod,
3353 1286 3477 1326 cum
3535 1271 3777 1341 primum

2195 1361 2396 1415 caelum
2439 1369 2495 1415 et
2539 1369 2685 1416 terra
2727 1362 3080 1426 creabantur,
3109 1378 3177 1416 ex
3214 1378 3281 1416 eo
3320 1372 3565 1432 tempore
3606 1363 3779 1418 admi-

2195 1453 2452 1508 rabilium
2480 1469 2746 1523 aquarum
2776 1455 3015 1523 populus
3041 1455 3321 1523 reptilium
3346 1456 3581 1524 piscium
3610 1456 3780 1511 bene-

2193 1546 2495 1601 dictionem
2532 1546 2751 1615 a'ecepit
2781 1563 2810 1599 a
2842 1545 3094 1600 Domino.
3124 1548 3319 1601 Frater
3345 1555 3527 1601 autem
3561 1547 3775 1616 prodigi

2195 1635 2364 1705 hujus
2401 1636 2500 1690 lilii
2536 1636 2789 1707 gentilis,
2822 1638 2915 1706 qui
2950 1646 3071 1691 erat
3104 1637 3324 1707 in'agro
3355 1638 3528 1692 vincte
3562 1637 3779 1692 lsraelis

2192 1728 2458 1797 agricola,
2482 1728 2688 1783 mansit
2709 1729 2828 1783 sine
2854 1729 3241 1784 benedictione
3268 1729 3440 1798 utqui
3466 1731 3575 1784 huc
3601 1745 3776 1798 usque

2192 1835 2305 1887 non
2348 1821 2579 1875 inducat
2620 1821 2676 1875 in
2723 1821 2967 1875 animum
3006 1822 3220 1892 ingredi
3253 1829 3461 1877 etesse
3496 1823 3777 1892 particeps

2189 1913 2441 1981 corporis
2497 1921 2555 1968 et
2612 1913 2899 1983 sanguinis
2949 1913 3108 1967 vituli
3168 1912 3424 1983 saginati.
3482 1913 3777 1983 Saginatus

2190 2012 2377 2059 autem
2404 2005 2614 2060 vitulus
2640 2006 2964 2060 nominatur
2989 2005 3265 2067 Christus,
3292 2007 3554 2075 quoniam
3585 2007 3775 2060 multis

2193 2096 2535 2165 temporibus
2567 2104 2695 2151 ante
2727 2097 2952 2166 nuptias
2982 2105 3039 2150 et
3068 2097 3330 2150 unionem
3365 2110 3492 2150 cum
3527 2096 3803 2151 Ecclesia-

2191 2187 2489 2255 parabatur
2532 2203 2561 2242 a
2600 2202 2702 2242 suo
2740 2188 2902 2242 Patre
2948 2188 3000 2241 in
3044 2202 3202 2242 esum
3242 2187 3513 2256 gentium,
3541 2196 3597 2240 et
3631 2202 3771 2256 quo-

2186 2277 2482 2332 dammodo
2532 2279 2890 2349 saginabatur
2941 2287 3369 2334 sacramentum.
3425 2279 3573 2333 Deus
3622 2278 3770 2332 enim

2186 2375 2313 2421 ante
2353 2367 2551 2421 sarcula
2590 2367 2881 2437 antiquum
2919 2383 3114 2423 verum
3156 2369 3428 2423 revelavit
3473 2368 3770 2433 consilium

2186 2455 2254 2510 ad
2284 2455 2515 2525 gloriam
2548 2467 2794 2510 nostram
2824 2458 3096 2528 gentium,
3124 2458 3268 2512 sicut
3294 2459 3496 2513 clamat
3517 2458 3686 2513 Isaias
3716 2466 3774 2513 et

2185 2546 2407 2601 Paulus.
2436 2547 2506 2602 Et
2531 2547 2671 2601 dixit
2700 2548 2848 2603 Deus
2883 2566 2895 2602 :
2930 2549 3217 2603 Faciamus
3244 2550 3505 2604 hominem
3539 2550 3609 2603 ad
3637 2549 3773 2603 ima-

2185 2639 2361 2708 ginem
2400 2647 2453 2692 et
2488 2639 2891 2693 similitudinem
2932 2649 3191 2695 nostram.
3229 2640 3640 2696 Convenienter
3679 2655 3770 2694 ra-

2188 2727 2323 2782 tioni
2375 2743 2680 2800 anagoges,
2730 2727 3012 2789 Christum
3057 2729 3149 2785 hic
3194 2730 3505 2801 intelliges,
3554 2729 3610 2783 in
3661 2743 3773 2798 quo

2186 2819 2393 2877 dicitur
2422 2808 2609 2875 illud:
2639 2819 2922 2876 Faciamus
2955 2823 3240 2887 hominem,
3268 2822 3492 2892 quando
3526 2822 3773 2891 suscepit

2186 2908 2504 2974 hominem;
2544 2910 2680 2965 illud
2723 2921 2933 2978 autem,
2962 2912 3268 2979 Faciamus,
3298 2928 3408 2968 non
3448 2914 3599 2968 solus
3637 2911 3773 2967 dicit

499 3008 689 3064 neque
720 2990 978 3060 scicntia,
1008 3009 1189 3065 neque
1223 2993 1515 3058 memoria,
1547 3008 1731 3063 neque
1760 3007 1961 3048 sensus
1989 2989 2083 3062 qui
2110 3021 2155 3079 ο
2186 3001 2353 3056 Pater
2395 3010 2461 3057 et
2500 3001 2773 3070 Spiritus,
2821 3003 2914 3059 hic
2964 3003 3191 3073 quidem
3238 3012 3301 3059 ut
3349 3004 3667 3074 approbatis
3715 3013 3773 3058 et

504 3093 824 3154 cognoscat,
844 3100 1033 3155 neque
1071 3083 1339 3140 adversus
1368 3084 1668 3140 Dominum
1697 3084 1946 3139 servitus
1983 3083 2084 3138 ali-

506 3194 620 3248 qua
643 3190 739 3234 aut
764 3178 1152 3233 benevolentia
1175 3186 1271 3231 aut
1291 3191 1467 3231 amor.
1489 3175 1621 3243 Quae
1643 3175 1867 3246 quidem
1892 3190 2086 3230 omnes

506 3269 744 3340 piscium
789 3270 1159 3339 proprietates
1201 3267 1434 3322 rationis
1474 3273 1532 3322 et
1572 3279 1770 3321 sensus
1809 3264 2084 3336 expertes,

502 3363 709 3433 populo
729 3359 977 3430 gentium
1008 3359 1167 3414 valde
1199 3357 1561 3422 conveniunt,
1597 3368 1658 3411 ut
1686 3357 1754 3412 de
1786 3372 1855 3411 eo
1870 3356 2087 3418 intelli-

503 3461 704 3525 gan‘tur
728 3460 785 3507 et
811 3452 1088 3507 dicantur.
1112 3451 1281 3507 Prius
1309 3450 1459 3506 enim
1488 3458 1608 3506 erat
1628 3450 1834 3505 surdus
1861 3451 2009 3505 sicut
2031 3458 2090 3505 et

507 3540 710 3616 pisces,
728 3562 853 3600 non
892 3546 1130 3603 audiens
1151 3560 1346 3600 vocem
1384 3543 1624 3598 Domini.
1663 3544 1795 3597 Erat
1817 3551 2002 3597 autem
2035 3548 2091 3597 et

504 3648 695 3694 mutus
733 3637 878 3693 sicut
914 3637 1040 3707 ipsi.
1090 3636 1212 3691 Non
1251 3635 1490 3689 habebat
1527 3634 1677 3688 enim
1718 3634 1773 3687 in
1816 3650 1876 3689 se
1911 3634 2085 3688 Deum

503 3729 779 3795 Verbum;
810 3742 975 3783 aures
997 3728 1117 3799 ejus
1142 3735 1200 3782 et
1222 3716 1702 3782 osobturantibus
1730 3724 2088 3780 daemoniacis

501 3822 684 3893 aquis,
713 3822 1003 3891 oculisque
1044 3820 1304 3875 tenebras
1339 3818 1781 3883 oﬂ‘undentibus,
1813 3834 1885 3873 ne
1917 3831 2087 3888 agno-

467 3922 727 3968 scerent
756 3921 813 3967 et
846 3914 1040 3967 oculos
1080 3912 1438 3967 intenderent
1471 3911 1527 3966 in
1562 3910 1754 3966 Solem
1791 3911 2085 3966 Dominum

501 4005 786 4062 Christum
806 4005 1007 4060 Deum.
1034 4006 1333 4074 Propterea
1358 4004 1506 4060 enim
1534 4003 1593 4058 in
1625 4012 1811 4074 typum
1838 4004 2085 4074 gentium

504 4098 653 4153 Deus
687 4096 987 4167 appellavit
1025 4098 1261 4169 reptiiia'
1283 4096 1467 4165 pisces
1496 4096 1789 4161 animalia,
1824 4096 2085 4165 quoniam

505 4188 706 4257 reptile
758 4195 844 4241 est
893 4186 1072 4241 simile
1127 4185 1405 4241 diabolico
1452 4186 1737 4254 serpenti,
1792 4185 1976 4240 anima
2026 4194 2087 4241 et

501 4279 673 4336 corde
696 4288 753 4335 et
778 4279 1264 4334 ratione.-Pectore
1298 4280 1354 4334 in
1387 4287 1585 4333 terram
1616 4286 1791 4333 totum
1821 4279 2081 4343 trahitur,

2189 3098 2371 3144 ratum
2404 3090 2636 3155 habens,
2667 3090 2759 3145 ille
2789 3099 2972 3145 autem
3004 3100 3067 3146 ut
3096 3107 3440 3161 praeparans;
3470 3093 3569 3149 sed
3600 3092 3769 3147 etiam

2188 3178 2362 3233 Filius
2388 3185 2449 3232 ut
2470 3179 2620 3234 Deus
2638 3180 2923 3235 consentit
2945 3179 3012 3235 de
3041 3195 3110 3235 eo
3132 3180 3286 3249 quod
3318 3188 3404 3235 est
3424 3180 3768 3247 iaciendum,

2187 3278 2251 3326 ut
2280 3272 2399 3341 ipse
2431 3286 2654 3341 quoque
2679 3280 2951 3327 cernatur
2978 3272 3236 3342 amplecti
3273 3272 3528 3327 humana:
3560 3282 3772 3327 natura:

2186 3364 2598 3433 susceptionem
2645 3381 2659 3417 :
2701 3363 2797 3419 sed
2847 3363 3090 3433 primum
3125 3371 3215 3418 est
3251 3363 3413 3417 aliter
3446 3363 3769 3417 examinan-

2186 3455 2320 3510 dum
2350 3456 2603 3510 verbum.
2635 3455 2704 3509 Et
2728 3457 2842 3525 jam
2875 3456 3100 3526 quidem
3125 3471 3161 3510 a
3190 3454 3353 3509 nobis
3383 3454 3453 3509 de
3478 3470 3566 3517 eo,
3596 3470 3773 3523 quan-

2189 3552 2304 3598 tum
2346 3544 2633 3614 potuimus
2670 3546 2912 3614 assequi,
2946 3555 3077 3600 sunt
3114 3546 3245 3600 libri
3285 3545 3580 3608 elaborati,
3612 3554 3668 3599 et
3703 3561 3771 3599 co

2188 3635 2618 3691 transmittimus
2654 3650 2754 3691 eos
2792 3638 2887 3706 qui
2929 3638 3227 3692 voluerint.
3258 3637 3317 3690 In
3360 3651 3631 3690 summam
3668 3651 3768 3689 au-

2185 3732 2321 3791 tem,
2346 3742 2420 3781 ne
2452 3727 2630 3782 instar
2656 3728 2897 3784 mutilati
2932 3729 3168 3784 membri
3200 3738 3297 3785 aut
3324 3728 3577 3798 corporis
3608 3728 3682 3783 sit
3714 3727 3767 3782 in

2185 3816 2298 3872 illis
2337 3832 2479 3887 opus
2520 3834 2779 3874 mancum
2822 3835 2887 3874 ac
2928 3822 3222 3885 mutilum,
3260 3821 3366 3875 hoc
3402 3829 3492 3875 est
3532 3821 3768 3890 implen-

2186 3909 2341 3965 dum.
2373 3909 2515 3965 Sunt
2548 3918 2732 3965 autem
2770 3912 2909 3976 hac,
2937 3928 3037 3967 cur
3071 3928 3182 3967 non
3216 3912 3472 3968 distinxit
3500 3913 3646 3968 Deus
3680 3900 3797 3966 in-‘

2187 4009 2272 4056 ter
2301 4003 2640 4057 creationem
2673 4003 2997 4058 animalium
3033 4020 3099 4059 ex
3132 4012 3305 4068 terra,
3335 4011 3391 4059 et
3425 4003 3767 4059 creationem

2184 4092 2448 4158 hominis,
2482 4078 2628 4153 sicut
2655 4094 2845 4150 divisit
2878 4095 3024 4150 inter
3057 4096 3239 4166 pisces
3276 4105 3333 4150 et
3384 4094 3687 4149 animantia
3728 4108 3760 4150 ο

2185 4192 2334 4240 terra
2368 4185 2554 4254 genita
2596 4203 2609 4238 :
2653 4186 2749 4241 sed
2790 4195 3050 4256 tanquam
3090 4195 3239 4243 esset
3277 4187 3529 4255 quaedam
3571 4201 3766 4241 eorum

2184 4277 2464 4346 cognatio,
2486 4278 2689 4332 eodem
2720 4278 2832 4345 die,
2857 4287 2915 4337 et
2938 4280 3217 4335 hominem
3247 4289 3303 4335 et
3330 4295 3394 4334 ea
3421 4287 3503 4334 est
3530 4279 3768 4333 fabrica-

500 4386 573 4428 οι
603 4372 924 4428 ctelestibus
954 4372 1089 4426 nihil
1125 4371 1463 4436 considerat,
1492 4371 1632 4426 nihil
1663 4372 1900 4427 sublime
1934 4371 2081 4441 eogi-
2112 4361 2155 4417 D
2191 4376 2299 4423 tus.
2346 4367 2503 4434 Quod
2536 4369 2765 4439 quidem
2805 4371 3025 4426 solvens
3062 4372 3285 4440 quidam
3323 4386 3391 4425 ex
3433 4370 3753 4439 expositnri-

504 4470 606 4529 tat,
630 4464 770 4518 nihil
795 4464 1075 4519 excelsum
1103 4464 1544 4533 contemplatur;
1570 4462 1667 4518 sed
1697 4472 1808 4518 tota
1831 4464 2083 4533 corporis

500 4556 1003 4613 statura-adhaeret
1038 4563 1199 4610 terrae
1236 4572 1267 4609 a
1308 4556 1495 4625 capite
1530 4570 1703 4625 usque
1743 4556 1810 4610 ad
1852 4556 2081 4611 caudam

501 4647 635 4717 (hoc
664 4657 748 4705 est
774 4647 843 4701 ab
878 4647 1040 4702 initio
1068 4648 1136 4700 ad
1169 4646 1357 4719 linem)
1390 4656 1598 4703 tractus
1628 4648 1684 4701 in
1716 4649 2002 4718 pulverem
2026 4657 2084 4703 et

503 4739 717 4802 ﬁmum,
749 4740 874 4794 alvo
905 4739 1204 4803 idolorum,
1237 4748 1432 4796 ventre
1466 4750 1522 4795 et
1551 4740 1818 4796 umbilico
1850 4740 2082 4795 luxuriae

502 4839 561 4886 et
584 4829 859 4884 libidinis.
884 4829 1043 4886 Unde
1072 4839 1303 4900 propter
1327 4831 1444 4886 haec
1473 4833 1712 4902 reptilia,
1738 4848 1800 4887 ex
1836 4833 2083 4901 piscibus

503 4921 807 4991 gentilibus
840 4931 968 4976 ante
1002 4936 1199 4976 omnes
1231 4922 1487 4977 Christus
1513 4925 1731 4978 vocavit
1758 4924 2080 4992 piscatores.

505 5012 681 5067 Porro
714 5020 895 5067 autem
931 5013 1170 5082 primum
1205 5022 1369 5067 natus
1403 5014 1566 5079 illius,
1600 5029 1796 5084 nempe
1839 5014 1994 5079 Cain,
2026 5016 2081 5069 in

506 5104 736 5173 figuram
785 5096 1140 5173 pri'mogeniti
1186 5104 1383 5168 Israel,
1424 5104 1527 5176 fuit
1568 5104 1806 5173 agricola
1860 5107 1942 5174 (ut
1988 5104 2082 5173 qui

506 5202 655 5249 esset
694 5203 962 5265 cognatus
1008 5194 1371 5252 animantium
1413 5209 1444 5249 e
1489 5202 1635 5249 terra
1679 5195 1990 5264 genitarum
2030 5205 2086 5249 et

508 5300 621 5339 non
676 5286 1133 5355 benedictarum)
1185 5287 1403 5340 occisor
1454 5287 1584 5340 boni
1634 5278 1870 5355 pastoris
1915 5287 2081 5351 Abel,

510 5391 711 5446 nempe
754 5376 960 5432 Christi
1008 5396 1021 5431 :
1065 5377 1132 5431 de
1171 5379 1377 5447 quibus
1419 5378 1533 5447 ipse
1562 5378 1791 5432 dicebat
1835 5398 1845 5432 :
1889 5379 1984 5433 Vos
2024 5396 2087 5432 ea:

489 5473 664 5536 patre
703 5465 910 5521 diabllo
959 5467 1110 5533 estis;
1157 5467 1262 5522 hoc
1309 5475 1413 5533 est,
1448 5483 1515 5522 ex
1566 5468 1699 5522 Cain
1746 5468 1838 5538 qui
1880 5469 2084 5525 diaboli

583 5643 629 5681 "
650 5642 755 5701 Joh
778 5662 958 5712 xxxix,
988 5647 1049 5701 l9
1092 5658 1207 5716 Seq.
1283 5646 1324 5678 "
1355 5645 1507 5703 Joan.
1536 5662 1647 5716 vui,
1682 5649 1768 5706 ii.

2184 4460 2313 4525 'bus,
2332 4470 2557 4531 propter
2580 4478 2700 4517 eam
2729 4479 2852 4533 qua:
2875 4478 2999 4518 eum
3024 4464 3231 4519 Judteis
3255 4464 3307 4518 ei
3334 4463 3439 4517 fuit
3460 4462 3763 4518 secundum

2184 4569 2408 4609 carnem
2440 4554 2848 4625 cognationem,
2879 4556 3018 4611 dixit
3049 4571 3168 4610 eam
3191 4571 3312 4611 esse
3334 4556 3499 4611 simul
3531 4556 3769 4611 creatio-

2189 4662 2336 4702 nem.
2381 4647 2556 4712 Unde,
2584 4648 2663 4702 ait
2687 4648 2856 4714 idem,
2883 4649 3016 4703 licet
3038 4649 3403 4719 contemplari
3429 4658 3484 4704 et
3507 4647 3767 4703 admirari

2186 4738 2356 4808 quod,
2382 4738 2448 4793 iis
2471 4739 2677 4794 relictis
2702 4756 2824 4809 quae
2848 4749 3009 4796 erant
3032 4742 3083 4795 ei
3111 4741 3416 4812 propinqua
3439 4750 3496 4796 et
3516 4750 3764 4812 cognata,

2188 4830 2295 4885 iste
2326 4830 2495 4885 homo
2528 4845 2557 4885 a
2588 4830 2701 4887 Deo
2735 4840 2819 4887 est
2852 4834 3202 4889 introductus
3236 4844 3292 4889 et
3321 4835 3484 4889 datus
3517 4836 3571 4889 in
3604 4850 3766 4904 para—

2189 4924 2393 4990 disum,
2419 4926 2487 4980 ad
2517 4941 2645 4980 eum
2677 4927 3023 4997 operandum
3057 4936 3113 4983 et
3140 4928 3585 4983 custodiendum.
3613 4928 3771 4994 Quae-

2191 5016 2317 5070 dam
2357 5025 2543 5072 autem
2584 5018 2689 5074 alia
2727 5030 2786 5073 et
2826 5021 3069 5075 secunda
3110 5021 3414 5075 animantia
3457 5021 3541 5075 vel
3585 5021 3768 5088 potius

2192 5105 2400 5161 bestias
2423 5107 2629 5163 diversi
2659 5110 2728 5163 ab
2754 5124 2822 5163 eo
2847 5110 3071 5180 generis
3092 5119 3147 5164 et
3168 5127 3292 5179 qua:
3314 5110 3506 5180 procul
3536 5110 3767 5162 aberant

2189 5198 2422 5253 adduxit
2449 5216 2558 5254 non
2587 5202 2794 5271 priora.
2822 5202 2919 5256 sed
2951 5203 3219 5265 secunda,
3240 5216 3362 5271 quae
3388 5201 3609 5270 quidem
3638 5210 3768 5255 sunt

2189 5303 2383 5359 greges
2412 5291 2735 5355 bestiarum,
2766 5307 2963 5362 nempe
2995 5293 3262 5362 gentium.

2262 5384 2392 5436 Post
2430 5383 2547 5437 hmo
2585 5392 2766 5436 autem
2810 5385 3252 5450 cognoscendum
3297 5389 3380 5434 est
3415 5395 3473 5433 et
3506 5380 3764 5435 conside—

2193 5472 2451 5539 randum,
2485 5473 2632 5542 quod
2672 5473 2787 5527 haec
2825 5473 2994 5545 prima
3034 5488 3135 5526 vox
3174 5474 3226 5525 in
3261 5471 3445 5525 divina
3481 5470 3767 5543 Scriptura
