4056 6148
378 288 484 357 S31

1574 290 1639 350 S.
1680 287 2079 347 ANAS’I‘ASII
2118 287 2444 348 SINAITAZ

3534 284 3643 359 932,

381 405 531 461 dicta
568 412 655 460 est
672 398 1009 475 pluraliter;
1045 403 1313 467 divinam,
1340 404 1569 472 inquam
1590 444 1604 465 ,
1646 401 1963 472 significans
1993 408 2034 457 Α
2062 417 2201 463 mus,
2228 401 2481 471 quoniam
2503 398 2786 454 videbimus
2810 413 2928 451 eum
2956 399 3089 451 sicut
3114 407 3189 450 est
3208 397 3277 453 “.
3299 396 3465 453 Vides
3490 401 3636 469 quod

380 497 745 558 Trinitatem,
794 495 988 550 dicens
1036 495 1092 548 in
1147 497 1262 550 sola
1314 494 1556 548 hominis
1607 492 1884 548 creatione
1937 510 1951 546 :

384 587 664 643 Faciamus
707 590 973 641 hominem
1019 586 1090 641 ad
1132 588 1419 657 imaginem
1468 596 1516 639 et
1553 585 1955 639 similitudinem

382 684 656 741 nostram;
692 676 922 745 perinde
959 691 1024 729 ac
1064 676 1245 730 tribus
1282 676 1518 731 diversis
1563 676 1815 746 personis
1852 676 1956 728 ho-

385 772 615 831 minum,
650 769 698 821 si
738 769 813 823 ita
852 768 1016 823 liceat
1053 767 1262 831 dicere,
1298 782 1365 823 ex
1405 769 1685 822 communi
1722 768 1954 822 consilio

380 869 436 915 et
473 873 744 915 consensu
790 859 1244 913 construentibus
1286 859 1522 928 aliquam
1563 859 1858 929 imaginem
1899 868 1955 914 et

377 952 768 1016 simulacrum,
807 958 864 1004 et
902 965 1232 1019 unaquaque
1275 949 1508 1005 faciente
1558 949 1613 1004 in
1658 950 1953 1004 simulacro

378 1044 618 1113 aliquam
665 1043 942 1113 propriam
983 1042 1404 1098 similitudinem
1442 1042 1674 1112 efﬁgiem
1712 1050 1771 1096 et
1810 1043 1949 1113 ligu-

378 1152 516 1201 ram,
549 1145 608 1191 ut
646 1137 719 1189 sit
756 1136 811 1190 in
853 1151 917 1190 ea
960 1136 1015 1190 id
1057 1136 1206 1205 quod
1245 1136 1487 1194 videtur.
1513 1135 1860 1205 corporalius
1894 1143 1948 1189 et

260 1238 277 1257 ‘
372 1228 637 1283 crassius.
666 1228 821 1292 Erat,
850 1229 1090 1297 inquam,
1117 1228 1344 1283 alterius
1380 1228 1602 1298 quidem
1645 1244 1711 1281 ex
1747 1227 1949 1282 divinis

373 1317 685 1373 artificibus
735 1318 1001 1383 altitudo,
1072 1320 1304 1373 alterius
1351 1331 1533 1374 autem
1584 1319 1851 1381 latitudo,
1896 1326 1953 1371 et

375 1407 605 1461 alterius
636 1408 1002 1477 profunditas.
1029 1410 1120 1463 Sic
1150 1410 1296 1462 enim
1327 1418 1411 1463 est
1439 1412 1660 1479 proprie
1692 1413 1869 1482 imago
1896 1418 1951 1466 et

372 1498 728 1552 simulacrum
757 1499 826 1552 ad
855 1499 1243 1563 imitationem,
1271 1499 1523 1570 figuram,
1548 1510 1606 1555 et
1628 1501 1946 1571 imaginem,

372 1587 718 1642 diversorum
769 1588 1043 1643 artificum
1100 1589 1276 1659 ipsius
1329 1590 1493 1644 unius
1544 1600 1602 1645 et
1648 1591 1950 1647 individua:

375 1679 541 1733 unius
583 1687 640 1733 et
681 1680 855 1735 solius
894 1681 988 1734 Dei
1030 1681 1283 1735 essentia:
1327 1688 1386 1734 et
1433 1690 1642 1736 naturae
1691 1699 1704 1735 :
1753 1684 1949 1737 animae

2062 499 2188 559 post
2219 501 2468 545 sanctum
2503 490 2774 559 baptisma
2806 488 2942 543 dicit
2985 488 3150 553 vitam
3181 503 3304 557 qua:
3334 504 3403 543 ex
3431 490 3637 546 virtute

2063 582 2247 651 agitur
2282 596 2546 652 generare
2587 580 2736 651 qudd
2777 588 2861 635 est
2899 562 2963 633 ad
3009 579 3450 634 similitudinem.
3479 580 3635 647 Quod

2056 674 2282 742 quidem
2310 674 2356 729 si
2385 674 2553 729 fuerit
2580 673 2983 728 manifestatum
3011 671 3066 751 in
3093 672 3281 733 corde.
3304 672 3460 727 illum
3485 674 3637 729 vide-

2062 765 2192 819 bitis
2224 766 2277 820 in
2311 765 2429 835 ipso
2462 766 2512 820 ei
2548 764 2892 836 conformata
2922 771 2981 818 et
3011 762 3333 828 assimilato,
3365 773 3634 834 quantum

2058 856 2206 924 capit
2228 865 2283 910 et
2310 863 2491 926 potest
2516 856 2701 909 homo.

2131 945 2289 1001 Unde
2315 947 2481 1000 etiam
2509 946 2617 1001 hoc
2647 946 2858 1015 accepit
2884 946 3107 1015 quidam
3137 962 3205 1001 ex
3231 947 3474 1003 externis
3503 949 3636 1005 insi-

2062 1026 2346 1106 pientibus
2370 1039 2717 1109 philosophis
2743 1054 2812 1093 ex
2858 1047 3043 1094 nostra
3087 1038 3277 1093 divina
3325 1038 3631 1109 Scriptura,

2062 1123 2254 1179 dicens
2273 1125 2681 1195 philosophiam
2719 1141 2841 1182 esse
2879 1127 2991 1181 Deo
3010 1127 3462 1183 assimilationem
3497 1147 3634 1201 quo-

2059 1215 2128 1269 ad
2163 1217 2283 1286 ejus
2314 1216 2434 1272 ﬁeri
2468 1227 2651 1288 potest
2684 1219 2754 1274 ab
2786 1220 3039 1284 homine,
3070 1234 3197 1274 cum
3238 1220 3380 1277 hanc
3419 1237 3630 1277 sacram

2057 1306 2350 1362 Mosaicam
2385 1311 2689 1378 aspexisset
2720 1309 3061 1380 Scripturam
3095 1327 3217 1380 quae
3248 1312 3412 1378 dicit,
3444 1313 3633 1369 Facia-

2058 1408 2175 1446 mus
2200 1395 2460 1449 hominem
2489 1397 2557 1449 ad
2581 1399 2862 1467 imaginem
2886 1408 2931 1451 et
2952 1399 3351 1471 similitudinem
3371 1413 3628 1468 nostram,

2057 1491 2106 1535 et
2126 1485 2345 1553 imperet
2375 1486 2596 1556 piscibus
2626 1490 2811 1554 maris,
2829 1499 2879 1542 et
2904 1490 3199 1545 volucribus
3223 1492 3358 1558 caeli,
3385 1502 3435 1547 et
3460 1486 3630 1550 omni—

2058 1574 2151 1628 bus
2194 1577 2465 1646 reptilibus
2510 1596 2627 1650 qua:
2674 1591 2863 1651 repunt
2904 1600 3063 1653 super
3108 1593 3332 1639 terram.
3376 1585 3515 1641 Cum
3560 1587 3629 1642 ad

2058 1666 2207 1720 hunc
2253 1670 2433 1724 locum
2479 1672 2916 1741 pervenerimus.
2948 1684 3259 1744 opportune
3298 1677 3462 1732 nobis
3501 1688 3632 1733 sunt

372 1770 617 1839 quidem,
640 1770 709 1823 ad
735 1771 1027 1841 imaginem
1052 1772 1149 1825 Dei
1177 1780 1232 1825 ει
1257 1772 1458 1832 patris,
1478 1773 1756 1840 quomodo
1782 1775 1947 1827 etiam
1987 1755 2025 1807 Β
2057 1760 2328 1816 laudanda
2368 1778 2431 1817 ac
2472 1763 2802 1819 celebranda
2839 1767 3244 1835 sapientissima
3278 1778 3334 1822 et
3367 1769 3628 1825 illustris-

374 1863 531 1931 prius
557 1863 965 1917 nominavimus
991 1862 1047 1916 in
1073 1863 1292 1917 duobus
1316 1864 1477 1919 libris
1506 1880 1646 1934 quos
1673 1865 1950 1920 edidimus

373 1953 443 2007 de
488 1953 903 2009 constructione
954 1954 1195 2009 hominis
1249 1971 1265 2008 :
1311 1955 1562 2010 Rationis
1590 1964 1798 2020 autem,
1850 1972 1949 2011 seu

373 2042 529 2096 verbi
581 2043 826 2108 interni,
876 2044 1024 2113 quod
1081 2043 1347 2099 describit
1397 2060 1462 2100 ac
1512 2044 1721 2115 elIingit
1775 2046 1946 2100 Deum

371 2133 610 2190 Verbum
651 2151 681 2188 a
718 2136 831 2190 Deo
870 2136 1150 2207 genitum;
1195 2136 1398 2192 mentis
1439 2144 1647 2203 autem,
1680 2152 1803 2206 quae
1841 2137 1950 2192 fert

375 2226 666 2296 imaginem
718 2228 895 2282 sancti
951 2226 1213 2297 Spiritus.
1257 2227 1394 2283 Cum
1447 2242 1550 2282 nos
1601 2234 1786 2282 autem
1840 2226 1946 2281 ali-

371 2316 591 2386 quando
636 2318 778 2373 hanc
814 2334 1007 2375 vocem
1048 2319 1429 2388 proferremus
1470 2318 1615 2388 apud
1654 2317 1946 2387 quemdam

371 2422 438 2461 ex
487 2407 764 2475 Hebraeis,
810 2411 997 2465 multa:
1045 2409 1213 2482 884
1263 2412 1414 2465 enim
1461 2419 1517 2464 et
1564 2424 1947 2480 saepenumero

370 2512 495 2551 cum
538 2515 729 2552 eorum
771 2515 970 2569 genere
1010 2511 1145 2555 ortae
1185 2501 1346 2555 nobis
1388 2509 1519 2554 sunt
1553 2502 1946 2557 controversia

369 2601 434 2641 ac
482 2588 955 2644 contradictiones
1009 2590 1200 2661 (plane
1252 2591 1716 2660 extemporales),
1751 2601 1945 2646 wntra

368 2677 510 2733 dixit
557 2679 879 2749 improbus,
927 2697 1110 2752 regem
1155 2682 1395 2752 aliquem
1441 2682 1516 2753 (et
1556 2684 1602 2738 si
1652 2684 1725 2739 sit
1769 2683 1941 2754 solus)

366 2785 531 2838 posse
566 2772 752 2827 dicere
793 2773 929 2827 illud
962 2792 973 2826 :
1015 2774 1333 2839 Faciamus;
1377 2784 1433 2829 et
1471 2776 1627 2840 illud,
1658 2775 1941 2830 Jussimus.

366 2861 502 2917 Cum
539 2874 723 2918 autem
759 2880 860 2919 nos
893 2867 1336 2922 occurrissemus
1368 2880 1426 2922 et
1457 2866 1788 2922 dixissemus
1822 2885 1836 2919 :
1874 2866 1944 2921 Et

365 2968 468 3008 cur
500 2965 626 3009 ante
663 2956 999 3011 creationem
1029 2957 1273 3012 hominis
1294 2974 1403 3012 non
1437 2958 1684 3012 cernitur
1706 2958 1855 3013 Deus
1885 2957 1941 3011 in

365 3046 550 3115 aliqua
589 3046 697 3101 alia
738 3045 1103 3117 (quiscunque
1137 3063 1199 3102 ea
1232 3046 1326 3119 sit)
1363 3057 1616 3102 creatura
1652 3064 1786 3103 usus
1817 3063 1941 3103 esse

368 3136 474 3191 hoc
493 3137 685 3200 verbo,
718 3136 1031 3203 Faciamus;
1050 3138 1329 3194 et‘dixisse
1353 3139 1456 3193 nisi
1479 3139 1535 3192 in
1560 3140 1677 3193 solo
1698 3139 1941 3204 homine,

365 3237 425 3286 et
450 3245 645 3284 rursus
679 3230 734 3284 in
767 3230 998 3285 muliere
1027 3246 1149 3299 quas
1181 3239 1370 3300 postea
1400 3231 1693 3296 fuit'facta,
1721 3231 1943 3301 quando

365 3321 533 3385 dixit,
566 3321 850 3375 Faciamus
888 3323 934 3374 ei
977 3323 1307 3391 adjutorium
1342 3337 1359 3375 :
1388 3322 1455 3375 ad
1490 3322 1607 3376 haec
1639 3322 1790 3376 nulla
1824 3331 1945 3376 erat

364 3428 471 3468 vox
502 3413 711 3478 Judaei,
743 3428 922 3481 neque
956 3427 1152 3467 rursus
1186 3412 1573 3467 contradictio.
1608 3413 1750 3467 Fieri
1793 3414 1941 3468 enim

365 3518 477 3557 non
521 3511 705 3571 potest
745 3512 804 3556 ut
846 3503 918 3556 sit
957 3503 1125 3558 homo
1167 3503 1234 3557 ad
1276 3503 1564 3573 imaginem
1609 3518 1800 3557 eorum
1848 3506 1942 3573 qui

365 3594 586 3651 dicunt:
623 3594 898 3649 Faciamus
927 3597 1186 3649 hominem
1215 3596 1285 3648 ad
1312 3597 1596 3666 imaginem
1626 3604 1676 3648 et
1695 3596 1945 3650 similitu-

366 3686 543 3741 dinem
572 3696 842 3753 nostrain;
875 3687 979 3741 nisi
1006 3688 1142 3742 ferat
1176 3688 1229 3741 in
1259 3702 1317 3742 se
1350 3688 1588 3757 aliquam
1618 3690 1780 3742 aliam
1817 3704 1944 3758 pro-

367 3772 543 3845 pr‘iam
587 3777 815 3848 figuram
854 3786 956 3832 aut
998 3777 1230 3848 efﬁgiem
1273 3778 1705 3848 uniuscujusque
1744 3778 1942 3835 horum

368 3866 661 3922 a.tiilcUm.
699 3867 855 3923 Unde
891 3867 945 3921 id
979 3868 1202 3936 quidem
1238 3868 1385 3937 quod
1429 3877 1515 3923 est
1545 3867 1614 3922 ad
1649 3869 1943 3938 imaginem

366 3948 690 4022 Trinitatis,
731 3957 786 4009 in
828 3956 1067 4011 essentia
1106 3956 1449 4025 incorporea:
1487 3965 1549 4012 et
1587 3956 1947 4028 imciligentis

364 4056 424 4102 et
465 4049 711 4103 materia:
752 4050 996 4118 expertis
1035 4058 1094 4103 et
1132 4048 1708 4118 incomprehensibilis
1746 4051 1943 4105 animm

362 4148 603 4206 nostrae;
655 4154 848 4194 omnes
914 4139 1169 4194 hmines
1219 4140 1483 4195 habemus
1537 4141 1813 4197 similiter.
1882 4142 1941 4197 Id

364 4237 551 4283 autem
581 4228 729 4299 quod
757 4237 843 4284 est
869 4230 942 4283 ad
967 4229 1385 4297 similitudinem,
1414 4232 1453 4285 ii
1483 4232 1586 4287 soli
1615 4233 1820 4288 habent
1845 4233 1941 4302 qui

366 4321 582 4391 seipsos
617 4330 943 4377 recrearunt
973 4338 1038 4377 ea
1065 4320 1191 4377 vita:
1223 4322 1570 4377 institutione
1602 4339 1723 4392 qua:
1758 4333 1843 4378 est
1872 4340 1940 4378 ex

2057 1851 2194 1907 sima
2235 1869 2265 1907 a
2309 1855 2422 1909 Deo
2463 1856 2590 1910 data
2632 1858 2964 1912 sanctissimi
3012 1858 3254 1928 Spiritus
3300 1862 3544 1931 eloquia,
3574 1872 3633 1917 et

2055 1945 2356 2003 dicendum
2391 1968 2403 2003 :
2435 1949 2675 2003 Lucerna
2707 1951 2920 2022 pedibus
2955 1952 3216 2007 Ecclesia:
3250 1968 3443 2008 revera
3471 1962 3557 2010 est
3581 1965 3631 2008 et

2057 2035 2162 2103 lex,
2192 2037 2370 2094 lumen
2402 2042 2602 2097 semitis
2625 2044 2666 2074 ³⁸
2695 2043 2921 2098 nostris.
2948 2042 3254 2107 Audiamus
3282 2045 3433 2099 enim
3466 2061 3632 2115 quam

2055 2146 2251 2202 magna
2296 2145 2354 2190 et
2396 2149 2562 2204 quam
2608 2132 3057 2207 inexpugnabilia
3102 2136 3248 2191 Deus
3292 2137 3424 2192 hinc
3468 2139 3633 2194 nobis

2054 2224 2358 2281 confecerit
2396 2242 2549 2297 arma
2587 2227 2854 2283 adversus
2891 2227 3113 2284 Iudaeos
3148 2236 3205 2283 et
3246 2228 3539 2295 Barbaros,
3573 2238 3634 2286 et

2056 2317 2449 2397 samaritanos,
2468 2318 2563 2387 qui
2593 2318 2914 2388 discerpunt
2936 2327 2992 2373 et
3016 2319 3258 2375 illudunt
3284 2320 3451 2376 ﬁdem
3469 2322 3632 2381 Chri-

2052 2411 2382 2474 stianorum,
2414 2417 2474 2464 ut
2502 2425 2624 2479 qua:
2650 2418 2763 2465 tres
2787 2409 2922 2465 deos
2952 2412 3119 2477 colat,
3147 2422 3388 2467 sanctam
3421 2424 3479 2467 et
3505 2428 3629 2482 quas

2052 2500 2215 2554 simul
2243 2500 2489 2570 ejusdem
2507 2501 2580 2556 sit
2594 2502 2848 2557 essentia:
2871 2501 3224 2558 Trinitatem.
3244 2504 3382 2558 Nam
3399 2520 3524 2559 cum
3546 2505 3630 2560 di-

2049 2600 2138 2645 cat
2153 2590 2436 2661 Scriptura
2453 2590 2592 2646 duas
2607 2605 2869 2661 personas
2889 2592 3126 2663 (Adami,
3144 2594 3389 2663 inquam,
3410 2604 3467 2650 et
3483 2594 3624 2666 Eva)

2048 2695 2171 2736 esse
2199 2696 2369 2735 unum
2400 2686 2578 2736 solum
2607 2683 2886 2738 hominem
2918 2692 2978 2737 et
3004 2697 3115 2738 non
3149 2684 3310 2750 duos,
3334 2686 3629 2742 convinci—

2048 2786 2173 2827 mns
2200 2773 2547 2828 adversarios
2568 2774 2837 2836 veritatis,
2860 2774 2992 2843 quia
3022 2774 3098 2845 (in
3133 2776 3309 2832 tribus
3340 2778 3623 2850 Personis)

2048 2863 2271 2935 hymnis
2300 2871 2358 2918 et
2379 2863 2636 2925 laudibus
2667 2865 2978 2923 celebratur
3001 2866 3166 2930 Deus,
3192 2884 3336 2923 unus
3362 2878 3448 2924 est
3475 2871 3627 2925 Deus

2047 2962 2104 3010 et
2135 2969 2248 3008 non
2283 2962 2416 3018 tres,
2443 2963 2670 3024 propter
2697 2955 2946 3023 ejusdem
2977 2957 3139 3014 simul
3173 2960 3427 3015 essentia:
3458 2942 3625 3015 natu;

2047 3061 2166 3102 ram
2200 3064 2213 3099 :
2245 3046 2525 3115 quomodo
2555 3046 2722 3101 etiam
2753 3047 2808 3101 in
2836 3046 3047 3107 Adamo
3075 3056 3129 3102 et
3162 3049 3293 3103 Eva.
3323 3050 3456 3104 Nam
3493 3065 3627 3120 pro-

2046 3146 2169 3207 pter
2191 3138 2574 3207 coguationem
2602 3146 2659 3191 et
2680 3137 2932 3193 eamdem
2956 3138 3120 3193 simul
3146 3142 3466 3207 essentiam,
3487 3141 3619 3196 audi

2044 3228 2507 3297 quemadmodum
2535 3237 2593 3284 et
2618 3229 2767 3297 ipsos
2790 3227 2846 3282 in
2873 3228 3186 3284 universam
3212 3231 3405 3286 mundi
3429 3232 3627 3287 huma-

2044 3313 2305 3382 nitatem,
2349 3335 2521 3375 unum
2573 3320 2855 3375 hominem
2906 3321 3053 3377 Deus
3093 3321 3348 3377 nominet
3390 3322 3618 3378 dicens:

2042 3410 2326 3465 Faciamus
2372 3412 2635 3465 hominem
2677 3412 2750 3465 ad
2793 3413 3081 3481 imaginem
3128 3421 3177 3465 et
3215 3413 3624 3469 similitudinem

2043 3512 2305 3567 nostram,
2339 3512 2391 3557 et
2431 3504 2692 3574 imperent
2730 3519 2749 3558 :
2792 3503 2955 3564 duos,
2991 3519 3161 3558 unum
3203 3504 3397 3559 dicens
3438 3504 3624 3558 homi-

2042 3609 2191 3649 nem.
2220 3595 2290 3649 Et
2331 3610 2528 3650 rursus
2561 3594 2739 3649 dicit:
2770 3594 2839 3648 Et
2879 3595 3002 3664 fecit
3038 3594 3178 3648 Deus
3215 3597 3503 3663 hominem,
3547 3598 3628 3651 ad

2042 3686 2332 3754 imaginem
2354 3684 2453 3739 Dei
2478 3684 2597 3754 fecit
2620 3684 2795 3746 illum,
2822 3684 3127 3739 masculum
3142 3696 3192 3738 et
3215 3687 3467 3754 feminam
3496 3687 3628 3757 ferit

2038 3794 2149 3831 eos.
2179 3778 2320 3832 Ecce
2353 3778 2444 3833 hic
2470 3792 2691 3847 quoque
2717 3778 2880 3842 duos,
2911 3793 3081 3832 unum
3111 3779 3418 3834 nominavit
3440 3780 3633 3836 homi-

2040 3869 3629 3939 nem,uttihiquoqaearuapmheatadoﬂendeadu.

2041 3962 2192 4030 quod
2220 3962 2383 4017 Pater
2409 3969 2468 4016 et
2496 3962 2669 4017 Filius
2696 3962 2844 4033 (cum
2874 3963 2998 4019 dua:
3028 3963 3141 4017 sint
3168 3963 3490 4034 hypostases
3520 3982 3625 4021 seu
3652 3997 3657 4001 -

2040 4058 2314 4121 personae)
2356 4051 2470 4106 sint
2508 4067 2656 4107 unus
2700 4053 2865 4107 Deus.
2894 4052 3051 4109 Unde
3094 4053 3260 4108 etiam
3305 4070 3428 4109 cum
3472 4064 3628 4111 esset

2040 4140 2188 4196 Deus
2233 4141 2565 4197 inducturus
2614 4142 2918 4209 diluvium,
2966 4143 3103 4199 dicit
3142 4144 3218 4199 ad
3266 4145 3380 4200 Noe
3415 4162 3429 4197 :
3470 4144 3624 4201 Finis

2041 4233 2213 4287 omnis
2262 4234 2488 4289 hominis
2538 4235 2678 4288 venit
2728 4250 2911 4289 coram
2970 4251 3052 4288 me
3103 4252 3120 4289 :
3168 4250 3299 4291 ecce
3345 4235 3627 4305 signiﬁcat

2041 4323 2332 4379 hominum
2371 4324 2808 4381 multitudinem.
2842 4325 2984 4380 Audi
3027 4341 3160 4395 ergo
3206 4343 3219 4378 :
3264 4334 3434 4381 totam
3473 4327 3626 4383 hanc

364 4412 592 4476 virtute,
628 4414 721 4483 qui
763 4414 935 4467 Deum
981 4406 1190 4468 habent
1228 4413 1282 4467 in
1325 4429 1383 4468 se
1425 4413 1846 4478 inhabitantem,
1883 4423 1940 4470 et
1970 4421 2014 4475 D
2043 4417 2457 4472 multitudinem
2487 4426 2648 4473 vocat
2677 4433 2848 4473 unum
2871 4417 3177 4484 hominem,
3198 4434 3394 4474 rursus
3423 4418 3625 4475 dicens

363 4504 536 4573 gratia
557 4505 967 4573 quodammodo
987 4514 1118 4558 sunt
1134 4505 1309 4560 veluti
1326 4504 1554 4569 Christi,
1574 4506 1629 4560 in
1649 4506 1941 4562 divinitate

363 4595 524 4650 simul
575 4605 630 4650 et
674 4597 1038 4651 humanitate.
1082 4597 1386 4666 Propterea
1435 4605 1493 4652 et
1538 4599 1625 4654 bis
1670 4609 1729 4654 et
1769 4599 1939 4654 semel

362 4701 646 4756 exponens
669 4687 858 4742 divina
888 4687 1196 4758 Scriptura,
1227 4698 1283 4743 ct
1308 4689 1532 4744 dicens:
1561 4690 1631 4745 Et
1656 4691 1775 4759 fecit
1802 4690 1939 4746 Deus

361 4777 628 4830 hominem
689 4776 759 4831 ad
800 4778 1106 4848 imaginem,
1142 4780 1216 4834 sit
1256 4795 1286 4834 a
1326 4780 1439 4835 Deo
1487 4789 1735 4835 creatum
1783 4789 1838 4835 et
1883 4780 1941 4835 in

361 4869 527 4924 nobis
555 4871 835 4934 naturale;
871 4871 1003 4924 illud
1037 4881 1243 4933 autem,
1288 4873 1369 4927 Ad
1399 4872 1823 4938 similitudinem,
1850 4881 1936 4927 est

361 4957 490 5013 vita:
512 4957 877 5014 institutionis
900 4975 1020 5029 quae
1044 4961 1216 5015 libera
1241 4962 1515 5021 electione
1539 4962 1859 5030 suscipitur,
1881 4971 1939 5016 et

361 5063 461 5119 per
490 5050 655 5104 vitam
686 5065 809 5120 qum
838 5066 906 5106 ex
934 5052 1139 5107 virtute
1172 5053 1351 5123 agitur
1379 5051 1661 5106 inducitur
1690 5058 1746 5105 et
1777 5066 1936 5105 assu-

363 5141 550 5195 mitur.
585 5141 886 5212 Propterea
933 5143 1039 5198 hoc
1074 5159 1177 5199 nos
1217 5144 1424 5198 docens
1461 5142 1555 5212 qui
1601 5157 1727 5197 cum
1763 5142 1943 5198 Verbo

363 5233 509 5289 idem
547 5233 714 5290 habet
747 5250 950 5292 nomen
972 5236 1283 5305 theologus
1312 5235 1570 5296 Joannes.
1608 5234 1764 5299 dicit,
1801 5235 1938 5291 scri-

360 5325 498 5382 hens
529 5327 597 5383 ad
631 5328 847 5399 aliquos
882 5346 895 5381 :
926 5326 1137 5390 Filioli,
1163 5326 1436 5397 nuncﬁlii
1469 5326 1566 5382 Dei
1602 5344 1814 5391 sumus,
1844 5343 1942 5397 per

360 5418 465 5476 hoc
492 5420 785 5491 baptisma,
811 5429 862 5473 et
892 5421 1127 5475 nondum
1158 5420 1555 5491 manifestatum
1586 5430 1658 5475 est
1689 5422 1813 5492 quid
1841 5422 1943 5473 eri-

2037 4507 2217 4562 eidem
2270 4507 2421 4573 Noe,
2460 4507 2659 4562 Delebo.
2703 4511 2971 4564 hominem
3020 4526 3176 4580 quem
3217 4510 3333 4585 feci.
3381 4511 3438 4567 Si
3483 4527 3626 4583 ergo

2039 4598 2467 4655 innumerabilia
2501 4600 2790 4655 hominum
2827 4617 3190 4670 personarum
3228 4603 3399 4658 millia
3437 4618 3619 4664 unum

2038 4690 2177 4746 dicit
2236 4692 2516 4748 hominem
2583 4703 2814 4763 prepter
2878 4704 3089 4749 natura:
3153 4695 3619 4759 similitudinem,

2038 4793 2248 4853 quanto
2272 4786 2447 4854 magis
2474 4793 2586 4840 tres
2607 4786 2913 4841 divinitatis
2941 4786 3207 4858 (ejusdem
3235 4788 3399 4842 simul
3424 4801 3621 4842 essen-

2046 4875 2165 4946 tiaa)
2207 4890 2456 4946 personae
2494 4877 2604 4932 dici
2644 4888 2876 4947 possunt
2914 4892 3056 4931 unus
3089 4877 3268 4941 Deus?
3300 4878 3368 4933 Et
3398 4878 3455 4932 in
3488 4878 3625 4934 aliis

2038 4967 2177 5023 locis
2205 4968 2702 5024 innumerabilibus
2731 4969 2980 5024 invenies
3003 4969 3245 5024 divinam
3273 4968 3622 5040 Scripturain

2044 5074 2213 5113 unam
2233 5060 2523 5115 nominare
2548 5060 2828 5117 hominem
2860 5071 3034 5116 totum
3065 5076 3239 5131 genus
3266 5062 3567 5116 humanum
3602 5079 3620 5116 :

2042 5157 2101 5202 ut
2134 5149 2356 5218 quando
2381 5165 2582 5212 rursus
2616 5151 2753 5205 dicit
2782 5159 2905 5220 post
2944 5151 3213 5205 diluvium
3246 5151 3317 5207 de
3350 5152 3623 5207 universo

2039 5255 2241 5311 genere
2270 5240 2514 5296 humano
2546 5260 2560 5294 :
2590 5228 2866 5311 Prspensa
2900 5251 2975 5296 est
3006 5243 3506 5312 cogitatio-hominis
3541 5244 3624 5296 ad

2039 5331 2186 5386 mala
2222 5349 2255 5386 a
2279 5332 2558 5401 juventute
2590 5348 2692 5387 sua
2716 5334 2778 5386 ⁸³.
2809 5334 2878 5390 Et
2908 5351 3101 5391 rursus
3135 5354 3147 5388 :
3183 5336 3352 5390 Homo
3386 5337 3625 5390 nouitati

2037 5423 2227 5478 similis
2270 5425 2440 5494 factus
2482 5436 2559 5479 est
2587 5425 2654 5479 ³³.
2690 5426 2758 5479 Et
2805 5445 2818 5481 :
2877 5426 3071 5495 Homo,
3104 5429 3237 5482 sicut
3285 5427 3460 5498 fenum
3497 5426 3622 5482 dies

432 5654 479 5690 '°
502 5656 695 5712 iisan.
720 5675 796 5723 ιιι,
819 5660 872 5713 2.
952 5661 993 5694 ³⁸
1018 5660 1159 5714 Psal.
1185 5676 1363 5725 cxvm,
1391 5660 1510 5715 105.
1589 5662 1632 5695 "
1656 5661 1791 5717 Gen.
1817 5677 1926 5727 vm,

2096 5661 2139 5693 ³³
2161 5660 2301 5714 Psal.
2328 5675 2503 5731 cxtm,
2531 5668 2583 5724 4.
