4056 6148
502 271 607 336 933

1582 270 1661 330 ΙΝ
1703 269 2254 329 HEXAEMERON.
2393 270 2539 330 LIB.
2581 272 2681 330 VI.

3636 278 3750 342 ρει

500 378 611 448 ejus
631 378 698 432 ³⁸.
723 380 793 435 Et
820 397 833 432 :
865 379 1003 445 Quid
1032 388 1107 434 est
1131 382 1284 434 homo
1310 381 1446 451 quod
1474 392 1689 453 reputas
1720 400 1839 438 eum
1860 384 1939 437 "2
1960 384 2027 438 Et
2055 401 2069 438 :
2102 391 2141 443 Α
2175 384 2584 452 apostolorum?
2621 384 2700 439 Ne
2741 384 2795 438 bi
2836 384 3059 454 quidem
3105 398 3235 441 sunt
3275 388 3534 444 omnibus
3570 392 3748 448 dolui—

498 471 738 527 Uinuisti
779 488 898 526 eum
942 472 1106 543 paulo
1144 474 1318 528 minus
1359 473 1423 527 ab
1465 474 1688 545 angelis,
1725 483 1774 527 et
1811 474 1982 544 gloria
2025 484 2074 528 et

496 563 694 617 honore
726 562 993 615 coronasti
1023 578 1144 616 eum
1167 563 1235 627 “,
1264 562 1458 627 Audis,
1489 562 1754 631 insipiens
1782 563 1990 628 Judzee,
2018 575 2075 618 ct

501 636 581 720 tu,
599 654 862 721 Barbare,
880 662 937 708 et
953 654 1317 720 Samaritana,
1332 655 1796 724 quemadmodum
1820 656 2073 710 universa

499 745 816 800 humanitas
838 755 1071 800 vocatur
1096 746 1287 802 homo.
1334 746 1535 801 Eadem
1563 762 1697 817 ergo
1724 747 1911 815 regula
1934 746 2075 800 divi-

496 841 643 895 nitas
689 855 913 913 quoque
966 856 1109 896 unus
1157 841 1303 895 Deus
1356 849 1443 895 est
1487 848 1545 894 et
1595 839 1902 909 appellatur
1952 857 1964 893 :
2018 848 2074 893 et

495 931 685 997 Israel,
706 946 832 986 cum
860 931 975 986 sint
998 941 1273 988 sexcenta:
1297 932 1588 990 hominum
1614 931 1908 1003 myriades,
1930 948 2073 987 unus

491 1020 661 1077 Israel
696 1022 903 1076 dicitur
938 1039 952 1075 :
990 1032 1047 1078 et
1074 1023 1351 1093 Assyrius,
1381 1032 1494 1078 tota
1526 1037 1659 1093 gens
1699 1022 1755 1076 in
1796 1038 1904 1076 una
1942 1036 2071 1093 per-

493 1127 629 1167 sona
674 1113 884 1167 dicitur
922 1131 936 1168 :
972 1114 1250 1183 quomodo
1287 1124 1345 1168 et
1376 1116 1545 1170 Persa
1577 1123 1634 1170 et
1668 1115 2070 1189 Hyperbormus

492 1215 549 1260 et
577 1206 806 1276 reliquae
837 1215 1049 1278 gentes,
1078 1222 1204 1260 eum
1237 1204 1352 1261 sint
1382 1208 1438 1260 in
1472 1200 1726 1277 personis
1754 1208 2072 1262 innumera-

494 1297 719 1357 bilibus,
751 1301 809 1352 in
855 1315 965 1353 una
1007 1313 1245 1367 persona
1284 1299 1613 1368 appellatur.
1644 1298 1779 1354 Cum
1819 1300 1963 1353 Deus
2000 1300 2069 1355 de

493 1388 655 1444 nobis
693 1388 1030 1445 Christianis
1071 1390 1284 1460 aliquid
1335 1391 1534 1447 melius
1579 1395 1942 1462 prospexerit,
1984 1395 2069 1449 vel

490 1480 698 1550 potius,
729 1490 792 1535 ut
831 1483 1250 1551 praetermittam
1297 1483 1502 1538 multas
1546 1483 1903 1554 probationes
1945 1500 2069 1554 quae

493 1569 634 1624 ﬁunt
666 1586 765 1639 per
798 1573 1135 1637 testimonia,
1162 1588 1230 1628 ex
1262 1574 1369 1629 hoc
1404 1574 1524 1644 ipso
1552 1576 1725 1630 verbo
1757 1576 1906 1646 quod
1941 1592 2069 1646 pro-

491 1661 594 1716 bro
627 1662 873 1719 alliciunt
920 1666 1094 1721 Judaei
1128 1666 1489 1736 probabimus
1519 1668 1570 1723 id
1600 1668 1746 1737 quod
1778 1668 2063 1725 tradimus.

438 1806 447 1813 ,
488 1754 636 1828 Dixit
665 1756 812 1809 enim
852 1775 865 1810 :
901 1756 971 1810 Et
1003 1757 1134 1811 dixit
1168 1757 1329 1822 Deus,
1357 1758 1483 1813 vide
1516 1759 1792 1829 singulare
1827 1778 1841 1813 :
1877 1759 2067 1815 Facia-

489 1862 605 1901 mus
637 1862 656 1900 :
687 1847 812 1902 vide
843 1847 1009 1902 etiam
1046 1849 1290 1917 plurale,
1318 1858 1377 1904 et
1407 1850 1540 1907 illud
1571 1851 1794 1920 quidem
1823 1852 2065 1907 attribue

487 1939 712 1993 omnino
736 1949 966 2002 natum,
991 1939 1098 1996 hoc
1123 1949 1308 1995 autem
1338 1942 1611 2009 personis,
1636 1951 1822 1997 etnon
1851 1952 2060 1998 contra.

467 2028 543 2083 -Si
582 2030 731 2084 enim
771 2042 982 2085 naturae
1018 2030 1322 2085 absurdum
1370 2049 1382 2085 :
1433 2032 1518 2086 sin
1559 2041 1744 2087 autem
1790 2033 2061 2102 personis,

480 2120 625 2175 nihil
660 2129 745 2176 est
790 2135 977 2191 grave.
1013 2122 1151 2177 Vide
1181 2123 1330 2178 enim
1365 2124 1419 2177 in
1457 2122 1849 2179 innumerabili
1887 2124 2065 2178 homi-

470 2228 618 2267 znum
665 2212 1023 2269 multitudine
1066 2228 1190 2270 esse
1233 2229 1398 2268 unam
1446 2223 1719 2270 naturam.
1768 2214 1894 2269 llrec
1938 2229 2061 2269 cum

464 2304 589 2375 jam
624 2304 933 2359 dixerimus
966 2307 1023 2359 in
1063 2305 1308 2361 secundo
1341 2306 1488 2361 libro
1525 2307 1789 2362 adversus
1820 2306 2058 2371 Judaeos,

458 2410 549 2451 tea
577 2412 687 2450 non
718 2405 947 2467 propter
968 2397 1207 2467 aliquam
1239 2398 1331 2454 hic
1357 2414 1578 2468 quoque
1606 2400 1893 2468 posuimus
1921 2399 2062 2453 obli—

483 2486 727 2544 vionem.
771 2487 1002 2543 Gratum
1046 2490 1194 2547 enim
1241 2497 1412 2554 esset,
1448 2489 1492 2544 si
1544 2490 1659 2545 ﬁeri
1704 2500 1909 2560 posset,
1946 2491 2061 2546 hac

460 2580 615 2649 Aponi
650 2580 706 2634 in
740 2580 874 2635 loris
904 2591 964 2635 et
997 2579 1052 2633 in
1079 2582 1338 2651 compitis
1376 2598 1440 2637 ac
1482 2583 1682 2648 triviis,
1706 2584 1776 2639 ad
1812 2583 2057 2638 ﬁdelium

476 2672 852 2741 cognitionem
896 2680 967 2726 et
1006 2671 1459 2742 intelligentiam,
1509 2675 1825 2733 Judaiorom
1876 2685 2057 2731 autem

460 2760 755 2831 pudorem
794 2768 849 2814 et
881 2760 1338 2825 eonfutationem,
1374 2765 1587 2832 linguas
1630 2779 1779 2828 suas,
1814 2773 1874 2818 ut
1910 2766 2061 2835 prius

456 2851 629 2915 -dixi,
662 2853 1005 2911 moventium
1040 2853 1313 2910 adversus
1348 2855 1627 2910 Christum
1669 2864 1723 2913 et
1758 2872 1911 2912 suam
1954 2857 2058 2911 Ec-

458 2943 730 2997 .clesiam.

2174 475 2312 529 nati.
2350 476 2416 530 Et
2456 476 2606 545 quod
2653 478 2851 532 Petrus
2893 478 3117 548 quidem
3146 496 3270 536 non
3320 484 3390 535 sit
3436 483 3748 542 dominatus

2174 567 2433 621 omnibus
2464 568 2686 637 piscibus
2718 571 2914 633 maris,
2943 570 3070 624 audi
3105 586 3230 625 eum
3262 573 3537 628 dicentem
3570 592 3621 628 ei
3653 594 3746 648 qui

2172 665 2258 709 est
2284 672 2409 709 vere
2430 657 2755 712 dominatus
2783 667 2839 712 et
2865 659 3131 728 piscibus,
3160 671 3215 715 et
3243 664 3402 729 mari,
3427 675 3483 720 et
3512 668 3747 722 volueri~

2172 748 2277 803 bus
2320 750 2442 807 cmli
2487 765 2551 805 ac
2591 752 2801 807 ratione
2849 752 3116 820 praeditis,
3149 762 3205 808 et
3250 756 3519 812 universa:
3564 768 3743 819 terras.

2172 856 2370 911 nempe
2399 842 2527 897 Jesu
2560 861 2572 897 :
2601 842 2705 897 Per
2727 853 2891 898 totam
2922 856 3122 899 noctem
3153 847 3271 916 (per
3292 847 3578 905 Judaicum
3607 853 3746 907 forte

2172 932 2417 1005 cultum)
2462 934 2767 989 laborantes
2811 935 2943 989 nihil
2985 937 3246 1006 cepimus,
3284 949 3498 1009 propter
3526 944 3744 1002 .verbum

2172 1034 2349 1079 autem
2400 1034 2550 1079 tuum
2600 1027 2827 1098 (nempe
2877 1026 3038 1081 [idem
3086 1028 3141 1081 in
3195 1031 3275 1099 te)
3330 1031 3520 1086 laxabo
3570 1034 3746 1088 ri'te“

2170 1115 2451 1185 Evangelii
2510 1115 2567 1169 in
2624 1130 2775 1171 mare
2833 1114 3025 1169 mundi
3081 1116 3349 1185 gentium.
3404 1117 3479 1173 De
3534 1121 3743 1178 Joanne
3805 1159 3815 1167 -

2170 1214 2377 1269 autem,
2405 1206 2452 1260 is
2480 1207 2577 1276 qui
2608 1215 2692 1262 est
2718 1206 2963 1277 ejusdem
2994 1207 3151 1277 cujus
3184 1207 3298 1278 ipse
3325 1212 3586 1277 nominis,
3612 1214 3746 1269 dicit

2171 1296 2227 1350 in
2269 1297 2566 1368 Evangelio
2606 1300 2912 1353 secundum
2948 1299 3234 1366 Joannem,
3265 1302 3498 1358 Joannes
3537 1308 3744 1376 quidem

2160 1384 2380 1441 "nullum
2408 1391 2618 1459 signum
2643 1391 2780 1460 fecit.
2802 1390 3089 1457 Quomodo
3116 1408 3248 1464 ergo
3272 1396 3363 1463 qui
3391 1398 3607 1467 signtnn
3633 1416 3742 1455 non

2170 1474 2330 1539 fecit,
2367 1487 2423 1530 et
2462 1478 2659 1532 Petrus
2696 1479 2789 1547 qui
2833 1495 2943 1533 non
2983 1488 3068 1533 est
3110 1482 3427 1540 dominatus
3465 1488 3741 1556 piscibus,

2170 1566 2278 1621 dici
2311 1575 2492 1638 potest
2523 1569 2594 1623 ad
2624 1571 2909 1639 imaginem
2945 1581 2992 1624 et
3021 1572 3419 1630 similitudinem
3451 1577 3576 1632 Dei?
3608 1580 3741 1635 Nam

2168 1657 2263 1728 qui
2291 1656 2608 1712 dominatur
2634 1659 2968 1715 animalibus
2996 1672 3051 1715 et
3078 1663 3323 1731 piscibus
3349 1676 3406 1720 et
3429 1668 3744 1725 volucribus

2167 1749 2323 1818 jussu
2360 1750 2478 1813 Dei,
2512 1750 2647 1804 dicit
2683 1752 2830 1805 leoni
2858 1769 2872 1804 :
2898 1752 3055 1815 Veni,
3093 1762 3151 1807 et
3182 1756 3369 1822 venit;
3408 1767 3464 1813 et
3495 1762 3689 1830 aquilae
3726 1782 3737 1815 :

2168 1839 2483 1909 Ingredere,
2513 1850 2568 1895 et
2589 1842 2932 1912 ingreditur;
2958 1854 3014 1897 et
3037 1845 3174 1913 pisci
3203 1864 3214 1897 :
3245 1847 3659 1922 Appropinqua,
3688 1864 3743 1908 (ιι

2168 1930 2386 1996 obedit;
2416 1940 2472 1986 et
2495 1932 2720 1987 draconi
2745 1950 2757 1987 :
2781 1934 3104 2016 “Pereas,'et
3127 1937 3310 1990 statim
3338 1942 3595 2010 exspirat.
3630 1944 3741 1998 Ad-

2169 2028 2319 2075 verte
2346 2032 2528 2077 autem
2571 2024 2719 2092 quod
2746 2040 2856 2078 non
2888 2026 3066 2080 solum
3094 2028 3413 2097 pisciumet
3438 2033 3740 2089 bestiarum

2165 2119 2219 2164 et
2243 2112 2518 2180 reptilium
2544 2114 2846 2171 dominium
2874 2116 3026 2174 dedit
3045 2121 3192 2176 Deus
3214 2108 3422 2179 homini
3450 2129 3541 2197 qui
3568 2128 3742 2186 factus

2163 2213 2250 2258 est
2280 2204 2350 2257 ad
2375 2207 2663 2276 imaginem
2690 2217 2740 2261 et
2765 2210 3166 2267 similitudinem
3197 2216 3313 2281 Dei,
3342 2219 3437 2272 sed
3469 2220 3741 2278 universa:

2167 2290 2367 2348 terrm.l
2401 2295 2554 2352 Unde
2616 2298 2781 2353 etiam
2845 2304 3111 2373 scriptum
3174 2316 3258 2362 est
3315 2324 3410 2364 eos
3470 2311 3739 2382 imperare

2162 2385 2386 2454 piscibrs
2412 2390 2597 2452 maris,
2625 2399 2672 2442 et
2698 2391 2990 2446 volucribus
3019 2395 3135 2449 ειειὶ
3162 2400 3404 2453 secundo
3431 2402 3654 2471 ordine;
3684 2417 3739 2461 rt

2162 2481 2361 2536 deinde
2403 2484 2568 2555 885
2612 2485 2715 2550 sic,
2752 2487 2959 2553 Bcstiis,
2995 2500 3044 2542 et
3078 2493 3357 2562 jumentis,
3394 2505 3442 2547 et
3486 2499 3740 2552 universa'

2163 2583 2316 2627 terra:
2344 2592 2361 2628 :
2387 2575 2490 2629 hoc
2516 2585 2620 2640 est,
2646 2578 2904 2635 onmibus
2927 2598 3047 2651 qua:
3076 2592 3203 2638 sunt
3226 2595 3280 2639 et
3303 2586 3552 2641 habitant
3576 2606 3739 2659 super

2164 2674 2394 2732 terram;
2453 2685 2649 2739 nempe
2707 2672 3023 2729 hominibus
3074 2686 3131 2730 et
3172 2677 3451 2746 gentibus.
3500 2680 3555 2734 Si
3606 2698 3738 2750 ergo

2159 2759 2346 2814 omnia
2391 2760 2627 2830 subjecit
2668 2764 2770 2817 sub
2808 2766 3044 2834 pedibus
3087 2769 3206 2837 ejus
3240 2769 3335 2839 qui
3378 2780 3461 2825 est
3500 2788 3628 2827 vere
3668 2776 3735 2828 ad

2161 2849 2454 2920 imaginem
2500 2854 2617 2917 Βιί,
2653 2866 2737 2911 est
2786 2859 3141 2927 perspicuum
3191 2862 3337 2930 quod
3372 2864 3417 2917 is
3460 2865 3626 2920 homo
3655 2880 3739 2922 est

2160 2939 2416 2996 dominus
2471 2945 2715 2999 omnium
2772 2963 2894 3016 qua:
2951 2959 3079 3003 sunt
3136 2951 3188 3005 in
3243 2954 3476 3018 mundo,
3526 2966 3586 3011 ut
3642 2960 3733 3027 qui

550 3034 830 3092 Faciamus
862 3040 1125 3093 hominem
1156 3039 1228 3099 ad
1259 3040 1546 3109 imaginem
1582 3046 1631 3091 et
1660 3038 2054 3093 similitudinem

2161 3029 2357 3085 habeat
2388 3032 2490 3087 sub
2518 3034 2757 3104 pedibus
2789 3037 3029 3093 hominis
3067 3049 3321 3110 tanquam
3367 3046 3636 3115 mancipia
3680 3056 3737 3102 et

477 3136 737 3191 nostram,
768 3130 986 3200 imperet
1026 3132 1251 3202 piscibus
1290 3132 1476 3193 maris,
1506 3138 1553 3182 et
1592 3129 1884 3185 volucribus
1924 3131 2054 3195 caeli,

477 3228 530 3271 et
556 3220 838 3287 jumenlis,
873 3231 921 3275 et
951 3224 1207 3278 universa:
1240 3231 1416 3284 term,
1442 3230 1489 3273 et
1519 3221 1756 3276 omnibus
1788 3222 2057 3292 reptilibas

481 3310 778 3379 repentibus
805 3330 967 3383 supra
998 3325 1220 3367 terram.
1247 3314 1359 3368 Nos
1384 3313 1606 3383 quidem
1636 3314 1767 3368 facit
1791 3314 2058 3383 pigriores

477 3401 548 3454 ad
582 3402 775 3457 eadem
806 3416 1001 3460 rursus
1031 3402 1264 3460 dicenda
1301 3402 1447 3471 quod
1480 3419 1547 3457 ca
1575 3403 1710 3457 alibi
1740 3402 2058 3472 exposueri-

478 3510 624 3549 mus.
673 3495 840 3551 Miror
878 3492 1064 3552 autem
1108 3498 1167 3552 in
1212 3498 1504 3568 prtcsentia
1551 3512 1649 3551 eos
1695 3498 1789 3566 qui
1839 3494 1893 3550 in
1942 3496 2054 3551 sola

471 3597 802 3642 manserunt
834 3589 1037 3652 littera,
1069 3598 1127 3644 et
1157 3590 1415 3643 dixerunt
1446 3588 1786 3658 corporalem
1824 3588 2054 3658 piscium

470 3687 536 3732 et
560 3680 845 3739 volucrum
876 3692 935 3734 et
967 3679 1267 3736 bestiarum
1301 3680 1549 3734 omnium
1582 3679 1964 3733 auctoritatem
1998 3686 2055 3732 et

466 3756 843 3834 dominatum,
873 3786 998 3826 esse
1036 3770 1195 3834 illud,
1229 3771 1300 3825 ad
1342 3771 1628 3840 imaginem
1669 3780 1719 3823 et
1752 3769 2055 3825 similitudi-

470 3874 617 3922 nem,
650 3861 746 3915 Dei
785 3862 838 3916 in
873 3862 1119 3917 homine.
1153 3862 1342 3931 Neque
1374 3862 1522 3915 enim
1559 3861 1871 3916 invenimus
1903 3862 2052 3931 quod

471 3952 591 4020 ipse
616 3953 990 4022 prot0plastus
1012 3953 1331 4009 dominatus
1356 3954 1432 4011 sit
1455 3952 1705 4023 piscibus
1728 3954 1922 4020 maris;
1955 3954 2051 4008 sed

468 4056 578 4095 nec
625 4044 770 4099 ullus
818 4046 966 4100 alius
1008 4045 1288 4116 exajustis
1337 4045 1432 4114 qui
1480 4044 1707 4100 fuerunt
1749 4060 1779 4098 a
1825 4044 2046 4099 saeculo.

466 4135 823 4191 Dominatum
857 4138 1004 4202 dico,
1032 4154 1141 4193 non
1172 4153 1303 4201 eum
1337 4138 1432 4207 qui
1467 4137 1722 4192 consistit
1753 4152 1851 4207 per
1879 4136 2050 4190 artiﬁ-

465 4224 676 4281 ciosam
705 4228 947 4298 aliquam
975 4231 1459 4299 excogitationem,
1484 4228 1962 4297 instrumentaque
1992 4235 2048 4282 et

463 4317 653 4373 studia
689 4321 995 4385 venatoria,
1026 4331 1085 4376 ut
1123 4321 1454 4390 quibusdam
1494 4320 1671 4373 visum
1712 4330 1797 4374 est
1836 4319 2040 4381 dicere,

2161 3135 2372 3175 servos;
2406 3123 2502 3176 Dic
2552 3126 2683 3179 mihi
2728 3142 2860 3200 ergo
2902 3132 3181 3199 quomodo
3231 3134 3437 3203 Moses,
3473 3140 3567 3207 qui
3617 3151 3737 3194 erat

2162 3214 2287 3297 talis
2307 3227 2363 3271 et
2389 3226 2593 3282 tantus,
2619 3235 2730 3274 non
2758 3230 2877 3277 erat
2900 3224 2968 3278 ad
2996 3226 3284 3295 imaginem
3314 3230 3410 3284 Dei
3443 3250 3454 3284 :
3485 3231 3732 3303 Fugiebat

2157 3307 2305 3359 enim
2339 3326 2369 3361 α
2399 3310 2534 3378 facie
2558 3310 2878 3368 Pharaonis.
2904 3315 3190 3382 Quomodo
3216 3321 3364 3375 Eiias
3393 3326 3485 3392 qui
3518 3342 3731 3381 assum-

2158 3405 2287 3462 ptus
2326 3399 2428 3451 fuit
2470 3400 2522 3452 in
2566 3417 2730 3456 curru
2775 3404 2968 3473 igneo,
3004 3409 3194 3476 procul
3235 3409 3335 3463 fuit
3364 3414 3667 3469 absconsus
3701 3434 3730 3470 a

2156 3484 2295 3541 facie
2321 3486 2575 3544 Jezabel?
2602 3492 2887 3558 Quomodo
2913 3512 3105 3551 omnes
3130 3498 3243 3552 fere
3272 3502 3573 3569 prophetae,
3595 3506 3730 3573 justi

2154 3586 2209 3632 et
2229 3581 2485 3648 apostoli,
2519 3582 2586 3635 ab
2617 3583 2910 3652 impiorum
2943 3588 3196 3642 manibus
3219 3601 3348 3645 sunt
3378 3590 3727 3664 interempti;

2154 3684 2264 3722 non
2323 3672 2428 3726 boc
2486 3675 2741 3742 passuri,
2787 3676 2831 3730 si
2895 3677 3159 3733 dmninati
3220 3693 3405 3738 essent
3463 3687 3731 3744 universae

2154 3770 2345 3829 terrae,
2380 3774 2437 3819 et
2472 3765 2516 3820 si
2561 3767 2887 3837 subjocissct
2923 3773 3101 3825 omnia
3144 3774 3237 3826 sub
3277 3777 3490 3844 pedibus
3528 3780 3637 3849 ejus
3662 3783 3725 3835 ³⁸.
3762 3764 3767 3769 ’

2153 3853 2288 3909 Cum
2322 3855 2389 3911 de
2421 3856 2525 3911 hoc
2556 3858 2705 3915 dicto
2739 3868 2886 3913 tanta
2917 3872 3064 3916 esset
3091 3873 3146 3917 et
3196 3873 3302 3919 tam
3334 3870 3588 3938 perplexa
3623 3871 3727 3926 du-

2151 3944 2373 4012 bitatio,
2416 3964 2569 4004 suam
2604 3951 2669 4005 ad
2704 3951 2962 4008 llebra‘os
3000 3956 3299 4026 Epistulam
3336 3959 3538 4025 ferens,
3582 3963 3730 4018 illico

2150 4036 2325 4091 astitit
2365 4039 2568 4094 Paulus
2620 4051 2794 4111 mysta
2842 4057 3167 4098 arcanorum
3218 4046 3615 4117 inclTabilinm;
3671 4052 3725 4105 in

2148 4144 2312 4198 quam
2348 4146 2448 4185 nos
2484 4131 2763 4187 intuentes
2794 4133 3049 4189 liberavit
3079 4137 3147 4190 ab
3180 4139 3414 4192 obscura
3448 4150 3502 4193 et
3533 4140 3723 4194 admo-

2145 4218 2277 4273 dum
2318 4222 2590 4291 prol’unda
2629 4222 3007 4287 dubitatione,
3045 4216 3236 4283 dicens
3276 4226 3558 4283 Christum
3603 4248 3724 4286 esse

2148 4308 2438 4380 imaginem
2493 4311 2586 4367 Dei
2635 4313 2963 4380 invisibilis,
3010 4325 3066 4369 et
3116 4318 3295 4386 ipsum
3347 4318 3622 4390 imperare
3669 4334 3725 4377 et

463 4423 536 4463 ex
560 4410 764 4479 quibus
790 4423 875 4466 εει
899 4389 1287 4467 αηωιεοξιηε,
1315 4412 1410 4467 ma
1439 4414 1587 4466 enim
1617 4422 1703 4466 ρει
1729 4428 1837 4467 non
1867 4410 2044 4466 domi;
2073 4389 2120 4449 υ
2146 4400 2415 4455 dominari
2458 4402 2714 4459 omnibus
2759 4417 3016 4475 tanquam
3057 4407 3329 4463 bmredem
3372 4413 3638 4478 omnium,
3669 4424 3725 4469 et

461 4512 654 4567 natus,
680 4502 777 4557 sed
811 4492 1082 4558 calliditas
1112 4511 1170 4559 et
1198 4504 1382 4558 dolus.
1410 4504 1708 4558 Nonenim
1743 4505 1837 4574 qui
1868 4505 2047 4560 domi-

462 4601 633 4647 natur
660 4593 851 4656 alicui,
876 4602 932 4647 et
966 4594 1200 4648 maxime
1228 4595 1386 4664 jussu
1420 4594 1542 4659 Dei,
1568 4594 1886 4649 dominatur
1915 4612 2041 4651 cum

461 4680 657 4736 subtili
688 4683 890 4738 mentis
921 4684 1346 4753 escogitatione,
1371 4685 1468 4739 sed
1501 4692 1689 4754 aperte
1724 4685 2045 4741 dominatur

461 4789 591 4830 cum
630 4782 897 4857 potestate
929 4784 986 4830 et
1018 4775 1368 4831 auctoritate.
1400 4775 1556 4842 Quod
1594 4776 1661 4843 si,
1694 4787 1752 4831 ut
1781 4788 1867 4833 est
1894 4781 2042 4833 veri-

460 4868 665 4930 simile,
689 4869 859 4938 aliqui
887 4870 1069 4924 adhuc
1090 4870 1269 4935 invidi
1298 4870 1706 4935 contradicunt,
1728 4888 1795 4927 ex
1824 4873 2045 4929 duobus

458 4957 670 5013 sanctis
716 4958 983 5016 Ecclesiae
1035 4963 1301 5027 summis,
1344 4962 1467 5032 ejus
1512 4963 1660 5032 quod
1711 4964 1837 5019 dico
1882 4966 2041 5019 tidem

459 5049 691 5113 faciam.
717 5051 897 5106 Velim
942 5062 1147 5110 autem.
1187 5053 1285 5108 tibi
1328 5069 1543 5117 rursus,
1577 5069 1611 5106 o
1653 5054 1861 5120 Judaee,
1894 5056 2040 5125 dico,

458 5138 659 5201 velim,
696 5140 951 5210 inquam,
992 5153 1043 5197 te
1088 5143 1274 5198 dicere
1317 5160 1385 5198 an
1441 5144 1610 5198 fuerit
1652 5144 1851 5215 aliquis
1900 5148 2046 5203 inter

457 5232 716 5289 homines
748 5234 816 5288 ad
851 5234 949 5290 Dei
986 5235 1276 5307 imaginem
1334 5246 1393 5291 et
1444 5237 1885 5292 similitudinem.
1919 5239 2042 5295 Isne

454 5331 546 5377 est
591 5336 748 5379 sacer
795 5323 886 5379 ille
928 5341 1239 5395 praecursor
1280 5327 1545 5392 Joannes,
1589 5326 1681 5396 qui
1731 5335 1816 5382 est
1866 5330 2042 5400 major

453 5412 719 5469 omnibus
750 5418 892 5469 inter
921 5426 1077 5470 natos
1110 5416 1433 5471 mulierum?
1460 5433 1527 5471 an
1562 5417 1816 5473 similiter
1844 5419 2040 5474 Petrus

450 5501 551 5558 ille
600 5517 850 5560 summus
897 5513 955 5560 et
1008 5505 1428 5575 antiquissimus
1476 5514 1666 5561 vertex
1721 5512 2034 5562 sanctorum

2141 4493 2192 4547 ei
2234 4493 2482 4563 subjecta
2524 4510 2645 4550 esse
2687 4499 2872 4552 omnia
2918 4500 3137 4568 (prteter
3174 4502 3367 4567 Deum,
3398 4504 3641 4574 inquam,
3670 4516 3725 4561 et

2144 4583 2409 4657 Patrem),
2431 4597 2485 4640 et
2512 4587 2561 4641 ei
2593 4604 2735 4658 genu
2762 4588 2983 4645 ﬂectere
3011 4594 3327 4649 cmlestiaet
3355 4600 3638 4653 terrestria
3668 4607 3724 4654 et

2146 4675 2529 4733 subterranea.
2558 4678 2675 4735 Hoc
2714 4690 2798 4736 est
2834 4683 2984 4737 enim
3026 4684 3299 4754 imperare
3341 4687 3475 4757 ipsis
3514 4691 3722 4745 ratione

2142 4765 2391 4835 prteditis
2439 4768 2689 4837 piscibus
2742 4772 2946 4837 maris,
2998 4781 3054 4826 et
3106 4773 3545 4846 intelligentibus
3599 4780 3721 4835 ρωιί

2142 4856 2487 4924 volucribus,
2515 4867 2571 4913 et
2605 4858 2923 4915 hominibus
2962 4863 3056 4932 qui
3101 4873 3229 4917 sunt
3260 4865 3433 4920 instar
3462 4881 3721 4935 pecorum

2143 4958 2200 5003 et
2240 4949 2650 5019 jumentorum,
2687 4961 2744 5006 et
2793 4954 3063 5009 universa:
3115 4965 3294 5012 terrze.
3334 4958 3495 5014 Ponit
3538 4952 3722 5013 autem

2142 5039 2375 5110 piscium
2400 5042 2826 5112 subjectionem,
2859 5045 3118 5115 quoniam
3154 5057 3280 5103 ante
3316 5064 3511 5104 omnes
3540 5050 3722 5103 domi-

2142 5140 2302 5187 natus
2331 5141 2417 5187 est
2446 5133 2513 5189 iis
2541 5135 2633 5205 qui
2668 5151 2765 5206 per
2791 5152 2988 5207 aquam
3021 5146 3077 5192 et
3103 5141 3358 5209 spiritum
3391 5157 3723 5210 regenerati-

2145 5233 2263 5288 tur,
2312 5239 2510 5295 nempe
2553 5228 2716 5282 nobis
2757 5231 3043 5299 gentibus,
3088 5242 3143 5285 et
3196 5232 3304 5286 illis
3344 5233 3438 5302 qui
3478 5242 3609 5288 sunt
3666 5234 3718 5289 in

2140 5318 2339 5389 abysso
2375 5318 2676 5373 inferorum
2714 5322 2767 5374 in
2803 5323 3059 5377 obscuris
3091 5331 3147 5378 et
3182 5324 3236 5377 in
3276 5324 3467 5378 umbra
3501 5327 3715 5381 mortis.

2140 5411 2348 5466 Deinde
2387 5412 2660 5467 secundas
2697 5412 2834 5467 dicit
2871 5414 3127 5468 volucres
3165 5415 3312 5482 coeli,
3348 5417 3720 5487 intelligenu-s

2140 5505 2447 5562 Potestates
2477 5506 2545 5561 de
2575 5508 2779 5576 quibus
2806 5506 2941 5560 dicit
2972 5525 2984 5559 :
3015 5504 3246 5577 Cognovi
3276 5525 3454 5564 omnes
3482 5508 3719 5565 volucres

527 5688 573 5721 "
598 5696 736 5752 Psal.
763 5715 852 5766 cu,
881 5698 969 5755 15.
1046 5704 1089 5735 ³⁵
1117 5702 1259 5757 Psal.
1285 5719 1394 5768 vm,
1432 5704 1482 5758 ὅ.
1563 5706 1605 5736 ³⁸
1630 5705 1761 5760 ibid.
1785 5706 1837 5761 6.
1918 5707 1961 5736 ’τ
1982 5706 2057 5761 Lu

2158 5724 2193 5773 ί,
2224 5708 2274 5762 5.
2356 5710 2400 5741 ³⁸⁸
2426 5710 2563 5764 Psal.
2592 5727 2699 5774 \‘lll,
2725 5710 2785 5777 8;
2816 5709 2986 5764 Ilebr.
3030 5726 3069 5774 1,
3094 5710 3149 5765 8.
