4056 6148
434 229 537 294 935

1653 228 1713 285 S.
1738 226 2138 288 ANASTASII
2178 227 2350 287 SINA
2360 227 2501 287 ITJE
3573 230 3664 293 936

431 334 631 391 caeli".
666 332 704 387 Α
755 341 900 388 terra
942 329 1090 386 enim
1140 344 1262 386 cum
1309 344 1477 385 carne
1522 331 1864 392 ascendens,
1908 331 2014 385 fuit
2045 340 2084 393 Α
2114 347 2272 402 super
2298 340 2516 385 terram.
2559 331 2731 385 Paulo
2783 339 2910 385 ante
2943 331 3165 400 quidem
3203 331 3465 386 Joannem
3494 344 3546 388 et
3572 336 3667 390 Pe-

428 428 688 499 cognitus
712 433 769 480 e‘t
793 433 1124 494 conspectus
1150 438 1181 477 a
1204 423 1611 492 Principatibus
1637 431 1690 477 et
1718 423 2014 477 Potestati—

426 518 534 572 bus
561 531 660 585 per
686 514 1015 569 Ecclesium.
1032 510 1266 576 ’Quando
1291 522 1475 565 autem
1502 513 1718 564 intrarit
1744 512 2013 581 plenitudo

427 607 685 677 gentium,
716 602 1061 672 subjicientur
1082 601 1127 630 ¹⁵⁰
1154 602 1382 653 omnino
1418 599 1632 654 Christi
1670 600 1921 654 dominio
1958 609 2013 654 et

423 700 674 769 jumenta
735 694 858 759 illa,
893 702 950 748 et
1006 692 1197 747 bestiae
1253 708 1284 747 e
1339 703 1489 747 terra
1538 692 1736 763 genitae
1792 703 1849 747 et
1893 694 2013 762 ejus

428 796 694 858 cognatm,
721 800 921 854 nempe
942 785 1134 848 Israel,
1168 782 1236 837 de
1270 798 1381 853 quo
1417 784 1636 838 dicebat
1658 800 1678 836 ‘.
1712 782 1859 837 Alias
1896 800 2012 837 oves

431 880 591 935 habeo
622 894 739 950 qua:
773 895 877 932 non
908 886 1031 931 sunt
1064 880 1127 930 de
1161 877 1255 931 hoc
1288 875 1433 940 ovili,
1464 885 1512 929 et
1544 875 1667 929 illas
1696 892 1781 929 me
1812 884 2014 948 Oportet

429 973 711 1037 adducere,
741 980 790 1026 et
819 987 993 1025 vocem
1020 986 1195 1023 meam
1227 969 1472 1034 audient;
1501 977 1550 1021 et
1575 967 1666 1037 ﬁet
1695 984 1832 1021 unus
1861 984 2009 1038 grex,

428 1082 566 1119 unus
599 1075 783 1135 pastor
805 1064 869 1118 δ’.
896 1064 965 1117 Et
994 1062 1075 1117 sic
1106 1062 1160 1116 in
1193 1060 1415 1115 Christo
1443 1061 1685 1124 eveniet,
1717 1070 1774 1114 et
1806 1060 2012 1114 intelli-

428 1163 589 1227 getur
618 1156 685 1209 de
724 1156 845 1224 ipso
876 1163 934 1208 et
954 1154 1029 1220 de
1063 1153 1184 1223 ejus
1214 1137 1445 1223 conjuge
1478 1151 1748 1215 Ecclesia,
1780 1152 1836 1206 id
1865 1152 2012 1220 quod

428 1258 459 1297 a
489 1244 602 1298 Deo
629 1245 923 1299 dicebatur
951 1244 1017 1298 de
1046 1243 1265 1297 duobus
1298 1263 1311 1297 :
1343 1242 1613 1313 lmperent
1640 1244 1862 1314 piscibus
1893 1260 2012 1297 ma-

429 1337 523 1401 ris,
547 1346 596 1389 et
620 1337 918 1390 volucribus
944 1335 1080 1400 cmli,
1109 1344 1157 1389 et
1176 1336 1456 1406 jumentis,
1482 1341 1530 1387 et
1554 1336 1812 1389 universa:
1834 1343 2009 1401 terrw,

426 1457 497 1466 —
523 1446 557 1482 a
588 1429 726 1482 mari
757 1443 917 1499 usque
944 1428 1015 1480 ad
1045 1443 1214 1492 mare,
1242 1434 1293 1480 et
1324 1443 1355 1479 a
1379 1426 1553 1496 ﬂuviis
1583 1441 1746 1496 usque
1782 1425 1851 1479 ad
1878 1424 2011 1493 ﬁnes

426 1521 564 1573 orbis
588 1530 748 1574 terra:
774 1521 836 1574 ³³.

490 1611 753 1666 Carnales
781 1619 966 1665 autem
1015 1611 1111 1682 qui
1169 1610 1513 1680 corporalem
1552 1610 1794 1665 hominis
1851 1620 2011 1681 potc-

428 1712 623 1758 statem
659 1703 977 1773 intelligunt
1008 1702 1077 1756 de
1115 1702 1435 1761 carnalibus
1484 1702 1732 1771 piscibus
1764 1710 1821 1756 et
1862 1686 2086 1755 volu-B

428 1795 639 1858 cribus,
667 1802 724 1849 et
753 1794 1012 1848 omnibus
1043 1793 1331 1864 jumentis,
1374 1801 1430 1847 et
1458 1792 1674 1856 bestiis,
1711 1800 1766 1846 el.
1800 1791 2013 1862 reptili-

429 1887 551 1953 bus,
588 1897 645 1941 et
672 1887 933 1941 omnibus
956 1903 1078 1954 qua
1104 1893 1234 1939 sunt
1269 1900 1438 1954 supra
1471 1894 1674 1939 terram
1701 1926 1716 1949 ,
1754 1900 1865 1938 non
1913 1900 2013 1954 po-

430 1987 620 2032 terunt
680 1979 844 2032 nobis
895 1978 1191 2032 ostendere
1241 1977 1415 2031 ullum
1466 1978 1771 2041 hominem,
1810 1962 2012 2047 praeter

426 2071 731 2134 Christum,
763 2072 859 2139 qui
892 2072 965 2125 sit
990 2071 1056 2125 ad
1095 2070 1388 2140 imaginem
1448 2069 1567 2124 Dei.
1616 2069 1813 2123 Nullus
1862 2071 2011 2124 enim

428 2177 495 2216 ex
528 2161 596 2215 iis
624 2162 717 2230 qui
748 2178 777 2215 a
802 2162 1006 2216 seculo
1040 2162 1154 2215 nati
1185 2169 1313 2214 sunt
1339 2174 1470 2230 (non
1506 2159 1631 2214 dico
1664 2176 1732 2213 ex
1766 2159 2010 2229 regibus,

428 2254 522 2308 sed
559 2268 663 2307 nec
686 2270 752 2309 ex
775 2254 967 2324 justis)
1003 2263 1087 2308 est
1135 2253 1481 2317 dominatus,
1531 2256 1808 2323 potestate
1838 2252 2013 2321 impe-

427 2347 570 2398 rium
608 2345 875 2406 habente,
906 2344 1169 2398 omnibus
1204 2360 1325 2414 qua:
1354 2353 1483 2398 sunt
1507 2359 1677 2415 super
1704 2353 1925 2407 terram,
1959 2353 2014 2397 et

426 2436 564 2490 mari
592 2435 847 2500 ;etiamsi
871 2434 1105 2488 faciendi
1132 2433 1418 2497 miracula,
1438 2434 1924 2505 perspiciendiquc
1950 2450 2014 2491 ac

424 2527 762 2597 praedicendi
802 2526 1127 2597 prepbetica
1158 2526 1387 2580 omnino
1418 2534 1565 2581 esset
1596 2526 1863 2597 przeditus
1889 2543 2013 2599 gra-

424 2621 522 2676 tia.
555 2620 831 2675 Caeterum
870 2634 983 2672 non
1034 2617 1090 2673 in
1145 2618 1437 2689 ejiciendis
1460 2617 1770 2683 daemoniis,
1807 2635 1909 2675 nec
1944 2610 2013 2675 in

424 2712 598 2782 signis
622 2710 895 2765 faciendis
926 2710 1195 2765 Dominus
1227 2710 1423 2766 deﬁnit
1455 2711 1858 2781 perfectionem
1914 2711 2015 2766 bo-

425 2800 593 2854 miuis
622 2800 715 2869 qui
741 2800 918 2854 estad
961 2799 1059 2854 Dei
1084 2800 1374 2870 imaginem
1408 2808 1458 2853 et
1490 2798 1916 2865 similitudinem,
1952 2808 2014 2854 ut

425 2893 649 2964 quando
676 2893 809 2949 dicit
838 2912 852 2946 :
888 2893 1071 2948 Dicent
1098 2894 1227 2947 mihi
1250 2895 1305 2947 in
1332 2892 1433 2947 illa
1465 2892 1549 2947 die
1581 2910 1598 2947 :
1630 2892 1877 2958 Domine,
1910 2911 2012 2948 an-

430 3002 538 3040 non
570 2987 624 3039 in
644 2995 733 3039 tuo
764 2986 977 3039 nomine
999 2983 1196 3039 multas
1229 2986 1452 3039 virtutes
1479 2985 1743 3055 fecimus!
1776 2994 1823 3039 et
1837 2986 2011 3040 dicam
2039 3014 2081 3072 α

424 3076 498 3129 eis
534 3091 552 3128 :
605 3075 775 3129 Amen
834 3074 948 3127 dico
1020 3073 1161 3128 vobis
1197 3115 1212 3138 ,
1289 3089 1396 3127 non
1444 3075 1566 3128 novi
1618 3089 1709 3128 vos
1740 3075 1808 3130 “.
1873 3073 2005 3141 Sed,

424 3169 673 3241 Diligite,
712 3169 929 3238 inquit,
967 3168 1209 3222 inimicos
1258 3176 1479 3231 vestros,
1535 3176 1583 3221 et
1613 3158 1895 3223 benedicite
1943 3168 2009 3223 iis

425 3263 516 3333 qui
554 3277 644 3316 vos
680 3265 1062 3325 exsecrantur;
1103 3259 1390 3328 benefacite
1427 3259 1492 3313 iis
1531 3257 1622 3330 qui
1650 3259 1873 3313 oderunt
1896 3275 2005 3325 vos,

425 3363 474 3408 et
506 3360 661 3407 orate
692 3369 788 3423 pro
818 3352 885 3406 iis
921 3352 1010 3423 qui
1041 3351 1180 3405 vobis
1211 3350 1498 3413 insultant,
1537 3359 1596 3404 ut
1645 3352 1759 3405 sitis
1810 3352 2009 3407 similes

423 3445 606 3499 Patris
636 3446 796 3498 vestri
830 3446 919 3515 qui
955 3451 1031 3497 est
1063 3445 1117 3497 in
1152 3443 1294 3498 caelis
1325 3443 1405 3510 “;
1447 3444 1500 3498 in
1526 3445 1732 3499 virtute
1766 3444 2009 3499 cbarita-

426 3537 497 3591 tis
527 3536 801 3592 deﬁniens
828 3551 951 3592 esse
983 3535 1051 3590 ad
1085 3535 1182 3590 Dei
1226 3534 1675 3592 similitudinem.
1721 3535 2010 3602 Quomodo

425 3630 594 3685 etiam
642 3631 759 3699 ipse
810 3627 1069 3685 Christus
1115 3630 1351 3698 loquens
1398 3644 1497 3699 per
1530 3630 1783 3693 Paulum,
1815 3629 2010 3685 eadem

425 3736 558 3775 usus
586 3730 671 3775 est
698 3722 883 3792 regula
902 3720 1318 3786 etdcﬁnitione,
1344 3721 1567 3790 quando
1585 3721 1719 3776 dicit
1743 3739 1756 3774 :
1782 3720 2013 3776 Etiamsi

426 3814 622 3883 linguis
644 3813 915 3867 hominum
940 3811 1151 3884 loquar,
1179 3821 1228 3865 et
1253 3813 1420 3866 sciam
1452 3814 1701 3884 mysteria
1730 3814 1932 3878 omnia,
1961 3821 2011 3867 et

423 3922 632 3960 omnem
662 3907 1037 3977 cognitionem,
1063 3913 1112 3958 et
1140 3922 1350 3959 omnem
1380 3905 1605 3959 habeam
1638 3904 1819 3973 ﬁdem,
1845 3907 1922 3959 ita
1952 3913 2010 3958 ut

425 4005 630 4050 montes
657 3996 1005 4066 transferam,
1030 3993 1163 4049 nihil
1195 3995 1323 4048 mihi
1352 3995 1561 4065 prodest
1591 3995 1657 4049 “.
1690 3994 1797 4049 Sed
1831 3995 1898 4051 de
1922 3996 2009 4051 his

423 4090 651 4160 quidem
685 4090 979 4144 hactenus.
1358 4077 1365 4084 ’

496 4180 795 4234 Videamus
825 4186 1013 4234 autem
1056 4179 1221 4234 etiam
1253 4177 1387 4247 quid
1427 4192 1491 4233 ea
1539 4176 1853 4249 significent
1887 4192 2009 4249 qua:

425 4271 564 4326 dicit
602 4272 669 4327 de
705 4272 1097 4327 benedictione
1129 4271 1238 4327 :Et
1265 4273 1386 4343 fecit
1421 4270 1560 4326 Deus
1602 4272 1885 4337 hominem,
1938 4271 2009 4324 ad

2116 429 2260 474 trum
2311 422 2554 476 medium
2587 421 2818 476 adduxit
2858 422 3076 485 .oratio,
3118 421 3194 476 ad
3243 422 3666 491 persuadendum

2114 512 2353 585 auditori
2393 522 2455 567 ut
2501 514 2841 583 Scripturam
2879 514 3120 577 divinam
3152 514 3485 583 intelligeret
3515 517 3667 585 spiri-

2115 603 2360 669 tualiter,
2401 613 2529 674 post
2561 605 3087 674 contemplationem
3135 620 3257 674 quae
3310 607 3501 661 litterae
3545 623 3669 662 con-

2113 692 2289 745 venit.

2202 782 2359 851 Quod
2395 784 2438 840 si
2482 785 2549 840 ad
2596 786 2839 841 litteram
2883 786 3159 865 progressi
3217 785 3335 840 illic
3366 801 3670 855 mancanus,

2111 879 2392 945 quomodo
2428 879 2640 949 poteris
2685 880 2982 934 ostendere
3032 880 3484 951 gloriosissimam
3536 883 3675 936 illam

2113 967 2211 1021 Dei
2243 976 2476 1023 matrem
2516 985 2642 1024 esse
2680 970 2748 1024 ad
2782 969 2881 1025 Dei
2913 971 3207 1041 imaginem
3261 981 3319 1026 et
3368 972 3675 1028 similitudi-

2112 1060 2276 1113 nem?
2312 1060 2416 1116 Ubi
2441 1061 2594 1115 enim
2655 1060 3095 1135 imperavit'illa,
3130 1071 3227 1118 aut
3280 1071 3363 1118 est
3411 1063 3677 1120 dominata

2112 1152 2313 1207 bestiis
2341 1153 2666 1227 sensilibus,
2722 1163 2820 1208 aut
2868 1154 3139 1226 piscibus.
3209 1163 3307 1209 aut
3352 1154 3677 1217 volucribus,

2113 1254 2208 1299 aut
2239 1245 2511 1299 universae
2543 1252 2737 1309 terrae,
2776 1261 2897 1316 quin
2934 1261 2965 1299 a
2993 1245 3132 1300 facie
3168 1245 3409 1301 Herodis
3442 1247 3682 1317 migravit

2113 1335 2169 1389 in
2192 1334 2528 1407 Egyptum?
2560 1338 2627 1391 Et
2655 1335 2781 1406 quis
2804 1336 2965 1406 (mihi
3000 1336 3109 1401 dic,
3141 1336 3347 1407 quaeso)
3369 1347 3471 1390 aut
3499 1352 3565 1390 ex
3594 1338 3683 1390 ho-

2112 1427 2357 1483 minibus
2383 1437 2479 1482 aut
2500 1443 2568 1482 ex
2594 1428 2940 1483 dazmonibus
2978 1427 3208 1483 audebit
3234 1428 3428 1483 dicere
3454 1429 3597 1498 quod
3624 1444 3681 1484 ea

2113 1534 2237 1588 quae
2275 1528 2360 1574 est
2383 1519 2631 1590 ejusdem
2656 1518 2820 1573 simul
2852 1535 2978 1574 cum
3004 1519 3118 1573 Deo
3147 1520 3427 1582 essentia},
3460 1518 3600 1589 quod
3622 1520 3684 1572 ad

2115 1625 2336 1665 carnem
2369 1612 2588 1675 attinet,
2624 1626 2735 1665 non
2766 1612 2840 1666 sit
2875 1611 2941 1665 ad
2966 1610 3262 1681 imaginem
3292 1620 3351 1678 et
3377 1610 3687 1664 similitudi-

2116 1719 2242 1758 nem
2275 1706 2397 1775 ejus
2430 1688 2525 1774 qui
2557 1712 2641 1759 est
2679 1705 2795 1774 ipsa
2841 1713 3038 1767 natus;
3104 1702 3390 1771 quomodo
3416 1710 3506 1756 est
3550 1702 3687 1756 enim

2115 1804 2292 1850 mater
2326 1795 2643 1866 hujusmodi
2681 1795 2799 1858 lilii,
2849 1810 2958 1849 non
3012 1793 3195 1848 ferens
3243 1792 3298 1846 in
3333 1808 3396 1846 se
3432 1793 3688 1862 integram

2114 1891 2168 1937 et
2199 1883 2423 1938 illaesam
2460 1883 2605 1937 fctus
2635 1882 2720 1937 sui
2750 1882 3083 1953 imaginem?
3105 1881 3485 1948 Quamobrem
3513 1891 3692 1935 osten-

2114 1988 2237 2027 sum
2270 1982 2357 2027 est
2389 1973 2440 2027 ei
2479 1974 2570 2042 qui
2600 1982 2686 2027 est
2715 1972 2861 2028 illius
2889 1973 3040 2041 pacis
3069 1973 3203 2041 (non
3249 1981 3443 2026 autem
3473 1972 3695 2027 effector

2116 2081 2425 2135 pugnarum
2478 2074 2535 2120 et
2561 2064 2959 2133 oll‘ensionum)
2998 2064 3147 2134 quod
3180 2074 3235 2119 et
3273 2065 3575 2134 imperium
3622 2064 3697 2133 pi-

2115 2158 2291 2212 scium
2319 2159 2411 2228 qui
2444 2158 2728 2223 dicuntur,
2764 2167 2821 2212 et
2868 2159 3185 2223 volucrum,
3225 2167 3281 2213 et
3314 2160 3694 2228 iumentorum

2115 2251 2267 2306 solus
2297 2251 2391 2306 ille
2414 2251 2660 2321 possidet
2693 2250 2887 2305 dicens
2922 2268 2934 2302 :
2971 2250 3160 2305 Omnia
3195 2252 3324 2304 mihi
3357 2251 3559 2304 tradita
3582 2260 3699 2303 sunt

2116 2362 2148 2397 a
2180 2344 2342 2397 Patre
2372 2360 2485 2398 meo
2509 2343 2554 2375 ’⁵⁸
2597 2361 2611 2397 :
2644 2344 2715 2399 Et
2747 2361 2761 2395 :
2790 2343 2933 2398 Data
2977 2352 3052 2397 est
3084 2345 3210 2397 mihi
3246 2345 3426 2396 omnis
3476 2352 3699 2414 potestas

2116 2437 2170 2489 in
2196 2435 2326 2489 caelo
2356 2443 2405 2489 et
2430 2436 2485 2488 in
2522 2444 2667 2489 terra
2680 2433 2745 2507 ";
2763 2416 2842 2497 ἑιε
2868 2433 3033 2488 Pater
3058 2434 3232 2505 diligit
3268 2434 3496 2501 Filium,
3523 2443 3572 2488 et
3597 2451 3704 2488 om-

2115 2529 2207 2582 nia
2242 2530 2291 2583 ei
2323 2529 2543 2583 tradidit
2568 2530 2624 2582 in
2653 2545 2843 2582 manus
2876 2527 2942 2581 ⁸⁸.
2977 2528 3193 2582 Dicitur
3228 2537 3423 2582 autem
3454 2530 3703 2599 accipere

2113 2636 2146 2675 a
2172 2621 2356 2687 Patre,
2386 2628 2449 2675 ut
2478 2620 2572 2691 qui
2605 2619 2784 2675 factus
2814 2621 2887 2674 sit
2921 2620 3122 2685 homo;
3157 2636 3358 2676 rursus
3391 2631 3577 2676 autem
3609 2621 3705 2675 ho-

2114 2721 2346 2766 noratur
2375 2721 2651 2782 quatenus
2689 2718 2922 2782 apparet
2948 2712 3094 2767 sicut
3142 2712 3334 2779 Pater,
3389 2723 3454 2766 ut
3493 2713 3591 2783 qui
3637 2712 3707 2766 sit

2111 2804 2237 2875 ejus
2276 2802 2450 2858 Filius
2483 2803 2730 2874 ejusdem
2780 2802 2945 2858 simul
2979 2803 3140 2874 cujus
3167 2803 3286 2872 ipse
3312 2813 3405 2859 est
3431 2803 3708 2858 essentia.

2188 2893 2256 2948 Et
2280 2892 2415 2948 dixit
2450 2891 2609 2958 Deus,
2649 2891 2784 2947 Ecce
2818 2892 2937 2946 dedi
2965 2893 3106 2945 vobis
3139 2906 3357 2945 omnem
3372 2893 3609 2947 herbam
3632 2878 3711 2944 se-

2114 2985 2455 3050 minabilem,
2488 2987 2838 3040 seminantem
2882 3000 3061 3038 semen
3107 2983 3247 3055 quod
3292 2992 3377 3038 est
3415 3000 3579 3056 super
3604 2999 3713 3038 om-

2116 3097 2233 3135 nem
2264 3087 2508 3135 terraut:
2538 3088 2587 3132 et
2612 3094 2765 3132 omne
2790 3076 2994 3148 lignum
3028 3076 3167 3147 quod
3206 3077 3372 3133 habet
3404 3080 3464 3131 in
3510 3093 3567 3131 se
3590 3077 3715 3146 'fru-

2114 3181 2258 3227 ctum
2286 3173 2525 3235 seminis,
2571 3172 2671 3225 erit
2702 3170 2843 3225 vobis
2865 3171 2920 3223 in
2950 3170 3121 3222 cibum
3160 3170 3412 3224 onmibus
3448 3178 3500 3223 et
3542 3170 3715 3224 bestiis

2116 3273 2294 3331 terrae,
2325 3273 2374 3319 et
2396 3263 2636 3319 omnibus
2664 3261 2961 3317 volucribus
2980 3261 3119 3327 cmli,
3143 3268 3193 3314 et
3222 3263 3378 3316 omni
3414 3262 3596 3334 reptili
3639 3278 3719 3315 re-

2116 3357 2258 3426 penti
2281 3372 2443 3428 super
2466 3365 2665 3409 terram
2694 3353 2834 3425 quod
2863 3348 3100 3415 habetin
3134 3369 3189 3406 se
3210 3356 3465 3409 animum
3494 3358 3651 3419 vitaz;
3673 3361 3719 3406 et

2116 3444 2288 3496 omnis
2317 3442 2479 3496 herba
2526 3440 2710 3496 viridis
2741 3443 2841 3495 erit
2865 3441 3005 3495 vobis
3038 3442 3094 3495 in
3136 3443 3340 3498 cibum.
3397 3444 3473 3498 Et
3520 3446 3721 3514 factum

2117 3542 2192 3588 at
2219 3535 2316 3588 ita.
2342 3534 2412 3588 Et
2437 3534 2565 3589 vidit
2589 3533 2728 3587 Deus
2763 3535 2940 3587 omnia
2974 3548 3303 3604 quwcunque
3330 3536 3482 3606 fecit,
3515 3548 3567 3591 et
3614 3552 3723 3591 ecce

2116 3625 2272 3682 valde
2306 3627 2657 3699 pulchraQEt
2698 3628 2902 3699 factum
2942 3637 3016 3682 est
3043 3643 3225 3698 vesper
3254 3644 3273 3681 :
3305 3638 3362 3683 et
3402 3631 3613 3700 factum
3650 3641 3723 3683 est

2118 3735 2276 3773 mane
2324 3721 2434 3773 dies
2474 3729 2674 3773 sextus.
2727 3719 3027 3789 [lucusque
3077 3719 3214 3775 dicit
3268 3736 3524 3792 magnus
3579 3723 3723 3777 inter

2117 3810 2481 3881 philosophos
2505 3819 2561 3865 et
2586 3811 2842 3867 doctores
2875 3809 3339 3883 Olympiodorus,
3380 3829 3511 3868 esse
3560 3814 3722 3868 linem

2117 3902 2339 3957 sensilis
2393 3901 2715 3956 creationis.
2772 3900 3004 3967 Quando
3049 3909 3233 3955 autem
3288 3903 3459 3969 dicit,
3520 3905 3724 3973 inquit.

2117 3993 2406 4064 Scriptura
2433 3994 2488 4047 in
2525 3993 2697 4064 ﬁgura
2720 3993 2923 4063 epilogi
2941 4009 3040 4047 seu
3069 3993 3445 4063 repetitionis
3481 4014 3495 4048 :
3528 3997 3628 4051 llic
3651 4007 3724 4049 est

2118 4081 2248 4138 liber
2271 4086 2627 4156 generationis
2659 4082 2777 4138 σαιιὶ
2802 4093 2852 4137 et
2880 4093 3071 4149 torrat,
3120 4092 3179 4138 et
3211 4066 3428 4142 caetera
3466 4103 3596 4159 qua:
3632 4100 3720 4140 se-

2115 4185 2364 4248 quuntur
2399 4175 2467 4231 de
2500 4191 2643 4232 nova
2671 4176 2727 4230 in
2754 4175 2978 4232 Christo
3010 4185 3296 4244 creatura,
3329 4179 3619 4236 describit
3663 4195 3725 4234 ac

2113 4269 2503 4341 pmsigniﬂcat
2532 4284 2596 4323 ea
2644 4284 2767 4338 qua:
2793 4268 3202 4338 posterioribus
3238 4272 3615 4341 temporibus
3668 4271 3722 4323 in

423 4362 522 4417 Dei
560 4366 849 4435 imaginem
900 4363 1020 4433 fecit
1063 4361 1240 4428 illum,
1285 4364 1390 4417 hoc
1421 4371 1503 4417 est
1526 4404 1540 4426 ,
1572 4362 1779 4418 Christi
1808 4362 2007 4433 imagi-
2042 4372 2094 4444 ο.
2115 4362 2363 4417 Ecclesia
2393 4361 2557 4415 linem
2580 4367 2935 4429 acceperunt.
2982 4358 3156 4425 Quam
3183 4360 3368 4416 etiam
3405 4363 3725 4418 secundum

423 4470 551 4510 nem
578 4466 634 4510 ct
662 4454 1187 4525 przeﬁgurationem.
1227 4453 1609 4524 Compositum
1658 4453 1787 4508 fecit
1825 4454 2008 4507 homi-

424 4561 587 4599 nem:
624 4545 914 4599 mortalem
971 4552 1028 4599 et
1067 4544 1459 4607 immortalem,
1508 4544 1900 4615 aspectabilem
1952 4554 2010 4600 et

427 4651 538 4689 non
573 4636 992 4703 aspectabilem,
1039 4635 1288 4689 interitui
1328 4634 1627 4691 obnoxium
1665 4645 1721 4691 et
1757 4636 1810 4690 in
1842 4652 2005 4706 quem

421 4743 533 4782 non
566 4727 716 4782 cadit
748 4725 1027 4792 interitus,
1054 4726 1353 4781 Masculum
1378 4736 1425 4782 et
1453 4729 1708 4798 feminam
1736 4729 1856 4798 fecit
1885 4745 2007 4783 eos:

422 4818 527 4873 hoc
550 4818 798 4888 quidem,
824 4827 1120 4888 propterea
1161 4819 1308 4889 quod
1339 4819 1411 4874 sit
1441 4820 1596 4874 laxus
1633 4826 1688 4874 et
1720 4820 1925 4889 mollis,
1956 4829 2013 4875 et

420 4918 487 4973 ad
517 4917 804 4973 interitum
854 4916 1017 4973 facile
1069 4918 1435 4973 dissolubilis.
1488 4917 1556 4971 Et
1613 4885 1875 4970 benedixit
1923 4931 2007 4968 eos

421 5012 562 5067 Dens
598 5013 776 5067 dicens
807 5029 823 5063 :
859 5010 1107 5079 Crescite,
1158 5020 1207 5066 et
1232 5000 1693 5084 multiplicamini,
1723 5018 1771 5061 et
1812 5008 2007 5079 replete

420 5104 913 5169 terram,videlicet
932 5120 1030 5172 per
1054 5104 1289 5159 filiorum
1313 5102 1776 5174 procreationem,
1800 5115 2004 5155 mascu~

324 5234 329 5239 ~
419 5197 455 5253 li
484 5207 537 5252 et
569 5196 804 5252 feminae.
834 5197 901 5251 Et
942 5197 1293 5251 dominamini
1328 5196 1395 5260 ei,
1430 5205 1480 5248 et
1504 5196 1762 5264 impcrate
1783 5194 2008 5264 piscibus

421 5293 606 5353 maris,
651 5299 699 5344 et
734 5289 1031 5344 volucribus
1078 5287 1215 5353 caeli,
1264 5295 1314 5340 et
1365 5286 1601 5340 omnibus
1638 5286 1922 5356 jamentis,
1952 5295 2000 5338 et

420 5382 675 5436 universae
726 5389 901 5443 terrm,
955 5389 1003 5432 ct
1066 5378 1305 5432 omnibus
1373 5375 1645 5447 rcptilibus
1705 5373 2001 5443 repentibus

502 5523 545 5553 ³⁸
575 5520 713 5573 Psal.
741 5535 885 5586 κως,
912 5520 930 5572 l
953 5520 1000 5572 Ι.
1073 5517 1119 5551 ⁵ο
1154 5520 1313 5575 Rom.
1353 5537 1429 5583 XI,
1452 5519 1544 5575 25.

430 5606 483 5648 τ.
518 5591 606 5645 li.
640 5590 737 5653 45;
787 5591 919 5643 Luc.
969 5604 1040 5654 Vt,
1076 5589 1165 5659 27,
1205 5590 1296 5645 28.
1372 5592 1415 5624 ’⁸⁵
1449 5593 1466 5646 l
1504 5592 1629 5647 Cor.
1682 5608 1803 5656 xm,
1833 5590 1887 5643 9..

432 5659 476 5691 δ’
515 5659 679 5713 ΙΙιοιπ.
707 5674 767 5722 ιι,
798 5660 853 5715 5.

1625 5520 1668 5552 ⁸⁸
1703 5520 1861 5575 Joan.
1902 5535 1953 5577 χ.
1992 5521 2071 5575 16.

1971 5592 2016 5623 ⁸⁵
2047 5591 2182 5648 Luc.
2222 5609 2276 5660 κ,
2308 5589 2401 5644 ‘22.

2113 4454 2309 4510 orbem
2345 4462 2509 4508 terrae
2562 4453 2813 4507 nominat
2859 4453 3244 4520 sanctissimus
3281 4455 3612 4525 Apostolus
3640 4454 3725 4510 di-

2110 4563 2243 4603 cens
2282 4565 2293 4599 :
2325 4546 2443 4601 Non
2478 4547 2618 4600 enim
2661 4544 2865 4615 angelis
2912 4545 3128 4614 subjecit
3162 4545 3310 4600 Deus
3346 4551 3543 4604 orbem
3568 4560 3725 4604 terre

2111 4640 2349 4710 futurum
2370 4637 2432 4692 de
2450 4654 2553 4710 quo
2574 4637 2839 4708 loquimur
2864 4635 2908 4667 “
2931 4654 2945 4701 ;
2977 4636 3169 4691 orbem
3202 4645 3382 4695 terra:
3416 4641 3724 4697 nominans

2112 4730 2438 4794 Ecclesiam,
2488 4738 2781 4800 propterea
2811 4726 2959 4797 quod
3006 4742 3034 4780 a
3084 4727 3256 4782 Petro
3294 4729 3547 4798 quidem
3579 4740 3725 4787 esset

2112 4820 2417 4885 fundanda,
2447 4820 2517 4874 ab
2564 4820 2683 4889 ipso
2713 4828 2899 4873 autem
2948 4818 3237 4872 excitanda
3277 4836 3290 4872 :
3345 4822 3505 4876 sicut
3555 4823 3720 4878 etiam

2110 4913 2432 4969 nominabat
2463 4928 2660 4968 novam
2693 4927 2816 4981 qua:
2853 4921 2981 4966 tunc
3015 4910 3309 4980 inceperat
3364 4916 3635 4984 produci.
3667 4914 3722 4971 Si

2110 5007 2260 5063 enim
2296 5016 2397 5076 per
2422 5020 2511 5060 res
2547 5020 2742 5060 omnes
2770 5019 2907 5073 quas
2954 5011 3011 5058 et
3058 5007 3499 5074 contemplatus
3544 5017 3630 5063 est
3670 5016 3724 5060 et

2111 5096 2420 5155 construxit
2454 5095 2631 5151 Moses
2665 5096 2720 5149 in
2762 5103 2949 5149 monte
2986 5093 3161 5156 Sinai,
3203 5093 3498 5153 Ecclesiae
3536 5108 3723 5169 typum

2109 5190 2265 5261 prius
2299 5187 2649 5243 describebat
2679 5186 2900 5256 (nempe
2917 5192 2973 5241 et
2999 5202 3099 5255 per
3125 5195 3400 5240 sanctum
3438 5189 3725 5243 Taberna-

2109 5280 2318 5344 culum,
2355 5286 2411 5333 ct
2447 5276 2631 5331 omnia
2651 5292 2773 5346 qua:
2802 5276 3039 5330 erantin
3074 5276 3212 5344 ipso,
3254 5287 3317 5330 et
3345 5292 3587 5333 onmem
3611 5277 3727 5333 cul-

2110 5381 2226 5426 tum
2268 5369 2547 5441 legalem),

2152 5520 2197 5553 “
2226 5522 2366 5576 Psal.
2405 5535 2549 5580 uxr,
2581 5520 2633 5573 8.
2713 5519 2758 5550 ⁸⁸
2785 5519 2976 5573 .llattb.
3006 5534 3097 5576 vn.
3124 5517 3223 5573 Ἠ..
3255 5516 3363 5573 εδ.

2483 5589 2525 5621 δ’
2560 5591 2753 5645 Matth.
2792 5605 2979 5654 xxuu,
3025 5589 3107 5641 18.

3449 5521 3494 5553 ⁸⁸
3520 5517 3712 5576 Mttllh.

3186 5584 3237 5616 ”
3275 5586 3453 5647 Joan.
3514 5608 3598 5655 ιιι,
3632 5588 3715 5642 35.
