4056 6148
562 270 635 342 μὴ
656 268 965 339 θαυμάσῃς,
984 267 1145 338 φησὶν
1168 268 1195 321 ὁ
1215 266 1306 319 αὖ·

558 361 648 427 -τδς
673 363 839 425 πολὺς
873 361 941 414 τὰ
974 360 1093 413 θεῖα
1114 359 1311 430 Ὀλυμ-

559 454 844 524 πίὸδωρος,
884 455 931 505 εἱ
975 452 1083 503 τῶν
1131 468 1309 520 πραγ-

565 548 751 618 μάτων
829 545 1311 617 προκατεσκεύαζε

562 642 656 692 καὶ
704 639 1139 710 προδιέγραφεν,
1192 636 1313 688 ὀνο-

566 735 887 805 μασθέντων
952 734 1159 786 τούτων
1221 732 1314 784 καὶ

1383 359 1437 413 in
1475 359 1645 413 rebus
1678 356 1878 411 divinis
1912 356 2134 425 preecla-

1384 470 1478 509 rus
1511 452 1952 524 Olympiodorus,
1975 450 2018 504 si
2045 466 2135 504 re-

1387 562 1503 600 rum
1551 544 1953 599 nominatarum
2001 556 2138 611 quas

1385 649 1545 694 antea
1634 636 1995 692 construebat
2080 642 2136 688 et

1387 734 1765 798 describebat,
1815 749 1846 787 a
1892 733 2007 787 Deo
2045 745 2139 785 ac-

1387 829 1537 897 cepit
1574 826 1848 889 rationes,
1882 824 2141 894 aenigma-

1392 923 1518 988 tice,
1550 921 1810 984 obscure,
1837 929 1892 974 et
1912 934 2137 973 arcane.

1391 1018 1506 1072 Hoc
1579 1016 1727 1071 enim
1798 1013 2146 1084 signiﬁcabat

1391 1125 1513 1180 qua:
1532 1109 1722 1165 eratin
1753 1115 1940 1161 monte
1969 1106 2145 1176 caligo

1393 1214 1448 1257 et
1472 1201 1750 1272 procella,
1792 1214 1990 1268 nempe
2030 1213 2142 1252 non

1393 1308 1514 1347 esse
1550 1290 1839 1346 manifesta
1888 1289 2148 1361 mysteria

1395 1400 1518 1454 quae
1560 1383 1889 1438 dicebantur
1921 1390 1975 1435 et
2018 1381 2153 1450 figu-

1391 1475 1674 1538 rabantur,
1705 1489 1776 1527 ne
1805 1473 1850 1527 si
1885 1471 2144 1526 rescivis-

1392 1575 1515 1623 sent
1529 1565 1723 1631 Judaei,
1743 1565 1910 1620 nostri
1927 1563 2145 1635 (nempe

1395 1659 1672 1731 gentium)
1730 1657 2099 1712 visitationem
2128 1695 2143 1719 ,

1398 1752 1483 1807 sui
1522 1759 1703 1806 autem
1740 1748 2147 1811 desertionem,

562 835 689 895 τοὺς
720 832 912 899 λόγους
934 831 998 884 ἐκ
1029 829 1164 883 Θεοῦ
1198 830 1314 882 ἑδέ-

565 926 691 989 ξατο
714 968 728 990 ,
782 922 1198 993 αἰνιγματωδῶς
1255 939 1314 975 τε

567 1018 661 1070 καὶ
710 1015 999 1078 σκοτεινῶς
1045 1016 1140 1067 καὶ
1181 1014 1318 1066 ἀπο-

567 1110 812 1181 κρύφως.
842 1108 1015 1161 Τοῦτο
1046 1107 1155 1178 γὰρ
1199 1106 1320 1177 ἐσή-

572 1223 762 1275 μαινεν
804 1206 862 1257 ὲν
891 1204 968 1273 τῷ
997 1202 1113 1271 ὄρει
1156 1200 1216 1254 τό
1261 1217 1319 1254 τε

567 1299 763 1367 γνόφος
795 1297 887 1350 καὶ
919 1298 947 1349 ὁ
978 1295 1135 1363 ζὸδρος
1170 1296 1261 1346 καὶ
1287 1295 1319 1361 ἡ

569 1390 803 1453 (ιύελλα,
844 1388 950 1439 τῶν
1006 1386 1323 1456 μυστηρίων

567 1480 675 1533 τῶν
722 1478 1069 1547 λαλουμένων
1119 1494 1179 1530 τε
1224 1477 1318 1529 καὶ

568 1574 828 1629 διατυπου
836 1572 1012 1643 μένων
1026 1570 1089 1624 τὸ
1104 1570 1317 1640 ἄδηλον,

568 1666 715 1729 ὅπως
739 1665 813 1736 μὴ
839 1663 1101 1734 μαθόντες
1120 1664 1171 1715 οἱ
1196 1662 1323 1715 ’1ου-

568 1757 709 1810 δαῖοι
763 1757 862 1824 τὴν
922 1755 1004 1818 εἰς
1061 1754 1211 1825 ἡμᾶς
1256 1753 1327 1805 τὰ

567 1847 696 1916 ἔθνη
722 1846 1021 1915 μέλλουσαν
1050 1843 1155 1896 ὑπὸ
1186 1841 1320 1896 Θεοῦ

568 1938 822 2010 γενέσθαι
864 1939 1189 2008 ἐπισκοπὴν,
1223 1937 1323 1989 αὺ-

568 2034 677 2088 τῶν
705 2034 763 2086 δὲ
784 2032 1192 2101 ὲγκατάλειψιν,
1225 2034 1323 2101 ἒμ-

571 2127 822 2196 πρήσωσι
859 2122 1059 2192 βίϐλον,
1087 2123 1179 2174 καὶ
1222 2120 1326 2190 μά-

569 2216 727 2268 λιστα
759 2213 1127 2285 προκειμένης
1167 2210 1325 2263 Γενέ-

572 2324 731 2370 σεως,
757 2306 852 2359 καὶ
885 2305 1118 2374 μεγίστη
1143 2302 1325 2356 ἐντεῦ-

564 2398 662 2452 θεν
677 2402 742 2470 τῇ
761 2398 1000 2466 Χριστόῦ
1029 2396 1326 2468 Ἐκκλησία

566 2490 744 2561 βλάϐη
764 2508 824 2543 τε
849 2491 944 2544 καὶ
972 2488 1145 2560 ζημία
1166 2490 1327 2557 γένη-

571 2604 681 2639 ται.
728 2585 1007 2639 Ἀνανεύει
1043 2585 1098 2637 δὲ
1128 2586 1156 2637 ὁ
1193 2583 1324 2636 πολ-

571 2677 730 2740 λάκις
752 2679 1086 2750 προῤῥηθείς
1113 2676 1325 2746 φιλόσο-

571 2789 673 2843 φος
712 2774 742 2827 ὁ
785 2775 883 2843 τὴν
933 2771 1326 2840 Ἀλεξανδρέων
1397 2777 1545 2823 esset
1570 2769 1691 2838 ejus
1728 2766 2048 2835 diaconus),
2088 2774 2151 2820 ut

568 2870 682 2930 τοῖς
705 2867 884 2934 λόγοις
912 2864 1323 2934 καταφωτισας,
1398 2862 1544 2917 dicat
1588 2862 1641 2915 in
1680 2861 1920 2931 perfecta
1956 2869 2012 2915 et
2049 2860 2149 2913 ab-

566 2959 647 3023 ὡς
676 2959 1326 3030 ταύτηςδιάκονος,πρὸς
1400 2957 1575 3011 soluta
1631 2956 2044 3010 immortalitate
2096 2964 2152 3009 et

1394 1939 1551 1995 rent,
1581 1939 1638 1986 et
1672 1931 1906 1985 maxime
1940 1944 2145 2000 propo-

1395 2028 1514 2082 sitae
1582 2026 1845 2090 Genesis,
1906 2035 1962 2080 et
2014 2024 2147 2077 hinc

1395 2121 1692 2175 maximum
1724 2164 1731 2173 .
1755 2119 2015 2173 damnum
2082 2126 2147 2172 et

1395 2216 1790 2270 detrimentum
1859 2214 2146 2283 acciperet

1397 2312 1660 2367 Ecclesia.
1710 2309 2147 2379 Contemplando

1396 2414 1580 2457 autem
1655 2416 1799 2472 saepe
1869 2416 1936 2455 eo
2006 2400 2150 2455 redit

1394 2494 1693 2563 praedictus
1788 2492 2153 2563 philosophus

1398 2587 1492 2655 qui
1569 2585 1960 2641 Alexandriam
2036 2586 2152 2639 suis

1399 2678 1694 2731 illustravit
1733 2675 1890 2730 libris
1932 2674 2027 2745 (ut
2055 2674 2150 2744 qui

1238 3113 1528 3127 —-——.——_

577 3117 819 3128 .7“...

1620 154 1701 214 ῘΝ
1744 152 2293 214 ΗΕΧΑΕΜΕΒΟΝ.
2329 178 2395 188 -·
2429 155 2574 213 LIB.
2620 154 2752 213 VII.

1384 281 1450 321 ne
1494 266 1741 329 mireris,
1788 264 1967 334 inquit
2016 264 2132 332 ipse

2249 264 2294 318 τὸ
2322 264 2486 332 φάναι
2516 265 2573 317 ὲν
2594 262 2843 318 παντελεί
2861 263 2990 317 ἀθα·
3062 267 3131 319 ab
3211 267 3437 320 interitu
3506 267 3805 321 remotione

3706 157 3813 220 928

2239 355 2400 426 vasi;
2452 373 2510 407 τε
2566 356 2659 409 καὶ
2708 353 2989 426 ἀφθαρσίᾳ
3063 368 3306 414 creatum
3349 376 3470 417 esse
3498 361 3809 419 hominem.

2239 448 2544 516 γεγονέναι.
2596 447 2686 500 τὶν
2765 446 2987 517 ἀνθρω-

2240 562 2339 598 πον
2364 546 2418 615 (Ι
2440 545 2481 615 ).

2240 658 2681 713 benedictionem
2706 699 2718 721 ,
2755 664 2812 711 et
2846 656 3153 710 masculum
3187 662 3243 710 et
3272 655 3534 709 feminam
3558 696 3571 717 ,
3623 664 3679 709 et
3726 653 3816 709 be-

2242 753 2471 807 stiarum
2525 750 2937 821 generationem
2963 791 2976 814 ,
3021 764 3322 818 earumque
3352 764 3508 803 esum
3539 749 3821 818 proferens

2247 844 2315 899 ad
2346 844 2751 898 ostendendum
2780 843 3086 897 interitum.
3138 842 3360 896 Etenim
3412 843 3713 907 lavacrum,
3742 842 3824 897 in-

2247 937 2384 1005 quit,
2418 951 2609 990 eorum
2630 937 2723 1005 qui
2748 935 3102 1005 baptizantur
3122 935 3179 988 in
3205 933 3428 990 Christo
3448 935 3615 990 habet
3639 952 3823 991 veram

2247 1035 2303 1080 et
2335 1025 2635 1095 perfectam
2660 1025 2999 1080 ablutionem
3028 1024 3191 1093 primi
3213 1025 3461 1095 parentis
3485 1022 3654 1079 Adam
3685 1037 3829 1095 (qua:

2250 1117 2314 1171 ad
2347 1131 2449 1171 nos
2476 1115 2753 1185 pervenit)
2790 1114 3173 1184 abnegationis
3204 1122 3261 1169 et
3307 1113 3540 1184 peccati.
3592 1115 3825 1183 Pr0pter

2250 1224 2417 1279 quam
2458 1215 2614 1262 certe
2678 1222 2901 1263 causam
2951 1206 3189 1262 infantes
3235 1207 3458 1277 quidam
3507 1207 3826 1270 illuminati,

2253 1315 2378 1355 cum
2409 1300 2521 1354 sint
2552 1299 2622 1353 ab
2664 1298 2818 1353 omni
2867 1297 3434 1368 (cujusmodicunque
3471 1313 3537 1357 ea
3590 1298 3684 1368 sit)
3725 1299 3832 1352 ini-

2255 1395 2465 1463 quitate
2499 1401 2555 1447 et
2584 1400 2811 1464 peccato
2844 1391 3059 1455 mundi,
3107 1399 3163 1445 et
3204 1391 3459 1461 spiritum
3490 1392 3827 1460 acceperint,

2257 1495 2313 1540 et
2339 1484 2620 1540 Christum
2666 1483 2779 1537 sint
2828 1481 3045 1547 induti;
3080 1495 3224 1550 sape
3272 1482 3333 1535 in’
3378 1480 3494 1551 ipsa
3550 1480 3683 1534 hora
3736 1489 3828 1534 aut

2254 1586 2380 1647 post
2429 1577 2765 1646 baptismum
2816 1573 3095 1629 decedunt
3144 1574 3282 1628 nulli
3328 1574 3504 1643 culpae
3553 1581 3650 1628 aut
3695 1571 3831 1626 vitio

2258 1668 2468 1734 atlines,
2500 1667 2598 1723 sed
2624 1666 2823 1728 sancti,
2860 1673 2923 1720 ut
2959 1672 3195 1719 testatur
3223 1664 3446 1720 Paulus.
3480 1664 3718 1720 Necesse
3746 1673 3830 1719 est

2257 1760 2406 1816 enim
2440 1760 2495 1815 in
2524 1760 2611 1814 his
2639 1760 2874 1813 alterum
2908 1757 3096 1813 dicere
3140 1768 3206 1810 ex
3244 1755 3462 1811 duobus
3494 1772 3507 1808 :
3551 1763 3646 1809 aut
3684 1756 3834 1825 quod

1392 1842 1597 1897 “me
1648 1840 1788 1911 legis
1853 1839 2147 1894 combure‘
2182 1840 2223 1895 Β
2252 1870 2362 1909 non
2415 1862 2544 1910 sunt
2596 1852 2817 1908 liberati
2851 1867 2953 1923 per
3012 1850 3346 1920 baptismum
3403 1859 3459 1905 et
3500 1848 3767 1920 Spiritum
3802 1865 3831 1905 a

2254 1945 2415 2016 primi
2442 1944 2687 2016 parentis
2713 1943 2846 1998 Adae
2889 1950 3117 2012 peccato
3161 1949 3218 1997 et
3250 1940 3619 2011 abnegatione
3653 1940 3823 2011 (quod

2251 2038 2387 2092 nulli
2429 2053 2669 2107 unquam
2709 2034 2925 2091 venerit
2961 2035 3017 2089 in
3049 2034 3335 2102 mentem),
3375 2043 3470 2089 aut
3495 2034 3643 2105 quod
3689 2034 3829 2089 libe-

2252 2132 2378 2198 rati,
2414 2132 2615 2201 injuste
2640 2130 2696 2184 in
2726 2135 2962 2184 mortem
3003 2128 3356 2191 reciderunt;
3403 2135 3499 2182 aut
3527 2127 3674 2198 quod
3711 2127 3828 2182 fue-

2252 2233 2383 2278 runt
2409 2223 2633 2294 quidem
2675 2221 2923 2285 liberati,
2954 2220 3053 2275 sed
3099 2220 3166 2274 ad
3206 2219 3631 2293 similitudinem
3661 2218 3823 2289 primi

2251 2314 2335 2367 sui
2364 2312 2610 2383 parentis
2628 2310 2823 2365 Adami
2850 2320 2906 2365 et
2934 2310 3082 2373 Evaa,
3109 2308 3287 2363 induti
3317 2323 3553 2379 corpore
3583 2308 3824 2372 mortali,

2242 2419 2376 2458 cum
2399 2419 2506 2474 per
2536 2413 2773 2458 mortem
2821 2401 2889 2455 ad
2929 2401 3097 2455 vitam
3150 2400 3433 2454 meliorem
3467 2400 3823 2464 accesserint,

2253 2495 2507 2549 interitui
2560 2509 2669 2549 non
2710 2492 2949 2549 obnoxia
2977 2501 3033 2547 et
3078 2492 3407 2547 immortalia
3442 2500 3576 2547 tunc
3627 2497 3685 2547 in
3738 2509 3828 2547 re—

2253 2585 2600 2640 surrectione
2622 2600 2722 2639 sua
2747 2582 3018 2652 recipient
3044 2596 3297 2652 corpora,
3330 2597 3477 2637 nunc
3502 2581 3728 2646 mortui,
3760 2597 3830 2635 ne

2256 2678 2567 2732 immortale
2602 2687 2660 2731 et
2685 2683 2953 2731 aeternum
2977 2676 3049 2730 sit
3079 2685 3135 2729 et
3173 2674 3398 2737 malum,
3435 2681 3497 2727 ut
3528 2673 3663 2729 dicit
3689 2673 3830 2728 divi-

2252 2784 2363 2823 Anus
2390 2767 2689 2839 Gregorius
2724 2785 2736 2819 :
2774 2767 2880 2821 hoc
2916 2772 3020 2830 est,
3051 2780 3121 2819 ne
3155 2774 3422 2835 perpetuo
3452 2764 3625 2819 simus
3656 2765 3713 2819 in
3742 2764 3831 2819 in-

2259 2861 2427 2914 teritu
2456 2877 2471 2925 ;
2525 2859 2623 2914 sed
2655 2858 2710 2912 in
2741 2857 2964 2913 Christo
3000 2858 3299 2912 induamur
3330 2856 3832 2927 incorruptionem,

2260 2952 2347 3005 cui
2374 2951 2549 3022 gloria
2573 2959 2629 3004 et
2654 2950 2977 3020 potentiain
3014 2951 3213 3004 saecula
3245 2949 3592 3004 saeculorum.
3635 2948 3831 3003 Amen.

1654 3213 2009 3303 LIBER
2087 3210 2715 3300 SEPTIMUS.

840 3432 853 3459 Ι

1501 3400 1583 3443 DE
1620 3401 1698 3443 I'S
1729 3401 1871 3452 QUAE
1900 3396 2202 3442 FUERUNT
2233 3396 2383 3439 POST
2431 3396 2683 3438 SEXTUM
2722 3395 2905 3438 DIE“.

642 3569 708 3627 Et
737 3574 1024 3644 perfectum
1066 3574 1163 3644 fuit
1197 3573 1383 3626 castum
1429 3580 1475 3625 ct
1506 3581 1649 3625 terra
1677 3584 1722 3625 et
1755 3573 2028 3626 universus
2065 3588 2150 3624 ον-
2178 3584 2219 3639 c
2254 3572 2529 3632 volucres,
2556 3580 2612 3624 et
2646 3586 2768 3638 qure
2819 3571 2871 3624 in
2918 3572 3000 3626 eis
3049 3570 3191 3626 facta
3219 3578 3305 3626 est
3360 3572 3830 3630 benedictionem.

574 3672 728 3719 natus
753 3680 955 3724 eorum,
984 3674 1030 3717 et
1059 3665 1271 3735 perfecit
1299 3664 1436 3717 Deus
1463 3667 1515 3716 iu
1542 3665 1624 3716 die
1652 3670 1797 3716 serto
1836 3679 1996 3732 opera
2032 3678 2149 3733 quae

571 3758 712 3825 fecit,
749 3765 796 3809 et
825 3756 1016 3826 quievit
1042 3757 1124 3808 die
1148 3757 1368 3823 septimo
1404 3755 1466 3808 ab
1501 3753 1738 3808 omnibus
1768 3754 2005 3824 aperibus
2031 3769 2148 3823 qum

571 3847 713 3915 fecit.
745 3848 850 3901 Per
885 3847 1001 3901 bzec
1046 3847 1193 3901 enim
1243 3845 1504 3910 ostendit,
1555 3853 1610 3899 et
1656 3862 1756 3899 nos
1789 3846 1951 3900 docet
2001 3845 2149 3899 Seri-

572 3947 755 4009 ptura,
789 3937 939 4008 quod
972 3938 1221 4007 quaedam
1251 3939 1355 3992 alia
1390 3938 1635 4007 postbme
1656 3946 1712 3991 et
1741 3937 1873 3991 fecit
1899 3946 1953 3992 et
1994 3937 2143 4001 facit,

569 4016 717 4085 sicut.
738 4039 973 4085 testatur
1002 4030 1216 4092 dicens,
1251 4028 1415 4082 Pater
1447 4045 1589 4082 meus
1618 4027 1769 4081 modo
1792 4036 2067 4097 aperatur,
2096 4035 2145 4080 et

567 4137 662 4193 ego
693 4138 900 4192 operor.
933 4122 1078 4177 Hinc
1126 4119 1263 4175 moti
1295 4120 1517 4189 quidam
1563 4136 1629 4174 ex
1662 4118 1904 4189 antiquis
1928 4118 2146 4187 exposi-

569 4214 807 4278 toribus,
839 4230 1040 4284 nempe
1068 4230 1137 4270 ex
1162 4229 1232 4268 eo
1261 4213 1408 4283 quod
1437 4212 1676 4267 dixerint
1701 4213 1871 4267 Deum
1898 4226 2143 4266 cessasse

566 4302 658 4357 die
689 4305 948 4374 septimo,
984 4312 1444 4373 praeoccuparunt
1490 4302 1674 4356 dicere
1700 4300 1847 4369 quod
1902 4299 2144 4354 ostendit

566 4395 686 4448 fore
716 4402 778 4447 ut
811 4395 865 4448 in
897 4394 1134 4464 septimo
1167 4395 1366 4448 saeculo
1394 4395 1523 4464 (hoc
1544 4401 1658 4456 est,
1697 4393 1749 4445 in
1781 4393 2014 4463 septimo
2041 4407 2140 4445 an-

563 4500 765 4539 norum
820 4485 1151 4555 millenario)
1198 4484 1292 4539 ﬁat
1342 4485 1535 4539 mundi
1567 4484 1974 4539 consummatio
2016 4500 2029 4536 :
2080 4483 2137 4537 In

564 4576 824 4646 singulis,
854 4577 1054 4645 inquit,
1082 4576 1282 4632 diebus
1298 4578 1600 4631 creationis
1637 4576 1769 4631 fecit
1790 4590 1981 4645 opera,
2015 4574 2136 4629 die-

568 4681 690 4719 rum
716 4681 947 4719 numero
974 4667 1160 4734 paria:
1202 4682 1402 4736 nempe
1444 4667 1499 4721 in
1554 4667 1739 4736 primo
1770 4664 1995 4735 quidem
2047 4664 2139 4720 die

562 4765 692 4828 post
723 4757 997 4826 simplicia
1033 4759 1307 4812 elementa
1329 4797 1344 4820 ,
1380 4774 1519 4828 opus
1542 4774 1711 4812 unum
1738 4757 1885 4827 quod
1909 4766 1996 4811 est
2022 4757 2133 4812 lux;

566 4847 625 4901 In
653 4848 901 4903 secundo
932 4859 1141 4913 autem,
1178 4848 1291 4904 duo
1337 4865 1349 4900 :
1378 4865 1576 4918 nempe
1624 4849 2057 4912 ﬁrmamentum,
2080 4855 2137 4902 et

2253 3662 2420 3716 Sexto
2442 3661 2554 3725 die,
2587 3677 2681 3716 sex
2727 3681 2737 3715 :
2766 3678 2888 3731 qua:
2929 3673 3079 3727 sunt,
3111 3678 3177 3716 ex
3238 3674 3382 3719 terra
3413 3665 3738 3729 animantia,
3771 3678 3828 3724 et

2252 3753 2418 3806 homo
2443 3760 2498 3806 et
2527 3752 2749 3809 femina.
2783 3761 2838 3805 et
2874 3769 2995 3821 quae
3020 3762 3106 3806 est
3132 3754 3183 3807 ei
3216 3755 3461 3810 exhibita
3482 3756 3826 3821 benedictio,

2249 3853 2440 3912 etquae
2465 3843 2569 3898 fuit
2603 3843 2685 3897 eis
2710 3844 2835 3897 data
2854 3853 3118 3912 potestas,
3146 3856 3201 3898 et
3223 3846 3398 3902 cibus.

2320 3935 2377 3989 In
2403 3935 2489 3990 his
2519 3935 2689 3999 enim,
2739 3936 2998 4004 inquiunt
3047 3939 3433 4006 expositorcs,‘
3466 3954 3564 3996 sex
3603 3942 3822 4003 diebus.

2248 4024 2377 4079 licet
2400 4025 2589 4078 videre
2615 4024 2670 4077 in
2701 4039 2895 4077 eorum
2927 4026 3162 4094 singulis
3198 4029 3566 4100 symbolicum
3599 4033 3824 4102 aliquod

2248 4115 2478 4169 evidens
2524 4115 2794 4169 indicium
2845 4131 3028 4170 rerum
3074 4133 3198 4187 quae
3236 4135 3265 4173 a
3311 4121 3422 4175 Deo
3469 4122 3626 4178 facta:
3671 4135 3820 4180 sunt.

2254 4206 2387 4260 Nam
2438 4207 2495 4260 in
2521 4206 2700 4275 primo
2741 4206 2854 4271 die,
2897 4208 3175 4277 separatio
3210 4209 3352 4263 lucis
3381 4219 3436 4264 et
3471 4214 3821 4268 tenebrarum

2246 4296 2520 4367 significat
2568 4298 2717 4351 illam
2778 4299 3187 4366 separationem
3224 4315 3418 4355 eorum
3460 4304 3555 4372 qui
3588 4314 3748 4360 erant
3788 4323 3821 4359 a

2247 4390 2445 4443 dextris
2487 4399 2539 4443 et
2572 4391 2802 4444 sinistris
2838 4390 3068 4456 Christi,
3118 4408 3315 4463 nempe
3366 4406 3721 4464 peccatorum
3764 4408 3821 4454 et

2241 4482 2555 4550 justorum:
2595 4482 2740 4535 unde
2779 4481 2944 4536 etiam
2976 4484 3028 4536 in
3061 4485 3317 4540 tenebras
3337 4487 3641 4545 exteriores
3663 4490 3819 4559 jubet

2248 4574 2402 4628 abire
2427 4590 2524 4629 eos
2562 4575 2657 4645 qui
2688 4585 2851 4628 erant
2877 4591 2905 4629 a
2932 4576 3198 4632 sinistris.
3227 4577 3501 4635 Similiter
3539 4592 3595 4636 et
3622 4599 3823 4639 secun-

2244 4665 2314 4719 (lo
2335 4665 2423 4719 die
2458 4681 2657 4735 aquam
2687 4667 2910 4735 quidem
2973 4668 3173 4736 partim
3205 4670 3261 4724 in
3303 4672 3474 4726 cmlos
3515 4689 3639 4729 esse
3692 4678 3794 4731 sub

2243 4757 2433 4819 latam,
2461 4757 2663 4826 partim
2685 4766 2869 4812 autem
2891 4774 3087 4814 rursus
3109 4761 3456 4816 amandatam
3478 4764 3535 4817 in
3563 4766 3817 4820 tenebras

2244 4849 2461 4920 abyssi;
2503 4849 2665 4903 docet
2703 4866 2805 4904 nos
2836 4867 2959 4920 qua:
3017 4853 3204 4909 futura
3267 4855 3382 4910 sint
3440 4855 3510 4910 de
3538 4857 3706 4927 justis
3760 4869 3815 4913 et

564 4939 892 4994 divisionem
931 4956 1200 5009 aquarum
1252 4949 1361 4994 tam
1412 4956 1535 5009 quae
1569 4948 1701 4995 sunt
1744 4955 1935 5009 supra,
1968 4955 2131 5009 quam
2173 4922 2214 4975 ί)
2242 4939 2633 5008 peccatoribus
2690 4956 2758 4994 ex
2794 4943 2958 4997 nobis
3004 4944 3057 4997 in
3100 4922 3603 5003 consummatione.
3638 4949 3812 5003 Mani-

563 5046 686 5099 qua:
712 5028 875 5083 infra.
901 5029 1090 5084 Tertio
1121 5030 1237 5093 die,
1266 5032 1368 5085 tria
1398 5049 1413 5082 :
1448 5033 1930 5103 congregationem
1958 5047 2133 5101 aqum,

563 5131 622 5173 et
646 5130 804 5175 terra:
830 5121 1223 5185 detectionem,
1258 5131 1313 5176 et
1346 5122 1628 5177 fructuum
1661 5136 1729 5177 ex
1765 5139 1831 5177 ea
1859 5123 2137 5192 germina-

566 5209 794 5264 tionem.
819 5211 1047 5277 Quarto,
1090 5222 1330 5283 quatuor
1371 5231 1383 5266 :
1417 5216 1627 5279 stellas,
1681 5224 1737 5269 et
1761 5215 2029 5280 solem,et
2055 5215 2141 5268 lu-

565 5312 714 5356 nam.
743 5305 1012 5352 eteorum
1048 5302 1378 5369 posituram.
1405 5302 1632 5369 Quinto,
1664 5319 1859 5359 rursus
1892 5304 2169 5375 quinque.

562 5403 730 5459 opera
753 5430 764 5441 .
790 5407 986 5458 nempe
1011 5393 1256 5462 quinque
1275 5409 1491 5459 sensus,
1516 5405 1572 5450 et
1590 5396 1768 5464 pisces
1790 5404 1845 5450 et
1861 5397 2134 5467 jumenta,

633 5522 708 5595 (Ι)
741 5525 937 5587 Grabe,
961 5524 1204 5598 Spicileg.
1237 5535 1274 5581 ι.
1300 5528 1365 5592 ll,
1400 5544 1452 5597 p.
1481 5529 1606 5583 246.

854 5620 1125 5678 ΡΑτιιοι.
1170 5620 1285 5678 GR.
1332 5620 1432 5679 LX
1450 5623 1495 5680 Χ
1513 5622 1653 5680 ΧὶΧ
1672 5664 1685 5681 .

2244 5029 2442 5085 festius
2462 5042 2647 5085 autem
2673 5047 2773 5086 nos
2810 5032 2975 5088 docet
3015 5035 3135 5090 dies
3178 5039 3378 5092 tertius
3429 5040 3699 5093 rationem
3733 5055 3815 5094 re~

2243 5122 2632 5187 surrectionis,
2668 5139 2767 5193 per
2811 5125 2916 5181 hoc
2967 5127 3113 5197 quod
3167 5129 3306 5184 dixit
3332 5132 3378 5185 is
3409 5132 3502 5200 qui
3533 5140 3664 5186 tunc
3697 5142 3816 5186 erat

2241 5211 2495 5278 Creator,
2531 5225 2722 5285 postea
2746 5227 2930 5272 autem
2957 5219 3179 5274 futurus
3202 5230 3286 5275 est
3305 5223 3472 5291 judex
3495 5242 3505 5274 :
3530 5221 3821 5291 Congrcge-

2241 5313 2329 5359 tur
2352 5324 2491 5378 aqua
2517 5325 2633 5378 quae
2657 5319 2731 5363 est
2751 5313 2844 5363 sub
2874 5311 3021 5374 cmlo,
3059 5314 3115 5365 in
3143 5315 3599 5383 congregationem
3629 5329 3814 5376 unam,

2242 5397 2550 5469 injutlieio.
2588 5401 2653 5455 Et
2688 5403 2854 5458 tertio
2920 5403 3030 5468 die,
3059 5420 3181 5472 qua:
3215 5414 3301 5458 est
3331 5421 3397 5458 ex
3426 5415 3592 5471 terra,
3630 5405 3817 5463 lierba‘.

3293 5628 3369 5690 30
