4056 6148
612 81 709 146 9H

1702 87 1783 147 IN
1825 86 2632 154 HEXAEMERON.—LIB.
2673 97 2807 156 VII.

3763 106 3867 168 942

614 194 798 248 rabola
852 194 1076 265 quidem
1137 196 1326 251 decem
1366 195 1651 265 Virginum
1711 195 1849 250 dixit
1898 199 1964 228 δ”
1994 198 2173 252 media
2210 205 2248 256 Α
2282 199 2440 253 annis
2466 218 2607 272 quos
2657 202 2797 257 dixit
2829 202 2975 258 Deus
3008 206 3140 271 Noe,
3168 222 3292 260 cum
3326 208 3364 260 ii
3410 223 3520 262 non
3550 208 3659 265 sint
3693 211 3854 279 finiti,

2281 299 2337 344 et
2368 291 2436 347 de
2464 295 2717 363 plurimis
2748 296 2871 350 aliis
2907 296 3163 351 similiter
3207 314 3222 363 ;

608 291 769 338 nocte
801 283 1045 353 seipsum
1066 292 1322 352 tanquam
1354 298 1617 353 sponsum
1636 298 1664 336 c
1697 284 1835 338 caelo
1862 295 2175 339 venturum.

608 372 784 426 Media
816 388 925 427 nox
965 384 1147 428 autem
1188 382 1445 428 censetur
1489 383 1683 443 quarta
1737 390 1863 443 pars
1916 377 2095 431 noctis
2125 385 2180 431 et

605 460 750 515 diei:
807 463 873 515 Et
903 463 1101 532 factum
1141 473 1238 527 est,
1291 462 1490 533 inquit,
1536 480 1751 532 vesper;
1792 473 1840 516 ct
1880 467 2079 535 factum
2105 477 2182 521 est

608 570 764 607 mane
787 554 896 607 dies
935 571 1090 608 unus.
1126 556 1253 609 Dies
1280 564 1467 609 autem
1524 555 1727 608 Christi
1763 557 1928 612 habet
1965 568 2181 630 tempus

606 644 757 699 mille
782 661 1079 709 annorum,
1114 656 1178 701 ut
1202 647 1314 717 jam
1369 648 1443 703 sit
1501 648 1681 701 media
1726 664 1836 702 nox
1888 652 2180 719 prmscntis

605 734 718 790 diei
769 736 989 805 septimi
1043 736 1460 793 ducentesimus
1529 739 2023 812 quinquagesimus
2080 760 2179 797 an-

604 842 732 881 nus.
755 826 912 894 Quod
949 828 1171 898 quidem
1204 830 1474 883 Dominus
1528 846 1722 886 rursus
1754 833 1919 888 tacite
1968 835 2178 904 signiﬁ-

605 927 713 980 cat,
736 918 930 974 dicens
951 918 1106 986 :Quis
1129 928 1203 974 est
1222 936 1353 991 ergo
1363 919 1539 989 ﬁdelis
1570 931 1617 975 et
1638 923 1867 993 prudens
1890 923 1980 978 ille
1999 942 2177 981 servus

605 1026 758 1081 quem
790 1028 908 1064 cum
938 1014 1137 1065 venerit
1166 1012 1418 1066 Dominus
1467 1015 1601 1083 ejus,
1637 1015 1895 1070 invenerit
1940 1017 2177 1091 lvigilan-

605 1108 711 1156 tem
738 1100 762 1152 ?
787 1101 951 1155 Amen
977 1102 1089 1155 dico
1118 1103 1278 1165 vobis,
1312 1105 1452 1173 quod
1475 1121 1634 1175 super
1662 1109 1842 1160 omnia
1893 1109 2029 1164 bona
2073 1127 2172 1164 sua

603 1193 880 1247 constituet
921 1209 1036 1246 eum
1059 1210 1074 1246 :
1097 1201 1143 1246 et
1184 1196 1226 1247 si
1258 1196 1313 1247 in
1338 1197 1568 1249 secunda
1599 1205 1646 1250 et
1679 1201 1836 1252 tertia
1883 1201 2065 1272 vigilia
2092 1220 2180 1256 ve-

604 1285 740 1339 nerit
764 1293 811 1337 et
831 1285 906 1339 sic
926 1285 1205 1347 invenerit,
1239 1284 1422 1339 beatus
1440 1285 1532 1339 ille
1561 1304 1741 1341 servus
1777 1290 1844 1343 ⁵³.
1881 1290 2018 1345 Cum
2068 1293 2180 1346 sint

601 1389 731 1445 ergo
787 1382 1024 1444 quatuor
1057 1375 1240 1430 noctis
1268 1377 1490 1447 vigiliae,
1532 1393 1631 1432 cur
1672 1396 1783 1434 non
1814 1380 1949 1436 dicit
1990 1383 2178 1438 Domi-

599 1481 726 1529 nus,
763 1466 911 1537 quod
946 1468 1113 1522 etiam
1141 1467 1321 1537 prima
1347 1468 1572 1540 vigilia;
1605 1470 1699 1524 sed
1732 1486 1856 1526 cum
1891 1475 2177 1531 nominas-

600 1564 684 1609 set
706 1555 1005 1610 secundam
1063 1565 1121 1611 et
1172 1557 1431 1624 tertiam,
1496 1561 1765 1630 prteteriit
1831 1565 2064 1633 primam
2122 1579 2176 1622 rt
2215 1545 2252 1598 Β

602 1655 855 1716 quartam
886 1648 909 1699 ?

668 1822 1035 1889 Quamobrem
1056 1824 1246 1879 medize
1272 1828 1416 1882 nocti
1439 1844 1630 1885 rursus
1648 1834 1911 1888 convenit
1929 1837 2174 1892 secunda

598 1923 656 1968 et
695 1914 854 1968 tertia
902 1915 1086 1985 vigilia
1132 1934 1144 1969 :
1187 1918 1433 1986 perfecta
1480 1922 1628 1976 enim
1654 1932 1707 1978 et
1743 1926 1903 1994 plena
1935 1944 2043 1981 nox
2091 1939 2178 1985 est

594 2002 1069 2073 quingentesimus
1116 2021 1296 2061 annus
1344 2009 1475 2063 diei.
1532 2012 1651 2069 Nox
1717 2022 1903 2070 autem
1948 2019 2175 2075 dimidia

596 2104 681 2148 est
708 2110 887 2149 annus
915 2097 1332 2155 dueentesimus
1367 2103 1879 2176 quinquagesimus.
1910 2108 2176 2167 Similiter

594 2184 761 2239 etiam
807 2188 1274 2257 complementum
1315 2196 1574 2250 secundae
1614 2196 1834 2267 vigilias,
1875 2209 1931 2254 et
1970 2204 2176 2271 princi-

596 2275 748 2345 pium
806 2278 981 2333 tertize
1040 2279 1259 2350 vigilite,
1311 2292 1395 2336 est
1450 2284 1596 2339 idem
1647 2286 2063 2347 ducentesimus
2119 2302 2176 2348 et

596 2367 1081 2439 quinquagesimus
1143 2388 1340 2428 annus.
1417 2376 1543 2430 Hazc
1597 2388 1779 2435 autem
1843 2382 2175 2454 interpretes

595 2459 857 2516 dixerunt
886 2478 983 2532 per
1014 2467 1386 2536 conjecturam
1425 2470 1492 2524 ad
1544 2473 1712 2526 animi
1750 2478 2167 2545 recreationem,

594 2564 706 2605 non
743 2559 926 2606 autem
982 2552 1291 2610 deﬁniendo
1336 2575 1348 2610 :
1386 2575 1565 2629 neque
1631 2563 1777 2617 enim
1849 2566 2171 2635 ignorarunt

593 2657 721 2697 eum
749 2643 843 2712 qui
872 2644 1010 2697 dixit
1045 2663 1058 2697 :
1093 2645 1168 2700 De
1201 2648 1283 2701 die
1312 2648 1406 2703 illo
1441 2661 1490 2705 ct
1523 2654 1654 2707 hora
1691 2672 1843 2709 nemo
1882 2660 2040 2722 novit,
2079 2677 2171 2715 nec

594 2732 772 2801 angeli
826 2732 923 2787 Dei
947 2735 1012 2788 ⁵⁸.
1055 2728 1327 2791 ϐαδίσει-οη]
1360 2740 1525 2804 Deus,
1555 2742 1845 2813 inquiunt,
1880 2747 2170 2805 abscondit

592 2822 772 2892 ipsum
822 2824 966 2879 diem
1007 2834 1064 2879 et
1100 2827 1325 2893 horam;
1396 2842 1629 2900 possunt
1672 2845 1854 2890 autem
1924 2845 2166 2908 tempora

590 2916 864 2985 conjicere
918 2916 953 2969 ii
1002 2918 1096 2986 qui
1156 2918 1357 2973 habent
1412 2932 1659 2977 sanctum
1717 2924 2003 2996 Spiritum,
2072 2930 2163 2999 qui

591 3002 873 3072 cognoscit
903 3005 1067 3057 etiam
1107 3006 1369 3074 profunda
1402 3009 1495 3063 Dei
1537 3012 1601 3065 ⁸⁸.
1646 3012 1983 3086 Coujicimus
2011 3034 2163 3089 ergo,

590 3091 875 3163 inquiunt,
926 3108 993 3149 ex
1032 3096 1201 3153 rebus
1246 3108 1301 3153 et
1352 3102 1540 3157 verbis
1590 3104 1686 3158 Dei
1736 3113 1791 3160 et
1844 3107 2161 3179 Scripturte,

589 3199 711 3254 quae
738 3185 810 3240 de
850 3189 1326 3245 consummatione
1374 3191 1519 3247 dicta
1579 3203 1706 3249 sunt
1742 3197 2083 3269 aznigmatice
2110 3209 2165 3255 et

588 3278 841 3343 occulte;
876 3278 973 3332 sed
1004 3295 1197 3333 verum
1242 3282 1451 3337 exitum
1492 3292 1547 3339 et
1587 3285 1751 3342 ﬁnem
1788 3291 1971 3344 saeculi
2011 3291 2163 3346 solus

586 3367 692 3421 scit
726 3366 955 3422 Greater
987 3379 1299 3440 temporum
1340 3382 1395 3427 et
1428 3376 1838 3433 universorum.
1886 3380 2158 3449 Quoniam

584 3469 773 3512 autem
832 3459 973 3513 nihil
1034 3470 1119 3515 est
1164 3462 1303 3517 adeo
1360 3466 1668 3537 jucundum
1726 3470 2068 3539 hominibus,
2105 3485 2161 3530 et

584 3549 821 3604 maxime
862 3550 917 3605 in
957 3552 1161 3620 quibus
1193 3554 1407 3610 habitat
1429 3557 1695 3613 fascinum
1724 3560 1963 3628 invidiae,
1993 3575 2158 3635 atque

582 3640 910 3694 maledicere
937 3649 992 3695 et
1011 3642 1188 3698 aliena
1212 3656 1484 3715 evertere,
1509 3649 1563 3703 in
1588 3652 1887 3719 perniciem
1913 3663 1971 3709 et
2003 3672 2158 3711 ever-

581 3731 791 3788 sionem
844 3734 1165 3790 auditorum
1202 3755 1215 3790 :
1248 3746 1305 3792 et
1359 3747 1510 3804 sunt,
1572 3748 1633 3795 ut
1690 3750 1776 3796 est
1828 3744 2152 3815 verisimile,

580 3825 829 3880 nonnulli
861 3828 1253 3896 reprehensuri
1283 3832 1556 3885 calculum
1584 3843 1947 3890 etnumerum
1979 3853 2154 3894 anno-

581 3935 699 3972 rum
729 3936 869 3989 quos
895 3920 1133 3975 diximus
1154 3920 1210 3975 in
1248 3937 1342 3976 sex
1368 3925 1700 3992 vespertinis
1730 3929 2074 3996 crepusculis
2099 3940 2155 3985 et

578 4011 919 4066 meridiebus
971 4026 1241 4067 annorum
1298 4014 1754 4080 millenariorum,
1813 4019 2004 4086 paucis
2036 4021 2152 4075 for-

579 4109 720 4155 tasse
747 4103 908 4157 annis
940 4102 1330 4159 deﬁcientibus
1355 4116 1451 4160 aut
1475 4106 1641 4160 etiam
1675 4108 2147 4179 redundantibus;

2354 385 2464 436 Καὶ
2502 385 2563 436 τὸ
2615 386 2687 456 μὴ
2726 388 2936 440 κεῖσθαι
2982 386 3038 440 δὲ

2285 475 2376 526 ἐπὶ
2415 475 2512 545 τῆς
2559 477 2789 546 ἑϐδόμης
2825 479 3037 548 ἡμέρας

2285 566 2405 618 κατ’
2456 565 2673 637 ἰσότητα
2718 566 2826 619 τῶν
2862 568 3037 620 ἄλλων

2285 660 2505 729 ἡμερῶν
2532 663 2591 715 τό
2621 679 2634 690 ·
2662 661 2770 715 Καὶ
2800 662 3037 732 ἐγένετο

2282 752 2509 820 ἑσπέρα
2596 754 2693 807 καὶ
2798 756 3037 824 ἐγένετο

2283 845 2466 912 πρῳῒ,
2545 846 2812 916 σύμϐολόν
2888 849 3036 902 ἐστιν

2282 939 2508 1009 ἐναργὲς
2549 940 2648 1009 τῆς
2681 941 2737 993 ὲν
2770 941 2906 1010 αὐτῇ
2948 958 3038 1007 γε-

2283 1046 2380 1099 von
2390 1031 2516 1102 ἑνης
2569 1031 2878 1094 συντελείας
2931 1035 3036 1103 πρὸ

2282 1124 2381 1191 τῆς
2436 1140 2498 1175 συ
2508 1122 2883 1193 μπληρώσεως
2942 1126 3035 1178 αὖ-

2281 1213 2410 1283 τῆς,
2452 1213 2526 1279 ὥς
2568 1232 2731 1284 φασιν
2769 1217 2818 1268 οἱ
2861 1218 3035 1269 Πατέ-

2286 1323 2396 1377 ρες,
2442 1308 2537 1360 καὶ
2572 1307 2805 1377 μάλιστα
2831 1310 2881 1360 oi
2910 1311 3034 1380 περὶ

2280 1400 2371 1452 τὸν
2416 1401 2561 1471 ἱερὸν
2606 1403 2899 1473 Κλήμεντα
2940 1406 3030 1457 καὶ

2282 1492 2566 1563 Εἰρηναῖον
2583 1535 2597 1559 ,
2624 1496 2715 1548 καὶ
2750 1496 3031 1550 Ἰουστῖνον

2280 1583 2370 1637 τὸν
2406 1585 2654 1655 μάρτυρα
2679 1588 2770 1640 καὶ
2816 1587 3033 1656 φιλόσο-

2283 1695 2401 1745 φον,
2440 1678 2588 1741 ὅστις
2634 1678 2754 1731 λίαν
2782 1697 2839 1731 τε
2872 1681 3034 1751 ὑπερ-

2281 1769 2461 1837 σὸφως
2543 1770 2623 1833 εἰς
2705 1770 2798 1822 τὸν
2875 1769 3031 1823 ἕκτον

2281 1865 2385 1916 ὑπο
2392 1880 2498 1934 μνη
2506 1862 2748 1933 ματίζων
2791 1865 2890 1934 τῆς
2935 1864 3030 1917 ’ἐκ-

2279 1975 2374 2026 της
2406 1956 2617 2028 ἡμέρας
2652 1957 2909 2029 ἀριθμὸν,
2934 1957 3031 2029 τὴν

2278 2048 2469 2119 νοεράν
2495 2048 2588 2101 τοῦ
2610 2048 2899 2120 ἀνθρώπου
2928 2049 3030 2118 ψυο

2278 2140 2401 2210 χὴν,
2427 2144 2522 2195 καὶ
2546 2140 2645 2204 τὰς
2668 2140 2831 2194 πέντε
2862 2141 3028 2194 αὑτοῦ

2276 2232 2599 2304 αὶσθητικὰς
2689 2233 2969 2303 αἰσθήσεις
3012 2251 3027 2266 ο

2275 2325 2421 2393 λέγει
2468 2326 2576 2397 γὰρ
2632 2326 2692 2391 ἓξ
2737 2325 2877 2397 ἔργα
2932 2327 3030 2397 τῆς

2274 2419 2439 2489 ἕκτης
2476 2419 2713 2491 ἡμέρας.
2748 2419 2912 2473 Ὅθεν
2936 2420 3030 2473 καὶ

2275 2509 2445 2562 πολλὰ
2466 2508 2751 2573 διεξελθὼν
2776 2512 2904 2579 περὶ
2932 2509 3027 2563 τοῦ

2273 2602 2431 2656 ἕκτου
2499 2602 2733 2672 ἀριθμοῦ
2767 2642 2781 2665 ,
2851 2602 3028 2657 πάντα

2273 2693 2406 2764 φησὶ
2457 2693 2523 2746 τὰ
2588 2693 2691 2745 ὑπὸ
2745 2692 2882 2746 Θεοῦ
2927 2695 3024 2764 613-

2276 2788 2672 2869 p/toupynﬂévm
2692 2787 2895 2857 ὲξαχῶς
2911 2788 3026 2842 δαι-

2195 2880 2236 2934 C
2272 2879 2480 2951 ρεϊσθαι
2506 2896 2520 2909 ·
2572 2881 2847 2932 τουτέστιν
2871 2920 2885 2943 ,
2942 2881 3021 2943 εἰς

2269 2974 2430 3046 νοερὰ
2478 2974 2571 3026 καὶ
2621 2974 2868 3029 ἀθάνατα
2919 2969 3020 3028 οἷοί

2267 3069 2406 3120 εἰσιν
2433 3069 2483 3121 oi
2511 3067 2733 3135 ἄγγελοι
2768 3084 2784 3099 ο
2818 3068 2911 3120 καὶ
2942 3069 3020 3131 εἰς

2265 3159 2457 3229 λογικὰ
2540 3158 2753 3230 Θνητὰ,
2824 3160 3020 3223 οἵτινές

2264 3256 2403 3307 εἰσιν
2443 3256 2500 3307 toi
2550 3254 2825 3325 ἂνθρωποι
2860 3270 2874 3284 ’
2926 3254 3018 3307 καὶ

2263 3347 2343 3409 εἰς
2368 3345 2665 3416 αἰσθητικὰ
2703 3345 2902 3413 ἄλογα,
2929 3341 3018 3399 οἷά

2262 3441 2365 3490 εἰσι
2392 3438 2459 3490 τὰ
2481 3438 2675 3508 κτήνη,
2702 3439 2797 3493 καὶ
2828 3438 2896 3490 τὰ
2922 3455 3013 3490 πε-

2259 3530 2431 3591 τεινὰ,
2465 3530 2559 3582 καὶ
2588 3531 2635 3581 οἱ
2673 3528 2884 3599 ἰχθύδςο
2920 3529 3014 3583 καὶ⁵

2259 3621 2338 3682 εἰς
2381 3619 2688 3688 ὲκπορευτὰ
2744 3635 3013 3689 μεταστα-

2256 3709 2385 3762 τικὰ
2406 3710 2724 3779 ἀναίσθητα,
2758 3704 2846 3764 οἷά
2873 3712 3010 3763 εἰσιν

2256 3803 2302 3854 οἱ
2336 3802 2526 3864 ἄνεμοι
2555 3804 2648 3855 καὶ
2682 3805 2735 3855 αἱ
2766 3803 3006 3872 νεφέλαι,

2256 3892 2351 3945 καὶ
2405 3894 2475 3946 τὰ
2536 3891 2743 3957 ὕδατα,
2800 3894 2893 3946 καὶ
2958 3895 3007 3946 οἱ

2253 3983 2481 4054 ἀστέρες
2508 3998 2524 4015 ⁸
2562 3985 2658 4037 καὶ
2714 3987 2794 4048 εις
2836 3985 3007 4056 αὐξη-

2251 4076 2377 4131 τικὰ
2402 4078 2779 4147 ἀμετάστατα,
2796 4074 2885 4133 οἷά
2900 4081 3006 4133 εἰσι

576 4192 642 4246 ad
665 4208 762 4249 eos
789 4195 1012 4263 quidem
1048 4196 1141 4266 qui
1170 4207 1301 4252 sunt
1329 4198 1480 4267 digni
1509 4209 1567 4253 ut
1602 4200 1907 4256 reddantur
1941 4205 2150 4258 certio-

2253 4173 2319 4226 τὰ
2359 4174 2583 4244 δένδρα·
2615 4175 2709 4227 καὶ
2739 4176 2817 4238 εἰς
2849 4176 3005 4229 ἀναί-

575 4298 685 4349 res,
712 4283 849 4339 illud
888 4287 1309 4355 respondemus,
1340 4289 1487 4359 quod
1531 4289 1698 4360 hujus
1726 4292 1805 4344 rei
1834 4307 1996 4347 causa
2026 4303 2148 4350 orta

572 4380 657 4428 est
699 4390 764 4455 ex
810 4376 877 4430 iis
902 4377 994 4446 qui
1027 4378 1203 4431 certis
1241 4379 1583 4449 temporibus
1623 4381 1775 4436 fuere
1812 4382 2147 4455 chronogra-

570 4443 814 4536 phi,‘qui
851 4466 906 4520 in
937 4468 1279 4522 numerando
1310 4485 1418 4523 non
1438 4482 1854 4526 consenserunt.
1890 4474 2144 4555 Secundo

573 4563 759 4607 autem
792 4563 879 4609 est
908 4555 1216 4620 sciendum,
1240 4558 1385 4624 quod
1405 4559 1566 4613 aliter
1590 4572 1905 4631 computant
1928 4563 2141 4619 llebrrei

512 4648 795 4705 fannum,
830 4652 888 4697 et
927 4644 1090 4698 aliter
1130 4645 1391 4701 Romanae
1421 4649 1680 4705 Ecclesiae
1718 4652 1982 4717 traditio;
2015 4670 2138 4707 nam

568 4731 648 4785 illi
702 4733 952 4802 quidem,
1018 4742 1395 4791 trecentorum
1445 4739 1844 4814 quinquaginta
1907 4753 2142 4811 quatuor

567 4817 745 4870 solum
786 4818 1003 4873 dierum
1050 4835 1256 4877 annum
1303 4837 1618 4884 numerant.
1668 4828 1939 4885 Caeterum
1996 4835 2140 4903 quod

565 4908 808 4965 Ecclesia
851 4927 959 4966 non
984 4921 1172 4968 exacte
1208 4914 1506 4985 aliquando
1534 4920 1812 4977 invenerit
1845 4941 2137 4981 numerum

566 5002 622 5055 in
644 5003 1062 5074 quadringentis
1088 5007 1268 5070 annis,
1306 5010 1508 5086 quibus
1555 5011 1694 5066 dixit
1723 5014 1870 5069 Deus
1902 5015 2136 5072 Abrahie

565 5091 620 5146 in
673 5097 997 5149 servitutem
1057 5112 1177 5153 esse
1243 5099 1605 5169 redigendum
1659 5113 1717 5158 ct
1785 5105 2134 5177 aﬂligendum

563 5182 818 5239 lsraelem
850 5187 919 5242 ah
944 5187 1235 5259 Egyptiis,
1255 5191 1513 5259 quoniam
1536 5209 1646 5248 non
1666 5197 2137 5270 serviitA-Zgyptiis

562 5274 998 5347 quadringentos
1066 5294 1276 5345 annos,
1365 5291 1423 5336 et
1496 5284 1565 5338 de
1646 5294 1869 5342 centum
1942 5292 2131 5362 viginti

637 5503 709 5571 (ι)
737 5505 932 5575 Ctabc,
966 5508 1213 5582 Spicileg.
1246 5522 1375 5567 tom.
1402 5514 1465 5579 ll,
1492 5532 1545 5586 p.
1580 5518 1697 5572 195.

2258 4264 2427 4335 σθητα
2485 4267 2873 4333 ἀμετάστατα,
2917 4260 3007 4320 οἷά

2254 4361 2357 4410 εἰσι
2385 4359 2453 4410 τὰ
2475 4359 2574 4428 ὅρη
2605 4359 2754 4430 καὶὴ
2783 4360 2874 4429 γῆ,
2912 4363 3005 4414 καὶ

2252 4455 2318 4507 τὰ
2364 4454 2608 4509 τοιαῦτα.
2668 4455 2853 4509 Πάντα
2895 4455 3003 4529 γὰρ

2250 4547 2316 4599 τὰ
2350 4546 2625 4618 κτίσματα
2648 4549 2741 4602 τοῦ
2770 4549 2905 4604 Θεοῦ
2945 4552 3001 4603 ὲν

2248 4639 2461 4710 οὐρανῷ
2491 4641 2582 4694 καὶ
2607 4642 2702 4694 ἐπὶ
2721 4643 2845 4712 γῆς,
2871 4647 2998 4714 μιᾶς

2247 4749 2391 4794 τινος
2420 4732 2624 4788 τούτων
2647 4734 2756 4787 τῶν
2785 4735 2841 4801 ἐξ
2879 4737 2995 4790 δια-

2251 4826 2450 4879 στολῶν
2495 4828 2756 4896 ἅπτεται,
2793 4832 2887 4885 καὶ
2941 4834 2997 4885 ἐν

2250 4924 2442 4987 αὑταῖς
2483 4925 2838 4999 περιώρισται
2872 4930 2994 5000 (1η).

3110 398 3167 442 et
3208 390 3355 457 quod
3390 391 3447 444 in
3489 394 3723 461 septimo
3771 396 3859 452 die

3110 494 3221 534 non
3254 496 3409 551 reque
3440 490 3605 553 atque
3639 487 3695 540 in
3736 488 3858 543 aliis

3110 574 3306 630 diebus
3364 577 3572 632 dictum
3621 582 3740 635 sit:
3790 584 3857 638 Et

3110 670 3308 738 factum
3333 681 3407 725 est
3425 690 3606 745 vesper
3626 684 3675 729 et
3706 695 3859 734 mane

3108 763 3216 816 dies
3264 780 3431 830 unus,
3480 782 3599 823 esse
3639 771 3863 827 evidens

3108 853 3323 923 signum
3349 856 3468 925 ejus
3500 873 3623 927 quae
3655 861 3710 915 in
3741 863 3860 931 ipso

3107 938 3249 993 facta
3292 953 3378 996 est
3430 952 3860 1007 consummatio-

3106 1032 3193 1087 nis
3234 1042 3290 1088 et
3331 1038 3741 1108 complementi,
3779 1045 3862 1099 di-

3108 1134 3239 1179 cunt
3296 1133 3473 1185 sancti
3525 1134 3746 1204 Patres,
3804 1151 3859 1195 et

3106 1221 3341 1279 maxime
3361 1235 3585 1282 sanctus
3602 1229 3857 1289 Clemens

3106 1318 3161 1363 et
3207 1311 3471 1379 lrenwus,
3508 1328 3563 1372 et
3608 1320 3856 1379 Justinus

3105 1414 3314 1479 martyr
3353 1418 3408 1464 et
3458 1412 3852 1485 philosophus,

3104 1497 3199 1565 qui
3238 1498 3557 1559 doctissime
3608 1508 3855 1565 scribens

3105 1589 3574 1653 Commentarium
3637 1613 3852 1658 sextum

3106 1684 3242 1739 sexti
3286 1685 3426 1753 dici,
3460 1689 3595 1746 dicit
3640 1704 3853 1750 sextum

3104 1791 3398 1834 numerum
3462 1798 3583 1838 esse
3645 1786 3853 1843 intelli-

3102 1878 3319 1938 gentem
3338 1873 3577 1933 hominis
3592 1882 3851 1942 animum.

3101 1972 3157 2016 et
3184 1965 3431 2036 quinque
3453 1970 3575 2040 ejus
3606 1976 3853 2030 sentien-

3104 2064 3183 2111 tes
3225 2073 3438 2116 sensus.
3489 2063 3644 2121 Undc
3684 2068 3850 2124 etiam

3101 2164 3224 2204 cum
3277 2154 3449 2210 multa
3498 2157 3852 2217 disseruisset

3101 2240 3169 2296 de
3215 2251 3369 2299 sexto
3403 2262 3673 2314 numero,
3715 2252 3853 2309 dicit

3101 2336 3284 2391 omnia
3325 2353 3448 2408 quae
3488 2357 3517 2396 a
3564 2343 3676 2397 Deo
3723 2358 3851 2401 sunt

3102 2426 3366 2487 fabricata
3467 2439 3851 2507 sescupliciter

3099 2519 3271 2575 dividi
3315 2539 3329 2576 :
3386 2524 3440 2579 in
3508 2542 3597 2580 res
3644 2528 3853 2584 intelli-

3098 2620 3297 2681 gentes
3358 2626 3413 2669 et
3472 2616 3848 2687 immortales,

3097 2706 3404 2774 cnjusmodi
3457 2719 3586 2764 sunt
3627 2714 3806 2781 angeli
3832 2756 3845 2773 .

3094 2803 3148 2848 et
3171 2795 3225 2850 in
3247 2812 3333 2852 res
3350 2801 3560 2855 ratione
3589 2805 3847 2872 praeditas

3093 2890 3372 2954 mortales,
3391 2894 3699 2961 cnjusmodi
3718 2908 3847 2951 sunt

3094 2979 3373 3047 homines;
3415 2984 3553 3039 etin
3597 3002 3686 3041 res
3716 3004 3846 3044 sen-

3094 3070 3291 3126 tientes
3317 3074 3543 3130 rationis
3566 3087 3843 3147 expertes.
3883 3085 3894 3095 '

3091 3165 3395 3233 cnjusmodi
3428 3178 3558 3223 sunt
3591 3172 3838 3240 iumenta

3089 3263 3146 3308 et
3176 3256 3427 3312 volucres
3449 3270 3505 3313 et
3540 3261 3717 3330 pisces
3742 3281 3756 3327 ;
3785 3274 3840 3317 et

3090 3344 3145 3398 iu
3201 3361 3291 3401 res
3340 3349 3681 3418 prodeuntes
3719 3369 3841 3407 mo-

3088 3445 3299 3500 ventes.
3334 3448 3389 3495 et
3411 3440 3723 3509 inscnsiles,
3747 3462 3841 3500 cu-

3082 3530 3319 3599 jusmodi
3383 3544 3511 3588 sunt
3560 3537 3741 3601 venti,
3783 3548 3840 3592 et

3085 3622 3317 3685 nebulae,
3343 3634 3399 3677 et
3421 3641 3596 3694 aqum,
3615 3637 3669 3681 et
3703 3633 3836 3683 stel-

3086 3711 3187 3775 lae;
3225 3724 3280 3767 et
3328 3715 3381 3769 in
3427 3733 3516 3771 res
3563 3736 3683 3787 quae
3733 3738 3834 3775 au-

3083 3813 3281 3872 gentur
3309 3815 3362 3860 ct
3384 3823 3504 3877 qure
3528 3811 3690 3866 etiam
3719 3830 3837 3867 mea

3082 3903 3281 3949 ventur
3303 3937 3317 3959 ,
3360 3900 3668 3969 cnjusmodi
3703 3915 3832 3958 sunt

3081 3987 3335 4050 arbores;
3365 3999 3420 4044 et
3449 3990 3504 4045 in
3532 4009 3621 4047 res
3648 3994 3832 4049 insen-

3080 4077 3209 4138 siles
3229 4095 3351 4149 quae
3380 4098 3489 4138 non
3514 4096 3826 4149 moventur,

3081 4179 3140 4225 ut
3175 4182 3305 4227 sunt
3333 4184 3546 4232 montes
3572 4186 3627 4233 et
3662 4188 3824 4245 terra,

3077 4273 3133 4318 et
3165 4280 3288 4334 qum
3326 4277 3457 4322 sunt
3488 4270 3825 4342 hujusmodi.

3075 4356 3278 4414 Omnes
3318 4362 3467 4418 enim
3506 4379 3594 4419 res
3637 4382 3667 4420 a
3713 4368 3824 4422 Den

3075 4443 3270 4506 creata:
3292 4453 3349 4507 in
3382 4456 3522 4510 caelo
3547 4465 3603 4510 et
3632 4458 3686 4512 in
3713 4468 3822 4513 tcr-

3077 4559 3157 4611 ra,
3183 4555 3415 4618 tangunt
3442 4566 3605 4605 unam
3633 4563 3689 4609 et
3718 4557 3819 4609 ali—

3074 4651 3234 4705 quam
3269 4655 3336 4694 ex
3379 4641 3464 4697 his
3506 4643 3816 4700 distinctiu—

3072 4731 3255 4796 nibus,
3270 4743 3325 4787 et
3340 4746 3468 4790 sunt
3483 4738 3564 4792 eis
3581 4738 3815 4794 definitae

3069 4837 3131 4875 ac
3151 4823 3601 4898 circumscriptae.

2314 5033 2551 5090 Adverte
2586 5050 2770 5094 autem
2826 5048 2883 5095 tu
2924 5044 3018 5113 qui
3062 5047 3158 5105 Dei
3202 5050 3428 5117 pulchra
3453 5052 3705 5109 facientis
3731 5072 3816 5111 res

2241 5121 2499 5190 pulchras
2530 5127 2868 5194 consideras,
2908 5140 2968 5185 ut
3000 5149 3299 5203 cognoscas
3340 5140 3483 5207 quod
3532 5141 3647 5210 ipse
3674 5159 3814 5211 quo-

2243 5226 2353 5280 que
2375 5228 2468 5268 sex
2500 5215 2714 5271 dierum
2764 5231 3028 5279 creaturae
3075 5227 3257 5295 opifex
3292 5228 3564 5295 Christus,
3598 5245 3813 5288 constat
3876 5255 3881 5259 ’

2240 5303 2477 5372 quodam
2503 5309 2669 5362 modo
2698 5327 2764 5364 ex
2794 5328 3028 5367 numero
3048 5305 3303 5384 senario;
3341 5334 3538 5388 nempe
3559 5337 3624 5376 ex
3644 5340 3811 5379 carne

631 5389 697 5421 "‘
724 5389 912 5448 Matth.
950 5411 1073 5459 xxv,
1107 5395 1161 5450 6.
1243 5396 1287 5427 ⁸³
1320 5397 1678 5465 Matth.xx1v,
1705 5404 1904 5471 46-48;
1931 5407 2063 5463 Luc.
2110 5418 2308 5483 xu,57,
2332 5420 2419 5477 58.
2498 5423 2543 5454 “
2567 5424 2757 5479 Matth.
2800 5442 2944 5493 xxiv,
2973 5429 3062 5483 5F.
3142 5431 3187 5462 "
3226 5432 3243 5485 1
3285 5431 3411 5485 Cor.
3454 5444 3508 5499 η’,
3556 5435 3642 5488 l0.
