4056 6148
299 134 403 198 043
1509 137 1568 197 S.
1612 136 1858 195 ANAST.

1959 135 2009 193 ΙΙ
2049 135 2370 195 SINAITJ‘Z
3442 135 3547 199 944

294 262 415 315 quzc
463 252 675 299 constat
718 260 782 299 ex
840 253 1077 315 quatuor
1116 244 1424 310 elementis,
1462 254 1517 299 et
1547 262 1615 299 ex
1661 245 1870 299 intelii-
1902 251 1944 306 Α
1975 253 2124 298 sexta
2189 245 2321 298 hora
2385 245 2629 316 ejusdem
2692 245 2984 301 millenarii
3035 255 3092 302 et
3133 247 3367 318 septima
3409 247 3545 303 hora

292 343 451 403 gente
481 334 684 400 anima,
728 343 785 391 et
833 352 899 390 ex
931 336 1238 390 divinitate.
1292 336 1436 405 Ergo
1476 337 1519 388 si
1563 337 1741 389 omnia
1779 351 1871 405 per

1966 331 2315 387 thebdomada
2338 374 2351 398 ,
2400 343 2456 388 et
2482 343 2632 389 sexta
2656 335 2788 389 hora
2831 336 2966 389 sexti
3009 336 3141 401 diei,
3167 353 3331 406 quam
3361 347 3546 406 aperte

290 429 461 495 ipsum
500 436 548 479 ct
582 428 636 480 in
670 428 843 496 ipsum
900 427 1166 481 tendentia
1199 437 1383 482 creata
1418 435 1563 487 sunt,
1608 435 1717 479 tam
1752 441 1870 495 qua:
1966 422 2341 492 przcﬁguravit
2389 434 2446 480 et
2499 428 2790 496 descripsit
2840 429 2997 482 nobis
3042 429 3110 483 ad
3172 430 3545 484 enarrandum

287 527 408 569 sunt
438 519 491 570 in
512 517 650 570 cmfis
679 534 837 586 quam
856 532 972 586 qua!
999 518 1050 569 in
1074 525 1239 579 terra,
1274 524 1332 569 ut
1355 517 1552 570 clamat
1573 516 1777 569 Paulus
1797 515 1864 580 ⁸⁸,

289 608 516 660 omnino
571 607 882 676 signiﬁcant
928 607 1022 676 qui
1058 615 1140 660 est
1192 607 1249 659 in
1294 606 1413 675 ipso
1466 606 1769 668 senarium,
1812 612 1867 658 et

288 713 413 751 eam
449 699 719 769 signiﬁcat
753 699 932 752 omnis
971 714 1237 753 numerus
1272 698 1527 752 senarius
1562 699 1654 769 qui
1694 706 1777 752 est
1810 697 1864 750 in

288 792 473 846 V'eteri
501 802 556 846 et
590 792 743 846 Novo
775 792 1152 846 Testamento.

356 881 725 949 Quamobrem
750 890 809 937 ut
835 882 981 952 quod
1005 881 1260 937 Christus
1286 882 1470 936 omnia
1501 884 1779 937 contineat
1807 890 1864 936 et

286 973 548 1028 erunibus
574 973 912 1039 dominetur,
971 980 1263 1042 propterea
1302 974 1483 1027 sexies
1518 974 1862 1028 millenarius

284 1058 559 1119 numerus
596 1070 693 1120 est
718 1063 902 1121 unitas
958 1065 1138 1119 omnis
1176 1066 1371 1121 calculi
1424 1076 1481 1121 et
1521 1068 1734 1121 numeri
1768 1066 1862 1137 qui

285 1157 492 1210 dicitur
536 1157 592 1211 in
640 1157 863 1220 litteris,
909 1159 1297 1228 unitatumqne
1333 1167 1388 1212 et
1426 1158 1767 1214 binariorum
1807 1169 1864 1214 et

285 1246 679 1312 ternariorum,
723 1258 779 1302 et
817 1249 869 1303 in
902 1251 1178 1304 creaturis
1218 1249 1577 1304 terrestribus
1611 1260 1667 1304 et
1692 1250 1863 1304 subli-

284 1339 465 1394 mibus
501 1341 751 1394 continet
804 1356 1021 1394 omnem
1084 1341 1412 1396 numerandi
1465 1340 1752 1395 scientiam
1806 1349 1863 1395 et

284 1433 669 1502 quantitatem,
708 1448 830 1487 cum
857 1434 929 1487 sit
955 1433 1293 1504 signiﬁcans.
1332 1434 1399 1487 Et
1445 1434 1548 1487 hac
1588 1433 1656 1486 de
1694 1448 1859 1488 causa

280 1530 438 1576 sexto
463 1522 553 1576 die
572 1522 746 1576 factus
775 1530 859 1576 est
888 1523 1099 1591 primus
1151 1522 1345 1586 Adam,
1387 1530 1446 1575 ut
1482 1521 1576 1591 qui
1610 1520 1861 1590 prazﬁgu-

1969 514 2285 581 propositus
2319 526 2507 571 sextus
2537 518 2655 572 dies
2680 520 2978 574 creationis
3018 538 3111 575 sex
3139 522 3354 576 dierum
3383 538 3547 587 ;nam

1970 603 2013 656 si
2054 604 2179 672 quis
2200 606 2334 660 velit
2356 616 2612 676 tanquam
2640 609 2693 662 in
2728 610 2909 663 medio
2944 611 3140 665 horum
3165 613 3400 666 duorum
3427 614 3546 667 die-

1969 710 2091 746 rum
2138 696 2491 752 considerare
2540 699 2748 768 (illius,
2814 702 3058 771 inquam,
3110 705 3247 757 sexti
3307 705 3438 769 diei,
3492 715 3545 759 et

1967 784 2118 859 illius
2172 786 2228 839 in
2272 803 2384 856 quo
2412 790 2690 844 secundus
2730 790 2904 845 Adam
2942 791 3195 847 Christus
3237 795 3545 849 voluntarie

1965 888 2158 942 passus
2210 885 2295 930 est
2350 879 2724 951 passionem),
2777 883 3018 936 inveniet
3060 899 3157 939 eos
3201 900 3320 939 esse
3366 887 3542 940 veluti

1965 965 2227 1034 quasdam
2256 967 2374 1022 sine
2401 969 2724 1026 discrimine
2749 972 2857 1026 sibi
2886 974 3285 1042 respondentes
3312 985 3368 1029 et
3398 978 3544 1047 ejus-

1964 1057 2088 1112 dem
2112 1070 2323 1115 naturaa
2347 1061 2485 1117 duas
2508 1063 2775 1134 imagines
2808 1081 2866 1120 se
2900 1066 3048 1121 inter
3074 1083 3133 1122 se
3172 1068 3452 1124 imitantes
3488 1079 3544 1129 ct

1963 1164 2064 1220 per
2090 1151 2346 1205 resinter
2372 1168 2429 1207 se
2455 1154 2814 1210 assimilatas.
2846 1157 2915 1211 Et
2938 1148 3305 1226 jam'quidem
3332 1159 3450 1214 fuse
3474 1162 3542 1216 de

1965 1240 2051 1295 his
2081 1257 2110 1295 a
2142 1242 2303 1298 nobis
2338 1244 2544 1299 dictum
2593 1254 2677 1312 est
2717 1247 2770 1300 in
2822 1249 3049 1318 mystica
3080 1251 3543 1319 contemplatione

1962 1334 2284 1388 salutarium
2316 1336 2520 1392 Christi
2569 1338 2665 1392 Dei
2709 1342 2885 1394 nostri
2929 1341 3244 1410 passionum
3275 1343 3329 1397 in
3364 1345 3544 1399 Evan-

1962 1426 2125 1495 gelio,
2163 1438 2219 1482 et
2273 1429 2404 1483 illuc
2450 1430 2876 1486 transmittimus
2928 1432 3175 1488 discendi
3232 1438 3539 1493 studiosum

1962 1517 2292 1573 auditorem.
2320 1520 2585 1576 Similiter
2612 1524 2870 1592 quoniam
2895 1533 3043 1581 totus
3069 1542 3270 1597 scopus
3299 1540 3353 1584 et
3381 1518 3553 1585 iusti:

282 1621 429 1666 raret
461 1613 757 1683 imaginem
782 1582 1195 1666 individuarum
1236 1611 1473 1681 partium
1525 1609 1731 1664 Christi
1765 1606 1859 1677 qui
1894 1582 1936 1638 Β
1959 1617 2144 1663 tutum
2178 1612 2341 1682 hujus
2369 1616 2553 1683 operis
2598 1626 2683 1670 est
2719 1623 2777 1671 ut
2821 1582 3181 1673 ostendamus
3225 1623 3373 1691 quod
3420 1624 3542 1677 uni-

278 1714 366 1760 est
391 1721 484 1760 sex
515 1706 755 1770 dierum,
810 1704 900 1775 qui
952 1714 1035 1760 est
1072 1704 1347 1759 secundus
1388 1703 1584 1767 Adam,
1622 1702 1723 1777 qui
1741 1700 1865 1771 qui-

279 1798 404 1852 dcm
432 1807 587 1852 sexto
612 1799 701 1852 die
717 1798 902 1852 saaculi
933 1813 1097 1865 super
1122 1806 1321 1850 terram
1353 1794 1455 1849 fuit
1486 1802 1542 1848 ct
1566 1794 1820 1863 apparuit
1844 1810 1859 1859 ;

279 1906 478 1960 nempe
524 1905 671 1944 anno
710 1889 1007 1959 quinquies
1055 1888 1349 1942 millesimo
1396 1885 1859 1956 quingentesimo,

278 1985 373 2054 qui
404 1993 489 2039 est
519 1982 778 2038 meridies
811 1990 866 2037 et
889 1997 1134 2050 vespera,
1160 1991 1215 2035 et
1249 1989 1414 2035 sextae
1445 1980 1595 2034 horae
1623 1978 1858 2043 medius,

279 2077 544 2131 videlicet
567 2085 734 2131 sextae
766 2075 1094 2145 quantitatis
1120 2075 1326 2129 saeculi.

350 2168 719 2235 Quamobrem
756 2183 820 2221 ea
856 2166 923 2220 de
963 2182 1129 2220 causa
1176 2181 1405 2234 vespere
1449 2174 1605 2219 sexto
1652 2162 1763 2217 diei
1803 2162 1859 2216 in

281 2261 443 2315 horto
471 2270 528 2316 et
572 2260 825 2330 paradiso
871 2260 1047 2314 factus
1085 2268 1170 2314 est
1214 2256 1389 2312 Adam
1428 2273 1494 2311 ex
1531 2265 1675 2311 terra
1705 2265 1758 2309 et
1792 2271 1859 2309 ex

278 2353 466 2406 divina
496 2352 862 2407 insuﬁlatione
898 2352 997 2420 (ex
1020 2359 1238 2416 natura,
1267 2352 1513 2419 inquam,
1538 2347 1861 2418 aspectabili

277 2453 487 2515 etquae
529 2460 636 2498 non
682 2444 831 2498 cadit
871 2444 974 2498 sub
1024 2441 1343 2512 aspectum)
1393 2441 1748 2511 prceﬁgurans
1797 2456 1860 2495 ac

281 2537 434 2605 prius
483 2534 807 2590 describens
857 2534 1141 2589 Christum
1206 2532 1591 2601 aspectabilem
1636 2539 1692 2584 et
1747 2547 1859 2584 non

279 2629 703 2698 aspectabilem;
746 2642 868 2697 quae
901 2627 1035 2680 hora
1076 2633 1226 2681 sexta
1280 2624 1334 2678 in
1395 2639 1493 2678 sua
1538 2623 1773 2692 imagine
1805 2631 1860 2677 et

279 2720 558 2784 Ecclesia,
588 2721 741 2774 visus
773 2728 857 2773 est
882 2717 1118 2773 Abrahae
1146 2718 1198 2771 in
1230 2731 1447 2785 quercu
1496 2715 1759 2779 Mambre,
1801 2722 1858 2768 et

279 2811 394 2866 illic
416 2810 545 2865 fecit
573 2810 905 2865 sacriﬁcium
945 2809 1101 2863 vituli
1159 2807 1274 2877 (qui
1309 2815 1541 2861 mortem
1569 2806 1689 2875 ejus
1716 2820 1858 2874 pree-

1964 1714 2125 1755 versa
2154 1717 2249 1756 sex
2286 1702 2498 1758 dierum
2564 1716 2671 1760 tam
2729 1706 2785 1761 in
2847 1708 3004 1763 oculis
3071 1725 3233 1778 quam
3280 1711 3332 1764 in
3378 1714 3540 1768 terris

1964 1794 2190 1859 creatio,
2222 1796 2534 1867 praefigurat
2560 1814 2625 1853 ac
2667 1799 2933 1854 describit
2968 1801 3063 1855 Dei
3098 1803 3251 1856 verbi
3285 1805 3538 1861 incarna-

1963 1884 2171 1937 tionem
2205 1894 2260 1940 et
2285 1887 2584 1943 Ecclesiam
2610 1908 2623 1943 :
2650 1907 2878 1946 necesse
2912 1901 2998 1947 est
3035 1893 3101 1947 de
3145 1907 3343 1951 caetero
3378 1906 3438 1950 ut
3471 1913 3535 1955 ex

1962 1977 2150 2030 multis
2184 1994 2356 2046 pauca
2383 1980 2721 2036 adducamus
2749 1984 2959 2053 antiqui
2999 1985 3149 2039 illius
3175 1986 3308 2049 diei,
3343 2004 3534 2057 quem-

1962 2068 2256 2122 admodum
2332 2071 2684 2143 prtefigurant
2757 2089 2820 2129 ac
2893 2076 3173 2131 ascribunt
3266 2080 3537 2136 salutares

1959 2157 2161 2216 Christi
2203 2164 2489 2231 passiones
2513 2181 2649 2234 quas
2672 2182 2866 2235 passus
2884 2176 2968 2220 est
2990 2177 3144 2221 sexto
3168 2169 3278 2232 die,
3307 2179 3360 2224 et
3400 2188 3537 2241 quo-

1962 2254 2126 2308 modo
2155 2255 2326 2310 Adam
2356 2272 2384 2310 a
2427 2257 2539 2310 Deo
2565 2258 2741 2312 factus
2768 2258 3196 2322 liberiarbitrii,
3226 2263 3533 2318 voluntarie

1960 2354 2015 2400 et
2043 2362 2149 2400 non
2183 2363 2250 2401 ex
2285 2348 2463 2416 aliqua
2489 2354 2818 2402 necessitate
2842 2365 3033 2418 passus
3055 2360 3156 2415 est,
3186 2351 3260 2406 ita
3286 2353 3457 2407 libere
3478 2364 3534 2409 et

1959 2440 2275 2496 voluntarie
2328 2441 2591 2496 Dominus
2653 2443 2824 2496 subiit
2885 2446 3218 2513 passionem.
3300 2448 3532 2503 Attende

1960 2527 2123 2581 etiam
2172 2544 2235 2582 ea
2275 2545 2395 2598 quae
2430 2539 2558 2584 sunt
2600 2530 2869 2594 dicenda,
2906 2541 2959 2585 et
3002 2533 3214 2588 videbis
3262 2537 3403 2590 sexti
3454 2545 3533 2608 ty.-

1959 2633 2058 2687 pos
2112 2619 2525 2689 przeﬁgurantes
2563 2637 2626 2676 ac
2657 2623 3039 2679 describentes
3087 2627 3396 2682 veritatem.
3450 2629 3531 2683 Ab

1959 2726 2078 2775 esu,
2110 2711 2279 2765 Adam
2315 2727 2507 2781 passus
2551 2725 2636 2767 est
2666 2715 2835 2784 888
2864 2724 3127 2781 mortem;
3177 2734 3527 2787 quamonrem

1958 2802 2210 2857 Christus
2248 2820 2466 2873 quoque
2515 2820 2640 2858 cum
2690 2807 3021 2861 surrexisset
3059 2809 3128 2861 ab
3184 2826 3281 2864 esu
3342 2826 3529 2875 caena),

280 2902 611 2973 figurabat),
634 2911 690 2956 et
718 2902 827 2955 cibi
855 2900 1079 2955 humani
1117 2899 1225 2952 fuit.
1260 2899 1553 2968 particeps,
1592 2912 1717 2951 cum
1747 2913 1855 2950 non
1883 2916 1926 2973 ο
1959 2897 2111 2949 venit
2140 2895 2207 2948 ad
2241 2897 2548 2964 passionem
2597 2907 2653 2951 et
2711 2909 2965 2952 mortem.
3019 2901 3121 2954 Per
3153 2902 3314 2954 Evam
3344 2918 3532 2971 passus

278 3009 433 3049 suam
482 2993 857 3063 praefigurans,
903 2992 996 3046 sed
1048 2991 1197 3045 Sara:
1271 2991 1433 3045 solvit
1481 2989 1848 3055 sterilitatem,

238 3101 242 3105 '
279 3099 478 3153 nempe
509 3083 796 3149 Ecclesiae;
824 3083 965 3152 parit
991 3083 1140 3136 enim
1171 3098 1495 3145 non-unum,
1531 3081 1623 3134 sed
1649 3081 1853 3155 multos

278 3172 612 3230 lsaacos:et
647 3174 702 3227 in
755 3174 1113 3227 tabernaculo
1158 3173 1261 3225 fuit
1302 3173 1512 3242 typice;
1558 3172 1668 3227 illic
1707 3171 1851 3225 enim

278 3265 443 3320 etiam
499 3265 841 3319 ambulat'in
896 3264 1142 3318 Ecclesia
1194 3264 1311 3318 Dei.
1360 3263 1616 3317 Meridies
1668 3272 1853 3316 autem

280 3372 475 3410 rursus
497 3363 551 3411 et
579 3371 808 3425 vespera
830 3362 949 3409 erat
969 3362 1024 3407 et
1052 3355 1185 3407 hora
1212 3364 1383 3417 sexta,
1411 3353 1631 3422 quando
1652 3353 1853 3421 Joseph

282 3447 335 3499 in
397 3444 600 3499 Christi
642 3442 940 3514 imaginem
1008 3458 1241 3512 pransus
1287 3443 1449 3496 simul
1498 3458 1620 3495 cum
1673 3441 1857 3496 fratri-

280 3538 402 3601 bus,
433 3544 490 3591 et
523 3534 728 3590 Christi
780 3534 986 3589 Pascha
1037 3533 1439 3597 admirabiliter
1484 3533 1856 3603 pra-figuravit

280 3645 343 3683 ac
389 3627 702 3697 descripsit,
757 3635 813 3681 et
853 3636 986 3681 tunc
1028 3627 1327 3681 cisternam
1385 3624 1673 3683 habitavit.
1729 3631 1856 3677 ante

281 3714 533 3769 indicans
569 3729 633 3769 ac
680 3714 998 3785 signiﬁcans
1051 3713 1332 3769 Christum
1386 3714 1479 3783 qui
1536 3722 1660 3783 post
1706 3713 1854 3766 illam

281 3820 492 3860 caenam
516 3804 805 3875 jaciendus
827 3815 947 3859 erat
977 3805 1034 3858 in
1065 3804 1356 3859 cisternam
1403 3805 1664 3870 sepulcri.
1710 3804 1855 3857 llora

280 3904 429 3950 sexta
464 3904 583 3950 erat
617 3897 784 3951 etiam
818 3897 1039 3966 quando
1060 3896 1203 3951 lluth
1238 3896 1327 3950 illa
1349 3894 1669 3950 admiranda
1703 3895 1857 3966 (tan-

280 4004 442 4057 quam
495 3987 737 4042 formosa
785 3987 1055 4058 Ecclesia)
1108 4004 1233 4042 cum
1282 3987 1348 4040 ad
1399 3989 1575 4057 ipsum
1611 3988 1755 4041 Booz
1800 3987 1854 4039 in

280 4098 429 4152 agro,
463 4090 718 4150 tanquam
763 4080 828 4136 ad
858 4080 1137 4136 Christum
1181 4081 1697 4151 apprOpinquasset,
1727 4094 1856 4132 esu-

283 4174 428 4227 riens
463 4172 533 4226 ab
571 4187 639 4227 eo
678 4181 765 4227 est
818 4173 1045 4234 nutrita,
1091 4182 1146 4227 et
1181 4175 1302 4242 ejus
1346 4172 1487 4226 facta
1518 4180 1603 4225 est
1633 4171 1851 4239 conjux.

1954 2997 2039 3043 est
2095 2986 2302 3051 Adam;
2362 2986 2619 3039 similiter
2666 2988 2832 3041 etiam
2881 2988 3136 3044 Christus
3202 3007 3394 3059 passus
3450 3000 3533 3046 est

1953 3086 2180 3148 propter
2244 3077 2566 3131 Ecclesium.
2615 3078 2702 3141 Et,
2749 3088 2807 3132 ut
2872 3082 3061 3148 paucis
3115 3082 3313 3145 dicam,
3360 3099 3513 3138 come

1955 3170 2036 3223 dit
2096 3168 2289 3228 Adam.
2345 3166 2504 3235 fugit,
2559 3168 2723 3220 latuit
2787 3169 3049 3248 in_horto
3086 3189 3101 3236 ;
3140 3173 3533 3240 quaesitus,in-

1953 3271 2151 3315 ventus
2171 3260 2566 3314 condemnatus
2601 3259 2704 3313 fuit
2743 3277 2755 3311 :
2793 3261 3049 3314 similiter
3085 3265 3251 3318 etiam
3279 3263 3530 3318 Christus

1956 3350 2193 3403 comedit
2249 3364 2494 3411 cmnam,
2547 3350 2859 3405 voluntarie
2932 3352 3072 3420 fugit
3140 3354 3194 3407 in
3284 3365 3524 3409 montem

1955 3439 2233 3493 Olivarnm
2263 3449 2541 3496 oraturus.
2570 3440 2729 3493 latuit
2757 3440 2808 3493 in
2835 3450 2960 3495 orto
2991 3445 3250 3499 torrentis
3273 3444 3528 3512 Cedron;

1956 3532 2220 3601 quresitus
2268 3540 2353 3586 est
2406 3547 2437 3584 a
2496 3531 2699 3586 Judans
2758 3532 2812 3586 et
2875 3533 3134 3588 inventus
3197 3544 3282 3589 est
3318 3551 3348 3588 a
3393 3536 3528 3591 Juda

1959 3624 2175 3692 signum
2206 3623 2371 3677 dante
2413 3624 2933 3693 osculum;ejectus
2981 3635 3066 3679 est
3116 3626 3267 3680 illinc
3316 3629 3528 3684 vinctus

1959 3714 2016 3767 in
2078 3715 2236 3768 horto
2283 3714 2425 3768 sicut
2476 3715 2645 3769 Adam
2706 3732 2770 3770 ex
2820 3717 3093 3785 paradiso,
3133 3718 3443 3788 probroque
3475 3730 3531 3774 et

1957 3803 2255 3874 ignominia
2311 3814 2395 3859 est
2448 3808 2677 3860 aﬁ‘cctns
2735 3807 2943 3876 lignum
2985 3816 3210 3875 portans
3259 3808 3528 3870 humeris.

1955 3902 2009 3947 ct
2061 3893 2236 3965 factus
2278 3897 2584 3948 exsecratio
2620 3910 2684 3948 ac
2715 3894 3091 3963 maledictum,
3135 3897 3531 3961 condemnatus

1955 3993 2040 4037 est
2063 3992 2284 4053 propter
2307 4000 2431 4038 eum
2452 3986 2544 4055 qui
2564 3986 2745 4040 fuerat
2772 3986 3192 4049 condemnatus,
3219 3988 3551 4042 dicentibus

1958 4073 2024 4127 iis
2047 4075 2138 4143 qui
2171 4086 2579 4132 convenerant:
2607 4076 2811 4146 Dignus
2836 4086 2909 4130 est
2939 4087 3106 4130 morte
3136 4079 3202 4130 ⁸⁷.
3252 4079 3320 4132 Ει
3346 4095 3530 4149 egres-

1957 4180 2051 4218 sus
2100 4174 2251 4219 extra
2296 4165 2624 4231 Jerusalem,
2667 4177 2920 4221 mortuus
2952 4178 3036 4221 est
3084 4177 3309 4237 propter
3340 4179 3526 4238 proto-

280 4263 450 4326 Quam
480 4262 712 4331 pulchre
740 4261 954 4317 imitata
977 4262 1201 4331 gentilis
1229 4261 1316 4314 illa
1348 4260 1611 4324 Ecclesia,
1638 4260 1857 4329 sapien-
1886 4245 1931 4299 Ῑ)
1959 4254 2191 4323 plastum
2212 4256 2306 4325 qui
2325 4265 2555 4310 mortem
2574 4255 2923 4323 subierat,ex
2948 4256 3109 4310 horto
3130 4271 3407 4325 egressus.
3433 4259 3529 4319 Est.

284 4354 489 4408 tissima
534 4352 901 4411 Samaritana.
939 4368 1062 4423 qua:
1097 4368 1352 4423 quzerens
1393 4351 1856 4421 quemadmodum

283 4448 424 4501 Deus
444 4447 516 4502 sit
539 4446 873 4508 adorandus,
893 4455 1047 4500 sexta
1073 4445 1206 4499 hora
1230 4445 1295 4498 ad
1320 4444 1600 4499 Christum
1626 4443 1860 4497 accessit

277 4536 604 4606 jampridem
639 4536 921 4591 sedentem
956 4551 1121 4605 super
1145 4545 1372 4603 puteum
1408 4534 1634 4599 piscina:
1676 4541 1731 4587 et
1776 4533 1857 4587 la-

283 4628 452 4689 vacri,
487 4626 710 4695 quando
734 4642 855 4681 cam
883 4626 1139 4680 liberavit
1172 4641 1200 4678 a
1239 4626 1504 4680 sertitute
1532 4633 1588 4679 et
1613 4624 1682 4678 ab
1715 4639 1857 4693 aqua

281 4718 505 4773 ferenda
553 4716 882 4786 alienigenis
931 4717 1260 4779 simulacris,
1310 4732 1405 4768 seu
1445 4732 1473 4769 a
1507 4713 1758 4768 sudando
1802 4721 1857 4765 et

284 4808 582 4862 laborando
620 4808 672 4860 in
706 4808 773 4860 iis
798 4822 918 4876 «pne
964 4807 1031 4860 ad
1080 4822 1178 4861 cos
1226 4806 1544 4875 pertinent;
1592 4807 1736 4859 sicut
1768 4805 1857 4858 illa

281 4913 477 4966 aquam
508 4896 719 4951 ferebat
746 4897 1127 4951 Salnaritanis.
1162 4897 1267 4950 llas
1301 4896 1485 4950 autem
1532 4911 1724 4950 omnes
1761 4912 1858 4948 ve-

280 5004 470 5057 speras
496 4999 661 5043 sexta!
708 4988 858 5043 horae
907 4987 1035 5041 facit
1083 4988 1362 5051 Christus,
1411 4998 1639 5057 propter
1704 4987 1858 5040 illum

285 5081 560 5136 hominem
609 5081 703 5150 qui
762 5081 816 5134 in
865 5080 1118 5149 paradiso
1161 5096 1389 5134 eversus
1442 5080 1618 5133 fuerat
1668 5079 1722 5132 in
1764 5079 1854 5132 illa

284 5188 508 5243 vespera
545 5173 597 5226 in
628 5173 719 5227 illo
752 5171 1022 5241 paradiso.
1052 5171 1185 5225 Nam
1208 5180 1434 5241 propter
1460 5171 1853 5240 protoplastum

280 5264 474 5328 Adam,
506 5263 560 5316 in
583 5273 763 5316 ortum
792 5261 1058 5331 Golgotha
1089 5277 1185 5316 seu
1223 5261 1505 5321 Calvarire,
1549 5276 1776 5328 vespere
1802 5270 1858 5313 et

283 5364 431 5408 sexta
461 5356 594 5409 hora
630 5356 687 5409 in
718 5369 935 5409 crucem
964 5353 1216 5408 ascendit
1247 5359 1401 5405 sexto
1438 5351 1527 5404 die
1564 5350 1769 5415 szeculi,
1801 5352 1853 5404 in

355 5534 399 5562 ν’
434 5532 639 5587 Cnioss.
676 5553 712 5601 ι,
754 5535 835 5588 lG.
917 5534 959 5565 ⁵⁷
998 5532 1183 5586 Isiatth.
1235 5546 1377 5593 xxvz,
1421 5528 1507 5583 66.

1954 4345 2228 4412 proditus,
2268 4354 2325 4399 et
2355 4345 2412 4398 in
2444 4345 2668 4399 hortum
2718 4355 2804 4401 est
2838 4346 3139 4417 ingressus,
3184 4356 3240 4402 et
3280 4349 3334 4402 in
3382 4350 3530 4418 ligno

1930 4435 2247 4490 cruciﬁxus
2279 4444 2503 4505 propter
2533 4436 2811 4491 hominem
2844 4438 2937 4507 qui
2979 4438 3231 4507 proditus
3266 4440 3447 4495 fuerat
3474 4441 3528 4495 in

1954 4528 2135 4593 horto,
2155 4541 2210 4582 et
2230 4528 2507 4597 ingressus
2527 4537 2648 4583 erat
2665 4528 2719 4582 in
2741 4530 2962 4583 hortum
2990 4532 3180 4585 mundi
3205 4542 3265 4586 ut
3279 4547 3545 4596 vescere:

1956 4626 2044 4670 tur
2100 4618 2358 4672 omnibus
2422 4628 2679 4687 tauquam
2730 4621 2978 4675 oleribus
3022 4622 3136 4676 feni
3178 4640 3190 4676 :
3234 4624 3340 4679 fuit
3380 4625 3526 4679 enim

1956 4709 2127 4762 instar
2172 4712 2359 4765 bestite
2403 4721 2457 4765 et
2506 4729 2702 4781 expers
2759 4714 2987 4768 rationis
3040 4724 3161 4783 post
3218 4726 3525 4784 peccatum.

1956 4801 2109 4855 Unde
2145 4803 2339 4865 hortus
2388 4803 2491 4857 fuit
2535 4805 2589 4857 in
2631 4803 2913 4869 Calvaria,
2969 4807 3061 4861 ubi
3107 4808 3277 4863 Adam
3314 4810 3529 4879 iacebat

1958 4903 2226 4947 mortuus.
2269 4895 2401 4948 Illuc
2435 4911 2557 4948 cum
2599 4896 2843 4950 venisset
2884 4897 3160 4963 Christus,
3205 4900 3450 4968 pendens
3476 4902 3529 4954 in

1954 4985 2124 5055 ligno,
2165 4987 2359 5040 latroni
2402 4989 2619 5054 aperuit
2660 4991 3015 5058 paradisum;
3068 5000 3237 5045 noctu
3282 4992 3533 5047 Christus

1961 5078 2200 5132 comedit
2264 5079 2467 5132 Pascha
2518 5088 2643 5134 ante
2671 5081 3001 5149 passionem,
3052 5085 3311 5151 quoniam
3363 5085 3443 5138 sic
3480 5095 3534 5138 et

1962 5182 2125 5223 noctu
2173 5169 2412 5222 comedit
2452 5170 2646 5233 Adam,
2675 5182 2730 5225 et
2769 5182 2854 5226 est
2899 5173 3171 5242 proditus,
3214 5175 3532 5245 priusquam

1961 5260 2134 5329 aperti
2162 5272 2343 5314 essent
2367 5262 2484 5330 ejus
2508 5262 2674 5316 oculi.

2033 5350 2158 5403 Tria
2186 5350 2328 5420 ligna
2370 5362 2528 5406 erant
2573 5351 2627 5405 in
2669 5354 2957 5422 paradiso:
2992 5371 3158 5409 unum
3210 5356 3430 5426 quidem
3476 5363 3533 5410 ut
