4056 6148
415 541 522 612 945

1512 550 1592 614 IN
1636 550 2183 614 HEXAEMERON.
2205 577 2272 588 --
2294 554 2448 611 LIB.
2486 552 2614 612 VII.

3566 548 3671 613 9-36

415 666 731 714 vesceretur
763 660 964 724 homo;
999 659 1105 714 alia
1138 667 1320 714 autem
1353 662 1484 727 duo,
1514 666 1749 719 alterum
1771 666 1994 735 quidem
2026 669 2069 722 A
2097 677 2422 728 excessum;
2454 660 2660 716 Christi
2703 672 2956 727 soporem
2991 657 3045 710 in
3084 672 3252 711 cruce
3277 699 3290 723 ,
3317 656 3460 712 latus
3500 660 3678 715 nuda-

415 750 624 819 lignum
654 749 800 813 vitae,
848 751 1084 805 alterum
1133 763 1315 808 autem
1374 755 1586 825 lignum
1628 757 2000 827 cognoscendi

414 843 626 897 bonum
671 850 727 897 et
765 844 1007 898 malum:
1064 856 1355 915 prepterea
1414 851 1513 904 tria
1568 867 1789 921 quoque
1853 853 2001 922 ligna

417 932 631 987 confixa
656 944 788 988 sunt
812 934 866 989 in
888 936 1049 990 horto
1078 937 1346 1008 Golgotha
1369 957 1467 995 seu
1502 942 1796 1006 Calvarim;
1831 958 2002 997 unum

416 1024 643 1100 quidem
683 1025 891 1095 lignum
936 1028 1167 1084 latronis
1198 1032 1291 1099 qui
1338 1032 1441 1085 fuit
1485 1043 1758 1099 servatus,
1802 1045 1863 1088 ut
1904 1050 2004 1104 per

419 1120 596 1188 ipsum
622 1120 989 1189 percipiamus
1018 1137 1129 1175 non
1161 1123 1499 1178 diﬂluentem
1527 1126 1766 1180 fructum
1793 1127 2006 1180 theolo-

420 1210 542 1280 gize,
576 1211 720 1264 sicut
752 1211 841 1265 ille
876 1212 1292 1280 paradisum,et
1330 1231 1396 1269 eo
1422 1226 1708 1272 vescentes
1733 1219 2001 1284 laetemur,

421 1317 531 1355 non
590 1304 760 1356 semel
816 1304 910 1357 sed
965 1320 1184 1373 semper
1226 1322 1354 1361 eum
1419 1308 1793 1365 comedentes.
1857 1310 2005 1365 Crux

421 1391 627 1449 Christi
661 1402 746 1447 est
781 1393 991 1462 lignum
1033 1395 1180 1459 vitae,
1226 1395 1283 1448 in
1321 1412 1432 1465 quo
1460 1397 1514 1450 in
1556 1398 1725 1451 altum
1755 1399 2005 1453 sublatus

424 1479 531 1534 fuit
568 1482 763 1537 botrus
801 1495 1076 1548 maturus,
1119 1495 1175 1540 et
1210 1486 1321 1539 vita
1362 1496 1552 1541 nostra
1583 1497 1711 1541 ante
1740 1503 1843 1542 nos
1886 1487 2002 1543 visa

423 1581 510 1627 est
532 1588 822 1642 suspensa,
855 1575 1012 1645 cujus
1046 1576 1252 1630 virtute
1281 1577 1442 1631 multi
1488 1579 1654 1633 etiam
1694 1594 1762 1635 ex
1804 1595 2004 1634 monu-

426 1665 649 1728 mentis,
699 1665 980 1731 vivificati,
1037 1675 1168 1722 sunt
1224 1669 1469 1724 excitati.
1523 1669 1757 1741 Li'gnum
1819 1680 2003 1726 autem

428 1757 798 1825 cognoscendi
834 1759 1041 1813 bonum
1077 1769 1133 1814 et
1163 1761 1391 1824 malum,
1420 1761 1525 1815 fuit
1567 1778 1702 1816 crux
1748 1762 2004 1832 blasphe-

426 1848 651 1910 mantis,
696 1865 820 1919 quae
863 1849 917 1904 in
950 1851 1155 1906 bonum
1203 1854 1425 1923 quidem
1473 1854 1552 1907 illi
1581 1853 1684 1908 fixa
1724 1854 1928 1920 fuerat,
1956 1850 2002 1911 si

428 1937 726 2004 voluisset;
765 1940 820 1994 in
850 1942 1054 1995 malum
1085 1953 1269 1997 autem
1297 1945 1376 1999 illi
1420 1945 1608 2009 cessit,
1640 1961 1768 2001 cum
1798 1930 2003 2002 temere

428 2027 499 2080 ab
520 2027 740 2098 ingrato
786 2032 970 2086 animo
1017 2026 1260 2104 linguam
1298 2036 1656 2103 extendisset,
1701 2045 1757 2092 et
1783 2055 1885 2107 pro
1909 2040 2005 2092 Dei
2041 2009 2083 2063 Β

432 2116 748 2173 laudatione
808 2121 980 2175 Deum
1044 2123 1505 2193 blasphemasset,
1542 2138 1599 2182 et
1675 2128 2009 2183 comedisset

432 2216 665 2261 mortem
692 2209 759 2262 ad
800 2210 1106 2268 interitum.
1145 2213 1280 2269 Tres
1315 2217 1393 2269 rei
1426 2227 1730 2286 peccarunt
1768 2220 1821 2272 in
1847 2236 2008 2288 para-

433 2297 575 2360 diso,
619 2297 813 2362 Adam,
855 2309 910 2362 et
953 2300 1083 2365 Eva,
1136 2312 1192 2358 et
1236 2319 1483 2374 serpens,
1531 2322 1599 2361 ex
1649 2308 1852 2377 quibus
1898 2310 2010 2364 duo

434 2387 657 2455 quidem
687 2399 815 2444 sunt
843 2394 1068 2457 servati,
1100 2411 1240 2450 unus
1268 2404 1450 2450 autem
1488 2399 1670 2467 periit-
1768 2400 1905 2455 Cum
1935 2402 2011 2458 ita

436 2491 730 2550 propterea
762 2491 873 2538 tres
899 2486 978 2540 rei
1003 2487 1310 2556 penderent
1348 2489 1406 2543 in
1441 2488 1691 2545 Calvaria
1728 2492 2014 2561 (nomina-

438 2572 602 2626 batur
666 2575 813 2629 enim
863 2578 1032 2631 etiam
1093 2579 1385 2647 Dominus,
1454 2588 2012 2652 peccatum“,etiamsi

439 2673 666 2733 prOpter
693 2666 875 2735 ipsum
910 2683 1020 2721 non
1056 2678 1203 2724 esset
1226 2685 1355 2724 reus
1394 2686 1457 2725 ac
1497 2673 1920 2741 condemnatus,
1957 2688 2014 2733 et

438 2770 564 2809 cum
609 2771 716 2809 non
765 2767 932 2822 esset,
976 2759 1154 2813 solum
1192 2761 1424 2815 haberet
1463 2765 1612 2832 quod
1660 2766 2010 2840 diceretur),

444 2862 586 2901 unus
641 2848 782 2902 latro
827 2850 1094 2921 ingratus,
1141 2868 1268 2906 cum
1317 2864 1465 2908 esset
1507 2864 1666 2926 typus
1710 2858 1915 2915 diaboli
1962 2870 2016 2916 et

439 2941 716 3009 serpentis
744 2951 798 2996 et
828 2942 984 2998 Juda:
1022 2945 1115 3013 qui
1146 2960 1205 2999 se
1240 2945 1465 3016 inligno
1490 2950 1800 3015 sutl'ocavit,
1827 2953 2013 3021 periit.

441 3031 577 3085 Nam
611 3033 893 3102 quomodo
945 3036 1213 3104 scriptum
1260 3034 1346 3092 est
1389 3041 1539 3109 quod
1580 3041 1708 3097 dolo
1751 3044 2018 3116 deceptus

439 3133 528 3178 est
551 3124 745 3183 Adam.
766 3126 844 3180 ita
870 3126 1035 3181 etiam
1060 3127 1232 3183 Judas
1263 3132 1453 3186 osculo
1486 3140 1542 3186 et
1571 3135 1699 3189 dolo
1729 3135 1853 3191 fecit
1884 3155 2018 3210 pro-

442 3215 713 3272 ditionem
747 3234 762 3271 :
792 3226 849 3273 et
883 3220 1160 3288 quomodo
1190 3222 1400 3278 dictum
1440 3236 1523 3282 est
1569 3229 1714 3297 quod
1762 3231 2018 3290 diabolus

2103 761 2220 807 tum
2271 753 2339 807 ad
2390 751 2871 814 vulnerationem;
2927 748 3285 803 nudationem
3345 760 3469 819 post
3524 766 3679 807 esum

2102 844 2317 906 Adami,
2349 855 2404 898 et
2429 843 2788 897 nudatiouem
2817 849 2941 910 post
2979 856 3193 895 coenam
3224 841 3429 895 Christi
3456 860 3469 894 :
3505 852 3684 899 vestes

2101 935 2249 989 enim
2288 933 2862 1003 exuit;proditionem
2901 947 2999 1000 per
3032 941 3369 999 serpentem,
3417 941 3474 985 et
3499 934 3687 1002 prodi.

2104 1027 2313 1080 tionem
2352 1041 2450 1095 per
2480 1024 2651 1078 filium
2678 1022 2883 1092 viperae
2917 1022 3279 1091 discipulum;
3316 1038 3600 1092 vesperam
3628 1024 3683 1078 in

2103 1133 2209 1187 qua
2241 1132 2299 1171 se
2328 1114 2675 1170 abscondunt
2724 1130 2755 1167 a
2786 1114 2896 1166 Deo
2925 1112 3269 1181 protoplasti,
3298 1119 3353 1166 et
3398 1128 3684 1181 vesperam

2104 1210 2159 1264 in
2207 1224 2312 1278 qua
2372 1208 2516 1262 Deus
2554 1206 2749 1260 Adami
2809 1213 2974 1275 caput
3021 1204 3334 1259 Calvarium
3375 1206 3683 1275 subjectum

2103 1309 2423 1356 exsecratur
2454 1309 2515 1353 ut
2548 1299 2688 1354 ferat
2729 1297 2916 1368 spinas
2970 1312 3094 1351 cum
3129 1297 3371 1361 tribulis,
3419 1307 3476 1352 et
3499 1296 3686 1366 spinas

2105 1395 2161 1450 in
2185 1393 2365 1464 capite
2395 1392 2648 1456 Christi;
2687 1389 2983 1444 tristitiam
3027 1389 3083 1441 in
3122 1387 3406 1457 pariendis
3453 1386 3600 1451 filiis,
3632 1395 3690 1440 et

2107 1487 2387 1542 tristitiam
2434 1484 2861 1539 conturbantem
2889 1480 3098 1536 Christi
3136 1480 3375 1534 animam
3408 1495 3573 1550 usque
3620 1479 3689 1531 ad

2104 1589 2329 1634 mortem
2359 1580 2404 1611 ⁸³
2437 1578 2736 1644 ;sudorem
2789 1576 2918 1647 pani
2977 1575 3279 1630 immistum
3315 1588 3441 1627 cum
3474 1572 3686 1632 labore,

2106 1672 2369 1727 sudorem
2415 1680 2675 1741 tanquam
2725 1684 2948 1739 grumos
2973 1676 3089 1723 aut
3121 1674 3308 1738 guttas
3366 1664 3689 1734 sanguinis;

2105 1758 2480 1834 rhomphaaam
2502 1762 2883 1817 obstruentem
2907 1760 3216 1830 ingressum
3232 1757 3427 1822 Edem,
3440 1768 3499 1813 et
3515 1756 3696 1818 rhonio

2105 1856 2318 1926 phaeam
2347 1855 2688 1924 aperientem
2718 1854 2862 1906 latus
2890 1851 3114 1905 Christi.
3164 1849 3278 1903 Nec
3328 1849 3446 1903 haec
3488 1849 3690 1910 solum,

2106 1948 2203 2003 sed
2258 1946 2708 2002 etiam'duorum
2755 1943 3021 2013 quasdam
3083 1940 3481 1996 similitudines
3533 1939 3694 1995 :illic

2108 2038 2390 2093 diabolum
2420 2047 2474 2092 et
2504 2044 2838 2105 serpentem,
2874 2034 2986 2091 hic.
3024 2033 3259 2087 Pilatum
3288 2039 3344 2089 et
3382 2029 3647 2100 Caipham
3675 2046 3691 2093 ;

2110 2133 2240 2185 hinc
2274 2140 2330 2185 et
2356 2130 2488 2183 hinc
2508 2129 2779 2184 Adamum
2800 2136 2856 2181 et
2882 2127 3073 2189 Evam,
3102 2134 3157 2179 et
3183 2123 3427 2178 medium
3450 2123 3691 2194 lignum;

2109 2234 2165 2279 et
2222 2225 2313 2280 hic
2362 2224 2837 2293 blasphemantem
2892 2221 3025 2275 hinc
3083 2219 3389 2283 latronem;
3434 2227 3492 2272 et
3540 2216 3694 2271 illine

2109 2318 2300 2383 alium,
2348 2318 2520 2371 Deum
2570 2314 2907 2378 laudantem,
2946 2322 3003 2367 et
3043 2311 3286 2367 medium
3335 2310 3566 2380 lignum,
3598 2308 3693 2364 sed

2109 2411 2325 2476 crucis;
2359 2419 2415 2464 et
2464 2409 2850 2463 indumentum
2887 2407 3002 2460 illic
3029 2407 3103 2459 Tex
3153 2404 3279 2469 ficu,
3315 2412 3371 2458 et
3402 2403 3490 2456 hic
3515 2402 3697 2457 lindu-

2112 2511 2357 2557 mentum
2379 2516 2448 2554 ex
2470 2500 2673 2565 linteo;
2698 2506 2756 2552 et
2775 2506 2909 2552 tunc
2930 2496 3196 2567 quietem,
3223 2505 3281 2549 et
3299 2494 3696 2548 sabbatismum

2112 2595 2205 2650 hic
2235 2593 2541 2664 perfectum
2566 2610 2579 2644 :
2601 2591 2742 2645 duas
2762 2590 2909 2645 enim
2938 2587 3153 2658 quietes
3181 2585 3445 2641 docemur
3467 2584 3698 2640 exlibm

2113 2685 2399 2755 proposito
2437 2683 2531 2753 qui
2574 2681 2780 2736 dicitur
2829 2679 3097 2733 Mosaicus
3139 2695 3151 2730 :
3198 2677 3265 2730 Et
3300 2676 3517 2747 perfecit
3557 2674 3697 2728 Deus

2113 2779 2169 2831 in
2194 2780 2287 2830 hoc
2310 2777 2393 2829 die
2417 2791 2576 2846 opera
2593 2791 2688 2828 sua
2713 2788 2830 2843 qua)
2858 2772 2998 2842 fecit.
3024 2770 3287 2837 Quaedam
3307 2776 3489 2823 autem
3514 2783 3699 2821 exem-

2116 2869 2286 2939 plaria
2325 2868 2550 2932 habent,
2602 2880 2718 2935 qua;
2763 2866 2879 2934 fecit
2919 2863 3056 2917 Deus
3102 2877 3261 2932 super
3299 2869 3520 2914 terram.
3576 2859 3701 2914 llaze

2115 2969 2200 3016 est
2227 2960 2403 3031 prima
2422 2960 2602 3028 quies,
2626 2957 2755 3012 audi
2785 2957 2950 3012 etiam
2975 2954 3297 3011 secundam.
3329 2953 3524 3007 Statim
3551 2952 3697 3006 enim

2117 3052 2293 3107 dicit:
2326 3050 2395 3107 Et
2437 3051 2629 3122 quievit
2680 3049 2819 3103 Deus
2856 3051 2914 3102 in
2955 3049 3038 3102 die
3084 3049 3303 3117 septimo
3353 3048 3417 3102 ab
3463 3047 3699 3101 omnibus

2118 3144 2354 3215 operibus
2371 3144 2477 3196 suis
2492 3157 2610 3212 qua:
2632 3142 2750 3212 fecit
2765 3159 2783 3207 ;
2798 3142 3059 3195 benedixit
3083 3140 3222 3194 Deus
3249 3140 3385 3193 diem
3399 3139 3698 3209 septimum.

2120 3245 2167 3290 et
2199 3233 2552 3302 sanctiﬁcavit
2586 3250 2725 3299 eum,
2760 3234 3009 3303 quoniam
3032 3234 3086 3286 in
3113 3248 3171 3285 eo
3205 3232 3400 3300 quievit
3441 3230 3504 3284 ab
3529 3232 3699 3284 omni-

440 3307 722 3377 ingressus
746 3318 830 3365 est
849 3315 1272 3381 serpentem,ita
1293 3317 1459 3371 etiam
1483 3320 1747 3390 scriptum
1770 3325 2017 3394 estquod
2045 3343 2086 3399 ο
2123 3330 2216 3384 bus
2259 3327 2498 3399 operibus
2527 3328 2638 3380 suis
2680 3341 2797 3395 qua:
2848 3332 3075 3395 eceperat
3122 3323 3278 3376 Deus.
3312 3321 3368 3376 Si
3396 3337 3527 3391 ergo
3557 3322 3703 3375 Deus

442 3399 561 3467 ipse
592 3400 823 3457 Satanas
851 3402 1081 3458 intravit
1113 3405 1170 3460 in
1205 3422 1299 3461 cor
1327 3408 1482 3463 Judae
1504 3411 1764 3482 discipuli
1789 3414 2015 3470 Christi.

442 3490 569 3546 Fuit
624 3502 808 3548 autem
857 3495 1158 3565 aliquando
1207 3506 1429 3569 quoqbc
1483 3503 1713 3559 Satanas
1759 3506 1815 3560 in
1863 3510 2019 3565 caelis

441 3583 753 3654 discipulus
776 3585 985 3642 Christi
1042 3605 1169 3645 cum
1217 3594 1432 3647 caeteris
1476 3597 1689 3652 sanctis
1730 3598 2021 3670 discipulis

443 3682 605 3744 (cum
632 3680 1183 3751 angelicis,inquam,
1211 3684 1580 3759 Virtutibus);
1606 3690 1702 3744 sed
1735 3702 1853 3746 erat
1878 3711 2020 3750 unus

440 3782 509 3820 ex
537 3768 909 3840 principibus.
956 3772 1030 3825 De
1061 3788 1128 3827 eo
1153 3774 1303 3829 enim
1331 3776 1539 3831 dictum
1570 3788 1655 3833 est
1681 3795 1694 3831 :
1726 3779 1820 3834 Vos
1845 3791 2020 3837 autem

439 3863 575 3915 sicut
614 3864 849 3919 homines
884 3865 1199 3931 moriemini,
1240 3876 1288 3920 et
1322 3877 1579 3939 tanquam
1608 3887 1743 3927 unus
1774 3876 1838 3926 de
1870 3878 2022 3944 prin-

442 3954 640 4024 cipibus
684 3957 880 4011 cadetis
928 3960 993 4011 δ’.
1044 3959 1409 4026 Quamobrem
1449 3962 1619 4016 Judas
1652 3981 1871 4035 quoque
1903 3976 2024 4022 erat

446 4062 591 4100 unus
617 4062 685 4101 ex
717 4048 949 4103 summis
970 4048 1284 4119 discipulis;
1337 4050 1484 4106 inter
1524 4068 1665 4121 quos
1711 4055 1764 4108 ei
1799 4070 2023 4126 quoque

444 4138 809 4195 creditum-et
827 4142 882 4194 in
909 4156 1105 4197 manus
1127 4143 1317 4197 datum
1353 4142 1534 4197 fuerat
1561 4147 1923 4215 marsupium.
1955 4148 2024 4204 Et

446 4243 514 4282 ne
559 4229 749 4284 eadem
780 4231 1029 4289 dicamus
1059 4250 1181 4303 qua:
1236 4235 1334 4304 (ut
1364 4235 1573 4291 dictum
1618 4237 1740 4309 est)
1786 4239 2024 4297 diximus

447 4321 502 4374 in
533 4321 760 4391 mystica
790 4324 1109 4392 passionum
1149 4324 1356 4379 Christi
1404 4328 1891 4397 contemplatione,
1927 4332 2022 4401 qui

447 4413 697 4468 studiose
746 4415 979 4470 audiunt
1010 4432 1139 4472 eum
1180 4419 1275 4487 qui
1320 4418 1478 4489 jubet
1517 4426 1572 4473 et
1600 4419 1737 4475 dicit
1771 4439 1783 4475 :
1814 4398 2069 4477 δεινὼ-Ἴ

446 4504 579 4559 mini
621 4502 1008 4576 Scripturas“,
1044 4509 1320 4577 accipiant
1368 4511 1425 4563 in
1460 4524 1657 4566 manus
1699 4511 1871 4567 libros
1899 4514 2024 4569 coeli

446 4607 503 4654 et
529 4609 709 4663 terrae,
736 4607 792 4653 et
824 4600 992 4654 alium
1018 4602 1113 4670 qui
1147 4601 1284 4656 dicit
1311 4620 1322 4655 :
1345 4601 1497 4656 Liber
1526 4605 1879 4672 generationis
1900 4605 2024 4659 Iesu

2119 3419 2332 3489 quievit
2359 3417 2424 3483 'in
2455 3415 2545 3471 die
2581 3415 2818 3484 septimo
2860 3413 2929 3467 ab
2970 3410 3233 3465 omnibus
3288 3409 3551 3478 operibus
3587 3407 3701 3460 suis

2120 3528 2242 3583 quae
2272 3511 2423 3575 fecit,
2470 3506 2749 3579 quomodo
2795 3506 2931 3560 dicit
2971 3513 3158 3574 postea
3194 3501 3359 3572 quod.
3385 3502 3531 3554 Deus
3570 3500 3700 3553 oriri

2121 3606 2242 3676 fecit
2308 3603 2491 3671 adhuc
2552 3616 2616 3654 ea:
2666 3605 2810 3651 terra
2850 3612 3002 3651 omne
3048 3593 3586 3665 lignum'pulchrum
3633 3591 3702 3643 ad

2120 3693 2398 3748 videndum
2444 3699 2494 3743 et
2548 3690 2741 3743 bonum
2800 3687 2870 3739 ad
2902 3680 3297 3744 comedendum,
3345 3690 3394 3735 et
3442 3681 3703 3749 pluntai‘it

2122 3781 2454 3853 paradisum,
2479 3789 2525 3831 et
2571 3777 2728 3845 ﬁnxit
2771 3776 2908 3829 Deus
2957 3791 3019 3828 ea:
3082 3783 3227 3826 terra
3276 3788 3457 3825 omnes
3512 3771 3701 3823 bestias

2124 3874 2261 3943 agri,
2289 3881 2337 3925 et
2357 3886 2533 3924 omnes
2556 3868 2788 3922 volucres
2822 3866 2935 3921 ειειί
2952 3867 2976 3919 ?
3003 3867 3077 3920 De
3103 3864 3323 3921 Christo
3348 3878 3481 3933 ergo
3510 3876 3702 3915 rursus

2121 3976 2205 4022 est
2242 3963 2680 4035 intelligendum.
2730 3961 2948 4016 Etenim
2987 3962 3042 4014 in
3071 3968 3226 4015 sexto
3255 3959 3345 4014 die
3395 3957 3606 4028 quievit
3634 3958 3702 4010 ab

2123 4052 2381 4113 omnibus
2422 4054 2685 4126 operibus
2734 4053 2851 4109 suis
2902 4068 3024 4123 quae
3071 4051 3203 4107 fecit
3249 4067 3418 4120 super
3460 4059 3658 4105 terram
3687 4062 3707 4113 ,‘

2124 4163 2288 4204 carne
2316 4163 2416 4217 pro
2453 4146 2614 4201 nobis
2649 4153 2924 4202 mortuus.
2967 4143 3107 4199 Cum
3154 4151 3339 4197 autem
3386 4152 3534 4196 esset
3572 4155 3705 4211 pro-

2125 4241 2310 4296 fectus
2329 4239 2396 4294 ad
2429 4238 2658 4308 spiritus
2673 4236 2769 4307 qui
2795 4245 2952 4290 erant
2976 4236 3031 4290 in
3070 4250 3295 4290 carcere
3332 4232 3555 4297 inferni,
3593 4232 3707 4286 illic

2123 4332 2255 4388 fecit
2288 4331 2472 4386 omnia
2507 4344 2676 4400 opera
2712 4328 2798 4384 sui
2835 4329 3108 4383 adventus
3137 4341 3259 4397 quae
3293 4333 3558 4394 cmperat.
3593 4322 3707 4377 Hoc

2124 4433 2210 4481 est
2241 4425 2399 4494 quies
2434 4423 2695 4477 secunda.
2739 4421 2913 4489 Quem
2956 4420 3181 4491 quidem
3223 4418 3370 4473 diem
3410 4417 3706 4486 septimum

2128 4518 2145 4587 (
2169 4524 2228 4571 ut
2256 4515 2351 4585 qui
2376 4514 2449 4569 sit
2470 4517 2757 4581 creaturae)
2792 4511 3051 4566 salutaris
3075 4521 3131 4566 et
3154 4519 3380 4565 sanctus
3403 4505 3704 4571 benedixit,

2126 4605 2387 4675 quoniam
2410 4602 2465 4658 in
2488 4619 2555 4659 eo
2581 4602 2791 4672 quievit
2822 4602 2892 4656 ab
2918 4601 3177 4657 omnibus
3198 4600 3460 4671 operibus
3487 4598 3623 4654 suis.
3646 4598 3707 4653 In

448 4692 643 4747 Christi
673 4694 737 4758 ⁶¹,
756 4694 1025 4747 creatoris
1051 4695 1176 4749 coeli
1205 4704 1262 4750 et
1288 4702 1466 4760 terra,
1501 4704 1566 4751 et.
1592 4696 1709 4750 illic
1735 4696 2026 4767 diligenter
2056 4679 2104 4737 Ῑ)
2128 4713 2196 4753 eo
2214 4696 2363 4752 facta
2387 4704 2471 4751 est
2503 4695 2654 4750 salus
2686 4695 2757 4749 iis
2791 4694 2886 4764 qui
2930 4703 3091 4749 erant
3112 4693 3220 4750 sub
3258 4701 3426 4757 terra,
3465 4691 3608 4758 sicut
3638 4689 3707 4745 iis

451 4792 772 4854 reputantes
806 4801 929 4854 qua:
968 4785 1023 4839 in
1058 4786 1162 4842 boc
1210 4786 1300 4841 die
1331 4787 1486 4843 facta:
1522 4797 1651 4843 sunt
1681 4790 1735 4843 in
1772 4791 2027 4860 paradiso

450 4889 696 4948 tempore
740 4879 902 4948 primi
952 4878 1169 4944 Adami,
1212 4887 1268 4933 et
1300 4895 1421 4948 qua:
1460 4880 1603 4935 facta
1658 4890 1787 4936 sunt
1836 4883 1889 4937 in
1935 4884 2028 4938 illo

448 4976 605 5024 sexto
661 4970 750 5024 die
793 4971 851 5024 in
897 4970 1154 5040 passione
1204 4970 1430 5025 secundi
1480 4972 1698 5037 Adami,
1750 4973 2032 5029 invenient

447 5062 728 5133 sigillatim
750 5071 806 5116 et
833 5064 973 5117 citra
1002 5063 1281 5118 defectum
1309 5064 1493 5119 omnia
1521 5065 1686 5118 simili
1721 5067 1885 5120 modo
1910 5083 2032 5121 esse

447 5154 506 5208 in
528 5154 800 5223 utrisque,
866 5156 1039 5209 Adam
1086 5156 1345 5226 primum,
1375 5166 1455 5215 ,et
1502 5157 1675 5211 Adam
1722 5156 2033 5212 secundum.

445 5245 674 5299 hortum
721 5246 982 5314 paradisi,
1042 5255 1098 5301 et
1129 5247 1351 5301 hortum
1400 5248 1457 5301 in
1495 5263 1606 5317 quo
1651 5257 1902 5303 versatus
1944 5260 2028 5305 est

445 5337 725 5394 Christus.
758 5339 873 5393 Illic
900 5339 1354 5403 inobedicntiam,
1391 5349 1446 5394 et
1485 5340 1575 5395 hic
1598 5341 1748 5394 auris
1773 5352 2028 5410 amputa-

448 5430 679 5489 tionem,
704 5429 852 5484 illam
875 5430 1097 5499 quidem
1120 5448 1217 5500 per
1237 5433 1656 5501 protoplastnm,
1686 5432 1826 5486 hanc
1844 5441 2027 5487 autem

447 5534 549 5588 per
570 5534 699 5574 eum
730 5520 823 5588 qui
861 5529 1011 5575 tenet
1044 5521 1277 5589 primam
1312 5523 1536 5587 sedem;
1569 5523 1714 5591 ligna
1740 5538 1862 5592 qum
1896 5531 2027 5578 sunt

451 5606 507 5665 in
537 5608 821 5679 paradiso,
866 5618 925 5664 et
968 5610 1115 5679 ligna
1139 5627 1260 5680 qum
1292 5612 1345 5665 in
1388 5611 1674 5682 Colgotha,
1713 5628 1808 5667 seu
1841 5612 2031 5667 Calva-

454 5697 569 5764 ria;
607 5713 762 5752 esum
792 5699 845 5753 in
882 5699 1157 5769 paradiso,
1178 5708 1235 5756 et
1269 5702 1516 5763 esumin
1561 5717 1717 5755 cmna
1750 5702 1976 5772 mystica
2014 5720 2027 5765 ;

455 5789 653 5845 Αὐξιῐηί
685 5804 940 5859 saporem
964 5791 1327 5847 adducentem
1367 5794 1423 5846 in
1456 5795 1715 5848 cxstasim
1750 5804 1806 5848 et
1831 5795 2031 5849 tuentis

528 5969 574 6000 ³³³
607 5969 650 6025 ll
674 5970 801 6023 Cor.
838 5988 888 6035 v,
913 5972 1003 6025 τῃ.
1081 5974 1124 6003 δέ
1161 5973 1302 6027 I’sal.
1338 5989 1512 6039 Lxxvl,
1542 5973 1592 6027 7.

1672 5976 1715 6043 ’ζο
1751 5974 1904 6028 Joan.
1952 5991 2000 6040 v,
2032 5973 2120 6029 59.

2127 4789 2223 4859 qui
2251 4796 2411 4843 erant
2436 4803 2604 4856 super
2637 4794 2859 4841 terram.
2894 4787 2951 4841 In
2978 4802 3046 4841 eo
3076 4784 3294 4855 spoliati
3325 4792 3454 4839 sunt
3483 4780 3705 4837 inferni.

2127 4882 2188 4937 In
2218 4896 2285 4936 eo
2317 4880 2587 4934 liberatus
2616 4889 2701 4934 est
2732 4877 2978 4933 Adamus
3029 4893 3095 4931 ex
3140 4875 3499 4931 maeroribus.
3538 4874 3595 4928 In
3640 4889 3708 4927 eo

2130 4974 2445 5030 dominatus
2460 4981 2545 5027 est
2568 4970 2824 5027 Christus
2861 4970 3094 5024 mortuis
3116 4970 3262 5023 sicut
3281 4976 3340 5023 et
3362 4968 3523 5021 vivis.
3553 4966 3708 5019 'l'unc

2133 5081 2165 5120 a
2192 5079 2356 5119 cruce
2384 5063 2686 5117 ambulavit
2715 5062 2769 5115 in
2793 5060 3042 5123 vestigiis
3072 5059 3278 5131 abyssi.
3299 5059 3547 5128 Cumque
3578 5058 3710 5111 illuc

2131 5155 2527 5219 descendisset,
2567 5163 2697 5209 tunc
2722 5154 2771 5209 ei
2809 5162 2959 5208 metu
2989 5160 3191 5221 apertae
3216 5158 3345 5204 sunt
3364 5157 3536 5218 porta:
3560 5164 3708 5201 mor-

2131 5248 2233 5310 tis,
2263 5255 2394 5301 tune
2416 5256 2649 5301 mortem
2674 5256 2759 5300 est
2778 5252 3077 5307 scrutatus,
3099 5254 3229 5297 tunc
3252 5240 3493 5311 alligavit
3525 5247 3709 5309 tyran~

2131 5354 2286 5402 num,
2327 5351 2456 5392 tunc
2487 5337 2714 5406 perfecit
2736 5352 2903 5405 opera
2931 5351 3029 5389 sua
3062 5343 3287 5403 propter
3318 5338 3440 5398 qua:
3466 5328 3705 5383 advene-

2130 5437 2231 5483 rat.
2264 5428 2322 5482 ln
2352 5429 2458 5483 hoc
2495 5427 2585 5482 die
2611 5427 2846 5496 septimo
2880 5424 3151 5494 requievit
3185 5422 3255 5477 ab
3280 5419 3539 5475 omnibus
3570 5434 3701 5487 opev

2126 5524 2282 5579 ribus
2310 5524 2444 5588 suis,
2497 5538 2622 5577 cum
2668 5520 3055 5575 resurrexissct
3084 5533 3193 5572 uno
3225 5515 3611 5580 Sabbatorum,
3650 5525 3707 5572 et

2127 5630 2251 5669 eum
2278 5614 2668 5675 benedixisset,
2699 5609 2961 5680 quoniam
2997 5620 3154 5663 sexto
3182 5607 3405 5678 quidem
3444 5605 3535 5661 die
3577 5622 3705 5672 per-

2126 5704 2258 5757 fecit
2286 5703 2472 5757 omnia
2505 5717 2673 5771 opera
2698 5716 2795 5754 sua
2832 5715 2954 5769 quae
2984 5707 3142 5753 erant
3166 5694 3461 5752 creationis
3487 5712 3502 5760 ;
3545 5696 3704 5763 quie-

2126 5794 2430 5849 scitantem
2460 5795 2513 5847 in
2534 5792 2768 5862 septimo
2794 5791 2885 5845 die
2923 5790 3132 5851 smcuii,
3169 5788 3239 5842 ab
3274 5786 3534 5841 omnibus
3569 5799 3715 5855 ope-n

2201 5975 2238 6002 ’τι
2288 5971 2475 6026 Matth.
2512 5988 2546 6037 ι,
2593 5971 2634 6025 l.
2716 5970 2757 5999 ⁶²
2791 5967 2980 6022 Matth.
3018 5982 3160 6031 xxvx,
3194 5963 3285 6020 58.
