4056 6148
330 579 431 642 94³7

1533 566 1594 625 S.
1635 563 2030 625 ANASTASII
2074 561 2250 622 SENA
2260 559 2404 619 ΙΤλλΕ

2438 493 2444 519 ι

3485 536 3587 599 948

334 686 491 740 ribus
513 680 628 736 suis
663 684 895 749 (nempe
932 669 1374 745 praedicationis)
1413 685 1535 739 quae
1566 669 1737 738 coepit
1765 670 1910 723 Deus
1942 674 1981 727 Α
2014 668 2383 737 impietatem.
2412 664 2545 717 Nam
2577 678 2620 716 sn
2675 659 3038 731 corporaliter
3073 652 3442 722 intelligamus
3491 642 3584 699 Dei

334 778 515 832 facere
546 772 602 825 in
640 776 795 824 sexto
831 766 922 820 die
961 764 1171 830 saeculi,
1216 761 1308 832 qui
1339 760 1561 831 quidem
1592 770 1679 813 est
1702 768 1758 812 et
1788 757 1912 811 finis

334 870 392 917 et
432 857 768 931 principium
812 853 1101 922 utriusque
1134 850 1452 906 creationis.
1505 849 1580 902 De
1614 856 1812 902 caetero
1845 860 1913 900 ne

337 970 396 1009 se
425 953 634 1023 jacteut
663 957 718 1003 et
742 960 968 1017 magnos
988 944 1215 1015 spiritus
1244 943 1560 1013 concipiant
1595 942 1917 997 adoratores

338 1045 582 1109 Sabbati,
606 1053 663 1099 et
684 1042 907 1098 Sabbati
934 1050 1218 1095 voratores
1242 1038 1438 1094 Judaei.
1462 1039 1581 1093 Non
1606 1037 1752 1092 enim
1783 1037 1917 1090 illud

341 1137 641 1193 Sabbatum
676 1134 959 1189 benedixit
996 1134 1142 1187 Deus
1192 1133 1339 1202 quod
1392 1139 1510 1185 erat
1543 1131 1600 1184 in
1643 1129 1919 1199 principio

341 1227 639 1285 creationis
667 1245 681 1281 :
709 1242 823 1280 non
865 1225 1015 1280 enim
1061 1225 1119 1278 in
1171 1240 1238 1279 eo
1286 1222 1501 1294 quievit
1545 1222 1615 1276 ab
1658 1221 1919 1274 omnibus

341 1318 611 1389 operibus
673 1317 817 1385 suis,
875 1316 933 1371 Si
983 1323 1166 1370 autem
1211 1315 1267 1369 in
1305 1328 1373 1369 eo
1405 1329 1523 1368 non
1561 1311 1797 1383 quievit,
1837 1319 1921 1364 est

342 1409 695 1480 perspicuum
734 1407 885 1478 quod
913 1406 966 1462 ei
1008 1423 1119 1461 non
1160 1405 1465 1465 benedixit.
1510 1401 1726 1458 etiamsi
1761 1401 1832 1455 ob
1858 1416 1922 1454 ea

344 1518 465 1570 qua:
488 1501 749 1556 dicuntur
772 1499 1044 1555 irascatur
1074 1498 1298 1553 Iudaeus
1341 1497 1535 1552 dicens
1564 1494 1709 1565 quod
1739 1494 1795 1547 in
1823 1492 1924 1546 illo

346 1594 432 1648 die
460 1594 694 1663 septimo
711 1594 857 1648 Deus
881 1592 1093 1662 quievit
1122 1591 1190 1645 ab
1218 1589 1476 1644 omnibus
1503 1586 1763 1657 operibus
1786 1584 1922 1639 suis.

347 1684 486 1738 Eum
502 1692 685 1738 autem
707 1685 913 1739 refellit
934 1693 990 1738 et
1016 1683 1066 1739 ei
1092 1699 1154 1737 os
1178 1682 1419 1760 obstruit
1436 1681 1619 1733 divina
1644 1678 1925 1747 Scriptura

350 1777 541 1831 dicens
586 1777 735 1847 quod
771 1787 894 1847 post
931 1777 1224 1845 septimum
1263 1774 1409 1829 diem
1454 1773 1599 1826 Deus
1640 1772 1771 1824 oriri
1808 1771 1927 1839 fecit

351 1887 378 1921 e
406 1879 548 1924 terra
579 1886 733 1924 omne
771 1868 972 1939 lignum
1002 1868 1301 1938 pulchrum,
1328 1873 1377 1919 et
1412 1865 1677 1937 plantavit
1704 1863 1928 1934 paradi-

351 1978 489 2026 sum,
535 1969 592 2015 et
626 1961 779 2015 ﬁnxit
809 1977 838 2015 e
882 1970 1031 2014 terra
1070 1960 1275 2015 bestias
1314 1967 1370 2012 et
1396 1959 1646 2028 jumenta
1678 1964 1733 2010 et
1766 1956 1924 2009 volu—

353 2068 495 2118 cres,
531 2060 586 2107 et
616 2051 769 2107 dedit
793 2050 1001 2106 Adamo
1032 2051 1371 2113 mandatum,
1403 2057 1456 2103 et
1490 2048 1620 2102 fecit
1640 2049 1689 2101 ei
1722 2049 1925 2099 tunicas

356 2142 621 2213 pelliceas,
669 2151 727 2198 et
787 2143 983 2197 statuit
1042 2141 1328 2197 Cherubin
1397 2140 1463 2195 ad
1506 2140 1929 2195 custodiendum

358 2236 694 2305 paradisum,
735 2246 793 2292 et
826 2236 960 2291 fecit
988 2252 1177 2291 arcum
1218 2251 1378 2289 suum
1412 2235 1469 2288 in
1506 2234 1771 2288 nubibus.
1813 2232 1931 2287 Alia

356 2345 576 2399 quoque
606 2330 841 2399 plurima
883 2343 1051 2398 opera
1090 2329 1336 2383 cernitur
1392 2326 1589 2381 fecisse
1628 2327 1773 2380 Deus
1812 2331 1935 2395 post

356 2420 679 2489 septimum,
706 2420 851 2474 sicut
895 2419 1007 2473 dixi
1052 2418 1214 2488 paulo
1243 2426 1391 2472 ante.
1439 2417 1507 2470 Et
1550 2416 1809 2486 quoniam
1837 2415 1935 2470 Ju-

357 2512 600 2568 daeorum
635 2512 815 2583 magni
849 2522 979 2566 sunt
1019 2511 1249 2579 spiritus
1289 2517 1344 2564 et
1394 2524 1590 2578 magna
1624 2507 1936 2577 arrogantia

358 2602 648 2659 adversum
695 2618 797 2657 nos
840 2602 909 2656 de
946 2602 1110 2671 vulgo
1133 2602 1341 2671 jactato
1367 2610 1423 2654 et
1457 2600 1713 2653 helluone
1743 2614 1936 2652 eorum

360 2694 598 2749 Sabbato
645 2713 659 2747 ε
706 2694 921 2749 discant
971 2693 1208 2762 imperiti
1267 2692 1411 2761 quod
1462 2706 1571 2744 non
1625 2692 1941 2744 invenimus

358 2786 531 2839 Deum
599 2785 774 2840 cuivis
830 2786 907 2839 rei
960 2784 1332 2847 benedixisse,
1389 2795 1445 2838 et
1507 2799 1697 2837 rursus
1750 2791 1940 2852 postea

361 2890 687 2929 conversum
724 2892 845 2930 eam
872 2876 1000 2930 odio
1043 2876 1301 2930 habuisse
1337 2884 1392 2930 et
1429 2884 1776 2929 exsecratum
1819 2889 1941 2927 esse

364 2967 548 3033 (sicut
586 2975 644 3022 et
668 2967 781 3022 dixi
822 2969 973 3033 alibi,
1018 2976 1073 3023 et
1111 2966 1254 3022 sicut
1301 2968 1469 3021 etiam
1515 2982 1708 3020 sumus
1741 2965 1941 3019 dicturi

364 3059 423 3112 in
447 3073 610 3128 paena
631 3057 881 3128 Adami).
922 3057 979 3113 Si
1005 3068 1189 3114 autem
1230 3059 1419 3114 sensili
1457 3059 1587 3113 huic
1610 3059 1720 3113 diei
1761 3069 1945 3113 vestro

365 3149 582 3204 sublato
630 3148 918 3203 benedixit
972 3159 1029 3203 et
1076 3165 1204 3204 eum
1249 3149 1632 3213 sanctiﬁcavit,
1668 3149 1947 3220 quomodo

367 3248 611 3296 vestrum
644 3240 756 3296 diei
789 3240 1013 3296 Sabbati
1048 3243 1260 3295 cultum
1301 3241 1555 3297 dissolvit
1584 3249 1640 3296 et
1682 3240 1945 3295 extermi-

2015 766 2292 830 praecepta
2341 772 2463 826 quae
2520 754 2801 809 mandavit
2850 768 2963 807 non
3011 750 3195 804 facere
3230 747 3287 798 in
3322 741 3587 801 Sabbato,

2014 853 2148 925 quid
2175 850 2393 906 confert
2419 848 2487 904 ad
2528 849 2634 903 hoc
2660 857 2721 903 ut
2745 848 2860 901 Deo
2881 846 3096 917 placeat
3146 841 3326 911 ignem
3362 833 3592 890 omnino

2016 963 2125 1000 non
2158 942 2467 999 accendere
2498 942 2553 995 in
2600 939 2863 1003 Sabbato,
2907 937 3004 991 sed
3055 934 3256 1003 degere
3317 929 3376 982 in
3434 934 3594 979 tene—

2019 1036 2171 1090 bris?
2202 1033 2346 1100 Quid
2375 1039 2560 1087 autem
2606 1030 2837 1101 prodest
2890 1027 3134 1082 otiosum
3164 1035 3287 1076 esse
3320 1014 3592 1072 camelum

2019 1133 2075 1183 et
2099 1128 2317 1181 asinum
2362 1133 2420 1178 et
2475 1124 2681 1177 bovem
2734 1128 2982 1175 vestrum
3040 1117 3097 1170 in
3142 1108 3421 1168 Sabbato?
3449 1103 3596 1171 Quid

2021 1231 2203 1277 autem
2239 1221 2412 1275 Deum
2433 1219 2593 1287 juvat
2626 1216 2673 1270 si
2704 1214 2928 1270 Judtcus
2962 1212 3069 1264 iter
3100 1223 3212 1261 non
3252 1199 3598 1272 ingrediatur

2022 1314 2110 1367 die
2136 1310 2400 1366 Sabbati?
2434 1309 2540 1363 Sed
2581 1308 2697 1362 hac
2741 1304 2929 1360 omnia
2992 1300 3391 1369 intelliguntur
3436 1290 3599 1362 spiri-

2027 1406 2252 1460 tualiter
2267 1411 2323 1458 et
2353 1401 2750 1470 adimplentur.
2783 1397 2918 1451 Nam
2951 1395 2995 1449 si
3038 1392 3161 1446 dies
3214 1387 3484 1457 septimus
3513 1398 3601 1437 es-

2026 1504 2107 1551 set
2143 1495 2403 1548 omnibus
2430 1492 2631 1544 diebus
2679 1486 3032 1557 praestantior
3077 1491 3133 1536 et
3185 1474 3597 1537 honorabilior,

2027 1607 2127 1645 cur
2172 1587 2338 1658 jussit
2382 1586 2529 1639 Deus
2575 1573 2903 1636 circumcidi
2932 1577 3023 1630 die
3056 1581 3255 1628 octavo
3284 1578 3476 1625 etnon
3508 1581 3597 1620 se-

2029 1681 2242 1752 ptimo?
2299 1679 2420 1733 Non
2472 1675 2646 1729 habet
2696 1672 2844 1727 enim
2899 1669 2990 1724 lex
3040 1665 3266 1722 Judaica
3298 1660 3601 1732 quidquam

2030 1772 2454 1830 circumcisione
2478 1768 2650 1839 magis
2680 1763 3079 1821 necessarium.
3112 1759 3170 1813 Si
3209 1772 3353 1811 onus
3405 1764 3604 1821 corpo-

2032 1871 2321 1940 ralejussit
2344 1870 2489 1922 Deus
2524 1882 2632 1919 non
2661 1864 2852 1918 tollere
2905 1860 2959 1914 in
3001 1857 3244 1913 Sabbato
3269 1896 3283 1918 ,
3321 1847 3604 1923 quomodo

2033 1965 2090 2018 in
2140 1960 2364 2017 Jericho
2410 1965 2623 2027 septem
2679 1954 2945 2022 deinceps
2987 1948 3106 2004 dies
3164 1955 3314 2002 totus
3368 1941 3607 2013 populus

2030 2053 2219 2116 Israel,
2282 2059 2508 2120 portans
2557 2062 2757 2102 currus
2802 2057 2933 2098 suos
2980 2049 3038 2096 et
3080 2054 3208 2093 vasa
3266 2050 3365 2090 sua
3398 2030 3608 2103 {melius

2033 2142 2209 2215 arma]
2268 2140 2621 2197 circumvivit
2673 2135 3000 2191 civitatem?
3055 2133 3114 2187 Si
3170 2127 3519 2198 corporalem
3551 2133 3609 2178 et

2035 2235 2294 2290 sensilem
2321 2233 2504 2304 ignem
2534 2229 2702 2301 jussit
2731 2230 2876 2282 Deus
2902 2240 3015 2279 non
3054 2219 3360 2278 accendere
3391 2216 3448 2269 iu
3478 2213 3611 2269 Sab—

2034 2328 2164 2383 bato
2185 2367 2199 2390 ,
2230 2302 2509 2394 quomodo
2530 2330 2655 2392 post
2675 2321 2878 2389 legem.
2902 2332 3027 2371 cum
3067 2311 3312 2367 venisset
3334 2308 3512 2361 Moses
3541 2302 3609 2357 ad

2038 2419 2343 2475 faciendam
2377 2414 2794 2484 Scenopegiam,
2829 2427 2929 2465 seu
2981 2409 3181 2462 festum
3219 2396 3610 2457 tabernaculo-

2040 2529 2185 2576 rum,
2217 2510 2281 2564 ad
2339 2506 2632 2563 duodecim
2663 2505 2930 2572 deinceps
2985 2499 3105 2553 dies
3149 2494 3431 2563 accipiens
3461 2489 3613 2544 obla-

2040 2605 2219 2659 tiones
2244 2610 2300 2656 et
2330 2597 2603 2655 sacriﬁcia
2635 2597 2989 2650 tribunorum
3018 2587 3315 2644 duodecim
3342 2583 3609 2644 tribuum,

2041 2694 2271 2764 singulis
2293 2692 2490 2746 diebus
2538 2690 2720 2759 ignem
2756 2684 3013 2741 accendit
3057 2689 3113 2736 et
3152 2671 3614 2764 obtulitisacriﬁ:

2042 2783 2163 2838 cia?
2191 2781 2311 2836 Non
2340 2795 2494 2849 ergo,
2528 2757 2581 2831 o-
2608 2775 2818 2835 Judme,
2862 2787 2975 2826 non
3013 2769 3180 2836 (sicut
3220 2774 3277 2819 tu
3306 2757 3612 2827 existimas)

2042 2872 2328 2928 benedixit
2360 2870 2504 2924 Deus
2525 2867 2799 2938 corporali
2826 2864 3089 2925 Sabbato,
3111 2858 3256 2930 quod
3286 2853 3532 2927 praeterit
3562 2860 3619 2906 et

2046 2969 2388 3037 peritetnon
2425 2964 2664 3035 amplius
2692 2969 2940 3032 apparet.
2964 2959 3154 3026 Neque
3178 2951 3417 3008 camelos
3437 2955 3493 3004 et
3514 2946 3620 3037 asi-

2046 3076 2145 3114 nos
2166 3068 2218 3113 et
2241 3059 2421 3112 mulos
2441 3056 2606 3128 jussit
2635 3054 2936 3109 Sabbatum
2956 3064 3145 3119 agere;
3164 3040 3369 3112 alioqui
3395 3054 3498 3093 nec
3513 3036 3622 3090 cir—

2047 3150 2361 3206 cumcidere
2403 3147 2659 3218 iussisset
2692 3151 2889 3198 octavo
2934 3139 3266 3204 diezneque
3322 3130 3419 3184 tibi
3444 3129 3618 3196 legem

2048 3242 2238 3297 statuit
2259 3239 2326 3294 de
2343 3252 2512 3292 onere
2536 3233 2837 3304 corporali;
2860 3245 2986 3286 nam
3002 3238 3060 3283 et
3080 3224 3320 3281 Sabbato
3352 3228 3619 3289 puerpera

368 3333 556 3388 navit?
576 3332 865 3400 Quomodo
896 3341 1141 3388 vestrum
1182 3333 1485 3387 Sabbatum
1513 3341 1597 3387 est
1625 3341 1943 3387 exsecratus
1971 3361 2013 3417 ρ
2051 3331 2192 3386 tollit
2213 3329 2480 3383 infantem
2503 3338 2665 3396 quem
2695 3324 2861 3387 lavet,
2889 3330 2944 3375 et
2967 3327 3024 3373 tu
3044 3324 3236 3388 portas
3270 3310 3444 3365 lilium
3469 3316 3620 3360 tuum

369 3440 427 3484 ιιι
455 3429 583 3483 odio
607 3429 777 3500 889
796 3429 1011 3491 habuit,
1044 3428 1238 3483 dicens
1259 3427 1419 3480 vobis
1441 3441 1539 3496 per
1570 3424 1895 3495 prophetam
1928 3441 1941 3475 :

369 3521 683 3575 Neomenias
721 3529 921 3575 vestras
962 3531 1011 3574 et
1040 3518 1271 3575 Sabbata
1315 3519 1471 3572 adivit
1511 3518 1694 3571 anima
1722 3531 1839 3569 mea
1860 3515 1948 3567 δ”.

372 3614 480 3666 iles
508 3612 620 3665 Deo
650 3627 814 3669 exosa
869 3612 1146 3683 quomodo
1183 3618 1363 3680 potest
1403 3624 1523 3663 esse
1563 3608 1788 3663 sancta?
1826 3606 1955 3660 Dies

372 3707 485 3761 Deo
509 3722 706 3763 exosus
733 3720 1025 3776 quamnam
1052 3704 1148 3759 Dei
1181 3703 1382 3772 accipit
1406 3698 1890 3756 benedictionem?

444 3800 679 3854 Pulchre
714 3807 897 3853 autem
924 3805 981 3852 et
1011 3798 1126 3851 Deo
1156 3794 1554 3850 convenienter
1593 3791 1775 3846 dixit:
1810 3790 1951 3844 Sab-

375 3891 499 3943 bata
521 3900 694 3945 vestra
724 3891 832 3944 odit
861 3889 1009 3944 Deus
1032 3897 1093 3942 ιιι
1105 3886 1337 3966 profana
1362 3893 1417 3939 et
1446 3885 1663 3953 iniqua.
1709 3882 1816 3938 Sed
1843 3896 1952 3937 non

378 3979 622 4034 Sabbata
646 3988 838 4035 nostra
862 3978 1173 4049 spiritualia
1205 3975 1404 4048 rejecit
1431 3976 1580 4029 Deus
1616 3983 1711 4029 aut
1734 3982 1820 4028 est
1853 3990 1951 4028 ex-

380 4078 652 4126 secratus.
678 4070 815 4124 Nam
842 4071 942 4124 tibi
984 4070 1208 4140 quidem
1236 4068 1430 4124 Judaso
1451 4066 1630 4136 legem
1659 4067 1787 4121 tulit
1806 4066 1956 4121 Deus

381 4165 452 4219 de
475 4165 592 4219 otio
629 4179 695 4218 ac
723 4163 1032 4219 cessatione
1089 4163 1200 4219 diei
1243 4160 1495 4225 Sabbati,
1522 4161 1589 4215 ad
1620 4159 1961 4216 convincen—

387 4259 513 4314 dam
566 4269 715 4314 tuam
762 4259 832 4313 ab
863 4273 932 4312 eo
978 4257 1350 4314 defectionem
1405 4264 1459 4311 et
1492 4255 1871 4323 iniquitatem,
1902 4261 1963 4306 ut

387 4353 482 4422 qui
510 4353 801 4423 prazsciret
837 4350 955 4406 fore
984 4357 1044 4405 ut
1075 4351 1197 4420 ejus
1223 4357 1501 4419 praecepta
1531 4363 1659 4402 non
1697 4347 1962 4401 observa-

387 4455 561 4501 reset
596 4445 744 4500 idola
762 4444 999 4506 celeres,
1032 4451 1095 4497 ut
1144 4457 1273 4497 cum
1326 4441 1543 4495 videret
1598 4440 1745 4493 Deus
1776 4438 1963 4493 colen-

387 4550 499 4593 tem
533 4538 702 4601 idola,
752 4544 810 4592 et
857 4536 1058 4591 deinde
1111 4535 1289 4589 otium
1344 4542 1598 4603 agentem
1631 4531 1876 4586 Sabbato
1910 4539 1965 4585 et

387 4628 529 4684 nihil
560 4634 990 4698 operantem,ex
1016 4635 1069 4681 te
1102 4625 1516 4681 sciscitaretur:
1549 4625 1779 4693 Propter
1798 4637 1965 4691 quam

390 4737 610 4777 causam
652 4720 896 4791 quiescis
950 4720 1192 4775 Sabbato
1221 4718 1361 4772 nihil
1394 4716 1676 4787 operaus?
1723 4714 1824 4769 Cui
1859 4731 1960 4769 ne-

391 4827 546 4867 cesse
575 4811 806 4867 habebis
822 4811 1032 4876 dicere,
1060 4810 1209 4880 quod
1243 4824 1339 4863 sex
1362 4809 1563 4863 diebus
1586 4806 1800 4861 creavit
1823 4807 1970 4861 Deus

392 4904 594 4959 «mlum
624 4911 681 4957 et
719 4912 920 4957 terram
942 4911 997 4955 ct
1029 4901 1219 4955 omnia
1248 4917 1371 4971 quae
1398 4901 1453 4953 in
1480 4900 1564 4954 eis
1590 4908 1738 4962 sunt,
1791 4899 1971 4968 septi-

394 5012 487 5052 mo
518 5003 703 5051 autem
760 4994 851 5050 die
882 4992 1110 5049 Sabbati
1161 4992 1376 5063 quievit
1426 4991 1494 5046 ab
1546 4990 1806 5045 omnibus
1836 5005 1972 5059 ope-

395 5088 551 5142 ribus
603 5086 740 5142 suis.
800 5084 884 5140 Ad
931 5100 1054 5155 qua:
1117 5084 1347 5138 omnino
1406 5080 1770 5152 respondebit
1829 5080 1973 5136 ﬁlius

399 5191 529 5234 tuus
555 5178 788 5234 dicens:
822 5178 891 5232 Et
922 5177 970 5232 si
1006 5188 1091 5232 est
1116 5177 1265 5231 Deus
1302 5183 1524 5231 creator
1550 5174 1676 5230 οωιί
1722 5183 1778 5229 et
1814 5182 1975 5229 terrm

396 5282 453 5326 et
479 5271 728 5327 omnium
756 5286 879 5341 quae
900 5268 954 5323 in
987 5269 1069 5324 eis
1094 5275 1244 5333 sunt,
1266 5272 1553 5337 oporteret
1581 5273 1634 5319 te
1657 5264 1832 5334 magis
1850 5277 1976 5317 eum

398 5366 634 5421 adorare
661 5373 718 5420 et
752 5365 937 5420 colere
959 5371 1020 5417 ut
1038 5362 1384 5425 Creatorem,
1412 5369 1471 5415 et
1514 5374 1628 5414 non
1669 5366 1980 5413 creaturas.

400 5458 528 5513 Haec
552 5466 827 5513 estcausa
881 5465 940 5511 et
970 5454 1212 5519 occasio,
1253 5461 1317 5508 ut
1366 5451 1563 5507 dicunt
1614 5451 1979 5518 interpretes,

400 5557 633 5619 propter
656 5564 824 5619 quam
849 5548 996 5603 Deus
1035 5547 1214 5617 legem
1266 5544 1393 5599 tulit
1439 5541 1649 5599 Iudaeis
1694 5538 1902 5594 acriter
1926 5545 1985 5591 et

411 5652 532 5689 eum
601 5638 766 5692 minis
818 5643 879 5691 ut
930 5643 1220 5691 cessarent
1266 5641 1325 5688 et
1384 5631 1562 5686 otium
1620 5633 1851 5697 agerent
1894 5623 1984 5677 die

409 5725 667 5791 Sabbati;
702 5735 765 5780 ut
788 5726 859 5781 de
909 5740 977 5780 eo
1008 5732 1322 5787 narrantes,
1351 5728 1409 5775 et
1445 5717 1775 5790 rogantibus
1801 5715 1983 5769 inter-

416 5824 718 5886 pretantes,
748 5816 1100 5872 inveniantur
1123 5831 1220 5870 ore
1250 5813 1475 5884 proprio
1527 5826 1685 5869 suam
1717 5821 1982 5863 accusare

491 5978 555 6010 ⁶¹’
581 5985 680 6041 lsa.
703 6002 742 6042 ι.
778 5988 862 6041 H.
940 5991 983 6020 ⁸³
1016 5989 1169 6042 Joan.
1201 6004 1308 6042 xiv.
1345 5988 1395 6040 6.

2052 3432 2109 3477 et
2136 3420 2302 3474 ﬁliam
2334 3427 2483 3472 tuam
2526 3417 2579 3470 in
2616 3412 2880 3469 humeris
2911 3409 3059 3474 tuis;
3094 3404 3241 3476 quod
3280 3398 3503 3472 quidem
3539 3409 3625 3450 εει

2053 3528 2194 3568 onus
2213 3510 2456 3573 carnale,
2491 3516 2547 3562 et
2572 3522 2683 3560 non
2711 3502 3023 3575 spirituale.

2124 3604 2319 3659 Jussus
2352 3616 2413 3654 es
2442 3607 2628 3653 autem
2674 3611 2787 3650 non
2818 3593 3001 3648 facere
3049 3604 3203 3644 omne
3260 3599 3388 3655 opus
3418 3574 3624 3645 servile,

2056 3694 2148 3749 sed
2178 3704 2519 3763 quaecunque
2553 3694 2686 3743 sunt
2718 3685 2917 3739 anima:
2946 3690 3004 3737 et
3031 3673 3370 3752 pertinentia
3400 3671 3469 3727 ad
3512 3668 3632 3723 aui-

2057 3803 2222 3841 mam.
2252 3783 2529 3840 Adesdum
2554 3793 2710 3850 ergo,
2743 3787 2799 3833 et
2844 3776 2912 3831 ad
2945 3791 3032 3829 me
3078 3773 3232 3827 disce
3264 3763 3631 3839 quemadmo-

2057 3880 2188 3934 dum
2214 3885 2363 3932 recte
2402 3883 2458 3928 et
2478 3874 2591 3927 Deo
2619 3869 3021 3926 convenienter
3046 3869 3302 3933 oporteat
3328 3868 3383 3912 te
3425 3850 3634 3909 Sabba-

2061 3983 2175 4026 tum
2194 3978 2390 4039 agere;
2421 3973 2478 4022 et
2501 3964 2798 4034 septimum
2821 3973 2976 4014 tuum
2996 3958 3142 4011 diem
3186 3954 3316 4025 (hoc
3345 3956 3429 4005 est
3468 3945 3630 4016 quie-

2063 4062 2193 4132 tem)
2222 4038 2403 4115 faccre
2440 4058 2695 4129 quietum
2736 4054 2805 4108 ab
2853 4050 3116 4106 omnibus
3158 4044 3425 4116 operibus
3463 4038 3573 4094 tuis
3606 4053 3635 4089 a

2064 4154 2232 4209 rebus
2283 4150 2352 4205 ad
2403 4149 2617 4203 victum
2664 4141 3100 4216 pertinentibus.
3167 4137 3273 4192 Sex
3336 4133 3478 4193 dies,
3536 4143 3638 4197 per

2064 4248 2307 4319 quinque
2342 4256 2536 4297 sensus
2566 4247 2623 4293 et
2651 4233 3021 4291 immortalem
3056 4229 3302 4283 animam
3332 4230 3482 4278 recte
3507 4234 3640 4289 ope-

2068 4312 2438 4392 rare—Credo
2472 4329 2696 4385 Christo
2744 4324 2837 4395 qui
2892 4329 3049 4377 sexto
3103 4318 3194 4375 die
3243 4314 3429 4371 Steculi
3473 4312 3643 4366 homo

2067 4430 2245 4485 factus
2276 4433 2381 4489 est,
2420 4424 2515 4493 qui
2557 4420 2852 4490 septimum
2892 4412 3120 4469 Sabbati
3146 4409 3374 4480 legalem
3433 4396 3641 4461 cultum

2068 4518 2330 4577 abolevit,
2365 4514 2719 4579 otiosumque
2752 4504 2999 4561 reddidit
3043 4510 3100 4557 et
3163 4498 3538 4558 inefﬁcacem,
3590 4503 3647 4548 et

2070 4610 2331 4668 exstinxit
2366 4608 2546 4678 ignem
2597 4601 2774 4673 ipsius
2810 4595 3092 4659 sacriﬁcii,
3115 4602 3171 4649 et
3198 4591 3367 4663 jussit
3398 4604 3508 4642 non
3532 4601 3648 4640 am—

2002 4697 2048 4754 D
2073 4706 2219 4777 plius
2237 4697 2512 4773 ejusmodi
2545 4697 2729 4766 ignem
2784 4688 3093 4747 accendere
3129 4685 3221 4739 die
3251 4680 3504 4743 Sabbati,
3549 4677 3647 4733 sed

2077 4774 2338 4864 deinceps
2372 4792 2614 4847 otiosum
2662 4800 2783 4841 esse
2833 4791 2991 4838 tuum
3043 4780 3268 4841 bovem,
3302 4783 3359 4829 et
3398 4774 3648 4844 jumenta

2077 4900 2191 4953 tua,
2218 4886 2325 4940 hoc
2345 4892 2450 4946 est,
2475 4896 2586 4935 non
2606 4876 2847 4946 amplius
2871 4870 3189 4928 sacriﬁcare
3211 4869 3325 4922 Deo
3340 4865 3651 4920 luelluinum

2079 4977 2445 5039 sacriﬁcium;
2484 4971 2578 5027 sed
2622 4970 2741 5024 Deo
2767 4964 3085 5022 sacriﬁcare
3139 4959 3408 5015 rationale
3437 4953 3648 5012 sacriﬁ-

2080 5076 2227 5131 cium
2252 5070 2451 5132 laudis,
2480 5076 2536 5122 et
2564 5081 2665 5136 pro
2690 5065 2817 5135 igne
2865 5059 3059 5116 sensili
3090 5059 3204 5112 Deo
3242 5054 3488 5110 divinam
3532 5064 3655 5104 suc-

2081 5168 2316 5224 cendere
2334 5159 2839 5218 illuminationem:
2875 5168 3055 5222 neque
3094 5158 3318 5220 portare
3348 5160 3493 5201 onus
3540 5157 3656 5197 car-

2078 5256 2222 5320 nale,
2256 5267 2436 5323 neque
2466 5251 2707 5306 animam
2734 5246 3011 5317 subjicere
3037 5242 3155 5297 suis
3188 5235 3649 5309 appetitio‘nibus:

2077 5360 2258 5416 neque
2291 5322 2507 5414 ingredi
2551 5341 2607 5395 in
2639 5340 2747 5394 hac
2775 5337 2864 5391 via
2917 5348 3115 5404 aspera
3158 5346 3324 5401 quam
3373 5322 3659 5397 prohibuit

2079 5436 2173 5507 qui
2200 5436 2373 5491 dixit:
2408 5434 2522 5505 Ego
2551 5447 2667 5486 sum
2692 5430 2777 5484 via
2802 5428 2870 5481 ⁸³.
2909 5427 2984 5481 De
3007 5434 3212 5480 caetero
3248 5420 3448 5475 recede
3489 5432 3519 5470 a
3565 5423 3653 5466 tuo

2087 5529 2177 5584 die
2231 5527 2488 5597 septimo,
2544 5532 2601 5579 et
2626 5519 2851 5592 perveni
2908 5516 2974 5571 ad
3019 5523 3279 5597 octavum
3314 5520 3371 5565 et
3418 5507 3651 5578 primum

2087 5619 2316 5682 Christi,
2346 5626 2409 5671 ut
2463 5613 2806 5685 spiritualem
2857 5595 3098 5678 accipias
3141 5600 3648 5660 circumcisionem.

2091 5709 2145 5764 in
2170 5708 2429 5764 sensibus
2458 5706 2571 5760 tuis
2606 5712 2852 5759 sanctam
2891 5696 3173 5767 accipiens
3205 5691 3561 5749 Trinitatem,
3600 5688 3655 5734 cl

2090 5802 2320 5858 cﬂ‘ectus
2350 5800 2578 5869 pulcher
2638 5794 2974 5851 octonarius.
3005 5789 3112 5845 Sed
3180 5787 3296 5841 haec
3344 5779 3564 5853 quidem
3588 5769 3653 5825 ad
