4056 6148
484 504 586 573 9i?)

1582 508 1661 569 IN
1703 511 2327 572 HEXAEMERON.~
2369 513 2511 574 ΜΒ.
2559 515 2684 575 VU.

3630 506 3735 572 950

481 622 728 679 Judaeum
772 630 998 692 prepter
1045 620 1166 692 ejus
1205 619 1527 693 jactantiam
1577 630 1634 675 et
1673 622 2058 692 gloriationem
2092 631 2129 684 Α
2164 625 2327 680 cedes
2374 627 2430 679 in
2463 636 2708 694 tempore
2747 632 2992 693 portatus
3041 623 3471 695 insepulcrum,
3536 621 3738 675 vadens

482 716 552 769 de
582 712 827 768 Sabbato
850 712 1147 783 corporali,
1175 711 1269 781 qui
1294 711 1404 766 huc
1429 726 1601 780 usque
1632 712 1925 781 pulchrum
1950 728 2057 766 non

484 807 639 859 novit
690 804 1111 858 sabbatismum.
1165 802 1466 857 Sabbatum
1507 803 1654 857 enim
1687 802 2061 857 sabbatismus

483 907 539 955 et
572 897 798 967 requies
834 905 940 960 est,
977 912 1108 951 vera
1168 896 1376 966 peccati
1411 896 1711 967 depositio,
1768 912 1932 965 quam
1959 911 2058 965 ego

486 989 885 1058 ﬁdelisjubeor
908 1003 1091 1059 agere,
1123 996 1179 1042 et
1206 988 1408 1041 festum
1460 988 1749 1042 celebrare
1789 987 1842 1040 in
1873 987 2063 1055 requie

485 1091 541 1135 et
566 1080 622 1134 in
666 1075 1061 1148 adimpletione
1090 1078 1217 1132 vita:
1257 1093 1412 1132 meae.
1469 1078 1529 1132 In
1563 1094 1673 1147 quo
1704 1077 1948 1131 Sabbato
1976 1092 2060 1130 me

488 1173 651 1240 jubet
680 1170 824 1224 Deus
850 1185 958 1223 non
997 1170 1190 1223 tollere
1223 1185 1365 1222 onus
1399 1169 1634 1238 peccati,
1697 1178 1755 1223 et
1790 1168 2063 1223 sarcinam

490 1264 653 1333 hujus
684 1262 891 1317 saaculi.
920 1263 994 1316 De
1022 1262 1225 1331 quibus
1252 1261 1798 1330 :ZEmlzatquispiam:
1834 1258 2065 1313 Peccata

492 1370 607 1407 mea
643 1369 985 1423 supergressa
1009 1361 1134 1406 sunt
1181 1361 1341 1422 caput
1392 1368 1589 1417 meum,
1642 1361 1900 1421 tanquam
1935 1367 2065 1404 onus

490 1461 647 1516 grave
668 1452 897 1514 gravata
931 1452 1055 1497 sunt
1092 1458 1248 1513 super
1285 1458 1367 1495 me
1388 1442 1454 1494 ⁸⁸⁸.
1489 1441 1862 1508 Quamobrem
1898 1442 2067 1510 jube-

493 1555 618 1594 mur
647 1553 828 1608 neque
860 1536 1165 1592 accendere
1206 1536 1387 1606 ignem
1426 1538 1481 1590 in
1518 1552 1587 1590 eo
1628 1535 1888 1597 Sabbato,
1917 1551 2066 1589 mor-

495 1631 564 1685 tis
580 1670 594 1693 ,
609 1630 717 1684 hoc
738 1630 1187 1700 estexstinguere
1210 1644 1430 1683 omnem
1454 1628 1706 1683 ardorem
1726 1628 2067 1698 cupiditatis,

494 1729 544 1773 et
568 1720 674 1772 tela
704 1718 926 1788 maligni
984 1720 1152 1790 ignita
1186 1715 1234 1747 "
1265 1734 1390 1787 qme
1441 1719 1783 1788 compellunt
1814 1720 1881 1772 ad
1920 1717 2073 1771 flam-

494 1825 636 1865 mam
698 1820 982 1865 aeternam.
1023 1810 1197 1864 Porro
1249 1820 1432 1865 autem
1473 1810 1618 1864 Deus
1666 1825 1766 1864 nos
1812 1810 2072 1879 prohibet

494 1902 604 1956 iter
634 1901 846 1971 ingredi
882 1902 935 1955 in
965 1900 1231 1963 Sabbato,
1258 1910 1630 1971 congruenter
1658 1901 1709 1955 ei
1759 1902 1851 1970 qui
1902 1901 2068 1954 dicit:

2161 718 2226 771 ad
2270 726 2454 787 patres
2485 727 2633 779 tuos,
2656 716 2901 769 nutritus
2929 716 2982 768 in
3041 721 3329 769 senectute
3354 713 3528 779 bona;
3563 712 3737 781 septi-

2162 824 2249 861 mo
2269 808 2416 861 enim
2469 807 2557 861 die
2579 807 2846 861 Dominus
2870 806 2938 860 ab
2972 805 3235 875 operibus
3264 804 3380 859 suis
3409 802 3742 874 evangelicis

2161 898 2442 969 quievitin
2470 900 2760 969 sepulcro;
2789 905 2844 952 et
2882 898 3148 967 deinceps
3185 904 3505 951 constanter
3541 910 3741 963 exspe-

2163 1000 2278 1046 ctes
2294 1001 2632 1052 octavum,a
2656 991 2934 1060 sepulcro,
2968 988 3697 1059 inquam,resurrectionem
3731 1000 3745 1038 :

2164 1082 2251 1137 die
2276 1082 2423 1136 enim
2452 1092 2646 1137 octavo
2681 1082 2947 1136 Dominus
2998 1082 3242 1137 surrexit
3266 1098 3296 1136 ιι
3341 1079 3599 1135 mortuis.

2237 1174 2333 1229 llis
2358 1174 2758 1245 ethujusmodi
2812 1175 2979 1228 rebus
3038 1175 3134 1228 Dei
3187 1173 3498 1229 celebrabis
3538 1172 3744 1228 Sabbu-

2170 1272 2309 1319 tum.
2337 1265 2476 1320 lluic
2516 1282 2643 1319 vere
2687 1265 2930 1320 Sabbato
2968 1266 3272 1331 benedixit,
3304 1275 3362 1321 et
3410 1265 3463 1319 id
3500 1264 3745 1320 sanctifi-

2168 1357 2314 1411 cavit
2342 1358 2507 1411 Deus.
2537 1356 2712 1425 Atque
2745 1358 2841 1411 tibi
2877 1357 3104 1427 quidem
3131 1359 3227 1427 qui
3270 1374 3330 1412 es
3358 1357 3585 1413 Judaaus
3618 1373 3741 1412 ear-

2168 1446 2756 1513 naliterzutvidetur,
2783 1457 2867 1501 est
2914 1448 3230 1502 necessaria
3281 1447 3505 1503 Sabbati
3554 1448 3746 1503 obser-
3804 1492 3811 1497 .

2171 1537 2341 1600 vatio,
2400 1545 2459 1590 ut
2496 1553 2619 1606 qua:
2669 1537 2741 1592 sit
2791 1538 2968 1606 posita
3000 1538 3067 1592 ad
3105 1539 3543 1593 convincendam
3596 1549 3746 1593 tuam

2172 1616 2543 1697 iniquitatem,
2580 1636 2639 1682 ut
2681 1629 2793 1683 dixi
2835 1630 3000 1698 paulo
3049 1640 3197 1684 ante.
3242 1630 3373 1684 Mihi
3413 1640 3594 1684 autem
3651 1630 3747 1700 qui

2172 1732 2292 1771 sum
2328 1716 2504 1771 ﬁdelis
2536 1724 2587 1770 et
2629 1717 2722 1786 qui
2778 1717 3020 1786 perfecte
3051 1719 3257 1772 recessi
3305 1733 3337 1772 a
3366 1719 3520 1773 cultu
3571 1718 3751 1772 idolo—

2174 1822 2319 1870 rum,
2377 1806 2604 1861 minime
2642 1824 2781 1877 opus
2818 1816 2904 1862 est
2946 1808 3051 1863 hoc
3092 1809 3391 1863 multorum
3444 1823 3749 1879 coquorum

2174 1898 2533 1964 sabbatismo,
2580 1897 2633 1952 in
2678 1914 2789 1967 quo
2837 1899 3027 1953 asinus
3084 1907 3214 1953 tuus
3266 1909 3323 1954 et
3380 1900 3643 1965 camelus,
3695 1908 3751 1955 ct

493 1988 570 2042 Ab
595 1991 739 2041 omni
772 1990 855 2042 via
887 1988 1029 2042 mala
1061 1989 1302 2058 prohibui
1325 1990 1479 2059 pedes
1505 2007 1644 2044 meos
1672 1992 1738 2043 ⁸⁸.
1763 1990 1927 2045 Jubet
1954 2006 2057 2044 an-
2096 1983 2135 2039 Β
2164 1992 2316 2046 canis
2356 2000 2536 2045 tecum
2563 1999 2733 2061 agunt
2762 1990 3085 2057 Sabbatum,
3112 2000 3172 2045 ut
3193 1992 3287 2061 qui
3312 1991 3389 2046 sis
3436 2007 3635 2061 expers
3664 2009 3752 2046 ra--

496 2089 604 2133 tem
638 2078 942 2134 Sabbatum
969 2096 1155 2148 agerc,
1200 2080 1489 2150 ligarcque
1550 2091 1605 2135 et
1653 2082 1707 2134 in
1741 2082 1856 2137 otio
1892 2081 2071 2134 conti-

496 2183 629 2222 nere
649 2169 865 2222 asinum
891 2176 947 2222 et
965 2169 1185 2230 bovem,
1212 2170 1315 2222 hoc
1346 2179 1430 2223 est
1458 2168 1817 2237 voluptatem,
1854 2177 1908 2221 et
1934 2168 2070 2222 iram

494 2268 552 2314 et
583 2267 811 2314 caeteras
840 2259 1072 2313 rationis
1100 2268 1357 2329 expertes
1387 2259 1556 2312 animi
1597 2259 2067 2329 perturbationes.

496 2354 604 2412 Sed
656 2363 711 2411 et
760 2364 921 2410 terra:
943 2355 1105 2426 jubet
1140 2370 1261 2409 esse
1290 2354 1688 2408 sabbatismum
1727 2362 1785 2409 et
1822 2353 2072 2423 requiem
2105 2419 2109 2422 ~

497 2465 565 2505 ac
590 2450 789 2513 otium,
817 2457 873 2504 et
898 2463 1081 2517 neque
1124 2447 1402 2503 seminare
1438 2460 1542 2500 nec
1572 2460 1762 2501 semen
1787 2446 2073 2514 suscipere

496 2557 595 2596 eos
636 2556 839 2610 easque
878 2540 970 2609 qui
1004 2548 1208 2607 etquae
1256 2544 1488 2606 possunt
1536 2550 1800 2590 exercere
1847 2534 2076 2605 virgini-

500 2642 668 2688 tatem
692 2633 867 2702 ipsius
898 2632 1100 2685 carnis.
1161 2630 1425 2695 Quoniam
1475 2630 1565 2699 qui
1597 2631 1827 2682 seminat
1859 2629 1913 2681 in
1962 2636 2076 2681 tcr-

500 2739 616 2778 ram
646 2724 855 2787 carnis,
888 2740 950 2776 ea:
975 2739 1135 2776 carne
1183 2728 1339 2775 metet
1371 2722 1413 2752 ⁸⁷
1447 2721 1864 2791 corruptionem
1895 2735 1959 2774 ac
1995 2719 2079 2772 in-

502 2815 745 2869 teritum.
802 2813 1035 2867 Maxime
1103 2821 1287 2890 autem
1342 2814 1591 2867 omnium
1635 2814 1791 2883 jubet
1816 2813 1978 2867 nobis
2017 2822 2077 2867 ιιι

499 2906 792 2976 quiescere
838 2904 1111 2959 faciamus
1162 2904 1419 2959 ancillam
1461 2914 1707 2959 nostram
1757 2913 1814 2959 et
1856 2920 2077 2959 servum

502 3010 757 3055 nostrum
781 2997 872 3052 die
902 2997 1165 3052 Sabbati:
1195 2998 1301 3052 hoc
1336 3007 1445 3062 est,
1469 2999 1711 3053 animam
1742 3006 1989 3052 nostram
2022 3010 2078 3053 et

504 3104 708 3158 corpus
730 3096 979 3142 nostrum
1011 3104 1118 3142 non
1153 3088 1362 3142 servire
1390 3089 1634 3158 principi
1673 3089 1837 3159 hujus
1867 3090 2074 3156 szeculi,

504 3178 601 3236 sed
624 3192 749 3234 esse
776 3177 832 3230 in
868 3177 1125 3232 libertate
1156 3185 1505 3241 etremotum
1535 3178 1604 3233 ab
1639 3179 1807 3232 animi
1837 3179 2081 3234 motibus

504 3285 570 3325 ac
594 3268 1128 3338 perturbationibus.

575 3362 712 3416 Nam
773 3370 984 3431 septem
1047 3360 1165 3415 dies
1219 3360 1533 3431 significant
1599 3372 1808 3433 septem
1856 3372 2078 3418 nostras

503 3460 715 3516 aetates,
756 3467 857 3522 per
900 3468 1037 3521 quas
1078 3452 1205 3507 vitae
1237 3454 1524 3521 praesentis
1582 3455 1686 3508 iter
1734 3454 2080 3525 ingredimur

509 3545 981 3616 ntperveniamus
1029 3544 1097 3600 ad
1129 3556 1384 3600 octavum
1412 3547 1556 3600 diem
1598 3548 1653 3620 in
1706 3564 1820 3618 quo
1847 3564 1956 3602 non
1996 3557 2082 3602 est

508 3635 750 3691 servitus
779 3642 875 3689 aut
910 3635 1113 3699 cultus,
1166 3635 1333 3688 vitam
1375 3652 1570 3711 nempe
1616 3636 1879 3690 futuram.
1932 3638 2083 3703 Quo-

508 3725 656 3780 niam
678 3726 1011 3780 sacrificium
1048 3737 1143 3779 aut
1189 3727 1352 3781 latria
1409 3727 1630 3799 (nempe
1674 3728 1771 3782 Dei
1819 3726 2079 3799 servitus)

508 3824 620 3871 nan
649 3818 885 3886 amplius
914 3818 1147 3871 offertur
1196 3819 1310 3873 Deo
1342 3836 1440 3889 pro
1497 3819 1758 3888 peccatis.
1804 3820 1938 3874 Nam
1970 3821 2085 3889 pri-

511 3924 634 3963 mus
681 3910 798 3964 dies
823 3918 909 3965 est
964 3910 1211 3968 infantis.
1246 3922 1303 3965 ut
1352 3911 1685 3980 baptismate
1733 3914 1920 3967 statim
1958 3914 2084 3968 illu-

510 4002 808 4065 minemur,
850 4002 941 4055 lux
958 4001 1102 4055 enim
1136 4001 1278 4056 facta
1306 4011 1389 4056 est
1423 4000 1599 4071 primo
1617 4003 1729 4057 die.
1769 4004 2080 4071 Secundus,

509 4102 642 4147 aetas
675 4096 852 4162 pueri,
905 4102 965 4148 ut
1021 4095 1208 4149 verbis
1263 4094 1674 4148 conformemur
1724 4096 2081 4161 coelestibus;

510 4184 756 4238 secundo
813 4185 960 4239 enim
999 4183 1203 4239 factum
1249 4193 1333 4239 est
1373 4185 1799 4239 ﬁrmamentum.
1839 4185 2079 4252 Tertius,

510 4276 898 4337 adolescentis,
932 4285 992 4330 ut
1018 4277 1272 4331 castitate
1309 4277 1652 4330 exsiccemus
1681 4278 1775 4347 qui
1826 4285 1957 4332 tunc
1986 4294 2085 4332 ex-

511 4368 661 4423 sistit
691 4369 977 4422 humorem
1018 4368 1185 4421 animi
1238 4378 1509 4434 motuum,
1562 4376 1617 4422 et
1644 4369 1943 4423 affectuum
1989 4369 2083 4438 qui

512 4466 847 4523 moventur;
882 4458 1048 4511 tertio
1070 4458 1216 4512 enim
1242 4456 1332 4510 die
1374 4457 1520 4511 Deus
1574 4457 1839 4512 discrevit
1871 4458 2083 4514 aridam

510 4548 583 4603 ab
615 4547 863 4603 humida.
892 4548 1149 4615 Quartus,
1182 4556 1267 4603 est
1296 4548 1520 4619 juvenis
1546 4567 1557 4603 :
1583 4558 1647 4603 ut
1690 4550 1929 4605 virtutes
1950 4568 2088 4620 qua-

2172 2083 2358 2137 tionis.
2386 2083 2680 2136 Existimas
2711 2082 2859 2136 enim
2898 2082 3046 2151 quod
3088 2082 3250 2147 Dens,
3272 2082 3439 2152 utqui
3465 2083 3752 2138 laborave-

2175 2173 2246 2227 rit
2276 2173 2333 2226 in
2368 2172 2650 2241 operibus
2668 2166 2761 2225 sex
2792 2172 3006 2226 dierum
3058 2171 3215 2227 factae
3238 2173 3305 2226 ab
3358 2188 3426 2225 eo
3457 2180 3746 2237 creaturae,

2174 2270 2229 2317 et
2272 2262 2424 2315 velut
2462 2261 2777 2315 imbecillus
2825 2259 3116 2332 fessusque
3166 2262 3238 2316 sit
3289 2262 3562 2328 redditus,
3592 2278 3656 2317 ea
3682 2262 3751 2317 de

2175 2370 2339 2410 causa
2378 2353 2665 2408 benedixit
2687 2354 2798 2408 diei
2820 2353 3079 2424 septimo,
3114 2364 3175 2409 ut
3201 2356 3296 2425 qui
3329 2357 3383 2408 in
3422 2370 3490 2410 eo
3525 2368 3755 2425 accepe—

2176 2444 2247 2497 rit
2304 2441 2556 2513 requiem
2611 2452 2668 2497 et
2708 2443 3095 2498 remissionem
3130 2459 3197 2498 ex
3240 2444 3452 2498 labore.
3496 2441 3604 2497 Sed
3639 2459 3752 2497 nou

2179 2535 2252 2589 ita
2279 2534 2468 2589 habet.
2497 2533 2641 2588 Audi
2688 2535 2836 2588 enim
2889 2535 3220 2607 Prophetam
3252 2535 3562 2589 dicentem:
3617 2535 3752 2587 Deus

2178 2643 2399 2696 magnus
2431 2636 2478 2678 et
2508 2626 2657 2696 fortis
2691 2642 2794 2679 non
2837 2627 3048 2687 esuriet,
3083 2643 3248 2697 neque
3277 2629 3374 2680 erit
3415 2627 3643 2695 defessus
3685 2626 3750 2678 "“.

2177 2717 2273 2773 Die
2295 2734 2427 2789 ergo
2447 2720 2683 2789 septimo
2711 2720 3003 2787 quiescere
3038 2717 3167 2773 facit
3192 2734 3254 2772 ac
3306 2717 3497 2787 implet
3538 2727 3755 2772 creatu-

2180 2827 2295 2866 ram
2332 2810 2548 2882 Opifex,
2601 2820 2660 2864 ut
2712 2811 2971 2877 ostendat
3024 2812 3329 2865 increatam
3380 2808 3750 2862 Trinitatem:

2180 2912 2388 2974 septem
2418 2905 2565 2958 enim
2589 2912 2644 2958 et
2677 2915 2789 2959 tres
2816 2905 2956 2958 tlunt
2995 2903 3207 2958 decem.
3242 2901 3514 2957 Denarius
3566 2909 3754 2955 autem

2181 3012 2450 3051 numerus
2477 2997 2681 3065 estqui
2709 2996 2959 3051 continet
2981 3004 3037 3051 et
3072 2995 3264 3065 implet
3296 3009 3492 3049 omnes
3555 3008 3754 3047 nume-

2184 3103 2296 3151 ros,
2333 3098 2393 3145 ut
2432 3087 2806 3158 dixeruntqui
2834 3096 2981 3143 sunt
3009 3087 3214 3142 exculti
3240 3084 3554 3155 disciplinis
3580 3083 3754 3139 arith-

2182 3180 2419 3235 meticis.
2444 3180 2618 3234 Porro
2651 3188 2835 3234 autem
2860 3187 3090 3250 quartus
3132 3192 3352 3249 quoque
3396 3192 3588 3231 rursus
3636 3192 3744 3229 nu-

2106 3311 2148 3367 c
2185 3287 2388 3332 merus,
2412 3271 2507 3340 qui
2528 3279 2613 3326 est
2632 3272 2811 3341 quarti
2825 3287 2921 3326 seu
2947 3271 3109 3341 primi
3139 3269 3367 3339 perfecti
3392 3268 3759 3337 diei.quando

2182 3364 2261 3418 sol
2286 3362 2465 3418 factus
2511 3371 2630 3430 est,
2663 3372 2747 3419 est
2795 3364 3075 3434 perfectus
3106 3372 3162 3417 et
3216 3361 3443 3417 minime
3483 3360 3757 3425 defectus,

2182 3456 2458 3511 decimum
2527 3458 2676 3512 enim
2747 3472 3041 3511 numerum
3112 3456 3360 3511 continet
3428 3462 3484 3509 et
3545 3454 3757 3523 implet.

2181 3528 2347 3616 890
2378 3545 2625 3612 Quatuor
2655 3546 2804 3600 enim
2852 3555 2908 3600 et
2944 3553 3054 3601 tres
3082 3543 3175 3614 qui
3216 3544 3366 3613 ipsos
3414 3543 3759 3614 pracedunt,

2182 3648 2235 3690 ct
2275 3637 2384 3691 duo
2415 3638 2508 3706 qui
2538 3646 2810 3692 suntante
2836 3638 3005 3706 ipsos,
3033 3644 3087 3690 et
3115 3636 3296 3690 unitas
3338 3650 3461 3705 qua:
3488 3649 3584 3689 eos
3612 3650 3758 3704 prae-

2183 3726 2348 3789 cedit,
2382 3726 2663 3781 invenitur
2699 3727 2977 3796 perfectus
3025 3726 3310 3780 denarius.
3347 3725 3468 3780 Jam
3518 3739 3649 3780 vero
3693 3724 3762 3777 ab

2185 3817 2395 3871 unitate
2449 3834 2671 3888 quoque
2725 3819 2963 3872 virtutes
3011 3833 3186 3888 usque
3248 3817 3315 3872 ad
3377 3815 3756 3887 quaternium,

2184 3908 2428 3963 elliciunt
2452 3909 2817 3979 quantitatem
2844 3908 3055 3963 denarii
3082 3928 3095 3963 :
3125 3924 3269 3964 unus
3306 3908 3455 3962 enim
3492 3916 3548 3961 et
3570 3906 3680 3960 dno
3709 3917 3765 3960 et

2187 4010 2320 4066 tres,
2352 4010 2481 4056 sunt
2514 4017 2638 4056 sex:
2681 4012 2736 4057 et
2768 4008 3007 4071 quatuor
3055 3998 3304 4055 efﬁciunt
3354 3997 3568 4054 decem.
3606 3995 3762 4063 Quo-

2186 4094 2350 4150 modo
2389 4095 2539 4150 enim
2589 4094 2771 4149 omnis
2822 4101 3102 4158 creatura,
3131 4092 3205 4146 ita
3230 4091 3398 4146 etiam
3438 4105 3632 4144 omnes
3658 4105 3763 4142 nu-

2186 4190 2345 4253 meri,
2372 4186 2697 4241 describunt
2725 4184 2780 4239 id
2805 4184 2954 4255 quod
2979 4194 3066 4239 est
3092 4186 3145 4239 in
3168 4183 3391 4239 Christo
3416 4182 3760 4253 mysterium.

2187 4284 2285 4337 Est
2313 4280 2464 4334 enim
2490 4278 2696 4343 unitas,
2730 4286 2788 4333 ut
2810 4277 2909 4349 qui
2940 4277 3159 4332 unicam
3202 4275 3405 4329 habeat
3429 4289 3719 4345 personam
3746 4291 3760 4338 ;

2186 4382 2272 4429 est
2304 4370 2580 4434 binarius,
2609 4371 2704 4439 qui
2731 4369 2802 4424 sit
2836 4368 3121 4439 perfectus
3168 4367 3224 4421 in
3253 4365 3547 4421 divinitate
3576 4374 3628 4419 et
3656 4365 3764 4418 hu-

2189 4462 2483 4527 manitate;
2514 4461 2753 4525 trinitas,
2784 4468 2845 4514 ut
2876 4459 2969 4529 qui
2994 4459 3067 4513 sit
3121 4459 3177 4513 in
3218 4452 3424 4522 anima,
3450 4471 3684 4527 corpore
3706 4463 3763 4511 et

2189 4554 2506 4617 divinitate;
2528 4552 2944 4623 quaternarius,
2974 4562 3035 4605 ut
3059 4551 3154 4621 qui
3174 4566 3240 4605 ex
3261 4560 3499 4619 quatuor
3523 4549 3766 4604 elemen-

513 4649 642 4693 tuor
673 4649 934 4710 tanquam
979 4649 1128 4693 astra
1166 4638 1334 4700 feras,
1386 4648 1442 4693 et
1468 4654 1736 4709 appareas
1772 4639 1829 4694 in
1878 4634 2084 4696 mundo
2118 4647 2164 4704 Ι)
2196 4646 2265 4701 tis
2312 4645 2593 4700 hominem
2641 4644 2948 4709 rcnovarit;
2974 4643 3284 4712 quinarins,
3326 4643 3419 4713 qui
3483 4656 3610 4698 cum
3638 4657 3764 4696 cor-

514 4743 778 4801 tanquam
828 4732 1139 4798 luminare;
1182 4732 1263 4786 sol
1318 4732 1469 4786 enim
1516 4733 1697 4789 factus
1747 4742 1831 4788 est
1891 4744 2091 4804 quarto

510 4825 625 4879 die.
678 4823 954 4890 Quintus,
1012 4832 1098 4878 est
1153 4831 1331 4878 status
1387 4823 1584 4880 mediae
1625 4840 1724 4879 seu
1786 4829 2094 4882 consisten-

512 4916 587 4970 tis
630 4917 808 4972 tetatis
833 4957 848 4981 ,
896 4925 956 4970 ut
1019 4915 1205 4971 frenes
1243 4916 1491 4985 quinque
1547 4925 1638 4971 tua
1678 4933 1938 4972 sensuum
1974 4919 2093 4973 ani-

511 5009 699 5074 malia,
730 5024 801 5063 ne
837 5008 904 5063 ad
929 5017 1220 5079 peccatum
1270 5008 1560 5075 exsiliant;
1593 5009 1790 5078 quinto
1819 5011 1969 5064 enim
1999 5011 2088 5066 die

510 5101 657 5155 facta
707 5107 839 5155 sunt
878 5100 1159 5155 animalia.
1189 5100 1408 5164 Sextus,
1471 5107 1558 5154 est
1612 5100 1957 5156 honorabilis
1999 5116 2085 5157 se-

508 5195 821 5255 nectus,-ut
846 5199 1105 5260 tanquam
1128 5206 1292 5244 verus
1326 5190 1492 5244 homo
1525 5190 1739 5245 ratione
1784 5191 1996 5246 firmam
2020 5208 2085 5247 ac

508 5278 769 5334 stabilem
793 5279 995 5335 reddas
1045 5279 1338 5350 imaginem
1384 5295 1510 5349 qum
1544 5289 1665 5335 erat
1694 5281 1763 5336 ab
1794 5280 1978 5346 initio,
2031 5291 2086 5338 et

508 5368 763 5438 corporis
804 5369 981 5424 lutum
1022 5367 1266 5439 efﬁngas,
1310 5379 1366 5424 et
1398 5386 1696 5440 componas
1748 5371 2083 5438 virtutibus;

509 5467 669 5513 sexto
694 5459 840 5513 enim
883 5460 1062 5515 factus
1084 5468 1170 5515 est
1192 5461 1379 5516 homo.
1412 5460 1693 5531 Septimus
1728 5470 1810 5517 est
1838 5463 2090 5534 decrepi-

510 5560 583 5604 ta:
614 5550 819 5614 aetatis,
854 5567 1053 5619 nempe
1073 5567 1209 5607 cana
1246 5554 1608 5621 conscientia,
1658 5556 1953 5626 gravisque
1986 5557 2089 5610 ho-

509 5650 670 5699 nesta
704 5659 768 5699 ac
789 5644 878 5713 pia
911 5643 1037 5699 vitae
1065 5645 1287 5716 agenda:
1321 5646 1483 5712 ratio,
1527 5655 1587 5701 ut
1614 5656 1772 5703 terra:
1801 5665 1899 5718 per
1934 5664 2085 5724 mor-

513 5746 625 5813 tem
691 5744 1026 5805 provocetur
1063 5737 1303 5807 requies,
1355 5738 1575 5808 quando
1631 5748 1888 5809 tanquam
1937 5739 2088 5793 albe-

511 5818 678 5882 scens
706 5827 857 5896 spica
879 5836 936 5882 et
989 5837 1248 5899 tanquam
1296 5838 1573 5884 maturum
1618 5832 1956 5885 frumentum
1998 5847 2086 5885 re—

592 5933 635 5966 “
669 5936 813 5992 Psal.
845 5954 1044 6005 xxxv",
1217 5942 1260 5974 ⁸⁸
1291 5942 1491 6012 Ephes.
1530 5958 1602 6005 ιἰ,
1640 5945 1722 5997 16.

1804 5947 1847 5976 ⁸⁸
1883 5946 2022 5999 Psal.
2050 5962 2231 6011 (λι-ιιι,
2280 5946 2394 5999 lOl.

2190 4752 2344 4807 pore,
2367 4735 2514 4805 quod
2543 4743 2758 4790 constat
2782 4750 2849 4789 ex
2873 4744 3112 4805 quatuor
3144 4734 3457 4795 elementis,
3487 4733 3767 4788 renovarit

2190 4829 2358 4883 etiam
2409 4827 2649 4882 animam
2702 4843 2825 4897 qua:
2880 4836 2963 4881 est
3013 4827 3081 4881 ad
3141 4827 3465 4898 imaginem;
3518 4825 3768 4881 senarius

2191 4928 2396 4983 autem,
2426 4928 2487 4972 ut
2513 4918 2610 4988 qui
2633 4927 2788 4973 sexto
2817 4917 2928 4982 die,
2958 4918 3166 4972 mundo
3210 4915 3565 4989 apparuerit;
3588 4922 3770 4984 septe-

2191 5013 2399 5076 narius,
2426 5019 2487 5066 ut
2534 5011 2629 5081 qui
2676 5025 2778 5066 nos
2827 5009 3021 5065 fecerit
3069 5009 3418 5078 requiescere
3463 5022 3494 5060 a
3527 5004 3769 5060 Sabbato

2190 5103 2326 5173 legis
2346 5144 2360 5169 ,
2378 5102 2716 5166 octonarius,
2737 5112 2964 5172 propter
2983 5099 3239 5170 baptismi
3259 5096 3761 5159 circumcisionem;

2193 5193 2532 5247 novenarius
2598 5201 2825 5255 autem,
2890 5200 2950 5244 ut
3007 5190 3101 5259 qui
3163 5190 3215 5242 in
3270 5188 3446 5242 tribus
3492 5185 3765 5241 similibus

2194 5280 2510 5352 pradicarit
2537 5280 2860 5352 mysterium
2916 5277 3233 5333 Trinitatis:
3280 5290 3479 5344 nempe
3528 5271 3762 5328 naturali

2192 5372 2419 5441 scripto,
2449 5372 2797 5442 etmystico:
2833 5381 2915 5425 ter
2975 5377 3158 5423 autem
3213 5377 3346 5431 tres,
3370 5374 3498 5420 sunt
3536 5380 3761 5428 novem;

2197 5463 2467 5519 denarius
2506 5473 2715 5527 autem,
2769 5472 2830 5517 ut
2885 5460 3166 5530 perfectus
3199 5468 3254 5513 et
3303 5457 3587 5529 plenitudo
3628 5456 3767 5526 legis

2195 5553 2603 5624 Decalogi,qui
2655 5561 2740 5607 est
2792 5560 2918 5605 ante
2969 5551 3167 5605 saecula
3205 5549 3442 5605 Verbum
3495 5555 3552 5602 et
3595 5544 3768 5601 Filius

2198 5647 2312 5700 Dei.
2346 5645 2451 5714 Ipsi
2487 5645 2662 5715 gloria
2713 5652 2766 5697 et
2798 5640 3042 5712 potentia
3067 5641 3121 5695 in
3160 5640 3361 5696 saecula
3410 5639 3763 5694 smculorum.

2191 5737 2384 5791 Amen.

2475 5944 2517 5974 ⁵⁷
2540 5943 2715 5998 Galat.
2762 5961 2833 6011 γι,
2865 5946 2913 5999 3.
2994 5944 3039 5973 ’⁵⁸
3068 5944 3167 5998 lsu.
3199 5962 3249 6011 γ,
3284 5945 3372 5998 27.
