4056 6148
363 478 496 561 931”

599 625 879 668 EJUSDEM
936 629 1102 673 LIBRI
1139 633 1221 675 Vl]
1271 632 1724 676 CONTINUATIO.

436 770 510 825 De
540 772 638 826 Dei
683 777 892 829 nomine
957 777 1244 850 duplicato,
1279 795 1327 838 et
1359 801 1534 838 rerum
1597 784 1874 839 Creatione

1049 851 1245 922 duplici
1253 907 1264 918 ,

382 1000 385 1001 ν
435 976 679 1031 Hicliber
693 983 1050 1049 generationis
1082 985 1198 1037 caeli
1245 994 1295 1037 et
1327 995 1502 1052 terrte,
1533 987 1744 1057 quando
1772 989 1940 1056 factus

363 1077 440 1121 est
471 1069 582 1123 dies
616 1072 670 1123 in
703 1064 805 1141 quo
842 1073 962 1142 fecit
995 1074 1133 1129 Deus
1184 1077 1372 1131 calum
1420 1091 1470 1132 et
1512 1084 1733 1132 terram.
1764 1078 1940 1131 Aures

363 1166 575 1214 attente
599 1163 813 1231 aperiat
832 1163 1100 1231 Ecclesia,
1124 1182 1222 1221 cor
1246 1168 1459 1235 dilatet,
1484 1178 1540 1223 et
1569 1158 1770 1222 mentis
1810 1183 1937 1221 ocu-

364 1251 446 1304 los
494 1251 782 1308 evidenter
833 1255 1104 1322 intendat,
1153 1269 1217 1314 et
1265 1261 1448 1329 pulset
1480 1261 1685 1314 ostium
1720 1260 1762 1291 ⁸³
1794 1258 1938 1328 apud

362 1357 458 1396 eos
480 1343 576 1412 qui
597 1354 788 1400 tenent
821 1348 1004 1402 claves
1038 1352 1402 1421 cognitionis,
1441 1352 1672 1406 dicens:
1727 1352 1940 1421 Aperite

363 1434 489 1487 mihi
562 1445 742 1506 portas
794 1439 1020 1508 justitice
1054 1443 1099 1474 ⁷⁰
1131 1442 1444 1496 divinorum
1493 1452 1548 1497 et
1611 1458 1937 1497 arcanorum

361 1528 770 1596 mysteriorum,
822 1539 882 1585 ut
905 1548 999 1586 eas
1030 1532 1312 1604 ingressus
1354 1535 1449 1588 Dei
1496 1535 1732 1603 populus
1767 1534 1939 1603 possit

360 1619 545 1688 aliquo
597 1621 759 1677 modo
809 1622 1117 1694 intelligere
1167 1626 1526 1695 quamobrem
1573 1635 1700 1680 ante
1746 1642 1775 1679 a
1826 1627 1938 1680 Deo

365 1714 562 1767 factam
602 1722 818 1770 eterra
879 1717 1120 1773 hominis
1176 1719 1648 1773 constructionem
1701 1719 1936 1788 simplici

363 1803 598 1871 quodam
653 1805 875 1860 nomine
942 1807 1127 1861 divina
1190 1808 1474 1879 Scriptura
1530 1817 1689 1864 vocat
1736 1818 1792 1864 et
1843 1826 1939 1879 ap—

362 1893 531 1961 pellat
578 1894 857 1963 opiﬁcem,
906 1912 1104 1967 nempe
1161 1900 1374 1964 Deum,
1432 1902 1483 1956 ei
1536 1902 1745 1956 nomini
1810 1904 1937 1956 nul-

363 1987 469 2039 lam
528 1986 736 2043 addens
799 1991 1254 2059 compositionem
1304 2003 1398 2048 aut
1453 1994 1827 2060 additioncm,
1880 2002 1939 2049 ut

361 2077 582 2145 quando
615 2077 784 2133 dicit:
816 2079 888 2133 hr
916 2083 1176 2151 principio
1201 2084 1320 2153 fecit
1364 2084 1504 2139 Deus
1535 2085 1723 2139 cretum
1751 2094 1800 2139 et
1828 2094 1937 2139 ter-

361 2186 501 2223 ram.
540 2170 813 2227 Etrursus
842 2172 1138 2244 deinceps:
1176 2176 1244 2229 Et
1280 2178 1414 2231 dixit
1445 2177 1600 2232 Deus.
1638 2179 1739 2233 Et:
1772 2177 1939 2248 Sepa-

361 2264 499 2316 ravit
541 2262 677 2317 Deus
715 2265 1084 2321 intermedium
1116 2267 1280 2335 lucis;
1314 2269 1458 2325 facto
1500 2282 1685 2325 autem
1714 2273 1939 2328 homine

362 2356 565 2426 duplici
599 2358 715 2429 (qui
741 2369 845 2425 est,
902 2362 1146 2432 inquam,
1179 2366 1528 2434 compositus
1565 2383 1633 2420 ex
1670 2375 1818 2421 terra
1880 2378 1937 2423 et

361 2446 548 2503 divina
576 2450 991 2524 insumatiOne),
1029 2455 1215 2509 statim
1264 2455 1545 2526 Scriptura
1570 2459 1935 2527 compositum

360 2553 582 2609 quoque
615 2547 671 2595 et
702 2540 905 2611 duplex
940 2542 1071 2598 fecit
1097 2560 1298 2600 nomen
1332 2547 1566 2617 opiﬁcis,
1588 2564 1715 2603 eum
1746 2550 1936 2619 appel-

363 2628 479 2682 lans
510 2629 803 2686 Dominum
833 2641 890 2687 et
918 2633 1112 2700 Deum,
1142 2635 1307 2704 idque
1334 2651 1443 2691 non
1472 2639 1660 2703 semel,
1698 2655 1801 2694 nec
1828 2639 1933 2704 bis,

361 2735 463 2774 nec
495 2721 722 2791 septies,
755 2724 852 2778 sed
888 2724 944 2779 in
987 2728 1386 2796 septemdecim
1432 2730 1709 2799 capitibus
1740 2730 1936 2786 ordine

359 2823 415 2867 et
450 2812 719 2882 deinceps
759 2815 937 2884 ipsum
979 2818 1291 2872 nominavit
1323 2819 1493 2873 Deum
1529 2829 1588 2874 et
1617 2821 1933 2886 Dominum,

362 2913 622 2970 tanquam
667 2903 1083 2959 continuatione
1134 2905 1524 2975 dUplicationis
1558 2918 1615 2962 et
1645 2909 1941 2978 compositi

360 2992 600 3047 nominis
657 2993 871 3063 Spiritu
898 3005 1084 3050 sancto
1115 3011 1215 3051 nos
1241 2997 1446 3052 docens
1486 3008 1544 3052 et
1577 2998 1797 3054 dicens:
1825 3000 1935 3055 Co—

358 3082 605 3152 gnoscite
630 3081 776 3151 quod
813 3083 906 3151 qui
939 3083 1069 3136 olim
1102 3093 1229 3138 ante
1249 3087 1448 3139 sa:cula
1480 3087 1709 3156 simplex
1729 3097 1848 3142 erat
1879 3097 1936 3144 et

362 3173 782 3243 incompositus,
802 3174 907 3228 sibi
939 3184 1260 3229 constructo
1284 3176 1526 3232 humano
1554 3178 1931 3246 tabernaculo,

357 3258 412 3315 ei
439 3260 664 3315 unietur
699 3262 752 3315 in
808 3262 1089 3333 hypostasi
1144 3264 1200 3317 in
1230 3266 1636 3334 posterioribus
1666 3270 1930 3339 tempori-

360 3352 484 3417 bus,
519 3360 577 3408 et
620 3352 713 3408 ﬁet
766 3357 1103 3426 compositus
1145 3359 1239 3428 qui
1296 3368 1564 3415 eratante
1609 3361 1843 3432 simplex
1872 3372 1928 3418 et

359 3443 779 3514 incompositus,
813 3450 1174 3518 compositam
1230 3461 1457 3521 portans
1502 3454 1924 3524 appellationem

354 3550 454 3604 per
512 3536 991 3605 incarnationem,
1048 3551 1109 3596 ut
1157 3543 1252 3613 qui
1308 3544 1618 3614 appelletur
1669 3545 1927 3609 Christus

354 3627 527 3691 Deus,
560 3627 667 3684 hoc
706 3638 790 3684 est
840 3630 986 3687 Deus
1018 3633 1293 3689 ethomo.
1322 3635 1496 3702 Quem
1527 3638 1759 3707 pulchre
1799 3656 1925 3695 cum

353 3721 628 3789 palpasset
661 3732 718 3775 et
755 3721 986 3778 dixisset
1008 3724 1268 3790 Thomas,
1298 3737 1355 3782 et
1385 3729 1440 3781 in
1463 3744 1530 3784 eo
1559 3732 1927 3800 perspexisset

351 3808 585 3865 duarum
610 3819 934 3869 naturarum
966 3817 1430 3889 conjugationem,
1482 3823 1811 3877 exclamavit
1842 3824 1927 3878 di-

353 3916 518 3957 cens:
569 3901 828 3959 Dominus
858 3904 997 3962 Deus
1027 3917 1077 3962 et
1130 3909 1264 3964 Deus
1298 3929 1439 3967 meus
1469 3914 1531 3967 '“.
1565 3916 1721 3980 Quod
1753 3916 1800 3970 si
1832 3917 1928 3972 ad-

354 4008 547 4048 versus
596 4008 657 4051 ea
714 4011 844 4065 quae
893 3997 1041 4053 dicta
1105 4011 1237 4056 sunt
1290 4005 1626 4061 contradicit
1670 4007 1922 4073 Iudaeus,

351 4083 582 4139 admitto
607 4087 1140 4157 contradictionem;
1174 4093 1272 4148 sed
1311 4094 1381 4149 ad
1424 4112 1567 4163 eam,
1591 4100 1926 4154 contrariam

351 4190 545 4230 moveo
590 4175 1027 4235 dubitationem:
1061 4198 1259 4253 nempe
1307 4194 1368 4240 ut
1419 4186 1535 4257 ipse
1596 4189 1731 4244 mihi
1779 4191 1928 4247 dicat

347 4283 512 4337 quam
529 4268 599 4324 ob
630 4283 851 4326 causam
867 4271 1093 4342 Opiﬁcis
1126 4290 1226 4331 seu
1259 4274 1546 4335 Creatoris
1578 4297 1781 4338 nomen
1812 4300 1927 4339 non

350 4361 652 4431 duplicavit
672 4362 864 4420 divina
891 4364 1184 4436 Scriptura
1209 4367 1385 4424 donec
1404 4380 1627 4428 creatus
1675 4348 1781 4429 fuit
1823 4377 1926 4431 ho-

349 4469 440 4508 mo
472 4453 674 4524 duplex
705 4471 735 4510 a
758 4457 868 4511 Deo
898 4457 1131 4514 effectus
1152 4500 1167 4525 ,
1219 4475 1419 4531 nempe
1458 4472 1514 4518 et
1541 4467 1844 4524 materialis
1872 4476 1928 4524 et

349 4560 545 4613 expers
576 4547 819 4602 materiae
842 4589 855 4611 ,
887 4551 1138 4605 mortalis
1164 4560 1222 4606 et
1269 4552 1617 4620 immortalis,
1650 4561 1929 4616 terrestris

1567 504 1627 563 S.
1663 499 2065 563 ANASTASII
2104 501 2430 560 SlNAlT.E

1974 620 2021 671 Α
2120 614 2420 682 Propterea
2446 628 2578 683 ergo
2613 609 2751 667 duos
2782 610 2911 667 fecit
2933 610 3196 668 caelos”:
3233 610 3467 667 alterum
3497 606 3612 681 qui-

3517 496 3619 563 9:32

2047 703 2173 758 dem
2205 704 2461 772 superius
2490 704 2639 773 quod
2661 704 2825 758 habet
2851 704 3148 759 essentiam
3174 704 3320 774 apud
3366 702 3621 757 homines

2044 812 2156 850 non
2186 797 2575 865 aspectabilcm
2598 798 2875 866 planeque
2918 796 3346 852 inenarrabilem
3377 803 3434 850 et
3464 795 3613 848 inex-

2045 889 2382 956 plieabilem,
2408 890 2462 943 in
2497 898 2684 960 typum
2709 901 2766 944 et
2793 891 3087 960 imaginem
3120 887 3534 958 inaspectabilis
3564 899 3620 941 et

2044 980 2451 1047 inexplicabilis
2500 982 2755 1035 essentia:
2790 982 2910 1050 ejus
2942 980 3285 1045 divinitatis;
3312 976 3617 1033 secundum

2043 1081 2228 1125 autem
2282 1073 2483 1127 coelum
2542 1090 2572 1126 e
2624 1080 2772 1127 terra
2824 1072 3067 1136 sustulit,
3101 1078 3157 1125 et
3207 1070 3389 1140 ipsum
3436 1069 3619 1137 posuit

2041 1156 2470 1233 aspec'tabile,et
2491 1164 2669 1233 ipsum
2704 1163 2999 1233 appellavit
3020 1162 3447 1224 ﬁrmamentum,
3466 1159 3520 1212 in
3552 1158 3618 1211 ﬁo

2042 1271 2234 1324 guram
2262 1271 2326 1309 ac
2351 1264 2538 1326 typum
2558 1256 2743 1310 carnis
2761 1256 2879 1324 ejus
2898 1253 3460 1322 ilnmaculatm,quan1
3491 1250 3615 1321 qui-

2041 1348 2165 1401 dem
2190 1364 2221 1401 a
2255 1358 2398 1401 terra
2446 1358 2726 1416 acceptam
2760 1363 2977 1402 sursum
3004 1346 3249 1401 sustulit.
3292 1347 3387 1400 Est
3432 1353 3615 1399 autem

2041 1438 2238 1492 horum
2260 1453 2479 1509 quoque
2511 1437 2748 1491 duorum
2780 1438 3049 1492 ccelorum
3097 1434 3427 1489 intermedia
3465 1449 3608 1503 aqua

2040 1532 2182 1588 viva.
2210 1530 2277 1584 ad
2304 1531 2592 1600 imaginem
2612 1538 2667 1584 et
2699 1540 2885 1601 typum
2921 1537 3123 1583 sancta:
3139 1526 3378 1581 viviﬁcm
3403 1526 3613 1581 Christi

2042 1621 2259 1682 animae.
2292 1636 2413 1691 quae
2457 1630 2541 1675 est
2570 1621 2774 1685 media,
2832 1628 2891 1674 ut
2940 1634 3133 1673 rursus
3157 1618 3289 1672 dicit
3328 1616 3614 1686 theologus

2042 1712 2365 1783 Gregorius,
2396 1714 2542 1767 inter
2558 1713 2908 1766 divinitatem
2948 1720 3005 1764 et
3039 1711 3225 1765 carnis
3280 1699 3611 1763 Crassitudi-

2042 1821 2187 1859 nem.
2220 1805 2589 1871 Quamobrem
2625 1804 2904 1874 superiori
2955 1803 3180 1873 quidem
3205 1801 3346 1855 ccelo
3387 1799 3616 1854 inferior

2042 1906 2125 1950 est
2149 1898 2264 1951 lure
2295 1913 2436 1966 aqua
2462 1914 2476 1959 ;
2507 1898 2613 1952 hoc
2630 1906 2735 1961 est,
2766 1896 3039 1949 minorem
3074 1894 3169 1948 Dei
3216 1892 3383 1947 Verbi
3423 1907 3611 1946 essen-

1971 1965 2014 2019 Β
2049 1991 2175 2043 tiam
2223 1965 2693 2060 fertiintelligens
2757 1987 2939 2042 anima
2982 1997 3037 2040 et
3085 1986 3298 2040 ratione
3347 1983 3610 2054 praedita:

2041 2099 2226 2137 crasso
2248 2092 2431 2136 autem
2453 2092 2507 2136 et
2531 2081 2678 2155 quod
2724 2068 3004 2151 spectatur
3039 2079 3385 2132 ﬁrmamento
3413 2086 3496 2131 est
3520 2092 3615 2131 su-

2040 2171 2227 2240 perior
2274 2179 2328 2225 et
2356 2171 2724 2239 praestantior,
2777 2171 2921 2223 sicut
2953 2169 3116 2222 etiam
3154 2168 3289 2221 alias
3322 2167 3437 2220 haec
3466 2165 3575 2220 dixi
3598 2164 3617 2218 τ’

2040 2260 2326 2315 sciendum
2362 2268 2446 2314 est
2488 2260 2638 2314 enim
2668 2260 2816 2330 quod
2865 2260 3064 2314 omium
3102 2258 3249 2328 quod
3281 2257 3524 2321 videtur,
3558 2263 3618 2310 et

2039 2354 2241 2413 coelum
2259 2353 2407 2423 quod
2447 2362 2531 2408 est
2569 2369 2736 2423 supra
2779 2368 2978 2422 aquam
3024 2352 3173 2421 quod
3207 2367 3317 2405 non
3366 2349 3612 2415 videtur,

2039 2444 2246 2500 habent
2308 2445 2730 2515 inseparabilem
2791 2455 2848 2499 et
2895 2443 3236 2499 individuam
3290 2441 3611 2506 essentiam,

2036 2538 2317 2606 quomodo
2339 2553 2445 2591 una
2468 2536 2675 2591 Christi
2702 2552 2824 2607 qua":
2844 2544 2929 2591 est
2952 2535 3256 2605 composita
3280 2532 3610 2604 hypostasis,

2038 2637 2097 2683 ut
2120 2646 2241 2698 qua:
2274 2629 2347 2685 sit
2376 2645 2444 2685 ex
2492 2628 2713 2684 duobus
2760 2644 2884 2698 qua:
2912 2629 3117 2683 cadunt
3146 2627 3251 2683 sub
3287 2632 3609 2697 aspectum;

2035 2731 2091 2775 et
2112 2738 2179 2776 ex
2212 2737 2322 2776 uno
2349 2721 2494 2791 quod
2527 2720 2676 2776 cadit
2705 2719 2926 2791 (nempe
2955 2719 3216 2790 corpore)
3249 2734 3264 2783 ;
3309 2717 3614 2787 inaspecta-

2035 2813 2163 2868 bilis
2195 2813 2344 2868 enim
2386 2820 2472 2867 est
2527 2813 2676 2867 Deus
2730 2811 2995 2876 Verbum,
3045 2819 3101 2866 et
3131 2810 3354 2870 anima;
3412 2823 3615 2877 corpus

2035 2914 2219 2960 autem
2273 2913 2359 2960 est
2423 2903 2778 2973 aspectabile,
2843 2910 2903 2957 ut
2957 2917 3150 2958 verum
3203 2901 3355 2956 dicat
3409 2900 3609 2958 Paulus

2035 2998 2260 3052 dicens:
2288 2996 2479 3052 Omnia
2505 2996 2561 3049 in
2586 2994 2792 3050 Clu-isto
2816 3004 2938 3049 sunt
2970 2995 3210 3059 condita,
3239 3003 3290 3048 et
3343 3009 3465 3064 qua:
3489 2999 3610 3046 sunt

2033 3107 2191 3159 super
2216 3080 2419 3143 terram
2448 3100 2497 3142 et
2523 3104 2639 3160 qua:
2669 3091 2726 3143 in
2756 3088 2920 3153 cretis,
2967 3096 3017 3141 et
3068 3087 3295 3141 visibilia
3321 3094 3371 3139 et
3426 3084 3610 3139 invisi-

2033 3181 2160 3236 bilia
2190 3180 2258 3232 ⁷⁸.
2290 3180 2410 3246 Quo
2436 3180 2497 3232 ﬁt
2529 3188 2589 3234 ut
2620 3188 2927 3249 propterea~
2947 3178 3059 3233 sint
3087 3192 3309 3247 quoque
3355 3176 3478 3230 duae
3504 3184 3613 3228 ter-

2034 3289 2126 3338 rae,
2157 3288 2224 3327 ea
2256 3288 2379 3342 qua:
2397 3272 2545 3326 cadit
2577 3271 2680 3325 sub
2713 3280 2994 3341 aspectum
3020 3279 3077 3325 et
3097 3285 3161 3324 ea
3175 3284 3422 3339 qumnon
3443 3266 3607 3328 cadit,

1981 3345 1995 3361 ’
2030 3380 2150 3434 qua:
2169 3373 2253 3418 est
2277 3363 2420 3433 apud
2442 3379 2545 3418 nos
2564 3363 2843 3417 scilicetet
2862 3377 2983 3431 quae
2999 3369 3083 3417 est
3110 3359 3492 3415 inhabitabilis
3514 3367 3610 3412 aut

2029 3456 2352 3526 paradisus;
2382 3463 2439 3510 et
2459 3457 2569 3509 duo
2599 3454 2879 3519 animalia,
2898 3454 3125 3524 angelus
3147 3463 3203 3507 et
3240 3454 3426 3516 homo,
3455 3466 3609 3520 aspe-

2028 3548 2263 3613 ctabile;
2299 3540 2423 3602 dum
2473 3563 2648 3618 aquae,
2700 3547 2991 3601 manifesta
3029 3558 3086 3601 et
3114 3561 3224 3600 non
3270 3543 3605 3608 manifesta;

2028 3638 2138 3692 duo
2163 3640 2411 3709 spiritus,
2445 3653 2646 3708 nempe
2671 3637 2977 3707 spiritualis
3011 3646 3067 3691 et
3110 3636 3357 3698 divinus,
3382 3646 3439 3691 et
3474 3650 3606 3689 ven-

2029 3740 2153 3796 tus;
2201 3731 2406 3800 duplex
2427 3730 2588 3801 ignis.
2627 3744 2827 3799 nempe
2859 3728 3163 3784 materialis
3200 3740 3255 3784 et
3287 3743 3396 3782 non
3437 3736 3606 3780 mate-

2029 3822 2439 3892 rialis;duplex
2468 3823 2583 3886 lux,
2637 3837 2701 3875 ea
2732 3837 2854 3892 qua:
2910 3820 3059 3876 cadit
3101 3819 3205 3874 sub
3248 3828 3526 3888 aspectum
3554 3826 3608 3872 et

2027 3934 2091 3972 ea
2120 3932 2243 3986 quae
2280 3932 2394 3972 non
2454 3916 2636 3982 cadit;
2688 3915 2801 3969 duo
2857 3929 3059 3986 genera
3117 3894 3519 3967 animationum
3552 3917 3609 3964 et

2028 4008 2319 4063 mobilium
2365 4015 2733 4077 potestatum;
2792 4007 3026 4061 mortale
3060 4005 3302 4076 (dicatur
3349 4002 3497 4057 enim
3552 4008 3608 4056 et

2026 4102 2123 4173 qui
2154 4100 2305 4155 estin
2336 4099 2567 4154 rationis
2595 4098 2916 4168 expertibus
2947 4096 3322 4151 animantibus
3356 4092 3602 4163 spiritus,

2028 4194 2210 4248 anima
2268 4209 2369 4263 per
2393 4189 2651 4261 abusum)
2688 4198 2745 4245 et
2777 4190 3050 4260 quodest
3082 4190 3137 4242 in
3186 4187 3350 4242 nobis
3373 4186 3603 4241 immor-

2030 4284 2157 4339 tale.
2204 4282 2456 4353 Duplicia
2516 4280 2840 4344 animantia,
2905 4279 3200 4334 terreStria
3248 4285 3307 4333 et
3360 4276 3601 4340 marina;

2028 4374 2233 4444 duplex
2251 4381 2336 4428 est
2383 4372 2494 4426 vita
2553 4369 2880 4440 temporalis
2913 4377 2969 4423 et
2997 4377 3241 4430 aeterna;
3297 4367 3499 4436 duplex
3516 4379 3605 4435 ge-

2029 4465 2265 4531 neratio,
2321 4480 2390 4519 ex
2423 4462 2649 4526 femina,
2680 4470 2734 4515 et
2766 4477 2832 4515 ex
2861 4459 3100 4514 mortuis
3132 4476 3146 4524 ;
3178 4458 3382 4531 duplex
3426 4454 3605 4524 bapti-

2028 4574 2145 4614 sma
2175 4574 2272 4628 per
2296 4571 2494 4626 aquam
2530 4563 2586 4609 et
2612 4553 2902 4623 spiritum;
2934 4551 3141 4621 duplex
3178 4548 3443 4619 cognitio,
3469 4561 3604 4616 prae-

347 4644 405 4689 et
427 4634 691 4701 caelestis,
732 4646 793 4692 ut
821 4638 958 4694 dicit
982 4640 1203 4697 divinus
1227 4643 1282 4697 in
1298 4645 1574 4717 theologia
1602 4648 1920 4720 Gregorius,
1957 4646 2000 4703 D
2026 4665 2153 4705 sens
2180 4647 2471 4713 etl'utura;
2496 4644 2740 4714 duplicia
2754 4644 2922 4707 bona,
2945 4641 3269 4712 temporalia
3299 4647 3600 4702 etaatcrna;

347 4735 405 4779 et
434 4724 598 4779 rebus
620 4735 676 4780 et
700 4728 918 4794 verbis,
957 4725 1280 4800 Dei‘Verbi,
1344 4736 1437 4807 qui
1484 4738 1779 4808 aliquando
1825 4743 1928 4797 fuit

349 4816 607 4887 simplex,
640 4821 1099 4889 compositionem
1130 4835 1187 4881 et
1229 4827 1691 4898 incarnationem,
1723 4833 1780 4887 in
1828 4835 1929 4889 ho

346 4905 497 4960 mine
520 4906 677 4976 prius
703 4906 983 4965 describat
1008 4911 1315 4983 Scriptura.
1341 4915 1710 4983 Quamobrem
1749 4920 1926 4992 ipsum

348 5014 567 5069 quoque
590 5015 755 5070 quam
779 5003 1003 5072 angelos
1031 5004 1161 5060 fecit
1180 5005 1325 5061 Deus
1353 5008 1423 5062 ad
1447 5024 1602 5064 suam
1630 5010 1924 5083 imaginem

346 5101 405 5144 «οι
438 5091 858 5149 similitudinem
895 5095 1118 5152 dicens:
1149 5097 1341 5154 Omnia
1374 5102 1514 5155 eizim
1546 5119 1640 5171 per
1673 5107 1848 5175 ipsum
1872 5117 1921 5160 et

344 5182 401 5234 in
438 5182 550 5253 ipso
585 5182 728 5253 facta
755 5195 879 5238 sunt
910 5187 979 5254 ⁷³,
1012 5187 1316 5245 discutiens
1340 5192 1460 5261 ejus
1486 5194 1921 5253 incamationem

347 5274 921 5346 compositionemque
973 5288 1029 5333 et
1082 5279 1579 5352 combinationem;
1631 5285 1922 5353 duas,in-

346 5381 534 5433 quam,
565 5365 878 5423 individuas
918 5367 1123 5425 Christi
1156 5374 1426 5429 essentias
1466 5392 1478 5428 :
1512 5392 1709 5447 nempe
1738 5388 1794 5433 et
1835 5381 1922 5433 in-

346 5459 733 5526 aspectabilcm
751 5461 873 5531 ejus
898 5460 1228 5530 divinitatis,
1266 5476 1322 5519 et
1354 5469 1744 5537 aspectabilcm
1765 5472 1835 5525 ab
1855 5488 1922 5527 eo

347 5547 644 5605 individua:
682 5553 803 5622 ejus
832 5553 1222 5622 humanitatis;
1248 5559 1507 5614 universa
1535 5570 1643 5615 tam
1677 5574 1925 5632 aspecta-

352 5637 451 5690 bili
479 5655 642 5707 quam
676 5657 789 5697 non
808 5647 1130 5712 aspectabili
1153 5661 1405 5706 creatura
1420 5663 1610 5723 aperte
1626 5669 1751 5709 eum
1774 5654 1927 5709 enin-

356 5736 517 5794 gente
540 5739 596 5782 et
616 5732 737 5801 ejus
755 5735 1095 5801 exprimente
1127 5740 1448 5811 imaginem.

432 5836 474 5927 ξ’
501 5835 690 5927 gluttu.
713 5843 902 5927 (tua.
977 5846 1023 5875 ⁷ο
1055 5847 1197 5927 ξδξδι.
1233 5867 1395 5919 cxvn,
1427 5856 1510 5908 19.
1588 5859 1628 5889 ⁷⁷
1659 5859 1815 5915 Joan.
1841 5878 1930 5927 xx,
1960 5864 2047 5917 28.

374 5913 471 5961 nrt.
501 5903 554 5955 3.
631 5904 678 5937 ⁷⁸
713 5907 922 5962 Coloss.
981 5929 1017 5979 ι,
1062 5915 1149 5972 16.

2032 4741 2155 4796 dua:
2178 4740 2346 4809 leges,
2373 4740 2580 4808 scripta
2606 4745 2662 4790 et
2690 4734 3000 4806 Spirituaiis
3029 4750 3044 4800 ;
3086 4733 3199 4788 duo
3230 4731 3601 4791 Testamenta,

2027 4830 2138 4885 duo
2226 4828 2436 4898 populi.
2515 4827 2646 4881 Duae
2731 4824 3082 4879 narrationes
3173 4818 3603 4877 constructionis

2012 4921 2240 4985 'Adami,
2281 4935 2389 4974 una
2441 4918 2698 4988 simplex,
2764 4915 3010 4972 secunda
3043 4930 3231 4970 crassa
3271 4924 3329 4969 et
3385 4921 3602 4967 terrena

2026 5013 2194 5068 veluti
2219 5011 2414 5081 dupla:
2447 5019 2739 5080 postquam
2774 5008 2960 5063 statim
2991 5007 3240 5076 duplicat
3260 5021 3348 5061 res
3367 5003 3603 5075 prepbe-

2026 5118 2077 5162 ta
2102 5107 2303 5169 Moses,
2328 5104 2416 5159 vel
2447 5104 2633 5174 potius
2659 5101 2755 5172 qui
2800 5100 3050 5170 loquitur
3098 5100 3153 5153 in
3200 5100 3320 5168 ipso
3346 5097 3597 5168 angelus;

2021 5210 2084 5253 ut
2114 5214 2237 5267 qua:
2252 5197 2363 5252 sint
2390 5195 2639 5267 symbola
2678 5193 2913 5247 duarum
2936 5190 3144 5247 Christi
3174 5191 3595 5260 proprietatum.

2022 5288 2179 5345 Unde
2218 5287 2385 5343 etiam
2417 5287 2596 5356 ipsum
2627 5284 2871 5339 ostendit
2896 5283 3176 5351 duplicem
3203 5282 3598 5350 plantatorem;

2023 5382 2226 5452 duplex
2258 5380 2490 5451 lignum,
2520 5378 2722 5434 sensile
2740 5387 2795 5432 et
2819 5376 2873 5430 id
2908 5375 3054 5444 quod
3087 5375 3237 5428 cadit
3266 5374 3368 5427 sub
3396 5371 3597 5426 intelli—

2032 5473 2305 5543 gentiam:
2373 5470 2515 5525 duos
2580 5484 2812 5523 narrans
2866 5466 3134 5535 aquarum
3189 5466 3408 5528 ﬂuvios,
3463 5464 3596 5517 duas

2032 5565 2295 5635 quasdam
2333 5562 2726 5632 plantationes.
2763 5561 2900 5616 duas
2954 5560 3243 5613 volucrum
3293 5556 3599 5627 generatio-
3636 5565 3645 5570 ·

2033 5673 2165 5711 nes:
2193 5654 2471 5724 duplicem
2496 5652 2799 5723 posituram
2828 5651 3072 5705 hominis
3097 5650 3153 5703 in
3186 5647 3428 5717 paradisi
3454 5663 3467 5700 :
3493 5645 3598 5700 duo

2034 5764 2158 5803 cum
2180 5747 2390 5801 Adamo
2416 5745 2711 5815 colloquia,
2749 5758 2919 5799 unum
2956 5740 3278 5796 animalium
3331 5748 3385 5793 et
3432 5750 3595 5790 unum

2126 5865 2168 5892 “²
2190 5861 2397 5917 Coloss.
2422 5877 2458 5929 ι,
2491 5861 2577 5915 16.
2680 5858 2726 5890 ⁷³
2767 5857 2823 5911 S.
2844 5856 3038 5910 Thom.
3062 5872 3077 5909 ι
3102 5865 3271 5925 part.,
3300 5865 3488 5923 quaest.
3518 5853 3598 5917 $5,
