4056 6148
377 416 481 482 953

1480 410 1558 469 1N
1597 404 2149 469 HEXAEMERON.
2182 432 2246 440 -ο
2271 386 2415 469 Lm.
2458 410 2585 469 vn.

3528 404 3639 471 95$

326 508 335 517 1
378 529 506 581 vita:
548 526 676 595 (hoc
708 524 1020 592 est,Eva¢);
1068 530 1125 577 et
1167 521 1309 576 duos
1354 536 1587 574 narrans
1620 520 1677 573 in
1721 532 1788 572 eo
1823 515 1961 570 ami-
1989 517 2044 570 A-
2061 516 2468 586 contemplator
2511 527 2568 572 et
2615 518 2919 587 inspector.
2971 518 3204 584 Quando
3252 525 3458 582 autem,
3510 532 3636 571 eum

376 629 532 672 ctus:
560 631 730 670 unum
761 629 827 669 ex
847 614 1017 679 foliis,
1057 612 1462 682 significantem
1519 609 1778 664 subtilem
1814 608 1957 677 (qua:

376 720 447 759 ex
481 704 669 757 radice
715 712 945 772 paterna
1011 700 1285 771 procedit)
1339 698 1504 754 Verbi
1567 697 1954 761 divinitatem;

377 797 615 850 alterum
642 810 711 849 ex
744 795 978 864 pellicea
1003 793 1189 847 tunica
1218 793 1342 862 ejus
1372 807 1493 861 quae
1539 789 1774 860 peperit,
1819 787 1958 842 duas

375 884 633 939 mulieris
691 884 1059 948 narrationes,
1110 882 1251 937 duos
1306 882 1426 952 ejus
1459 881 1742 934 fructuum
1782 877 1960 931 :duas

376 979 702 1032 animalium
748 976 1129 1039 formationes,
1206 975 1343 1029 duas
1386 973 1489 1027 viri
1535 971 1955 1042 appellationes.

378 1069 547 1125 Prius
570 1070 717 1123 enim
743 1068 1015 1121 formatus
1046 1067 1367 1121 nominatur
1402 1066 1592 1129 homo,
1638 1072 1830 1133 postea
1865 1080 1960 1116 no-

379 1160 735 1215 minatusest
786 1159 979 1221 Adam,
1014 1158 1118 1211 hoc
1170 1166 1274 1222 est,
1317 1166 1465 1211 terra
1516 1153 1957 1229 sanguinolenta.

381 1233 653 1306 Similiter
706 1251 873 1305 etiam
893 1250 1035 1304 duas
1077 1248 1329 1304 mulieris
1369 1247 1800 1317 appellationes:
1854 1247 1962 1314 pri-

380 1357 535 1396 mum
575 1341 725 1396 enim
767 1341 1041 1410 appellata
1091 1350 1174 1394 est
1221 1340 1457 1404 mulier;
1502 1338 1701 1392 deinde
1748 1346 1958 1406 postea,

378 1433 519 1497 Eva,
553 1435 661 1487 hoc
687 1442 793 1497 est,
826 1437 956 1486 vita.
990 1432 1113 1486 Non
1160 1433 1341 1486 solum
1373 1440 1558 1485 autem
1596 1430 1840 1495 Christo,
1865 1429 1962 1483 sed

376 1523 550 1577 etiam
595 1522 814 1576 duabus
865 1521 1132 1576 Ecclesiis
1166 1520 1509 1575 conveniunt
1567 1520 1819 1588 duplices
1873 1534 1963 1573 res

379 1615 692 1685 Scriptura:
722 1629 862 1684 quas
914 1629 1063 1668 nunc
1106 1613 1309 1668 adduxi
1356 1622 1583 1683 propter
1627 1613 1962 1681 duplicatio-

376 1720 509 1758 nem
535 1704 778 1759 nominis
809 1704 1027 1758 Domini
1055 1705 1150 1772 qui
1180 1703 1335 1773 prius
1369 1703 1762 1757 nominabatur
1780 1703 1960 1756 Deus:

375 1798 604 1865 quando
637 1806 822 1851 autem
855 1796 1034 1851 factus
1056 1797 1162 1850 fuit
1200 1797 1387 1862 homo,
1420 1796 1605 1851 statim
1651 1795 1964 1865 appellatus

2063 624 2164 678 per
2201 625 2422 664 carnem
2468 610 2803 677 advenisset,
2859 621 3153 681 tyrannum
3214 610 3503 665 inimicum
3536 624 3640 663 no-

2064 709 2240 755 strum
2296 703 2600 771 percussit;
2649 703 2874 772 quando
2922 712 3157 758 mortem
3197 711 3377 757 morte
3425 700 3638 755 aﬁ‘ecit:

2064 794 2288 863 quando
2336 810 2438 849 nos
2486 812 2517 849 a
2569 795 2879 850 daemonum
2933 811 3096 850 manu
3134 796 3369 860 avulsit;
3418 794 3643 864 quando

2064 884 2254 939 docuit
2298 885 2498 954 impios
2542 887 2637 940 Dei
2684 886 3087 955 cognitionem;
3133 885 3352 955 quando
3386 895 3576 953 gentes
3610 900 3640 936 a

2065 975 2223 1030 Patre
2272 976 2487 1045 accepit
2542 976 2597 1028 in
2653 975 3067 1037 lncreditatem;
3117 973 3339 1043 quando
3395 971 3643 1041 possedit

2065 1068 2203 1123 ﬁnes
2257 1072 2447 1135 terrae;
2480 1070 2702 1138 quando
2746 1069 3064 1123 dominatus
3095 1076 3180 1120 est
3227 1084 3257 1119 a
3296 1066 3430 1119 mari
3469 1081 3645 1132 usque

2066 1161 2132 1214 ad
2181 1154 2331 1215 mare
2373 1171 2430 1215 et
2476 1178 2507 1215 a
2541 1161 2724 1216 ﬂuviis
2763 1176 2935 1229 usque
2977 1161 3045 1215 ad
3097 1160 3232 1213 ﬁnes
3260 1158 3413 1213 orbis
3440 1169 3640 1212 terrae:

2069 1260 2202 1306 tunc
2248 1253 2516 1307 Dominus
2558 1261 2642 1308 est
2692 1254 3021 1323 appellatus,
3073 1262 3133 1306 ut
3179 1252 3272 1321 qui
3322 1251 3494 1304 nostri
3542 1250 3643 1303 do—

2067 1346 2374 1399 minaretur
2412 1345 2465 1398 in
2494 1361 2634 1414 quos
2669 1356 2831 1399 antea
2868 1345 3173 1399 doniinium
3208 1343 3487 1397 obtinebat
3524 1340 3644 1395 dia-

2064 1436 2244 1490 bolus.
2283 1436 2451 1505 quue
2496 1437 2669 1490 David
2714 1445 2902 1506 aperte
2957 1438 3297 1506 prophetans
3346 1436 3397 1489 ei
3446 1434 3584 1488 dixit
3625 1449 3641 1487 :

2066 1528 2289 1583 Domine
2312 1528 2568 1583 Dominus
2592 1537 2787 1595 noster,
2814 1548 2975 1600 quam
3007 1529 3319 1584 admirabile
3343 1536 3416 1581 est
3456 1542 3642 1580 nomen

2067 1630 2217 1675 tuum
2245 1623 2301 1674 in
2339 1623 2582 1677 universa
2614 1632 2757 1677 terra
2793 1626 2831 1654 ‘”
2857 1624 2882 1676 ?
2914 1622 3175 1688 Quoniam
3222 1623 3285 1675 ab
3325 1630 3445 1675 ortu
3484 1634 3646 1690 usque

2068 1715 2138 1769 ad
2178 1732 2419 1769 occasum
2450 1714 2716 1770 laudabile
2736 1733 2924 1770 nomen
2958 1716 3169 1769 Domini
3196 1717 3265 1768 δ’.
3300 1716 3371 1768 Et
3400 1733 3412 1767 :
3452 1711 3643 1767 Excel-

2068 1819 2155 1855 sus
2190 1820 2347 1873 super
2381 1820 2559 1873 omnes
2596 1815 2772 1874 gentes
2827 1803 3080 1857 Dominus
3110 1804 3154 1834 ⁸³
3177 1803 3353 1857 Jesus.
3390 1802 3456 1855 Et
3490 1820 3503 1854 :
3537 1800 3646 1853 Do-

373 1890 486 1944 Ῑυίι
545 1899 602 1944 0'-
649 1890 914 1944 υυιιιίηυε
973 1900 1030 1943 ει
1078 1890 1247 1955 θευε,
1307 1890 1490 1943 carnis
1540 1897 1811 1958 susceptae
1861 1887 1958 1941 Πθί
1989 1885 2032 1939 Β
2064 1898 2237 1951 minus
2269 1897 2530 1967 regnavit,
2566 1896 2805 1950 decorem
2848 1895 3063 1949 indutus
3106 1902 3181 1947 est
3217 1893 3422 1955 carnis,
3474 1893 3645 1945 induit

378 1982 554 2037 Verbi
581 1981 1057 2050 dispensationem
1107 1981 1396 2050 Scriptura
1444 1982 1740 2050 perspicue
1798 1981 1962 2035 nobis

376 2072 866 2141 prmsigniﬁeante.
900 2072 1037 2125 Nam
1090 2070 1238 2140 quod
1266 2070 1333 2124 de
1377 2070 1630 2125 humana:
1655 2078 1865 2125 natum
1892 2069 1961 2123 ab

375 2179 451 2217 eo
474 2164 827 2233 susceptione
857 2164 1162 2232 accipiatur
1186 2162 1292 2216 hoc
1313 2177 1513 2216 nomen
1536 2161 1962 2227 Dominus,.audi

376 2240 557 2310 David
603 2256 918 2311 dicentem:
973 2252 1287 2308 Benedictus
1336 2256 1427 2324 qui
1472 2256 1611 2308 venit
1649 2256 1704 2308 in
1752 2256 1964 2308 nomine

377 2349 595 2403 Domini
647 2348 786 2401 Deus
844 2347 1126 2414 Dominus,
1168 2355 1218 2399 et
1272 2348 1525 2416 apparuit
1574 2347 1720 2400 nobis
1780 2347 1849 2400 ⁷⁸.
1896 2347 1964 2400 Et

380 2454 615 2493 rursus:
644 2437 794 2491 Dixit
826 2437 1081 2491 Dominus
1115 2437 1339 2490 Domino
1364 2452 1477 2489 meo
1500 2452 1518 2489 :
1537 2435 1673 2490 Sede
1705 2455 1735 2489 a
1764 2437 1963 2490 dextris

379 2532 513 2584 meis
540 2530 607 2593 ⁷⁸,
662 2544 861 2599 nempe
904 2539 1030 2598 post
1084 2538 1400 2597 susceptam
1453 2543 1708 2594 carnem;
1768 2528 1964 2584 sedere

380 2621 536 2675 enim
560 2629 645 2676 est
671 2621 956 2690 preprium
989 2635 1311 2689 corporum.
1355 2618 1510 2673 Unde
1550 2620 1719 2674 etiam
1745 2619 1965 2674 Gabriel

380 2732 415 2769 e
443 2714 584 2768 cmlo
628 2713 770 2767 hanc
814 2712 1046 2767 deduxit
1106 2711 1564 2781 appellationem,
1609 2711 1799 2766 dicens
1851 2712 1969 2781 glo-

381 2803 707 2858 riosissima:
733 2803 979 2872 Dciparaa
1001 2820 1015 2855 :
1041 2801 1167 2865 Ave,
1196 2804 1375 2873 gratia
1412 2801 1592 2872 plena,
1619 2802 1871 2856 Dominus
1899 2811 1967 2856 te-

380 2914 504 2951 cum
529 2898 566 2927 ⁷⁷
588 2939 601 2951 .
630 2897 700 2951 Ει
727 2895 1004 2952 Gabrielis
1029 2895 1282 2966 coangeli
1307 2894 1504 2949 dicunt
1524 2895 1840 2964 pastoribus
1869 2896 1965 2965 qui

379 2989 621 3045 erantin
652 2989 972 3044 Bethleem:
1029 2988 1201 3041 Natus
1224 2994 1300 3041 est
1333 2989 1493 3040 'vobis
1530 2986 1692 3057 891
1731 2986 1966 3041 Christus

384 3081 644 3136 Dominus
675 3083 730 3135 in
764 3082 980 3134 civitate
1034 3079 1207 3134 David
1239 3080 1308 3133 ⁷⁸.
1341 3078 1480 3134 Cum
1533 3079 1736 3148 quibus
1787 3079 1964 3133 Elisa-

384 3173 540 3237 beth,
559 3182 620 3227 ut
640 3172 899 3243 praeclare
920 3182 1018 3241 par
1035 3170 1263 3241 angelis,
1278 3170 1456 3241 angeli
1483 3181 1675 3227 mater.
1693 3169 1833 3224 dixit
1849 3170 1964 3239 pari

385 3264 617 3335 angelis,
647 3272 705 3318 et
743 3279 866 3333 quae
897 3273 1018 3318 erat
1065 3262 1150 3318 vel
1176 3262 1403 3333 angelus
1456 3262 1541 3316 vel
1579 3262 1962 3330 archangelus,

383 3366 443 3411 et
470 3356 636 3410 etiam
662 3371 830 3425 supra
861 3354 1108 3425 angelos,
1159 3354 1256 3408 Dei
1305 3354 1506 3409 matri:
1548 3353 1614 3407 Et
1668 3356 1805 3406 unde
1841 3354 1968 3407 mihi

385 3450 482 3503 hoc
508 3457 564 3500 ut
602 3450 775 3502 veniat
811 3457 980 3501 mater
1008 3446 1225 3500 Domini
1268 3448 1369 3500 mei
1403 3446 1474 3501 ad
1502 3463 1584 3500 me
1639 3446 1727 3498 1"'?
1769 3446 1969 3501 Paulus

386 3549 572 3595 autem
623 3540 677 3594 id
729 3540 876 3610 quod
906 3539 1115 3595 Christi
1155 3538 1376 3593 Domini
1436 3545 1561 3592 erat
1612 3553 1965 3608 corporeum,

390 3633 643 3687 nominat
669 3632 999 3687 Dominum:
1027 3631 1166 3698 Non,
1217 3631 1419 3701 inquit,
1457 3631 1745 3684 hominum
1785 3632 1969 3702 gloria:

387 3723 771 3792 cruciﬁxissent
825 3726 892 3778 ⁸ο.
945 3724 1013 3777 Ει
1060 3723 1115 3780 in
1156 3723 1426 3778 descensu
1458 3723 1526 3776 ad
1570 3723 1797 3789 inferos,
1825 3735 1882 3780 et
1913 3725 1969 3780 in

389 3817 773 3885 assumptione
797 3816 866 3870 ad
897 3816 1088 3881 cmlos,
1122 3816 1415 3870 Dominum
1449 3814 1650 3869 fortem
1685 3826 1742 3871 et
1769 3826 1970 3885 poten-

394 3916 604 3972 tem,et
625 3907 920 3963 Dominum
950 3909 1300 3962 exercituum
1338 3905 1620 3962 Christum
1657 3909 1836 3979 angeli
1871 3925 1971 3980 ap-

392 3998 689 4069 pellarunt.
715 3997 875 4064 Quod
908 3996 954 4052 si
990 3997 1074 4052 vis
1094 3996 1264 4050 etiam
1295 4012 1517 4051 causam
1543 4007 1772 4067 propter
1802 4015 1971 4068 quam

389 4089 538 4144 Deus
595 4089 918 4143 nominatus
949 4094 1034 4142 est
1086 4086 1353 4142 Dominus
1401 4095 1523 4157 post
1576 4089 1756 4144 carnis
1782 4106 1972 4144 susce-

390 4183 674 4254 ptionem,
708 4197 811 4252 ego
856 4181 912 4235 id
967 4180 1067 4235 tibi
1123 4180 1470 4235 conﬁdenter
1520 4180 1967 4252 interpretabor:

390 4276 707 4329 divinarmn
735 4274 1176 4343 Scripturm‘um,
1231 4280 1289 4327 et
1330 4288 1615 4328 sacrorum
1653 4290 1848 4329 earum
1885 4276 1973 4330 in-

392 4375 700 4436 terpretum
720 4366 932 4420 habens
952 4365 1295 4436 suﬁ‘ragium.
1322 4364 1735 4421 Celeberrimos
1756 4383 1887 4438 ergo
1918 4377 1975 4423 et

393 4473 586 4513 earum
607 4457 926 4512 divinarum
952 4464 1130 4526 mysta
1152 4458 1489 4527 apostolicus
1518 4459 1813 4530 Dionysius
1838 4460 1977 4516 dicit

1992 3222 2042 3282 C

2060 1988 2323 2045 Dominus
2380 1989 2684 2051 hominem,
2730 1987 2912 2042 crucis
2967 1986 3358 2057 fortitudinem,
3422 1992 3647 2055 propter

2067 2081 2247 2149 ipsum
2294 2079 2388 2149 qui
2432 2089 2549 2134 erat
2593 2079 2867 2140 inﬁrmus,
2901 2092 2946 2131 et
2978 2079 3255 2149 praecinxit
3300 2093 3355 2130 se
3386 2076 3452 2128 ⁸⁸.
3488 2076 3556 2130 Et
3582 2090 3649 2130 ea

2065 2173 2133 2227 de
2179 2189 2342 2227 causa
2396 2172 2689 2226 Dominum
2750 2172 2919 2225 Deum
2982 2170 3279 2239 appellavit
3332 2169 3646 2237 Scriptura,

2066 2265 2288 2334 quando
2335 2264 2541 2333 duplex
2592 2264 2681 2318 ille
2731 2264 2899 2317 homo
2949 2261 3290 2331 compositus
3322 2268 3406 2313 est
3435 2276 3501 2313 ex
3532 2260 3650 2313 luto

2066 2356 2250 2410 divina
2273 2356 2660 2410 insuﬁlatione.
2694 2354 2869 2408 Finxit
2915 2353 3084 2415 enim,
3118 2352 3318 2422 inquit,
3377 2351 3516 2404 Deus
3551 2352 3648 2404 Ιιο-

2068 2448 2280 2509 minem,
2307 2446 2575 2517 pulverem
2595 2446 2853 2508 accipiens
2875 2453 3088 2505 eterra,
3120 2451 3169 2494 et
3193 2441 3473 2511 insnﬁlavit
3492 2443 3547 2494 in
3576 2440 3652 2509 fa-

2065 2544 2193 2596 ciem
2211 2543 2323 2611 ejus
2348 2543 2595 2610 spiritum
2611 2542 2750 2601 vine,
2781 2549 2829 2592 et
2859 2539 3029 2607 factus
3050 2546 3125 2591 est
3151 2541 3304 2590 homo
3334 2538 3389 2589 in
3409 2537 3650 2590 animam

2068 2636 2346 2688 viventem.
2381 2634 2589 2687 Vellem
2637 2647 2787 2685 nunc
2831 2647 2998 2685 carne
3054 2629 3191 2683 mihi
3246 2629 3439 2683 adesse
3472 2628 3650 2698 ipsum

2067 2725 2271 2779 Mosem
2308 2724 2472 2794 hujus
2524 2722 2651 2777 libri
2713 2723 3065 2791 scriptorem,
3102 2730 3159 2775 et
3192 2722 3371 2789 ipsum
3409 2719 3652 2773 interro-

2068 2831 2197 2887 gare
2244 2830 2468 2869 causam
2526 2812 2924 2883 duplicationis
2969 2811 3214 2865 nominis
3274 2810 3393 2872 Dei,
3442 2809 3488 2863 si
3540 2824 3652 2863 non

2068 2906 2253 2960 statim
2299 2905 2611 2972 exspuisset
2657 2905 2714 2957 in
2764 2903 2962 2958 faciem
2991 2901 3330 2973 impudentis
3359 2901 3655 2972 Synagcgaa

2068 3000 2405 3056 Judazorum.
2425 2998 2560 3065 Quis
2578 2999 2746 3059 enim,
2763 3011 2970 3066 qumso.
2986 3011 3094 3049 non
3119 2995 3466 3064 obstupuerit
3482 2993 3651 3063 quod,

2070 3099 2200 3161 post
2244 3091 2710 3159 complementum
2770 3087 3047 3141 universae
3096 3101 3191 3140 sex
3246 3085 3463 3139 dierum
3495 3099 3655 3138 crea-

2072 3182 2259 3246 tionis,
2281 3195 2405 3233 cum
2428 3180 2673 3234 venisset
2704 3178 2879 3233 Moses
2908 3177 2974 3231 ad
3004 3176 3321 3231 summatim
3353 3175 3654 3230 faciendam

2072 3270 2487 3342 repetitionem,
2510 3270 2695 3324 statim
2722 3267 2935 3323 inducit
2968 3266 3401 3337 duplicationem
3432 3277 3487 3319 et
3507 3280 3658 3319 com-

2069 3361 2402 3433 positionem
2426 3359 2669 3414 nominis
2686 3358 2806 3422 Dei,
2826 3357 3144 3427 signiﬁcans
3162 3354 3367 3410 Christi
3387 3361 3658 3421 susceptae

2069 3454 2252 3509 carnis
2280 3452 2778 3523 dispensationem,
2816 3466 3014 3519 nempe
3040 3447 3188 3519 quod
3212 3456 3479 3502 venturus
3510 3454 3658 3500 esset

2070 3548 2139 3602 ad
2179 3547 2363 3601 omnia
2411 3546 2469 3600 in
2516 3559 2789 3599 summam
2838 3552 2895 3596 et
2934 3548 3101 3610 caput
3148 3538 3509 3592 instauranda
3566 3553 3657 3592 re-

2070 3639 2456 3707 novandaque,
2508 3642 2565 3690 et
2616 3650 2817 3703 novam
2870 3631 3177 3687 faciendam
3220 3637 3551 3693 creaturam,
3604 3635 3661 3682 et

2071 3741 2275 3780 novum
2318 3723 2624 3789 hominem,
2660 3732 2717 3777 et
2748 3737 2952 3776 novum
2982 3721 3202 3784 cmlum,
3234 3728 3290 3772 et
3317 3715 3514 3772 novam
3548 3726 3659 3771 ter-

2072 3834 2213 3882 ram,
2232 3826 2288 3873 et
2317 3833 2457 3871 nova
2485 3815 2768 3875 animalia,
2796 3825 2853 3869 et
2889 3829 3062 3868 novas
3092 3812 3371 3869 volucres.
3400 3818 3457 3863 et
3488 3825 3661 3863 novos

2073 3912 2307 3973 fructus,
2348 3916 2405 3964 et
2452 3923 2626 3963 novos
2672 3906 2980 3977 paradisos,
3028 3914 3084 3958 et
3123 3918 3296 3957 novos
3342 3902 3559 3965 fluvios,
3605 3910 3661 3971 et

2073 4019 2278 4058 novum
2323 4001 2515 4055 orbem
2573 4009 2731 4053 terra:
2759 3996 2959 4065 ?Quod
3000 3995 3224 4067 quidem
3261 4002 3450 4065 aperte
3479 3995 3663 4049 sciens

2074 4096 2279 4151 Paulus
2308 4093 2530 4148 dicebat
2562 4089 2654 4145 :Si
2683 4108 2789 4162 qua
2812 4099 2887 4143 est
2918 4091 2972 4143 in
2996 4088 3204 4144 Christo
3227 4103 3362 4141 nova
3387 4096 3657 4150 creatura,

2074 4196 2251 4241 vetera
2284 4185 2676 4255 prazterierunt,
2712 4197 2827 4235 ecce
2860 4181 3002 4250 facta
3046 4189 3169 4233 sunt
3201 4179 3382 4232 omnia
3431 4195 3565 4231 nova
3590 4177 3659 4232 ⁸⁸.

2075 4274 2231 4341 Quod
2261 4281 2444 4328 autem
2470 4271 2622 4326 omni
2669 4279 2902 4339 stupore
2955 4277 3012 4322 et
3040 4266 3404 4321 admiratione
3434 4265 3660 4336 dignum

2075 4376 2182 4433 est,
2215 4376 2272 4422 et
2302 4364 2437 4419 illud
2479 4363 2624 4433 quod
2653 4378 2753 4433 per
2780 4361 3093 4416 universam
3127 4375 3222 4414 sex
3252 4359 3468 4413 dierum
3504 4368 3663 4412 crea-‘

2076 4458 2285 4513 tionem
2328 4455 2569 4525 simplici
2610 4461 2666 4509 et
2713 4451 3085 4521 incomposito
3119 4451 3343 4505 nomine
3367 4450 3659 4503 nominans

394 4549 451 4603 in
480 4548 886 4618 sapientissima
935 4562 1033 4602 sua
1089 4547 1409 4619 Theologia,
1431 4549 1578 4618 quod
1624 4551 1770 4606 Deus
1789 4551 1977 4609 Graece
2010 4573 2054 4627 ο
2083 4551 2366 4621 Scriptura
2398 4548 2586 4603 divina
2626 4545 2970 4609 Creatorem,
2998 4543 3304 4613 simplicem
3335 4556 3555 4611 quoque
3584 4540 3666 4593 in-

394 4639 599 4695 dicitur
620 4638 775 4703 Θεὸς,
806 4653 872 4691 ex
908 4652 975 4692 eo
1004 4636 1151 4706 quod
1179 4637 1363 4692 omnia
1387 4637 1602 4708 θεώρει,
1640 4640 1696 4695 id
1720 4651 1806 4696 est
1853 4659 1984 4698 eon-

396 4733 694 4802 templatur
721 4739 778 4786 et
806 4717 1038 4800 aspicit:
1072 4730 1341 4785 Dominus
1367 4739 1575 4796 autem,
1632 4749 1830 4805 nempe
1866 4737 1981 4790 K6-

398 4841 533 4894 pto;,
564 4840 631 4879 ex
661 4838 730 4878 eo
758 4821 907 4892 quod
946 4823 1225 4891 κυριεύει,
1256 4820 1312 4875 id
1339 4830 1423 4875 est
1468 4822 1734 4878 ditionem
1785 4827 1986 4883 haheat

398 4931 462 4970 ac
501 4915 841 4970 dominetur.
899 4912 1104 4984 Κύριος
1158 4913 1309 4968 enim
1355 4899 1561 4967 dicitur
1615 4920 1863 4985 potentia
1915 4935 1981 4974 ac

397 5006 740 5061 dominatio:
777 5007 981 5073 ἄκυριιν
1034 5004 1242 5058 dicitur
1298 5004 1445 5073 quod
1501 5015 1586 5059 est
1635 5008 1873 5062 Otiosum
1923 5018 1981 5063 et

397 5115 508 5154 non
555 5100 722 5154 habet
773 5099 948 5153 robur
986 5114 1050 5152 ae
1095 5106 1451 5167 potestatem,
1501 5099 1597 5153 sed
1650 5116 1885 5155 vacuum
1923 5109 1980 5156 et

399 5192 562 5246 inane
599 5190 870 5245 redditur.

468 5283 639 5338 Recte
680 5297 815 5351 ergo
852 5290 1087 5351 apteque
1119 5291 1175 5337 et
1201 5282 1623 5344 convenienter,
1659 5283 1717 5337 in
1748 5301 1849 5339 suo
1875 5286 1977 5340 ad-

398 5384 568 5430 ventu
617 5374 686 5429 ad
725 5374 983 5429 homines
1024 5375 1246 5443 quando
1291 5389 1514 5428 carnem
1565 5376 1810 5445 suscepit
1839 5385 1897 5431 et
1925 5378 1981 5431 in

401 5476 549 5522 terra
583 5468 735 5521 visus
768 5475 853 5522 est
903 5468 1049 5521 Deus
1096 5467 1364 5530 Verbum,
1412 5474 1546 5522 tunc
1587 5448 1762 5523 etiam
1797 5470 1984 5539 appel-

400 5562 547 5615 latus
578 5568 665 5615 est
692 5558 963 5613 Dominus
995 5576 1008 5611 :
1044 5574 1171 5612 nam
1206 5567 1368 5612 antea
1399 5559 1624 5629 quidem
1654 5562 1977 5616 nominaba.

402 5659 495 5707 tur
535 5651 668 5715 Θεὸς
695 5693 710 5716 ,
750 5659 809 5705 ιιι
848 5651 943 5721 qui
989 5660 1135 5706 esset
1180 5650 1373 5704 mundi
1406 5651 1686 5723 Θεωρητὴς
1718 5693 1731 5717 ,
1771 5653 1825 5707 id
1872 5663 1977 5719 est,

498 5763 547 5794 ’⁸
584 5762 727 5817 Psal.
765 5780 925 5828 cxvn,
952 5765 1041 5818 26.

1119 5765 1163 5795 “
1188 5764 1328 5818 Psal.
1367 5780 1473 5830 crx,
1514 5765 1564 5819 1.

402 5836 448 5867 ⁸⁸
502 5834 644 5889 Psal.
681 5851 793 5901 \‘lll,
844 5835 891 5887 'l.

969 5835 1011 5865 ⁸²
1052 5835 1193 5889 Psal.
1240 5851 1364 5901 ex",
1410 5835 1460 5891 5.
1540 5835 1585 5867 ³³
1626 5834 1758 5890 ibid.
1818 5839 1856 5890 ί.

1674 5765 1715 5795 ⁷⁷
1750 5765 1883 5820 Luc.
1931 5785 1965 5826 ι,
1991 5769 2079 5821 98.

1934 5839 1977 5870 ⁸³
2022 5839 2167 5895 l’sal.
2221 5850 2379 5901 sexu,
2426 5832 2473 5887 l.

2078 4643 2439 4713 compositam
2491 4647 2873 4719 creaturarum
2938 4634 3179 4690 faciebat
3238 4632 3659 4687 narrationem:

2072 4743 2364 4805 postquam
2386 4738 2573 4785 autem
2609 4743 2810 4782 nomen
2835 4723 3139 4795 duplicavit
3175 4721 3437 4791 Opiﬁcis,
3480 4719 3664 4773 statim

2076 4826 2133 4880 in
2180 4823 2512 4895 repetitione
2561 4817 2973 4888 conduplicavit
3008 4815 3175 4871 etiam
3207 4813 3348 4867 facta
3378 4826 3566 4880 opera,
3603 4812 3660 4863 in

2076 4918 2159 4972 eis
2210 4932 2320 4971 non
2372 4930 2547 4984 pauca
2595 4911 2806 4966 faciens
2857 4908 3268 4969 additamenta;
3330 4918 3428 4957 nos
3477 4909 3665 4970 aperte

2077 5011 2283 5064 docens
2323 5006 2644 5078 mysterium
2698 5018 2855 5056 novae
2908 5002 2964 5055 in
3016 4999 3240 5054 Christo
3294 5004 3568 5050 creaturae
3613 5001 3668 5045 ct

2075 5100 2360 5156 Ecclesiae.
2405 5098 2527 5153 Non
2580 5096 2759 5151 solum
2801 5094 2950 5148 enim
2987 5107 3155 5161 super
3178 5088 3394 5158 priores
3438 5101 3548 5147 res,
3583 5098 3670 5137 sc-

2078 5193 2290 5249 cundas
2330 5189 2685 5259 multiplicat,
2723 5186 2819 5240 sed
2872 5185 3041 5237 etiam
3086 5194 3334 5249 magnam
3368 5184 3423 5231 et
3455 5178 3664 5230 incom-

2079 5285 2386 5356 parabilem
2414 5284 2468 5336 in
2496 5280 2740 5335 secunda
2769 5277 3052 5333 creatione
3088 5274 3249 5327 nobis
3283 5270 3526 5324 ostendit
3556 5267 3664 5321 dif-

2079 5378 2392 5433 ferentiam.
2419 5376 2555 5430 Nam
2588 5375 2642 5427 in
2684 5370 2852 5441 priori
2885 5368 3109 5436 quidem
3154 5362 3473 5418 narratione
3498 5360 3667 5414 Crea-

2082 5469 2271 5530 tionis,
2311 5467 2445 5522 dicit
2490 5465 2722 5519 herbam
2762 5470 2818 5515 et
2869 5461 3076 5528 lignum
3108 5454 3432 5525 frugiferum
3457 5465 3666 5508 eterra

2080 5562 2421 5634 germinasse
2457 5559 2555 5623 ;in
2612 5552 2854 5610 secunda
2893 5562 3077 5606 autem
3128 5546 3284 5603 brevi
3338 5544 3668 5615 repetitione

2084 5656 2222 5710 dicit
2277 5650 2594 5722 paradisum
2650 5646 2975 5702 deliciarum
3022 5652 3263 5697 etomne
3295 5639 3502 5709 lignum
3540 5637 3664 5708 pul-

2182 5765 2226 5797 ⁷⁸
2256 5763 2389 5817 Luc.
2433 5778 2489 5827 ιι,
2532 5762 2608 5814 ll.
2744 5759 2786 5789 τ’
2814 5757 2947 5810 Luc.
2976 5773 3014 5819 ι,
3035 5755 3122 5809 45.
3236 5753 3279 5782 ⁸ο
3313 5752 3329 5806 l
3359 5749 3484 5807 Cor.
3524 5768 3582 5819 ll,
3611 5750 3666 5807 8.

2552 5834 2595 5864 ⁸⁵
2639 5830 2681 5886 ll
2731 5830 2859 5883 Cor.
2897 5844 2945 5893 γ,
3016 5827 3097 5881 17.
