  <div class='ocr_page' id='page_1' title='image "/cluster/home/n/w/nwhite01/storage/ocr_20150623/89/mdp.39015008868328/505.png"; bbox 0 0 4056 6148; ppageno 0'>
   <div class='ocr_carea' id='block_1_1' title="bbox 434 399 551 461">
    <p class='ocr_par' dir='ltr' id='par_1_1' title="bbox 434 399 551 461">
     <span class='ocr_line' id='line_1_1' title="bbox 434 399 551 461; baseline -0.017 0"><span class='ocrx_word' id='word_1_1' title='bbox 434 399 551 461; x_wconf 65' lang='grc' dir='ltr'><strong>εδδ-</strong></span> 
     </span>
    </p>
   </div>
   <div class='ocr_carea' id='block_1_2' title="bbox 1627 381 2509 453">
    <p class='ocr_par' dir='ltr' id='par_1_2' title="bbox 1627 381 2509 453">
     <span class='ocr_line' id='line_1_2' title="bbox 1627 381 2509 453; baseline 0 -9"><span class='ocrx_word' id='word_1_2' title='bbox 1627 386 1684 445; x_wconf 83' lang='lat' dir='ltr'><strong>S.</strong></span> <span class='ocrx_word' id='word_1_3' title='bbox 1721 381 2120 446; x_wconf 79' lang='lat' dir='ltr'><strong>ANASTASII</strong></span> <span class='ocrx_word' id='word_1_4' title='bbox 2163 383 2509 453; x_wconf 60' lang='lat' dir='ltr'><strong>SlNAlTxE&#39;</strong></span> 
     </span>
    </p>
   </div>
   <div class='ocr_carea' id='block_1_3' title="bbox 3580 392 3686 458">
    <p class='ocr_par' dir='ltr' id='par_1_3' title="bbox 3580 392 3686 458">
     <span class='ocr_line' id='line_1_3' title="bbox 3580 392 3686 458; baseline 0.019 -2"><span class='ocrx_word' id='word_1_5' title='bbox 3580 392 3686 458; x_wconf 75' lang='lat'><strong>956</strong></span> 
     </span>
    </p>
   </div>
   <div class='ocr_carea' id='block_1_4' title="bbox 435 486 3687 576">
    <p class='ocr_par' dir='ltr' id='par_1_4' title="bbox 435 486 3687 576">
     <span class='ocr_line' id='line_1_4' title="bbox 435 486 3687 576; baseline -0.002 -14"><span class='ocrx_word' id='word_1_6' title='bbox 435 508 634 562; x_wconf 87' lang='lat' dir='ltr'><strong>chrum</strong></span> <span class='ocrx_word' id='word_1_7' title='bbox 669 502 736 556; x_wconf 84' lang='lat' dir='ltr'><strong>ad</strong></span> <span class='ocrx_word' id='word_1_8' title='bbox 769 500 1088 564; x_wconf 81' lang='lat' dir='ltr'><strong>videndum,</strong></span> <span class='ocrx_word' id='word_1_9' title='bbox 1135 508 1200 554; x_wconf 85' lang='lat' dir='ltr'><strong>et</strong></span> <span class='ocrx_word' id='word_1_10' title='bbox 1221 499 1424 552; x_wconf 84' lang='lat' dir='ltr'><strong>bonum</strong></span> <span class='ocrx_word' id='word_1_11' title='bbox 1453 497 1518 551; x_wconf 82' lang='lat' dir='ltr'><strong>ad</strong></span> <span class='ocrx_word' id='word_1_12' title='bbox 1551 496 1905 558; x_wconf 74' lang='lat' dir='ltr'><strong>vescendum,</strong></span> <span class='ocrx_word' id='word_1_13' title='bbox 1929 486 2004 549; x_wconf 76' lang='grc' dir='ltr'><strong>Ϊί-</strong></span> <span class='ocrx_word' id='word_1_14' title='bbox 2036 499 2074 550; x_wconf 74' lang='grc' dir='ltr'><strong>Α</strong></span> <span class='ocrx_word' id='word_1_15' title='bbox 2107 495 2214 548; x_wconf 89' lang='lat' dir='ltr'><strong>iota</strong></span> <span class='ocrx_word' id='word_1_16' title='bbox 2245 513 2409 550; x_wconf 87' lang='lat' dir='ltr'><strong>unum</strong></span> <span class='ocrx_word' id='word_1_17' title='bbox 2445 505 2536 550; x_wconf 86' lang='lat' dir='ltr'><strong>aut</strong></span> <span class='ocrx_word' id='word_1_18' title='bbox 2579 513 2712 568; x_wconf 73' lang='lat' dir='ltr'><strong>apex</strong></span> <span class='ocrx_word' id='word_1_19' title='bbox 2759 515 2894 551; x_wconf 74' lang='lat' dir='ltr'><strong>unus</strong></span> <span class='ocrx_word' id='word_1_20' title='bbox 2923 515 3089 554; x_wconf 82' lang='lat' dir='ltr'><strong>sacrae</strong></span> <span class='ocrx_word' id='word_1_21' title='bbox 3139 498 3438 570; x_wconf 72' lang='lat' dir='ltr'><strong>Scriptura)</strong></span> <span class='ocrx_word' id='word_1_22' title='bbox 3465 510 3518 556; x_wconf 87' lang='lat' dir='ltr'><strong>et</strong></span> <span class='ocrx_word' id='word_1_23' title='bbox 3551 502 3687 576; x_wconf 74' lang='lat' dir='ltr'><strong>legis</strong></span> 
     </span>
    </p>
   </div>
   <div class='ocr_carea' id='block_1_5' title="bbox 435 589 2012 667">
    <p class='ocr_par' dir='ltr' id='par_1_5' title="bbox 435 589 2012 667">
     <span class='ocr_line' id='line_1_5' title="bbox 435 589 2012 667; baseline -0.006 -18"><span class='ocrx_word' id='word_1_24' title='bbox 435 609 716 667; x_wconf 82' lang='lat' dir='ltr'><strong>gnumque</strong></span> <span class='ocrx_word' id='word_1_25' title='bbox 745 591 890 656; x_wconf 64' lang='lat' dir='ltr'><strong>vitae,</strong></span> <span class='ocrx_word' id='word_1_26' title='bbox 941 600 998 644; x_wconf 86' lang='lat' dir='ltr'><strong>et</strong></span> <span class='ocrx_word' id='word_1_27' title='bbox 1045 590 1288 660; x_wconf 85' lang='lat' dir='ltr'><strong>plantam</strong></span> <span class='ocrx_word' id='word_1_28' title='bbox 1319 589 1764 641; x_wconf 87' lang='lat' dir='ltr'><strong>immortalitatis.</strong></span> <span class='ocrx_word' id='word_1_29' title='bbox 1799 589 2012 641; x_wconf 85' lang='lat' dir='ltr'><strong>Rursus</strong></span> 
     </span>
    </p>
   </div>
   <div class='ocr_carea' id='block_1_6' title="bbox 438 677 2012 755">
    <p class='ocr_par' dir='ltr' id='par_1_6' title="bbox 438 677 2012 755">
     <span class='ocr_line' id='line_1_6' title="bbox 438 677 2012 755; baseline -0.005 -18"><span class='ocrx_word' id='word_1_30' title='bbox 438 683 653 755; x_wconf 87' lang='lat' dir='ltr'><strong>primus</strong></span> <span class='ocrx_word' id='word_1_31' title='bbox 693 690 854 736; x_wconf 68' lang='lat' dir='ltr'><strong>terra:</strong></span> <span class='ocrx_word' id='word_1_32' title='bbox 895 679 1096 732; x_wconf 72' lang='lat' dir='ltr'><strong>fluvius</strong></span> <span class='ocrx_word' id='word_1_33' title='bbox 1141 694 1206 732; x_wconf 86' lang='lat' dir='ltr'><strong>ex</strong></span> <span class='ocrx_word' id='word_1_34' title='bbox 1251 677 1513 732; x_wconf 88' lang='lat' dir='ltr'><strong>uniformi</strong></span> <span class='ocrx_word' id='word_1_35' title='bbox 1563 677 1715 731; x_wconf 85' lang='lat' dir='ltr'><strong>fonte</strong></span> <span class='ocrx_word' id='word_1_36' title='bbox 1751 677 2012 747; x_wconf 85' lang='lat' dir='ltr'><strong>irrigabat</strong></span> 
     </span>
    </p>
   </div>
   <div class='ocr_carea' id='block_1_7' title="bbox 443 768 2011 838">
    <p class='ocr_par' dir='ltr' id='par_1_7' title="bbox 443 768 2011 838">
     <span class='ocr_line' id='line_1_7' title="bbox 443 768 2011 838; baseline -0.006 -8"><span class='ocrx_word' id='word_1_37' title='bbox 443 785 608 830; x_wconf 89' lang='lat' dir='ltr'><strong>totam</strong></span> <span class='ocrx_word' id='word_1_38' title='bbox 649 773 842 828; x_wconf 83' lang='lat' dir='ltr'><strong>faciem</strong></span> <span class='ocrx_word' id='word_1_39' title='bbox 875 781 1035 824; x_wconf 75' lang='lat' dir='ltr'><strong>terrte</strong></span> <span class='ocrx_word' id='word_1_40' title='bbox 1083 786 1098 822; x_wconf 89' lang='lat'>:</span> <span class='ocrx_word' id='word_1_41' title='bbox 1141 769 1382 824; x_wconf 84' lang='lat' dir='ltr'><strong>secunda</strong></span> <span class='ocrx_word' id='word_1_42' title='bbox 1427 777 1610 822; x_wconf 91' lang='lat' dir='ltr'><strong>autem</strong></span> <span class='ocrx_word' id='word_1_43' title='bbox 1646 768 1917 838; x_wconf 85' lang='lat' dir='ltr'><strong>irrigatio,</strong></span> <span class='ocrx_word' id='word_1_44' title='bbox 1944 781 2011 820; x_wconf 85' lang='lat' dir='ltr'><strong>ex</strong></span> 
     </span>
    </p>
   </div>
   <div class='ocr_carea' id='block_1_8' title="bbox 437 859 2012 936">
    <p class='ocr_par' dir='ltr' id='par_1_8' title="bbox 437 859 2012 936">
     <span class='ocr_line' id='line_1_8' title="bbox 437 859 2012 936; baseline -0.004 -16"><span class='ocrx_word' id='word_1_45' title='bbox 437 875 682 936; x_wconf 84' lang='lat' dir='ltr'><strong>quatuor</strong></span> <span class='ocrx_word' id='word_1_46' title='bbox 731 862 918 918; x_wconf 80' lang='lat' dir='ltr'><strong>ﬂuviis</strong></span> <span class='ocrx_word' id='word_1_47' title='bbox 963 861 1154 916; x_wconf 85' lang='lat' dir='ltr'><strong>orbem</strong></span> <span class='ocrx_word' id='word_1_48' title='bbox 1206 870 1366 915; x_wconf 81' lang='lat' dir='ltr'><strong>terrae</strong></span> <span class='ocrx_word' id='word_1_49' title='bbox 1419 860 1672 928; x_wconf 72' lang='lat' dir='ltr'><strong>irripavit</strong></span> <span class='ocrx_word' id='word_1_50' title='bbox 1701 859 1768 914; x_wconf 92' lang='lat' dir='ltr'><strong>ad</strong></span> <span class='ocrx_word' id='word_1_51' title='bbox 1801 860 2012 913; x_wconf 88' lang='lat' dir='ltr'><strong>fructus</strong></span> 
     </span>
    </p>
   </div>
   <div class='ocr_carea' id='block_1_9' title="bbox 439 953 2014 1030">
    <p class='ocr_par' dir='ltr' id='par_1_9' title="bbox 439 953 2014 1030">
     <span class='ocr_line' id='line_1_9' title="bbox 439 953 2014 1030; baseline -0.004 -18"><span class='ocrx_word' id='word_1_52' title='bbox 439 956 714 1012; x_wconf 87' lang='lat' dir='ltr'><strong>ferendos.</strong></span> <span class='ocrx_word' id='word_1_53' title='bbox 734 955 792 1009; x_wconf 93' lang='lat' dir='ltr'><strong>ln</strong></span> <span class='ocrx_word' id='word_1_54' title='bbox 815 954 1092 1024; x_wconf 82' lang='lat' dir='ltr'><strong>prioribus</strong></span> <span class='ocrx_word' id='word_1_55' title='bbox 1117 953 1448 1007; x_wconf 82' lang='lat' dir='ltr'><strong>animalibus</strong></span> <span class='ocrx_word' id='word_1_56' title='bbox 1467 961 1612 1030; x_wconf 81' lang='lat' dir='ltr'><strong>terra</strong></span> <span class='ocrx_word' id='word_1_57' title='bbox 1631 968 1738 1007; x_wconf 90' lang='lat' dir='ltr'><strong>non</strong></span> <span class='ocrx_word' id='word_1_58' title='bbox 1759 953 2014 1022; x_wconf 81' lang='lat' dir='ltr'><strong>produxit</strong></span> 
     </span>
    </p>
   </div>
   <div class='ocr_carea' id='block_1_10' title="bbox 439 1044 2014 1112">
    <p class='ocr_par' dir='ltr' id='par_1_10' title="bbox 439 1044 2014 1112">
     <span class='ocr_line' id='line_1_10' title="bbox 439 1044 2014 1112; baseline -0.001 -13"><span class='ocrx_word' id='word_1_59' title='bbox 439 1049 728 1112; x_wconf 80' lang='lat' dir='ltr'><strong>volucres;</strong></span> <span class='ocrx_word' id='word_1_60' title='bbox 771 1046 826 1100; x_wconf 92' lang='lat' dir='ltr'><strong>in</strong></span> <span class='ocrx_word' id='word_1_61' title='bbox 861 1045 1118 1099; x_wconf 86' lang='lat' dir='ltr'><strong>secundis</strong></span> <span class='ocrx_word' id='word_1_62' title='bbox 1145 1055 1326 1099; x_wconf 88' lang='lat' dir='ltr'><strong>autem</strong></span> <span class='ocrx_word' id='word_1_63' title='bbox 1357 1045 1726 1099; x_wconf 87' lang='lat' dir='ltr'><strong>animantibus</strong></span> <span class='ocrx_word' id='word_1_64' title='bbox 1757 1044 2014 1098; x_wconf 81' lang='lat' dir='ltr'><strong>animalia</strong></span> 
     </span>
    </p>
   </div>
   <div class='ocr_carea' id='block_1_11' title="bbox 439 1134 2014 1211">
    <p class='ocr_par' dir='ltr' id='par_1_11' title="bbox 439 1134 2014 1211">
     <span class='ocr_line' id='line_1_11' title="bbox 439 1134 2014 1211; baseline -0.006 -15"><span class='ocrx_word' id='word_1_65' title='bbox 439 1151 498 1196; x_wconf 89' lang='lat' dir='ltr'><strong>et</strong></span> <span class='ocrx_word' id='word_1_66' title='bbox 527 1141 780 1196; x_wconf 79' lang='lat' dir='ltr'><strong>volucres</strong></span> <span class='ocrx_word' id='word_1_67' title='bbox 801 1147 1002 1192; x_wconf 82' lang='lat' dir='ltr'><strong>exortae</strong></span> <span class='ocrx_word' id='word_1_68' title='bbox 1023 1145 1151 1211; x_wconf 82' lang='lat' dir='ltr'><strong>sunt</strong></span> <span class='ocrx_word' id='word_1_69' title='bbox 1175 1152 1205 1190; x_wconf 88' lang='lat' dir='ltr'><strong>e</strong></span> <span class='ocrx_word' id='word_1_70' title='bbox 1231 1144 1394 1189; x_wconf 89' lang='lat' dir='ltr'><strong>terra.</strong></span> <span class='ocrx_word' id='word_1_71' title='bbox 1421 1137 1476 1190; x_wconf 88' lang='lat' dir='ltr'><strong>In</strong></span> <span class='ocrx_word' id='word_1_72' title='bbox 1497 1135 1664 1205; x_wconf 73' lang='lat' dir='ltr'><strong>priori</strong></span> <span class='ocrx_word' id='word_1_73' title='bbox 1695 1134 2014 1188; x_wconf 85' lang='lat' dir='ltr'><strong>narratione</strong></span> 
     </span>
    </p>
   </div>
   <div class='ocr_carea' id='block_1_12' title="bbox 443 1226 2024 1291">
    <p class='ocr_par' dir='ltr' id='par_1_12' title="bbox 443 1226 2024 1291">
     <span class='ocr_line' id='line_1_12' title="bbox 443 1226 2024 1291; baseline -0.006 -3"><span class='ocrx_word' id='word_1_74' title='bbox 443 1231 738 1288; x_wconf 88' lang='lat' dir='ltr'><strong>creationis</strong></span> <span class='ocrx_word' id='word_1_75' title='bbox 771 1229 1030 1291; x_wconf 85' lang='lat' dir='ltr'><strong>hominis,</strong></span> <span class='ocrx_word' id='word_1_76' title='bbox 1077 1243 1188 1282; x_wconf 90' lang='lat' dir='ltr'><strong>non</strong></span> <span class='ocrx_word' id='word_1_77' title='bbox 1227 1227 1477 1282; x_wconf 90' lang='lat' dir='ltr'><strong>meminit</strong></span> <span class='ocrx_word' id='word_1_78' title='bbox 1522 1227 1670 1280; x_wconf 90' lang='lat' dir='ltr'><strong>illius</strong></span> <span class='ocrx_word' id='word_1_79' title='bbox 1699 1226 1896 1279; x_wconf 80' lang='lat' dir='ltr'><strong>divinae</strong></span> <span class='ocrx_word' id='word_1_80' title='bbox 1931 1239 2024 1278; x_wconf 44' lang='lat' dir='ltr'><strong>sas</strong></span> 
     </span>
    </p>
   </div>
   <div class='ocr_carea' id='block_1_13' title="bbox 443 1317 2014 1382">
    <p class='ocr_par' dir='ltr' id='par_1_13' title="bbox 443 1317 2014 1382">
     <span class='ocr_line' id='line_1_13' title="bbox 443 1317 2014 1382; baseline -0.005 -6"><span class='ocrx_word' id='word_1_81' title='bbox 443 1323 640 1378; x_wconf 89' lang='lat' dir='ltr'><strong>lutaris</strong></span> <span class='ocrx_word' id='word_1_82' title='bbox 685 1329 742 1376; x_wconf 89' lang='lat' dir='ltr'><strong>et</strong></span> <span class='ocrx_word' id='word_1_83' title='bbox 786 1319 1017 1374; x_wconf 70' lang='lat' dir='ltr'><strong>vivificm</strong></span> <span class='ocrx_word' id='word_1_84' title='bbox 1071 1317 1490 1382; x_wconf 83' lang='lat' dir='ltr'><strong>insulllationis;</strong></span> <span class='ocrx_word' id='word_1_85' title='bbox 1535 1317 1787 1370; x_wconf 89' lang='lat' dir='ltr'><strong>meminit</strong></span> <span class='ocrx_word' id='word_1_86' title='bbox 1829 1327 2014 1370; x_wconf 87' lang='lat' dir='ltr'><strong>autem</strong></span> 
     </span>
    </p>
   </div>
   <div class='ocr_carea' id='block_1_14' title="bbox 445 1405 2016 1478">
    <p class='ocr_par' dir='ltr' id='par_1_14' title="bbox 445 1405 2016 1478">
     <span class='ocr_line' id='line_1_14' title="bbox 445 1405 2016 1478; baseline -0.006 -12"><span class='ocrx_word' id='word_1_87' title='bbox 445 1413 503 1468; x_wconf 90' lang='lat' dir='ltr'><strong>in</strong></span> <span class='ocrx_word' id='word_1_88' title='bbox 531 1411 791 1468; x_wconf 87' lang='lat' dir='ltr'><strong>secunda.</strong></span> <span class='ocrx_word' id='word_1_89' title='bbox 821 1411 881 1464; x_wconf 89' lang='lat' dir='ltr'><strong>In</strong></span> <span class='ocrx_word' id='word_1_90' title='bbox 915 1409 1092 1478; x_wconf 87' lang='lat' dir='ltr'><strong>prima</strong></span> <span class='ocrx_word' id='word_1_91' title='bbox 1149 1407 1428 1461; x_wconf 83' lang='lat' dir='ltr'><strong>creatione</strong></span> <span class='ocrx_word' id='word_1_92' title='bbox 1467 1407 1600 1460; x_wconf 88' lang='lat' dir='ltr'><strong>dicit</strong></span> <span class='ocrx_word' id='word_1_93' title='bbox 1627 1405 1772 1476; x_wconf 90' lang='lat' dir='ltr'><strong>quod</strong></span> <span class='ocrx_word' id='word_1_94' title='bbox 1797 1420 2016 1458; x_wconf 89' lang='lat' dir='ltr'><strong>mascu-</strong></span> 
     </span>
    </p>
   </div>
   <div class='ocr_carea' id='block_1_15' title="bbox 395 1493 2017 1561">
    <p class='ocr_par' dir='ltr' id='par_1_15' title="bbox 395 1493 2017 1561">
     <span class='ocr_line' id='line_1_15' title="bbox 395 1493 2017 1561; baseline -0.009 -2"><span class='ocrx_word' id='word_1_95' title='bbox 395 1500 399 1504; x_wconf 76' lang='grc'><em>’</em></span> <span class='ocrx_word' id='word_1_96' title='bbox 443 1504 558 1558; x_wconf 90' lang='lat' dir='ltr'><strong>lum</strong></span> <span class='ocrx_word' id='word_1_97' title='bbox 603 1511 658 1556; x_wconf 89' lang='lat' dir='ltr'><strong>et</strong></span> <span class='ocrx_word' id='word_1_98' title='bbox 697 1500 956 1555; x_wconf 90' lang='lat' dir='ltr'><strong>feminam</strong></span> <span class='ocrx_word' id='word_1_99' title='bbox 987 1497 1118 1551; x_wconf 90' lang='lat' dir='ltr'><strong>fecit</strong></span> <span class='ocrx_word' id='word_1_100' title='bbox 1143 1513 1279 1561; x_wconf 85' lang='lat' dir='ltr'><strong>eos;</strong></span> <span class='ocrx_word' id='word_1_101' title='bbox 1323 1496 1376 1550; x_wconf 92' lang='lat' dir='ltr'><strong>in</strong></span> <span class='ocrx_word' id='word_1_102' title='bbox 1405 1495 1646 1549; x_wconf 88' lang='lat' dir='ltr'><strong>secunda</strong></span> <span class='ocrx_word' id='word_1_103' title='bbox 1687 1503 1872 1548; x_wconf 86' lang='lat' dir='ltr'><strong>autem</strong></span> <span class='ocrx_word' id='word_1_104' title='bbox 1902 1493 2017 1546; x_wconf 89' lang='lat' dir='ltr'><strong>for-</strong></span> 
     </span>
    </p>
   </div>
   <div class='ocr_carea' id='block_1_16' title="bbox 446 1587 2016 1658">
    <p class='ocr_par' dir='ltr' id='par_1_16' title="bbox 446 1587 2016 1658">
     <span class='ocr_line' id='line_1_16' title="bbox 446 1587 2016 1658; baseline -0.005 -10"><span class='ocrx_word' id='word_1_105' title='bbox 446 1594 684 1648; x_wconf 87' lang='lat' dir='ltr'><strong>matione</strong></span> <span class='ocrx_word' id='word_1_106' title='bbox 731 1590 993 1654; x_wconf 84' lang='lat' dir='ltr'><strong>hominis,</strong></span> <span class='ocrx_word' id='word_1_107' title='bbox 1051 1606 1172 1658; x_wconf 76' lang='lat' dir='ltr'><strong>qua:</strong></span> <span class='ocrx_word' id='word_1_108' title='bbox 1215 1589 1388 1642; x_wconf 84' lang='lat' dir='ltr'><strong>tendit</strong></span> <span class='ocrx_word' id='word_1_109' title='bbox 1451 1588 1517 1641; x_wconf 90' lang='lat' dir='ltr'><strong>ad</strong></span> <span class='ocrx_word' id='word_1_110' title='bbox 1561 1587 1866 1650; x_wconf 82' lang='lat' dir='ltr'><strong>Christum,</strong></span> <span class='ocrx_word' id='word_1_111' title='bbox 1907 1602 2016 1640; x_wconf 91' lang='lat' dir='ltr'><strong>non</strong></span> 
     </span>
    </p>
   </div>
   <div class='ocr_carea' id='block_1_17' title="bbox 443 1677 2017 1744">
    <p class='ocr_par' dir='ltr' id='par_1_17' title="bbox 443 1677 2017 1744">
     <span class='ocr_line' id='line_1_17' title="bbox 443 1677 2017 1744; baseline -0.006 -5"><span class='ocrx_word' id='word_1_112' title='bbox 443 1685 578 1740; x_wconf 82' lang='lat' dir='ltr'><strong>dicit</strong></span> <span class='ocrx_word' id='word_1_113' title='bbox 616 1681 917 1738; x_wconf 90' lang='lat' dir='ltr'><strong>masculum</strong></span> <span class='ocrx_word' id='word_1_114' title='bbox 952 1689 1008 1734; x_wconf 90' lang='lat' dir='ltr'><strong>et</strong></span> <span class='ocrx_word' id='word_1_115' title='bbox 1039 1679 1297 1734; x_wconf 80' lang='lat' dir='ltr'><strong>feminam</strong></span> <span class='ocrx_word' id='word_1_116' title='bbox 1332 1697 1346 1744; x_wconf 89' lang='lat'><strong>;</strong></span> <span class='ocrx_word' id='word_1_117' title='bbox 1394 1678 1532 1733; x_wconf 87' lang='lat' dir='ltr'><strong>Nam</strong></span> <span class='ocrx_word' id='word_1_118' title='bbox 1559 1681 1612 1732; x_wconf 90' lang='lat' dir='ltr'><strong>in</strong></span> <span class='ocrx_word' id='word_1_119' title='bbox 1658 1677 1863 1733; x_wconf 75' lang='lat' dir='ltr'><strong>Christo</strong></span> <span class='ocrx_word' id='word_1_120' title='bbox 1891 1677 2017 1730; x_wconf 83' lang='lat' dir='ltr'><strong>Jesu</strong></span> 
     </span>
    </p>
   </div>
   <div class='ocr_carea' id='block_1_18' title="bbox 446 1769 2013 1841">
    <p class='ocr_par' dir='ltr' id='par_1_18' title="bbox 446 1769 2013 1841">
     <span class='ocr_line' id='line_1_18' title="bbox 446 1769 2013 1841; baseline -0.005 -11"><span class='ocrx_word' id='word_1_121' title='bbox 446 1794 550 1831; x_wconf 84' lang='lat' dir='ltr'><strong>non</strong></span> <span class='ocrx_word' id='word_1_122' title='bbox 577 1785 653 1830; x_wconf 91' lang='lat' dir='ltr'><strong>est</strong></span> <span class='ocrx_word' id='word_1_123' title='bbox 678 1772 944 1829; x_wconf 82' lang='lat' dir='ltr'><strong>masculus</strong></span> <span class='ocrx_word' id='word_1_124' title='bbox 969 1781 1018 1825; x_wconf 92' lang='lat' dir='ltr'><strong>et</strong></span> <span class='ocrx_word' id='word_1_125' title='bbox 1043 1770 1559 1841; x_wconf 74' lang='lat' dir='ltr'><strong>[entina“;estenim</strong></span> <span class='ocrx_word' id='word_1_126' title='bbox 1584 1783 1724 1821; x_wconf 87' lang='lat' dir='ltr'><strong>unus</strong></span> <span class='ocrx_word' id='word_1_127' title='bbox 1743 1769 2013 1832; x_wconf 84' lang='lat' dir='ltr'><strong>Christus,</strong></span> 
     </span>
    </p>
   </div>
   <div class='ocr_carea' id='block_1_19' title="bbox 444 1861 2012 1935">
    <p class='ocr_par' dir='ltr' id='par_1_19' title="bbox 444 1861 2012 1935">
     <span class='ocr_line' id='line_1_19' title="bbox 444 1861 2012 1935; baseline -0.006 -12"><span class='ocrx_word' id='word_1_128' title='bbox 444 1877 501 1922; x_wconf 78' lang='lat' dir='ltr'><strong>et</strong></span> <span class='ocrx_word' id='word_1_129' title='bbox 551 1875 639 1922; x_wconf 90' lang='lat' dir='ltr'><strong>est</strong></span> <span class='ocrx_word' id='word_1_130' title='bbox 687 1867 809 1935; x_wconf 85' lang='lat' dir='ltr'><strong>ejus</strong></span> <span class='ocrx_word' id='word_1_131' title='bbox 856 1879 962 1918; x_wconf 90' lang='lat' dir='ltr'><strong>una</strong></span> <span class='ocrx_word' id='word_1_132' title='bbox 1005 1862 1298 1932; x_wconf 82' lang='lat' dir='ltr'><strong>singularis</strong></span> <span class='ocrx_word' id='word_1_133' title='bbox 1337 1869 1394 1916; x_wconf 91' lang='lat' dir='ltr'><strong>et</strong></span> <span class='ocrx_word' id='word_1_134' title='bbox 1423 1861 1709 1916; x_wconf 86' lang='lat' dir='ltr'><strong>individua</strong></span> <span class='ocrx_word' id='word_1_135' title='bbox 1755 1875 2012 1930; x_wconf 86' lang='lat' dir='ltr'><strong>persona.</strong></span> 
     </span>
    </p>
   </div>
   <div class='ocr_carea' id='block_1_20' title="bbox 446 1953 2034 2026">
    <p class='ocr_par' dir='ltr' id='par_1_20' title="bbox 446 1953 2034 2026">
     <span class='ocr_line' id='line_1_20' title="bbox 446 1953 2034 2026; baseline -0.004 -11"><span class='ocrx_word' id='word_1_136' title='bbox 446 1960 691 2015; x_wconf 89' lang='lat' dir='ltr'><strong>Primum</strong></span> <span class='ocrx_word' id='word_1_137' title='bbox 716 1958 900 2012; x_wconf 88' lang='lat' dir='ltr'><strong>cibum</strong></span> <span class='ocrx_word' id='word_1_138' title='bbox 923 1971 1269 2011; x_wconf 88' lang='lat' dir='ltr'><strong>communem</strong></span> <span class='ocrx_word' id='word_1_139' title='bbox 1295 1954 1563 2026; x_wconf 87' lang='lat' dir='ltr'><strong>jumentis</strong></span> <span class='ocrx_word' id='word_1_140' title='bbox 1581 1963 1636 2008; x_wconf 88' lang='lat' dir='ltr'><strong>et</strong></span> <span class='ocrx_word' id='word_1_141' title='bbox 1657 1953 1850 2008; x_wconf 85' lang='lat' dir='ltr'><strong>bestiis</strong></span> <span class='ocrx_word' id='word_1_142' title='bbox 1871 1954 2034 2008; x_wconf 90' lang='lat' dir='ltr'><strong>Deus-</strong></span> 
     </span>
    </p>
   </div>
   <div class='ocr_carea' id='block_1_21' title="bbox 445 2045 2019 2118">
    <p class='ocr_par' dir='ltr' id='par_1_21' title="bbox 445 2045 2019 2118">
     <span class='ocr_line' id='line_1_21' title="bbox 445 2045 2019 2118; baseline -0.004 -11"><span class='ocrx_word' id='word_1_143' title='bbox 445 2053 599 2108; x_wconf 84' lang='lat' dir='ltr'><strong>dedit</strong></span> <span class='ocrx_word' id='word_1_144' title='bbox 625 2051 834 2106; x_wconf 82' lang='lat' dir='ltr'><strong>Adamo</strong></span> <span class='ocrx_word' id='word_1_145' title='bbox 855 2067 870 2118; x_wconf 91' lang='lat'><strong>;</strong></span> <span class='ocrx_word' id='word_1_146' title='bbox 895 2048 1198 2104; x_wconf 90' lang='lat' dir='ltr'><strong>secundum</strong></span> <span class='ocrx_word' id='word_1_147' title='bbox 1230 2057 1414 2104; x_wconf 87' lang='lat' dir='ltr'><strong>autem</strong></span> <span class='ocrx_word' id='word_1_148' title='bbox 1440 2047 1767 2102; x_wconf 88' lang='lat' dir='ltr'><strong>rationalem</strong></span> <span class='ocrx_word' id='word_1_149' title='bbox 1801 2055 1856 2100; x_wconf 91' lang='lat' dir='ltr'><strong>et</strong></span> <span class='ocrx_word' id='word_1_150' title='bbox 1883 2045 2019 2100; x_wconf 78' lang='lat' dir='ltr'><strong>alie-</strong></span> 
     </span>
    </p>
   </div>
   <div class='ocr_carea' id='block_1_22' title="bbox 447 2141 2017 2215">
    <p class='ocr_par' dir='ltr' id='par_1_22' title="bbox 447 2141 2017 2215">
     <span class='ocr_line' id='line_1_22' title="bbox 447 2141 2017 2215; baseline -0.005 -13"><span class='ocrx_word' id='word_1_151' title='bbox 447 2163 577 2202; x_wconf 91' lang='lat' dir='ltr'><strong>num</strong></span> <span class='ocrx_word' id='word_1_152' title='bbox 619 2147 687 2202; x_wconf 91' lang='lat' dir='ltr'><strong>ab</strong></span> <span class='ocrx_word' id='word_1_153' title='bbox 717 2147 868 2200; x_wconf 91' lang='lat' dir='ltr'><strong>omni</strong></span> <span class='ocrx_word' id='word_1_154' title='bbox 901 2156 1096 2202; x_wconf 88' lang='lat' dir='ltr'><strong>natura</strong></span> <span class='ocrx_word' id='word_1_155' title='bbox 1136 2152 1360 2215; x_wconf 81' lang='lat' dir='ltr'><strong>experte</strong></span> <span class='ocrx_word' id='word_1_156' title='bbox 1401 2144 1649 2198; x_wconf 80' lang='lat' dir='ltr'><strong>rationis.</strong></span> <span class='ocrx_word' id='word_1_157' title='bbox 1683 2143 1868 2198; x_wconf 87' lang='lat' dir='ltr'><strong>Prima</strong></span> <span class='ocrx_word' id='word_1_158' title='bbox 1897 2141 2017 2196; x_wconf 88' lang='lat' dir='ltr'><strong>ani-</strong></span> 
     </span>
    </p>
   </div>
   <div class='ocr_carea' id='block_1_23' title="bbox 445 2233 2017 2309">
    <p class='ocr_par' dir='ltr' id='par_1_23' title="bbox 445 2233 2017 2309">
     <span class='ocr_line' id='line_1_23' title="bbox 445 2233 2017 2309; baseline -0.005 -16"><span class='ocrx_word' id='word_1_159' title='bbox 445 2239 652 2294; x_wconf 85' lang='lat' dir='ltr'><strong>mantia</strong></span> <span class='ocrx_word' id='word_1_160' title='bbox 689 2247 745 2293; x_wconf 89' lang='lat' dir='ltr'><strong>et</strong></span> <span class='ocrx_word' id='word_1_161' title='bbox 771 2240 1019 2309; x_wconf 87' lang='lat' dir='ltr'><strong>jumenta</strong></span> <span class='ocrx_word' id='word_1_162' title='bbox 1049 2239 1195 2293; x_wconf 89' lang='lat' dir='ltr'><strong>Deus</strong></span> <span class='ocrx_word' id='word_1_163' title='bbox 1231 2253 1338 2292; x_wconf 69' lang='lat' dir='ltr'><strong>net.</strong></span> <span class='ocrx_word' id='word_1_164' title='bbox 1367 2235 1602 2297; x_wconf 86' lang='lat' dir='ltr'><strong>vocavit,</strong></span> <span class='ocrx_word' id='word_1_165' title='bbox 1649 2235 1742 2290; x_wconf 87' lang='lat' dir='ltr'><strong>sed</strong></span> <span class='ocrx_word' id='word_1_166' title='bbox 1775 2233 2017 2288; x_wconf 82' lang='lat' dir='ltr'><strong>secunda</strong></span> 
     </span>
    </p>
   </div>
   <div class='ocr_carea' id='block_1_24' title="bbox 441 2325 2012 2394">
    <p class='ocr_par' dir='ltr' id='par_1_24' title="bbox 441 2325 2012 2394">
     <span class='ocr_line' id='line_1_24' title="bbox 441 2325 2012 2394; baseline -0.006 -8"><span class='ocrx_word' id='word_1_167' title='bbox 441 2331 674 2386; x_wconf 83' lang='lat' dir='ltr'><strong>adduxit</strong></span> <span class='ocrx_word' id='word_1_168' title='bbox 718 2331 787 2384; x_wconf 90' lang='lat' dir='ltr'><strong>ad</strong></span> <span class='ocrx_word' id='word_1_169' title='bbox 833 2331 1153 2394; x_wconf 86' lang='lat' dir='ltr'><strong>hominem,</strong></span> <span class='ocrx_word' id='word_1_170' title='bbox 1216 2338 1271 2384; x_wconf 88' lang='lat' dir='ltr'><strong>et</strong></span> <span class='ocrx_word' id='word_1_171' title='bbox 1329 2327 1410 2382; x_wconf 88' lang='lat' dir='ltr'><strong>eis</strong></span> <span class='ocrx_word' id='word_1_172' title='bbox 1456 2329 1678 2380; x_wconf 88' lang='lat' dir='ltr'><strong>nomina</strong></span> <span class='ocrx_word' id='word_1_173' title='bbox 1730 2325 2012 2394; x_wconf 87' lang='lat' dir='ltr'><strong>imposuit.</strong></span> 
     </span>
    </p>
   </div>
   <div class='ocr_carea' id='block_1_25' title="bbox 439 2420 2015 2492">
    <p class='ocr_par' dir='ltr' id='par_1_25' title="bbox 439 2420 2015 2492">
     <span class='ocr_line' id='line_1_25' title="bbox 439 2420 2015 2492; baseline -0.004 -15"><span class='ocrx_word' id='word_1_174' title='bbox 439 2423 763 2486; x_wconf 79' lang='lat' dir='ltr'><strong>Considera,</strong></span> <span class='ocrx_word' id='word_1_175' title='bbox 805 2438 1014 2492; x_wconf 67' lang='lat' dir='ltr'><strong>quaiso,</strong></span> <span class='ocrx_word' id='word_1_176' title='bbox 1045 2439 1109 2478; x_wconf 91' lang='lat' dir='ltr'><strong>ea</strong></span> <span class='ocrx_word' id='word_1_177' title='bbox 1145 2422 1310 2476; x_wconf 83' lang='lat' dir='ltr'><strong>etiam</strong></span> <span class='ocrx_word' id='word_1_178' title='bbox 1342 2437 1463 2490; x_wconf 78' lang='lat' dir='ltr'><strong>quae</strong></span> <span class='ocrx_word' id='word_1_179' title='bbox 1505 2420 1768 2487; x_wconf 87' lang='lat' dir='ltr'><strong>deinceps</strong></span> <span class='ocrx_word' id='word_1_180' title='bbox 1819 2433 2015 2471; x_wconf 91' lang='lat' dir='ltr'><strong>conse-</strong></span> 
     </span>
    </p>
   </div>
   <div class='ocr_carea' id='block_1_26' title="bbox 443 2500 2014 2585">
    <p class='ocr_par' dir='ltr' id='par_1_26' title="bbox 443 2500 2014 2585">
     <span class='ocr_line' id='line_1_26' title="bbox 443 2500 2014 2585; baseline -0.006 -17"><span class='ocrx_word' id='word_1_181' title='bbox 443 2523 714 2585; x_wconf 84' lang='lat' dir='ltr'><strong>quuntur.</strong></span> <span class='ocrx_word' id='word_1_182' title='bbox 765 2515 1070 2583; x_wconf 84' lang='lat' dir='ltr'><strong>Antequam</strong></span> <span class='ocrx_word' id='word_1_183' title='bbox 1113 2521 1414 2582; x_wconf 80' lang='lat' dir='ltr'><strong>poneretur</strong></span> <span class='ocrx_word' id='word_1_184' title='bbox 1451 2511 1616 2564; x_wconf 90' lang='lat' dir='ltr'><strong>homo</strong></span> <span class='ocrx_word' id='word_1_185' title='bbox 1646 2511 1701 2563; x_wconf 92' lang='lat' dir='ltr'><strong>in</strong></span> <span class='ocrx_word' id='word_1_186' title='bbox 1735 2500 2014 2578; x_wconf 68' lang='lat' dir='ltr'><strong>paradiso,</strong></span> 
     </span>
    </p>
   </div>
   <div class='ocr_carea' id='block_1_27' title="bbox 443 2605 2016 2674">
    <p class='ocr_par' dir='ltr' id='par_1_27' title="bbox 443 2605 2016 2674">
     <span class='ocr_line' id='line_1_27' title="bbox 443 2605 2016 2674; baseline -0.005 -15"><span class='ocrx_word' id='word_1_187' title='bbox 443 2623 554 2661; x_wconf 85' lang='lat' dir='ltr'><strong>non</strong></span> <span class='ocrx_word' id='word_1_188' title='bbox 595 2605 700 2660; x_wconf 83' lang='lat' dir='ltr'><strong>fuit</strong></span> <span class='ocrx_word' id='word_1_189' title='bbox 733 2605 784 2660; x_wconf 91' lang='lat' dir='ltr'><strong>ei</strong></span> <span class='ocrx_word' id='word_1_190' title='bbox 828 2605 1156 2674; x_wconf 88' lang='lat' dir='ltr'><strong>imperatum</strong></span> <span class='ocrx_word' id='word_1_191' title='bbox 1213 2612 1274 2657; x_wconf 91' lang='lat' dir='ltr'><strong>ut</strong></span> <span class='ocrx_word' id='word_1_192' title='bbox 1321 2611 1666 2672; x_wconf 73' lang='lat' dir='ltr'><strong>operaretur,</strong></span> <span class='ocrx_word' id='word_1_193' title='bbox 1725 2609 1781 2654; x_wconf 91' lang='lat' dir='ltr'><strong>et</strong></span> <span class='ocrx_word' id='word_1_194' title='bbox 1831 2610 2016 2652; x_wconf 86' lang='lat' dir='ltr'><strong>custo-</strong></span> 
     </span>
    </p>
   </div>
   <div class='ocr_carea' id='block_1_28' title="bbox 443 2693 2015 2768">
    <p class='ocr_par' dir='ltr' id='par_1_28' title="bbox 443 2693 2015 2768">
     <span class='ocr_line' id='line_1_28' title="bbox 443 2693 2015 2768; baseline -0.006 -16"><span class='ocrx_word' id='word_1_195' title='bbox 443 2699 590 2753; x_wconf 77' lang='lat' dir='ltr'><strong>diret</strong></span> <span class='ocrx_word' id='word_1_196' title='bbox 617 2699 764 2768; x_wconf 84' lang='lat' dir='ltr'><strong>ligna</strong></span> <span class='ocrx_word' id='word_1_197' title='bbox 799 2697 983 2766; x_wconf 83' lang='lat' dir='ltr'><strong>priora</strong></span> <span class='ocrx_word' id='word_1_198' title='bbox 1020 2695 1132 2750; x_wconf 89' lang='lat' dir='ltr'><strong>cibi</strong></span> <span class='ocrx_word' id='word_1_199' title='bbox 1175 2695 1492 2766; x_wconf 87' lang='lat' dir='ltr'><strong>pereuntis;</strong></span> <span class='ocrx_word' id='word_1_200' title='bbox 1539 2693 1636 2748; x_wconf 89' lang='lat' dir='ltr'><strong>sed</strong></span> <span class='ocrx_word' id='word_1_201' title='bbox 1685 2693 2015 2762; x_wconf 87' lang='lat' dir='ltr'><strong>imperatum</strong></span> 
     </span>
    </p>
   </div>
   <div class='ocr_carea' id='block_1_29' title="bbox 443 2783 2014 2854">
    <p class='ocr_par' dir='ltr' id='par_1_29' title="bbox 443 2783 2014 2854">
     <span class='ocr_line' id='line_1_29' title="bbox 443 2783 2014 2854; baseline -0.006 -12"><span class='ocrx_word' id='word_1_202' title='bbox 443 2795 628 2842; x_wconf 89' lang='lat' dir='ltr'><strong>estut</strong></span> <span class='ocrx_word' id='word_1_203' title='bbox 673 2785 914 2841; x_wconf 86' lang='lat' dir='ltr'><strong>secunda</strong></span> <span class='ocrx_word' id='word_1_204' title='bbox 967 2786 1230 2854; x_wconf 88' lang='lat' dir='ltr'><strong>paradisi,</strong></span> <span class='ocrx_word' id='word_1_205' title='bbox 1283 2785 1387 2840; x_wconf 87' lang='lat' dir='ltr'><strong>sibi</strong></span> <span class='ocrx_word' id='word_1_206' title='bbox 1423 2783 1698 2839; x_wconf 88' lang='lat' dir='ltr'><strong>manentis</strong></span> <span class='ocrx_word' id='word_1_207' title='bbox 1746 2783 1800 2836; x_wconf 93' lang='lat' dir='ltr'><strong>in</strong></span> <span class='ocrx_word' id='word_1_208' title='bbox 1848 2783 2014 2834; x_wconf 86' lang='lat' dir='ltr'><strong>vitam</strong></span> 
     </span>
    </p>
   </div>
   <div class='ocr_carea' id='block_1_30' title="bbox 442 2873 2014 2945">
    <p class='ocr_par' dir='ltr' id='par_1_30' title="bbox 442 2873 2014 2945">
     <span class='ocr_line' id='line_1_30' title="bbox 442 2873 2014 2945; baseline -0.006 -10"><span class='ocrx_word' id='word_1_209' title='bbox 442 2888 728 2935; x_wconf 62' lang='lat' dir='ltr'><strong>aeternam.</strong></span> <span class='ocrx_word' id='word_1_210' title='bbox 756 2879 916 2932; x_wconf 87' lang='lat' dir='ltr'><strong>Prius</strong></span> <span class='ocrx_word' id='word_1_211' title='bbox 949 2878 1114 2930; x_wconf 89' lang='lat' dir='ltr'><strong>homo</strong></span> <span class='ocrx_word' id='word_1_212' title='bbox 1145 2888 1267 2932; x_wconf 87' lang='lat' dir='ltr'><strong>erat</strong></span> <span class='ocrx_word' id='word_1_213' title='bbox 1293 2877 1444 2932; x_wconf 86' lang='lat' dir='ltr'><strong>solus</strong></span> <span class='ocrx_word' id='word_1_214' title='bbox 1469 2885 1525 2930; x_wconf 91' lang='lat' dir='ltr'><strong>et</strong></span> <span class='ocrx_word' id='word_1_215' title='bbox 1557 2876 1676 2930; x_wconf 85' lang='lat' dir='ltr'><strong>sine</strong></span> <span class='ocrx_word' id='word_1_216' title='bbox 1711 2873 2014 2945; x_wconf 87' lang='lat' dir='ltr'><strong>adjutorio;</strong></span> 
     </span>
    </p>
   </div>
   <div class='ocr_carea' id='block_1_31' title="bbox 445 2967 2019 3028">
    <p class='ocr_par' dir='ltr' id='par_1_31' title="bbox 445 2967 2019 3028">
     <span class='ocr_line' id='line_1_31' title="bbox 445 2967 2019 3028; baseline -0.004 -6"><span class='ocrx_word' id='word_1_217' title='bbox 445 2969 504 3022; x_wconf 85' lang='lat' dir='ltr'><strong>in</strong></span> <span class='ocrx_word' id='word_1_218' title='bbox 551 2969 791 3022; x_wconf 89' lang='lat' dir='ltr'><strong>secunda</strong></span> <span class='ocrx_word' id='word_1_219' title='bbox 835 2977 1016 3022; x_wconf 88' lang='lat' dir='ltr'><strong>autem</strong></span> <span class='ocrx_word' id='word_1_220' title='bbox 1067 2969 1345 3022; x_wconf 83' lang='lat' dir='ltr'><strong>creatione</strong></span> <span class='ocrx_word' id='word_1_221' title='bbox 1393 2977 1448 3022; x_wconf 93' lang='lat' dir='ltr'><strong>et</strong></span> <span class='ocrx_word' id='word_1_222' title='bbox 1497 2967 1836 3028; x_wconf 87' lang='lat' dir='ltr'><strong>narratione,</strong></span> <span class='ocrx_word' id='word_1_223' title='bbox 1901 2972 2019 3018; x_wconf 90' lang='lat' dir='ltr'><strong>erat</strong></span> 
     </span>
    </p>
   </div>
   <div class='ocr_carea' id='block_1_32' title="bbox 445 3059 2016 3130">
    <p class='ocr_par' dir='ltr' id='par_1_32' title="bbox 445 3059 2016 3130">
     <span class='ocr_line' id='line_1_32' title="bbox 445 3059 2016 3130; baseline -0.003 -16"><span class='ocrx_word' id='word_1_224' title='bbox 445 3059 670 3130; x_wconf 84' lang='lat' dir='ltr'><strong>quidem</strong></span> <span class='ocrx_word' id='word_1_225' title='bbox 703 3061 936 3130; x_wconf 76' lang='lat' dir='ltr'><strong>simplex</strong></span> <span class='ocrx_word' id='word_1_226' title='bbox 970 3069 1026 3114; x_wconf 89' lang='lat' dir='ltr'><strong>et</strong></span> <span class='ocrx_word' id='word_1_227' title='bbox 1062 3060 1460 3130; x_wconf 85' lang='lat' dir='ltr'><strong>incompositus</strong></span> <span class='ocrx_word' id='word_1_228' title='bbox 1492 3077 1504 3110; x_wconf 92' lang='lat'><strong>:</strong></span> <span class='ocrx_word' id='word_1_229' title='bbox 1539 3060 1594 3112; x_wconf 91' lang='lat' dir='ltr'><strong>in</strong></span> <span class='ocrx_word' id='word_1_230' title='bbox 1634 3059 1806 3112; x_wconf 88' lang='lat' dir='ltr'><strong>totius</strong></span> <span class='ocrx_word' id='word_1_231' title='bbox 1833 3065 2016 3111; x_wconf 87' lang='lat' dir='ltr'><strong>autem</strong></span> 
     </span>
    </p>
   </div>
   <div class='ocr_carea' id='block_1_33' title="bbox 443 3149 2089 3243">
    <p class='ocr_par' dir='ltr' id='par_1_33' title="bbox 443 3149 2089 3243">
     <span class='ocr_line' id='line_1_33' title="bbox 443 3149 2089 3243; baseline -0.004 -36"><span class='ocrx_word' id='word_1_232' title='bbox 443 3152 744 3207; x_wconf 84' lang='lat' dir='ltr'><strong>creationis</strong></span> <span class='ocrx_word' id='word_1_233' title='bbox 775 3151 928 3206; x_wconf 87' lang='lat' dir='ltr'><strong>brevi</strong></span> <span class='ocrx_word' id='word_1_234' title='bbox 966 3152 1318 3221; x_wconf 87' lang='lat' dir='ltr'><strong>repetitione,</strong></span> <span class='ocrx_word' id='word_1_235' title='bbox 1351 3159 1481 3205; x_wconf 91' lang='lat' dir='ltr'><strong>tunc</strong></span> <span class='ocrx_word' id='word_1_236' title='bbox 1513 3149 1653 3204; x_wconf 89' lang='lat' dir='ltr'><strong>facta</strong></span> <span class='ocrx_word' id='word_1_237' title='bbox 1687 3158 1772 3204; x_wconf 91' lang='lat' dir='ltr'><strong>est</strong></span> <span class='ocrx_word' id='word_1_238' title='bbox 1794 3149 2014 3211; x_wconf 88' lang='lat' dir='ltr'><strong>mulier,</strong></span> <span class='ocrx_word' id='word_1_239' title='bbox 2045 3182 2089 3243; x_wconf 65' lang='grc' dir='ltr'>ο</span> 
     </span>
    </p>
   </div>
   <div class='ocr_carea' id='block_1_34' title="bbox 445 3241 2018 3313">
    <p class='ocr_par' dir='ltr' id='par_1_34' title="bbox 445 3241 2018 3313">
     <span class='ocr_line' id='line_1_34' title="bbox 445 3241 2018 3313; baseline -0.003 -14"><span class='ocrx_word' id='word_1_240' title='bbox 445 3255 501 3299; x_wconf 87' lang='lat' dir='ltr'><strong>et</strong></span> <span class='ocrx_word' id='word_1_241' title='bbox 535 3243 712 3298; x_wconf 88' lang='lat' dir='ltr'><strong>audiit</strong></span> <span class='ocrx_word' id='word_1_242' title='bbox 755 3263 768 3296; x_wconf 85' lang='lat'><strong>:</strong></span> <span class='ocrx_word' id='word_1_243' title='bbox 815 3241 883 3298; x_wconf 90' lang='lat' dir='ltr'><strong>Os</strong></span> <span class='ocrx_word' id='word_1_244' title='bbox 911 3259 974 3297; x_wconf 79' lang='lat' dir='ltr'><strong>ea:</strong></span> <span class='ocrx_word' id='word_1_245' title='bbox 1000 3244 1196 3310; x_wconf 86' lang='lat' dir='ltr'><strong>ossibus</strong></span> <span class='ocrx_word' id='word_1_246' title='bbox 1227 3242 1534 3313; x_wconf 84' lang='lat' dir='ltr'><strong>spiritualis</strong></span> <span class='ocrx_word' id='word_1_247' title='bbox 1569 3242 1786 3306; x_wconf 86' lang='lat' dir='ltr'><strong>Adanti,</strong></span> <span class='ocrx_word' id='word_1_248' title='bbox 1816 3251 1864 3295; x_wconf 88' lang='lat' dir='ltr'><strong>et</strong></span> <span class='ocrx_word' id='word_1_249' title='bbox 1893 3258 2018 3295; x_wconf 87' lang='lat' dir='ltr'><strong>caro</strong></span> 
     </span>
    </p>
   </div>
   <div class='ocr_carea' id='block_1_35' title="bbox 445 3331 2020 3405">
    <p class='ocr_par' dir='ltr' id='par_1_35' title="bbox 445 3331 2020 3405">
     <span class='ocr_line' id='line_1_35' title="bbox 445 3331 2020 3405; baseline -0.003 -15"><span class='ocrx_word' id='word_1_250' title='bbox 445 3351 512 3390; x_wconf 71' lang='lat' dir='ltr'><strong>ex</strong></span> <span class='ocrx_word' id='word_1_251' title='bbox 556 3351 717 3390; x_wconf 88' lang='lat' dir='ltr'><strong>carne</strong></span> <span class='ocrx_word' id='word_1_252' title='bbox 759 3335 873 3405; x_wconf 86' lang='lat' dir='ltr'><strong>ejus</strong></span> <span class='ocrx_word' id='word_1_253' title='bbox 925 3336 985 3384; x_wconf 81' lang='grc'><strong>⁸⁷.</strong></span> <span class='ocrx_word' id='word_1_254' title='bbox 1051 3333 1206 3388; x_wconf 92' lang='lat' dir='ltr'><strong>Tunc</strong></span> <span class='ocrx_word' id='word_1_255' title='bbox 1251 3333 1356 3386; x_wconf 89' lang='lat' dir='ltr'><strong>fuit</strong></span> <span class='ocrx_word' id='word_1_256' title='bbox 1393 3333 1559 3387; x_wconf 88' lang='lat' dir='ltr'><strong>etiam</strong></span> <span class='ocrx_word' id='word_1_257' title='bbox 1605 3331 1871 3388; x_wconf 82' lang='lat' dir='ltr'><strong>aediﬁcata</strong></span> <span class='ocrx_word' id='word_1_258' title='bbox 1899 3347 2020 3400; x_wconf 68' lang='lat' dir='ltr'><strong>quae</strong></span> 
     </span>
    </p>
   </div>
   <div class='ocr_carea' id='block_1_36' title="bbox 447 3424 2022 3497">
    <p class='ocr_par' dir='ltr' id='par_1_36' title="bbox 447 3424 2022 3497">
     <span class='ocr_line' id='line_1_36' title="bbox 447 3424 2022 3497; baseline -0.003 -17"><span class='ocrx_word' id='word_1_259' title='bbox 447 3425 602 3497; x_wconf 87' lang='lat' dir='ltr'><strong>prius</strong></span> <span class='ocrx_word' id='word_1_260' title='bbox 629 3434 749 3481; x_wconf 90' lang='lat' dir='ltr'><strong>erat</strong></span> <span class='ocrx_word' id='word_1_261' title='bbox 777 3425 1083 3491; x_wconf 87' lang='lat' dir='ltr'><strong>dissoluta;</strong></span> <span class='ocrx_word' id='word_1_262' title='bbox 1117 3432 1247 3480; x_wconf 90' lang='lat' dir='ltr'><strong>tunc</strong></span> <span class='ocrx_word' id='word_1_263' title='bbox 1273 3425 1438 3479; x_wconf 89' lang='lat' dir='ltr'><strong>etiam</strong></span> <span class='ocrx_word' id='word_1_264' title='bbox 1483 3424 1753 3480; x_wconf 65' lang='lat' dir='ltr'><strong>aedificata</strong></span> <span class='ocrx_word' id='word_1_265' title='bbox 1786 3432 1872 3479; x_wconf 86' lang='lat' dir='ltr'><strong>est</strong></span> <span class='ocrx_word' id='word_1_266' title='bbox 1903 3439 2022 3482; x_wconf 86' lang='lat' dir='ltr'><strong>mu-</strong></span> 
     </span>
    </p>
   </div>
   <div class='ocr_carea' id='block_1_37' title="bbox 446 3515 2022 3590">
    <p class='ocr_par' dir='ltr' id='par_1_37' title="bbox 446 3515 2022 3590">
     <span class='ocr_line' id='line_1_37' title="bbox 446 3515 2022 3590; baseline -0.002 -18"><span class='ocrx_word' id='word_1_267' title='bbox 446 3519 551 3574; x_wconf 86' lang='lat' dir='ltr'><strong>lier</strong></span> <span class='ocrx_word' id='word_1_268' title='bbox 574 3519 774 3590; x_wconf 84' lang='lat' dir='ltr'><strong>conjux</strong></span> <span class='ocrx_word' id='word_1_269' title='bbox 807 3517 914 3572; x_wconf 89' lang='lat' dir='ltr'><strong>viri</strong></span> <span class='ocrx_word' id='word_1_270' title='bbox 955 3517 1040 3572; x_wconf 86' lang='lat' dir='ltr'><strong>sui</strong></span> <span class='ocrx_word' id='word_1_271' title='bbox 1071 3518 1166 3587; x_wconf 86' lang='lat' dir='ltr'><strong>qui</strong></span> <span class='ocrx_word' id='word_1_272' title='bbox 1194 3517 1348 3587; x_wconf 87' lang='lat' dir='ltr'><strong>prius</strong></span> <span class='ocrx_word' id='word_1_273' title='bbox 1377 3525 1497 3572; x_wconf 88' lang='lat' dir='ltr'><strong>erat</strong></span> <span class='ocrx_word' id='word_1_274' title='bbox 1525 3527 1832 3586; x_wconf 86' lang='lat' dir='ltr'><strong>separatus.</strong></span> <span class='ocrx_word' id='word_1_275' title='bbox 1867 3515 2022 3569; x_wconf 88' lang='lat' dir='ltr'><strong>Tunc</strong></span> 
     </span>
    </p>
   </div>
   <div class='ocr_carea' id='block_1_38' title="bbox 447 3605 2019 3677">
    <p class='ocr_par' dir='ltr' id='par_1_38' title="bbox 447 3605 2019 3677">
     <span class='ocr_line' id='line_1_38' title="bbox 447 3605 2019 3677; baseline -0.005 -12"><span class='ocrx_word' id='word_1_276' title='bbox 447 3611 615 3665; x_wconf 87' lang='lat' dir='ltr'><strong>etiam</strong></span> <span class='ocrx_word' id='word_1_277' title='bbox 652 3617 847 3664; x_wconf 87' lang='lat' dir='ltr'><strong>vocata</strong></span> <span class='ocrx_word' id='word_1_278' title='bbox 876 3617 962 3664; x_wconf 90' lang='lat' dir='ltr'><strong>est</strong></span> <span class='ocrx_word' id='word_1_279' title='bbox 996 3607 1109 3662; x_wconf 84' lang='lat' dir='ltr'><strong>vita</strong></span> <span class='ocrx_word' id='word_1_280' title='bbox 1143 3623 1262 3677; x_wconf 69' lang='lat' dir='ltr'><strong>quae</strong></span> <span class='ocrx_word' id='word_1_281' title='bbox 1285 3607 1441 3676; x_wconf 89' lang='lat' dir='ltr'><strong>prius</strong></span> <span class='ocrx_word' id='word_1_282' title='bbox 1467 3616 1588 3661; x_wconf 88' lang='lat' dir='ltr'><strong>erat</strong></span> <span class='ocrx_word' id='word_1_283' title='bbox 1617 3621 1766 3660; x_wconf 91' lang='lat' dir='ltr'><strong>mors</strong></span> <span class='ocrx_word' id='word_1_284' title='bbox 1791 3605 2019 3668; x_wconf 77' lang='lat' dir='ltr'><strong>effecta;</strong></span> 
     </span>
    </p>
   </div>
   <div class='ocr_carea' id='block_1_39' title="bbox 447 3695 2020 3761">
    <p class='ocr_par' dir='ltr' id='par_1_39' title="bbox 447 3695 2020 3761">
     <span class='ocr_line' id='line_1_39' title="bbox 447 3695 2020 3761; baseline -0.004 -8"><span class='ocrx_word' id='word_1_285' title='bbox 447 3709 582 3754; x_wconf 88' lang='lat' dir='ltr'><strong>tunc</strong></span> <span class='ocrx_word' id='word_1_286' title='bbox 623 3697 787 3752; x_wconf 89' lang='lat' dir='ltr'><strong>etiam</strong></span> <span class='ocrx_word' id='word_1_287' title='bbox 839 3696 1070 3752; x_wconf 87' lang='lat' dir='ltr'><strong>adduxit</strong></span> <span class='ocrx_word' id='word_1_288' title='bbox 1101 3712 1220 3750; x_wconf 84' lang='lat' dir='ltr'><strong>eam</strong></span> <span class='ocrx_word' id='word_1_289' title='bbox 1270 3697 1417 3750; x_wconf 91' lang='lat' dir='ltr'><strong>Deus</strong></span> <span class='ocrx_word' id='word_1_290' title='bbox 1460 3695 1528 3750; x_wconf 89' lang='lat' dir='ltr'><strong>ad</strong></span> <span class='ocrx_word' id='word_1_291' title='bbox 1580 3695 1848 3749; x_wconf 82' lang='lat' dir='ltr'><strong>Adamum</strong></span> <span class='ocrx_word' id='word_1_292' title='bbox 1899 3709 2020 3761; x_wconf 74' lang='lat' dir='ltr'><strong>qua:</strong></span> 
     </span>
    </p>
   </div>
   <div class='ocr_carea' id='block_1_40' title="bbox 447 3786 2018 3860">
    <p class='ocr_par' dir='ltr' id='par_1_40' title="bbox 447 3786 2018 3860">
     <span class='ocr_line' id='line_1_40' title="bbox 447 3786 2018 3860; baseline -0.004 -17"><span class='ocrx_word' id='word_1_293' title='bbox 447 3790 604 3860; x_wconf 90' lang='lat' dir='ltr'><strong>prius</strong></span> <span class='ocrx_word' id='word_1_294' title='bbox 643 3790 803 3860; x_wconf 79' lang='lat' dir='ltr'><strong>longe</strong></span> <span class='ocrx_word' id='word_1_295' title='bbox 843 3797 996 3852; x_wconf 85' lang='lat' dir='ltr'><strong>erat;</strong></span> <span class='ocrx_word' id='word_1_296' title='bbox 1030 3797 1160 3842; x_wconf 92' lang='lat' dir='ltr'><strong>tunc</strong></span> <span class='ocrx_word' id='word_1_297' title='bbox 1198 3787 1426 3842; x_wconf 80' lang='lat' dir='ltr'><strong>fuerunt</strong></span> <span class='ocrx_word' id='word_1_298' title='bbox 1457 3787 1568 3840; x_wconf 83' lang='lat' dir='ltr'><strong>duo</strong></span> <span class='ocrx_word' id='word_1_299' title='bbox 1603 3786 1658 3840; x_wconf 91' lang='lat' dir='ltr'><strong>in</strong></span> <span class='ocrx_word' id='word_1_300' title='bbox 1695 3802 1861 3840; x_wconf 82' lang='lat' dir='ltr'><strong>carne</strong></span> <span class='ocrx_word' id='word_1_301' title='bbox 1889 3799 2018 3848; x_wconf 90' lang='lat' dir='ltr'><strong>una,</strong></span> 
     </span>
    </p>
   </div>
   <div class='ocr_carea' id='block_1_41' title="bbox 447 3877 2022 3950">
    <p class='ocr_par' dir='ltr' id='par_1_41' title="bbox 447 3877 2022 3950">
     <span class='ocr_line' id='line_1_41' title="bbox 447 3877 2022 3950; baseline -0.003 -16"><span class='ocrx_word' id='word_1_302' title='bbox 447 3881 543 3950; x_wconf 88' lang='lat' dir='ltr'><strong>qui</strong></span> <span class='ocrx_word' id='word_1_303' title='bbox 585 3880 738 3950; x_wconf 85' lang='lat' dir='ltr'><strong>prius</strong></span> <span class='ocrx_word' id='word_1_304' title='bbox 783 3889 942 3935; x_wconf 89' lang='lat' dir='ltr'><strong>erant</strong></span> <span class='ocrx_word' id='word_1_305' title='bbox 988 3879 1108 3934; x_wconf 72' lang='lat' dir='ltr'><strong>dure</strong></span> <span class='ocrx_word' id='word_1_306' title='bbox 1145 3895 1364 3934; x_wconf 88' lang='lat' dir='ltr'><strong>carnes.</strong></span> <span class='ocrx_word' id='word_1_307' title='bbox 1411 3878 1558 3932; x_wconf 79' lang='lat' dir='ltr'><strong>Nudi</strong></span> <span class='ocrx_word' id='word_1_308' title='bbox 1607 3885 1786 3942; x_wconf 90' lang='lat' dir='ltr'><strong>erant,</strong></span> <span class='ocrx_word' id='word_1_309' title='bbox 1844 3877 2022 3930; x_wconf 90' lang='lat' dir='ltr'><strong>donec</strong></span> 
     </span>
    </p>
   </div>
   <div class='ocr_carea' id='block_1_42' title="bbox 448 3967 2022 4037">
    <p class='ocr_par' dir='ltr' id='par_1_42' title="bbox 448 3967 2022 4037">
     <span class='ocr_line' id='line_1_42' title="bbox 448 3967 2022 4037; baseline -0.004 -11"><span class='ocrx_word' id='word_1_310' title='bbox 448 3971 504 4026; x_wconf 88' lang='lat' dir='ltr'><strong>in</strong></span> <span class='ocrx_word' id='word_1_311' title='bbox 546 3971 784 4026; x_wconf 87' lang='lat' dir='ltr'><strong>secunda</strong></span> <span class='ocrx_word' id='word_1_312' title='bbox 835 3971 1117 4026; x_wconf 87' lang='lat' dir='ltr'><strong>creatione</strong></span> <span class='ocrx_word' id='word_1_313' title='bbox 1165 3971 1294 4025; x_wconf 92' lang='lat' dir='ltr'><strong>tecti</strong></span> <span class='ocrx_word' id='word_1_314' title='bbox 1346 3979 1475 4024; x_wconf 89' lang='lat' dir='ltr'><strong>sunt</strong></span> <span class='ocrx_word' id='word_1_315' title='bbox 1529 3985 1560 4023; x_wconf 90' lang='lat' dir='ltr'><strong>a</strong></span> <span class='ocrx_word' id='word_1_316' title='bbox 1607 3969 1756 4034; x_wconf 89' lang='lat' dir='ltr'><strong>Deo;</strong></span> <span class='ocrx_word' id='word_1_317' title='bbox 1805 3969 1897 4037; x_wconf 89' lang='lat' dir='ltr'><strong>qui</strong></span> <span class='ocrx_word' id='word_1_318' title='bbox 1965 3967 2022 4021; x_wconf 93' lang='lat' dir='ltr'><strong>in</strong></span> 
     </span>
    </p>
   </div>
   <div class='ocr_carea' id='block_1_43' title="bbox 449 4062 2018 4137">
    <p class='ocr_par' dir='ltr' id='par_1_43' title="bbox 449 4062 2018 4137">
     <span class='ocr_line' id='line_1_43' title="bbox 449 4062 2018 4137; baseline -0.003 -21"><span class='ocrx_word' id='word_1_319' title='bbox 449 4062 724 4134; x_wconf 90' lang='lat' dir='ltr'><strong>principio</strong></span> <span class='ocrx_word' id='word_1_320' title='bbox 773 4063 902 4117; x_wconf 62' lang='lat' dir='ltr'><strong>caici</strong></span> <span class='ocrx_word' id='word_1_321' title='bbox 949 4071 1128 4125; x_wconf 88' lang='lat' dir='ltr'><strong>erant,</strong></span> <span class='ocrx_word' id='word_1_322' title='bbox 1178 4062 1356 4116; x_wconf 81' lang='lat' dir='ltr'><strong>visunt</strong></span> <span class='ocrx_word' id='word_1_323' title='bbox 1423 4068 1615 4130; x_wconf 89' lang='lat' dir='ltr'><strong>postea</strong></span> <span class='ocrx_word' id='word_1_324' title='bbox 1666 4065 2018 4137; x_wconf 82' lang='lat' dir='ltr'><strong>receperunt.</strong></span> 
     </span>
    </p>
   </div>
   <div class='ocr_carea' id='block_1_44' title="bbox 446 4150 2025 4222">
    <p class='ocr_par' dir='ltr' id='par_1_44' title="bbox 446 4150 2025 4222">
     <span class='ocr_line' id='line_1_44' title="bbox 446 4150 2025 4222; baseline -0.003 -14"><span class='ocrx_word' id='word_1_325' title='bbox 446 4153 604 4220; x_wconf 87' lang='lat' dir='ltr'><strong>Quod</strong></span> <span class='ocrx_word' id='word_1_326' title='bbox 639 4153 682 4208; x_wconf 91' lang='lat' dir='ltr'><strong>si</strong></span> <span class='ocrx_word' id='word_1_327' title='bbox 731 4153 1168 4208; x_wconf 88' lang='lat' dir='ltr'><strong>inobedientiam</strong></span> <span class='ocrx_word' id='word_1_328' title='bbox 1218 4161 1275 4207; x_wconf 90' lang='lat' dir='ltr'><strong>et</strong></span> <span class='ocrx_word' id='word_1_329' title='bbox 1312 4160 1624 4222; x_wconf 83' lang='lat' dir='ltr'><strong>serpentem</strong></span> <span class='ocrx_word' id='word_1_330' title='bbox 1661 4161 1716 4205; x_wconf 90' lang='lat' dir='ltr'><strong>et</strong></span> <span class='ocrx_word' id='word_1_331' title='bbox 1751 4150 1933 4204; x_wconf 87' lang='lat' dir='ltr'><strong>cibum</strong></span> <span class='ocrx_word' id='word_1_332' title='bbox 1968 4158 2025 4204; x_wconf 88' lang='lat' dir='ltr'><strong>et</strong></span> 
     </span>
    </p>
   </div>
   <div class='ocr_carea' id='block_1_45' title="bbox 449 4240 2026 4314">
    <p class='ocr_par' dir='ltr' id='par_1_45' title="bbox 449 4240 2026 4314">
     <span class='ocr_line' id='line_1_45' title="bbox 449 4240 2026 4314; baseline -0.004 -14"><span class='ocrx_word' id='word_1_333' title='bbox 449 4255 684 4301; x_wconf 68' lang='lat' dir='ltr'><strong>n&#39;tortem</strong></span> <span class='ocrx_word' id='word_1_334' title='bbox 721 4253 777 4301; x_wconf 90' lang='lat' dir='ltr'><strong>et</strong></span> <span class='ocrx_word' id='word_1_335' title='bbox 820 4245 1029 4300; x_wconf 82' lang='lat' dir='ltr'><strong>exitum</strong></span> <span class='ocrx_word' id='word_1_336' title='bbox 1058 4261 1088 4300; x_wconf 94' lang='lat' dir='ltr'><strong>e</strong></span> <span class='ocrx_word' id='word_1_337' title='bbox 1120 4243 1374 4314; x_wconf 86' lang='lat' dir='ltr'><strong>paradiso</strong></span> <span class='ocrx_word' id='word_1_338' title='bbox 1409 4243 1547 4296; x_wconf 92' lang='lat' dir='ltr'><strong>mihi</strong></span> <span class='ocrx_word' id='word_1_339' title='bbox 1582 4242 1768 4308; x_wconf 83' lang='lat' dir='ltr'><strong>etl&#39;ers,</strong></span> <span class='ocrx_word' id='word_1_340' title='bbox 1799 4259 1833 4296; x_wconf 88' lang='grc' dir='ltr'>ο</span> <span class='ocrx_word' id='word_1_341' title='bbox 1868 4240 2026 4295; x_wconf 88' lang='lat' dir='ltr'><strong>audi-</strong></span> 
     </span>
    </p>
   </div>
   <div class='ocr_carea' id='block_1_46' title="bbox 449 4333 2024 4408">
    <p class='ocr_par' dir='ltr' id='par_1_46' title="bbox 449 4333 2024 4408">
     <span class='ocr_line' id='line_1_46' title="bbox 449 4333 2024 4408; baseline -0.003 -18"><span class='ocrx_word' id='word_1_342' title='bbox 449 4347 560 4402; x_wconf 90' lang='lat' dir='ltr'><strong>tor,</strong></span> <span class='ocrx_word' id='word_1_343' title='bbox 607 4336 738 4392; x_wconf 82' lang='lat' dir='ltr'><strong>siste</strong></span> <span class='ocrx_word' id='word_1_344' title='bbox 785 4336 1038 4408; x_wconf 86' lang='lat' dir='ltr'><strong>gradum,</strong></span> <span class='ocrx_word' id='word_1_345' title='bbox 1090 4345 1145 4392; x_wconf 89' lang='lat' dir='ltr'><strong>et</strong></span> <span class='ocrx_word' id='word_1_346' title='bbox 1184 4349 1254 4390; x_wconf 87' lang='lat' dir='ltr'><strong>ne</strong></span> <span class='ocrx_word' id='word_1_347' title='bbox 1298 4334 1561 4400; x_wconf 86' lang='lat' dir='ltr'><strong>festines;</strong></span> <span class='ocrx_word' id='word_1_348' title='bbox 1595 4342 1650 4388; x_wconf 91' lang='lat' dir='ltr'><strong>et</strong></span> <span class='ocrx_word' id='word_1_349' title='bbox 1698 4333 1912 4388; x_wconf 89' lang='lat' dir='ltr'><strong>videbis</strong></span> <span class='ocrx_word' id='word_1_350' title='bbox 1958 4347 2024 4387; x_wconf 91' lang='lat' dir='ltr'><strong>ea</strong></span> 
     </span>
    </p>
   </div>
   <div class='ocr_carea' id='block_1_47' title="bbox 447 4424 2021 4497">
    <p class='ocr_par' dir='ltr' id='par_1_47' title="bbox 447 4424 2021 4497">
     <span class='ocr_line' id='line_1_47' title="bbox 447 4424 2021 4497; baseline 0 -18"><span class='ocrx_word' id='word_1_351' title='bbox 447 4443 571 4497; x_wconf 70' lang='lat' dir='ltr'><strong>quae</strong></span> <span class='ocrx_word' id='word_1_352' title='bbox 614 4426 667 4482; x_wconf 92' lang='lat' dir='ltr'><strong>in</strong></span> <span class='ocrx_word' id='word_1_353' title='bbox 709 4427 796 4482; x_wconf 92' lang='lat' dir='ltr'><strong>his</strong></span> <span class='ocrx_word' id='word_1_354' title='bbox 832 4433 965 4483; x_wconf 86' lang='lat' dir='ltr'><strong>sunt</strong></span> <span class='ocrx_word' id='word_1_355' title='bbox 1013 4425 1270 4490; x_wconf 87' lang='lat' dir='ltr'><strong>dicenda,</strong></span> <span class='ocrx_word' id='word_1_356' title='bbox 1313 4441 1412 4496; x_wconf 90' lang='lat' dir='ltr'><strong>per</strong></span> <span class='ocrx_word' id='word_1_357' title='bbox 1460 4425 1694 4480; x_wconf 91' lang='lat' dir='ltr'><strong>multum</strong></span> <span class='ocrx_word' id='word_1_358' title='bbox 1726 4425 1782 4479; x_wconf 92' lang='lat' dir='ltr'><strong>in</strong></span> <span class='ocrx_word' id='word_1_359' title='bbox 1831 4441 1888 4480; x_wconf 89' lang='lat' dir='ltr'><strong>se</strong></span> <span class='ocrx_word' id='word_1_360' title='bbox 1919 4424 2021 4479; x_wconf 89' lang='lat' dir='ltr'><strong>ha—</strong></span> 
     </span>
    </p>
   </div>
   <div class='ocr_carea' id='block_1_48' title="bbox 2111 587 3688 661">
    <p class='ocr_par' dir='ltr' id='par_1_48' title="bbox 2111 587 3688 661">
     <span class='ocr_line' id='line_1_48' title="bbox 2111 587 3688 661; baseline 0.005 -21"><span class='ocrx_word' id='word_1_361' title='bbox 2111 601 2222 641; x_wconf 88' lang='lat' dir='ltr'><strong>non</strong></span> <span class='ocrx_word' id='word_1_362' title='bbox 2267 588 2470 658; x_wconf 88' lang='lat' dir='ltr'><strong>peribit</strong></span> <span class='ocrx_word' id='word_1_363' title='bbox 2511 588 2597 642; x_wconf 65' lang='grc' dir='ltr'><strong>δεῖν</strong></span> <span class='ocrx_word' id='word_1_364' title='bbox 2630 587 2762 655; x_wconf 84' lang='lat' dir='ltr'><strong>Quae</strong></span> <span class='ocrx_word' id='word_1_365' title='bbox 2790 589 3013 658; x_wconf 90' lang='lat' dir='ltr'><strong>quidem</strong></span> <span class='ocrx_word' id='word_1_366' title='bbox 3048 591 3136 644; x_wconf 87' lang='lat' dir='ltr'><strong>lex</strong></span> <span class='ocrx_word' id='word_1_367' title='bbox 3173 598 3230 645; x_wconf 92' lang='lat' dir='ltr'><strong>et</strong></span> <span class='ocrx_word' id='word_1_368' title='bbox 3261 591 3548 661; x_wconf 87' lang='lat' dir='ltr'><strong>Scriptura</strong></span> <span class='ocrx_word' id='word_1_369' title='bbox 3598 594 3688 648; x_wconf 90' lang='lat' dir='ltr'><strong>in-</strong></span> 
     </span>
    </p>
   </div>
   <div class='ocr_carea' id='block_1_49' title="bbox 2114 679 3686 752">
    <p class='ocr_par' dir='ltr' id='par_1_49' title="bbox 2114 679 3686 752">
     <span class='ocr_line' id='line_1_49' title="bbox 2114 679 3686 752; baseline 0.006 -21"><span class='ocrx_word' id='word_1_370' title='bbox 2114 685 2446 748; x_wconf 64' lang='lat' dir='ltr'><strong>terpretatat,</strong></span> <span class='ocrx_word' id='word_1_371' title='bbox 2477 679 2696 749; x_wconf 61' lang='lat' dir='ltr'><strong>scriptae</strong></span> <span class='ocrx_word' id='word_1_372' title='bbox 2742 689 2870 734; x_wconf 88' lang='lat' dir='ltr'><strong>sunt</strong></span> <span class='ocrx_word' id='word_1_373' title='bbox 2900 681 2956 735; x_wconf 87' lang='lat' dir='ltr'><strong>in</strong></span> <span class='ocrx_word' id='word_1_374' title='bbox 3002 681 3209 752; x_wconf 87' lang='lat' dir='ltr'><strong>Spiritu</strong></span> <span class='ocrx_word' id='word_1_375' title='bbox 3260 690 3317 737; x_wconf 90' lang='lat' dir='ltr'><strong>et</strong></span> <span class='ocrx_word' id='word_1_376' title='bbox 3351 698 3450 739; x_wconf 90' lang='lat' dir='ltr'><strong>ore</strong></span> <span class='ocrx_word' id='word_1_377' title='bbox 3473 693 3686 750; x_wconf 85' lang='lat' dir='ltr'><strong>sancto,</strong></span> 
     </span>
    </p>
   </div>
   <div class='ocr_carea' id='block_1_50' title="bbox 2112 770 3685 848">
    <p class='ocr_par' dir='ltr' id='par_1_50' title="bbox 2112 770 3685 848">
     <span class='ocr_line' id='line_1_50' title="bbox 2112 770 3685 848; baseline 0.004 -24"><span class='ocrx_word' id='word_1_378' title='bbox 2112 770 2168 826; x_wconf 87' lang='lat' dir='ltr'><strong>in</strong></span> <span class='ocrx_word' id='word_1_379' title='bbox 2207 770 2331 840; x_wconf 83' lang='lat' dir='ltr'><strong>igne</strong></span> <span class='ocrx_word' id='word_1_380' title='bbox 2352 779 2409 825; x_wconf 91' lang='lat' dir='ltr'><strong>et</strong></span> <span class='ocrx_word' id='word_1_381' title='bbox 2431 771 2688 841; x_wconf 83' lang='lat' dir='ltr'><strong>caligine,</strong></span> <span class='ocrx_word' id='word_1_382' title='bbox 2725 781 2780 826; x_wconf 89' lang='lat' dir='ltr'><strong>et</strong></span> <span class='ocrx_word' id='word_1_383' title='bbox 2809 774 3054 827; x_wconf 83' lang='lat' dir='ltr'><strong>tenebris</strong></span> <span class='ocrx_word' id='word_1_384' title='bbox 3081 782 3136 828; x_wconf 91' lang='lat' dir='ltr'><strong>et</strong></span> <span class='ocrx_word' id='word_1_385' title='bbox 3173 775 3440 848; x_wconf 80' lang='lat' dir='ltr'><strong>procella,</strong></span> <span class='ocrx_word' id='word_1_386' title='bbox 3471 784 3528 830; x_wconf 90' lang='lat' dir='ltr'><strong>et</strong></span> <span class='ocrx_word' id='word_1_387' title='bbox 3557 791 3685 831; x_wconf 86' lang='lat' dir='ltr'><strong>con-</strong></span> 
     </span>
    </p>
   </div>
   <div class='ocr_carea' id='block_1_51' title="bbox 2113 863 3686 938">
    <p class='ocr_par' dir='ltr' id='par_1_51' title="bbox 2113 863 3686 938">
     <span class='ocr_line' id='line_1_51' title="bbox 2113 863 3686 938; baseline 0.005 -22"><span class='ocrx_word' id='word_1_388' title='bbox 2113 863 2391 928; x_wconf 88' lang='lat' dir='ltr'><strong>cussione,</strong></span> <span class='ocrx_word' id='word_1_389' title='bbox 2415 873 2472 920; x_wconf 91' lang='lat' dir='ltr'><strong>et</strong></span> <span class='ocrx_word' id='word_1_390' title='bbox 2506 865 2562 918; x_wconf 91' lang='lat' dir='ltr'><strong>in</strong></span> <span class='ocrx_word' id='word_1_391' title='bbox 2595 881 2733 920; x_wconf 92' lang='lat' dir='ltr'><strong>sono</strong></span> <span class='ocrx_word' id='word_1_392' title='bbox 2769 866 2912 919; x_wconf 69' lang='lat' dir='ltr'><strong>tuba:-</strong></span> <span class='ocrx_word' id='word_1_393' title='bbox 2945 866 3131 921; x_wconf 89' lang='lat' dir='ltr'><strong>decies</strong></span> <span class='ocrx_word' id='word_1_394' title='bbox 3168 867 3318 922; x_wconf 87' lang='lat' dir='ltr'><strong>mille</strong></span> <span class='ocrx_word' id='word_1_395' title='bbox 3343 870 3686 938; x_wconf 80' lang='lat' dir='ltr'><strong>angelorum.</strong></span> 
     </span>
    </p>
   </div>
   <div class='ocr_carea' id='block_1_52' title="bbox 2112 953 3691 1029">
    <p class='ocr_par' dir='ltr' id='par_1_52' title="bbox 2112 953 3691 1029">
     <span class='ocr_line' id='line_1_52' title="bbox 2112 953 3691 1029; baseline 0.003 -21"><span class='ocrx_word' id='word_1_396' title='bbox 2112 953 2224 1008; x_wconf 92' lang='lat' dir='ltr'><strong>Lex</strong></span> <span class='ocrx_word' id='word_1_397' title='bbox 2255 955 2404 1008; x_wconf 90' lang='lat' dir='ltr'><strong>enim</strong></span> <span class='ocrx_word' id='word_1_398' title='bbox 2431 963 2515 1010; x_wconf 91' lang='lat' dir='ltr'><strong>est</strong></span> <span class='ocrx_word' id='word_1_399' title='bbox 2537 964 2760 1018; x_wconf 41' lang='lat' dir='ltr'><strong>sanctas</strong></span> <span class='ocrx_word' id='word_1_400' title='bbox 2783 965 2829 1010; x_wconf 84' lang='lat' dir='ltr'><strong>et</strong></span> <span class='ocrx_word' id='word_1_401' title='bbox 2868 957 3072 1026; x_wconf 84' lang='lat' dir='ltr'><strong>eloquia</strong></span> <span class='ocrx_word' id='word_1_402' title='bbox 3108 957 3316 1010; x_wconf 90' lang='lat' dir='ltr'><strong>Domini</strong></span> <span class='ocrx_word' id='word_1_403' title='bbox 3354 958 3508 1012; x_wconf 79' lang='lat' dir='ltr'><strong>ualde</strong></span> <span class='ocrx_word' id='word_1_404' title='bbox 3546 959 3691 1029; x_wconf 80' lang='lat' dir='ltr'><strong>igni-</strong></span> 
     </span>
    </p>
   </div>
   <div class='ocr_carea' id='block_1_53' title="bbox 2115 1046 3688 1117">
    <p class='ocr_par' dir='ltr' id='par_1_53' title="bbox 2115 1046 3688 1117">
     <span class='ocr_line' id='line_1_53' title="bbox 2115 1046 3688 1117; baseline 0.003 -19"><span class='ocrx_word' id='word_1_405' title='bbox 2115 1055 2168 1099; x_wconf 88' lang='lat' dir='ltr'><strong>ta</strong></span> <span class='ocrx_word' id='word_1_406' title='bbox 2189 1046 2257 1108; x_wconf 68' lang='lat'><strong>‘9,</strong></span> <span class='ocrx_word' id='word_1_407' title='bbox 2287 1061 2482 1115; x_wconf 87' lang='lat' dir='ltr'><strong>nempe</strong></span> <span class='ocrx_word' id='word_1_408' title='bbox 2504 1062 2734 1101; x_wconf 85' lang='lat' dir='ltr'><strong>accensa</strong></span> <span class='ocrx_word' id='word_1_409' title='bbox 2771 1048 2894 1117; x_wconf 71' lang='lat' dir='ltr'><strong>igne</strong></span> <span class='ocrx_word' id='word_1_410' title='bbox 2925 1048 3018 1117; x_wconf 88' lang='lat' dir='ltr'><strong>qui</strong></span> <span class='ocrx_word' id='word_1_411' title='bbox 3051 1057 3172 1101; x_wconf 88' lang='lat' dir='ltr'><strong>erat</strong></span> <span class='ocrx_word' id='word_1_412' title='bbox 3199 1048 3256 1101; x_wconf 88' lang='lat' dir='ltr'><strong>in</strong></span> <span class='ocrx_word' id='word_1_413' title='bbox 3293 1057 3479 1102; x_wconf 89' lang='lat' dir='ltr'><strong>monte</strong></span> <span class='ocrx_word' id='word_1_414' title='bbox 3514 1047 3688 1110; x_wconf 85' lang='lat' dir='ltr'><strong>Sinai,</strong></span> 
     </span>
    </p>
   </div>
   <div class='ocr_carea' id='block_1_54' title="bbox 2115 1137 3690 1210">
    <p class='ocr_par' dir='ltr' id='par_1_54' title="bbox 2115 1137 3690 1210">
     <span class='ocr_line' id='line_1_54' title="bbox 2115 1137 3690 1210; baseline 0.001 -18"><span class='ocrx_word' id='word_1_415' title='bbox 2115 1145 2170 1192; x_wconf 89' lang='lat' dir='ltr'><strong>et</strong></span> <span class='ocrx_word' id='word_1_416' title='bbox 2203 1139 2283 1195; x_wconf 90' lang='lat' dir='ltr'><strong>sic</strong></span> <span class='ocrx_word' id='word_1_417' title='bbox 2328 1138 2529 1192; x_wconf 88' lang='lat' dir='ltr'><strong>tradita</strong></span> <span class='ocrx_word' id='word_1_418' title='bbox 2572 1137 2900 1192; x_wconf 88' lang='lat' dir='ltr'><strong>:Concussio</strong></span> <span class='ocrx_word' id='word_1_419' title='bbox 2951 1139 3098 1194; x_wconf 89' lang='lat' dir='ltr'><strong>enim</strong></span> <span class='ocrx_word' id='word_1_420' title='bbox 3143 1149 3190 1192; x_wconf 92' lang='lat' dir='ltr'><strong>et</strong></span> <span class='ocrx_word' id='word_1_421' title='bbox 3246 1153 3350 1194; x_wconf 84' lang='lat' dir='ltr'><strong>non</strong></span> <span class='ocrx_word' id='word_1_422' title='bbox 3383 1143 3690 1210; x_wconf 77' lang='lat' dir='ltr'><strong>inconcus-</strong></span> 
     </span>
    </p>
   </div>
   <div class='ocr_carea' id='block_1_55' title="bbox 2113 1231 3740 1301">
    <p class='ocr_par' dir='ltr' id='par_1_55' title="bbox 2113 1231 3740 1301">
     <span class='ocr_line' id='line_1_55' title="bbox 2113 1231 3740 1301; baseline 0.001 -17"><span class='ocrx_word' id='word_1_423' title='bbox 2113 1233 2260 1284; x_wconf 85' lang='lat' dir='ltr'><strong>sione</strong></span> <span class='ocrx_word' id='word_1_424' title='bbox 2291 1231 2550 1286; x_wconf 76' lang='lat' dir='ltr'><strong>Dominus</strong></span> <span class='ocrx_word' id='word_1_425' title='bbox 2575 1272 2588 1294; x_wconf 89' lang='lat'><strong>,</strong></span> <span class='ocrx_word' id='word_1_426' title='bbox 2625 1232 2792 1300; x_wconf 83' lang='lat' dir='ltr'><strong>caligo</strong></span> <span class='ocrx_word' id='word_1_427' title='bbox 2820 1241 2869 1284; x_wconf 79' lang='lat' dir='ltr'><strong>et</strong></span> <span class='ocrx_word' id='word_1_428' title='bbox 2907 1249 3009 1285; x_wconf 85' lang='lat' dir='ltr'><strong>non</strong></span> <span class='ocrx_word' id='word_1_429' title='bbox 3047 1233 3103 1285; x_wconf 90' lang='lat' dir='ltr'><strong>in</strong></span> <span class='ocrx_word' id='word_1_430' title='bbox 3141 1232 3366 1301; x_wconf 82' lang='lat' dir='ltr'><strong>caligine</strong></span> <span class='ocrx_word' id='word_1_431' title='bbox 3398 1232 3688 1287; x_wconf 74' lang='lat' dir='ltr'><strong>Dominus:</strong></span> <span class='ocrx_word' id='word_1_432' title='bbox 3735 1261 3740 1264; x_wconf 96' lang='lat'><em>-</em></span> 
     </span>
    </p>
   </div>
   <div class='ocr_carea' id='block_1_56' title="bbox 2115 1321 3693 1395">
    <p class='ocr_par' dir='ltr' id='par_1_56' title="bbox 2115 1321 3693 1395">
     <span class='ocr_line' id='line_1_56' title="bbox 2115 1321 3693 1395; baseline 0.004 -22"><span class='ocrx_word' id='word_1_433' title='bbox 2115 1321 2251 1390; x_wconf 85' lang='lat' dir='ltr'><strong>ignis</strong></span> <span class='ocrx_word' id='word_1_434' title='bbox 2293 1321 2360 1383; x_wconf 83' lang='lat'><strong>°°,</strong></span> <span class='ocrx_word' id='word_1_435' title='bbox 2398 1329 2453 1375; x_wconf 91' lang='lat' dir='ltr'><strong>et</strong></span> <span class='ocrx_word' id='word_1_436' title='bbox 2477 1322 2606 1374; x_wconf 89' lang='lat' dir='ltr'><strong>illuc</strong></span> <span class='ocrx_word' id='word_1_437' title='bbox 2646 1323 2910 1377; x_wconf 89' lang='lat' dir='ltr'><strong>Dominus</strong></span> <span class='ocrx_word' id='word_1_438' title='bbox 2942 1323 3036 1392; x_wconf 89' lang='lat' dir='ltr'><strong>qui</strong></span> <span class='ocrx_word' id='word_1_439' title='bbox 3069 1323 3322 1393; x_wconf 89' lang='lat' dir='ltr'><strong>loquitur</strong></span> <span class='ocrx_word' id='word_1_440' title='bbox 3373 1323 3544 1395; x_wconf 80' lang='lat' dir='ltr'><strong>ignita</strong></span> <span class='ocrx_word' id='word_1_441' title='bbox 3576 1326 3693 1380; x_wconf 86' lang='lat' dir='ltr'><strong>elo-</strong></span> 
     </span>
    </p>
   </div>
   <div class='ocr_carea' id='block_1_57' title="bbox 2116 1411 3694 1479">
    <p class='ocr_par' dir='ltr' id='par_1_57' title="bbox 2116 1411 3694 1479">
     <span class='ocr_line' id='line_1_57' title="bbox 2116 1411 3694 1479; baseline 0.006 -16"><span class='ocrx_word' id='word_1_442' title='bbox 2116 1411 2245 1479; x_wconf 89' lang='lat' dir='ltr'><strong>quia</strong></span> <span class='ocrx_word' id='word_1_443' title='bbox 2272 1411 2427 1476; x_wconf 82' lang='lat' dir='ltr'><strong>Mosi,</strong></span> <span class='ocrx_word' id='word_1_444' title='bbox 2463 1417 2677 1468; x_wconf 87' lang='lat' dir='ltr'><strong>animas</strong></span> <span class='ocrx_word' id='word_1_445' title='bbox 2723 1413 3142 1479; x_wconf 80' lang='lat' dir='ltr'><strong>inflantmantia,</strong></span> <span class='ocrx_word' id='word_1_446' title='bbox 3198 1422 3254 1470; x_wconf 86' lang='lat' dir='ltr'><strong>et</strong></span> <span class='ocrx_word' id='word_1_447' title='bbox 3308 1416 3694 1472; x_wconf 80' lang='lat' dir='ltr'><strong>comburentia</strong></span> 
     </span>
    </p>
   </div>
   <div class='ocr_carea' id='block_1_58' title="bbox 2117 1505 3266 1572">
    <p class='ocr_par' dir='ltr' id='par_1_58' title="bbox 2117 1505 3266 1572">
     <span class='ocr_line' id='line_1_58' title="bbox 2117 1505 3266 1572; baseline 0.007 -16"><span class='ocrx_word' id='word_1_448' title='bbox 2117 1519 2240 1572; x_wconf 69' lang='lat' dir='ltr'><strong>qua:</strong></span> <span class='ocrx_word' id='word_1_449' title='bbox 2282 1515 2411 1559; x_wconf 89' lang='lat' dir='ltr'><strong>sunt</strong></span> <span class='ocrx_word' id='word_1_450' title='bbox 2465 1505 2518 1559; x_wconf 89' lang='lat' dir='ltr'><strong>in</strong></span> <span class='ocrx_word' id='word_1_451' title='bbox 2555 1507 2638 1561; x_wconf 91' lang='lat' dir='ltr'><strong>eis</strong></span> <span class='ocrx_word' id='word_1_452' title='bbox 2689 1522 2874 1562; x_wconf 82' lang='lat' dir='ltr'><strong>crassa</strong></span> <span class='ocrx_word' id='word_1_453' title='bbox 2917 1523 2981 1562; x_wconf 90' lang='lat' dir='ltr'><strong>ac</strong></span> <span class='ocrx_word' id='word_1_454' title='bbox 3025 1519 3266 1564; x_wconf 86' lang='lat' dir='ltr'><strong>terrena.</strong></span> 
     </span>
    </p>
   </div>
   <div class='ocr_carea' id='block_1_59' title="bbox 2194 1598 3696 1672">
    <p class='ocr_par' dir='ltr' id='par_1_59' title="bbox 2194 1598 3696 1672">
     <span class='ocr_line' id='line_1_59' title="bbox 2194 1598 3696 1672; baseline 0.007 -21"><span class='ocrx_word' id='word_1_455' title='bbox 2194 1598 2331 1651; x_wconf 84' lang='lat' dir='ltr'><strong>Hinc</strong></span> <span class='ocrx_word' id='word_1_456' title='bbox 2379 1610 2562 1651; x_wconf 83' lang='lat' dir='ltr'><strong>autem</strong></span> <span class='ocrx_word' id='word_1_457' title='bbox 2597 1609 2826 1668; x_wconf 86' lang='lat' dir='ltr'><strong>apparet</strong></span> <span class='ocrx_word' id='word_1_458' title='bbox 2848 1601 2995 1670; x_wconf 83' lang='lat' dir='ltr'><strong>quod</strong></span> <span class='ocrx_word' id='word_1_459' title='bbox 3042 1601 3363 1672; x_wconf 78' lang='lat' dir='ltr'><strong>Itypostasin</strong></span> <span class='ocrx_word' id='word_1_460' title='bbox 3401 1605 3696 1662; x_wconf 80' lang='lat' dir='ltr'><strong>habeat-el</strong></span> 
     </span>
    </p>
   </div>
   <div class='ocr_carea' id='block_1_60' title="bbox 2118 1689 3697 1768">
    <p class='ocr_par' dir='ltr' id='par_1_60' title="bbox 2118 1689 3697 1768">
     <span class='ocr_line' id='line_1_60' title="bbox 2118 1689 3697 1768; baseline 0.006 -25"><span class='ocrx_word' id='word_1_461' title='bbox 2118 1690 2190 1744; x_wconf 91' lang='lat' dir='ltr'><strong>sit</strong></span> <span class='ocrx_word' id='word_1_462' title='bbox 2233 1689 2328 1743; x_wconf 79' lang='lat' dir='ltr'><strong>Dei</strong></span> <span class='ocrx_word' id='word_1_463' title='bbox 2376 1692 2665 1759; x_wconf 76' lang='lat' dir='ltr'><strong>sapientia,</strong></span> <span class='ocrx_word' id='word_1_464' title='bbox 2724 1692 3011 1758; x_wconf 83' lang='lat' dir='ltr'><strong>Quomodo</strong></span> <span class='ocrx_word' id='word_1_465' title='bbox 3055 1696 3202 1749; x_wconf 80' lang='lat' dir='ltr'><strong>enirn</strong></span> <span class='ocrx_word' id='word_1_466' title='bbox 3238 1697 3386 1752; x_wconf 89' lang='lat' dir='ltr'><strong>aliud</strong></span> <span class='ocrx_word' id='word_1_467' title='bbox 3426 1708 3511 1753; x_wconf 85' lang='lat' dir='ltr'><strong>est</strong></span> <span class='ocrx_word' id='word_1_468' title='bbox 3545 1698 3697 1768; x_wconf 86' lang='lat' dir='ltr'><strong>quod</strong></span> 
     </span>
    </p>
   </div>
   <div class='ocr_carea' id='block_1_61' title="bbox 2121 1779 3697 1858">
    <p class='ocr_par' dir='ltr' id='par_1_61' title="bbox 2121 1779 3697 1858">
     <span class='ocr_line' id='line_1_61' title="bbox 2121 1779 3697 1858; baseline 0.008 -26"><span class='ocrx_word' id='word_1_469' title='bbox 2121 1779 2372 1848; x_wconf 79' lang='lat' dir='ltr'><strong>ignescit,</strong></span> <span class='ocrx_word' id='word_1_470' title='bbox 2419 1790 2474 1836; x_wconf 89' lang='lat' dir='ltr'><strong>et</strong></span> <span class='ocrx_word' id='word_1_471' title='bbox 2524 1781 2672 1835; x_wconf 88' lang='lat' dir='ltr'><strong>aliud</strong></span> <span class='ocrx_word' id='word_1_472' title='bbox 2710 1783 2855 1852; x_wconf 88' lang='lat' dir='ltr'><strong>quod</strong></span> <span class='ocrx_word' id='word_1_473' title='bbox 2911 1793 2993 1838; x_wconf 87' lang='lat' dir='ltr'><strong>est</strong></span> <span class='ocrx_word' id='word_1_474' title='bbox 3035 1801 3266 1854; x_wconf 90' lang='lat' dir='ltr'><strong>corpore</strong></span> <span class='ocrx_word' id='word_1_475' title='bbox 3305 1789 3580 1858; x_wconf 82' lang='lat' dir='ltr'><strong>ignitum:</strong></span> <span class='ocrx_word' id='word_1_476' title='bbox 3619 1791 3697 1845; x_wconf 87' lang='lat' dir='ltr'><strong>ita</strong></span> 
     </span>
    </p>
   </div>
   <div class='ocr_carea' id='block_1_62' title="bbox 2118 1869 3699 1948">
    <p class='ocr_par' dir='ltr' id='par_1_62' title="bbox 2118 1869 3699 1948">
     <span class='ocr_line' id='line_1_62' title="bbox 2118 1869 3699 1948; baseline 0.008 -27"><span class='ocrx_word' id='word_1_477' title='bbox 2118 1869 2284 1922; x_wconf 87' lang='lat' dir='ltr'><strong>etiam</strong></span> <span class='ocrx_word' id='word_1_478' title='bbox 2335 1885 2402 1924; x_wconf 82' lang='lat' dir='ltr'><strong>ex</strong></span> <span class='ocrx_word' id='word_1_479' title='bbox 2451 1871 2700 1941; x_wconf 81' lang='lat' dir='ltr'><strong>analogia</strong></span> <span class='ocrx_word' id='word_1_480' title='bbox 2746 1887 2809 1926; x_wconf 89' lang='lat' dir='ltr'><strong>ac</strong></span> <span class='ocrx_word' id='word_1_481' title='bbox 2845 1876 3232 1930; x_wconf 87' lang='lat' dir='ltr'><strong>convenientia</strong></span> <span class='ocrx_word' id='word_1_482' title='bbox 3281 1876 3526 1948; x_wconf 88' lang='lat' dir='ltr'><strong>intellige</strong></span> <span class='ocrx_word' id='word_1_483' title='bbox 3565 1894 3699 1934; x_wconf 85' lang='lat' dir='ltr'><strong>vere</strong></span> 
     </span>
    </p>
   </div>
   <div class='ocr_carea' id='block_1_63' title="bbox 2115 1961 3699 2030">
    <p class='ocr_par' dir='ltr' id='par_1_63' title="bbox 2115 1961 3699 2030">
     <span class='ocr_line' id='line_1_63' title="bbox 2115 1961 3699 2030; baseline 0.007 -16"><span class='ocrx_word' id='word_1_484' title='bbox 2115 1975 2237 2014; x_wconf 89' lang='lat' dir='ltr'><strong>esse</strong></span> <span class='ocrx_word' id='word_1_485' title='bbox 2267 1961 2361 2014; x_wconf 87' lang='lat' dir='ltr'><strong>Dei</strong></span> <span class='ocrx_word' id='word_1_486' title='bbox 2411 1961 2650 2030; x_wconf 85' lang='lat' dir='ltr'><strong>eloquia,</strong></span> <span class='ocrx_word' id='word_1_487' title='bbox 2689 1972 2746 2018; x_wconf 89' lang='lat' dir='ltr'><strong>et</strong></span> <span class='ocrx_word' id='word_1_488' title='bbox 2789 1981 2898 2019; x_wconf 90' lang='lat' dir='ltr'><strong>non</strong></span> <span class='ocrx_word' id='word_1_489' title='bbox 2941 1965 3175 2021; x_wconf 69' lang='lat' dir='ltr'><strong>dilfundi</strong></span> <span class='ocrx_word' id='word_1_490' title='bbox 3219 1967 3276 2021; x_wconf 90' lang='lat' dir='ltr'><strong>in</strong></span> <span class='ocrx_word' id='word_1_491' title='bbox 3316 1985 3519 2024; x_wconf 88' lang='lat' dir='ltr'><strong>aerem.</strong></span> <span class='ocrx_word' id='word_1_492' title='bbox 3575 1971 3699 2025; x_wconf 83' lang='lat' dir='ltr'><strong>Non</strong></span> 
     </span>
    </p>
   </div>
   <div class='ocr_carea' id='block_1_64' title="bbox 2116 2039 3700 2130">
    <p class='ocr_par' dir='ltr' id='par_1_64' title="bbox 2116 2039 3700 2130">
     <span class='ocr_line' id='line_1_64' title="bbox 2116 2039 3700 2130; baseline 0.008 -28"><span class='ocrx_word' id='word_1_493' title='bbox 2116 2049 2265 2102; x_wconf 90' lang='lat' dir='ltr'><strong>enim</strong></span> <span class='ocrx_word' id='word_1_494' title='bbox 2291 2050 2432 2104; x_wconf 82' lang='lat' dir='ltr'><strong>dixit</strong></span> <span class='ocrx_word' id='word_1_495' title='bbox 2457 2051 2817 2121; x_wconf 79' lang='lat' dir='ltr'><strong>ignescentia,</strong></span> <span class='ocrx_word' id='word_1_496' title='bbox 2849 2056 2944 2110; x_wconf 84' lang='lat' dir='ltr'><strong>sed</strong></span> <span class='ocrx_word' id='word_1_497' title='bbox 2972 2058 3164 2126; x_wconf 79' lang='lat' dir='ltr'><strong>ignita,</strong></span> <span class='ocrx_word' id='word_1_498' title='bbox 3200 2039 3296 2112; x_wconf 74' lang='lat' dir='ltr'><strong>seu</strong></span> <span class='ocrx_word' id='word_1_499' title='bbox 3327 2075 3522 2114; x_wconf 86' lang='lat' dir='ltr'><strong>revera</strong></span> <span class='ocrx_word' id='word_1_500' title='bbox 3549 2076 3700 2130; x_wconf 76' lang='lat' dir='ltr'><strong>prte-</strong></span> 
     </span>
    </p>
   </div>
   <div class='ocr_carea' id='block_1_65' title="bbox 2116 2139 3701 2214">
    <p class='ocr_par' dir='ltr' id='par_1_65' title="bbox 2116 2139 3701 2214">
     <span class='ocr_line' id='line_1_65' title="bbox 2116 2139 3701 2214; baseline 0.009 -20"><span class='ocrx_word' id='word_1_501' title='bbox 2116 2139 2356 2195; x_wconf 87' lang='lat' dir='ltr'><strong>lucentia</strong></span> <span class='ocrx_word' id='word_1_502' title='bbox 2389 2160 2401 2195; x_wconf 90' lang='lat'><strong>:</strong></span> <span class='ocrx_word' id='word_1_503' title='bbox 2431 2151 2486 2197; x_wconf 85' lang='lat' dir='ltr'><strong>et</strong></span> <span class='ocrx_word' id='word_1_504' title='bbox 2533 2156 2824 2214; x_wconf 86' lang='lat' dir='ltr'><strong>propterea</strong></span> <span class='ocrx_word' id='word_1_505' title='bbox 2869 2147 3082 2202; x_wconf 79' lang='lat' dir='ltr'><strong>dixerat</strong></span> <span class='ocrx_word' id='word_1_506' title='bbox 3107 2149 3277 2204; x_wconf 86' lang='lat' dir='ltr'><strong>David</strong></span> <span class='ocrx_word' id='word_1_507' title='bbox 3323 2170 3336 2204; x_wconf 91' lang='lat'>:</span> <span class='ocrx_word' id='word_1_508' title='bbox 3381 2151 3701 2208; x_wconf 74' lang='lat' dir='ltr'><strong>Mandatum</strong></span> 
     </span>
    </p>
   </div>
   <div class='ocr_carea' id='block_1_66' title="bbox 2115 2231 3702 2312">
    <p class='ocr_par' dir='ltr' id='par_1_66' title="bbox 2115 2231 3702 2312">
     <span class='ocr_line' id='line_1_66' title="bbox 2115 2231 3702 2312; baseline 0.008 -27"><span class='ocrx_word' id='word_1_509' title='bbox 2115 2231 2331 2287; x_wconf 86' lang='lat' dir='ltr'><strong>Domini</strong></span> <span class='ocrx_word' id='word_1_510' title='bbox 2365 2233 2596 2289; x_wconf 85' lang='lat' dir='ltr'><strong>lucidum</strong></span> <span class='ocrx_word' id='word_1_511' title='bbox 2646 2235 2958 2292; x_wconf 84' lang='lat' dir='ltr'><strong>illuminans</strong></span> <span class='ocrx_word' id='word_1_512' title='bbox 3005 2239 3180 2294; x_wconf 86' lang='lat' dir='ltr'><strong>oculos</strong></span> <span class='ocrx_word' id='word_1_513' title='bbox 3206 2243 3272 2295; x_wconf 71' lang='grc' dir='ltr'><strong>οι.</strong></span> <span class='ocrx_word' id='word_1_514' title='bbox 3297 2243 3568 2312; x_wconf 87' lang='lat' dir='ltr'><strong>Utrinque</strong></span> <span class='ocrx_word' id='word_1_515' title='bbox 3597 2261 3702 2299; x_wconf 83' lang='lat' dir='ltr'><strong>au-</strong></span> 
     </span>
    </p>
   </div>
   <div class='ocr_carea' id='block_1_67' title="bbox 2119 2324 3702 2403">
    <p class='ocr_par' dir='ltr' id='par_1_67' title="bbox 2119 2324 3702 2403">
     <span class='ocr_line' id='line_1_67' title="bbox 2119 2324 3702 2403; baseline 0.009 -28"><span class='ocrx_word' id='word_1_516' title='bbox 2119 2333 2226 2376; x_wconf 88' lang='lat' dir='ltr'><strong>tem</strong></span> <span class='ocrx_word' id='word_1_517' title='bbox 2251 2324 2516 2389; x_wconf 91' lang='lat' dir='ltr'><strong>lucidum,</strong></span> <span class='ocrx_word' id='word_1_518' title='bbox 2557 2341 2754 2395; x_wconf 90' lang='lat' dir='ltr'><strong>nempe</strong></span> <span class='ocrx_word' id='word_1_519' title='bbox 2803 2328 2948 2396; x_wconf 90' lang='lat' dir='ltr'><strong>quod</strong></span> <span class='ocrx_word' id='word_1_520' title='bbox 2991 2339 3051 2384; x_wconf 90' lang='lat' dir='ltr'><strong>et</strong></span> <span class='ocrx_word' id='word_1_521' title='bbox 3081 2331 3150 2384; x_wconf 87' lang='lat' dir='ltr'><strong>ab</strong></span> <span class='ocrx_word' id='word_1_522' title='bbox 3179 2333 3302 2401; x_wconf 80' lang='lat' dir='ltr'><strong>igne</strong></span> <span class='ocrx_word' id='word_1_523' title='bbox 3335 2333 3636 2403; x_wconf 78' lang='lat' dir='ltr'><strong>egreditur,</strong></span> <span class='ocrx_word' id='word_1_524' title='bbox 3667 2351 3702 2390; x_wconf 82' lang='lat' dir='ltr'><strong>a</strong></span> 
     </span>
    </p>
   </div>
   <div class='ocr_carea' id='block_1_68' title="bbox 2125 2415 3708 2496">
    <p class='ocr_par' dir='ltr' id='par_1_68' title="bbox 2125 2415 3708 2496">
     <span class='ocr_line' id='line_1_68' title="bbox 2125 2415 3708 2496; baseline 0.006 -26"><span class='ocrx_word' id='word_1_525' title='bbox 2125 2415 2332 2480; x_wconf 85' lang='lat' dir='ltr'><strong>divina,</strong></span> <span class='ocrx_word' id='word_1_526' title='bbox 2379 2417 2624 2486; x_wconf 87' lang='lat' dir='ltr'><strong>inquam,</strong></span> <span class='ocrx_word' id='word_1_527' title='bbox 2675 2429 2874 2474; x_wconf 87' lang='lat' dir='ltr'><strong>natura</strong></span> <span class='ocrx_word' id='word_1_528' title='bbox 2919 2421 3014 2489; x_wconf 84' lang='lat' dir='ltr'><strong>(est</strong></span> <span class='ocrx_word' id='word_1_529' title='bbox 3045 2423 3191 2476; x_wconf 89' lang='lat' dir='ltr'><strong>enim</strong></span> <span class='ocrx_word' id='word_1_530' title='bbox 3243 2424 3383 2478; x_wconf 85' lang='lat' dir='ltr'><strong>Deus</strong></span> <span class='ocrx_word' id='word_1_531' title='bbox 3417 2427 3551 2496; x_wconf 86' lang='lat' dir='ltr'><strong>ignis</strong></span> <span class='ocrx_word' id='word_1_532' title='bbox 3575 2443 3708 2480; x_wconf 83' lang='lat' dir='ltr'><strong>con-</strong></span> 
     </span>
    </p>
   </div>
   <div class='ocr_carea' id='block_1_69' title="bbox 2117 2505 3700 2584">
    <p class='ocr_par' dir='ltr' id='par_1_69' title="bbox 2117 2505 3700 2584">
     <span class='ocr_line' id='line_1_69' title="bbox 2117 2505 3700 2584; baseline 0.009 -26"><span class='ocrx_word' id='word_1_533' title='bbox 2117 2523 2326 2559; x_wconf 78' lang='lat' dir='ltr'><strong>sumens</strong></span> <span class='ocrx_word' id='word_1_534' title='bbox 2347 2505 2505 2574; x_wconf 83' lang='lat' dir='ltr'><strong>&quot;).et</strong></span> <span class='ocrx_word' id='word_1_535' title='bbox 2532 2523 2630 2574; x_wconf 91' lang='lat' dir='ltr'><strong>per</strong></span> <span class='ocrx_word' id='word_1_536' title='bbox 2663 2508 2900 2562; x_wconf 86' lang='lat' dir='ltr'><strong>Simeum</strong></span> <span class='ocrx_word' id='word_1_537' title='bbox 2939 2509 3119 2580; x_wconf 84' lang='lat' dir='ltr'><strong>ignem</strong></span> <span class='ocrx_word' id='word_1_538' title='bbox 3155 2529 3347 2569; x_wconf 87' lang='lat' dir='ltr'><strong>rursus</strong></span> <span class='ocrx_word' id='word_1_539' title='bbox 3379 2531 3700 2584; x_wconf 86' lang='lat' dir='ltr'><strong>accensum,</strong></span> 
     </span>
    </p>
   </div>
   <div class='ocr_carea' id='block_1_70' title="bbox 2117 2596 3704 2676">
    <p class='ocr_par' dir='ltr' id='par_1_70' title="bbox 2117 2596 3704 2676">
     <span class='ocr_line' id='line_1_70' title="bbox 2117 2596 3704 2676; baseline 0.008 -26"><span class='ocrx_word' id='word_1_540' title='bbox 2117 2603 2172 2650; x_wconf 91' lang='lat' dir='ltr'><strong>et</strong></span> <span class='ocrx_word' id='word_1_541' title='bbox 2207 2596 2367 2666; x_wconf 88' lang='lat' dir='ltr'><strong>igneo</strong></span> <span class='ocrx_word' id='word_1_542' title='bbox 2403 2597 2575 2666; x_wconf 82' lang='lat' dir='ltr'><strong>digito</strong></span> <span class='ocrx_word' id='word_1_543' title='bbox 2599 2599 2888 2668; x_wconf 89' lang='lat' dir='ltr'><strong>scriptum.</strong></span> <span class='ocrx_word' id='word_1_544' title='bbox 2928 2611 2985 2655; x_wconf 90' lang='lat' dir='ltr'><strong>et</strong></span> <span class='ocrx_word' id='word_1_545' title='bbox 3011 2602 3186 2672; x_wconf 82' lang='lat' dir='ltr'><strong>igneis</strong></span> <span class='ocrx_word' id='word_1_546' title='bbox 3227 2605 3431 2660; x_wconf 71' lang='lat' dir='ltr'><strong>tabulis</strong></span> <span class='ocrx_word' id='word_1_547' title='bbox 3456 2608 3704 2676; x_wconf 86' lang='lat' dir='ltr'><strong>impres-</strong></span> 
     </span>
    </p>
   </div>
   <div class='ocr_carea' id='block_1_71' title="bbox 2117 2689 3705 2766">
    <p class='ocr_par' dir='ltr' id='par_1_71' title="bbox 2117 2689 3705 2766">
     <span class='ocr_line' id='line_1_71' title="bbox 2117 2689 3705 2766; baseline 0.008 -26"><span class='ocrx_word' id='word_1_548' title='bbox 2117 2703 2238 2740; x_wconf 91' lang='lat' dir='ltr'><strong>sum</strong></span> <span class='ocrx_word' id='word_1_549' title='bbox 2273 2704 2337 2742; x_wconf 89' lang='lat' dir='ltr'><strong>ac</strong></span> <span class='ocrx_word' id='word_1_550' title='bbox 2363 2689 2653 2758; x_wconf 84' lang='lat' dir='ltr'><strong>ﬁguratum</strong></span> <span class='ocrx_word' id='word_1_551' title='bbox 2687 2709 2711 2744; x_wconf 66' lang='grc' dir='ltr'><em>τ</em></span> <span class='ocrx_word' id='word_1_552' title='bbox 2739 2691 2832 2744; x_wconf 86' lang='lat' dir='ltr'><strong>sed</strong></span> <span class='ocrx_word' id='word_1_553' title='bbox 2857 2701 2912 2746; x_wconf 92' lang='lat' dir='ltr'><strong>et</strong></span> <span class='ocrx_word' id='word_1_554' title='bbox 2937 2691 3123 2746; x_wconf 89' lang='lat' dir='ltr'><strong>datum</strong></span> <span class='ocrx_word' id='word_1_555' title='bbox 3151 2703 3274 2748; x_wconf 87' lang='lat' dir='ltr'><strong>erat</strong></span> <span class='ocrx_word' id='word_1_556' title='bbox 3304 2695 3554 2750; x_wconf 88' lang='lat' dir='ltr'><strong>indicans</strong></span> <span class='ocrx_word' id='word_1_557' title='bbox 3584 2697 3705 2766; x_wconf 78' lang='lat' dir='ltr'><strong>igni</strong></span> 
     </span>
    </p>
   </div>
   <div class='ocr_carea' id='block_1_72' title="bbox 2119 2779 3704 2858">
    <p class='ocr_par' dir='ltr' id='par_1_72' title="bbox 2119 2779 3704 2858">
     <span class='ocr_line' id='line_1_72' title="bbox 2119 2779 3704 2858; baseline 0.006 -26"><span class='ocrx_word' id='word_1_558' title='bbox 2119 2779 2354 2832; x_wconf 88' lang='lat' dir='ltr'><strong>similem</strong></span> <span class='ocrx_word' id='word_1_559' title='bbox 2409 2790 2464 2836; x_wconf 93' lang='lat' dir='ltr'><strong>et</strong></span> <span class='ocrx_word' id='word_1_560' title='bbox 2501 2781 2742 2836; x_wconf 85' lang='lat' dir='ltr'><strong>lucidam</strong></span> <span class='ocrx_word' id='word_1_561' title='bbox 2795 2783 2963 2838; x_wconf 79' lang='lat' dir='ltr'><strong>Mosis</strong></span> <span class='ocrx_word' id='word_1_562' title='bbox 3013 2784 3233 2840; x_wconf 86' lang='lat' dir='ltr'><strong>faciem.</strong></span> <span class='ocrx_word' id='word_1_563' title='bbox 3281 2787 3342 2840; x_wconf 91' lang='lat' dir='ltr'><strong>In</strong></span> <span class='ocrx_word' id='word_1_564' title='bbox 3397 2803 3510 2858; x_wconf 87' lang='lat' dir='ltr'><strong>quo</strong></span> <span class='ocrx_word' id='word_1_565' title='bbox 3555 2789 3704 2842; x_wconf 85' lang='lat' dir='ltr'><strong>nihil</strong></span> 
     </span>
    </p>
   </div>
   <div class='ocr_carea' id='block_1_73' title="bbox 2117 2865 3710 2941">
    <p class='ocr_par' dir='ltr' id='par_1_73' title="bbox 2117 2865 3710 2941">
     <span class='ocr_line' id='line_1_73' title="bbox 2117 2865 3710 2941; baseline 0.009 -24"><span class='ocrx_word' id='word_1_566' title='bbox 2117 2873 2200 2918; x_wconf 85' lang='lat' dir='ltr'><strong>est</strong></span> <span class='ocrx_word' id='word_1_567' title='bbox 2249 2865 2719 2937; x_wconf 83' lang='lat' dir='ltr'><strong>intempestivum,</strong></span> <span class='ocrx_word' id='word_1_568' title='bbox 2765 2871 2902 2925; x_wconf 91' lang='lat' dir='ltr'><strong>nihil</strong></span> <span class='ocrx_word' id='word_1_569' title='bbox 2950 2871 3096 2941; x_wconf 83' lang='lat' dir='ltr'><strong>quod</strong></span> <span class='ocrx_word' id='word_1_570' title='bbox 3145 2889 3306 2928; x_wconf 91' lang='lat' dir='ltr'><strong>suum</strong></span> <span class='ocrx_word' id='word_1_571' title='bbox 3355 2891 3464 2930; x_wconf 89' lang='lat' dir='ltr'><strong>non</strong></span> <span class='ocrx_word' id='word_1_572' title='bbox 3497 2877 3710 2932; x_wconf 76' lang='lat' dir='ltr'><strong>habeat</strong></span> 
     </span>
    </p>
   </div>
   <div class='ocr_carea' id='block_1_74' title="bbox 2119 2961 3706 3041">
    <p class='ocr_par' dir='ltr' id='par_1_74' title="bbox 2119 2961 3706 3041">
     <span class='ocr_line' id='line_1_74' title="bbox 2119 2961 3706 3041; baseline 0.01 -29"><span class='ocrx_word' id='word_1_573' title='bbox 2119 2973 2368 3027; x_wconf 88' lang='lat' dir='ltr'><strong>scopum,</strong></span> <span class='ocrx_word' id='word_1_574' title='bbox 2405 2961 2546 3016; x_wconf 90' lang='lat' dir='ltr'><strong>nihil</strong></span> <span class='ocrx_word' id='word_1_575' title='bbox 2597 2962 2716 3018; x_wconf 88' lang='lat' dir='ltr'><strong>sine</strong></span> <span class='ocrx_word' id='word_1_576' title='bbox 2767 2967 3052 3034; x_wconf 79' lang='lat' dir='ltr'><strong>mysterio.</strong></span> <span class='ocrx_word' id='word_1_577' title='bbox 3097 2968 3194 3022; x_wconf 86' lang='lat' dir='ltr'><strong>Est</strong></span> <span class='ocrx_word' id='word_1_578' title='bbox 3231 2977 3416 3024; x_wconf 83' lang='lat' dir='ltr'><strong>autent</strong></span> <span class='ocrx_word' id='word_1_579' title='bbox 3467 2971 3706 3041; x_wconf 79' lang='lat' dir='ltr'><strong>dignum</strong></span> 
     </span>
    </p>
   </div>
   <div class='ocr_carea' id='block_1_75' title="bbox 2118 3051 3702 3130">
    <p class='ocr_par' dir='ltr' id='par_1_75' title="bbox 2118 3051 3702 3130">
     <span class='ocr_line' id='line_1_75' title="bbox 2118 3051 3702 3130; baseline 0.01 -27"><span class='ocrx_word' id='word_1_580' title='bbox 2118 3051 2482 3107; x_wconf 88' lang='lat' dir='ltr'><strong>admiratione</strong></span> <span class='ocrx_word' id='word_1_581' title='bbox 2506 3055 2675 3123; x_wconf 86' lang='lat' dir='ltr'><strong>quod.</strong></span> <span class='ocrx_word' id='word_1_582' title='bbox 2702 3057 2924 3125; x_wconf 85' lang='lat' dir='ltr'><strong>quando</strong></span> <span class='ocrx_word' id='word_1_583' title='bbox 2949 3058 3150 3128; x_wconf 85' lang='lat' dir='ltr'><strong>duplex</strong></span> <span class='ocrx_word' id='word_1_584' title='bbox 3181 3060 3358 3117; x_wconf 88' lang='lat' dir='ltr'><strong>factus</strong></span> <span class='ocrx_word' id='word_1_585' title='bbox 3383 3071 3469 3118; x_wconf 89' lang='lat' dir='ltr'><strong>est</strong></span> <span class='ocrx_word' id='word_1_586' title='bbox 3500 3064 3702 3130; x_wconf 79' lang='lat' dir='ltr'><strong>Adam,</strong></span> 
     </span>
    </p>
   </div>
   <div class='ocr_carea' id='block_1_76' title="bbox 2120 3142 3707 3223">
    <p class='ocr_par' dir='ltr' id='par_1_76' title="bbox 2120 3142 3707 3223">
     <span class='ocr_line' id='line_1_76' title="bbox 2120 3142 3707 3223; baseline 0.009 -27"><span class='ocrx_word' id='word_1_587' title='bbox 2120 3142 2304 3196; x_wconf 87' lang='lat' dir='ltr'><strong>statim</strong></span> <span class='ocrx_word' id='word_1_588' title='bbox 2351 3143 2496 3198; x_wconf 89' lang='lat' dir='ltr'><strong>Deus</strong></span> <span class='ocrx_word' id='word_1_589' title='bbox 2526 3154 2611 3199; x_wconf 90' lang='lat' dir='ltr'><strong>est</strong></span> <span class='ocrx_word' id='word_1_590' title='bbox 2643 3149 2962 3204; x_wconf 87' lang='lat' dir='ltr'><strong>nominatus</strong></span> <span class='ocrx_word' id='word_1_591' title='bbox 2993 3151 3260 3208; x_wconf 89' lang='lat' dir='ltr'><strong>Dominus</strong></span> <span class='ocrx_word' id='word_1_592' title='bbox 3306 3163 3362 3209; x_wconf 89' lang='lat' dir='ltr'><strong>et</strong></span> <span class='ocrx_word' id='word_1_593' title='bbox 3394 3155 3560 3219; x_wconf 90' lang='lat' dir='ltr'><strong>Deus,</strong></span> <span class='ocrx_word' id='word_1_594' title='bbox 3597 3172 3707 3223; x_wconf 83' lang='lat' dir='ltr'><strong>per</strong></span> 
     </span>
    </p>
   </div>
   <div class='ocr_carea' id='block_1_77' title="bbox 2123 3237 3702 3317">
    <p class='ocr_par' dir='ltr' id='par_1_77' title="bbox 2123 3237 3702 3317">
     <span class='ocr_line' id='line_1_77' title="bbox 2123 3237 3702 3317; baseline 0.011 -31"><span class='ocrx_word' id='word_1_595' title='bbox 2123 3242 2290 3289; x_wconf 89' lang='lat' dir='ltr'><strong>totam</strong></span> <span class='ocrx_word' id='word_1_596' title='bbox 2317 3237 2558 3306; x_wconf 89' lang='lat' dir='ltr'><strong>paradisi</strong></span> <span class='ocrx_word' id='word_1_597' title='bbox 2587 3239 2753 3308; x_wconf 71' lang='lat'><strong>892</strong></span> <span class='ocrx_word' id='word_1_598' title='bbox 2786 3241 3072 3297; x_wconf 88' lang='lat' dir='ltr'><strong>historiam</strong></span> <span class='ocrx_word' id='word_1_599' title='bbox 3111 3245 3317 3314; x_wconf 91' lang='lat' dir='ltr'><strong>duplici</strong></span> <span class='ocrx_word' id='word_1_600' title='bbox 3352 3245 3574 3302; x_wconf 88' lang='lat' dir='ltr'><strong>nomine</strong></span> <span class='ocrx_word' id='word_1_601' title='bbox 3600 3263 3702 3317; x_wconf 89' lang='lat' dir='ltr'><strong>ap-</strong></span> 
     </span>
    </p>
   </div>
   <div class='ocr_carea' id='block_1_78' title="bbox 2121 3329 3706 3410">
    <p class='ocr_par' dir='ltr' id='par_1_78' title="bbox 2121 3329 3706 3410">
     <span class='ocr_line' id='line_1_78' title="bbox 2121 3329 3706 3410; baseline 0.009 -29"><span class='ocrx_word' id='word_1_602' title='bbox 2121 3329 2360 3398; x_wconf 86' lang='lat' dir='ltr'><strong>pellante</strong></span> <span class='ocrx_word' id='word_1_603' title='bbox 2413 3329 2697 3400; x_wconf 89' lang='lat' dir='ltr'><strong>Scriptura</strong></span> <span class='ocrx_word' id='word_1_604' title='bbox 2737 3332 3024 3402; x_wconf 90' lang='lat' dir='ltr'><strong>Opiticem.</strong></span> <span class='ocrx_word' id='word_1_605' title='bbox 3076 3337 3145 3391; x_wconf 85' lang='lat' dir='ltr'><strong>Et</strong></span> <span class='ocrx_word' id='word_1_606' title='bbox 3189 3337 3258 3392; x_wconf 91' lang='lat' dir='ltr'><strong>de</strong></span> <span class='ocrx_word' id='word_1_607' title='bbox 3309 3339 3396 3393; x_wconf 89' lang='lat' dir='ltr'><strong>his</strong></span> <span class='ocrx_word' id='word_1_608' title='bbox 3437 3353 3706 3410; x_wconf 85' lang='lat' dir='ltr'><strong>prompto</strong></span> 
     </span>
    </p>
   </div>
   <div class='ocr_carea' id='block_1_79' title="bbox 2119 3418 3706 3494">
    <p class='ocr_par' dir='ltr' id='par_1_79' title="bbox 2119 3418 3706 3494">
     <span class='ocr_line' id='line_1_79' title="bbox 2119 3418 3706 3494; baseline 0.008 -23"><span class='ocrx_word' id='word_1_609' title='bbox 2119 3425 2175 3471; x_wconf 89' lang='lat' dir='ltr'><strong>et</strong></span> <span class='ocrx_word' id='word_1_610' title='bbox 2211 3418 2376 3485; x_wconf 80' lang='lat' dir='ltr'><strong>alacri</strong></span> <span class='ocrx_word' id='word_1_611' title='bbox 2411 3421 2596 3475; x_wconf 88' lang='lat' dir='ltr'><strong>animo</strong></span> <span class='ocrx_word' id='word_1_612' title='bbox 2631 3421 2727 3476; x_wconf 91' lang='lat' dir='ltr'><strong>tibi</strong></span> <span class='ocrx_word' id='word_1_613' title='bbox 2759 3421 3139 3494; x_wconf 87' lang='lat' dir='ltr'><strong>philosophari</strong></span> <span class='ocrx_word' id='word_1_614' title='bbox 3172 3426 3436 3490; x_wconf 89' lang='lat' dir='ltr'><strong>studiose,</strong></span> <span class='ocrx_word' id='word_1_615' title='bbox 3471 3429 3706 3483; x_wconf 80' lang='lat' dir='ltr'><strong>minime</strong></span> 
     </span>
    </p>
   </div>
   <div class='ocr_carea' id='block_1_80' title="bbox 2119 3510 3702 3588">
    <p class='ocr_par' dir='ltr' id='par_1_80' title="bbox 2119 3510 3702 3588">
     <span class='ocr_line' id='line_1_80' title="bbox 2119 3510 3702 3588; baseline 0.008 -28"><span class='ocrx_word' id='word_1_616' title='bbox 2119 3510 2443 3575; x_wconf 79' lang='lat' dir='ltr'><strong>cunctabor,</strong></span> <span class='ocrx_word' id='word_1_617' title='bbox 2483 3521 2540 3566; x_wconf 92' lang='lat' dir='ltr'><strong>et</strong></span> <span class='ocrx_word' id='word_1_618' title='bbox 2571 3525 2980 3584; x_wconf 87' lang='lat' dir='ltr'><strong>consequenter</strong></span> <span class='ocrx_word' id='word_1_619' title='bbox 3013 3516 3216 3570; x_wconf 87' lang='lat' dir='ltr'><strong>addere</strong></span> <span class='ocrx_word' id='word_1_620' title='bbox 3242 3518 3399 3573; x_wconf 86' lang='lat' dir='ltr'><strong>initia</strong></span> <span class='ocrx_word' id='word_1_621' title='bbox 3429 3521 3702 3588; x_wconf 87' lang='lat' dir='ltr'><strong>capitum.</strong></span> 
     </span>
    </p>
   </div>
   <div class='ocr_carea' id='block_1_81' title="bbox 2121 3599 3708 3674">
    <p class='ocr_par' dir='ltr' id='par_1_81' title="bbox 2121 3599 3708 3674">
     <span class='ocr_line' id='line_1_81' title="bbox 2121 3599 3708 3674; baseline 0.006 -23"><span class='ocrx_word' id='word_1_622' title='bbox 2121 3599 2263 3652; x_wconf 89' lang='lat' dir='ltr'><strong>Dicit</strong></span> <span class='ocrx_word' id='word_1_623' title='bbox 2285 3601 2432 3654; x_wconf 90' lang='lat' dir='ltr'><strong>enim</strong></span> <span class='ocrx_word' id='word_1_624' title='bbox 2465 3620 2476 3654; x_wconf 95' lang='lat'>:</span> <span class='ocrx_word' id='word_1_625' title='bbox 2516 3602 2583 3654; x_wconf 84' lang='lat' dir='ltr'><strong>Et</strong></span> <span class='ocrx_word' id='word_1_626' title='bbox 2613 3601 2874 3672; x_wconf 81' lang='lat' dir='ltr'><strong>plantavit</strong></span> <span class='ocrx_word' id='word_1_627' title='bbox 2907 3603 3160 3658; x_wconf 78' lang='lat' dir='ltr'><strong>Dominus</strong></span> <span class='ocrx_word' id='word_1_628' title='bbox 3191 3604 3329 3659; x_wconf 87' lang='lat' dir='ltr'><strong>Deus</strong></span> <span class='ocrx_word' id='word_1_629' title='bbox 3386 3607 3708 3674; x_wconf 73' lang='lat' dir='ltr'><strong>paradisum</strong></span> 
     </span>
    </p>
   </div>
   <div class='ocr_carea' id='block_1_82' title="bbox 2121 3691 3708 3754">
    <p class='ocr_par' dir='ltr' id='par_1_82' title="bbox 2121 3691 3708 3754">
     <span class='ocr_line' id='line_1_82' title="bbox 2121 3691 3708 3754; baseline 0.008 -12"><span class='ocrx_word' id='word_1_630' title='bbox 2121 3691 2176 3743; x_wconf 88' lang='lat' dir='ltr'><strong>in</strong></span> <span class='ocrx_word' id='word_1_631' title='bbox 2215 3691 2380 3745; x_wconf 74' lang='lat' dir='ltr'><strong>Edam</strong></span> <span class='ocrx_word' id='word_1_632' title='bbox 2425 3693 2496 3746; x_wconf 82' lang='lat' dir='ltr'><strong>ad</strong></span> <span class='ocrx_word' id='word_1_633' title='bbox 2559 3695 2832 3748; x_wconf 80' lang='lat' dir='ltr'><strong>orientem.</strong></span> <span class='ocrx_word' id='word_1_634' title='bbox 2872 3695 2940 3750; x_wconf 85' lang='lat' dir='ltr'><strong>Et</strong></span> <span class='ocrx_word' id='word_1_635' title='bbox 2997 3714 3008 3748; x_wconf 95' lang='lat'>:</span> <span class='ocrx_word' id='word_1_636' title='bbox 3056 3695 3194 3750; x_wconf 80' lang='lat' dir='ltr'><strong>Fecit</strong></span> <span class='ocrx_word' id='word_1_637' title='bbox 3241 3696 3498 3752; x_wconf 80' lang='lat' dir='ltr'><strong>Dominus</strong></span> <span class='ocrx_word' id='word_1_638' title='bbox 3560 3697 3708 3754; x_wconf 80' lang='lat' dir='ltr'><strong>Deus</strong></span> 
     </span>
    </p>
   </div>
   <div class='ocr_carea' id='block_1_83' title="bbox 2121 3784 3710 3856">
    <p class='ocr_par' dir='ltr' id='par_1_83' title="bbox 2121 3784 3710 3856">
     <span class='ocr_line' id='line_1_83' title="bbox 2121 3784 3710 3856; baseline 0.006 -21"><span class='ocrx_word' id='word_1_639' title='bbox 2121 3785 2251 3836; x_wconf 87' lang='lat' dir='ltr'><strong>oriri</strong></span> <span class='ocrx_word' id='word_1_640' title='bbox 2287 3799 2351 3836; x_wconf 79' lang='lat' dir='ltr'><strong>ea:</strong></span> <span class='ocrx_word' id='word_1_641' title='bbox 2377 3791 2538 3837; x_wconf 83' lang='lat' dir='ltr'><strong>terra.</strong></span> <span class='ocrx_word' id='word_1_642' title='bbox 2577 3784 2644 3838; x_wconf 89' lang='lat' dir='ltr'><strong>Et</strong></span> <span class='ocrx_word' id='word_1_643' title='bbox 2672 3787 2698 3837; x_wconf 90' lang='lat'><strong>:‘</strong></span> <span class='ocrx_word' id='word_1_644' title='bbox 2723 3787 2936 3856; x_wconf 80' lang='lat' dir='ltr'><strong>Accepit</strong></span> <span class='ocrx_word' id='word_1_645' title='bbox 2979 3787 3238 3842; x_wconf 87' lang='lat' dir='ltr'><strong>Dominus</strong></span> <span class='ocrx_word' id='word_1_646' title='bbox 3271 3787 3410 3842; x_wconf 86' lang='lat' dir='ltr'><strong>Deus</strong></span> <span class='ocrx_word' id='word_1_647' title='bbox 3439 3790 3710 3844; x_wconf 80' lang='lat' dir='ltr'><strong>hominem</strong></span> 
     </span>
    </p>
   </div>
   <div class='ocr_carea' id='block_1_84' title="bbox 2123 3861 3706 3944">
    <p class='ocr_par' dir='ltr' id='par_1_84' title="bbox 2123 3861 3706 3944">
     <span class='ocr_line' id='line_1_84' title="bbox 2123 3861 3706 3944; baseline 0.004 -17"><span class='ocrx_word' id='word_1_648' title='bbox 2123 3891 2274 3944; x_wconf 85' lang='lat' dir='ltr'><strong>quem</strong></span> <span class='ocrx_word' id='word_1_649' title='bbox 2311 3873 2486 3942; x_wconf 62' lang='lat' dir='ltr'><strong>ﬁnxit.</strong></span> <span class='ocrx_word' id='word_1_650' title='bbox 2530 3877 2597 3929; x_wconf 88' lang='lat' dir='ltr'><strong>Et</strong></span> <span class='ocrx_word' id='word_1_651' title='bbox 2631 3893 2643 3929; x_wconf 90' lang='lat'><strong>:</strong></span> <span class='ocrx_word' id='word_1_652' title='bbox 2677 3861 2949 3932; x_wconf 73' lang='lat' dir='ltr'><strong>Mandauit</strong></span> <span class='ocrx_word' id='word_1_653' title='bbox 2990 3878 3244 3932; x_wconf 84' lang='lat' dir='ltr'><strong>Dominus</strong></span> <span class='ocrx_word' id='word_1_654' title='bbox 3293 3878 3433 3934; x_wconf 87' lang='lat' dir='ltr'><strong>Deus</strong></span> <span class='ocrx_word' id='word_1_655' title='bbox 3471 3881 3706 3935; x_wconf 74' lang='lat' dir='ltr'><strong>Adamn.</strong></span> 
     </span>
    </p>
   </div>
   <div class='ocr_carea' id='block_1_85' title="bbox 2121 3964 3712 4042">
    <p class='ocr_par' dir='ltr' id='par_1_85' title="bbox 2121 3964 3712 4042">
     <span class='ocr_line' id='line_1_85' title="bbox 2121 3964 3712 4042; baseline 0.004 -22"><span class='ocrx_word' id='word_1_656' title='bbox 2121 3965 2190 4020; x_wconf 83' lang='lat' dir='ltr'><strong>Et</strong></span> <span class='ocrx_word' id='word_1_657' title='bbox 2221 3983 2234 4018; x_wconf 87' lang='lat'><strong>:</strong></span> <span class='ocrx_word' id='word_1_658' title='bbox 2266 3964 2411 4018; x_wconf 74' lang='lat' dir='ltr'><strong>Dixit</strong></span> <span class='ocrx_word' id='word_1_659' title='bbox 2459 3965 2714 4020; x_wconf 86' lang='lat' dir='ltr'><strong>Dominus</strong></span> <span class='ocrx_word' id='word_1_660' title='bbox 2742 3967 2876 4022; x_wconf 85' lang='lat' dir='ltr'><strong>Deus</strong></span> <span class='ocrx_word' id='word_1_661' title='bbox 2923 3969 3136 4024; x_wconf 85' lang='lat' dir='ltr'><strong>mulieri</strong></span> <span class='ocrx_word' id='word_1_662' title='bbox 3169 3969 3319 4025; x_wconf 88' lang='lat' dir='ltr'><strong>:Cur</strong></span> <span class='ocrx_word' id='word_1_663' title='bbox 3364 3971 3458 4026; x_wconf 81' lang='lat' dir='ltr'><strong>ltoc</strong></span> <span class='ocrx_word' id='word_1_664' title='bbox 3499 3971 3712 4042; x_wconf 76' lang='lat' dir='ltr'><strong>fecisti?</strong></span> 
     </span>
    </p>
   </div>
   <div class='ocr_carea' id='block_1_86' title="bbox 2121 4054 3724 4131">
    <p class='ocr_par' dir='ltr' id='par_1_86' title="bbox 2121 4054 3724 4131">
     <span class='ocr_line' id='line_1_86' title="bbox 2121 4054 3724 4131; baseline 0.006 -23"><span class='ocrx_word' id='word_1_665' title='bbox 2121 4054 2189 4108; x_wconf 88' lang='lat' dir='ltr'><strong>Et</strong></span> <span class='ocrx_word' id='word_1_666' title='bbox 2219 4073 2232 4107; x_wconf 89' lang='lat'>:</span> <span class='ocrx_word' id='word_1_667' title='bbox 2268 4055 2414 4109; x_wconf 78' lang='lat' dir='ltr'><strong>Dixit</strong></span> <span class='ocrx_word' id='word_1_668' title='bbox 2446 4055 2696 4110; x_wconf 86' lang='lat' dir='ltr'><strong>Dominus</strong></span> <span class='ocrx_word' id='word_1_669' title='bbox 2731 4057 2874 4112; x_wconf 85' lang='lat' dir='ltr'><strong>Deus</strong></span> <span class='ocrx_word' id='word_1_670' title='bbox 2911 4061 3144 4129; x_wconf 85' lang='lat' dir='ltr'><strong>serpenti</strong></span> <span class='ocrx_word' id='word_1_671' title='bbox 3173 4076 3189 4112; x_wconf 93' lang='lat'><em>:</em></span> <span class='ocrx_word' id='word_1_672' title='bbox 3219 4059 3355 4126; x_wconf 83' lang='lat' dir='ltr'><strong>Quia</strong></span> <span class='ocrx_word' id='word_1_673' title='bbox 3389 4061 3484 4116; x_wconf 82' lang='lat' dir='ltr'><strong>hoc</strong></span> <span class='ocrx_word' id='word_1_674' title='bbox 3511 4063 3724 4131; x_wconf 79' lang='lat' dir='ltr'><strong>fecisti?</strong></span> 
     </span>
    </p>
   </div>
   <div class='ocr_carea' id='block_1_87' title="bbox 2125 4146 3706 4224">
    <p class='ocr_par' dir='ltr' id='par_1_87' title="bbox 2125 4146 3706 4224">
     <span class='ocr_line' id='line_1_87' title="bbox 2125 4146 3706 4224; baseline 0.006 -25"><span class='ocrx_word' id='word_1_675' title='bbox 2125 4146 2240 4201; x_wconf 85' lang='lat' dir='ltr'><strong>Et:</strong></span> <span class='ocrx_word' id='word_1_676' title='bbox 2281 4146 2422 4201; x_wconf 83' lang='lat' dir='ltr'><strong>Fecit</strong></span> <span class='ocrx_word' id='word_1_677' title='bbox 2473 4147 2732 4203; x_wconf 85' lang='lat' dir='ltr'><strong>Dominus</strong></span> <span class='ocrx_word' id='word_1_678' title='bbox 2786 4149 2920 4203; x_wconf 88' lang='lat' dir='ltr'><strong>Deus</strong></span> <span class='ocrx_word' id='word_1_679' title='bbox 2995 4151 3202 4204; x_wconf 80' lang='lat' dir='ltr'><strong>Adamn</strong></span> <span class='ocrx_word' id='word_1_680' title='bbox 3255 4162 3303 4206; x_wconf 84' lang='lat' dir='ltr'><strong>et</strong></span> <span class='ocrx_word' id='word_1_681' title='bbox 3354 4155 3509 4206; x_wconf 66' lang='lat' dir='ltr'><strong>uxori</strong></span> <span class='ocrx_word' id='word_1_682' title='bbox 3563 4155 3706 4224; x_wconf 82' lang='lat' dir='ltr'><strong>ejus.</strong></span> 
     </span>
    </p>
   </div>
   <div class='ocr_carea' id='block_1_88' title="bbox 2124 4239 3707 4312">
    <p class='ocr_par' dir='ltr' id='par_1_88' title="bbox 2124 4239 3707 4312">
     <span class='ocr_line' id='line_1_88' title="bbox 2124 4239 3707 4312; baseline 0.005 -20"><span class='ocrx_word' id='word_1_683' title='bbox 2124 4239 2192 4294; x_wconf 89' lang='lat' dir='ltr'><strong>Et</strong></span> <span class='ocrx_word' id='word_1_684' title='bbox 2220 4258 2232 4292; x_wconf 91' lang='lat'><strong>:</strong></span> <span class='ocrx_word' id='word_1_685' title='bbox 2271 4241 2414 4294; x_wconf 73' lang='lat' dir='ltr'><strong>Dixit</strong></span> <span class='ocrx_word' id='word_1_686' title='bbox 2449 4241 2705 4295; x_wconf 83' lang='lat' dir='ltr'><strong>Dominus</strong></span> <span class='ocrx_word' id='word_1_687' title='bbox 2737 4241 2909 4296; x_wconf 88' lang='lat' dir='ltr'><strong>Deus:</strong></span> <span class='ocrx_word' id='word_1_688' title='bbox 2951 4241 3084 4296; x_wconf 82' lang='lat' dir='ltr'><strong>Ecce</strong></span> <span class='ocrx_word' id='word_1_689' title='bbox 3110 4242 3281 4312; x_wconf 77' lang='lat' dir='ltr'><strong>factus</strong></span> <span class='ocrx_word' id='word_1_690' title='bbox 3311 4251 3386 4297; x_wconf 83' lang='lat' dir='ltr'><strong>est</strong></span> <span class='ocrx_word' id='word_1_691' title='bbox 3410 4245 3544 4298; x_wconf 86' lang='lat' dir='ltr'><strong>sicut</strong></span> <span class='ocrx_word' id='word_1_692' title='bbox 3567 4260 3707 4300; x_wconf 82' lang='lat' dir='ltr'><strong>unus</strong></span> 
     </span>
    </p>
   </div>
   <div class='ocr_carea' id='block_1_89' title="bbox 2124 4329 3710 4400">
    <p class='ocr_par' dir='ltr' id='par_1_89' title="bbox 2124 4329 3710 4400">
     <span class='ocr_line' id='line_1_89' title="bbox 2124 4329 3710 4400; baseline 0.003 -19"><span class='ocrx_word' id='word_1_693' title='bbox 2124 4345 2186 4381; x_wconf 79' lang='lat' dir='ltr'><strong>ea:</strong></span> <span class='ocrx_word' id='word_1_694' title='bbox 2213 4329 2378 4383; x_wconf 86' lang='lat' dir='ltr'><strong>nobis.</strong></span> <span class='ocrx_word' id='word_1_695' title='bbox 2413 4330 2479 4384; x_wconf 86' lang='lat' dir='ltr'><strong>Et</strong></span> <span class='ocrx_word' id='word_1_696' title='bbox 2504 4347 2517 4383; x_wconf 89' lang='lat'><strong>:</strong></span> <span class='ocrx_word' id='word_1_697' title='bbox 2553 4329 2761 4398; x_wconf 79' lang='lat' dir='ltr'><strong>Accepit</strong></span> <span class='ocrx_word' id='word_1_698' title='bbox 2801 4346 2920 4382; x_wconf 88' lang='lat' dir='ltr'><strong>eum</strong></span> <span class='ocrx_word' id='word_1_699' title='bbox 2945 4329 3082 4384; x_wconf 81' lang='lat' dir='ltr'><strong>Deus</strong></span> <span class='ocrx_word' id='word_1_700' title='bbox 3115 4347 3177 4384; x_wconf 76' lang='lat' dir='ltr'><strong>ea:</strong></span> <span class='ocrx_word' id='word_1_701' title='bbox 3197 4333 3451 4400; x_wconf 86' lang='lat' dir='ltr'><strong>paradiso</strong></span> <span class='ocrx_word' id='word_1_702' title='bbox 3480 4330 3710 4386; x_wconf 83' lang='lat' dir='ltr'><strong>delicia-</strong></span> 
     </span>
    </p>
   </div>
   <div class='ocr_carea' id='block_1_90' title="bbox 2124 4421 3702 4494">
    <p class='ocr_par' dir='ltr' id='par_1_90' title="bbox 2124 4421 3702 4494">
     <span class='ocr_line' id='line_1_90' title="bbox 2124 4421 3702 4494; baseline 0.004 -22"><span class='ocrx_word' id='word_1_703' title='bbox 2124 4437 2264 4484; x_wconf 83' lang='lat' dir='ltr'><strong>rum,</strong></span> <span class='ocrx_word' id='word_1_704' title='bbox 2321 4422 2390 4476; x_wconf 80' lang='lat' dir='ltr'><strong>ad</strong></span> <span class='ocrx_word' id='word_1_705' title='bbox 2435 4421 2765 4490; x_wconf 81' lang='lat' dir='ltr'><strong>operandam</strong></span> <span class='ocrx_word' id='word_1_706' title='bbox 2813 4429 3013 4475; x_wconf 88' lang='lat' dir='ltr'><strong>terram</strong></span> <span class='ocrx_word' id='word_1_707' title='bbox 3051 4439 3112 4476; x_wconf 76' lang='lat' dir='ltr'><strong>ea:</strong></span> <span class='ocrx_word' id='word_1_708' title='bbox 3166 4440 3270 4494; x_wconf 81' lang='lat' dir='ltr'><strong>qua</strong></span> <span class='ocrx_word' id='word_1_709' title='bbox 3317 4431 3557 4493; x_wconf 84' lang='lat' dir='ltr'><strong>sumptus</strong></span> <span class='ocrx_word' id='word_1_710' title='bbox 3604 4435 3702 4478; x_wconf 83' lang='lat' dir='ltr'><strong>est.</strong></span> 
     </span>
    </p>
   </div>
   <div class='ocr_carea' id='block_1_91' title="bbox 450 4511 3706 4589">
    <p class='ocr_par' dir='ltr' id='par_1_91' title="bbox 450 4511 3706 4589">
     <span class='ocr_line' id='line_1_91' title="bbox 450 4511 3706 4589; baseline -0 -19"><span class='ocrx_word' id='word_1_711' title='bbox 450 4519 582 4574; x_wconf 90' lang='lat' dir='ltr'><strong>bere</strong></span> <span class='ocrx_word' id='word_1_712' title='bbox 627 4519 820 4589; x_wconf 64' lang='lat' dir='ltr'><strong>gratiae</strong></span> <span class='ocrx_word' id='word_1_713' title='bbox 851 4527 906 4573; x_wconf 91' lang='lat' dir='ltr'><strong>et</strong></span> <span class='ocrx_word' id='word_1_714' title='bbox 941 4518 1268 4588; x_wconf 67' lang='lat' dir='ltr'><strong>elegantiae:</strong></span> <span class='ocrx_word' id='word_1_715' title='bbox 1303 4517 1486 4573; x_wconf 89' lang='lat' dir='ltr'><strong>adhuc</strong></span> <span class='ocrx_word' id='word_1_716' title='bbox 1529 4518 1675 4572; x_wconf 91' lang='lat' dir='ltr'><strong>enim</strong></span> <span class='ocrx_word' id='word_1_717' title='bbox 1715 4527 1924 4572; x_wconf 86' lang='lat' dir='ltr'><strong>stamus</strong></span> <span class='ocrx_word' id='word_1_718' title='bbox 1962 4517 2019 4571; x_wconf 91' lang='lat' dir='ltr'><strong>in</strong></span> <span class='ocrx_word' id='word_1_719' title='bbox 2052 4533 2095 4588; x_wconf 79' lang='grc' dir='ltr'><strong>ι)</strong></span> <span class='ocrx_word' id='word_1_720' title='bbox 2124 4513 2298 4566; x_wconf 80' lang='lat' dir='ltr'><strong>Audis</strong></span> <span class='ocrx_word' id='word_1_721' title='bbox 2346 4511 2492 4581; x_wconf 91' lang='lat' dir='ltr'><strong>quod</strong></span> <span class='ocrx_word' id='word_1_722' title='bbox 2533 4527 2598 4564; x_wconf 84' lang='lat' dir='ltr'><strong>ex</strong></span> <span class='ocrx_word' id='word_1_723' title='bbox 2627 4527 2738 4580; x_wconf 93' lang='lat' dir='ltr'><strong>quo</strong></span> <span class='ocrx_word' id='word_1_724' title='bbox 2773 4511 3020 4582; x_wconf 86' lang='lat' dir='ltr'><strong>ingressa</strong></span> <span class='ocrx_word' id='word_1_725' title='bbox 3070 4521 3155 4566; x_wconf 86' lang='lat' dir='ltr'><strong>est</strong></span> <span class='ocrx_word' id='word_1_726' title='bbox 3189 4515 3474 4583; x_wconf 88' lang='lat' dir='ltr'><strong>(tanquam</strong></span> <span class='ocrx_word' id='word_1_727' title='bbox 3515 4513 3706 4569; x_wconf 84' lang='lat' dir='ltr'><strong>divina</strong></span> 
     </span>
    </p>
   </div>
   <div class='ocr_carea' id='block_1_92' title="bbox 449 4609 2026 4680">
    <p class='ocr_par' dir='ltr' id='par_1_92' title="bbox 449 4609 2026 4680">
     <span class='ocr_line' id='line_1_92' title="bbox 449 4609 2026 4680; baseline 0.002 -18"><span class='ocrx_word' id='word_1_728' title='bbox 449 4609 634 4664; x_wconf 90' lang='lat' dir='ltr'><strong>medio</strong></span> <span class='ocrx_word' id='word_1_729' title='bbox 659 4611 980 4666; x_wconf 89' lang='lat' dir='ltr'><strong>certamine.</strong></span> <span class='ocrx_word' id='word_1_730' title='bbox 1017 4609 1121 4677; x_wconf 88' lang='lat' dir='ltr'><strong>Qui</strong></span> <span class='ocrx_word' id='word_1_731' title='bbox 1153 4617 1333 4664; x_wconf 88' lang='lat' dir='ltr'><strong>autem</strong></span> <span class='ocrx_word' id='word_1_732' title='bbox 1359 4611 1581 4666; x_wconf 89' lang='lat' dir='ltr'><strong>brevem</strong></span> <span class='ocrx_word' id='word_1_733' title='bbox 1610 4610 1908 4680; x_wconf 61' lang='lat' dir='ltr'><strong>Scriptura!</strong></span> <span class='ocrx_word' id='word_1_734' title='bbox 1941 4627 2026 4665; x_wconf 83' lang='lat' dir='ltr'><strong>re-</strong></span> 
     </span>
    </p>
   </div>
   <div class='ocr_carea' id='block_1_93' title="bbox 448 4699 2026 4770">
    <p class='ocr_par' dir='ltr' id='par_1_93' title="bbox 448 4699 2026 4770">
     <span class='ocr_line' id='line_1_93' title="bbox 448 4699 2026 4770; baseline 0.001 -18"><span class='ocrx_word' id='word_1_735' title='bbox 448 4699 773 4767; x_wconf 88' lang='lat' dir='ltr'><strong>petitionem</strong></span> <span class='ocrx_word' id='word_1_736' title='bbox 821 4716 944 4769; x_wconf 75' lang='lat' dir='ltr'><strong>quae</strong></span> <span class='ocrx_word' id='word_1_737' title='bbox 981 4710 1067 4754; x_wconf 88' lang='lat' dir='ltr'><strong>est</strong></span> <span class='ocrx_word' id='word_1_738' title='bbox 1111 4709 1240 4770; x_wconf 89' lang='lat' dir='ltr'><strong>post</strong></span> <span class='ocrx_word' id='word_1_739' title='bbox 1277 4716 1369 4756; x_wconf 85' lang='lat' dir='ltr'><strong>sex</strong></span> <span class='ocrx_word' id='word_1_740' title='bbox 1405 4700 1544 4765; x_wconf 90' lang='lat' dir='ltr'><strong>dies,</strong></span> <span class='ocrx_word' id='word_1_741' title='bbox 1599 4717 1708 4754; x_wconf 90' lang='lat' dir='ltr'><strong>non</strong></span> <span class='ocrx_word' id='word_1_742' title='bbox 1747 4701 2026 4769; x_wconf 86' lang='lat' dir='ltr'><strong>accipiunt</strong></span> 
     </span>
    </p>
   </div>
   <div class='ocr_carea' id='block_1_94' title="bbox 449 4791 2023 4862">
    <p class='ocr_par' dir='ltr' id='par_1_94' title="bbox 449 4791 2023 4862">
     <span class='ocr_line' id='line_1_94' title="bbox 449 4791 2023 4862; baseline 0.003 -19"><span class='ocrx_word' id='word_1_743' title='bbox 449 4791 504 4846; x_wconf 89' lang='lat' dir='ltr'><strong>in</strong></span> <span class='ocrx_word' id='word_1_744' title='bbox 552 4799 736 4862; x_wconf 73' lang='lat' dir='ltr'><strong>typum</strong></span> <span class='ocrx_word' id='word_1_745' title='bbox 787 4791 1063 4851; x_wconf 73' lang='lat' dir='ltr'><strong>Ecclesite.</strong></span> <span class='ocrx_word' id='word_1_746' title='bbox 1111 4792 1517 4846; x_wconf 81' lang='lat' dir='ltr'><strong>convincuntur</strong></span> <span class='ocrx_word' id='word_1_747' title='bbox 1557 4792 1626 4847; x_wconf 90' lang='lat' dir='ltr'><strong>ab</strong></span> <span class='ocrx_word' id='word_1_748' title='bbox 1670 4791 1738 4846; x_wconf 88' lang='lat' dir='ltr'><strong>iis</strong></span> <span class='ocrx_word' id='word_1_749' title='bbox 1789 4809 1911 4862; x_wconf 81' lang='lat' dir='ltr'><strong>qme</strong></span> <span class='ocrx_word' id='word_1_750' title='bbox 1967 4792 2023 4847; x_wconf 91' lang='lat' dir='ltr'><strong>in</strong></span> 
     </span>
    </p>
   </div>
   <div class='ocr_carea' id='block_1_95' title="bbox 449 4882 2024 4945">
    <p class='ocr_par' dir='ltr' id='par_1_95' title="bbox 449 4882 2024 4945">
     <span class='ocr_line' id='line_1_95' title="bbox 449 4882 2024 4945; baseline 0.003 -9"><span class='ocrx_word' id='word_1_751' title='bbox 449 4899 514 4938; x_wconf 90' lang='lat' dir='ltr'><strong>ea</strong></span> <span class='ocrx_word' id='word_1_752' title='bbox 555 4891 685 4936; x_wconf 90' lang='lat' dir='ltr'><strong>sunt</strong></span> <span class='ocrx_word' id='word_1_753' title='bbox 727 4882 1142 4945; x_wconf 86' lang='lat' dir='ltr'><strong>additamentis,</strong></span> <span class='ocrx_word' id='word_1_754' title='bbox 1188 4883 1324 4938; x_wconf 90' lang='lat' dir='ltr'><strong>nihil</strong></span> <span class='ocrx_word' id='word_1_755' title='bbox 1379 4883 1606 4939; x_wconf 89' lang='lat' dir='ltr'><strong>omnino</strong></span> <span class='ocrx_word' id='word_1_756' title='bbox 1645 4884 1788 4940; x_wconf 88' lang='lat' dir='ltr'><strong>scire</strong></span> <span class='ocrx_word' id='word_1_757' title='bbox 1846 4900 1911 4940; x_wconf 81' lang='lat' dir='ltr'><strong>ex</strong></span> <span class='ocrx_word' id='word_1_758' title='bbox 1956 4885 2024 4940; x_wconf 92' lang='lat' dir='ltr'><strong>iis</strong></span> 
     </span>
    </p>
   </div>
   <div class='ocr_carea' id='block_1_96' title="bbox 448 4971 2021 5042">
    <p class='ocr_par' dir='ltr' id='par_1_96' title="bbox 448 4971 2021 5042">
     <span class='ocr_line' id='line_1_96' title="bbox 448 4971 2021 5042; baseline 0.003 -16"><span class='ocrx_word' id='word_1_759' title='bbox 448 4989 569 5042; x_wconf 70' lang='lat' dir='ltr'><strong>qua:</strong></span> <span class='ocrx_word' id='word_1_760' title='bbox 604 4980 791 5042; x_wconf 87' lang='lat' dir='ltr'><strong>postea</strong></span> <span class='ocrx_word' id='word_1_761' title='bbox 839 4971 1015 5028; x_wconf 90' lang='lat' dir='ltr'><strong>fusius</strong></span> <span class='ocrx_word' id='word_1_762' title='bbox 1056 4973 1430 5028; x_wconf 87' lang='lat' dir='ltr'><strong>ostendemus.</strong></span> <span class='ocrx_word' id='word_1_763' title='bbox 1481 4974 1607 5028; x_wconf 72' lang='lat' dir='ltr'><strong>Haec</strong></span> <span class='ocrx_word' id='word_1_764' title='bbox 1652 4983 1834 5029; x_wconf 88' lang='lat' dir='ltr'><strong>autem</strong></span> <span class='ocrx_word' id='word_1_765' title='bbox 1872 4992 2021 5030; x_wconf 84' lang='lat' dir='ltr'><strong>uttnc</strong></span> 
     </span>
    </p>
   </div>
   <div class='ocr_carea' id='block_1_97' title="bbox 452 5064 2019 5136">
    <p class='ocr_par' dir='ltr' id='par_1_97' title="bbox 452 5064 2019 5136">
     <span class='ocr_line' id='line_1_97' title="bbox 452 5064 2019 5136; baseline 0.004 -20"><span class='ocrx_word' id='word_1_766' title='bbox 452 5065 642 5134; x_wconf 87' lang='lat' dir='ltr'><strong>paucis</strong></span> <span class='ocrx_word' id='word_1_767' title='bbox 691 5064 802 5118; x_wconf 78' lang='lat' dir='ltr'><strong>dixi</strong></span> <span class='ocrx_word' id='word_1_768' title='bbox 837 5064 905 5120; x_wconf 89' lang='lat' dir='ltr'><strong>de</strong></span> <span class='ocrx_word' id='word_1_769' title='bbox 954 5065 1178 5118; x_wconf 90' lang='lat' dir='ltr'><strong>nomine</strong></span> <span class='ocrx_word' id='word_1_770' title='bbox 1206 5066 1303 5120; x_wconf 90' lang='lat' dir='ltr'><strong>Dei</strong></span> <span class='ocrx_word' id='word_1_771' title='bbox 1337 5065 1620 5136; x_wconf 89' lang='lat' dir='ltr'><strong>duplicato</strong></span> <span class='ocrx_word' id='word_1_772' title='bbox 1656 5067 1707 5120; x_wconf 93' lang='lat' dir='ltr'><strong>in</strong></span> <span class='ocrx_word' id='word_1_773' title='bbox 1740 5067 1893 5122; x_wconf 88' lang='lat' dir='ltr'><strong>brevi</strong></span> <span class='ocrx_word' id='word_1_774' title='bbox 1933 5085 2019 5122; x_wconf 90' lang='lat' dir='ltr'><strong>re-</strong></span> 
     </span>
    </p>
   </div>
   <div class='ocr_carea' id='block_1_98' title="bbox 452 5155 2019 5229">
    <p class='ocr_par' dir='ltr' id='par_1_98' title="bbox 452 5155 2019 5229">
     <span class='ocr_line' id='line_1_98' title="bbox 452 5155 2019 5229; baseline 0.002 -19"><span class='ocrx_word' id='word_1_775' title='bbox 452 5156 716 5226; x_wconf 88' lang='lat' dir='ltr'><strong>petitione</strong></span> <span class='ocrx_word' id='word_1_776' title='bbox 743 5155 812 5210; x_wconf 89' lang='lat' dir='ltr'><strong>de</strong></span> <span class='ocrx_word' id='word_1_777' title='bbox 855 5156 1078 5210; x_wconf 90' lang='lat' dir='ltr'><strong>homine</strong></span> <span class='ocrx_word' id='word_1_778' title='bbox 1099 5156 1241 5210; x_wconf 87' lang='lat' dir='ltr'><strong>laeta</strong></span> <span class='ocrx_word' id='word_1_779' title='bbox 1269 5172 1300 5210; x_wconf 91' lang='lat' dir='ltr'><strong>a</strong></span> <span class='ocrx_word' id='word_1_780' title='bbox 1335 5157 1519 5222; x_wconf 86' lang='lat' dir='ltr'><strong>Mose;</strong></span> <span class='ocrx_word' id='word_1_781' title='bbox 1552 5166 1611 5211; x_wconf 92' lang='lat' dir='ltr'><strong>ut</strong></span> <span class='ocrx_word' id='word_1_782' title='bbox 1644 5159 1738 5228; x_wconf 89' lang='lat' dir='ltr'><strong>qui</strong></span> <span class='ocrx_word' id='word_1_783' title='bbox 1771 5160 2019 5229; x_wconf 89' lang='lat' dir='ltr'><strong>appella-</strong></span> 
     </span>
    </p>
   </div>
   <div class='ocr_carea' id='block_1_99' title="bbox 454 5245 2025 5318">
    <p class='ocr_par' dir='ltr' id='par_1_99' title="bbox 454 5245 2025 5318">
     <span class='ocr_line' id='line_1_99' title="bbox 454 5245 2025 5318; baseline 0.003 -16"><span class='ocrx_word' id='word_1_784' title='bbox 454 5257 542 5304; x_wconf 87' lang='lat' dir='ltr'><strong>tus</strong></span> <span class='ocrx_word' id='word_1_785' title='bbox 575 5249 648 5304; x_wconf 86' lang='lat' dir='ltr'><strong>sit</strong></span> <span class='ocrx_word' id='word_1_786' title='bbox 675 5245 942 5303; x_wconf 90' lang='lat' dir='ltr'><strong>Dominus</strong></span> <span class='ocrx_word' id='word_1_787' title='bbox 989 5247 1152 5310; x_wconf 87' lang='lat' dir='ltr'><strong>Deus.</strong></span> <span class='ocrx_word' id='word_1_788' title='bbox 1185 5249 1408 5318; x_wconf 88' lang='lat' dir='ltr'><strong>quando</strong></span> <span class='ocrx_word' id='word_1_789' title='bbox 1451 5249 1630 5305; x_wconf 91' lang='lat' dir='ltr'><strong>factus</strong></span> <span class='ocrx_word' id='word_1_790' title='bbox 1657 5259 1742 5306; x_wconf 88' lang='lat' dir='ltr'><strong>est</strong></span> <span class='ocrx_word' id='word_1_791' title='bbox 1774 5252 1939 5306; x_wconf 90' lang='lat' dir='ltr'><strong>homo</strong></span> <span class='ocrx_word' id='word_1_792' title='bbox 1969 5261 2025 5306; x_wconf 91' lang='lat' dir='ltr'><strong>et</strong></span> 
     </span>
    </p>
   </div>
   <div class='ocr_carea' id='block_1_100' title="bbox 451 5339 2026 5413">
    <p class='ocr_par' dir='ltr' id='par_1_100' title="bbox 451 5339 2026 5413">
     <span class='ocr_line' id='line_1_100' title="bbox 451 5339 2026 5413; baseline 0.001 -18"><span class='ocrx_word' id='word_1_793' title='bbox 451 5341 738 5410; x_wconf 88' lang='lat' dir='ltr'><strong>paradisus</strong></span> <span class='ocrx_word' id='word_1_794' title='bbox 779 5351 942 5413; x_wconf 87' lang='lat' dir='ltr'><strong>typus</strong></span> <span class='ocrx_word' id='word_1_795' title='bbox 977 5339 1256 5396; x_wconf 74' lang='lat' dir='ltr'><strong>Ecclesiae.</strong></span> <span class='ocrx_word' id='word_1_796' title='bbox 1298 5341 1489 5410; x_wconf 88' lang='lat' dir='ltr'><strong>Neque</strong></span> <span class='ocrx_word' id='word_1_797' title='bbox 1523 5357 1590 5396; x_wconf 88' lang='lat' dir='ltr'><strong>ex</strong></span> <span class='ocrx_word' id='word_1_798' title='bbox 1635 5343 2026 5413; x_wconf 87' lang='lat' dir='ltr'><strong>insipientibus</strong></span> 
     </span>
    </p>
   </div>
   <div class='ocr_carea' id='block_1_101' title="bbox 449 5431 2024 5505">
    <p class='ocr_par' dir='ltr' id='par_1_101' title="bbox 449 5431 2024 5505">
     <span class='ocr_line' id='line_1_101' title="bbox 449 5431 2024 5505; baseline 0.001 -19"><span class='ocrx_word' id='word_1_799' title='bbox 449 5433 646 5488; x_wconf 85' lang='lat' dir='ltr'><strong>audeat</strong></span> <span class='ocrx_word' id='word_1_800' title='bbox 667 5433 866 5505; x_wconf 90' lang='lat' dir='ltr'><strong>aliquis</strong></span> <span class='ocrx_word' id='word_1_801' title='bbox 889 5431 1074 5487; x_wconf 90' lang='lat' dir='ltr'><strong>dicere</strong></span> <span class='ocrx_word' id='word_1_802' title='bbox 1121 5431 1268 5502; x_wconf 91' lang='lat' dir='ltr'><strong>quod</strong></span> <span class='ocrx_word' id='word_1_803' title='bbox 1293 5449 1363 5488; x_wconf 86' lang='lat' dir='ltr'><strong>ex</strong></span> <span class='ocrx_word' id='word_1_804' title='bbox 1385 5433 1623 5502; x_wconf 89' lang='lat' dir='ltr'><strong>quadam</strong></span> <span class='ocrx_word' id='word_1_805' title='bbox 1650 5433 2024 5504; x_wconf 88' lang='lat' dir='ltr'><strong>simplicitate,</strong></span> 
     </span>
    </p>
   </div>
   <div class='ocr_carea' id='block_1_102' title="bbox 451 5525 2030 5595">
    <p class='ocr_par' dir='ltr' id='par_1_102' title="bbox 451 5525 2030 5595">
     <span class='ocr_line' id='line_1_102' title="bbox 451 5525 2030 5595; baseline 0.001 -19"><span class='ocrx_word' id='word_1_806' title='bbox 451 5533 546 5578; x_wconf 88' lang='lat' dir='ltr'><strong>aut</strong></span> <span class='ocrx_word' id='word_1_807' title='bbox 576 5525 984 5594; x_wconf 89' lang='lat' dir='ltr'><strong>intempestive,</strong></span> <span class='ocrx_word' id='word_1_808' title='bbox 1021 5533 1116 5578; x_wconf 87' lang='lat' dir='ltr'><strong>aut</strong></span> <span class='ocrx_word' id='word_1_809' title='bbox 1139 5540 1206 5578; x_wconf 87' lang='lat' dir='ltr'><strong>ex</strong></span> <span class='ocrx_word' id='word_1_810' title='bbox 1241 5525 1478 5595; x_wconf 90' lang='lat' dir='ltr'><strong>quadam</strong></span> <span class='ocrx_word' id='word_1_811' title='bbox 1506 5525 1743 5580; x_wconf 91' lang='lat' dir='ltr'><strong>stultitia</strong></span> <span class='ocrx_word' id='word_1_812' title='bbox 1781 5525 1921 5580; x_wconf 90' lang='lat' dir='ltr'><strong>facta</strong></span> <span class='ocrx_word' id='word_1_813' title='bbox 1947 5535 2030 5580; x_wconf 89' lang='lat' dir='ltr'><strong>est</strong></span> 
     </span>
    </p>
   </div>
   <div class='ocr_carea' id='block_1_103' title="bbox 453 5613 2031 5687">
    <p class='ocr_par' dir='ltr' id='par_1_103' title="bbox 453 5613 2031 5687">
     <span class='ocr_line' id='line_1_103' title="bbox 453 5613 2031 5687; baseline 0.003 -22"><span class='ocrx_word' id='word_1_814' title='bbox 453 5613 568 5668; x_wconf 83' lang='lat' dir='ltr'><strong>haec</strong></span> <span class='ocrx_word' id='word_1_815' title='bbox 616 5614 828 5669; x_wconf 88' lang='lat' dir='ltr'><strong>additio</strong></span> <span class='ocrx_word' id='word_1_816' title='bbox 877 5615 934 5668; x_wconf 90' lang='lat' dir='ltr'><strong>in</strong></span> <span class='ocrx_word' id='word_1_817' title='bbox 992 5613 1215 5670; x_wconf 88' lang='lat' dir='ltr'><strong>nomine</strong></span> <span class='ocrx_word' id='word_1_818' title='bbox 1257 5615 1466 5672; x_wconf 87' lang='lat' dir='ltr'><strong>divino.</strong></span> <span class='ocrx_word' id='word_1_819' title='bbox 1501 5616 1586 5671; x_wconf 88' lang='lat' dir='ltr'><strong>An</strong></span> <span class='ocrx_word' id='word_1_820' title='bbox 1630 5617 1845 5687; x_wconf 83' lang='lat' dir='ltr'><strong>ignorat</strong></span> <span class='ocrx_word' id='word_1_821' title='bbox 1882 5617 2031 5686; x_wconf 88' lang='lat' dir='ltr'><strong>quod</strong></span> 
     </span>
    </p>
   </div>
   <div class='ocr_carea' id='block_1_104' title="bbox 548 5728 1608 5798">
    <p class='ocr_par' dir='ltr' id='par_1_104' title="bbox 548 5728 1608 5798">
     <span class='ocr_line' id='line_1_104' title="bbox 548 5728 1608 5798; baseline -0.003 -15"><span class='ocrx_word' id='word_1_822' title='bbox 548 5728 592 5798; x_wconf 64' lang='grc' dir='ltr'><strong>ξ⁶</strong></span> <span class='ocrx_word' id='word_1_823' title='bbox 635 5729 814 5784; x_wconf 85' lang='lat' dir='ltr'><strong>Galat.</strong></span> <span class='ocrx_word' id='word_1_824' title='bbox 858 5749 938 5792; x_wconf 84' lang='lat' dir='ltr'><strong>tu.</strong></span> <span class='ocrx_word' id='word_1_825' title='bbox 977 5732 1066 5785; x_wconf 62' lang='lat'><strong>‘18.</strong></span> <span class='ocrx_word' id='word_1_826' title='bbox 1159 5735 1206 5765; x_wconf 78' lang='grc'><strong>³⁷</strong></span> <span class='ocrx_word' id='word_1_827' title='bbox 1243 5734 1379 5790; x_wconf 79' lang='lat' dir='ltr'><strong>Gen,</strong></span> <span class='ocrx_word' id='word_1_828' title='bbox 1423 5755 1480 5798; x_wconf 78' lang='grc' dir='ltr'><strong>ιι,</strong></span> <span class='ocrx_word' id='word_1_829' title='bbox 1519 5736 1608 5790; x_wconf 68' lang='lat'><strong>25,</strong></span> 
     </span>
    </p>
   </div>
   <div class='ocr_carea' id='block_1_105' title="bbox 459 5795 1506 5867">
    <p class='ocr_par' dir='ltr' id='par_1_105' title="bbox 459 5795 1506 5867">
     <span class='ocr_line' id='line_1_105' title="bbox 459 5795 1506 5867; baseline 0.012 -18"><span class='ocrx_word' id='word_1_830' title='bbox 459 5795 500 5826; x_wconf 82' lang='lat'>&quot;</span> <span class='ocrx_word' id='word_1_831' title='bbox 541 5795 681 5850; x_wconf 76' lang='lat' dir='ltr'><strong>Psal.</strong></span> <span class='ocrx_word' id='word_1_832' title='bbox 719 5815 866 5866; x_wconf 84' lang='lat' dir='ltr'><strong>xvm,</strong></span> <span class='ocrx_word' id='word_1_833' title='bbox 904 5801 958 5856; x_wconf 84' lang='lat'><strong>9.</strong></span> <span class='ocrx_word' id='word_1_834' title='bbox 1034 5803 1078 5832; x_wconf 80' lang='lat'><strong>”</strong></span> <span class='ocrx_word' id='word_1_835' title='bbox 1115 5803 1272 5857; x_wconf 90' lang='lat' dir='ltr'><strong>Deut.</strong></span> <span class='ocrx_word' id='word_1_836' title='bbox 1307 5821 1384 5867; x_wconf 80' lang='lat' dir='ltr'><strong>tv;</strong></span> <span class='ocrx_word' id='word_1_837' title='bbox 1417 5795 1506 5864; x_wconf 63' lang='lat' dir='ltr'><strong>2i.</strong></span> 
     </span>
    </p>
   </div>
   <div class='ocr_carea' id='block_1_106' title="bbox 1717 5735 2218 5803">
    <p class='ocr_par' dir='ltr' id='par_1_106' title="bbox 1717 5735 2218 5803">
     <span class='ocr_line' id='line_1_106' title="bbox 1717 5735 2218 5803; baseline 0.002 -13"><span class='ocrx_word' id='word_1_838' title='bbox 1717 5735 1765 5770; x_wconf 82' lang='grc'><strong>⁸⁸</strong></span> <span class='ocrx_word' id='word_1_839' title='bbox 1805 5735 1992 5790; x_wconf 81' lang='lat' dir='ltr'><strong>Matth.</strong></span> <span class='ocrx_word' id='word_1_840' title='bbox 2037 5752 2088 5803; x_wconf 91' lang='lat' dir='ltr'><strong>v,</strong></span> <span class='ocrx_word' id='word_1_841' title='bbox 2136 5735 2218 5791; x_wconf 76' lang='grc'><strong>13.</strong></span> 
     </span>
    </p>
   </div>
   <div class='ocr_carea' id='block_1_107' title="bbox 2126 4603 3703 4676">
    <p class='ocr_par' dir='ltr' id='par_1_107' title="bbox 2126 4603 3703 4676">
     <span class='ocr_line' id='line_1_107' title="bbox 2126 4603 3703 4676; baseline 0.003 -18"><span class='ocrx_word' id='word_1_842' title='bbox 2126 4606 2378 4674; x_wconf 69' lang='lat' dir='ltr'><strong>quaedam</strong></span> <span class='ocrx_word' id='word_1_843' title='bbox 2428 4604 2647 4676; x_wconf 88' lang='lat' dir='ltr'><strong>natura)</strong></span> <span class='ocrx_word' id='word_1_844' title='bbox 2683 4603 2869 4658; x_wconf 87' lang='lat' dir='ltr'><strong>divina</strong></span> <span class='ocrx_word' id='word_1_845' title='bbox 2901 4605 3200 4662; x_wconf 80' lang='lat' dir='ltr'><strong>insulﬂatio</strong></span> <span class='ocrx_word' id='word_1_846' title='bbox 3243 4608 3299 4660; x_wconf 89' lang='lat' dir='ltr'><strong>in</strong></span> <span class='ocrx_word' id='word_1_847' title='bbox 3332 4615 3479 4661; x_wconf 74' lang='lat' dir='ltr'><strong>terra</strong></span> <span class='ocrx_word' id='word_1_848' title='bbox 3510 4618 3703 4662; x_wconf 85' lang='lat' dir='ltr'><strong>natum</strong></span> 
     </span>
    </p>
   </div>
   <div class='ocr_carea' id='block_1_108' title="bbox 2124 4695 3705 4766">
    <p class='ocr_par' dir='ltr' id='par_1_108' title="bbox 2124 4695 3705 4766">
     <span class='ocr_line' id='line_1_108' title="bbox 2124 4695 3705 4766; baseline 0.001 -16"><span class='ocrx_word' id='word_1_849' title='bbox 2124 4711 2328 4766; x_wconf 90' lang='lat' dir='ltr'><strong>corpus</strong></span> <span class='ocrx_word' id='word_1_850' title='bbox 2375 4696 2570 4750; x_wconf 85' lang='lat' dir='ltr'><strong>Adami</strong></span> <span class='ocrx_word' id='word_1_851' title='bbox 2592 4739 2604 4760; x_wconf 95' lang='lat'><strong>,</strong></span> <span class='ocrx_word' id='word_1_852' title='bbox 2643 4695 2826 4752; x_wconf 86' lang='lat' dir='ltr'><strong>statim</strong></span> <span class='ocrx_word' id='word_1_853' title='bbox 2859 4695 3145 4765; x_wconf 87' lang='lat' dir='ltr'><strong>Scriptura</strong></span> <span class='ocrx_word' id='word_1_854' title='bbox 3189 4711 3298 4750; x_wconf 88' lang='lat' dir='ltr'><strong>non</strong></span> <span class='ocrx_word' id='word_1_855' title='bbox 3330 4697 3566 4766; x_wconf 87' lang='lat' dir='ltr'><strong>simplici</strong></span> <span class='ocrx_word' id='word_1_856' title='bbox 3600 4713 3705 4752; x_wconf 91' lang='lat' dir='ltr'><strong>no-</strong></span> 
     </span>
    </p>
   </div>
   <div class='ocr_carea' id='block_1_109' title="bbox 2125 4791 3703 4863">
    <p class='ocr_par' dir='ltr' id='par_1_109' title="bbox 2125 4791 3703 4863">
     <span class='ocr_line' id='line_1_109' title="bbox 2125 4791 3703 4863; baseline 0.001 -17"><span class='ocrx_word' id='word_1_857' title='bbox 2125 4791 2272 4846; x_wconf 88' lang='lat' dir='ltr'><strong>mine</strong></span> <span class='ocrx_word' id='word_1_858' title='bbox 2315 4792 2637 4862; x_wconf 84' lang='lat' dir='ltr'><strong>appellavit,</strong></span> <span class='ocrx_word' id='word_1_859' title='bbox 2695 4792 2794 4849; x_wconf 87' lang='lat' dir='ltr'><strong>sed</strong></span> <span class='ocrx_word' id='word_1_860' title='bbox 2845 4791 3060 4863; x_wconf 89' lang='lat' dir='ltr'><strong>(utpote</strong></span> <span class='ocrx_word' id='word_1_861' title='bbox 3093 4793 3242 4862; x_wconf 90' lang='lat' dir='ltr'><strong>quod</strong></span> <span class='ocrx_word' id='word_1_862' title='bbox 3285 4792 3543 4849; x_wconf 88' lang='lat' dir='ltr'><strong>Christus</strong></span> <span class='ocrx_word' id='word_1_863' title='bbox 3590 4810 3703 4849; x_wconf 88' lang='lat' dir='ltr'><strong>non</strong></span> 
     </span>
    </p>
   </div>
   <div class='ocr_carea' id='block_1_110' title="bbox 2121 4880 3705 4953">
    <p class='ocr_par' dir='ltr' id='par_1_110' title="bbox 2121 4880 3705 4953">
     <span class='ocr_line' id='line_1_110' title="bbox 2121 4880 3705 4953; baseline 0.001 -16"><span class='ocrx_word' id='word_1_864' title='bbox 2121 4883 2298 4937; x_wconf 91' lang='lat' dir='ltr'><strong>solum</strong></span> <span class='ocrx_word' id='word_1_865' title='bbox 2353 4892 2500 4936; x_wconf 86' lang='lat' dir='ltr'><strong>esset</strong></span> <span class='ocrx_word' id='word_1_866' title='bbox 2539 4880 2706 4953; x_wconf 72' lang='lat' dir='ltr'><strong>Deus}</strong></span> <span class='ocrx_word' id='word_1_867' title='bbox 2756 4884 2929 4938; x_wconf 91' lang='lat' dir='ltr'><strong>Deum</strong></span> <span class='ocrx_word' id='word_1_868' title='bbox 2975 4894 3030 4937; x_wconf 90' lang='lat' dir='ltr'><strong>et</strong></span> <span class='ocrx_word' id='word_1_869' title='bbox 3056 4883 3352 4938; x_wconf 89' lang='lat' dir='ltr'><strong>Dominum</strong></span> <span class='ocrx_word' id='word_1_870' title='bbox 3389 4899 3517 4938; x_wconf 88' lang='lat' dir='ltr'><strong>eum</strong></span> <span class='ocrx_word' id='word_1_871' title='bbox 3556 4900 3705 4940; x_wconf 89' lang='lat' dir='ltr'><strong>com-</strong></span> 
     </span>
    </p>
   </div>
   <div class='ocr_carea' id='block_1_111' title="bbox 2125 4973 3700 5044">
    <p class='ocr_par' dir='ltr' id='par_1_111' title="bbox 2125 4973 3700 5044">
     <span class='ocr_line' id='line_1_111' title="bbox 2125 4973 3700 5044; baseline 0.001 -16"><span class='ocrx_word' id='word_1_872' title='bbox 2125 4973 2305 5044; x_wconf 91' lang='lat' dir='ltr'><strong>posite</strong></span> <span class='ocrx_word' id='word_1_873' title='bbox 2355 4973 2682 5038; x_wconf 87' lang='lat' dir='ltr'><strong>nominavit,</strong></span> <span class='ocrx_word' id='word_1_874' title='bbox 2739 4973 3019 5044; x_wconf 91' lang='lat' dir='ltr'><strong>quomodo</strong></span> <span class='ocrx_word' id='word_1_875' title='bbox 3072 4975 3128 5028; x_wconf 92' lang='lat' dir='ltr'><strong>in</strong></span> <span class='ocrx_word' id='word_1_876' title='bbox 3187 4975 3424 5030; x_wconf 89' lang='lat' dir='ltr'><strong>sinceris</strong></span> <span class='ocrx_word' id='word_1_877' title='bbox 3469 4991 3533 5030; x_wconf 88' lang='lat' dir='ltr'><strong>ac</strong></span> <span class='ocrx_word' id='word_1_878' title='bbox 3593 4990 3700 5030; x_wconf 88' lang='lat' dir='ltr'><strong>non</strong></span> 
     </span>
    </p>
   </div>
   <div class='ocr_carea' id='block_1_112' title="bbox 2125 5065 3701 5138">
    <p class='ocr_par' dir='ltr' id='par_1_112' title="bbox 2125 5065 3701 5138">
     <span class='ocr_line' id='line_1_112' title="bbox 2125 5065 3701 5138; baseline 0 -17"><span class='ocrx_word' id='word_1_879' title='bbox 2125 5065 2454 5121; x_wconf 88' lang='lat' dir='ltr'><strong>adulteratis</strong></span> <span class='ocrx_word' id='word_1_880' title='bbox 2473 5065 2826 5135; x_wconf 88' lang='lat' dir='ltr'><strong>antiquisque</strong></span> <span class='ocrx_word' id='word_1_881' title='bbox 2852 5067 3262 5136; x_wconf 85' lang='lat' dir='ltr'><strong>exemplaribus</strong></span> <span class='ocrx_word' id='word_1_882' title='bbox 3285 5067 3701 5138; x_wconf 84' lang='lat' dir='ltr'><strong>diligentissime</strong></span> 
     </span>
    </p>
   </div>
   <div class='ocr_carea' id='block_1_113' title="bbox 2127 5156 3702 5228">
    <p class='ocr_par' dir='ltr' id='par_1_113' title="bbox 2127 5156 3702 5228">
     <span class='ocr_line' id='line_1_113' title="bbox 2127 5156 3702 5228; baseline 0.001 -16"><span class='ocrx_word' id='word_1_883' title='bbox 2127 5156 2358 5212; x_wconf 87' lang='lat' dir='ltr'><strong>scrutati</strong></span> <span class='ocrx_word' id='word_1_884' title='bbox 2413 5156 2725 5211; x_wconf 88' lang='lat' dir='ltr'><strong>invenimus</strong></span> <span class='ocrx_word' id='word_1_885' title='bbox 2758 5175 2772 5209; x_wconf 89' lang='lat'>:</span> <span class='ocrx_word' id='word_1_886' title='bbox 2811 5157 2898 5218; x_wconf 88' lang='lat' dir='ltr'><strong>iis.</strong></span> <span class='ocrx_word' id='word_1_887' title='bbox 2925 5157 3172 5228; x_wconf 88' lang='lat' dir='ltr'><strong>inquam,</strong></span> <span class='ocrx_word' id='word_1_888' title='bbox 3206 5175 3328 5228; x_wconf 68' lang='lat' dir='ltr'><strong>qua:</strong></span> <span class='ocrx_word' id='word_1_889' title='bbox 3368 5167 3560 5214; x_wconf 86' lang='lat' dir='ltr'><strong>notata</strong></span> <span class='ocrx_word' id='word_1_890' title='bbox 3588 5158 3702 5214; x_wconf 84' lang='lat' dir='ltr'><strong>fue-</strong></span> 
     </span>
    </p>
   </div>
   <div class='ocr_carea' id='block_1_114' title="bbox 2130 5249 3695 5323">
    <p class='ocr_par' dir='ltr' id='par_1_114' title="bbox 2130 5249 3695 5323">
     <span class='ocr_line' id='line_1_114' title="bbox 2130 5249 3695 5323; baseline 0.001 -20"><span class='ocrx_word' id='word_1_891' title='bbox 2130 5257 2256 5304; x_wconf 90' lang='lat' dir='ltr'><strong>rant</strong></span> <span class='ocrx_word' id='word_1_892' title='bbox 2281 5265 2310 5304; x_wconf 89' lang='lat' dir='ltr'><strong>a</strong></span> <span class='ocrx_word' id='word_1_893' title='bbox 2329 5249 2634 5312; x_wconf 89' lang='lat' dir='ltr'><strong>Clemente,</strong></span> <span class='ocrx_word' id='word_1_894' title='bbox 2661 5257 2716 5304; x_wconf 92' lang='lat' dir='ltr'><strong>et</strong></span> <span class='ocrx_word' id='word_1_895' title='bbox 2740 5249 2971 5316; x_wconf 73' lang='lat' dir='ltr'><strong>Irenaeo,</strong></span> <span class='ocrx_word' id='word_1_896' title='bbox 3003 5259 3060 5305; x_wconf 89' lang='lat' dir='ltr'><strong>et</strong></span> <span class='ocrx_word' id='word_1_897' title='bbox 3083 5252 3316 5306; x_wconf 89' lang='lat' dir='ltr'><strong>Philone</strong></span> <span class='ocrx_word' id='word_1_898' title='bbox 3350 5252 3695 5323; x_wconf 81' lang='lat' dir='ltr'><strong>phil050pho,</strong></span> 
     </span>
    </p>
   </div>
   <div class='ocr_carea' id='block_1_115' title="bbox 2124 5341 3695 5413">
    <p class='ocr_par' dir='ltr' id='par_1_115' title="bbox 2124 5341 3695 5413">
     <span class='ocr_line' id='line_1_115' title="bbox 2124 5341 3695 5413; baseline -0.001 -16"><span class='ocrx_word' id='word_1_899' title='bbox 2124 5351 2181 5397; x_wconf 89' lang='lat' dir='ltr'><strong>et</strong></span> <span class='ocrx_word' id='word_1_900' title='bbox 2219 5342 2287 5396; x_wconf 90' lang='lat' dir='ltr'><strong>ab</strong></span> <span class='ocrx_word' id='word_1_901' title='bbox 2324 5357 2392 5397; x_wconf 91' lang='lat' dir='ltr'><strong>eo</strong></span> <span class='ocrx_word' id='word_1_902' title='bbox 2437 5341 2531 5410; x_wconf 89' lang='lat' dir='ltr'><strong>qui</strong></span> <span class='ocrx_word' id='word_1_903' title='bbox 2567 5341 2809 5412; x_wconf 83' lang='lat' dir='ltr'><strong>Hexapla</strong></span> <span class='ocrx_word' id='word_1_904' title='bbox 2843 5345 3176 5413; x_wconf 89' lang='lat' dir='ltr'><strong>composuit.</strong></span> <span class='ocrx_word' id='word_1_905' title='bbox 3213 5343 3585 5410; x_wconf 86' lang='lat' dir='ltr'><strong>Quamobrem</strong></span> <span class='ocrx_word' id='word_1_906' title='bbox 3610 5359 3695 5399; x_wconf 85' lang='lat' dir='ltr'><strong>sex</strong></span> 
     </span>
    </p>
   </div>
   <div class='ocr_carea' id='block_1_116' title="bbox 2127 5432 3697 5504">
    <p class='ocr_par' dir='ltr' id='par_1_116' title="bbox 2127 5432 3697 5504">
     <span class='ocr_line' id='line_1_116' title="bbox 2127 5432 3697 5504; baseline 0.002 -18"><span class='ocrx_word' id='word_1_907' title='bbox 2127 5433 2351 5504; x_wconf 89' lang='lat' dir='ltr'><strong>quidem</strong></span> <span class='ocrx_word' id='word_1_908' title='bbox 2392 5432 2606 5486; x_wconf 89' lang='lat' dir='ltr'><strong>dierum</strong></span> <span class='ocrx_word' id='word_1_909' title='bbox 2659 5443 2998 5499; x_wconf 87' lang='lat' dir='ltr'><strong>creaturam,</strong></span> <span class='ocrx_word' id='word_1_910' title='bbox 3047 5436 3192 5490; x_wconf 87' lang='lat' dir='ltr'><strong>Deus</strong></span> <span class='ocrx_word' id='word_1_911' title='bbox 3238 5451 3364 5490; x_wconf 85' lang='lat' dir='ltr'><strong>cum</strong></span> <span class='ocrx_word' id='word_1_912' title='bbox 3395 5447 3542 5492; x_wconf 87' lang='lat' dir='ltr'><strong>esset</strong></span> <span class='ocrx_word' id='word_1_913' title='bbox 3577 5437 3697 5490; x_wconf 86' lang='lat' dir='ltr'><strong>sim-</strong></span> 
     </span>
    </p>
   </div>
   <div class='ocr_carea' id='block_1_117' title="bbox 2128 5523 3695 5598">
    <p class='ocr_par' dir='ltr' id='par_1_117' title="bbox 2128 5523 3695 5598">
     <span class='ocr_line' id='line_1_117' title="bbox 2128 5523 3695 5598; baseline 0.001 -20"><span class='ocrx_word' id='word_1_914' title='bbox 2128 5525 2277 5594; x_wconf 84' lang='lat' dir='ltr'><strong>plex,</strong></span> <span class='ocrx_word' id='word_1_915' title='bbox 2332 5523 2670 5589; x_wconf 88' lang='lat' dir='ltr'><strong>fabricatur;</strong></span> <span class='ocrx_word' id='word_1_916' title='bbox 2723 5542 2918 5580; x_wconf 89' lang='lat' dir='ltr'><strong>novam</strong></span> <span class='ocrx_word' id='word_1_917' title='bbox 2971 5537 3156 5582; x_wconf 87' lang='lat' dir='ltr'><strong>autem</strong></span> <span class='ocrx_word' id='word_1_918' title='bbox 3208 5543 3330 5596; x_wconf 76' lang='lat' dir='ltr'><strong>quze</strong></span> <span class='ocrx_word' id='word_1_919' title='bbox 3372 5540 3565 5598; x_wconf 85' lang='lat' dir='ltr'><strong>postea</strong></span> <span class='ocrx_word' id='word_1_920' title='bbox 3603 5527 3695 5582; x_wconf 88' lang='lat' dir='ltr'><strong>fttit</strong></span> 
     </span>
    </p>
   </div>
   <div class='ocr_carea' id='block_1_118' title="bbox 2131 5616 3694 5690">
    <p class='ocr_par' dir='ltr' id='par_1_118' title="bbox 2131 5616 3694 5690">
     <span class='ocr_line' id='line_1_118' title="bbox 2131 5616 3694 5690; baseline 0 -20"><span class='ocrx_word' id='word_1_921' title='bbox 2131 5625 2442 5671; x_wconf 89' lang='lat' dir='ltr'><strong>creaturam</strong></span> <span class='ocrx_word' id='word_1_922' title='bbox 2478 5616 2562 5687; x_wconf 90' lang='lat' dir='ltr'><strong>(ut</strong></span> <span class='ocrx_word' id='word_1_923' title='bbox 2599 5617 2692 5686; x_wconf 90' lang='lat' dir='ltr'><strong>qui</strong></span> <span class='ocrx_word' id='word_1_924' title='bbox 2725 5619 2901 5675; x_wconf 88' lang='lat' dir='ltr'><strong>factus</strong></span> <span class='ocrx_word' id='word_1_925' title='bbox 2929 5629 3016 5674; x_wconf 90' lang='lat' dir='ltr'><strong>est</strong></span> <span class='ocrx_word' id='word_1_926' title='bbox 3043 5619 3403 5690; x_wconf 87' lang='lat' dir='ltr'><strong>compositus)</strong></span> <span class='ocrx_word' id='word_1_927' title='bbox 3441 5621 3694 5676; x_wconf 85' lang='lat' dir='ltr'><strong>Dominus</strong></span> 
     </span>
    </p>
   </div>
   <div class='ocr_carea' id='block_1_119' title="bbox 2318 5735 3688 5810">
    <p class='ocr_par' dir='ltr' id='par_1_119' title="bbox 2318 5735 3688 5810">
     <span class='ocr_line' id='line_1_119' title="bbox 2318 5735 3688 5810; baseline -0.002 -20"><span class='ocrx_word' id='word_1_928' title='bbox 2318 5737 2363 5766; x_wconf 63' lang='lat'><strong>“9</strong></span> <span class='ocrx_word' id='word_1_929' title='bbox 2401 5735 2541 5792; x_wconf 75' lang='lat' dir='ltr'><strong>Psal.</strong></span> <span class='ocrx_word' id='word_1_930' title='bbox 2588 5754 2720 5802; x_wconf 60' lang='grc' dir='ltr'><strong>τίκ-ιι,</strong></span> <span class='ocrx_word' id='word_1_931' title='bbox 2759 5739 2848 5791; x_wconf 69' lang='grc' dir='ltr'><strong>ΕΙ.</strong></span> <span class='ocrx_word' id='word_1_932' title='bbox 2957 5739 3001 5770; x_wconf 64' lang='grc'><strong>⁹⁰</strong></span> <span class='ocrx_word' id='word_1_933' title='bbox 3043 5738 3109 5793; x_wconf 87' lang='lat' dir='ltr'><strong>lll</strong></span> <span class='ocrx_word' id='word_1_934' title='bbox 3148 5739 3284 5810; x_wconf 78' lang='lat' dir='ltr'><strong>Reg.</strong></span> <span class='ocrx_word' id='word_1_935' title='bbox 3331 5755 3438 5802; x_wconf 62' lang='grc' dir='ltr'>χιχ,</span> <span class='ocrx_word' id='word_1_936' title='bbox 3486 5739 3570 5804; x_wconf 82' lang='grc' dir='ltr'><strong>Η,</strong></span> <span class='ocrx_word' id='word_1_937' title='bbox 3617 5735 3688 5789; x_wconf 72' lang='lat'><strong>19..</strong></span> 
     </span>
    </p>
   </div>
  </div>
