4056 6148
358 440 464 508 957

1416 444 1498 504 IN
1537 442 2085 504 HEXAEMERON.
2115 470 2184 478 -—
2219 446 2365 505 LIB.
2408 447 2540 507 V11.

3506 444 3617 507 958

357 570 418 614 et
452 559 631 624 Deus;
681 557 790 613 hoc
832 568 937 624 est,
974 561 1119 615 Deus
1162 569 1221 616 et
1258 560 1426 614 homo
1472 559 1726 614 Christus
1754 559 1933 616 Iesus.
1964 562 2008 616 Α
2037 560 2175 614 dixit
2212 580 2223 614 :
2258 561 2378 614 Fiat
2410 564 2503 615 hoc
2543 571 2638 616 aut
2664 560 2820 624 illud,
2854 560 2951 615 sed
2981 574 3083 614 suo
3118 574 3218 629 per
3246 572 3304 611 se
3337 564 3394 611 et
3423 555 3613 611 divino

357 649 563 705 Audiat
592 657 745 704 tanto
780 651 962 706 animo
999 651 1254 723 mysteria
1278 651 1375 705 Dei
1400 650 1655 713 viventis,
1687 660 1742 704 et
1764 649 1934 704 admi-

360 758 506 797 rare.
554 741 786 808 Quando
814 742 965 796 enim
1005 743 1140 797 exiit
1172 742 1344 798 Adam
1388 759 1455 796 ex
1500 742 1781 813 paradiso,
1810 756 1940 811 pro—

360 835 512 889 tinus
556 833 840 904 Scriptura
893 850 1003 889 non
1047 835 1356 904 composito
1386 836 1607 889 nomine
1643 834 1941 904 appellavit

359 924 678 989 Dominum,
718 925 815 979 sed
861 924 1117 994 simplici.
1160 926 1331 981 Nobis
1374 927 1521 981 enim
1575 942 1809 981 narrans
1857 925 1942 980 di-

360 1016 571 1071 vinitus
593 1017 859 1087 inspirata
885 1018 1112 1071 historia
1148 1027 1363 1088 partum
1393 1019 1539 1082 Evte,
1588 1018 1723 1073 dicit
1756 1019 1940 1072 statim

361 1117 489 1177 post
537 1109 745 1161 exitum
787 1122 818 1162 e
862 1110 1120 1178 paradiso
1181 1128 1193 1162 :
1244 1108 1495 1179 Cognovit
1548 1118 1722 1163 autem
1768 1111 1941 1163 Adam

362 1214 582 1251 uxorem
627 1215 802 1263 suam,
858 1209 904 1251 et
943 1217 1061 1252 cum
1103 1203 1437 1267 concepisset,
1475 1203 1673 1271 peperit
1717 1199 1847 1254 Cain
1891 1208 1942 1252 et

361 1288 499 1343 dixit
527 1289 781 1342 :Possedi
796 1291 1059 1343 hominem
1095 1307 1187 1361 per
1226 1290 1395 1343 Deum
1423 1293 1489 1344 ”.
1526 1291 1698 1357 Quam
1725 1291 1796 1345 ob
1824 1306 1940 1344 rem

362 1389 571 1447 autem,
596 1398 630 1436 o
662 1381 870 1447 Iudaee,
904 1382 1092 1436 divina
1123 1383 1409 1453 Scriptura
1454 1400 1575 1452 qum
1611 1385 1665 1437 in
1702 1393 1940 1453 septem-

362 1471 545 1526 decim
601 1473 875 1541 capitibus
918 1484 1345 1543 consequente‘r,
1382 1475 1435 1528 in
1469 1476 1726 1545 paradiso
1768 1475 1941 1529 Deum

362 1563 574 1633 duplici
620 1565 844 1620 nomine
899 1567 1302 1631 nominaverat,
1352 1577 1409 1621 et
1470 1583 1600 1621 eum
1650 1567 1938 1621 Dominum

362 1665 422 1711 et
468 1657 636 1710 Deum
687 1658 1083 1726 appellaverat,
1126 1658 1307 1711 statim
1343 1666 1467 1727 post
1513 1658 1813 1713 hominise
1847 1675 1942 1728 pa-

366 1743 556 1798 radiso
581 1760 888 1815 egressum,
917 1745 1099 1815 ipsum
1144 1746 1316 1799 Deum
1349 1746 1668 1815 appellavit,
1706 1748 1800 1801 sed
1831 1764 1941 1800 non

366 1837 661 1891 Dominum
712 1844 769 1891 et
812 1838 1027 1891 Deum?
1076 1838 1147 1893 Ut
1181 1847 1238 1892 tu
1274 1838 1457 1892 discas
1504 1838 1650 1907 quod
1683 1838 1941 1892 Ecclesiae
1973 1859 2005 1907 m-

363 1937 452 1984 est
502 1929 760 1999 proprius
806 1929 1076 1984 Dominus
1121 1939 1179 1983 et
1231 1930 1395 1994 Deus,
1428 1938 1483 1984 et
1525 1945 1636 1983 non
1687 1930 1944 1983 similiter

363 2035 560 2076 eorum
603 2023 699 2091 qui
746 2031 878 2076 sunt
919 2031 1072 2076 extra
1116 2022 1441 2077 Eeclesiam.
1491 2022 1627 2077 Nam
1659 2020 1979 2075 hominum‘

363 2113 592 2182 quidem
624 2113 719 2183 qui
749 2122 881 2167 sunt
910 2122 1087 2179 extra,
1119 2114 1265 2168 Deus
1286 2124 1401 2180 est;
1432 2130 1631 2183 nempe
1658 2113 1807 2178 Θεός,
1843 2114 1947 2168 hoc

366 2212 454 2258 est
481 2203 706 2274 θεατής,
735 2203 789 2258 id
820 2213 904 2258 est
939 2212 1252 2273 spectator;
1302 2205 1560 2259 Ecclesia:
1589 2213 1771 2259 autem
1804 2205 1948 2260 Deus

366 2304 454 2349 est
487 2305 544 2350 et
582 2304 860 2366 spectator
888 2305 945 2350 et
968 2297 1255 2362 Dominus,
1285 2298 1335 2352 ei
1376 2297 1686 2363 dominans,
1718 2298 1947 2368 ejusque

369 2397 561 2437 curam
595 2399 812 2453 gerens,
858 2398 1092 2453 eamque
1132 2387 1461 2455 suscipiens,
1517 2395 1701 2451 tuens,
1746 2403 1811 2440 ac
1850 2386 1947 2440 de-

370 2460 624 2527 fendens.
675 2472 831 2540 Quod
868 2474 914 2527 si
955 2474 1122 2529 etiam
1172 2485 1297 2545 post
1341 2475 1725 2544 expulsionem
1755 2490 1821 2528 ex
1852 2490 1950 2543 pa-

373 2566 561 2621 radiso
608 2567 934 2623 nominatur
979 2569 1035 2622 in
1079 2568 1265 2623 divina
1331 2567 1616 2637 Scriptura
1665 2566 1948 2630 Dominus,

373 2658 641 2713 Dominus
692 2659 857 2723 Deus,
919 2675 988 2714 ne
1060 2659 1319 2725 mireris;
1388 2659 1495 2714 erit
1546 2659 1694 2713 enim
1738 2668 1953 2727 tempus

374 2750 600 2821 quando
655 2751 823 2806 etiam
864 2749 933 2806 iis
984 2752 1080 2822 qui
1129 2759 1259 2805 sunt
1309 2760 1460 2805 extra
1510 2749 1814 2805 Ecclesiam
1859 2747 1958 2802 do-

376 2840 682 2894 minabitur
736 2857 834 2911 per
881 2841 1262 2910 Evangelium,
1303 2847 1348 2893 et
1402 2841 1521 2905 erit,
1550 2848 1613 2894 ut
1654 2839 1769 2909 ipse
1793 2838 1952 2904 dixit,

378 2949 545 2986 unum
582 2932 736 2999 ovite,
783 2949 921 2987 unus
971 2941 1157 3003 pastor
1204 2932 1271 2986 “.
1324 2932 1513 3001 Neque
1562 2947 1592 2985 a
1630 2947 1751 2985 mea
1792 2946 1956 3000 quam

379 3022 536 3092 prius
568 3022 680 3077 dixi
735 3022 936 3077 recedo
976 3021 1272 3087 sententia,
1305 3021 1470 3076 simul
1517 3037 1546 3076 a
1577 3021 1766 3076 Judaao
1805 3029 1860 3075 et
1890 3021 1958 3075 ab

381 3113 571 3167 invido
605 3114 729 3168 ﬁdei
765 3114 859 3184 qui
894 3113 1160 3169 adversus
1206 3114 1351 3168 hanc
1400 3128 1579 3167 meam
1627 3112 1960 3167 contradicit

2038 667 2206 722 Opere
2263 653 2543 722 operando
2583 652 2883 709 secundam
2928 651 3061 705 fecit
3100 649 3437 705 creationem
3486 662 3617 717 pro-

2041 746 2157 816 prie
2192 755 2250 800 el
2293 761 2422 800 vere
2470 754 2526 800 et
2574 745 2713 799 citra
2751 745 2917 798 ullam
2970 742 3396 803 dubitationem,
3429 738 3614 798 divina

2041 837 2371 909 praedicente
2415 836 2701 906 Scriptura
2744 837 2838 890 Dei
2863 836 3024 891 Verbi
3058 836 3358 890 adventum
3385 840 3441 888 et
3475 847 3614 902 prae-

2042 929 2272 983 sentiam
2309 944 2430 995 quas
2463 928 2565 981 fuit
2607 943 2636 981 a
2675 928 2815 982 cmlo
2860 928 2913 985 in
2962 936 3187 990 terram,
3227 926 3360 979 etin
3399 940 3462 977 ea
3493 938 3615 992 qua:

2041 1028 2124 1073 est
2163 1021 2216 1073 in
2243 1019 2485 1074 secundo
2516 1020 2709 1073 ordine
2745 1028 3055 1073 creaturam
3087 1017 3238 1071 brevi
3281 1014 3613 1084 repetitione

2042 1125 2143 1163 nos
2175 1109 2412 1163 docente
2470 1108 2617 1177 quod
2665 1108 2943 1161 videbitur
2996 1108 3140 1161 Deus
3186 1107 3417 1161 deorum
3468 1104 3613 1174 apud

2040 1216 2144 1253 nos
2191 1216 2360 1268 super
2405 1208 2629 1261 terram,
2672 1208 2730 1253 et
2769 1214 2864 1267 per
2910 1214 2989 1262 se,
3037 1213 3136 1251 suo
3189 1214 3355 1266 opere
3403 1204 3459 1249 et
3501 1194 3616 1249 suis

2043 1290 2300 1344 manibus
2354 1290 2715 1354 fabricabitur
2772 1304 2969 1341 novam
3020 1297 3355 1351 creaturam,
3407 1300 3613 1339 navum

2043 1384 2242 1439 caelum
2287 1390 2343 1435 et
2382 1397 2576 1435 novam
2634 1390 2864 1444 terram,
2916 1390 2972 1434 et
3022 1396 3225 1434 novum
3270 1397 3338 1434 cx
3393 1393 3501 1432 non
3531 1393 3617 1431 se-

2043 1478 2250 1529 minata
2287 1483 2435 1529 terra
2466 1490 2575 1527 non
2605 1474 2936 1527 seminatum
2963 1474 3266 1527 hominem.
3290 1472 3462 1537 Quem
3496 1471 3618 1540 qui-

2044 1567 2170 1621 dem
2204 1560 2369 1619 ‘nobis
2421 1565 2576 1635 prius
2617 1564 2936 1634 signiﬁcans
2979 1565 3165 1619 divina
3210 1564 3513 1633 Scriptura,
3562 1570 3618 1616 et

2045 1660 2290 1728 duplicat
2315 1667 2580 1713 creaturae
2594 1666 2649 1709 et
2664 1658 2903 1710 hominis
2930 1658 3396 1711 constructionem
3423 1667 3475 1708 et
3497 1668 3618 1708 nar-

2048 1751 2335 1813 rationem,
2375 1750 2508 1805 hinc
2542 1764 2752 1818 ponens
2777 1749 3132 1818 principium,
3161 1757 3218 1802 et
3256 1748 3618 1801 fundamenta

2041 1842 2252 1911 jaciens
2284 1841 2487 1896 Christi
2526 1838 2806 1902 Ecclesiae,
2833 1848 2889 1893 et
2925 1839 3114 1893 dicens
3139 1838 3459 1907 pr0phetice
3489 1835 3618 1889 :Ilic

2045 1945 2120 1987 est
2161 1934 2290 1987 liber
2313 1936 2668 2004 generationis
2706 1932 2820 1986 εωιὶ
2853 1942 2900 1985 et
2934 1941 3108 1987 terrae,
3140 1929 3351 1997 quando
3386 1928 3485 1996 fuit
3511 1926 3619 1979 dies

2046 2044 2151 2097 qua
2183 2027 2302 2096 fecit
2325 2026 2509 2079 caelum
2543 2034 2591 2079 et
2625 2034 2846 2087 terram,
2873 2032 2920 2076 et
2945 2039 3096 2076 omne
3116 2021 3280 2075 viride
3306 2021 3421 2090 agri
3450 2020 3622 2089 prius-

2047 2135 2206 2189 quam
2259 2119 2450 2172 Oritur.
2486 2117 2604 2170 Non
2644 2118 2783 2169 enim
2818 2117 2953 2186 pluit
2997 2113 3253 2166 Dominus
3292 2111 3433 2164 Deus
3464 2127 3622 2179 super

2051 2218 2270 2273 terram,
2302 2217 2350 2262 et
2380 2226 2483 2261 non
2521 2215 2635 2261 erat
2662 2210 2873 2277 operari
2913 2214 3153 2267 terram;
3184 2203 3297 2272 fons
3330 2210 3505 2255 autem
3537 2216 3624 2253 as-

2048 2303 2299 2356 cendebat
2333 2317 2359 2355 e
2388 2307 2553 2354 terra.
2591 2298 2660 2353 Et
2692 2300 2844 2368 ﬁnxit
2874 2296 3011 2350 Deus
3037 2297 3320 2355 hominem,
3361 2291 3620 2360 accipiens

2050 2394 2265 2446 humum
2291 2409 2319 2445 e
2356 2401 2522 2452 terra,
2549 2400 2596 2444 et
2635 2390 2915 2460 insuﬁiavit
2940 2389 2995 2441 in
3031 2387 3217 2456 [adem
3246 2385 3356 2455 ejus
3381 2384 3625 2453 spiritum

2053 2485 2190 2547 vitw,
2233 2490 2281 2535 et
2310 2484 2479 2551 factus
2515 2491 2589 2536 est
2614 2481 2765 2534 homo
2789 2481 2843 2533 in
2873 2481 3110 2533 animam
3136 2479 3410 2531 viventem.
3433 2475 3623 2543 Magna

2053 2585 2137 2630 est
2187 2575 2241 2629 in
2295 2575 2482 2628 verbis
2534 2571 2828 2643 propositis
2874 2569 3204 2631 obscuritas,
3248 2575 3304 2621 et
3351 2575 3497 2620 totus
3535 2565 3627 2619 hic

2054 2669 2207 2723 locus
2243 2675 2328 2721 est
2354 2667 2511 2720 valde
2536 2667 2823 2727 obscurus,
2854 2678 2962 2717 non
3001 2662 3180 2716 solum
3223 2659 3369 2729 quod
3401 2657 3469 2711 ad
3508 2656 3625 2726 spi-

2055 2760 2308 2813 ritualem
2361 2758 2559 2811 attinet
2599 2759 2720 2827 ejus
2762 2770 3082 2824 anagogen,
3130 2752 3223 2807 sed
3260 2750 3427 2805 etiam
3477 2746 3624 2818 quod

2057 2850 2124 2905 ad
2169 2849 2509 2918 corporalem
2554 2848 2673 2918 ejus
2721 2846 3007 2901 historiam
3049 2851 3153 2908 est,
3210 2841 3433 2911 cognitu
3484 2837 3628 2893 ditii-

2058 2942 2199 2997 cilis.
2244 2940 2468 3010 Ergo.si
2508 2939 2749 3002 videtur,
2778 2953 2905 2992 eum
2946 2937 3184 3007 primum
3229 2933 3529 3003 dirigamus
3563 2930 3630 2983 ad

2060 3035 2322 3103 majorem
2350 3032 2404 3086 in
2429 3030 2615 3086 littera
2649 3030 2976 3090 claritatem,
3008 3036 3065 3081 et
3096 3024 3296 3079 deinde
3320 3030 3634 3078 scrutemur

2063 3127 2348 3181 occultum
2386 3134 2441 3178 et
2481 3122 2823 3193 spiritualem
2863 3121 2982 3188 ejus
3033 3132 3275 3171 sensum.

383 3204 802 3274 intelligentiam
833 3206 1058 3275 exigens
1105 3213 1167 3259 ut
1200 3203 1255 3257 in
1309 3219 1466 3258 camo
1513 3214 1567 3258 et
1610 3204 1767 3258 freno
1796 3203 1958 3258 nobis
1984 3223 2029 3282 ο
2133 3218 2247 3273 Hoc
2275 3227 2359 3273 est
2386 3232 2517 3287 ergo
2541 3214 2687 3285 quod
2718 3228 2818 3267 nos
2852 3211 2943 3265 hic
2966 3210 3126 3265 docet
3163 3204 3430 3278 propheta
3460 3203 3637 3258 Moses

382 3295 536 3350 dicat
563 3297 922 3367 quamobrem
970 3305 1097 3351 ante
1141 3295 1435 3351 adventum
1482 3296 1681 3350 divinae
1717 3295 1958 3349 insuma-

387 3386 557 3442 tionis
587 3387 657 3442 ad
686 3387 976 3452 Adamum,
1022 3388 1168 3442 Deus
1216 3403 1325 3442 non
1371 3386 1477 3441 fuit
1512 3387 1828 3443 nominatus
1850 3386 1959 3440 Do-

390 3482 573 3537 minus
618 3487 676 3535 et
712 3481 880 3546 Deus,
916 3480 1012 3536 sed
1050 3481 1226 3536 solum
1275 3481 1438 3535 Deus.

459 3566 564 3624 Sed
591 3577 936 3624 revertamur
968 3570 1033 3624 ad
1054 3571 1404 3641 propositum
1437 3569 1573 3624 :Ilic
1595 3579 1667 3623 est
1703 3568 1831 3622 liber
1867 3585 1956 3638 ge-

386 3663 680 3717 nerationis
706 3672 753 3715 et
774 3671 952 3729 term,
979 3662 1191 3731 quando
1214 3663 1309 3732 fuit
1334 3663 1443 3715 dies
1462 3664 1517 3715 in
1541 3677 1641 3732 quo
1666 3662 1785 3731 fecit
1822 3660 1960 3714 Deus

386 3751 575 3809 cretum
611 3763 660 3807 et
702 3764 921 3808 terram.
954 3754 1222 3824 Exspecta
1246 3769 1461 3824 parum,
1493 3761 1551 3808 et
1588 3752 1781 3807 audies
1807 3768 1958 3807 eum-

385 3845 516 3901 dem
547 3846 875 3916 scriptorem
917 3846 1123 3902 Mosem
1170 3846 1473 3911 dicentem,
1510 3846 1597 3899 vel
1646 3846 1831 3914 potius
1862 3860 1960 3914 per

385 3952 518 3992 eum
557 3937 899 4007 loquentem,
949 3949 1200 3993 sanctum
1257 3937 1522 4008 Spiritum
1555 3955 1569 3991 :
1601 3937 1699 3991 Hic
1724 3945 1799 3990 est
1836 3938 1963 3991 liber

386 4031 745 4101 generationis
787 4032 1031 4095 hominis,
1062 4047 1166 4102 quo
1205 4032 1289 4085 die
1334 4030 1450 4099 fecit
1482 4028 1623 4083 Deus
1658 4029 1851 4092 Adam,
1894 4029 1963 4083 ad

388 4124 675 4192 imaginem
702 4122 798 4176 Dei
824 4124 946 4194 fecit
968 4140 1125 4190 eum;
1152 4121 1449 4177 masculum
1479 4132 1529 4176 et
1572 4123 1821 4192 feminam
1845 4123 1963 4192 fecit

391 4230 500 4279 eos,
532 4223 581 4268 et
600 4214 863 4270 benedixit
889 4215 980 4268 eis.
1011 4214 1268 4280 Quasnam
1297 4215 1367 4268 sit
1389 4213 1699 4269 differentia
1730 4215 1963 4269 duarum

390 4304 847 4375 appellationum,
890 4321 1087 4374 nempe
1121 4306 1250 4361 libri
1297 4307 1420 4362 coeli
1446 4316 1502 4362 et
1533 4316 1714 4372 terrae,
1741 4316 1796 4362 et
1836 4308 1961 4362 libri

393 4395 658 4460 hominis,
696 4396 927 4451 alterius
963 4396 1032 4450 ab
1064 4398 1262 4463 altera,
1298 4397 1545 4453 dicemus
1573 4397 1868 4453 discrimen
1909 4399 1966 4453 in

398 4486 469 4541 iis
509 4501 631 4557 quae
665 4497 1087 4557 consequuntur
1132 4505 1367 4560 :nempe
1410 4490 1557 4560 quod
1610 4489 1834 4544 omnino
1872 4507 1968 4545 ne-

2064 3319 2433 3381 congruenter
2475 3310 2674 3363 littera:
2712 3325 2723 3359 :
2759 3306 2853 3360 llic
2908 3312 2983 3357 est
3028 3302 3155 3355 liber
3193 3297 3544 3370 generationis
3589 3303 3637 3348 et

2066 3411 2239 3464 terrw,
2294 3399 2503 3467 quando
2560 3398 2657 3468 fuit
2700 3396 2808 3449 dies
2859 3410 2960 3465 quo
3003 3394 3120 3463 fecit
3163 3390 3303 3443 Deus
3356 3385 3541 3441 caelum
3588 3393 3637 3438 et

2066 3503 2293 3558 terram;
2324 3493 2429 3546 hoc
2458 3503 2561 3554 est,
2594 3489 2770 3559 primo
2798 3487 2908 3551 die,
2935 3487 3247 3555 priusquam
3286 3488 3471 3533 natum
3505 3483 3637 3531 esset

2065 3586 2277 3657 quodvis
2305 3584 2469 3639 viride
2495 3597 2650 3651 super
2681 3588 2902 3641 terram,
2927 3586 2974 3631 et
3007 3576 3314 3646 priusquam
3343 3578 3471 3624 nata
3508 3576 3639 3621 esset

2066 3679 2259 3749 quaevis
2299 3675 2459 3729 herba
2503 3673 2638 3744 agri.
2668 3670 2915 3725 Nondum
2960 3668 3099 3719 enim
3143 3664 3354 3735 pluerat
3383 3661 3640 3714 Dominus

2066 3770 2206 3824 Deus
2247 3784 2404 3839 super
2434 3776 2654 3827 terram,
2706 3762 2957 3832 quoniam
2991 3761 3141 3812 homo
3184 3756 3418 3810 nondum
3471 3752 3640 3821 factus

2068 3872 2203 3924 erat,
2251 3878 2342 3915 nec
2378 3859 2702 3929 operabatur
2730 3871 2888 3925 super
2915 3863 3149 3915 terram;
3187 3850 3301 3920 fons
3345 3856 3517 3901 autem
3554 3860 3641 3898 as-

2069 3956 2318 4011 cendebat
2343 3969 2500 4023 super
2524 3958 2745 4004 terram.
2786 3945 2888 4013 Qui
2919 3944 3179 4005 litteram,
3212 3953 3442 4008 eamque
3469 3937 3640 3992 solam

2071 4050 2161 4103 hic
2207 4052 2538 4116 sequuntur,
2579 4043 2674 4096 hic
2694 4040 2883 4095 falsam
2920 4027 3641 4091 adducuntdivinamScri-

2070 4148 2312 4209 pturam.
2350 4136 2540 4205 Neque
2584 4130 2731 4186 enim
2761 4128 2985 4182 omnino
3030 4122 3342 4179 invenimus
3378 4120 3432 4173 in
3465 4118 3642 4209 primo

2071 4204 2161 4285 die
2203 4237 2329 4283 ante
2362 4204 2512 4282 olera
2552 4230 2609 4277 et
2654 4219 2857 4274 herbas
2901 4217 2957 4271 in
3009 4230 3105 4270 sex
3145 4211 3341 4266 diebus
3368 4204 3641 4262 nominari

2072 4319 2303 4383 fontem,
2335 4330 2515 4385 neque
2543 4311 2945 4383 irrigationem,
2977 4306 3073 4362 sed
3107 4318 3289 4373 neque
3317 4314 3514 4370 aquam
3540 4296 3643 4351 sub

2073 4418 2252 4473 terra;
2298 4407 2395 4462 εεᾱ
2433 4418 2651 4459 omnem
2683 4413 2950 4470 aquarum
3003 4403 3262 4451 naturam
3310 4405 3429 4445 esse
3479 4403 3644 4456 supra

2076 4509 2299 4554 terram.
2341 4495 2445 4552 Ubi
2481 4501 2663 4548 autem
2698 4497 2817 4545 erat
2862 4503 3023 4556 aqua,
3074 4500 3186 4538 non
3218 4488 3338 4537 erat
3376 4476 3642 4548 irrigatio,

396 4592 555 4634 (³⁸³⁵⁸
592 4588 676 4634 εει
715 4595 817 4634 “03
868 4581 1055 4635 omnia
1107 4597 1229 4651 (Ιυῶ
1294 4590 1422 4636 sum
1457 4582 1513 4635 in
1555 4583 1661 4637 hoc
1703 4583 1844 4637 ΠΙ)Γο
1884 4583 1966 4636 ῖη·
2004 4572 2043 4626 Ῑ)
2074 4606 2177 4645 nec
2211 4590 2462 4643 haustus.
2513 4585 2592 4639 Ex
2627 4596 2865 4653 quanam
2897 4588 3084 4633 autem
3124 4583 3272 4629 terra
3316 4568 3649 4626 ascendebat

397 4667 647 4739 telligere
693 4668 760 4722 de
808 4668 895 4723 his
944 4668 1204 4735 duobus,
1240 4686 1438 4740 nempe
1493 4670 1693 4726 caelum
1746 4672 1967 4740 quidem

397 4774 520 4816 esse
544 4768 732 4831 typum
756 4760 985 4825 Christi,
1018 4770 1219 4816 terram
1251 4772 1433 4817 autem
1461 4771 1646 4834 typum
1676 4766 1965 4830 Ecclesim;

398 4855 458 4902 et
490 4849 574 4904 sic
607 4849 871 4920 deinceps
923 4851 1239 4906 universam
1287 4868 1382 4907 sex
1422 4853 1635 4908 dierum
1661 4865 1969 4910 creaturam

401 4939 471 4994 ad
501 4954 598 4996 eos
631 4940 859 5005 referre,
905 4958 1104 5012 nempe
1137 4958 1326 5013 aquas,
1362 4944 1638 5016 abyssum,
1670 4953 1727 5001 et
1768 4947 1969 5011 lucem,

401 5036 460 5083 et
492 5027 743 5096 herbam,
781 5039 838 5086 et
882 5031 1134 5100 arbores,
1172 5042 1229 5088 et
1259 5034 1691 5102 ﬁrmamentum,
1725 5047 1779 5093 et
1814 5039 1978 5093 lumi-

405 5120 583 5186 naria,
616 5129 673 5176 et
713 5122 992 5190 animalia,
1028 5135 1084 5179 et
1111 5126 1385 5191 volucres,
1428 5136 1482 5181 et
1516 5128 1886 5200 irrigationes,
1922 5139 1979 5183 et

405 5219 608 5265 caetera
634 5212 858 5278 omnia;
892 5214 1055 5269 etsic
1080 5215 1343 5285 impletur
1362 5217 1647 5286 eloquium
1671 5220 1816 5288 quod
1844 5220 1978 5274 dicit

405 5302 592 5356 omnia
646 5318 744 5374 per
770 5303 1050 5360 Christum
1084 5314 1140 5360 et
1173 5307 1227 5360 in
1252 5306 1474 5363 Christo
1504 5322 1624 5363 esse
1656 5310 1877 5365 condita
1907 5313 1974 5365 ³⁵.

408 5392 508 5447 Est
545 5403 729 5449 autem
772 5404 980 5451 attente
1024 5398 1574 5454 animadvertendum
1606 5400 1775 5469 quod,
1810 5417 1841 5456 a
1871 5418 1981 5471 quo

408 5483 500 5540 die
533 5485 603 5540 ad
640 5487 933 5557 imaginem
976 5489 1152 5545 factus
1190 5500 1275 5546 est
1322 5492 1489 5545 homo
1532 5493 1749 5562 (nempe
1790 5503 1980 5563 proto-

411 5586 574 5648 typus
602 5575 804 5633 Christi
850 5587 1009 5650 typus
1049 5581 1267 5651 Adam),
1312 5597 1423 5636 non
1452 5591 1537 5638 est
1563 5584 1798 5653 amplius
1837 5586 1982 5641 Deus

388 5666 622 5736 aliquid
672 5667 971 5726 fabricatus
1017 5687 1116 5740 per
1150 5673 1408 5742 iussum:
1450 5690 1631 5744 neque
1662 5675 1732 5729 de
1777 5685 1978 5731 caetero

488 5845 534 5878 ”
572 5846 706 5903 Gen.
752 5864 824 5913 iv,
868 5848 917 5900 l.
994 5849 1040 5881 ’δ
1077 5849 1233 5904 Joan.
1275 5868 1326 5915 χ,
1371 5851 1455 5907 16.

1534 5855 1579 5886 ’⁵
1617 5852 1828 5907 Coloss.
1869 5869 1907 5919 ι,
1959 5852 2046 5907 16.

2073 4688 2129 4736 et
2160 4678 2422 4748 irrigabat
2455 4674 2805 4745 superiorem
2835 4666 3088 4725 terram?
3119 4666 3267 4719 Duas
3299 4664 3447 4719 enim
3474 4671 3651 4715 terras

2074 4770 2366 4843 signiﬁcat,
2408 4767 2599 4823 dicens
2628 4763 2774 4835 quod
2814 4762 2937 4816 fons
2978 4756 3314 4814 ascendebat
3342 4753 3553 4808 inferne
3584 4767 3651 4807 ex

2075 4842 2244 4928 terra,
2289 4871 2346 4916 et
2385 4859 2650 4930 irrigabat
2695 4857 3007 4910 universam
3054 4850 3249 4906 faciem
3298 4856 3478 4901 terrae.
3512 4842 3650 4899 Cum

2073 4961 2258 5007 autem
2300 4949 2545 5004 nondum
2575 4953 2764 5002 essent
2805 4944 3043 5005 fructus,
3080 4953 3261 5009 neque
3302 4937 3518 5006 planta},
3550 4949 3650 4987 ne-

2073 5060 2181 5115 que
2229 5042 2509 5104 animalia,
2574 5051 2755 5108 neque
2801 5036 3077 5096 volucres,
3140 5045 3321 5098 neque
3376 5025 3649 5096 agricolae,

2073 5150 2252 5203 neque
2301 5134 2526 5187 omnino
2573 5131 2865 5193 homines;
2902 5126 3163 5197 quidnam
3222 5120 3485 5189 irrigabat
3530 5116 3653 5169 fons

2073 5226 2167 5280 ille
2204 5224 2418 5279 inferne
2463 5239 2531 5277 ex
2576 5218 2960 5277 subterraneis
3012 5216 3150 5269 locis
3203 5207 3553 5265 ascendens?
3596 5204 3653 5258 Si

2076 5318 2224 5373 enim
2259 5315 2527 5383 irrigabat
2557 5321 2727 5367 totam
2762 5310 2959 5364 faciem
3008 5314 3187 5364 terrae,
3218 5301 3342 5371 quis
3370 5305 3486 5353 erat
3523 5308 3653 5347 usus

2078 5409 2233 5463 illius
2280 5406 2429 5460 ﬂuvii
2469 5405 2563 5473 qui
2598 5401 2993 5473 egrediebatur
3025 5412 3091 5449 ex
3123 5393 3292 5447 Edem
3324 5389 3386 5443 ad
3421 5388 3657 5451 irrigan-

2078 5499 2208 5553 dum
2242 5497 2581 5567 paradisum.
2624 5490 2899 5560 siquidem
2940 5488 2997 5540 in
3046 5495 3193 5539 terra
3244 5489 3327 5536 est
3356 5478 3520 5533 etiam
3555 5491 3655 5545 pan

2078 5588 2341 5642 radisus?
2397 5585 2541 5641 Audi
2584 5582 2733 5637 enim
2782 5578 3084 5647 Scriptura:
3147 5568 3598 5641 consequentiam
3637 5585 3650 5620 :

2079 5680 2142 5734 In
2196 5678 2453 5750 principio
2500 5690 2615 5729 cum
2659 5673 2859 5743 fecisset
2908 5668 3044 5721 Deus
3099 5664 3282 5721 emtum
3336 5668 3384 5716 et
3431 5668 3651 5723 terram,
