4056 6148
432 391 563 459 959»

1624 396 1684 456 S.
1733 390 2127 453 ANAS'I‘ASII
2185 392 2526 454 SlNAlTrE‘

3594 400 3703 467 960

400 574 403 581 Α
436 519 581 563 terra
617 516 730 561 erat
757 509 1034 565 invisibilis
1058 520 1108 564 et
1134 512 1502 580 incomposita,
1532 520 1581 563 et
1606 510 1829 563 tenebrae
1857 511 2008 557 erant
2039 508 2087 563 Α
2117 503 2186 557 ad
2217 520 2357 574 opus
2400 506 2763 576 processisset
2793 504 3062 578 ejusmodi
3099 505 3229 563 boni
3261 508 3515 580 agricola:
3548 514 3701 582 agri-

434 618 594 670 super
625 601 891 671 abyssum.
931 602 985 656 Si
1015 612 1197 657 autem
1225 604 1467 658 tenebrae
1490 610 1650 657 erant
1677 615 1842 669 super
1864 611 2014 651 crea-

439 705 640 759 turam,
693 710 793 747 cur
836 694 1099 763 irrigabat
1141 697 1197 749 in
1245 696 1530 751 tenebris?
1564 696 1633 749 Et
1691 694 1736 748 si
1786 693 2014 761 spiritus

402 785 531 859 .Dei
581 782 863 839 l'erebatur
908 802 1073 855 super
1125 804 1358 857 aquam,
1410 789 1513 841 hoc
1556 794 1660 848 est,
1714 787 2014 839 vehemens

435 884 638 931 ventus
664 891 783 930 eam
812 876 1055 946 agitabat
1081 887 1136 931 et
1158 879 1543 933 commovebat
1567 877 1829 931 ﬂuctibus
1859 876 2013 941 (ferri

436 967 585 1021 enim
626 976 708 1023 est
735 969 1093 1022 vehementer
1123 971 1688 1042 moveri),quomodo,
1717 984 1924 1037 quaaso,
1957 966 2010 1021 in

436 1060 668 1128 caligine
701 1067 757 1114 et
798 1061 1042 1115 tenebris
1089 1072 1145 1115 et
1173 1071 1499 1132 tempestate
1530 1071 1722 1131 operla
1755 1061 2012 1114 ﬂuctibus

438 1150 652 1203 inferne
697 1152 893 1205 obruta
934 1155 1191 1207 universa
1229 1165 1396 1217 terra,
1430 1156 1497 1208 ab
1537 1155 1725 1223 aliquo
1752 1153 1901 1206 fonte
1927 1168 2013 1206 as-

435 1243 706 1297 cendente
735 1261 765 1297 e
796 1254 941 1298 terra
968 1245 1338 1315 irrigabatur?
1365 1248 1625 1316 Nunquid
1658 1263 1791 1316 ergo
1813 1247 2011 1300 littera:

436 1333 721 1388 historiam
746 1352 853 1389 non
880 1339 1110 1392 omnino
1130 1340 1529 1393 eoneludentes
1563 1341 1617 1392 in
1643 1340 1829 1392 divina
1864 1337 2012 1390 Scri-

432 1434 616 1493 ptura,
668 1444 962 1496 possumus
1004 1431 1172 1484 etiam
1220 1446 1319 1500 per
1365 1447 1647 1500 anagogen
1700 1431 2008 1499 intelligere

437 1526 581 1572 nunc
615 1519 823 1574 fontem
870 1522 967 1589 qui
1019 1522 1234 1576 inferne
1277 1524 1527 1577 ascendit
1556 1540 1592 1577 a.
1615 1532 1785 1586 terra,
1829 1533 1885 1576 et
1914 1523 2009 1591 qui

433 1606 488 1660 in
532 1608 764 1678 caligine
795 1626 859 1664 ac
887 1611 1134 1666 tenebris
1173 1621 1228 1666 et
1266 1622 1587 1682 tempestate
1616 1614 1807 1683 irrigat
1841 1622 2008 1667 totam

432 1699 629 1754 faciem
672 1710 864 1762 terrae.
890 1703 1227 1769 humanam,
1257 1706 1505 1774 inquam,
1539 1722 1736 1774 aquam
1771 1721 1890 1773 qua:
1924 1713 2009 1758 est

430 1792 706 1845 contraria
742 1794 941 1861 pluvia:
974 1811 1095 1863 quae
1127 1795 1367 1864 desuper
1393 1796 1681 1850 descendit
1705 1796 1757 1849 in
1793 1795 2008 1848 vellus?

429 1884 822 1951 Quamobrem,
845 1901 969 1939 cum
1011 1887 1087 1941 sit
1114 1887 1318 1940 sterilis
1358 1896 1419 1951 et
1444 1887 1702 1941 infertilis
1747 1904 1887 1956 aqua
1919 1888 2007 1941 illa

412 1974 816 2045 subterranea,
870 1985 925 2032 et
952 1978 1090 2031 mala
1131 1987 1185 2033 et
1215 1978 1560 2033 tenebricoso
1590 1978 1857 2046 irrigatio,
1897 1993 2007 2031 non

432 2073 647 2132 poterat
696 2076 840 2122 terra
890 2070 1170 2139 particeps
1221 2071 1456 2124 rationis
1501 2054 1809 2140 producere
1844 2085 2008 2124 omne

428 2173 605 2226 genus
622 2158 820 2221 viride,
858 2176 1056 2230 nempe
1079 2170 1174 2214 aut
1206 2162 1445 2216 fructum
1470 2171 1563 2215 aut
1590 2162 1836 2216 herbam.
1864 2162 2010 2216 Deus

426 2247 574 2302 enim
624 2249 985 2305 voluntariam
1037 2252 1274 2323 pluviam
1312 2255 1360 2285 ⁹⁶
1388 2253 1628 2322 desuper
1654 2269 1762 2307 non
1793 2255 2009 2322 pluerat

426 2358 494 2395 ex
542 2345 773 2411 perenni
810 2345 959 2400 fonte
994 2346 1160 2413 vitae;
1205 2363 1316 2401 non
1352 2358 1473 2401 erat
1514 2363 1605 2402 ros
1648 2363 1716 2403 ex
1744 2347 2004 2412 Hermon,

423 2433 678 2489 Christus
693 2436 787 2504 qui
811 2452 877 2490 ex
902 2438 1061 2491 Patre
1086 2439 1410 2504 descendit,
1444 2455 1622 2508 neque
1644 2440 1737 2508 qui
1774 2440 2008 2494 seminat

424 2525 493 2579 ad
531 2512 921 2582 seminandum
967 2529 1361 2599 Evangelium,
1403 2540 1458 2585 ct
1503 2531 1669 2584 homo
1720 2547 1828 2585 non
1883 2540 2007 2586 erat

422 2618 761 2686 apostolicus
787 2619 854 2673 ad
881 2621 1219 2693 operandam
1242 2632 1440 2676 terram
1469 2639 1590 2691 quae
1618 2632 1701 2677 est
1724 2621 1777 2675 in
1799 2623 2002 2677 anima.

493 2708 742 2779 lntellige
773 2720 1059 2780 praeterea,
1083 2730 1289 2782 quaeso.
1316 2714 1433 2767 Non
1466 2714 1604 2767 dixit
1625 2714 1814 2768 divina
1853 2712 2004 2768 Scri-

423 2809 587 2866 ptura
626 2804 771 2872 quod
804 2821 912 2858 non
937 2814 1057 2859 erat
1089 2807 1254 2860 homo
1289 2824 1313 2859 ε-
1331 2805 1385 2861 in
1428 2807 1521 2859 illo
1545 2808 1692 2860 enim
1718 2807 1808 2861 die
1840 2807 2007 2861 homo

425 2892 604 2944 factus
642 2892 841 2947 fuerat.
898 2894 1003 2949 Sed
1054 2912 1165 2951 non
1210 2906 1330 2951 erat
1385 2898 1660 2966 ejusmodi
1710 2898 1878 2951 homo
1910 2898 2005 2967 qui

425 2991 611 3050 posset
657 2985 875 3051 operari
909 2995 965 3039 et
1002 2987 1185 3040 colere
1229 2996 1434 3043 terram
1490 2989 1706 3042 animae.
1748 2989 2005 3046 Nondum

422 3073 573 3125 enim
614 3074 825 3128 exierat
864 3076 1030 3130 homo
1065 3079 1160 3146 qui
1191 3095 1221 3132 e
1255 3078 1397 3132 caelo
1435 3079 1741 3142 descendit,
1778 3081 1843 3133 ad
1878 3096 2008 3149 ope-

2121 595 2357 660 cultura,
2386 606 2442 651 et
2467 597 2698 652 reddita:
2725 608 2910 654 essent
2940 599 3213 669 frugifera:
3249 617 3370 669 quae
3394 602 3464 655 ab
3492 602 3590 657 illo
3620 604 3703 657 ir-

2121 686 2307 755 rigata:
2329 697 2490 742 erant
2517 689 2749 757 plantae,
2783 691 2964 744 statim
2994 691 3160 745 infert
3190 692 3473 761 Scriptura
3505 694 3702 750 dicens

2120 789 2526 847 consequenter
2552 797 2565 832 :
2594 779 2665 833 Et
2689 781 2817 833 oriri
2853 780 2971 849 fecit
3014 781 3266 835 Dominus
3308 782 3450 837 Deus
3479 786 3652 839 adhuc
3672 802 3704 839 e

2119 878 2264 923 terra
2296 886 2448 923 omne
2473 869 2672 941 lignum
2708 872 2981 938 pulchrum
3012 873 3080 926 ad
3107 874 3402 938 videndum,
3430 885 3477 928 et
3504 879 3702 931 bonum

2120 960 2190 1013 ad
2214 962 2610 1025 comedendum,
2653 971 2701 1014 et
2748 962 2949 1029 lignum
2988 965 3105 1017 vita:
3147 965 3200 1017 in
3236 967 3405 1017 medio
3437 970 3698 1035 paradisi,

2119 1063 2167 1106 et
2192 1053 2393 1122 lignum
2413 1055 2609 1106 sciendi
2631 1055 2685 1106 id
2705 1055 2842 1123 quod
2868 1060 3107 1125 cognosci
3135 1066 3301 1126 potest
3324 1059 3445 1112 boni
3467 1069 3516 1112 et
3543 1062 3697 1116 mali.

2117 1146 2259 1212 Quid
2286 1162 2417 1215 ergo
2457 1147 2525 1200 de
2553 1146 2770 1201 Christo
2796 1140 2853 1201 et
2882 1148 3149 1214 Ecclesia,
3192 1149 3387 1211 Adam,
3420 1162 3476 1206 et
3505 1169 3700 1209 omnes

2116 1253 2239 1306 qua:
2270 1238 2423 1307 prius
2465 1238 2626 1292 dicta.-
2668 1249 2797 1293 sunt
2845 1241 3077 1309 plantas,
3111 1251 3167 1294 et
3197 1242 3448 1308 arbores,
3483 1253 3541 1297 et
3583 1246 3700 1298 fru-

2116 1336 2258 1389 ctus,
2285 1337 2341 1381 et
2365 1329 2684 1396 paradisum
2723 1342 2873 1384 recte
2906 1331 3295 1385 intellexerunt
3333 1343 3390 1386 et
3423 1334 3698 1404 interpre-

2116 1416 2214 1471 tati
2241 1427 2369 1471 sunt
2399 1421 2778 1488 expositores?
2804 1422 3064 1477 dixerunt
3089 1424 3203 1478 haec
3224 1426 3549 1495 prophetico
3573 1444 3697 1484 esse

2116 1512 2321 1580 scripta
2354 1528 2383 1565 a
2420 1513 2568 1567 Mose
2610 1513 2679 1567 de
2726 1515 2886 1569 nobis
2934 1525 2990 1570 et
3029 1515 3269 1570 Christo.
3306 1518 3438 1572 Dico
3484 1529 3692 1587 autem,

2115 1620 2237 1673 qum
2269 1605 2336 1657 de
2364 1605 2618 1673 paradiso
2660 1606 2807 1659 dicta
2852 1616 3003 1670 sunt,
3035 1618 3091 1661 et
3122 1610 3357 1677 plantas,
3395 1620 3451 1664 et
3479 1612 3695 1667 anima-

2114 1695 2207 1759 lia,
2239 1697 2513 1759 volucres,
2546 1698 2769 1762 bestias,
2807 1708 2864 1752 et
2907 1715 3028 1767 qua:
3060 1700 3323 1770 deinceps
3361 1715 3693 1772 sequuntur.

2116 1785 2209 1841 Sin
2241 1797 2423 1840 autem
2457 1788 2799 1842 contendunt
2826 1790 2971 1858 quod
3006 1791 3090 1845 ha:
3125 1793 3357 1847 arbores
3384 1796 3693 1864 et'plantaa,

2111 1885 2166 1929 et
2189 1876 2403 1930 fructus
2429 1893 2460 1930 e
2488 1885 2631 1931 terra
2654 1878 2905 1947 producti
2930 1889 3058 1934 sunt
3080 1881 3169 1935 die
3194 1883 3376 1949 tertio,
3401 1894 3459 1939 et
3479 1889 3692 1942 semina

2110 1981 2232 2041 qua:
2273 1967 2658 2036 germinarunt
2704 1987 2715 2021 :
2753 1971 3065 2023 necessario
3110 1970 3298 2027 dicent
3340 1976 3488 2043 quod
3542 1990 3693 2031 com-

2110 2057 2295 2110 munis
2339 2059 2496 2112 cibus
2543 2058 2804 2122 hominis,
2842 2071 2891 2114 et
2936 2061 3251 2127 brutorum,
3285 2075 3341 2119 et
3373 2067 3688 2133 volucrum,

2109 2157 2166 2202 et
2210 2149 2524 2216 reptilium,
2575 2159 2694 2203 erat
2741 2150 2954 2206 fructus
3003 2154 3141 2223 ligni
3174 2156 3331 2219 vitae,
3370 2168 3427 2211 et
3473 2158 3691 2215 fructus

2108 2239 2239 2308 ligni
2272 2242 2637 2310 cognoscendi
2670 2242 2875 2296 bonum
2901 2254 2957 2298 et
2995 2247 3222 2301 malum.
3253 2249 3345 2303 Sic
3373 2251 3522 2303 enim
3552 2251 3692 2307 dixit

2108 2333 2252 2387 Deus
2296 2334 2577 2388 sexto-die
2616 2336 2823 2389 homini
2859 2356 2872 2390 :
2904 2334 3033 2391 Ecce
3068 2355 3175 2409 ego
3192 2342 3313 2394 dedi
3367 2345 3506 2396 vobis
3537 2361 3692 2400 omne

2110 2423 2475 2494 lignumquod
2500 2425 2653 2478 liabet
2680 2427 2735 2479 in
2763 2443 2818 2479 sc
2847 2427 3078 2496 fructum
3102 2432 3320 2484 seminis
3339 2435 3687 2500 seminabilis,

2108 2517 2247 2571 vobis
2278 2519 2375 2570 erit
2420 2520 2497 2571 inv
2523 2519 2691 2572 cibum
2726 2529 2795 2573 ει·
2823 2522 3062 2575 omnibus
3107 2523 3400 2579 volucribus
3446 2528 3579 2583 cwli.
3629 2529 3689 2585 Si

2107 2622 2238 2676 ergo
2268 2608 2502 2661 Verbum
2536 2617 2590 2662 et
2615 2625 2798 2663 sermo
2825 2611 3040 2665 Domini
3058 2623 3150 2667 est
3180 2614 3235 2667 in
3256 2602 3544 2681 internum,
3569 2633 3691 2671 om-

2106 2699 2241 2753 nino
2273 2698 2316 2752 si
2351 2700 2523 2753 bomo'
2543 2716 2642 2768 per
2668 2701 3096 2758 inobedientiam
3120 2714 3207 2759 est
3234 2708 3479 2776 privatus
3506 2710 3689 2767 fructu

2107 2786 2239 2855 ligni
2266 2787 2412 2847 vitae.
2443 2787 2628 2843 bestia:
2657 2797 2713 2843 et
2744 2792 2957 2860 reptilia
3004 2810 3072 2848 ex
3119 2811 3185 2849 eo
3213 2799 3596 2854 comederunt.
3630 2803 3687 2857 Si

2107 2886 2290 2931 autem
2323 2879 2705 2943 comederunt,
2735 2884 3010 2951 quomodo
3053 2901 3161 2940 non
3194 2889 3389 2943 vivunt
3429 2891 3485 2944 in
3532 2902 3692 2947 aster-

2107 2985 2261 3033 num,
2294 2970 2388 3024 sed
2422 2972 2545 3040 plus
2578 2988 2738 3042 quam
2786 2975 2950 3030 homo
2981 2980 3262 3048 accipiunt
3294 2983 3600 3051 perfectum
3633 2997 3690 3042 et

2107 3062 2257 3115 omni
2302 3077 2369 3115 ex
2420 3075 2576 3132 parte
2624 3065 2938 3121 absolutum
2990 3069 3300 3136 interitum,
3347 3082 3405 3128 et
3453 3089 3687 3132 mortem

425 3164 652 3217 undam
697 3175 754 3219 ει
804 3167 1091 3221 colendam
1140 3169 1335 3225 animm
1378 3176 1600 3234 terram,
1653 3179 1710 3224 ει
1758 3170 1824 3224 ad
1853 3171 2004 3225 evel-
2034 3191 2077 3250 C
2110 3151 2523 3207 inevitabilem?
2555 3154 2662 3209 Sed
2705 3167 2761 3211 et
2797 3157 2840 3212 si
2876 3162 3226 3227 posuerimus
3253 3178 3347 3218 eas
3373 3182 3482 3220 non
3518 3168 3689 3223 fuisse

424 3255 620 3310 lendas
665 3257 853 3325 spinas
899 3267 955 3312 et
1000 3260 1237 3314 tribulos
1275 3280 1288 3314 :
1346 3261 1414 3314 ad
1469 3261 1780 3315 faciendum
1823 3263 2001 3332 ipsum

425 3345 664 3399 fructum
705 3345 757 3400 in
793 3348 1038 3418 triginta,
1072 3358 1128 3404 et
1149 3351 1453 3420 sexaginta,
1478 3352 1641 3422 893
1668 3362 1723 3406 et
1756 3362 1998 3407 centum.

424 3434 695 3501 Quoniam
730 3453 862 3508 ergo
890 3440 1133 3494 nondum
1158 3451 1490 3511 apparuerat
1518 3443 1829 3513 bujusmodi
1860 3445 2002 3500 Deus

425 3527 592 3583 homo
612 3529 678 3583 ad
698 3530 1032 3599 operandam
1057 3540 1257 3586 terram
1288 3552 1298 3584 :
1323 3533 1446 3587 fons
1467 3542 1648 3587 autem
1677 3535 1764 3587 ille
1787 3535 2004 3590 subter-

426 3636 629 3675 raneus
652 3620 869 3691 (nempe
900 3623 1136 3693 maligna
1174 3625 1444 3696 potestas)
1488 3625 1793 3679 inundabat
1821 3634 1877 3681 et
1922 3627 2001 3680 ir-

426 3711 642 3781 rigabat
698 3722 866 3766 totam
918 3715 1115 3769 faciem
1177 3724 1337 3771 terra:
1383 3735 1395 3768 :
1458 3726 1752 3787 propterea
1813 3718 2002 3772 divina

427 3801 712 3872 Scriptura
740 3805 926 3858 statim
970 3805 1181 3861 inducit
1218 3806 1522 3870 hominem,
1564 3807 1791 3878 ﬁguram
1825 3808 1996 3863 homi.

426 3892 513 3948 nis
550 3895 812 3958 cmlestis,
838 3897 1027 3951 dicens
1064 3916 1076 3950 :
1110 3898 1177 3951 Et
1197 3898 1354 3966 ﬁmi!
1396 3900 1527 3953 Deus
1558 3901 1818 3954 hominem
1842 3904 2000 3955 Immo

427 3991 642 4053 accepta
687 4000 712 4037 e
758 3994 925 4051 terra,
968 3996 1019 4041 et
1051 3989 1333 4059 insufflauit
1372 3992 1426 4043 in
1471 3990 1656 4059 faciem
1698 3992 1809 4061 ejus
1844 3994 2001 4061 spiri-

426 4081 542 4128 tum
583 4076 722 4139 vitro,
755 4085 803 4130 et
846 4077 1013 4145 factus
1044 4086 1117 4131 est
1154 4080 1304 4133 homo
1353 4082 1407 4134 in
1443 4082 1681 4135 animam
1710 4084 2001 4149 viventem;

428 4162 598 4217 veluti
636 4164 741 4219 boc
785 4166 977 4221 dicens
1024 4168 1171 4238 quod
1217 4170 1447 4240 gratiam
1506 4171 1714 4226 habens
1756 4173 1999 4241 compri-

426 4253 640 4308 mendae
682 4270 837 4325 aqua:
866 4256 1199 4312 adversaria:
1231 4260 1538 4327 potestatis,
1576 4261 1721 4315 Deus
1756 4262 1998 4316 Verbum

427 4344 592 4401 homo
640 4355 788 4401 terra
839 4349 1058 4418 genitus
1104 4349 1194 4403 lict
1243 4349 1518 4418 Christus,
1576 4368 1609 4406 a
1650 4352 1764 4408 Deo
1810 4355 1997 4409 fictum

424 4437 590 4492 simul
637 4447 693 4494 et
743 4456 773 4493 a
829 4441 941 4495 Deo
983 4441 1290 4510 plantatum
1338 4458 1596 4511 germen;
1658 4452 1719 4498 ut
1757 4460 1885 4499 cum
1924 4447 1997 4501 sit

2110 3244 2408 3314 participes
2436 3246 2568 3315 ligni
2611 3248 2738 3304 vita:
2764 3289 2778 3311 ,
2807 3259 2989 3305 tamen
3017 3259 3077 3305 ut
3101 3269 3223 3322 quae
3245 3255 3413 3324 jussus
3442 3259 3554 3317 sint
3583 3260 3688 3315 sibi

2109 3354 2233 3393 cum
2294 3339 2615 3394 hominibus
2661 3341 2865 3397 habere
2918 3346 3257 3411 societatem,
3283 3353 3511 3405 omnino
3556 3355 3688 3423 ipsa:

2109 3450 2327 3504 quoque
2352 3435 2556 3489 fuerint
2586 3437 2887 3507 participes
2916 3439 3047 3509 ligni
3088 3445 3453 3511 cognoscendi
3481 3447 3684 3503 bonum

2108 3537 2165 3582 et
2205 3529 2405 3581 malum
2454 3546 2465 3581 :
2517 3538 2573 3582 et
2619 3530 2899 3598 quomodo
2945 3532 3059 3601 jam
3112 3535 3365 3589 nesciunt
3416 3553 3573 3608 aeque
3628 3551 3686 3595 ut

2110 3620 2275 3673 homo
2301 3620 2505 3674 bonum
2539 3628 2594 3674 et
2636 3622 2863 3686 malum,
2898 3623 3116 3692 reptilia
3144 3635 3199 3679 et
3229 3627 3419 3683 bestiae
3447 3641 3505 3685 et
3529 3634 3683 3687 volu—

2113 3712 2272 3767 cres?
2306 3711 2389 3765 Ab
2422 3713 2524 3765 hoc
2558 3727 2691 3781 ergo
2725 3729 2887 3768 sensu
2939 3728 3287 3772 recesserunt
3336 3722 3560 3788 plurimi
3602 3724 3685 3777 in-

2119 3811 2402 3872 terpretes,
2435 3812 2491 3856 et
2512 3803 2746 3857 maxime
2772 3814 3006 3868 veteres,
3031 3805 3265 3859 dicendo
3286 3824 3396 3862 non
3428 3812 3684 3868 sensilem

2109 3911 2229 3950 esse
2264 3894 2596 3963 paradisum,
2628 3905 2685 3949 et
2727 3911 2850 3964 qua:
2900 3907 3029 3950 sunt
3078 3897 3133 3951 in
3182 3899 3300 3967 ejus
3348 3902 3532 3956 medio
3577 3903 3687 3957 duo

2106 3987 2253 4058 ligna
2284 3988 2408 4042 vita:
2430 3987 2797 4057 cognitionis;
2824 4005 2891 4043 ne
2915 3994 3231 4047 necessario
3253 3993 3455 4049 faciant
3483 3996 3689 4053 bestias

2106 4087 2163 4134 et
2206 4080 2452 4149 jumenta
2502 4081 2821 4135 societatem
2867 4081 3073 4138 habere
3120 4093 3177 4139 et
3209 4087 3686 4157 participationem

2105 4169 2238 4241 ligni
2274 4172 2400 4224 vitae
2443 4178 2498 4224 et
2542 4170 2673 4240 ligni
2709 4173 3056 4241 cognitionis.
3089 4174 3209 4229 Non
3254 4178 3402 4230 enim
3438 4179 3689 4237 distinxit

2107 4259 2250 4313 Deus
2280 4259 2425 4315 inter
2455 4259 2637 4314 cibum
2683 4260 2875 4316 Adami
2910 4272 2967 4316 et
3001 4263 3183 4320 cibum
3223 4266 3551 4335 brutorum;
3590 4271 3688 4325 sed

2105 4350 2258 4404 dedit
2283 4350 2365 4405 eis
2397 4353 2764 4407 communiter
2810 4368 2973 4408 omne
3017 4354 3225 4425 lignum
3270 4356 3596 4428 frugiferum
3630 4373 3689 4417 et

2106 4442 2343 4494 sativum
2392 4440 2447 4494 in
2497 4441 2703 4495 cibum.
2747 4442 2803 4497 Si
2842 4459 2973 4514 ergo
3022 4455 3207 4501 essent
3248 4451 3473 4505 sensilia
3533 4453 3691 4522 (dicit

422 4546 624 4599 genere
670 4532 1019 4601 coniunctus,
1060 4542 1210 4588 recte
1255 4534 1449 4605 irriget
1505 4551 1570 4589 ea
1612 4552 1735 4605 qua:
1776 4546 1906 4592 sunt
1963 4554 1994 4594 ε
2035 4541 2078 4595 ι)
2105 4529 2378 4596 Clemens,
2410 4540 2468 4586 et
2500 4541 2715 4588 veteres
2741 4535 2833 4603 qui
2878 4551 3004 4589 eum
3036 4538 3211 4592 secuti
3246 4550 3377 4593 sunt
3412 4541 3691 4614 interpre-

428 4628 574 4674 terra
620 4624 803 4691 genita
845 4633 899 4676 et
949 4624 1031 4692 (ut
1058 4624 1239 4693 decet)
1286 4628 1497 4681 ratione
1547 4629 1837 4683 rationalia
1875 4646 2002 4700 ger-

426 4711 596 4775 mina,
633 4712 799 4765 simili
844 4714 1044 4768 similia
1093 4726 1383 4786 expurget,
1429 4727 1485 4773 et
1528 4719 1768 4774 fructum
1806 4721 1963 4775 ferat.

497 4799 653 4866 Quod
693 4803 735 4856 si
772 4818 880 4857 non
914 4805 1107 4859 credas
1143 4806 1330 4861 verbis
1376 4824 1634 4878 tanquam
1667 4826 1777 4864 non
1806 4812 2008 4881 proba-

427 4890 633 4946 bilibus
654 4934 668 4956 ,
706 4892 839 4961 quid
867 4893 1017 4949 dices
1057 4896 1241 4950 statim
1284 4898 1516 4953 audiens
1548 4900 1719 4954 Deum
1751 4902 2005 4975 plantan-

428 4993 535 5036 Iem
579 4999 702 5038 cum
738 5001 925 5055 opere.
972 4988 1187 5057 plantas
1220 5005 1440 5059 quoque
1488 4976 1712 5061 prepter
1755 5010 1890 5063 quas
1922 4998 2008 5051 vel

425 5076 605 5141 solas,
645 5078 710 5130 ad
758 5093 950 5131 earum
1002 5081 1380 5148 Operationem
1428 5082 1719 5152 agricolam
1752 5086 2009 5154 protinus

426 5168 581 5236 prius
617 5169 775 5223 tinxit
804 5187 833 5224 e
863 5172 1039 5225 terra?
1074 5173 1369 5242 Postquam
1403 5175 1551 5227 enim
1583 5175 1723 5230 dixit
1757 5178 2007 5248 Scriptu—

428 5280 484 5317 ra
521 5281 535 5317 :
569 5264 638 5318 Et
676 5266 845 5335 factus
880 5275 955 5320 est
1001 5268 1151 5321 homo
1193 5269 1248 5322 in
1292 5268 1530 5322 animam
1572 5270 1855 5333 viventem,
1898 5279 2008 5327 sta-

428 5356 524 5409 tim
553 5357 839 5427 subjunxit
868 5358 1000 5421 illud
1035 5377 1047 5412 :
1075 5367 1123 5412 et
1162 5359 1427 5429 plantavit
1460 5360 1713 5414 Dominus
1746 5360 1886 5415 Deus
1911 5379 2009 5432 pa-

429 5447 664 5501 radisum
690 5450 745 5502 in
770 5450 918 5504 Edon
942 5451 1011 5505 ad
1037 5453 1311 5518 orientem,
1335 5461 1382 5506 et
1417 5454 1586 5522 posuit
1616 5452 1727 5507 illic
1746 5455 2009 5507 hominem

431 5551 581 5602 quem
608 5537 747 5605 fecit,
778 5550 1039 5609 tanquam
1084 5541 1138 5597 in
1183 5542 1250 5596 iis
1285 5557 1407 5612 qua:
1435 5551 1592 5597 erant
1617 5543 1866 5607 colenda,
1893 5543 2009 5598 col-

434 5623 619 5678 locans
644 5629 959 5696 agricolam.
993 5632 1059 5686 Et
1101 5632 1224 5687 ideo
1249 5633 1403 5704 juxta
1439 5633 1550 5699 illa,
1579 5649 1704 5689 cum
1749 5642 2008 5703 tanquam

510 5804 554 5832 ⁹⁶
583 5803 726 5857 Psal.
764 5821 926 5866 van.
969 5810 1047 5861 l0.

2104 4624 2207 4692 tes)
2244 4624 2505 4693 paradisi,
2552 4634 2609 4679 et
2650 4642 2774 4695 qum
2808 4637 2939 4681 sunt
2982 4644 3178 4682 eorum
3214 4631 3546 4688 intermedia
3580 4637 3691 4691 duo

2102 4714 2268 4785 ligna,
2295 4717 2668 4781 invenientur,
2697 4717 2870 4782 aiunt,
2903 4719 3094 4774 bestim
3121 4733 3177 4775 et
3213 4724 3428 4792 reptilia
3461 4727 3690 4782 homine

2104 4807 2517 4876 praestantiora,
2566 4816 2627 4860 ut
2678 4824 2800 4876 quae
2842 4824 2952 4863 non
2998 4811 3108 4865 sint
3160 4814 3441 4880 prohibita
3486 4817 3556 4871 ab
3589 4833 3685 4871 esu

2107 4898 2347 4966 cujusvis
2389 4898 2522 4965 ligni
2549 4906 2605 4951 et
2631 4898 2865 4953 fruetus.
2910 4900 3277 4965 Quamobrem
3324 4920 3391 4957 ex
3427 4906 3546 4973 ipso
3592 4908 3685 4961 Dei

2108 4988 2364 5042 mandato
2394 4988 2460 5043 de
2490 4991 2771 5043 communi
2816 4990 2943 5044 cibo
2970 5007 3131 5060 quem
3161 4992 3317 5047 dedit
3351 4998 3690 5052 unanimiter

2110 5080 2319 5134 homini
2362 5089 2418 5133 et
2465 5081 2723 5136 omnibus
2770 5082 2983 5143 bestiis,
3016 5084 3144 5138 licet
3177 5101 3512 5155 cognoscere
3540 5090 3686 5159 quod

2108 5186 2217 5223 non
2247 5178 2375 5224 sunt
2405 5170 2597 5225 eadem
2626 5171 2769 5240 ligna
2799 5186 2920 5240 quae
2952 5172 3109 5227 facta.
3123 5187 3252 5232 sunt
3290 5178 3458 5232 tertio
3491 5180 3600 5242 die,
3632 5188 3688 5234 et

2109 5277 2230 5330 quas
2270 5261 2323 5314 in
2372 5261 2647 5330 paradiso.
2679 5262 2869 5317 Dicere
2899 5264 3044 5317 enim
3072 5266 3220 5333 quod
3245 5267 3513 5323 Dominus
3544 5271 3687 5324 Deus

2106 5353 2287 5407 adhuc
2321 5353 2454 5407 oriri
2481 5352 2613 5406 fecit
2638 5368 2668 5406 e
2701 5361 2848 5407 terra
2871 5369 3033 5409 omne
3066 5356 3270 5426 lignum
3300 5361 3593 5428 pulchrum
3618 5361 3682 5414 ad

2107 5443 2429 5505 videndum,
2458 5450 2515 5494 ct
2537 5441 2745 5496 bonum
2773 5442 2842 5497 ad
2874 5445 3296 5511 comedendum,
3329 5464 3431 5518 per
3461 5450 3565 5505 hoc
3591 5451 3685 5503 ad—

2110 5534 2219 5589 huc
2248 5533 2407 5588 nobis
2450 5533 2693 5588 ostendit
2730 5534 3011 5605 Scriptura
3051 5540 3351 5593 secundam
3391 5543 3679 5611 quamdam

2110 5629 2446 5685 creationem
2476 5627 2917 5696 praestandorum
2951 5629 3245 5701 lignorum,
3280 5641 3378 5687 aut
3424 5650 3488 5690 ea
3521 5633 3680 5689 verba

2452 5820 2544 5846 u'I
