4056 6148
272 193 366 261 961

1357 183 1439 242 ΙΝ
1478 174 2030 241 ΗΕΧΑΕΜΕΒΟΝ.
2055 199 2124 208 -
2151 176 2295 235 ΙῖΙΒ.
2338 174 2470 237 VII.

269 320 384 360 esse
415 298 759 371 prophetiam
789 294 856 350 de
883 294 1093 348 ratione
1125 292 1373 363 praeditis
1395 291 1560 361 lignis
1593 304 1714 359 quae
1744 303 1837 341 ex-

1968 283 2346 351 ιουγδουνεὺς,
2411 282 2505 336 καὶ
2567 281 2696 335 Ἰου-

271 394 457 449 tremis
489 389 829 460 temporibus
859 394 978 441 orta
1023 392 1150 440 sunt
1185 385 1240 439 in
1275 383 1529 454 paradiso
1562 382 1836 437 Ecclesiae.

270 487 332 542 Et
375 483 636 554 quoniam
682 490 766 534 est
808 479 1065 547 frequens
1094 486 1150 532 et
1196 477 1557 546 interpretatu
1610 473 1844 528 dillirilis

262 562 521 630 tractatio
548 573 616 626 de.
647 571 919 640 paradiso,
949 579 1004 624 et
1034 585 1251 639 semper
1300 569 1468 623 dubia
1499 567 1641 637 apud
1669 568 1840 620 inter-

269 676 483 736 pretcs,
528 663 814 716 videamus
879 676 1074 714 rursus
1118 659 1581 729 quemadmodum
1640 657 1843 712 factum

270 758 338 810 sit
374 754 468 809 Dei
500 752 817 807 mandatum
860 752 927 806 de
960 754 1238 807 communi
1266 767 1394 818 esu;
1428 750 1630 805 deinde
1664 750 1845 804 disce-

271 848 548 919 ptabimus
578 846 646 900 de
675 845 947 913 paradiso.

337 939 481 992 Dicit
511 952 641 1006 ergo
670 938 814 990 Deus
843 936 1052 990 Adamo
1093 934 1314 1004 quando
1342 949 1469 988 eum
1512 933 1643 988 fecit
1672 951 1684 987 :
1714 934 1847 987 Ecce

272 1028 506 1082 dedimus
534 1027 673 1081 vobis
704 1043 913 1079 omnem
943 1025 1158 1079 herbam
1190 1024 1549 1078 seminabilem
1579 1025 1851 1077 seminan-

273 1129 375 1174 tem
407 1135 602 1183 semen,
644 1133 760 1189 qua:
805 1125 879 1171 est
919 1133 1083 1187 supra
1111 1132 1317 1170 omnem
1349 1123 1568 1177 terram.
1606 1123 1657 1168 et
1697 1131 1851 1169 omne

276 1211 474 1281 lignum
511 1211 649 1280 quod
669 1210 818 1263 habet
852 1211 907 1262 in
927 1211 1097 1279 seipse
1126 1209 1356 1279 fructum
1381 1209 1594 1262 seminis
1619 1210 1851 1262 semina-

272 1303 390 1357 bilis
433 1303 571 1356 vobis
618 1303 717 1355 erit
758 1304 813 1356 in
852 1301 1040 1363 cibum.
1074 1309 1123 1354 et
1154 1301 1394 1354 omnibus
1420 1299 1713 1353 volucribus
1736 1298 1852 1353 caeli

273 1405 322 1450 et
352 1397 590 1449 omnibus
628 1396 800 1449 bestiis
840 1402 993 1448 terra:
1024 1410 1141 1463 qua:
1185 1394 1377 1447 habent
1418 1396 1475 1447 in
1513 1410 1568 1449 se
1605 1395 1851 1465 spiritum

274 1490 413 1550 vita,
438 1497 487 1540 et
520 1503 725 1540 omnem
749 1486 963 1539 herbam
1002 1486 1217 1539 viridem
1252 1486 1307 1539 in
1344 1487 1534 1549 cibum,
1572 1494 1619 1539 et
1653 1487 1852 1556 factum

274 1585 354 1631 est
394 1578 490 1630 ita.
525 1574 582 1630 Si
609 1590 741 1645 ergo
764 1576 820 1628 in
852 1575 941 1628 his
963 1574 1126 1645 lignis
1158 1582 1288 1628 sunt
1315 1574 1479 1630 etiam
1516 1575 1661 1645 ligna
1692 1591 1852 1645 para-

273 1666 382 1721 disi
422 1666 636 1738 (nempe
666 1675 723 1720 et
763 1666 969 1735 lignum
1006 1664 1432 1720 immortalitatis
1458 1673 1514 1720 et
1544 1665 1669 1721 vitae
1691 1674 1855 1720 aeter-

274 1770 362 1810 nae
384 1753 757 1825 cognitionis),
785 1755 1114 1809 miserabilis
1141 1764 1197 1811 et
1220 1756 1391 1811 miser
1410 1757 1557 1811 solus
1583 1766 1666 1812 est
1693 1757 1860 1811 homo

273 1848 370 1916 qui
409 1846 585 1901 estad
625 1847 716 1901 Dei
764 1848 1055 1917 imaginem
1100 1856 1158 1902 et
1189 1849 1628 1914 similitudinem,
1672 1857 1733 1903 ut
1763 1851 1858 1919 qui

273 1944 529 2015 solus'sit
575 1943 820 2013 privatus
852 1944 1129 2012 paradiso,
1162 1951 1217 1997 et
1250 1943 1584 2014 cognitione,
1633 1953 1688 1999 et
1732 1944 1857 1999 cibo

269 2035 404 2089 vitae
448 2044 686 2088 :eternae.
736 2034 971 2103 Serpens
1016 2034 1162 2088 enim
1212 2035 1358 2103 aspis
1402 2043 1458 2089 et
1503 2037 1755 2105 scorpius
1800 2044 1856 2091 et

272 2127 431 2181 canis
476 2127 531 2180 in
597 2126 924 2181 hodiernum
974 2142 1148 2196 usque
1202 2127 1347 2181 diem
1400 2126 1660 2181 fruuntur
1704 2127 1852 2181 omni

273 2214 456 2268 fructu
505 2221 561 2268 et
607 2215 755 2268 omni
791 2213 937 2283 ligno
975 2230 1141 2284 super
1190 2217 1500 2270 universam
1547 2225 1751 2271 terram
1798 2223 1855 2270 et

272 2306 638 2376 paradisum:
672 2321 781 2360 non
830 2307 976 2360 enim
1024 2307 1276 2362 exierunt
1324 2323 1391 2363 ex
1438 2324 1550 2377 quo
1598 2308 1854 2377 ingrcssre

270 2403 412 2449 sum
428 2395 615 2449 bestiae
638 2395 703 2449 ad
728 2395 994 2450 Adamum
1025 2396 1078 2449 in
1102 2397 1375 2466 paradiso,
1404 2398 1497 2452 sed
1531 2398 1677 2452 intus
1702 2414 1855 2453 man-

250 2490 477 2539 vserunt
521 2484 615 2538 illo
657 2500 906 2554 egresso,
954 2494 1017 2539 ut
1051 2500 1172 2554 qua:
1216 2501 1325 2540 non
1371 2486 1575 2559 fuerint
1617 2486 1856 2555 expulsa:

252 2584 511 2645 ‘p-t'opter
538 2576 820 2630 delictum.
850 2576 1094 2646 lntellige
1117 2592 1247 2646 ergo
1270 2578 1442 2646 legem
1476 2578 1569 2631 Dei
1602 2578 1857 2646 spiritua-

252 2668 431 2731 ~,.liter,
466 2668 722 2736 quoniam
770 2667 856 2721 lex
900 2676 984 2721 est
1025 2668 1344 2736 Spiritualis,
1387 2678 1447 2723 ut
1488 2669 1684 2723 clamat
1714 2669 1856 2722 Pau-

260 2761 374 2813 lus
398 2758 442 2789 ’⁷
475 2758 717 2823 ;Littera
763 2761 902 2812 enim
946 2759 1128 2813 occidit
1164 2759 1235 2813 θ’.
1276 2760 1465 2814 Restat
1489 2775 1622 2829 ergo
1669 2768 1731 2814 ut
1766 2758 1857 2829 (ne

1944 379 2123 441 στῖνος
2157 380 2185 431 6
2227 379 2439 450 μάρὲυς
2472 379 2565 431 καὶ
2607 395 2695 447 φι-

1944 469 2190 537 λόσοφος,
2213 469 2573 533 Πανταίνετος
2597 470 2695 539 (le-

1944 576 2008 630 ge
2036 560 2359 629 Πὰνταῑνος)
2397 576 2453 611 τε
2484 562 2511 612 6
2554 559 2699 610 Ἀλε-

1949 651 2226 722 ξακδρεὺς,
2281 652 2375 703 καὶ
2407 651 2636 718 Κλήμης
2670 651 2697 701 6

1950 743 2338 813 Στρωματεὺς,
2371 742 2466 793 καὶ
2489 741 2538 793 οἱ
2559 742 2695 809 ἀμφ’

1948 832 2588 924 αὑτοὺςδπνευματικῶς
2633 829 2702 881 τὰ

1950 926 2078 996 περὶ
2100 922 2433 996 παραδείσου
2461 922 2701 991 ὲθεωρή-

1950 1020 2121 1091 θησαν
2152 1021 2331 1091 (l'orte
2364 1016 2699 1088 ἐθεώρησαν)

1950 1121 2030 1183 εἰς
2056 1118 2155 1190 τὴν
2192 1114 2429 1186 Χριστοῦ
2473 1113 2703 1185 Ἐκκλη-

1953 1214 2077 1267 σίαν
2135 1212 2539 1282 ἀναφερόμενα.
2614 1208 2705 1273 Ἐξ

1950 1301 2025 1360 ὧν
2049 1309 2188 1359 εἰσιν
2206 1306 2299 1358 καὶ
2312 1306 2362 1357 οἱ
2381 1305 2508 1375 περὶ
2528 1302 2706 1357 πάντα

1954 1401 2219 1469 πάνσοφοι
2259 1397 2353 1451 δύο
2401 1396 2703 1451 Καππαδό-

1952 1509 2045 1546 και
2082 1491 2395 1563 Γρηγόριοι.
2433 1491 2707 1552 Ἅπαντες

3411 167 3514 228 962

2769 289 2824 335 et
2882 281 3130 338 Justinus
3189 292 3394 354 martyr
3460 294 3519 337 et

2767 376 3128 445 philosophus
3144 417 3158 440 ,
3199 386 3255 430 et
3299 377 3517 431 Pantae-

2767 483 2872 521 nus
2945 468 3388 531 Alexandrinus,
3463 478 3519 523 et

2767 556 3022 612 Clemens
3058 557 3431 622 Stromateus,
3465 567 3523 613 et

2770 666 2961 704 eorum
2997 654 3218 707 assecla:
3258 655 3520 722 spiritua-

2768 740 2896 794 liter
2918 752 3043 795 sunt
3066 745 3420 812 contemplati
3453 746 3521 801 de

2772 832 2976 887 Christi
3011 834 3253 889 Ecclesia
3297 854 3360 890 ea
3401 853 3523 906 qua:

2774 927 2977 996 scripta
3001 937 3128 981 sunt
3148 928 3215 981 de
3246 928 3521 997 paradiso.

2772 1024 2851 1077 Ex
2899 1025 3101 1094 quibus
3144 1034 3272 1079 sunt
3314 1026 3423 1079 duo
3467 1027 3523 1100 in

2775 1117 2943 1173 rebus
2977 1116 3233 1172 omnibus
3271 1118 3526 1173 doctissi-

2776 1211 2852 1264 mi
2911 1210 3263 1282 Cappadoces
3308 1213 3487 1283 Grego
3504 1243 3523 1253 -

2778 1302 2867 1356 rii.
2900 1303 2944 1356 Ii
2977 1318 3167 1358 omnes
3197 1304 3525 1373 quibusdam

2778 1394 2846 1449 de
2878 1396 3058 1449 causis
3101 1395 3361 1450 dicebant
3404 1410 3525 1449 esse

2778 1490 2942 1544 etiam
2960 1490 3194 1558 aliquem
3212 1488 3526 1560 paradisum

1956 1578 2102 1661 οὗτοι
2155 1584 2214 1649 ἐξ
2254 1582 2443 1637 αἰτιῶν
2487 1582 2705 1636 τοιῶνδε

1958 1679 2257 1748 φάσκοντες
2273 1673 2411 1731 εἶναι
2430 1677 2525 1731 καὶ
2542 1692 2707 1729 πνευ-

1956 1774 2189 1843 ματικόν
2246 1789 2369 1827 τινα
2433 1771 2663 1842 παράδει
2676 1800 2704 1813 -

1958 1883 2049 1919 σον
2080 1866 2181 1936 (ο).

2024 1959 2289 2023 Primum,
2342 1957 2490 2028 quod
2526 1958 2569 2012 si
2601 1957 2773 2012 Adam
2824 1972 2934 2010 non
2966 1965 3086 2011 erat
3131 1955 3375 2011 interttui
3425 1956 3530 2011 ob-

1959 2050 2155 2103 noxius
2188 2048 2408 2119 quando
2454 2049 2631 2103 factus
2682 2056 2786 2112 est,
2838 2048 3191 2117 perspicuum
3239 2048 3385 2118 quod
3420 2065 3529 2103 non

1959 2140 2062 2195 fuit
2094 2140 2369 2210 particeps
2413 2138 2988 2213 alimenti‘terrestris
3033 2148 3089 2193 et
3132 2139 3186 2193 in
3236 2140 3382 2208 quod
3438 2155 3531 2194 ca-

1960 2233 2040 2288 dit
2070 2232 2346 2286 interitus.
2378 2230 2535 2296 Quod
2579 2229 2624 2285 si
2649 2236 2864 2299 poterat
2916 2244 3037 2284 esse
3082 2230 3358 2300 particeps
3383 2229 3534 2284 cibo-

1960 2340 2081 2378 rum
2118 2324 2423 2386 seusilium,
2452 2330 2536 2376 est
2571 2323 2737 2376 etiam
2766 2322 3117 2391 perspicuum
3142 2322 3287 2391 quod
3324 2323 3379 2375 in
3407 2336 3532 2375 eum

1961 2416 2119 2469 cadat
2150 2412 2730 2485 interitus.(Quidquid
2776 2412 2922 2468 enim
2953 2414 3118 2466 intrat
3147 2430 3240 2483 per
3273 2430 3329 2467 os
3357 2430 3535 2468 rursus

1961 2508 2258 2560 excernitur
2282 2506 2372 2576 ⁸⁸.)
2405 2504 2461 2559 Si
2493 2513 2677 2559 autem
2725 2504 2779 2558 in
2814 2518 2941 2557 eum
2986 2502 3216 2557 cadebat
3259 2503 3533 2567 interitus,

1963 2598 2188 2652 omnino
2236 2605 2354 2651 erat
2397 2597 2564 2651 etiam
2597 2594 2880 2660 mortalis;
2912 2594 2957 2649 si
2993 2603 3177 2648 autem
3210 2605 3426 2650 creatus
3453 2604 3533 2649 est

1964 2688 2232 2749 mortalis,
2268 2704 2378 2742 non
2417 2687 2606 2756 utique
2638 2686 2779 2741 facta
2812 2693 2898 2741 est
2924 2701 3074 2740 mors
3095 2702 3193 2756 per
3218 2687 3540 2742 inobedien-

1965 2780 2096 2834 tiam
2126 2796 2139 2832 :
2170 2787 2335 2848 atque
2378 2777 2495 2831 haec
2521 2776 2740 2846 quidem
2772 2785 2855 2830 est
2878 2776 3053 2845 prima
3079 2792 3241 2831 causa
3275 2778 3540 2846 interpre-

2778 1582 3130 1652 spiritualem.

272 2859 465 2905 inerte
490 2850 802 2905 alliciamur
847 2867 876 2904 a
926 2851 1128 2921 littera)
1180 2851 1456 2907 discamus
1502 2852 1596 2906 ubi
1643 2860 1860 2922 οῐιοτιεῑ
1886 2877 1929 2934 C
1965 2880 2100 2927 tum.
2132 2870 2387 2926 Secunda
2411 2878 2591 2924 autem
2621 2877 2706 2922 est
2737 2868 2984 2922 mulieris
3012 2868 3217 2937 absque
3242 2869 3391 2922 exitu
3417 2885 3542 2939 per-

273 2943 670 3012 spiritaualibus
707 2943 1009 3014 spiritualia
1050 2959 1388 3013 comparare,
1420 2960 1619 3013 nempe
1648 2944 1859 2999 litteras

276 3050 388 3105 per
416 3050 552 3104 quas
590 3036 836 3105 loquitur
877 3034 1116 3104 Spiritus
1157 3045 1398 3101 sanctus,
1441 3052 1508 3090 ex
1550 3036 1750 3105 quibus
1777 3045 1859 3091 est

278 3141 544 3195 maguum
588 3137 646 3179 et
704 3125 1041 3195 praecipuum
1094 3134 1149 3180 et
1197 3127 1430 3179 maxime
1486 3138 1745 3181 arcanum
1790 3127 1858 3181 de

277 3217 541 3288 paradiso
566 3218 906 3288 mysterium.
931 3217 1034 3284 Qui
1061 3225 1242 3272 autem
1269 3219 1562 3273 carnaliter
1586 3228 1642 3274 et
1665 3236 1863 3275 secun-

282 3312 417 3365 dum
446 3326 668 3365 carnem
718 3311 976 3381 intelligis
1009 3323 1330 3382 praesentem
1361 3313 1539 3368 locum
1591 3314 1659 3368 de
1700 3312 1863 3385 lignis

282 3409 342 3457 et
382 3401 674 3466 fructibus,
716 3401 805 3456 dic
834 3402 968 3456 mihi
1000 3419 1191 3458 rursus
1223 3405 1519 3473 quomodo,
1551 3421 1676 3460 cum
1716 3405 1863 3460 Deus

287 3504 458 3548 unum
502 3501 559 3548 et
602 3510 787 3563 parem
822 3495 1079 3549 omnibus
1114 3495 1430 3550 hominibus
1478 3503 1535 3549 et
1583 3496 1777 3551 bestiis
1806 3505 1863 3561 et

282 3584 608 3659 volucribus
632 3584 815 3638 cibum
842 3585 1067 3655 jusserit
1097 3584 1265 3655 (eum,
1297 3587 1541 3655 inquam,
1570 3587 1664 3655 qui
1688 3595 1861 3641 estex

287 3675 497 3739 herbis,
533 3675 804 3744 virgultis,
841 3683 895 3747 et
924 3675 1257 3745 arboribus),
1290 3676 1381 3743 qui
1422 3675 1480 3729 lit
1505 3676 1650 3744 quod
1694 3676 1863 3731 multa

284 3765 586 3818 animantia
636 3780 742 3817 non
780 3773 1077 3818 vescuntur
1119 3765 1308 3819 herbis
1349 3766 1442 3820 sed
1485 3767 1764 3829 carnibus,
1801 3774 1863 3819 ιιι

281 3871 407 3924 quae
443 3855 555 3908 sint
588 3856 755 3924 magis
786 3856 1111 3910 carnivora?
1151 3855 1436 3922 Quomodo
1467 3872 1683 3910 rursum
1718 3857 1864 3911 Deus

282 3947 376 4016 qui
405 3946 589 4000 omnis
623 3947 819 4001 herbae
851 3955 907 4001 et
939 3947 1152 4001 arboris
1179 3963 1297 4017 quat
1324 3956 1409 4001 est
1443 3962 1609 4016 supra
1641 3956 1862 4013 terram,

1966 2965 2198 3020 mansio.
2226 2962 2410 3017 Tertia
2436 2977 2588 3026 vero,
2618 2960 2979 3014 animantium
3007 2975 3128 3028 quae
3152 2974 3275 3013 cum
3301 2975 3365 3013 ea
3389 2976 3543 3014 ruan-

1965 3063 2151 3111 serant
2197 3055 2251 3108 in
2298 3053 2574 3123 paradiso.
2614 3052 2838 3118 Quarta,
2879 3052 3028 3121 prior
3060 3051 3370 3105 communis
3414 3067 3543 3105 esus

1965 3148 2214 3204 ciborum
2243 3146 2527 3200 hominum
2557 3152 2614 3199 et
2642 3143 2952 3197 brutorum.
2990 3143 3211 3208 Quinta,
3246 3141 3392 3212 quod
3422 3141 3540 3195 fieri

1963 3252 2073 3293 non
2100 3245 2316 3308 poterat
2344 3244 2405 3290 ut
2442 3250 2587 3290 unus
2634 3234 2799 3289 homo
2829 3234 3037 3288 coleret
3079 3243 3187 3288 tam
3220 3234 3539 3287 immensam

1963 3326 2205 3398 paradisi
2249 3324 2705 3396 magnitudinem,
2753 3324 2848 3377 ubi
2897 3323 3121 3394 quidem
3172 3332 3319 3377 certe
3364 3322 3543 3376 abun-

1968 3418 2152 3473 dantia
2185 3419 2304 3488 ejus
2340 3415 2676 3487 irrigatiouis
2703 3413 2972 3468 dividitur
3017 3414 3071 3467 in
3100 3420 3337 3483 quatuor
3366 3412 3541 3466 initia.

1967 3510 2109 3578 Quid
2140 3517 2322 3565 autem
2346 3524 2485 3579 opus
2508 3515 2627 3562 erat
2651 3507 2899 3575 eperari.
2933 3521 3057 3559 cum
3086 3521 3227 3573 saepe
3254 3520 3361 3559 una
3382 3504 3545 3558 arbor

1968 3613 2026 3659 et
2058 3606 2229 3658 altera
2275 3602 2324 3657 ei
2374 3600 2646 3655 sulliceret
2679 3599 2744 3653 ad
2779 3599 3134 3652 alimentum?
3161 3597 3302 3663 Quid
3350 3606 3536 3651 autem

1970 3713 2109 3766 opus
2138 3703 2258 3751 erat
2286 3694 2449 3748 etiam
2472 3690 2772 3753 custodire,
2795 3705 2919 3743 eum
2944 3703 3054 3741 non
3083 3688 3270 3756 plures
3292 3688 3546 3742 adessent

1968 3788 2223 3841 homines
2252 3784 2494 3838 nondum
2530 3782 2711 3844 fures;
2744 3789 2799 3835 et
2844 3795 3035 3833 omnes
3072 3780 3259 3834 bestia:
3303 3789 3359 3834 et
3387 3780 3547 3833 volu-

1970 3897 2091 3934 cres
2135 3880 2186 3932 ei
2237 3885 2421 3932 essent
2470 3874 2749 3944 subjectae,
2786 3880 2843 3926 et
2876 3873 2996 3942 ejus
3040 3872 3208 3925 verbo
3254 3873 3550 3941 parerent?

1969 3972 2081 4027 Nec
2108 3971 2214 4024 hoc
2245 3970 2444 4031 solum,
2481 3966 2575 4020 sed
2606 3963 2770 4019 etiam
2798 3979 2920 4033 quae
2946 3979 2976 4017 a
3005 3963 3117 4017 Deo
3145 3962 3291 4017 dicta
3320 3972 3374 4017 et
3409 3963 3548 4017 facta

279 4039 449 4094 "nbis
469 4038 704 4132 “unum
732 4038 1052 4132 permiitePS
1074 4038 1382 4132 comedas”
1405 4037 1863 4132 C‘FCi‘PEmu'm
1893 4073 1938 4130 D
1967 4064 2166 4123 suntin
2190 4054 2477 4132 paradisd?
2510 4056 2555 4112 si
2602 4055 2669 4110 ad
2721 4042 2979 4119 litteram,
3012 4054 3265 4124 inquiunt
3289 4094 3303 4119 ,
3352 4053 3551 4108 intelli-

278 4132 475 4186 herbze
505 4139 562 4184 et
594 4130 819 4191 arbores
861 4130 1109 4198 plurimae
1154 4145 1260 4184 non
1307 4130 1416 4184 sint
1449 4128 1765 4183 hominibus
1807 4137 1864 4183 et

282 4221 477 4274 brutis
504 4219 819 4282 esculentae,
863 4220 1081 4288 sintque
1126 4233 1413 4273 venenosa:
1443 4227 1499 4272 et
1533 4217 1865 4272 mortiferae?

279 4313 437 4377 Quas
464 4324 575 4362 non
609 4309 787 4362 solum
811 4324 931 4370 nos,
960 4309 1055 4363 sed
1082 4309 1197 4379 ipsa
1226 4308 1389 4363 etiam
1416 4307 1645 4362 rationis
1671 4322 1866 4377 expers

282 4410 488 4456 natura
524 4400 701 4470 rejicit
725 4415 789 4454 ac
821 4408 1058 4462 recusat,
1093 4408 1149 4453 et
1174 4400 1278 4454 alia
1316 4400 1584 4469 ejusmodi
1620 4399 1867 4454 innume-

286 4492 490 4547 rabilia
517 4501 645 4546 sunt
676 4501 731 4546 et
757 4491 915 4546 nobis
947 4502 1004 4546 ct
1047 4491 1246 4555 brutis,
1281 4499 1476 4546 natura
1514 4491 1737 4545 minime
1777 4506 1868 4545 es-

286 4584 515 4638 culenta
555 4589 612 4636 et
642 4582 917 4638 lethifera.

363 4699 429 4751 Oi
464 4697 567 4765 μὲν
589 4692 679 4748 οὖν
703 4695 1048 4766 ἀρχαιότεροι

289 4791 403 4842 τῶν
473 4788 812 4857 Ἐκκλησιῶν
846 4804 860 4819 ο
907 4788 1053 4855 λέγω

285 4883 358 4950 δὴ
386 4879 563 4932 Φίλων
590 4881 617 4932 6
646 4879 933 4947 φιλόσοφος
957 4880 1051 4932 καὶ

283 4972 404 5024 τῶν
455 4970 771 5023 ἀποστόλων
817 4972 845 5022 6
852 4970 953 5039 μόχ
961 4986 1051 5036 ρο-

288 5079 409 5123 νος,
434 5060 532 5112 καὶ
554 5060 772 5123 Παπίας
803 5063 831 5113 ὁ
863 5060 1050 5123 πολὺς,

283 5157 321 5207 ὸ
371 5153 626 5206 Ἰωάννου
674 5152 768 5205 τοῦ
822 5152 1055 5220 εὐαγγεὲ

285 5247 484 5302 lto-:06
518 5247 779 5318 φοιτητὴς
812 5249 840 5300 6
883 5248 1054 5317 Ἱερα-

286 5342 565 5410 πολίτης,
600 5341 888 5412 Εἱρηναῖός
931 5358 988 5393 τε
1028 5345 1057 5394 6

374 5479 420 5510 ’⁷
450 5479 612 5532 Rom.
648 5493 742 5540 vn,
778 5478 860 5531 14.
936 5476 983 5508 ’⁸
1014 5475 1059 5529 ll
1096 5475 1223 5530 Cor.
1253 5491 1333 5540 ιιι,
1361 5474 1414 5528 6.
1490 5474 1534 5507 ’θ
1570 5474 1760 5528 Matth.
1797 5489 1885 5536 xv,
1922 5472 2009 5526 l7.

1192 4697 1415 4752 Veteres
1444 4711 1575 4767 ergo
1601 4696 1873 4751 Ecclesia-

1126 4805 1245 4843 rum
1281 4790 1608 4857 interpretes
1628 4829 1643 4853 ,
1679 4788 1833 4842 Philo
1853 4829 1867 4853 ,

1126 4883 1347 4951 inquam
1363 4920 1378 4938 .
1427 4859 1799 4950 philosophus.
1820 4886 1876 4935 et

1126 4981 1372 5043 tempore
1400 4972 1626 5041 :equalis
1656 4980 1877 5042 aposto-

1128 5068 1228 5132 lis,
1282 5076 1338 5122 et
1395 5066 1633 5121 celebris
1682 5067 1878 5136 Papias

1128 5160 1601 5228 llierapolitanns,
1653 5157 1880 5212 Joannis

1128 5252 1474 5322 evangelista:
1534 5250 1879 5318 discipulus,

1130 5351 1185 5396 et
1210 5342 1446 5395 lrenteus
1474 5339 1877 5411 Lugdunensis,

1963 4171 2191 4229 gamus,
2256 4149 2562 4206 incidemus
2622 4147 2678 4201 in
2742 4144 3172 4200 innumerabiles
3240 4144 3448 4215 Scyllas
3496 4152 3553 4198 et

1963 4242 2282 4316 Charybdes
2302 4235 2818 4308 etlahyrinthorum
2867 4232 3193 4303 praecipitia.
3223 4232 3359 4287 Cum
3408 4232 3553 4286 Deus

1965 4337 2165 4393 coelum
2190 4342 2246 4388 et
2268 4340 2471 4386 terram
2493 4328 2720 4397 impleat
2741 4326 2873 4380 citra
2900 4325 3065 4379 ullam
3091 4322 3554 4391 circumscriptio-

1968 4433 2181 4493 nem,et
2196 4423 2337 4479 adsit
2354 4421 2581 4489 ubique,
2594 4425 2649 4473 ct
2669 4418 2739 4473 sit
2755 4432 2919 4486 supra
2943 4414 3377 4479 universitatem,
3393 4422 3447 4469 et
3462 4429 3556 4469 nc.

1969 4535 2077 4590 que
2096 4523 2403 4578 moveatur,
2430 4525 2608 4581 neque
2634 4510 3004 4571 contineatur,
3030 4522 3209 4577 neque
3237 4514 3550 4573 transmeet,

1972 4624 2151 4680 neque
2209 4605 2509 4662 descendat
2556 4617 2657 4658 nec
2719 4600 3011 4667 ascendat;
3059 4599 3337 4670 quomodo
3381 4598 3559 4653 audiit

1973 4701 2146 4757 Adam
2200 4700 2322 4770 ejus
2369 4710 2558 4751 vocem
2608 4693 2865 4764 ingressi,
2912 4690 3079 4763 894
3123 4698 3179 4745 et
3225 4689 3557 4745 ambulantis

1976 4808 2205 4863 vespere
2233 4792 2287 4845 in
2314 4786 2607 4859 paradiso?
2630 4785 2914 4851 Quomodo
2943 4785 3081 4839 vidit
3108 4784 3284 4852 ipsum
3325 4781 3460 4836 facie
3487 4781 3555 4835 ad

1978 4886 2195 4949 faciem,
2252 4882 2436 4951 idque,
2494 4879 2768 4948 inquiunt,
2828 4893 2954 4932 cum
3011 4876 3158 4930 dicat
3209 4873 3490 4942 Scriptura
3540 4889 3556 4926 :

1979 4976 2144 5031 Nemo
2177 4974 2344 5027 Deam
2376 4970 2506 5025 vidit
2538 4984 2776 5039 unquam
2800 4969 2841 5031 ³,
2892 4982 3071 5036 neque
3110 4963 3206 5019 Dei
3234 4976 3423 5014 vocem
3454 4975 3557 5013 au-

1981 5069 2103 5124 diit.
2130 5067 2303 5120 Porro
2336 5069 2518 5116 autem
2557 5061 2672 5129 ipse
2715 5074 2935 5128 quoque
2967 5058 3142 5111 Moses
3168 5053 3260 5118 qui
3291 5067 3353 5105 ea
3396 5052 3559 5106 nobis

1980 5164 2167 5212 narrat
2196 5156 2262 5209 de
2290 5151 2561 5222 paradiso,
2587 5139 2820 5204 testatur
2844 5149 3017 5202 Deum
3044 5144 3147 5214 ipsi
3172 5141 3374 5195 dixisse
3403 5159 3415 5193 :
3441 5139 3556 5193 Non

1980 5248 2168 5304 videbit
2197 5247 2347 5298 homo
2374 5243 2559 5313 faciem
2593 5258 2765 5296 meam
2809 5251 2857 5293 at
2885 5240 3015 5292 vivet
3046 5240 3086 5290 ².
3117 5237 3232 5291 Iam
3260 5248 3391 5288 vero
3422 5232 3562 5285 divi-

1983 5354 2087 5395 nus
2120 5352 2341 5407 quoque
2364 5335 2566 5389 Paulus
2610 5341 2793 5404 raptus
2828 5334 2882 5385 in
2912 5331 3124 5383 tertium
3168 5324 3351 5380 cwlum
3379 5331 3435 5378 et
3464 5337 3562 5393 pa-

2088 5474 2102 5504 ¹
2137 5473 2292 5527 Joan.
2327 5487 2363 5533 ι,
2412 5470 2496 5523 18.
2574 5471 2593 5500 ¹
2625 5465 2795 5521 Exod.
2829 5479 3012 5526 xxrut,
3046 5460 3133 5514 20.

369 5592 446 5666 (ι)
477 5593 538 5649 S.
565 5593 763 5649 Joann.
794 5591 1043 5645 Damase.
1083 5587 1424 5658 Lequiniance
1452 5589 1576 5644 edit.
1614 5596 1653 5642 t.
1701 5588 1742 5651 l,
1772 5603 1826 5657 p.
1871 5586 1991 5648 174,
2022 5588 2076 5640 in
2106 5585 2274 5641 Notis.
