4056 6148
506 180 612 245 963

1714 158 1774 217 S.
1815 155 2212 215 ANASTASII
2255 151 2578 212 SINAleE

3656 146 3764 210 οθι

507 287 771 346 radisum,
808 288 870 337 ut
913 287 1060 334 recte
1092 274 1390 344 inspiceret
1423 267 1657 341 paradisi
1690 266 1854 319 verba
1898 265 2081 335 inc/fa-
2113 271 2153 321 Α
2184 261 2250 316 Et
2267 262 2400 315 dixit
2420 260 2589 312 Deus:
2610 258 2727 311 Fiat
2756 274 2917 327 aqua.
2941 258 3149 323 Alii,ex
3174 256 3382 327 quibus
3408 264 3540 311 sunt
3562 254 3764 313 Pet-53'.

506 377 631 432 bilia
664 373 707 440 ',
750 386 877 428 cum
922 369 1034 424 illic
1072 369 1244 422 Deum
1290 362 1597 433 quaesiissct
1625 357 1835 420 videre,
1872 364 1927 409 et
1970 371 2080 407 non

506 477 652 524 esset
696 463 1117 532 contemplatus,
1167 470 1421 512 reversus
1469 460 1553 507 est
1588 451 1777 505 dicens
1820 448 1889 501 de
1922 447 2078 501 Deo:

510 563 675 628 Quem
724 557 901 613 nullus
946 556 1214 610 hominum
1250 553 1394 612 vidit,
1439 564 1605 618 neque
1646 553 1810 616 potest
1839 542 2011 598 videre
2042 543 2080 593 ’⁵.

509 653 579 707 Et
600 653 644 706 si
669 652 786 705 haec
808 649 882 702 ita
907 663 964 701 se
990 646 1213 707 habent,
1243 652 1302 696 ut
1327 648 1479 695 certe
1519 639 1744 700 habent,
1771 635 1903 706 quid
1933 634 2087 687 dein-

510 757 640 811 ceps
668 754 813 809 ages,
845 754 877 791 ο
908 734 1176 794 Israelita,
1209 731 1304 802 qui
1328 728 1605 798 corporali
1631 742 1798 782 sensu
1829 722 2093 792 intelligis

506 848 577 887 ea
622 847 745 901 quae
786 830 1047 884 dicuntur
1092 824 1160 879 de
1206 822 1482 893 paradiso,
1513 834 1638 874 cum
1682 817 1912 872 audies:
1944 815 2088 868 Deus

512 922 901 991 incorporeus,
936 926 991 972 et
1024 916 1204 971 carnis
1229 928 1426 983 expers
1453 908 1694 965 materia:
1717 917 1772 963 et
1801 908 2007 977 ﬁgurae,
2035 912 2089 958 et

514 1014 754 1069 sonitum
806 1010 1006 1081 pedum
1052 1007 1183 1063 fecit
1233 1007 1286 1059 in
1334 1002 1624 1075 paradiso?
1667 999 1952 1066 Quomodo
1992 996 2089 1066 qui

516 1116 671 1162 caret
719 1103 970 1157 manibus
1017 1100 1222 1163 dicitur
1275 1096 1511 1166 prepriis
1560 1094 1812 1149 manibus
1862 1092 2090 1159 humum

518 1197 881 1270 prehendisse
909 1203 964 1249 et
1007 1192 1226 1247 ﬁnxisse
1252 1188 1564 1244 hominem?
1591 1184 1877 1253 Quomodo
1905 1182 2095 1237 lateris

523 1288 716 1346 Adami
763 1286 889 1341 fecit
920 1285 1276 1344 exeisionem,
1313 1289 1368 1334 et
1416 1277 1662 1331 mulieris
1691 1275 1983 1330 tedilicium
2013 1273 2095 1327 fa-

520 1380 765 1435 bricatus
789 1386 873 1433 est
897 1373 1295 1444 incorporeus?
1317 1371 1432 1426 Nec
1450 1371 1555 1424 hoc
1580 1370 1780 1431 solum,
1810 1366 1905 1420 sed
1927 1365 2095 1420 etiam

520 1464 627 1520 fuit
654 1465 1003 1525 hortulanus,
1031 1472 1088 1517 et
1114 1477 1225 1516 sua:
1254 1468 1518 1515 creatum
1545 1457 1898 1521 administer;
1929 1454 2097 1510 boves

520 1569 579 1617 et
606 1575 752 1620 oves,
790 1557 995 1611 bestias
1027 1565 1083 1610 et
1111 1556 1359 1625 jumenta
1386 1551 1453 1606 ad
1482 1550 1751 1605 Adamum
1786 1547 2092 1612 adducens;

2189 368 2311 406 cum
2348 350 2634 405 sororibus
2664 356 2719 403 et
2752 348 3021 405 matribus
3057 355 3451 401 contraxerunt
3480 346 3764 398 matrimo-

2190 444 2366 507 nium,
2397 449 2691 513 propterea
2724 439 2873 509 quod
2922 440 3096 494 nostri
3144 439 3308 509 primi
3342 446 3602 507 parentes
3630 453 3768 493 con-

2184 532 2552 605 jungerentur
2579 546 2705 585 cum
2736 530 2851 585 suis
2886 530 3156 584 matribus
3196 537 3254 583 et
3292 527 3597 585 sororibus.
3630 527 3769 582 Sunt

2190 623 2357 676 etiam
2395 621 2643 690 quaulam
2692 619 2930 673 haereses
2968 633 3090 687 quae
3128 617 3301 671 Deum
3330 623 3594 670 accusant
3620 614 3767 683 quod

2192 730 2302 769 non
2334 712 2683 784 prohibuerit
2723 726 2792 765 nc
2838 710 3112 779 malignus
3138 708 3306 763 Evam
3351 705 3645 761 seduceret
3673 719 3773 772 per

2193 813 2530 875 serpentem.
2562 804 2681 857 Alia
2712 809 2894 856 autem
2928 815 3121 855 rursus
3147 798 3376 853 haeresis
3401 796 3650 851 decrevit
3678 796 3774 850 be-

2192 896 2423 952 stiarum
2446 909 2667 964 quoque
2695 893 2905 947 animas
2936 907 3059 946 esse
3103 889 3316 943 ratione
3341 887 3621 959 praeditas,
3650 903 3775 956 qua:

2191 995 2423 1058 possunt
2450 986 2760 1043 orationem
2787 983 2983 1039 audire
3012 991 3068 1038 et
3097 982 3372 1046 excolere,
3404 993 3529 1036 cum
3559 979 3767 1034 audiis—

2194 1088 2278 1133 set
2308 1080 2476 1133 Deum
2521 1077 2941 1133 benedicentem
2971 1073 3294 1128 volucribus
3327 1082 3383 1127 et
3415 1072 3684 1142 piscibus,
3719 1079 3775 1123 et

2192 1178 2568 1225 exsecrantem
2598 1176 2930 1238 serpentem,
2952 1173 3008 1220 et
3028 1164 3392 1219 adducentem
3416 1163 3481 1217 ad
3505 1161 3771 1217 Adamum

2195 1263 2402 1318 bestias
2435 1270 2489 1316 et
2521 1261 2778 1321 volucres
2819 1266 2875 1312 et
2915 1258 3187 1328 jumenta,
3238 1264 3300 1308 ut
3336 1252 3473 1308 sciat
3512 1252 3772 1324 quidnam

2152 1410 2157 1417 ,
2196 1368 2261 1407 ea
2306 1352 2572 1406 nominet.
2608 1349 2717 1403 Has
2761 1348 2946 1417 itaque
2976 1354 3032 1402 et
3061 1346 3195 1400 alias
3217 1345 3484 1415 plurimas
3516 1344 3775 1403 hmrescs.

2197 1456 2319 1513 quae
2349 1449 2708 1511 sumpserunt
2740 1438 3086 1493 occasionem
3130 1451 3198 1490 ex
3243 1435 3543 1505 Scriptura:
3592 1433 3777 1489 verbis

2199 1536 2268 1591 de
2300 1535 2579 1605 paradiso,
2611 1531 2967 1589 admirabiles
3017 1545 3156 1600 quos
3205 1528 3360 1597 prius
3405 1527 3644 1583 diximus
3690 1525 3777 1579 iu-

523 1660 585 1706 ut
625 1666 688 1705 ea
742 1648 1020 1719 sigillatim
1064 1651 1308 1708 vocaret,
1358 1641 1453 1712 qui
1501 1641 1685 1695 omnia
1736 1637 2100 1708 cognoscebat
2131 1615 2171 1669 Β
2200 1635 2474 1698 terpretes
2511 1626 2761 1680 volentes
2791 1634 3063 1687 evertere,
3097 1621 3153 1675 in
3189 1635 3402 1675 sacram
3438 1618 3777 1690 Scripturam

522 1751 650 1796 ante
679 1755 872 1796 eorum
907 1746 1113 1792 ortum.
1156 1735 1404 1801 Quonam
1448 1740 1632 1786 autem
1681 1744 1778 1783 ore
1812 1736 1870 1783 et
1908 1726 2096 1791 labris,

524 1835 617 1903 qui
638 1848 702 1887 ea
728 1847 838 1885 non
861 1830 1092 1891 ferebat,
1117 1835 1176 1881 ut
1191 1826 1283 1895 qui
1309 1826 1379 1879 sit
1404 1826 1786 1892 incorporeus,
1804 1819 2101 1874 insulllavit

526 1924 583 1979 in
614 1924 806 1979 faciem
845 1919 1084 1975 hominis
1113 1918 1364 1987 spiritum
1408 1914 1573 1969 vitae?
1600 1913 1732 1967 Nam
1768 1912 1812 1967 si
1849 1921 1981 1966 tunc
2015 1910 2102 1964 in-

526 2023 851 2085 corporatus
884 2019 943 2067 et
971 2013 1210 2065 humana
1241 2009 1410 2062 forma
1437 2006 1700 2077 praeditus
1742 2006 1937 2060 fuisset
1960 2005 2104 2058 Deus

530 2106 789 2169 Verbum,
818 2116 1159 2172 nequaquam
1211 2099 1264 2152 in
1326 2096 1588 2152 extremis
1650 2094 1993 2164 temporibus
2035 2108 2103 2146 ex

529 2204 719 2253 sancta
746 2193 964 2264 Virgine
991 2206 1214 2247 carnem
1249 2188 1582 2257 suscepisset
1606 2186 1771 2239 homo
1798 2185 1994 2239 factus.

603 2287 763 2341 Ὅθεν
799 2284 890 2338 διὰ
932 2282 1134 2344 ταύτας
1186 2280 1282 2341 τὰς

529 2377 946 2446 ἀκαταλήπτους
1104 2372 1283 2432 αἰτίας

530 2470 916 2543 πνευματικῶς
990 2468 1284 2538 νοήσαντες

531 2565 710 2620 πάντα
779 2562 847 2616 τὰ
920 2559 1050 2630 περὶ¹
1108 2574 1284 2626 παρα-

531 2657 708 2710 δείσου
740 2657 788 2708 oi
822 2649 1285 2723 μνημονευθέντες

532 2747 835 2819 ἐξηγηταὶ,
902 2744 1144 2813 ἔφασαν,
1202 2743 1283 2795 ὅτι

535 2836 779 2906 διάφοροι
804 2833 1040 2905 αἱρέσεις
1067 2829 1286 2898 ἐτέχθη-

541 2945 639 2980 σαν
664 2927 769 2981 ὑπό
797 2941 958 2978 τινων
982 2923 1077 2975 ἀνθ
1087 2922 1283 2991 ρώπων

539 3018 816 3089 σαρκικῶς
844 3014 1189 3069 ἀκουσάντων
1218 3011 1286 3063 τὰ

542 3115 672 3185 περὶ
725 3110 858 3165 Θεοῦ
901 3111 996 3163 καὶ
1032 3106 1289 3178 παραδεί-

539 3220 634 3257 σου
666 3205 723 3256 ὲν
756 3204 822 3273 τῇ
866 3199 1085 3254 Γενὲσει
1136 3196 1290 3264 λεγὸ-

543 3313 708 3370 μενα⁸
731 3298 778 3350 οί
812 3296 910 3364 μὲν
935 3292 1292 3364 σωματόμορ-

542 3408 642 3461 φον
665 3390 756 3444 τὸν
777 3388 932 3451 Θεὸν,
956 3386 1077 3439 κατ’
1107 3384 1292 3439 εἰκόνα

543 3485 639 3540 καὶ
683 3482 942 3552 ὁμοίωσιν
977 3478 1166 3548 ὑλικὴν
1197 3474 1290 3530 τοῦ

544 3574 830 3644 ἀνθρώπου
846 3568 1288 3640 δογματίσαντες·

543 3669 592 3721 οί
645 3667 702 3720 δὲ
758 3665 1015 3737 μεγίστας
1074 3663 1296 3731 εὐχαρι-

546 3760 698 3820 στίας
721 3757 794 3826 τῷ
833 3757 953 3826 ὄφει
992 3754 1294 3825 προσάξειν-

544 3867 666 3914 τες,
724 3848 798 3912 ὡς
854 3848 938 3899 διὰ
991 3846 1091 3914 τῆς
1131 3842 1295 3896 αὐτοῦ

547 3937 857 4009 συμϐουλῆς
900 3937 994 3989 καὶ
1047 3936 1143 4004 τῆς
1192 3950 1296 3984 πα-

549 4032 828 4102 ραϐάσεως
857 4030 958 4098 τῆς
995 4027 1295 4096 γενομένης

546 4119 894 4190 γεννηθέντος
922 4118 1042 4170 ὅλου
1075 4115 1167 4169 τοῦ
1200 4115 1293 4167 ἀν-

547 4209 781 4280 θρώπων
830 4210 1039 4277 γένους,
1100 4207 1297 4269 οἵτινες

547 4308 641 4361 καὶ
662 4308 872 4375 Ὀφῖιαι
888 4306 1110 4370 δικαίως
1130 4320 1296 4376 προσ-

546 4402 922 4474 αγορεύονται.
1007 4402 1294 4471 Mam-latim

546 4493 623 4556 δὲ,
668 4493 802 4565 ὁμοῦ
852 4511 913 4546 τε
946 4493 1040 4546 καὶ
1069 4493 1292 4561 ἄνδρες,

548 4587 643 4639 καὶ
670 4589 949 4654 γυναῖκες,
987 4586 1183 4656 γυμνοὶ
1238 4587 1295 4638 ὲν

550 4681 671 4740 ταῖς
694 4677 1006 4744 ἐκκλησίαις
1040 4679 1297 4745 συνάγον-

551 4782 642 4819 ται
709 4767 845 4818 κατὰ
919 4769 1148 4838 μίμησιν
1204 4768 1295 4821 τοῦ

564 4855 734 4926 Ἀδὰμ
763 4858 857 4909 καὶ
885 4858 981 4927 τῆς
1003 4858 1144 4922 Εὔας
1168 4861 1228 4930 (ί
1254 4861 1295 4928 ).

1427 2276 1580 2332 Unde
1604 2285 1826 2345 propter
1846 2275 1943 2328 has
1970 2289 2103 2327 cau-

1355 2381 1444 2421 sas
1485 2363 2067 2435 incomprebensibiles
2087 2404 2101 2428 ,

1356 2459 1537 2513 omnia
1576 2474 1698 2528 qua:
1738 2457 1806 2512 de
1848 2456 2105 2511 Paradiso

1358 2553 1504 2608 dicta
1555 2562 1684 2606 sunt
1747 2551 2107 2622 spiritualiter

1358 2649 1723 2718 intelligentes
1777 2647 2107 2716 interpretes

1356 2758 1588 2813 quorum
1698 2741 2053 2795 meminimus
2089 2778 2105 2803 ,

1357 2837 1615 2891 dixerunt
1663 2834 1807 2905 quod
1873 2834 2108 2888 diversa:

2202 1718 2270 1773 de
2318 1728 2517 1772 caetero
2567 1716 2759 1771 oculos
2807 1713 3172 1783 spiritualiter
3216 1710 3594 1773 intendentes,
3637 1709 3780 1763 sicut

2197 1811 2358 1883 jubet
2396 1810 2620 1874 Paulus,
2648 1808 3017 1863 decreverunt
3047 1804 3188 1858 duos
3229 1802 3492 1874 quosdam
3522 1814 3645 1855 esse
3687 1813 3781 1867 pa.

2205 1902 2438 1967 radisos,
2465 1901 2611 1955 sicut
2638 1907 2693 1953 et
2712 1898 3025 1966 Dionysius,
3050 1895 3391 1965 spiritualem
3420 1904 3477 1948 et
3500 1891 3780 1956 sensilem,

2206 1999 2523 2047 terrestrem
2567 1998 2626 2044 et
2654 1989 2955 2053 etelestem,
3005 1985 3099 2057 qui
3148 1984 3395 2040 cernitur
3432 1993 3489 2038 et
3540 1978 3634 2051 qui
3696 1980 3783 2033 in-

2205 2087 2492 2156 telligitur,
2524 2084 2668 2139 sicut
2687 2083 2853 2138 etiam
2881 2090 2966 2137 est
2990 2080 3246 2136 Christus
3270 2077 3514 2134 etelestis
3535 2074 3785 2130 simulet

2206 2181 2508 2245 terrestris,
2552 2186 2923 2250 congruenter
2958 2187 3087 2248 typo
3120 2176 3356 2230 duarum
3387 2170 3781 2233 Ecclesiarum,

2208 2282 2462 2337 terrenae,
2498 2273 2745 2342 inquam,
2777 2278 2836 2325 et
2865 2269 3105 2324 caalestis
3135 2266 3375 2321 civitatis
3418 2261 3635 2317 Domini
3670 2260 3789 2314 vir-

2210 2374 2407 2432 tutum,
2453 2366 2547 2420 ubi
2590 2372 2674 2420 est
2713 2364 2881 2419 etiam
2916 2361 3159 2417 secunda
3182 2367 3239 2414 et
3261 2358 3445 2413 verior
3477 2365 3623 2412 terra
3652 2368 3787 2424 pro-

2208 2457 2508 2523 missionis,
2547 2457 2699 2527 regio
2729 2454 3056 2518 viventium,
3086 2461 3139 2508 et
3186 2449 3501 2505 mansiones
3527 2446 3785 2501 taberna-

2207 2553 2331 2607 cula
2354 2561 2559 2607 aeterna
2586 2562 2643 2606 et
2669 2567 2790 2621 qum
2816 2551 3022 2604 nullam
3049 2548 3256 2601 habent
3277 2542 3704 2604 successionem,
3727 2549 3788 2593 et

2210 2654 2358 2699 terra
2393 2645 2611 2698 mitium
2655 2641 2899 2697 secunda
2928 2649 2983 2695 et
3010 2640 3064 2693 in
3090 2653 3252 2708 quam
3282 2651 3393 2690 non
3423 2632 3567 2689 cadit
3597 2630 3790 2689 interi-

2208 2744 2320 2801 tus,
2353 2754 2476 2807 quaa
2502 2736 2667 2790 habet
2700 2733 2925 2793 arbores
2966 2740 3022 2787 et
3049 2745 3219 2799 aquas
3248 2726 3493 2781 interitui
3530 2740 3639 2779 non
3688 2720 3790 2776 ob-

2212 2829 2424 2892 noxias,
2457 2837 2513 2882 et
2540 2828 2757 2896 plantas
2784 2840 2906 2894 quae
2947 2837 3058 2877 non
3090 2827 3463 2881 marcescunt,
3488 2824 3544 2871 et
3573 2814 3789 2868 fruetus

1357 2937 1496 2981 natae
1520 2936 1649 2981 sunt
1669 2927 1906 2981 hmreses
1926 2940 1957 2979 a
1982 2924 2109 2994 qui-
2137 2958 2179 3014 ο
2213 2934 2433 2988 semper
2461 2918 2853 2988 germinantes,
2885 2913 2980 2983 qui
3013 2929 3045 2967 a
3088 2910 3319 2982 perenni
3352 2909 3502 2963 fonte
3531 2906 3659 2960 vita:
3688 2920 3791 2975 pe-

1359 3020 1588 3074 busdam
1628 3019 1982 3083 hominibus,
2015 3009 2110 3087 qui

1360 3113 1653 3167 carnaliter
1674 3112 1969 3177 audierunt
1992 3127 2113 3181 qua:

1362 3204 1429 3259 de
1473 3204 1585 3257 Deo
1627 3212 1684 3258 et
1724 3203 1980 3273 paradiso
2024 3203 2112 3256 di-

1363 3299 1564 3345 cuntur
1610 3290 1667 3344 in
1705 3288 1904 3344 Genesi
1933 3328 1947 3351 ,
1992 3288 2114 3343 aliis

1365 3381 1585 3453 quidem
1747 3380 2114 3436 statuentibus

1364 3476 1539 3530 Deum
1609 3473 1816 3528 habere
1883 3472 2113 3527 formam

1367 3567 1655 3636 corporis,
1738 3564 1860 3619 aliis
1930 3570 2111 3618 autem

1370 3658 1610 3728 serpenti
1685 3673 1907 3727 magnas
1985 3657 2119 3711 olfe-

1369 3758 1555 3804 rentes
1601 3749 1896 3819 gratiarum
1943 3747 2116 3802 actio-

1367 3863 1486 3909 nes,
1503 3854 1692 3914 utpote
1714 3844 1858 3913 quod
1881 3858 1977 3912 per
1998 3844 2117 3912 ejus

1368 3940 1655 3995 consilium
1678 3946 1733 3992 et
1757 3938 1949 3991 factam
1981 3952 2118 4006 prae-

1372 4031 1762 4099 varicationem
1846 4044 1912 4081 ex
1992 4042 2116 4079 mu-

1370 4120 1500 4174 liere
1521 4121 1591 4173 sit
1606 4126 1922 4190 generatum
1943 4125 2114 4170 totum

1367 4227 1540 4282 genus
1605 4211 1947 4275 humanum;
2020 4209 2115 4278 qui

2212 3010 2458 3065 rennitcr
2492 3009 2809 3078 irrigantur,
2835 3013 2890 3062 et
2921 3006 2976 3060 in
3010 3004 3205 3060 saecula
3237 3001 3566 3057 saeculorum
3608 2999 3796 3067 quoti—

2212 3101 2301 3155 die
2348 3099 2665 3165 ﬂorescunt,
2709 3106 2765 3153 et
2816 3113 3032 3167 semper
3069 3101 3327 3151 crescunt
3372 3092 3427 3145 in
3474 3091 3692 3167 melius,
3737 3099 3795 3142 et

2213 3207 2496 3261 nunquam
2526 3200 2744 3249 cessant
2770 3190 3037 3258 prolicere
3069 3196 3124 3242 et
3156 3185 3344 3257 augeri
3387 3194 3443 3241 et
3483 3183 3708 3238 formari
3736 3182 3793 3235 in

2215 3283 2269 3337 id
2312 3282 2461 3352 quod
2504 3289 2591 3337 est
2623 3282 2823 3338 melius
2853 3288 2908 3334 et
2950 3279 3224 3349 superius,
3252 3283 3309 3332 et
3342 3276 3435 3346 qui
3476 3283 3606 3329 sunt
3634 3274 3795 3343 plan-

2217 3376 2313 3429 tati
2344 3383 2400 3429 et
2432 3374 2685 3429 collocati
2718 3373 2772 3442 ip
2810 3373 2974 3427 domo
3004 3372 3121 3436 Dei,
3153 3380 3208 3425 ct
3232 3369 3428 3424 ﬂorent
3458 3368 3512 3422 in
3538 3367 3797 3435 supernis

2214 3468 2336 3537 ejus
2370 3466 2559 3531 atriis;
2599 3463 2906 3535 cujusmodi
2952 3474 3082 3519 sunt
3124 3462 3265 3517 cedri
3316 3459 3558 3515 cmlestis
3583 3458 3797 3519 Libani,

2217 3575 2349 3631 quas
2393 3557 2659 3628 plantavit
2706 3557 2924 3626 (nempe
2971 3554 3340 3623 intelligentes
3373 3551 3620 3620 naturas)
3657 3549 3797 3605 Uni-

2215 3651 2459 3721 genitus,
2497 3663 2624 3700 cum
2668 3646 2870 3715 quibus
2910 3645 3020 3699 illic
3047 3644 3333 3711 nidiﬁcavit
3379 3657 3618 3712 passeres
3666 3654 3797 3695 san-

2218 3758 2430 3801 ctarum
2464 3744 2794 3807 animarum,
2846 3751 2893 3796 et
2939 3741 3159 3804 Iterodii,
3196 3755 3393 3808 nempe
3429 3737 3661 3797 Christi.
3701 3739 3801 3789 do-

2218 3853 2332 3890 mus
2357 3837 2464 3890 dua:
2481 3845 2553 3889 est
2582 3852 2763 3890 eorum
2780 3835 2820 3897 ⁵,
2851 3843 3076 3903 propter
3098 3847 3237 3901 quos
3256 3830 3401 3884 solos
3415 3838 3632 3898 pratum
3660 3828 3798 3882 illud

2217 3934 2364 4002 quod
2398 3948 2509 3987 non
2554 3932 2929 4000 corrumpitur
2975 3946 3077 3984 nec
3107 3928 3365 3991 senescit,
3401 3926 3713 3995 intelligens
3741 3935 3803 3979 et

2217 4037 2415 4092 expers
2458 4023 2733 4087 materia,
2782 4020 3049 4089 plantavit
3096 4027 3152 4072 et
3198 4016 3508 4071 constituit.
3562 4016 3637 4069 De
3687 4032 3801 4085 quo

2220 4115 2426 4170 dictum
2469 4121 2555 4169 est
2584 4131 2599 4166 :
2630 4112 2697 4166 Et
2736 4112 2997 4181 plantavit
3029 4110 3281 4163 Dominus
3314 4107 3451 4161 Deus
3484 4107 3801 4176 paradisum

2219 4210 2273 4261 in
2306 4207 2469 4261 Edam
2497 4206 2566 4259 ad
2594 4207 2881 4269 orientem,
2918 4212 2967 4256 et
2997 4203 3166 4272 posuit
3208 4199 3320 4253 illic
3351 4200 3613 4253 hominem
3645 4215 3801 4268 quem

1367 4302 1591 4372 quidem
1665 4300 1864 4354 merito
1945 4300 2112 4353 etiam
2149 4302 2190 4357 D
2220 4297 2359 4367 fecit.
2406 4297 2475 4351 Et
2515 4296 2913 4365 interpretatur
2959 4294 3182 4363 quidem
3241 4291 3428 4355 Edem,
3472 4294 3803 4360 ignoscentias

1368 4395 1715 4466 appellantur
1764 4391 1978 4462 Ophitm
1993 4433 2007 4453 ,
2063 4392 2118 4445 id

1367 4499 1470 4556 est,
1585 4486 2121 4555 Serpentini.Mani-

1369 4580 1506 4635 chrei
1530 4588 1716 4634 autem
1748 4579 1910 4633 simul
1936 4588 1991 4633 et
2014 4577 2119 4633 viri

1368 4686 1425 4732 et
1442 4677 1706 4731 mulieres
1732 4674 1868 4730 nudi
1894 4691 2122 4744 congre—

1370 4776 1569 4840 gantur
1604 4770 1659 4823 in
1709 4769 1825 4823 suis
1869 4768 2120 4823 ecclesiis

1371 4862 1437 4915 ad
1501 4860 1860 4916 imitationem
1925 4858 2119 4915 Adami

1371 4963 1425 5008 et
1454 4955 1598 5010 Eva}.

628 5038 729 5094 Alii
763 5048 945 5094 autem
981 5041 1277 5103 increatam
1327 5044 1467 5114 ignis
1498 5045 1801 5103 adorarunt
1842 5055 2120 5108 naturam.

554 5137 847 5199 prepterea
878 5133 1023 5199 quod
1050 5134 1198 5191 nulla
1226 5135 1494 5192 inferatur
1518 5137 1661 5207 ignis
1688 5138 1896 5193 mentio
1919 5138 1975 5191 in
2001 5136 2123 5191 uni-

554 5228 714 5273 versa
757 5233 851 5273 sex
885 5220 1097 5276 dierum
1142 5224 1439 5280 creatione.
1468 5226 1575 5285 Alii
1603 5242 1800 5296 aquam
1832 5228 2124 5281 coluerunt

557 5318 816 5378 tanquam
864 5311 1179 5381 increatam,
1222 5317 1482 5386 quoniam
1529 5334 1636 5372 non
1682 5319 1948 5387 scriptum
1978 5327 2062 5371 est
2106 5335 2118 5370 :

628 5446 648 5475 ³
678 5444 721 5498 ll
756 5442 982 5510 Comm,
1020 5447 1133 5504 2-4.
1209 5449 1229 5481 ⁸
1265 5453 1280 5506 l
1314 5452 1453 5505 Tim.
1492 5469 1565 5518 vt,
1603 5452 1686 5505 l6.

636 5558 710 5624 ιι)
741 5555 796 5609 S.
840 5556 1046 5615 Joann.
1072 5563 1463 5631 Damasr.,loco
1497 5568 1585 5618 rit.

2217 4398 2312 4443 aut
2340 4388 2760 4459 sanguinolenta:
2793 4388 3012 4440 deliciw.
3061 4386 3131 4440 Ut
3172 4392 3357 4440 autem
3398 4383 3535 4437 dicit
3584 4383 3808 4451 priscos

2214 4484 2455 4546 Judteus,
2474 4484 2642 4539 Edent
2665 4484 3081 4551 interpretatur,
3104 4480 3454 4553 inﬂammatio
3475 4479 3763 4532 carbonum
3784 4493 3805 4529 :

2217 4576 2364 4645 quod
2390 4577 2615 4645 quidem
2646 4574 2943 4629 admodum
2988 4582 3112 4643 apte
3144 4572 3279 4627 dicit
3310 4574 3566 4626 convenit
3597 4569 3666 4622 de
3701 4583 3805 4638 pa-

2217 4668 2400 4723 radiso
2444 4668 2739 4737 spirituali,
2774 4675 2829 4721 et
2871 4667 3115 4722 materiae
3163 4673 3408 4734 experte,
3440 4670 3496 4717 et
3529 4661 3805 4730 angelico,

2219 4766 2277 4812 et
2298 4757 2624 4826 intelligenti
2658 4774 2670 4810 :
2706 4756 2809 4821 Qui
2843 4756 2969 4825 facit
2994 4755 3165 4818 enim,
3196 4751 3397 4820 inquit,
3429 4750 3647 4819 angelos
3682 4765 3811 4802 suos

2221 4849 2459 4919 spiritus,
2493 4855 2543 4901 et
2568 4848 2834 4901 ministros
2877 4847 2990 4917 ejus
3027 4848 3305 4916 ﬂammam
3338 4842 3474 4912 ignis
3502 4842 3546 4895 ⁸.
3576 4839 3657 4893 Ad
3689 4844 3808 4908 spi-

2221 4945 2438 5001 ritualis
2466 4953 2648 4998 autem
2692 4943 2930 5013 paradisi
2961 4942 3314 4996 rationem'se
3342 4937 3578 4994 maxime
3603 4936 3808 4992 contir—

2224 5047 2450 5095 marunl
2474 5036 2834 5107 interpretes,
2856 5035 3194 5089 adducentes
3217 5040 3409 5087 testem
3428 5029 3811 5087 Ezechielem.

2222 5139 2277 5185 et
2310 5131 2477 5187 Deum
2506 5129 2599 5201 qui
2632 5129 2687 5183 in
2722 5128 2842 5197 ipso
2872 5126 3223 5196 loquebatur,
3261 5122 3357 5178 ubi
3400 5122 3618 5176 videtur
3660 5121 3818 5174 Deus

2223 5225 2384 5279 nobis
2407 5224 2747 5295 aenigmatice
2772 5223 3036 5288 revelare,
3065 5220 3211 5291 apud
3239 5220 3416 5289 ipsum
3451 5216 3816 5287 prophetam,

2224 5315 2428 5371 diaboli
2458 5328 2488 5370 e
2526 5315 2665 5370 coelo
2700 5330 2910 5379 casum,
2945 5314 3026 5369 sic
3057 5312 3282 5368 dicens:
3313 5309 3381 5364 Et
3412 5316 3491 5370 tu,
3523 5307 3606 5375 fili
3635 5307 3822 5359 homi-

1765 5452 1783 5483 ⁵
1831 5450 1973 5505 Psal.
2005 5466 2114 5513 cm,
2144 5448 2232 5514 l6,
2269 5449 2353 5503 18.
2431 5448 2450 5479 ⁶
2484 5447 2619 5502 ibid.
2655 5447 2709 5502 4.
