4056 6148
280 189 385 251 965

1347 197 1427 256 ΙΝ
1462 196 2094 257 HEXAEMERON.—
2123 197 2269 257 LIB.
2314 196 2449 257 VII.

3434 198 3541 267 966

279 304 381 363 nis,
432 303 608 371 accipe
662 303 1092 359 lamentationem
1118 323 1273 377 super
1311 310 1598 379 principem
1639 310 1779 380 Tyri,
1816 319 1864 363 et
1898 317 1938 369 Α
1972 307 2176 361 bonum
2206 306 2643 364 Cherubicorum
2675 308 2729 361 in
2767 312 2965 362 terram
3008 319 3090 364 est
3135 314 3415 382 projectus
3444 317 3550 372 iste

275 396 360 447 dic
394 396 442 447 ei
468 411 486 448 :
511 394 633 448 lIwc
672 397 796 449 dicit
816 396 1067 451 Dominus
1095 415 1112 453 :
1147 398 1220 452 Tu
1250 400 1582 469 signaculum
1617 402 1864 455 similitu-

274 484 413 538 dinis
455 494 504 538 et
543 500 738 538 corona
781 485 1184 556 pulchritudinis
1205 492 1260 543 in
1283 489 1479 544 deliciis
1512 492 1749 561 paradisi
1774 492 1866 546 Dei

273 584 555 644 generatus
586 592 638 628 es
673 578 716 629 ".
755 577 884 632 Erat
947 580 1094 632 enim
1158 580 1360 649 impius
1417 584 1678 652 princeps
1735 584 1862 654 Tyri

271 674 329 719 et
372 665 659 720 idololatra
697 667 754 720 iu
794 668 993 723 diebus
1028 670 1334 726 Ezechielis
1377 674 1677 743 prophetae.
1724 676 1863 729 Dicit

271 757 421 811 enim
455 757 634 826 ipsum
667 759 975 829 principem
1011 762 1265 815 indutum
1301 764 1592 819 duodecim
1630 767 1861 836 insigni-

271 848 379 903 bus
408 850 671 919 pretiosis
700 850 996 920 lapidibus,
1028 864 1296 922 potestate
1320 857 1461 910 forte
1490 856 1856 927 super-uarum

267 944 564 997 virtutum.
615 944 682 998 Et
734 946 919 999 statim
972 957 1096 1015 post
1135 947 1523 1001 indumentum
1579 949 1855 1018 lapidum.

270 1037 577 1106 subjungit,
615 1036 806 1091 dicens
836 1055 848 1089 :
879 1038 921 1091 Α
953 1055 1053 1108 quo
1082 1039 1166 1092 die
1194 1047 1401 1093 creatus
1427 1055 1479 1092 es
1512 1056 1627 1093 cum
1661 1040 1857 1095 Curru.

268 1127 396 1191 bim,
426 1127 546 1180 dedi
574 1137 622 1179 te
645 1128 697 1181 in
731 1137 906 1182 monte
933 1139 1115 1182 sancto
1146 1128 1241 1183 Dei
1270 1129 1313 1190 ⁸,
1342 1130 1446 1183 hoc
1477 1140 1560 1185 est
1597 1132 1650 1185 in
1694 1134 1855 1187 cutio.

269 1217 365 1272 Sic
393 1220 539 1273 enim
574 1219 711 1274 dicit
739 1231 1145 1291 consequenter
1173 1239 1186 1275 ε
1216 1221 1381 1276 Fuisti
1422 1224 1477 1276 in
1514 1224 1683 1277 medio
1720 1223 1856 1293 lapi-

267 1313 396 1368 dum
437 1315 712 1385 igneorum
752 1318 796 1380 ',
832 1332 1029 1386 nempe
1061 1318 1457 1373 liannnantium
1493 1322 1611 1389 ejus
1648 1321 1853 1374 intelli-

267 1405 517 1472 gentium
551 1405 850 1468 Virtutum,
882 1406 1279 1461 convenienter
1316 1410 1364 1464 ei
1408 1412 1499 1479 qui
1540 1411 1718 1465 dicit:
1750 1411 1853 1476 Qui

268 1493 400 1562 facit
447 1496 661 1566 angelos
704 1499 951 1566 spiritus.
998 1508 1046 1552 et
1093 1502 1358 1555 ministros
1408 1518 1528 1555 suos
1575 1506 1849 1573 ﬂmnmam

265 1587 428 1655 ignis.
456 1586 757 1642 Audiamus
786 1597 841 1641 et
871 1606 991 1658 quze
1019 1591 1282 1661 deinceps
1306 1603 1614 1661 sequuntur
1643 1613 1655 1647 :
1682 1597 1723 1649 Α
1748 1613 1848 1665 quo

264 1679 354 1730 die
394 1688 600 1733 creatus
644 1697 715 1745 es,
753 1699 1017 1752 quousque
1050 1686 1274 1739 inventa:
1304 1696 1423 1739 sunt
1459 1688 1765 1758 iniquitates
1795 1692 1847 1742 in

265 1777 319 1820 te
353 1769 417 1821 ⁸⁸.
456 1769 580 1825 [hec
622 1774 845 1841 proprie
894 1774 947 1827 in
977 1775 1258 1829 diabolum
1308 1777 1452 1831 dicta
1485 1793 1613 1833 sunt
1642 1798 1670 1834 a
1700 1781 1843 1846 Deo;

259 1874 548 1929 nunquam
594 1863 739 1917 enim
783 1864 857 1917 ita
898 1866 1032 1919 vixit
1065 1867 1324 1937 princeps
1357 1870 1483 1940 Tyri
1524 1880 1581 1925 ut
1625 1874 1675 1925 in
1721 1889 1845 1928 cum

259 1966 377 2002 non
420 1951 643 2007 caderet
683 1954 803 2008 vitii
851 1955 1003 2010 labes
1050 1966 1106 2012 et
1140 1960 1288 2029 justa
1321 1963 1699 2031 reprehensio.
1751 1966 1844 2020 lllc

257 2040 410 2092 enim
444 2051 563 2096 erat
595 2043 816 2113 impius,
852 2055 906 2100 et
931 2046 1075 2102 filius
1108 2049 1404 2118 impiorum
1450 2062 1533 2106 est
1569 2064 1840 2111 mortuus.

258 2130 372 2184 Sed
408 2148 509 2187 nec
546 2133 650 2188 fuit
678 2135 733 2190 in
760 2138 940 2191 medio
968 2141 1265 2196 carbonum
1292 2155 1346 2197 et
1372 2145 1613 2215 lapidum
1652 2149 1841 2220 igneo-

253 2238 409 2281 rum.
442 2225 587 2280 sicut
629 2228 941 2284 audivimus
968 2231 1036 2286 dc
1068 2234 1317 2304 principe
1347 2236 1509 2305 hujus
1538 2234 1741 2293 saeculi.
1776 2241 1842 2295 Et

250 2310 548 2385 subiungit
573 2316 717 2371 Deus
745 2318 813 2372 de
848 2334 915 2374 eo
943 2320 1135 2377 dicens
1161 2343 1173 2376 :
1201 2324 1241 2379 Α
1275 2325 1612 2381 multitudine
1642 2347 1842 2385 merca-

246 2413 397 2457 tura:
428 2405 505 2469 “;
543 2408 787 2481 intellige
837 2414 1249 2469 multitudinem
1303 2418 1635 2486 cognitionis
1666 2430 1720 2473 et
1754 2437 1840 2475 sa-

228 2495 502 2566 pientiae,
531 2515 694 2569 quam
723 2514 883 2559 antea
914 2515 1172 2576 tanquam
1209 2524 1456 2561 summus
1501 2511 1757 2580 princeps
1783 2522 1838 2566 et

244 2584 373 2639 dux
405 2590 681 2645 exercitus
706 2594 1033 2661 possidebat
1078 2597 1351 2651 diabolus.
1404 2601 1505 2653 Per
1536 2618 1696 2671 quam
1741 2620 1837 2658 co-

242 2677 560 2747 gnitionem
588 2683 772 2753 lapsus
793 2686 849 2740 in
884 2688 1196 2757 superbiam
1224 2691 1301 2744 sic
1326 2693 1583 2761 cogitavit
1605 2694 1793 2749 dicens
1820 2713 1831 2748 :

242 2769 466 2824 Ponant
501 2774 743 2829 thronum
793 2794 965 2833 meum
1006 2798 1163 2851 super
1206 2784 1393 2843 nubes,
1433 2793 1481 2836 et
1528 2802 1618 2838 ero
1644 2788 1834 2841 similis

242 2860 526 2915 Altissimo
554 2864 617 2918 “.
646 2864 1011 2932 Quamobrem
1043 2885 1234 2924 rursus
1265 2872 1317 2924 in
1345 2887 1469 2925 cum
1504 2876 1833 2931 vociferatur

241 2968 357 3021 per
383 2954 550 3009 verba
579 2972 701 3025 qua:
737 2972 1152 3029 consequuntur
1176 2963 1428 3017 Ezechiel
1454 2974 1508 3018 et
1542 2956 1715 3031 'Deus,
1745 2968 1831 3021 (Ιὶ-
1861 3000 1899 3049 C

241 3059 386 3098 cens
412 3062 424 3096 :
447 3045 514 3100 Et
540 3052 783 3117 peccasti,
809 3060 854 3103 ct
875 3054 1139 3107 sauciatus
1163 3072 1214 3107 es
1240 3073 1271 3107 a
1300 3065 1475 3109 monte
1502 3057 1596 3111 Dei
1630 3058 1701 3123 ‘3;
1732 3061 1834 3114 hoc

228 3143 342 3190 est
383 3134 630 3206 dejectus
660 3155 722 3194 es
754 3141 822 3195 ab
866 3143 1155 3197 altitudine
1201 3146 1295 3198 Dei
1348 3126 1494 3210 coeli,
1549 3148 1653 3201 hoc
1686 3150 1831 3202 enim

238 3235 439 3289 statim
483 3234 664 3289 innuit
706 3236 1042 3308 subjungeus
1067 3258 1078 3292 :
1106 3240 1173 3294 Et
1205 3242 1425 3296 adduxit
1461 3254 1511 3295 te
1554 3242 1832 3299 Cherubin:

236 3345 314 3382 ea:
349 3327 607 3398 lapidibus
641 3333 805 3401 igneis
840 3333 902 3385 ⁸³.
932 3333 1060 3386 Mihi
1089 3334 1307 3387 videtur
1336 3335 1484 3403 quod
1534 3336 1678 3390 Deus
1710 3338 1830 3407 jus-

235 3416 388 3471 serit
412 3419 574 3473 alicui
611 3424 1064 3490 praestantissimo
1094 3433 1149 3478 et
1189 3425 1734 3494 magnificentissimo
1764 3443 1831 3482 ex

232 3513 571 3581 Cherubim,
597 3531 657 3572 ut
686 3535 839 3573 reum
864 3521 1138 3590 accipiens
1160 3522 1437 3576 diabolum
1462 3524 1527 3577 de
1551 3540 1615 3577 eo
1639 3539 1827 3592 pinnas

235 3608 658 3676 sumeret:qui
701 3624 827 3662 eum
878 3611 1068 3664 eduxit
1113 3626 1144 3664 e
1188 3612 1369 3663 medio
1400 3612 1827 3681 intelligentium

223 3695 629 3760 exercituum,
672 3705 728 3752 et
761 3714 887 3752 eum
939 3700 1136 3768 dejeeit
1181 3717 1211 3754 e
1261 3703 1420 3756 coelo.
1462 3703 1825 3767 Quamobrem

228 3790 469 3846 dicebat
492 3790 747 3859 Christus
778 3811 791 3846 :
830 3793 940 3847 Vidi
974 3794 1235 3850 Stitanam
1271 3797 1542 3849 callentem
1570 3807 1824 3864 tanquam

232 3882 429 3952 fulgur
460 3898 487 3935 e
531 3882 656 3936 caelo
690 3884 752 3936 ¹⁵.
786 3884 1087 3939 Audiamus
1114 3886 1278 3940 etiam
1315 3904 1435 3954 qua:
1466 3900 1777 3955 sequuntur
1807 3906 1821 3942 :

230 3972 383 4029 dicit
414 3973 561 4027 enim
589 3973 851 4045 deinceps
876 3986 931 4029 et
967 3988 1370 4045 consequenter
1399 3996 1410 4029 :
1439 3977 1716 4031 Sublatum
1749 3988 1825 4031 cst

229 4080 332 4118 cor
365 4072 517 4117 tuum
542 4074 754 4135 propter
782 4068 1221 4135 pulchritudinem
1255 4074 1437 4133 tuam;
1462 4077 1710 4138 corrupta
1750 4078 1824 4121 est

228 4156 460 4210 scientia
493 4164 585 4210 tua
619 4174 736 4210 cum
766 4156 1152 4226 pulchritudine
1190 4168 1281 4211 tua
1331 4159 1394 4211 ⁸⁸.
1445 4159 1821 4213 Pulchritudi-

227 4260 368 4301 nem
417 4245 587 4311 enim,
642 4246 828 4302 forma:
878 4248 1011 4303 dicit
1057 4249 1462 4311 excellentiam,
1512 4266 1619 4318 qua
1668 4250 1820 4318 prius

1968 399 2061 468 qui
2086 399 2292 453 dicitur
2322 398 2578 467 princeps
2603 398 2727 468 Tyri
2758 400 2963 470 :Tyrus
2985 411 3168 456 autem
3194 403 3380 459 Greece
3405 407 3546 462 dici-

1967 500 2058 545 tur
2088 492 2285 560 xpa'tre;
2317 490 2412 542 καὶ
2455 491 2600 559 ὄρος,
2643 489 2695 543 id
2743 500 2829 543 est
2858 494 3093 560 potentia
3140 500 3187 545 et
3225 511 3393 548 mons.
3425 496 3547 561 Quo

1965 583 2026 636 tit
2074 593 2132 635 ut
2163 583 2291 635 hinc
2324 597 2390 635 ex
2425 581 2492 633 iis
2524 597 2647 649 qua:
2686 581 2833 635 dicta
2868 593 2994 636 sunt
3022 583 3319 648 Ezechieli,
3354 596 3544 655 aperte

1963 673 2129 728 liceat
2168 688 2499 742 cognoscere
2554 671 2700 741 quod
2729 687 2920 727 omnes
2945 674 3134 729 Patres
3159 676 3252 745 qui
3284 676 3544 732 dixerunt

1962 779 2086 818 cum
2122 763 2309 817 sensili
2340 778 2459 817 esse
2486 762 2723 830 aliquem
2758 763 3073 831 paradisum
3115 766 3455 833 spiritualem
3486 777 3543 822 et

1960 853 2105 925 ligna
2131 855 2458 924 spiritualia,
2495 854 2547 907 id
2579 853 2837 907 dixerunt
2872 864 3167 923 sequentes
3192 856 3376 911 divina
3421 860 3543 929 ejus

1962 949 2246 1016 prOphetae
2286 947 2453 1001 verba
2491 964 2502 997 :
2536 961 2603 998 ex
2636 944 2837 1014 quibus
2869 956 2998 999 sunt
3030 947 3195 1001 etiam
3241 951 3537 1019 sapientis-

1962 1038 2085 1093 simi
2134 1038 2407 1109 Gregorii,
2455 1037 2548 1106 qui
2582 1037 2773 1090 dicuut
2814 1037 3033 1105 plantas
3079 1055 3200 1093 esse
3248 1042 3533 1110 quasdam,

1960 1132 2475 1200 contemplationes,
2508 1140 2568 1183 ut
2600 1130 2755 1198 ponit
2780 1144 2972 1183 eorum
3009 1131 3174 1201 895
3202 1136 3540 1204 contempla»

1957 1222 2055 1277 tio.
2102 1222 2362 1289 Quaenam
2408 1230 2592 1276 autem
2623 1228 2744 1274 erat
2778 1219 3030 1291 Gregorii
3065 1224 3366 1292 spiritualis
3399 1242 3534 1281 con-
3586 1213 3589 1218 ’

1958 1317 2261 1385 templatio,
2305 1315 2410 1370 nisi
2443 1316 2534 1368 illa
2580 1312 2820 1381 Spiritus
2862 1315 3035 1368 sancti
3067 1317 3428 1371 illuminatio?
3457 1318 3535 1372 De

1955 1424 2062 1477 qua
2111 1407 2575 1476 contemplatione
2611 1405 2747 1458 dicit
2789 1404 3053 1460 Dominus
3094 1425 3108 1459 :
3146 1408 3297 1462 Beati
3340 1414 3534 1463 mundo

1953 1499 2130 1562 corde,
2157 1500 2405 1568 quoniam
2445 1498 2545 1567 ipsi
2568 1495 2736 1548 Deum
2763 1492 3006 1548 videbunt
3043 1497 3105 1550 ".

2028 1588 2091 1639 ’0
2101 1605 2164 1657 ρα
2183 1589 2289 1657 γὰρ
2307 1588 2387 1639 ὅτι
2406 1587 2502 1655 οὐχ
2520 1584 2706 1644 ἁπλῶς

1952 1680 2278 1750 παράδεισος
2306 1680 2522 1747 λέγεται
2550 1679 2705 1740 οὗτος

1950 1774 1979 1826 ὁ
2036 1773 2187 1844 παρὰ
2250 1772 2329 1841 τῷ
2394 1774 2700 1841 προφήτῃ,

1948 1864 2083 1919 ἀλλὰ
2108 1865 2432 1933 παράδεισος
2457 1862 2610 1915 Θεοῦ.
2648 1862 2703 1915 ’0

1946 1955 2002 2009 δὲ
2022 1954 2312 2017 Μωσαῖκὸς
2344 1952 2697 2022 παράδεισος,

1945 2047 2007 2098 οὐ
2037 2046 2338 2114 θεὼνυμος,
2364 2044 2476 2097 ἀλλ’
2511 2043 2699 2106 ἁπλῶς

1945 2139 2289 2208 παράδεισος.
2332 2137 2492 2190 Ὅθεν
2532 2141 2625 2188 καὶ
2669 2137 2698 2189 ὁ

1945 2229 2088 2281 κατὰ
2106 2230 2279 2282 πάντα
2300 2227 2440 2290 θεῖος
2467 2229 2517 2279 Ἀ
2531 2226 2697 2298 p.696-

1944 2340 2096 2385 σιος,
2155 2322 2251 2374 καὶ
2327 2322 2609 2383 Ίουστῖνος
2666 2323 2694 2375 ὁ

1942 2415 2238 2484 Osci-qum;
2318 2417 2565 2485 μάρτυς,
2636 2416 2693 2467 ὲν

1938 2510 2051 2569 τοῖς
2100 2509 2178 2569 εἰς
2217 2508 2315 2575 τὴν
2359 2506 2694 2574 Ἑξαήμερον

1940 2599 2119 2651 αὐτῶν
2199 2599 2552 2667 ὑπομνήμασι
2623 2597 2689 2650 τὰ

1942 2688 2072 2758 περὶ
2108 2689 2437 2759 παραδείσου
2467 2686 2689 2750 διεξιόν·

1935 2800 2047 2846 τίς,
2084 2784 2221 2852 μετὰ
2264 2788 2325 2835 τό
2360 2786 2533 2835 εἰπεῖν
2561 2785 2689 2851 περὶ

1934 2877 2042 2927 τῶν
2114 2875 2389 2944 αἰσθητῶν
2454 2875 2686 2944 δένδρων

1938 2968 2030 3018 καὶ
2051 2966 2277 3025 ὑδάτων.
2304 2966 2397 3019 καὶ
2424 2967 2686 3033 γηγενοῦς

1938 3060 2264 3128 παραδείσου
2285 3060 2606 3129 παρήγαγον
2628 3059 2684 3110 ἐν

1940 3149 2087 3217 μέσῳ
2118 3149 2183 3200 τὰ
2218 3147 2557 3218 προκείμενα
2591 3147 2685 3200 τοῦ

1936 3242 2079 3294 θείου
2121 3240 2378 3310 Ἰεζεκιὴλ
2413 3241 2541 3310 περὶ
2580 3258 2683 3294 πα-

1938 3335 2182 3404 ραδ;ίσου
2216 3335 2470 3403 οὐρανίου
2509 3335 2687 3404 ῥήμα-

1931 3445 2032 3489 τα,
2067 3430 2161 3480 καὶ
2202 3428 2400 3497 πολλὴν
2445 3428 2688 3490 ἐξέτασιν

1932 3518 2026 3567 καὶ
2083 3516 2315 3585 θεωρίαν
2370 3514 2572 3581 λεπτὴν
2628 3517 2685 3565 ἐν

1932 3607 2115 3668 αὐτοῖς
2139 3607 2523 3669 διεξελθόντες,
2549 3606 2682 3671 ἐπή-

1929 3714 2095 3764 γαγον
2137 3698 2404 3764 λέγοντες,
2448 3697 2522 3757 ὡς
2560 3696 2678 3748 αῖσ-

1928 3788 2110 3857 χισῑὸν
2151 3803 2209 3837 τε
2260 3786 2351 3838 καὶ
2390 3785 2676 3852 θεοστυγὲς

1926 3877 1985 3928 τὸ
2009 3878 2256 3944 φάσκειν,
2293 3875 2324 3945 ἦ
2350 3876 2408 3927 τὸ
2431 3875 2563 3935 ait»;
2598 3876 2674 3937 εὶς

1925 3967 2135 4019 ἔννοιαν
2194 3966 2379 4018 λαϐεῖν
2423 3966 2521 4033 τὴν
2575 3983 2673 4032 μα.

1926 4063 2122 4129 κχρίαν
2149 4080 2204 4113 τε
2243 4061 2337 4111 καὶ
2367 4077 2675 4131 προσκυνηο

1921 4155 2019 4223 τὴν
2051 4152 2143 4204 τοῦ
2176 4151 2310 4204 Θεοῦ
2340 4152 2511 4218 Λόγου
2555 4151 2669 4203 θεό-

1922 4261 2058 4311 τῃτα
2082 4245 2176 4296 σὺν
2194 4241 2270 4311 τῷ
2290 4241 2483 4309 δικαίῳ
2504 4241 2670 4312 λῃστῇ

229 4346 506 4405 tanquam
560 4337 755 4407 igneus
802 4347 859 4392 et
909 4339 1138 4403 lucifer,
1188 4339 1473 4393 fruebatur
1528 4339 1816 4405 diabolus,

1961 4336 2003 4395 [ς
2037 4333 2261 4403 ρευστόν
2287 4349 2342 4384 τε
2369 4334 2460 4384 καὶ
2492 4331 2672 4382 ὑλικὸν

223 4426 530 4489 scientiam
580 4438 762 4484 autem
804 4445 1078 4499 magnam,
1122 4431 1489 4499 Cognitionem
1524 4431 1817 4501 mysterio-

224 4532 359 4572 rum
391 4527 449 4571 et
479 4518 781 4588 sapientiae.
815 4520 914 4576 Hic
957 4522 1141 4591 itaque
1188 4523 1453 4578 discimus
1514 4524 1659 4594 quod
1704 4524 1819 4577 ele-

222 4610 437 4680 gantia
464 4618 521 4666 et
549 4610 767 4665 decoris
790 4612 1139 4681 splendorem
1165 4630 1324 4683 quem
1359 4616 1511 4684 prius
1542 4615 1818 4671 habebant

223 4700 518 4756 damones
539 4708 596 4755 et
622 4716 814 4755 eorum
846 4702 1118 4770 princeps,
1147 4718 1490 4773 nequaquam
1525 4705 1689 4760 hodie
1721 4706 1818 4761 ha-

220 4794 390 4849 bent.
422 4793 493 4849 Et
534 4809 713 4863 neque
742 4795 987 4865 priorem
1031 4797 1235 4854 habent
1277 4801 1598 4869 sapientiam
1632 4809 1688 4856 et
1717 4817 1813 4855 co-

217 4884 562 4955 gnitionem.
624 4885 766 4941 Audi
817 4889 927 4957 jam
996 4890 1117 4959 ejus
1190 4892 1520 4959 praeclarum
1577 4893 1813 4963 desuper

214 4992 425 5033 casum
469 4993 538 5032 ex
576 4979 671 5033 illo
714 4979 811 5033 Dei
850 4982 1115 5049 paradiso
1153 4980 1499 5046 deliciarum,
1536 4994 1592 5039 et
1627 4996 1812 5041 monte

211 5068 484 5133 caelesti;
526 5070 612 5123 sic
642 5070 789 5124 enim
835 5071 971 5127 dicit
1002 5074 1058 5127 in
1082 5074 1149 5129 iis
1184 5089 1307 5144 qua:
1348 5085 1766 5143 consequuntur
1796 5093 1810 5130 :

208 5159 461 5228 Propter
491 5160 885 5216 multitudinem
929 5176 1260 5234 peccatorum
1292 5173 1503 5218 tuorum
1532 5169 1728 5236 projeci
1768 5177 1816 5222 te

206 5253 271 5305 in
319 5259 531 5305 terram
562 5254 622 5304 ⁸⁷.
662 5253 803 5309 Ecce
833 5265 1019 5325 aperte
1052 5257 1365 5312 audivimus
1391 5257 1538 5326 quod
1569 5274 1635 5312 ex
1680 5274 1816 5328 quo-

205 5343 356 5396 dam
398 5344 617 5398 excelso
646 5347 902 5414 paradiso
934 5348 1255 5404 deliciarum
1289 5357 1345 5403 et
1377 5349 1661 5418 igucorum
1693 5366 1814 5405 car-

318 5477 345 5509 "
378 5476 582 5531 Ezech.
612 5494 796 5541 xxvnt,
828 5480 912 5543 12,
946 5481 1040 5534 15.
1134 5482 1156 5514 ⁸
1185 5482 1318 5537 ibid.
1356 5485 1439 5538 Μ.
1543 5486 1563 5516 ⁹
1596 5483 1731 5537 ibid.

202 5562 417 5603 vam.
460 5547 546 5600 16.
628 5548 670 5578 ¹δ
712 5550 843 5603 ibid.
925 5552 966 5582 ³³
1000 5551 1130 5604 Luc.
1175 5553 1343 5615 x,18.

285 5641 376 5700 (ι)
403 5638 458 5692 S.
484 5637 680 5693 Joann.
715 5639 961 5694 Damasc.
993 5640 1102 5693 loco
1129 5642 1217 5693 cit.

1842 5484 1884 5515 ¹⁰
1920 5482 2053 5537 ibid.
2104 5484 2190 5536 15.

1445 5555 1487 5584 ’⁸
1520 5554 1718 5607 Ezech.
1755 5569 1937 5617 xxvut,
1980 5553 2063 5605 l7.

1919 4425 2240 4495 παράδεισον
2264 4423 2528 4477 εἰσελθεῖν
2556 4423 2609 4491 (1
2630 4424 2668 4490 ).

1987 4704 2100 4757 Καὶ
2144 4704 2228 4766 τίς
2280 4704 2429 4768 ἄξιος
2480 4704 2669 4774 μισθὸς

1918 4796 2016 4864 τῆς
2058 4793 2262 4860 σεπτῆς
2309 4793 2527 4863 ἐκείνης
2577 4796 2671 4848 καὶ

1921 4885 2262 4956 θεοπρεποῦς
2337 4887 2629 4956 ὁμολογίας
2651 4929 2665 4953 .

1923 4977 2120 5048 ροῐκῶν
2144 4977 2241 5029 καὶ
2263 4977 2557 5049 ὁπωρικῶν
2579 4980 2670 5033 καὶ

1921 5070 2207 5138 σταφυλῶν
2232 5109 2247 5133 ,
2331 5072 2425 5124 καὶ
2506 5073 2669 5127 σῦκον

1916 5166 2277 5236 ἐφθαρμένων
2344 5166 2547 5236 βρῶσιν
2596 5170 2669 5231 ὡς

1919 5257 2109 5325 μισθὸν
2134 5257 2554 5310 ἁνταποδοῦνται
2590 5259 2668 5329 τῷ

1914 5348 2127 5420 inuti];
2188 5346 2283 5410 Τίς
2341 5346 2397 5399 δὲ
2458 5348 2661 5415 πάλιν,

2269 5485 2307 5515 ¹¹
2346 5482 2480 5535 ibid.
2518 5482 2600 5533 Ili.

2144 5555 2184 5584 ¹⁷
2220 5552 2353 5606 ibid.
2392 5552 2479 5604 18.

2684 5484 2725 5512 ¹¹
2760 5482 2861 5534 isa.
2896 5497 3003 5543 xlv,
3042 5481 3124 5533 Η.

2561 5551 2601 5582 ⁸⁸
2628 5551 2814 5604 Matth.
2846 5565 2897 5613 v,
2932 5550 2981 5602 8.

2848 1585 2986 1639 Vide
3038 1588 3185 1641 enim
3232 1588 3378 1657 quod
3420 1605 3529 1645 non

2777 1677 3027 1733 absolute
3059 1681 3264 1734 dicitur
3305 1683 3524 1750 paradi-

2776 1786 2889 1829 sus.
2927 1774 2973 1827 is
2993 1774 3087 1842 qui
3114 1785 3199 1826 est
3224 1774 3369 1843 apud
3397 1791 3527 1844 pro-

2777 1861 3030 1929 pbetam;
3081 1864 3177 1917 sed
3233 1865 3526 1934 paradisus

2773 1954 2891 2007 Dei.
2919 1954 3190 2009 Mosaicus
3212 1966 3395 2010 autem
3422 1970 3523 2026 pa-

2773 2045 2986 2099 radisus
3021 2062 3133 2100 non
3168 2055 3253 2100 est
3283 2047 3523 2116 scriptus

2770 2154 2835 2192 ex
2881 2139 2975 2192 Dei
3011 2141 3255 2204 nomine,
3293 2140 3389 2194 sed
3419 2139 3520 2194 ab-

2769 2234 2948 2287 solute
3000 2235 3311 2303 paradisus.
3364 2235 3520 2292 Unde

2768 2326 2936 2377 etiam
2968 2325 3193 2379 divinus
3235 2326 3290 2379 in
3325 2328 3519 2381 omni-

2770 2414 2873 2468 bus
2900 2415 3244 2477 Anibrosius,
3267 2425 3323 2469 et
3344 2415 3519 2471 Justi—

2766 2525 2873 2567 nus
2895 2521 3100 2580 martyr
3133 2527 3164 2564 a
3197 2512 3307 2564 Deo
3340 2510 3516 2581 inspi~

2765 2607 2945 2663 ratus,
2978 2600 3031 2653 in
3061 2601 3178 2655 suis
3214 2601 3267 2654 in
3302 2599 3517 2655 Hexae-

2765 2707 2956 2745 meron
2986 2693 3417 2759 commentariis,
3450 2708 3515 2747 ea

2762 2796 3161 2855 persequentes
3207 2802 3330 2854 quae
3366 2786 3510 2841 dicta

2764 2886 2892 2931 sunt
2927 2879 2994 2932 de
3034 2878 3321 2946 paradiso,
3360 2888 3513 2947 post-

2762 2987 2925 3038 quam
2956 2971 3215 3025 dixerunt
3245 2972 3311 3025 de
3337 2971 3515 3024 sensi-

2759 3064 2906 3117 libus
2938 3064 3235 3117 arboribus
3259 3073 3316 3117 et
3351 3063 3507 3131 aquis

2758 3164 2814 3207 et
2840 3155 3142 3219 fructibus,
3175 3164 3223 3208 et
3256 3154 3510 3223 paradiso

2759 3260 2790 3298 e
2831 3257 2976 3300 terra
3009 3246 3216 3314 genito,
3244 3245 3296 3297 in
3328 3244 3511 3297 medio

2760 3336 3112 3390 adduxerunt
3132 3335 3411 3405 proposita
3429 3335 3511 3387 di-

2761 3428 2871 3480 vini
2910 3427 3216 3481 Ezechielis
3246 3426 3412 3478 verba
3440 3425 3508 3478 de

2758 3515 3015 3582 paradiso
3051 3514 3260 3568 cmlesti
3285 3530 3299 3577 ;
3331 3528 3507 3581 eaque

2757 3606 3070 3673 persecuti,
3130 3618 3380 3671 magnam
3449 3610 3506 3654 ct

2755 3691 3009 3744 subtilem
3035 3690 3102 3743 de
3134 3690 3200 3743 iis
3227 3688 3507 3742 examina-

2757 3782 2960 3834 tionem
2987 3789 3043 3833 et
3083 3779 3503 3847 contemplatio-

2753 3888 2875 3924 nem
2922 3873 3330 3941 subjuuxerunt
3353 3910 3367 3933 ,
3417 3870 3469 3924 di
3492 3900 3503 3912 -

2750 3971 2938 4015 centes
2984 3961 3128 4031 quod
3174 3963 3245 4015 sit
3299 3960 3500 4030 turpis-

2748 4054 2945 4107 simum
3000 4063 3057 4108 et
3096 4054 3208 4106 Deo
3258 4053 3496 4106 invisum

2748 4143 2933 4198 dicere
2960 4153 3056 4197 aut
3094 4143 3319 4196 omnino
3348 4143 3500 4212 cogi—

2749 4250 2865 4292 tare
2917 4240 3132 4292 beatam
3172 4245 3226 4290 et
3260 4237 3497 4290 adorana

2745 4332 2869 4386 dam
2901 4331 2995 4385 Dei
3035 4329 3198 4384 Verbi
3236 4329 3497 4383 divinita-

2747 4428 2855 4474 tem
2911 4435 3034 4473 cum
3080 4421 3231 4488 justo
3283 4419 3494 4472 latrone

2744 4510 2955 4579 ingredi
2982 4510 3037 4563 in
3064 4508 3271 4564 ﬂuxum
3302 4517 3359 4564 et
3381 4523 3496 4562 ma-

2745 4601 2988 4655 terialem
3015 4599 3350 4669 paradisum.

2814 4696 2880 4749 Et
2914 4709 3165 4764 quamam
3205 4702 3290 4748 est
3330 4693 3494 4763 digna

2742 4802 2957 4841 merces
2989 4787 3138 4840 illius
3164 4786 3492 4840 venerandae

2740 4891 2796 4937 et
2826 4899 2948 4953 qua:
2976 4883 3146 4938 Deum
3171 4882 3332 4936 decet
3359 4897 3492 4935 coa-

2740 4972 3028 5036 fessionis,
3078 4972 3349 5025 malorum
3394 4986 3491 5039 pu-

2738 5069 3018 5131 nieorum,
3050 5081 3336 5138 pyrorum,
3357 5081 3490 5117 uva-

2740 5180 2859 5219 rum
2886 5172 2945 5217 et
2976 5163 3176 5216 ficuum
3201 5169 3489 5227 corrupta-

2741 5273 2861 5310 rum
2952 5270 3153 5319 esum,
3228 5261 3484 5319 tanquam

2739 5347 3048 5404 mercedem
3075 5386 3088 5408 ,
3131 5343 3362 5398 reddere
3407 5343 3483 5393 la—

3205 5477 3247 5507 ¹³
3279 5472 3481 5528 Ezech.
