4056 6148
533 290 700 362 φασὶν
727 333 741 357 ,
795 291 921 345 νοῦν
974 290 1111 360 ἔχων
1169 289 1287 342 θεὸο

533 404 728 458 φρονα,
748 384 912 451 λέξει,
938 385 994 437 ὲν
1023 385 1287 438 σικυκλά-

533 499 647 544 τοις
676 482 930 550 ouandqu
956 480 1047 532 καὶ
1068 478 1286 531 πελέκει

535 570 969 640 χειμαζομένοις.
996 572 1075 629 εἰς
1095 571 1289 637 πτῆσιν

536 663 627 716 τὸν
651 662 1051 731 οὖρανοδρὸμον
1079 662 1287 714 Παῦλον

540 753 928 822 μετενεχθῆναι
960 769 972 782 ’
1027 754 1117 805 καὶ
1149 754 1291 822 ἅπερ

535 846 658 899 οὔτε
696 848 753 897 ὲν
788 844 863 914 τῷ
897 845 1133 914 δευτέρῳ
1166 846 1290 899 οὔτε

537 938 706 1008 τρίτῳ
764 936 1015 1006 οὐρανῷ,
1075 938 1288 1008 ἄρῤητα

541 1031 761 1102 ῥήματα
808 1022 971 1098 εὗρε,
1011 1030 1184 1082 ταῦτα
1233 1033 1289 1083 ἐν

542 1119 779 1190 ὑδροκόῳ
794 1118 926 1188 demi
936 1137 1001 1190 ρη
1014 1123 1187 1190 venri
1204 1139 1290 1190 μυ·

543 1211 967 1280 σταγωγηθῆναι
1000 1213 1057 1277 ἐξ
1092 1215 1295 1284 ἁχράν-

541 1301 636 1355 τοῦ
685 1305 776 1356 καὶ
827 1304 971 1356 θείου
1024 1306 1294 1376 στόματος

541 1392 777 1462 Χριστοῦ
812 1394 872 1464 (1
898 1394 915 1463 )
941 1411 956 1459 ;

1704 168 1786 229 -S.
1835 158 2234 225 ANASTASII
2292 160 2615 220 SINAITAZ

3691 168 3797 237 968

1364 288 1550 343 troni?
1588 286 1723 354 Quis
1774 297 1957 341 autem
1993 299 2113 337 rur-
2146 281 2189 336 A
2219 284 2441 353 quidem
2474 294 2599 354 apte
2629 282 2927 337 admodum
2973 285 3235 339 convcnit
3266 285 3322 338 in
3351 284 3557 341 Christi
3588 288 3641 340 in
3690 302 3800 343 caa-

1361 396 1455 435 sus
1480 423 1493 445 ,
1533 381 1793 449 inquiunt
1817 421 1830 442 ,
1869 389 2108 433 mentem

1362 472 1569 527 habens
1584 473 1765 526 divina
1782 473 2111 541 sapientem,

1363 565 1564 618 dixerit
1628 566 1681 618 in
1745 565 2111 619 cucumerarii

1364 661 1589 729 regione
1628 676 1692 714 ac
1743 660 1925 715 securi
1960 658 2114 731 (quas

1364 756 1706 810 conveniunt
1725 757 2041 825 olitoribus)
2060 756 2113 808 in

1365 849 1535 902 cmlos
1548 865 1770 903 eursmn
1790 850 2116 919 dirigentem

1364 940 1430 992 ad
1467 942 1707 994 volatum
1730 982 1744 1005 ,
1798 940 2111 995 traductum

1366 1047 1487 1086 esse
1506 1034 1757 1097 Pauium,
1788 1041 1844 1087 et
1876 1049 1999 1102 quae
2020 1049 2118 1086 ne-

1366 1138 1473 1191 que
1492 1124 1545 1177 in
1566 1124 1830 1188 secundo,
1852 1140 2034 1194 neque
2058 1124 2113 1178 in

1368 1218 1531 1270 tertio
1560 1218 1699 1272 cmlo
1715 1218 1882 1271 verba
1908 1219 2120 1275 invenit
2144 1252 2155 1257 ι

1368 1311 1693 1377 ineffabilia,
1720 1329 1783 1367 ea
1808 1314 1867 1369 in
1888 1323 2111 1368 terreno

1362 1419 1498 1473 agro
1527 1405 1684 1474 aquis
1709 1405 1932 1474 irrigato
1963 1422 2103 1476 mys-

1368 1496 1475 1551 tice
1543 1513 1663 1551 esse
1738 1499 2026 1554 enuntiata
2086 1516 2116 1553 a

1368 1602 1504 1655 puro
1589 1596 1645 1640 et
1730 1588 1920 1643 divino
2015 1605 2110 1645 ore

1363 1677 1565 1732 Christi
1587 1723 1601 1746 ,

541 1792 598 1838 et
639 1800 789 1840 nunc
841 1801 1008 1852 super
1042 1795 1248 1842 terram
1278 1789 1335 1844 in
1366 1790 1544 1847 hortis
1591 1794 1870 1850 custodire
1895 1812 1960 1851 ea
1998 1812 2120 1867 quae

544 1882 675 1928 sunt
723 1876 1026 1929 excelsiora
1073 1878 1332 1933 omnibus
1383 1882 1638 1949 supernis
1687 1884 2009 1948 virtutibus,
2069 1894 2125 1941 et

545 1965 658 2018 Deo
685 1967 1080 2035 pr0pinquiora
1112 1984 1275 2038 quam
1304 1974 1759 2040 praestantissima
1776 1975 2124 2031 Cherubim?

547 2053 655 2109 Sed
688 2056 755 2109 de
788 2056 875 2110 bis
902 2058 1127 2126 quidem
1154 2062 1309 2125 satis;
1341 2062 1687 2118 redeundum
1727 2074 1812 2120 est
1839 2079 2021 2122 autem
2056 2068 2123 2122 ad

546 2144 836 2205 Mosaicam
865 2148 1173 2214 historiam,
1200 2159 1255 2204 et
1288 2153 1751 2210 considerandum
1783 2166 1868 2212 est
1897 2158 1964 2212 de
1996 2173 2128 2227 pro-

549 2236 764 2304 positis.
808 2237 943 2292 Nam
973 2239 1087 2294 illic
1123 2257 1368 2311 quoque,
1397 2253 1458 2298 ut
1493 2246 1754 2305 arbitror.
1779 2248 1913 2303 licet
1940 2250 2127 2306 videre

548 2327 617 2382 iis
640 2329 733 2397 qui
764 2329 970 2384 habent
997 2332 1177 2387 lucem
1201 2334 1402 2389 divina:
1425 2337 1783 2407 cognitionis,
1812 2355 1876 2394 ea
1909 2356 2030 2410 quae
2047 2341 2128 2396 di-

546 2427 752 2472 cuntur
788 2420 857 2474 de
900 2421 1151 2490 utrisque
1184 2422 1272 2477 bis
1314 2425 1582 2492 paradisis
1611 2443 1624 2479 :
1655 2443 1855 2497 nempe
1889 2445 2129 2498 quanam

549 2520 712 2566 utens
766 2514 1163 2581 consequentia
1219 2515 1458 2585 primum
1508 2518 1671 2572 nobis
1708 2517 1965 2589 tanquam
2014 2522 2131 2591 pri-

548 2618 698 2657 mum
733 2613 922 2659 narrat
947 2605 1313 2675 spiritualem.
1334 2608 1478 2663 sicut
1500 2611 1663 2664 etiam
1686 2611 1797 2681 jam
1824 2613 1978 2680 prius
1995 2614 2131 2678 dixi,

551 2701 613 2746 ut
640 2694 864 2762 quando
895 2694 1065 2750 dicit:
1109 2695 1175 2749 Et
1207 2696 1474 2766 plantavit
1516 2699 1773 2753 Dominus
1799 2700 1938 2755 Deus
1968 2720 2133 2772 para-

552 2783 724 2837 disum
753 2786 809 2837 in
843 2786 1011 2840 Edem
1037 2787 1107 2840 ad
1138 2786 1403 2843 Orientem
1431 2808 1449 2844 :
1476 2807 1585 2845 non
1612 2791 1928 2847 invenimus
1950 2802 2134 2848 autem

553 2875 610 2927 in
634 2883 782 2928 terra
812 2875 995 2929 locum
1023 2877 1116 2946 qui
1143 2879 1464 2934 nominatur
1494 2882 1685 2945 Edem,
1717 2893 1902 2938 etnon
1924 2886 2135 2955 signiti-

553 2973 642 3018 cet
673 2964 741 3017 ad
771 2966 1041 3020 orientem
1076 2984 1171 3022 seu
1204 2978 1385 3035 terrae,
1420 2988 1514 3026 seu
1537 2975 1683 3038 emli,
1714 2976 1808 3029 dat
1842 2977 2001 3030 nobis
2041 2980 2133 3032 ali-
2163 2988 2204 3041 ιζ

554 3070 719 3123 quam
769 3056 1226 3125 signihcationem
1256 3061 1324 3114 de
1357 3078 1594 3131 superna
1644 3066 1879 3130 oriente,
1910 3068 2003 3120 ubi
2051 3078 2136 3121 est

556 3147 719 3200 Pater
747 3148 1015 3202 luminum
1056 3159 1111 3205 et
1142 3152 1235 3204 lux
1268 3154 1607 3218 viventium,
1641 3164 1697 3209 et
1735 3158 1882 3225 quod
1909 3160 1980 3212 sit
2022 3160 2137 3213 illic
2189 3164 2193 3170 ’

554 3236 829 3305 ejusmodi
856 3239 1166 3306 paradisus,
1222 3242 1364 3297 adeo
1394 3257 1454 3297 ut
1485 3244 1553 3299 de
1580 3246 1856 3315 spirituali
1900 3250 2134 3319 loquens

556 3324 836 3393 paradiso,
864 3342 1046 3396 neque
1086 3329 1152 3384 de
1187 3331 1384 3400 lignis,
1412 3348 1592 3402 neque
1629 3334 1698 3389 de
1725 3337 1906 3404 aquis,
1952 3355 2136 3408 neque

556 3415 625 3469 de
655 3416 955 3484 lapidibus,
987 3435 1166 3489 neque
1191 3422 1259 3475 de
1300 3433 1444 3478 terra
1478 3466 1491 3485 ,
1534 3441 1715 3495 neque
1749 3427 1817 3481 de
1850 3445 2006 3491 auro,
2038 3447 2138 3485 ue-

557 3523 665 3577 que
689 3509 757 3561 de
782 3510 930 3573 cibo,
952 3526 1133 3581 neque
1157 3513 1225 3567 de
1249 3514 1592 3584 regionibus,
1613 3533 1796 3586 neque
1814 3518 1882 3572 de
1910 3519 2133 3583 finibus.

559 3613 738 3667 neque
771 3600 840 3654 de
873 3602 980 3655 ulla
1029 3618 1088 3656 re
1133 3604 1237 3658 alia
1267 3621 1389 3674 qua;
1431 3608 1505 3661 sit
1562 3609 1616 3661 in
1652 3623 1740 3673 eo,
1797 3612 2133 3668 meminerit.

560 3689 697 3744 illud
721 3700 936 3755 autem,
978 3694 1046 3747 Et
1103 3699 1277 3765 posuit
1307 3698 1419 3752 illic
1447 3701 1709 3754 hominem
1752 3718 1905 3765 quem
1957 3703 2133 3772 ﬁnxit,

561 3798 757 3852 nempe
794 3784 846 3837 in
903 3786 1166 3853 paradiso
1197 3791 1406 3844 ccelesti
1447 3791 1604 3856 dixit,
1672 3796 2017 3864 prophetiam
2069 3796 2137 3851 de

560 3871 698 3927 facta
714 3873 773 3925 in
796 3876 1058 3929 extremis
1077 3879 1416 3947 temporibus
1437 3882 1490 3934 in
1516 3882 1738 3939 Christo
1762 3887 2139 3955 assumptione

560 3961 616 4014 in
648 3966 818 4017 caelos
865 3964 1119 4023 humana:
1149 3980 1380 4024 naturm.
1420 3972 1574 4037 Quod
1631 3974 1675 4026 si
1726 3984 1987 4044 tanquam
2024 3978 2135 4045 jam

561 4056 928 4121 praeteritum,
963 4058 1015 4111 id
1047 4061 1193 4128 quod
1231 4060 1477 4116 futurum
1510 4073 1614 4129 est,
1666 4066 1802 4120 dicit
1828 4069 2133 4136 propheta;

563 4145 753 4210 habes,
783 4148 960 4218 inquit
992 4167 1219 4220 magnus
1271 4153 1615 4220 Ambrosius,
1657 4157 1726 4210 de
1755 4174 1820 4212 eo
1874 4158 2139 4227 plurimas

563 4236 619 4290 in
647 4238 930 4308 Scriptura
977 4244 1347 4311 probationes,
1392 4254 1451 4299 ut
1512 4249 1732 4317 quando
1767 4250 1903 4304 dicit
1944 4269 1956 4304 :
1996 4251 2139 4313 Puer

2219 374 2332 428 lum
2360 377 2814 444 assumptionem.
2844 376 2976 430 Nam
3011 375 3064 428 in
3099 385 3371 429 terrenam
3396 393 3617 447 quoque
3642 378 3802 434 Jeru-

2218 464 2409 529 salem,
2438 475 2727 534 postquam
2760 474 2923 520 natus
2958 465 3061 519 fuit
3088 465 3145 517 in
3185 465 3490 531 Bethleem,
3523 466 3801 538 ingressus

2217 564 2302 609 est
2329 555 2418 609 die
2441 556 2881 627 quadragesimo.

2290 648 2461 702 Nobis
2508 659 2689 703 autem
2742 651 2857 705 haec
2883 651 3198 706 dicentibus
3223 654 3291 704 de
3338 650 3594 720 paradiso
3639 651 3804 720 spiri-

2220 741 2374 805 tuali,
2405 756 2471 795 ne
2503 742 2772 811 glorietur
2798 742 3063 797 incurvus
3094 742 3633 813 Origcncstanquam
3653 756 3803 798 recte

2220 834 2483 887 sentiens.
2526 834 2643 903 lpse
2673 835 2821 889 enim
2853 836 3132 904 anagogiis
3163 846 3218 889 et
3258 835 3638 905 spiritualibus
3666 851 3802 890 eon-

2222 922 2669 991 templatiombus
2702 939 2835 978 usus
2873 923 3310 993 inexplebiliter,
3360 939 3553 979 omnes
3580 940 3702 993 qum
3747 924 3801 978 in

2222 1029 2317 1066 sex
2347 1012 2546 1068 diebus
2577 1013 2732 1068 facta:
2761 1024 2911 1079 sunt,
2934 1024 3218 1069 creaturas
3234 1014 3461 1069 deduxit
3486 1030 3583 1084 per
3602 1015 3806 1085 allego-

2222 1103 2357 1156 riam
2397 1102 2464 1156 ad
2492 1103 2770 1158 fabulosas
2798 1105 3114 1175 tragmdias,
3138 1120 3315 1174 neque
3341 1106 3541 1161 corium
3579 1105 3799 1168 sensile,

2220 1210 2399 1264 neque
2449 1203 2673 1261 terram,
2713 1211 2895 1266 neque
2943 1211 3134 1266 aquas,
3178 1211 3359 1266 neque
3412 1197 3629 1267 plantas
3670 1210 3801 1249 vere

2221 1285 2453 1355 plautas,
2515 1302 2693 1357 neque
2727 1288 2933 1349 stellas.
2974 1304 3102 1343 vere
3127 1288 3315 1353 stellas
3366 1304 3548 1359 neque
3595 1288 3803 1358 aliquid

2222 1377 2369 1431 aliud
2400 1379 2795 1434 convenienter
2816 1380 3367 1450 litterm‘intelligens,
3384 1396 3495 1435 non
3517 1382 3801 1448 tenebras,

2223 1485 2331 1523 non
2360 1470 2560 1535 lucem,
2592 1486 2703 1526 non
2726 1471 3003 1543 abyssum,
3034 1487 3147 1526 non
3172 1473 3452 1542 spiritum,
3475 1488 3587 1527 non
3618 1473 3804 1527 ﬁrma-

2222 1569 2489 1621 mentum.
2517 1560 2639 1628 Quo
2675 1560 2736 1616 ﬁt
2776 1570 2837 1616 ut
2870 1562 3169 1619 demetere
3209 1579 3433 1619 necesse
3466 1564 3663 1620 habeat
3697 1564 3804 1620 Ec-

2153 1649 2192 1702 B
2225 1652 2413 1716 elesia,
2437 1651 2586 1721 quod
2614 1652 2812 1707 attinet
2836 1652 2903 1707 ad
2927 1668 3099 1723 nugas
3127 1662 3183 1709 et
3206 1652 3513 1708 doctrinam
3530 1653 3804 1725 Origenis,

2219 1742 2447 1800 credere
2482 1742 2577 1815 Dei
2617 1758 2740 1797 esse
2765 1753 3050 1798 creaturas
3096 1744 3363 1798 mundum
3405 1744 3501 1814 qui
3530 1746 3803 1807 cernitur.

2218 1830 2587 1896 Quamobrem
2615 1830 2740 1899 jure
2770 1846 2991 1900 quoque
3024 1830 3314 1902 Origenem
3344 1832 3603 1902 synodica
3634 1834 3809 1903 depo-

2221 1937 2359 1975 nens
2387 1920 2663 1975 scntentia
2692 1922 2904 1993 rejecit.
2936 1910 3235 1992 Oportebat
3258 1923 3405 1977 enim
3430 1924 3664 1994 primum
3703 1924 3811 1979 ad-

2222 2014 2444 2068 mittere
2477 2012 2767 2067 historiam
2801 2029 2924 2085 qua:
2945 2015 3203 2069 convenit
3226 2016 3425 2070 littera:
3453 2016 3687 2071 :deinde
3711 2018 3811 2074 ubi

2223 2113 2442 2175 oportet
2468 2106 2771 2175 procedere
2802 2106 2869 2161 ad
2920 2122 3209 2177 anagogas.
3242 2108 3473 2178 Propter
3508 2108 3647 2164 hanc
3674 2125 3813 2164 cau-

2225 2215 2343 2255 sam
2380 2200 2528 2271 (dico
2561 2209 2744 2255 autem
2765 2209 2991 2271 propter
3021 2200 3241 2256 inanem
3283 2201 3532 2256 laborem
3556 2202 3815 2273 Origenis

2225 2292 2319 2362 qui
2345 2293 2661 2347 universam
2703 2308 2799 2347 sex
2830 2292 3044 2348 dierum
3076 2303 3384 2349 creaturam
3411 2294 3483 2349 ad
3502 2294 3814 2351 fabulosam

2227 2382 2456 2437 deduxit
2491 2382 2827 2452 allegoriam,
2862 2389 2920 2437 et
2954 2397 3156 2453 corpus
3187 2397 3357 2438 sacrae
3381 2382 3682 2454 Scriptura:
3706 2384 3823 2438 im-

2229 2471 2462 2526 mutavit
2486 2480 2541 2526 et
2565 2471 2860 2543 alteravit.)

2301 2587 2364 2639 Οἱ
2398 2585 2654 2656 νεώτεροι
2676 2585 2784 2637 τῶν
2807 2585 2984 2639 Πατέ-

2234 2698 2362 2753 ρωνο
2387 2682 2531 2748 λέγω
2554 2681 2641 2751 δὴ,
2669 2682 2719 2732 οἱ
2742 2680 2869 2751 περὶ
2889 2681 2981 2733 τὸν

2235 2776 2375 2828 θεῖον
2411 2775 2723 2839 Βασίλειον,
2770 2774 2864 2827 καὶ
2891 2773 2983 2826 τὸν

2237 2868 2474 2938 Χριστοῦ
2518 2869 2761 2937 ποταμὸν
2801 2866 2984 2920 Ἰωάν-

2238 2978 2333 3031 νην
2399 2961 2491 3012 τὸν
2560 2958 2981 3029 Χρυσόστομον,

2237 3055 2509 3123 Θεόδωρόν
2540 3072 2597 3106 τε
2626 3054 2717 3107 τὸν
2755 3054 2987 3107 ἐλεεινὸν

2235 3149 2402 3211 ὄντως
2434 3146 2732 3215 Ἀντιοχέα,
2767 3146 2863 3199 καὶ
2894 3146 2984 3197 Σε-

2237 3242 2404 3313 6ἦρον
2449 3242 2541 3294 τὸν
2582 3240 2941 3310 Γαϐαλεωτὴν
2969 3279 2984 3302 ,

2239 3333 2497 3387 Εὺσέὅιὸν
2529 3346 2590 3385 τε
2623 3333 2713 3385 τὸν
2755 3333 2988 3401 Ἐμεση-

2238 3426 2366 3487 νῶν,
2410 3426 2504 3477 καὶ
2543 3422 2634 3477 τὸν
2673 3424 2850 3493 λόγοις
2895 3424 2988 3478 καὶ

2239 3516 2421 3585 ἔργοις
2524 3518 2800 3590 τρισμακᾶ
2812 3532 2995 3586 ριστον

2250 3611 2586 3679 Ἐπιφάνιον,
2628 3611 2897 3682 Κύριλλόν
2929 3626 2988 3660 τε

2237 3708 2329 3761 τὸν
2350 3707 2719 3777 Θεοφάντορα,
2745 3707 2839 3758 καὶ
2862 3705 2987 3757 Θεό·
3024 3730 3029 3733 -

2241 3803 2420 3869 φιλον·
2460 3802 2659 3871 μᾶλλον
2687 3796 2832 3855 οὗτοι
2856 3801 2990 3853 πᾶν·

3138 2586 3495 2643 Reeentiores
3575 2589 3767 2645 Patres
3796 2631 3817 2655 ,

3056 2680 3299 2745 divinus,
3353 2681 3579 2751 inquam
3597 2723 3612 2746 ,
3652 2682 3813 2736 Basi-

3057 2772 3198 2835 lius,
3248 2782 3304 2827 et
3350 2773 3558 2852 Christi
3609 2774 3827 2834 ﬂuvius

3056 2868 3297 2923 Joannes
3346 2868 3780 2941 Chrysostomus
3807 2914 3823 2938 ,

3059 2971 3114 3015 et
3143 2962 3466 3017 Theodorus
3489 2978 3619 3018 vere
3644 2950 3828 3019 mira-

3060 3054 3187 3108 bilis
3216 3055 3616 3119 Antiochenus,
3643 3065 3700 3112 et
3720 3057 3831 3113 Se-

3057 3164 3224 3205 verus
3247 3150 3593 3215 Gahaleotes,
3626 3158 3683 3206 et
3703 3152 3830 3207 Eu-

3060 3241 3244 3295 sebius
3264 3242 3579 3307 Emisenus,
3608 3252 3665 3298 et
3685 3258 3830 3298 ver-

3061 3332 3145 3388 bis
3174 3343 3229 3388 et
3253 3333 3412 3389 factis
3460 3335 3834 3392 beatissimus

3061 3424 3440 3492 Epiphanius.
3480 3433 3537 3480 et
3585 3426 3680 3479 Dei
3725 3426 3834 3481 in-

3064 3526 3274 3587 terpres
3295 3517 3534 3588 Cyrillus
3553 3528 3610 3573 et
3629 3518 3749 3573 The
3761 3536 3835 3573 o-

3064 3612 3287 3680 philus,
3352 3614 3387 3667 ii
3457 3628 3652 3667 omnes
3712 3629 3834 3670 sua

3059 3706 3261 3774 scripta
3332 3705 3399 3759 de
3458 3721 3554 3760 sex
3612 3706 3835 3762 diebus

3060 3809 3436 3870 exposuerunt
3496 3816 3833 3871 congruen-

2239 3913 2329 3958 τες
2371 3896 2513 3949 κατὰ
2553 3896 2614 3948 τὸ
2647 3895 2880 3965 γράμμα
2922 3894 2988 3945 τὰ
3063 3904 3147 3947 tcr
3173 3893 3409 3955 litterae,
3458 3892 3646 3947 missis
3679 3895 3833 3947 alle-

2242 3989 2644 4059 συγγράμματα
2785 3986 2990 4039 ἑαυτῶν
3064 3985 3233 4055 goriis
3266 3994 3321 4038 et
3351 3983 3630 4054 anagogis.

2242 4078 2367 4147 περὶ
2404 4081 2500 4147 τῆς
2537 4076 2884 4144 Ἔξαημέρου
2930 4075 3203 4138 ἐξέθεντο,
3236 4074 3332 4136 τὰς
3362 4072 3700 4144 ἀλληγορίας
3733 4076 3838 4129 καὶ

2238 4169 2525 4237 ἁναγωγὰς
2557 4168 2821 4237 ἀφέμενοι
2847 4166 2912 4236 (2
2928 4165 2968 4225 ).

2310 4258 2541 4326 Propter
2571 4258 2885 4320 inanem,ut
2909 4255 3059 4324 prius
3084 4252 3194 4307 dixi
3218 4295 3233 4319 ,
3273 4251 3833 4324 Origenislaborem,

566 4340 722 4384 nutus
748 4341 821 4384 est
855 4333 1000 4387 nobis
1020 4335 1083 4387 ‘9.
1113 4337 1212 4390 Et:
1248 4337 1511 4391 Foderuut
1562 4358 1750 4396 manus
1800 4359 1944 4397 meas
1972 4352 2021 4396 et
2050 4361 2138 4414 pe-
2170 4326 2213 4380 θ
2244 4347 2342 4416 ipsi
2376 4364 2596 4417 quoque
2623 4347 2919 4400 atl'erentes
2949 4344 3053 4399 ﬁde
3091 4344 3438 4415 dignissimas
3461 4346 3836 4415 probationes

565 4425 653 4476 des
685 4440 821 4478 meos
836 4426 903 4478 ¹⁰.
923 4427 986 4479 Et
1014 4446 1025 4479 :
1058 4427 1200 4481 Dixit
1223 4430 1478 4485 Dominus
1508 4432 1731 4487 Domino
1757 4452 1872 4489 meo
1896 4452 1912 4489 :
1937 4435 2073 4490 Sede
2105 4455 2137 4490 a

566 4514 763 4567 dextris
782 4518 950 4570 meis"
964 4518 1050 4572 .Et
1071 4537 1083 4571 :
1109 4520 1367 4576 Dederuut
1385 4526 1437 4576 iu
1455 4541 1628 4580 escam
1647 4544 1821 4581 meam
1834 4528 1985 4598 fel”.
2005 4539 2137 4593 etc.,

568 4612 625 4655 et
652 4619 772 4672 quae
804 4614 935 4659 sunt
959 4608 1296 4675 hujusmodi.
1335 4613 1505 4669 Recte
1540 4624 1722 4670 autem
1755 4618 1965 4675 dictum
2012 4631 2094 4676 est
2124 4639 2137 4674 :

571 4691 829 4762 Exposuit
870 4696 980 4749 illic
1013 4701 1272 4755 hominem
1322 4721 1475 4773 quem
1522 4706 1677 4774 ﬁnxit
1712 4726 1730 4762 :
1757 4726 1919 4778 quem
1955 4713 2142 4780 posuit

570 4782 826 4838 ha’redem
852 4790 1216 4844 universorum
1235 4793 1296 4853 ’³,
1331 4794 1632 4851 Christum.
1654 4798 1808 4854 Unde
1842 4801 2053 4856 Hebraei
2076 4818 2143 4856 ex

572 4871 715 4925 libro
743 4875 835 4943 qui
873 4892 982 4929 non
1011 4887 1097 4931 est
1120 4881 1376 4936 redactus
1399 4884 1454 4937 in
1479 4884 1779 4951 Canonem,
1804 4890 1895 4957 qui
1922 4890 2145 4958 quidem

573 4961 778 5017 dicitur
810 4965 1219 5023 Testamentum
1256 4976 1740 5043 protoplastorum,
1772 4979 1967 5033 dicunt
2009 4997 2146 5050 qua-

573 5054 880 5126 dragesima
905 5058 994 5113 die
1028 5060 1335 5131 ingressum
1354 5081 1474 5120 esse
1495 5067 1666 5121 Adam
1702 5070 1755 5123 in
1786 5072 2105 5140 paradisum
2128 5066 2142 5135 ξ

573 5147 717 5200 sicut
749 5149 912 5202 etiam
950 5151 1170 5206 videtur
1217 5154 1437 5208 cuidam
1474 5157 1741 5213 historico
1802 5161 2139 5232 chronogra-

574 5238 685 5306 piio
722 5240 1015 5310 Pyrrhoni,
1064 5252 1121 5296 et
1159 5243 1489 5311 quibusdam
1528 5249 1956 5315 expositoribus.
1986 5252 2141 5318 Quod

2236 4448 2293 4493 et
2321 4438 2817 4493 demonstrationes
2866 4438 2935 4491 de
2984 4435 3170 4491 sensili
3216 4436 3469 4506 paradiso
3508 4437 3602 4505 qui
3634 4440 3833 4493 statim

2238 4531 2491 4599 sequitur
2524 4536 2647 4598 post
2681 4544 2806 4582 eum
2842 4540 3003 4597 quem
3022 4527 3261 4581 diximus
3281 4528 3645 4597 spiritnaicm.
3682 4529 3831 4583 Nam

2238 4619 2516 4688 legislator
2548 4618 2724 4671 Moses
2770 4617 2953 4671 statim
3003 4616 3278 4686 subjecit,
3311 4618 3541 4687 dicens:
3578 4619 3652 4673 Et
3692 4621 3839 4674 oriri

2243 4709 2362 4780 fecit
2399 4709 2654 4762 Dominus
2683 4708 2821 4766 Deus
2848 4709 3018 4763 adhuc
3051 4718 3244 4762 eterra
3279 4725 3431 4763 omne
3470 4709 3678 4780 lignum
3708 4712 3837 4780 pit!-

2243 4800 2425 4852 chrum
2456 4798 2524 4850 ad
2567 4797 2850 4851 videndum
2897 4807 2945 4850 et
2972 4799 3165 4850 bonum
3199 4798 3268 4851 ad
3315 4799 3731 4863 comedendum,
3781 4807 3837 4852 et

2244 4889 2447 4958 lignum
2504 4891 2623 4944 vita:
2676 4892 2731 4944 in
2767 4890 2937 4944 medio
2971 4890 3208 4960 paradisi
3246 4899 3340 4943 :et
3389 4890 3591 4960 tignum
3623 4891 3836 4945 sciendi

2242 4983 2296 5035 id
2327 4982 2465 5052 quod
2489 4983 2727 5051 cognosci
2760 4990 2925 5052 potest
2963 4983 3082 5035 boui
3122 4990 3173 5034 et
3204 4983 3352 5035 mali.
3388 4981 3604 5036 Flauius
3642 4992 3835 5036 autem

2245 5073 2510 5142 egreditur
2554 5089 2617 5125 ex.
2646 5073 2807 5126 Edem
2834 5073 2903 5126 ad
2928 5074 3264 5143 irrigandum
3304 5075 3635 5141 paradisum.
3662 5074 3842 5129 Illinc

2250 5166 2542 5218 secernitur
2579 5167 2636 5217 in
2675 5175 2902 5235 quatuor
2942 5166 3114 5218 initia.
3166 5165 3367 5219 Nomen
3415 5168 3540 5231 uni,
3582 5167 3793 5221 Phison
3820 5181 3842 5219 :

2252 5257 2349 5309 iste
2386 5265 2458 5308 est
2482 5256 2570 5326 qui
2599 5257 2782 5309 circuit
2814 5272 3019 5309 omnem
3050 5264 3245 5310 terram
3280 5257 3491 5314 Evilat/1
3521 5257 3665 5313 :ilhc
3690 5272 3844 5329 ergo

651 5376 693 5407 ¹⁹
724 5377 824 5430 lsa.
861 5393 934 5439 ix,
971 5376 1025 5429 θ.
1103 5379 1146 5409 ὀ
1179 5379 1322 5433 Psal.
1354 5398 1463 5444 χχι,
1500 5383 1585 5438 l7.
1663 5385 1703 5416 "
1746 5385 1888 5441 Psal.
1918 5404 2023 5455 ως,
2062 5391 2108 5446 1.

2229 5398 2233 5424 ε
2272 5393 2416 5448 Psal.
2445 5408 2631 5457 vam,
2662 5392 2752 5446 22.
2831 5393 2875 5425 ³³
2899 5392 3067 5447 llebr.
3093 5411 3129 5457 ι,
3157 5395 3212 5448 2.

650 5490 723 5560 (Ι)
748 5491 926 5546 Grabe
956 5491 1199 5561 Spicileg.
1229 5501 1264 5546 t.
1290 5495 1354 5559 ll,
1380 5496 1503 5552 255.

2326 5506 2399 5578 (2)
2434 5506 2488 5559 S.
2524 5508 2716 5562 Joann.
2756 5508 3136 5574 Damase.,'oro
3166 5509 3256 5563 cit.
