4056 6148
390 356 495 426 969

1456 353 1532 418 ΙΝ
1579 313 2132 421 IIEXAEMERON.
2160 379 2227 391 —
2257 350 2409 419 LIB.
2447 359 2580 419 vn.

3547 358 3655 423 970

388 488 463 532 est
485 491 682 530 aurum
717 492 734 530 :
759 489 954 528 aurum
993 481 1173 527 autem
1204 470 1349 525 illius
1391 481 1550 526 terrae
1589 469 1786 524 bonum
1818 484 1837 522 :
1858 465 1973 523 illic
2002 473 2048 528 Α
2077 466 2358 536 pulchrum
2388 471 2456 527 ad
2492 470 2662 543 896
2692 471 2971 525 videndum
2990 481 3041 527 et
3067 472 3261 527 bonum
3290 487 3358 528 aa
3384 476 3658 533 comeden-

388 578 466 625 est
500 552 853 623 carbunculus
877 574 928 619 et
957 566 1095 636 lapis
1116 565 1382 635 prasinus.
1409 562 1479 617 Et
1510 577 1702 615 nomen
1746 558 1974 615 secundo

390 660 531 718 Geon
558 660 696 714 :iste
729 666 806 712 est
852 659 942 729 qui
966 657 1487 711 circuibuniversam
1522 652 1878 724 ’zEthiopiam.
1906 650 1975 707 Et

390 754 579 813 [lucius
625 751 835 813 tertius,
858 750 1042 821 Τυρὼ
1075 766 1091 802 :
1128 751 1225 802 iste
1267 755 1343 802 est
1367 748 1458 818 qui
1492 747 1611 817 [luit
1650 761 1714 799 ea:
1742 743 1975 806 ,adverso

387 844 750 914 Assyriorum.
772 839 988 893 Flauius
1005 849 1183 893 autem
1194 848 1440 910 quartus,
1458 837 1777 905 Euphrates.
1791 834 1871 889 Ex
1887 833 1977 888 his

390 950 422 990 θ
452 943 599 990 terra
629 933 830 1003 genitis
864 932 1004 986 locis
1028 940 1088 986 et
1119 931 1379 1001 gentibus
1404 926 1976 999 appellationibusque

389 1035 447 1083 et
476 1025 751 1088 terminis,
785 1032 841 1079 et
870 1032 1139 1093 praeterea
1171 1038 1237 1078 ex
1268 1038 1406 1078 auro
1441 1030 1496 1077 et
1526 1019 1712 1090 lapide
1750 1017 1976 1088 prasino

389 1128 447 1174 et
464 1117 746 1187 Ethiopian
773 1127 831 1171 et
851 1116 1089 1187 Assyriis
1114 1126 1172 1171 es
1191 1116 1475 1186 Euphrate
1507 1113 1692 1185 plures
1704 1128 1780 1168 ex
1803 1108 1978 1167 Patri-

390 1210 497 1265 hus
530 1207 1023 1264 aiirmarunt‘hznc
1048 1209 1293 1267 maxime
1320 1207 1555 1276 intelligi
1596 1205 1668 1262 de
1717 1202 1979 1274 paradiso

390 1317 423 1357 e
450 1310 601 1356 terra
644 1299 851 1371 genito,
877 1308 942 1354 et
984 1300 1224 1357 maxime
1256 1313 1325 1353 es
1357 1299 1508 1354 foliis
1545 1298 1691 1353 licus
1717 1309 1841 1366 quae
1856 1293 1976 1349 sibi

391 1401 732 1448 consuerunt
780 1391 947 1462 primi
990 1400 1258 1460 parentes
1300 1390 1370 1444 ad
1417 1390 1781 1460 perisonsta.
1819 1384 1978 1445 Unde

390 1484 560 1537 etiam
598 1483 995 1537 convenienter
1028 1482 1234 1538 littere
1262 1481 1662 1551 intelligentes,
1701 1474 1978 1547 ηυδε,άί-

390 1584 593 1630 xerunt
627 1575 880 1641 sensiles,
920 1586 984 1630 et
1015 1575 1169 1646 ligna
1190 1613 1206 1640 ,
1236 1574 1386 1646 ligna
1419 1589 1551 1629 rere
1580 1572 1893 1634 esculenta.
1919 1577 1979 1623 et

389 1666 626 1731 fructus,
661 1666 878 1721 fructus
910 1665 1205 1721 hortenses
1234 1674 1293 1723 et
1332 1665 1389 1720 in
1410 1679 1559 1735 quos
1585 1662 1737 1718 cadit
1784 1659 1977 1714 interi-

392 1769 501 1824 tus,
532 1768 587 1815 et
609 1774 813 1837 aurum
828 1773 952 1814 esse
1002 1758 1310 1813 materiale.
1364 1755 1635 1821 Similiter
1667 1751 1977 1810 carbuncu-

2080 561 2226 616 dum.
2258 563 2394 618 Nam
2420 572 2544 619 orta
2564 563 2790 633 quidem
2807 574 2893 620 est
2914 564 2972 618 in
2991 563 3151 619 initio
3168 563 3414 620 Ecclesia
3435 568 3658 636 quando

2081 651 2224 708 facta
2246 653 2359 709 fuit
2380 654 2581 711 viridis
2598 667 2659 711 et
2688 655 2829 712 bene
2860 657 3194 726 germinans,
3232 656 3544 729 densasque
3559 660 3662 719 ha-

2082 744 2219 801 bens
2259 753 2388 802 suas
2430 747 2683 814 arbores,
2712 750 2989 804 exsiccata
3036 757 3222 806 autem
3261 750 3367 807 fuit
3407 752 3480 809 ah
3514 761 3657 811 astu

2083 834 2308 905 maligni
2340 836 2481 892 solis
2503 836 2602 907 qui
2634 838 3061 909 transﬁguntur
3098 840 3154 907 in
3197 841 3454 912 angelum
3480 843 3622 900 lucis
3642 884 3658 907 ,

2083 940 2211 981 cum
2240 927 2296 981 in
2321 943 2443 983 eam
2476 944 2577 999 per
2603 944 2668 986 os
2686 929 2969 993 sihilasset
3005 946 3232 1002 serpens
3255 945 3455 991 eteam
3479 937 3660 992 exsic-

2083 1027 2264 1071 casset
2292 1032 2394 1086 per
2412 1017 2802 1075 idololatrian.
2821 1018 2958 1075 Cum
2987 1037 3120 1092 ergo
3148 1023 3393 1081 venisset
3421 1023 3665 1085 scelestis

2082 1106 2286 1164 ﬂuvius
2312 1109 2465 1166 Deus
2482 1110 2742 1178 Verbum,
2767 1121 2824 1168 et
2850 1127 2975 1169 eam
3003 1112 3286 1183 irrigasset
3332 1130 3433 1184 per
3461 1131 3663 1185 aquam

2082 1207 2139 1252 et
2184 1198 2416 1257 ﬂuvium
2439 1241 2454 1267 .
2493 1210 2687 1259 exorta
2719 1212 2804 1259 est
2847 1212 2907 1259 et
2951 1218 3175 1259 rursum
3214 1206 3573 1275 geminavit,
3605 1216 3664 1263 et

2083 1290 2287 1347 iterum
2340 1293 2636 1353 viviﬁcavit
2689 1295 2902 1351 ratione
2938 1296 3169 1366 praedita
3205 1298 3329 1368 ejus
3372 1298 3542 1369 ligna,
3591 1299 3663 1355 de

2083 1383 2287 1452 quibus
2304 1383 2628 1443 dietumest
2664 1406 2676 1439 :
2714 1386 2786 1443 Et
2813 1390 3165 1458 exoriri-fecit
3191 1390 3363 1449 adhuc
3406 1390 3663 1451 Dentium

2082 1471 2223 1539 Deus
2252 1490 2279 1551 e
2304 1483 2494 1542 terra;
2542 1477 2650 1534 hoc
2674 1488 2783 1544 est,
2808 1487 3098 1549 postquam
3130 1491 3350 1539 mortua
3383 1491 3440 1538 et
3480 1483 3663 1539 exsico

2083 1574 2205 1621 cata
2219 1576 2390 1634 esset,
2411 1568 2594 1625 adhuc
2621 1572 2866 1627 secundo
2896 1573 3092 1629 ordine
3118 1588 3315 1633 rursus
3332 1577 3667 1647 germinavit

2084 1656 2299 1714 ratione
2326 1659 2557 1729 predita
2568 1661 2778 1719 Christi
2798 1670 2948 1720 terra
2968 1681 3121 1723 omne
3153 1666 3357 1736 lignum
3383 1666 3675 1738 pulchrum.

2084 1751 2155 1804 ad
2181 1751 2467 1808 videndum
2500 1763 2550 1809 et
2575 1755 2770 1817 bonum
2808 1757 2879 1811 ad
2922 1758 3317 1813 comedendum.
3365 1759 3426 1814 In
3447 1759 3669 1829 quibus

389 1821 529 1915 lum,
562 1859 619 1905 et
643 1821 927 1919 prasinum
955 1848 1375 1922 smaragdinum
1393 1846 1669 1926 lapidem;
1701 1852 1758 1899 et
1787 1842 1973 1908 ticum,
2010 1821 2056 1883 Β
2082 1842 2249 1914 lignis
2276 1859 2390 1900 non
2410 1845 2548 1901 dicit
2582 1846 2870 1917 Scriptura
2900 1848 3115 1914 fenum,
3141 1865 3253 1911 non
3289 1851 3528 1932 paleam,
3550 1868 3661 1909 non

389 1956 578 1997 veram
636 1942 803 1998 ﬁcum
833 1957 956 1998 esse
1003 1941 1265 1997 dixerunt
1306 1959 1320 1996 :
1355 1949 1412 1995 et
1461 1938 1697 1999 maxime
1747 1935 1973 1991 divinus

390 2035 754 2104 Epiphanius,
772 2027 840 2090 ex
854 2052 921 2091 eo
946 2033 1097 2105 quod
1131 2033 1368 2088 audierit
1404 2030 1746 2101 Scripturam
1782 2028 1973 2083 dicen-

392 2134 503 2181 tem
555 2142 676 2182 esse
734 2135 938 2182 terram
983 2125 1244 2201 Iordanis
1277 2140 1401 2194 qua:
1433 2124 1588 2194 prius
1637 2120 1971 2193 irrigabatur

393 2222 537 2276 sicut
564 2221 879 2292 paradisus,
917 2229 974 2276 et
999 2220 1145 2275 sicut
1176 2228 1324 2273 terra
1344 2216 1583 2287 Egypti.

461 2311 636 2378 Quam
665 2311 891 2382 quidem
935 2311 1229 2366 Paternam
1259 2309 1588 2365 sententiam
1618 2317 1675 2363 et
1700 2307 1771 2363 de
1801 2322 1967 2378 para-

389 2404 514 2459 diso
558 2405 749 2460 sensili
778 2404 1133 2460 traditionem
1180 2401 1499 2472 recipimus,
1532 2400 1888 2470 suscipimus,
1916 2405 1974 2453 et

390 2496 799 2566 amplectimur.
828 2495 889 2551 In
917 2496 1026 2550 hoc
1055 2494 1203 2549 enim
1223 2508 1391 2563 opere
1414 2506 1516 2546 nos
1538 2494 1972 2561 praemunientes

391 2602 536 2657 saepe
554 2587 799 2642 diximus
820 2587 969 2658 quod
986 2586 1189 2641 divinae
1210 2585 1508 2655 Scriptura:
1532 2583 1822 2639 histeriam
1847 2597 1975 2652 qua:

385 2678 588 2735 litterae
616 2679 878 2735 convenit
904 2693 1017 2733 non
1048 2676 1422 2743 dissolvimus,
1444 2691 1627 2745 neque
1646 2682 1972 2731 sanctorum

390 2769 617 2824 Patrum
645 2777 965 2825 nostrorum
1002 2768 1311 2825 sententias
1332 2767 1655 2823 evertimus.
1696 2766 1765 2821 Et
1789 2775 1974 2821 tamen

388 2861 656 2931 quoniam
687 2861 946 2917 audimus
988 2861 1176 2917 divum
1216 2858 1450 2914 Paulum
1473 2857 1658 2912 omnia
1687 2872 1809 2927 qum
1845 2867 1976 2912 sunt

390 2952 449 3008 in
482 2953 602 3023 lege
632 2951 863 3022 mystice
909 2952 980 3007 ad
1028 2950 1312 3008 Christum
1354 2947 1689 3003 referentem
1727 2965 1739 2999 :
1774 2960 1974 3016 nempe

391 3033 833 3106 tabernaculum,
892 3057 1100 3106 arcam,
1148 3055 1364 3104 urnam,
1394 3039 1697 3109 templum,
1748 3054 1985 3109 agnum,

2072 1934 2351 2005 virgulta,
2396 1952 2511 1993 non
2551 1938 2780 1999 herbam
2808 1979 2824 2005 ,
2860 1956 2969 2000 non
3012 1940 3222 2011 lignum
3265 1944 3562 2012 pulchrum
3592 1944 3663 2003 ad

2071 2025 2376 2083 videndum
2398 2037 2457 2085 et
2481 2029 2689 2087 bonum
2711 2030 2778 2085 ad
2803 2032 3228 2091 comedendum.
3246 2035 3319 2089 Et
3344 2035 3554 2106 lignum
3584 2036 3668 2092 in-

2070 2116 2276 2183 fertile,
2315 2128 2372 2177 et
2414 2120 2630 2192 fuam,
2670 2131 2731 2176 et
2761 2124 2964 2193 stipula
2991 2164 3006 2190 ,
3034 2133 3089 2181 et
3122 2127 3281 2195 palea
3316 2128 3664 2187 exscinditur

2070 2219 2127 2264 et
2163 2209 2219 2264 in
2252 2210 2436 2281 ignem
2462 2212 2729 2268 mittitur.
2773 2214 2880 2269 Sed
2912 2216 3052 2270 nihil
3075 2225 3160 2271 est
3188 2219 3460 2287 ejusmodi
3486 2221 3539 2274 in
3574 2221 3665 2277 his

2070 2302 2256 2373 lignis,
2287 2305 2384 2361 sed
2407 2305 2545 2361 dicit
2570 2306 2627 2361 in
2656 2307 2723 2362 iis
2752 2309 2938 2363 omnia
2966 2309 3197 2379 pulchra
3221 2310 3289 2365 ad
3320 2309 3619 2367 videndum
3641 2353 3659 2377 ,

2069 2396 2255 2451 omnia
2278 2397 2421 2452 bona
2443 2398 2511 2452 ad
2537 2399 2961 2465 comedendum,
2985 2401 3172 2455 omnia
3189 2401 3331 2457 bene
3351 2404 3663 2474 geminan-

2072 2488 2172 2554 tia,
2198 2489 2386 2547 omnia
2413 2505 2444 2549 ε
2478 2490 2590 2546 Deo
2626 2492 2976 2562 pullulantia.
2999 2494 3121 2549 Non
3150 2495 3300 2549 enim
3348 2496 3505 2567 jussu
3540 2499 3663 2568 ejus

2070 2587 2265 2636 exorta
2292 2592 2423 2636 sunt
2456 2597 2488 2637 e
2515 2590 2681 2650 terra,
2729 2583 2826 2639 sed
2862 2584 2982 2654 ipse
3011 2586 3158 2641 Deus
3190 2586 3423 2658 ipsemet
3452 2588 3658 2659 opifex,

2067 2671 2479 2741 mmplentstus
2506 2682 2566 2728 et
2601 2676 3037 2744 concorporalis,
3067 2686 3123 2731 et
3165 2688 3663 2751 eorum‘cognatus

2069 2762 2271 2829 factus,
2298 2779 2331 2819 e
2364 2772 2513 2818 terra
2546 2765 2803 2835 genitus,
2840 2775 3101 2837 tanquam
3155 2769 3379 2839 propria
3411 2771 3662 2827 men-bra

2068 2868 2135 2907 ea
2195 2853 2333 2909 fecit
2373 2855 2686 2931 germinare
2730 2872 2761 2912 e
2790 2865 2973 2923 terra,
3010 2866 3072 2914 ut
3116 2874 3239 2928 quae
3293 2860 3405 2915 sint.
3458 2876 3660 2932 corpus

2068 2944 2303 3014 Christi;
2323 2957 2382 3003 et
2406 2949 2655 3009 membra
2679 2965 2747 3009 ex
2772 2950 3060 3018 membro;
3090 2942 3208 3006 tota
3229 2951 3495 3020 formosa,
3524 2971 3663 3026 quo-

2070 3037 2219 3097 niam
2253 3039 2372 3110 ipse
2404 3039 2613 3095 dicitur
2631 3042 2898 3112 speciosus
2915 3053 3111 3113 prater
3135 3042 3275 3111 ﬁlios
3304 3046 3574 3101 hominum
3590 3049 3659 3102 ³⁸.

389 3134 571 3195 cibos,
596 3133 877 3203 potiones,
916 3132 1086 3204 ligna,
1113 3131 1394 3195 animalia,
1427 3130 1704 3195 volucres,
1751 3145 1969 3194 aurum,
1998 3153 2044 3214 ο
2074 3129 2232 3186 Unde
2255 3130 2423 3189 etiam
2446 3141 2579 3203 post
2613 3132 2907 3188 transitura
2941 3133 3052 3190 diei
3079 3136 3218 3190 sexti
3244 3134 3437 3191 narrat
3472 3137 3659 3195 divina

386 3222 732 3292 smaragdos,
768 3221 1160 3286 carbunculus,
1212 3234 1407 3291 aquas,
1438 3226 1496 3275 et
1522 3218 1741 3287 reliqua
1789 3217 1975 3273 omnia

384 3331 513 3386 qua:
552 3324 686 3372 tunc
709 3315 933 3385 quidem
960 3315 1104 3370 facta
1135 3320 1266 3369 sunt
1297 3310 1549 3382 myStice,
1577 3308 1977 3367 convenienter

387 3408 620 3472 litterae,
673 3423 825 3463 nunc
863 3413 1050 3464 autem
1079 3406 1137 3461 in
1181 3404 1434 3463 Ecclesia
1487 3418 1620 3469 vere
1646 3390 1976 3459 cernuntur

385 3500 757 3571 spiritualiter
787 3499 1255 3556 considerandum
1292 3506 1379 3554 est
1426 3512 1561 3553 num
1602 3496 1722 3555 haec
1753 3507 1975 3565 quoque

387 3606 515 3662 quae
542 3606 692 3646 nunc
721 3591 791 3648 de
820 3590 1011 3647 sensili
1060 3588 1316 3660 paradiso
1354 3604 1386 3643 a
1420 3587 1566 3642 Moss
1606 3585 1977 3658 corporaliter

380 3683 594 3754 scripta
640 3690 790 3749 sunt,
825 3682 899 3738 ad
943 3681 1230 3739 Christum
1254 3690 1319 3738 et
1346 3681 1659 3739 Ecclesiam
1688 3679 1861 3736 relata
1892 3686 1978 3749 ty-

387 3773 516 3842 pice
564 3772 723 3842 prius
770 3771 1053 3843 descripta
1097 3772 1232 3836 sint,
1277 3770 1557 3840 siquidem
1616 3767 1844 3829 omnino
1874 3782 1976 3838 per

382 3863 669 3920 Christum
721 3864 868 3919 facta
894 3873 1027 3919 sunt
1050 3903 1066 3930 ,
1101 3861 1588 3935 praesigniﬁeantia
1624 3862 1747 3933 ejus
1789 3858 1974 3937 carnis

387 3954 821 4023 susceptionem.
855 3954 1163 4023 Sequenles
1211 3968 1344 4025 ergo
1372 3952 1663 4023 theologia
1695 3960 1972 4008 oratorem

385 4043 720 4113 Gregorium
762 4045 857 4115 qui
900 4044 1042 4100 dixit
1073 4043 1247 4100 Adam
1281 4059 1405 4100 esse
1433 4042 1727 4116 agricolam
1754 4043 1972 4113 planta-

384 4149 516 4189 rum
546 4133 946 4199 immortalium
977 4142 1034 4190 et
1057 4133 1374 4190 divinarum
1395 4134 1689 4191 notionum
1720 4133 1776 4187 in
1808 4147 1974 4204 para-

378 4226 511 4282 diso
540 4245 555 4280 :
579 4227 943 4285 ascendamus
961 4243 994 4283 a
1012 4227 1200 4285 littera
1227 4242 1350 4298 ante
1377 4226 1696 4298 occidit,.ad
1716 4224 1972 4297 spiritum

383 4316 482 4388 qui
543 4316 789 4372 viviﬁcat
824 4335 836 4370 :
870 4332 1088 4387 semper
1146 4317 1297 4383 enim
1353 4333 1510 4385 sacra
1570 4316 1756 4373 littera
1809 4316 1971 4375 simul

380 4408 638 4463 ascendit
665 4423 792 4464 cum
814 4408 1246 4471 ascendentibus
1270 4426 1284 4463 :
1311 4404 1381 4467 Et
1412 4409 1608 4463 exoriri
1628 4390 1762 4479 (fecit
1790 4407 1972 4465 Domi-

2076 3218 2367 3291 Scriptura
2388 3221 2589 3281 horum
2613 3223 2888 3294 lignorum
2912 3223 3370 3295 germinationem
3390 3268 3407 3295 ,
3422 3227 3531 3284 hoc
3551 3241 3656 3295 est,

2074 3319 2199 3379 post
2224 3307 2369 3366 diem
2392 3310 2618 3367 Sabbati
2642 3314 2826 3369 cultus
2851 3314 3082 3385 logitimi
3105 3315 3348 3383 ;dictum
3381 3327 3465 3374 est
3483 3318 3551 3376 de
3570 3320 3661 3376 his

2072 3401 2468 3459 ecclesiasticis
2520 3405 2773 3475 pulchris
2820 3407 3030 3479 lignis:
3070 3407 3315 3487 Laudato
3348 3411 3656 3483 Dominum,

2075 3489 2219 3562 ligna
2253 3494 2529 3564 fructifera
2560 3505 2609 3550 et
2657 3515 2837 3553 omnes
2870 3496 3096 3579 cedri“;
3123 3501 3193 3556 Et
3244 3520 3439 3561 rursus
3466 3504 3604 3564 dicit
3639 3527 3654 3563 :

2073 3578 2474 3639 Saturabuntur
2499 3584 2649 3657 ligna
2669 3588 2923 3659 campi",
2945 3578 3042 3661 qui
3079 3588 3219 3647 dicit
3245 3610 3258 3646 :
3293 3593 3408 3664 Ego
3440 3613 3557 3651 sum
3582 3601 3659 3654 vi-

2074 3673 2163 3739 tis,
2216 3680 2305 3729 vos
2340 3675 2610 3746 palmites,
2657 3691 2705 3732 et
2735 3678 2900 3735 Pater
2940 3698 3087 3737 meus
3119 3694 3195 3738 est
3239 3687 3555 3757 agricola".
3586 3686 3654 3745 ‘ln

2072 3761 2180 3821 hoc
2211 3766 2360 3820 enim
2414 3766 2757 3839 gloriﬁcatus
2788 3778 2874 3825 est
2914 3771 3078 3828 Pater
3123 3789 3280 3831 meus
3308 3787 3367 3833 ut
3414 3776 3654 3836 fructum

2072 3851 2287 3921 feratis,
2323 3865 2381 3912 et
2425 3858 2584 3914 eritis
2622 3859 2761 3916 mihi
2791 3860 3077 3933 discipuli.
3114 3865 3193 3922 De
3238 3867 3328 3923 his
3354 3869 3518 3938 lignis
3541 3873 3654 3928 cla-

2072 3942 2479 4007 mabatJudaais
2505 3949 2768 4008 Servatur
2792 3952 3013 4010 dicens:
3035 3955 3272 4013 Tolletur
3288 3979 3319 4015 a
3341 3963 3479 4019 vobis
3502 3966 3654 4022 vinea

2073 4051 2123 4096 et
2155 4042 2370 4099 dabitur
2398 4045 2495 4101 alii
2519 4047 2737 4117 facienti
2758 4049 2991 4120 fructum
3017 4054 3132 4123 ejus
3156 4055 3224 4109 ³⁸.

2146 4131 2227 4187 Ex
2261 4133 2350 4190 his
2379 4132 2631 4206 pulchris
2670 4136 2842 4209 lignis
2878 4138 2963 4211 (ut
2991 4155 3116 4211 quae
3154 4152 3341 4198 essent
3388 4145 3545 4201 utilia
3584 4147 3653 4202 ad

2073 4225 2500 4283 aediﬁcationem
2531 4227 2753 4299 scapha:
2775 4228 3057 4303 Ecclesiaz)
3081 4248 3208 4288 cum
3237 4234 3460 4304 quidam
3491 4254 3654 4296 accc-

2067 4316 2245 4387 pisset
2289 4316 2510 4383 dicebat
2547 4317 2893 4377 :Secundum
2938 4325 3170 4396 gratiam
3214 4323 3312 4381 Dei
3361 4344 3479 4398 qua:
3520 4338 3650 4385 dala

2074 4417 2149 4462 est
2195 4411 2346 4475 mihi,
2400 4419 2668 4482 tanquam
2711 4415 2926 4485 sapiens
2977 4418 3295 4473 architectus
3322 4420 3651 4490 fundamen-

386 4515 488 4554 nus
516 4497 658 4554 Deus
682 4498 861 4553 adhuc
889 4515 955 4553 ex
987 4508 1137 4554 terra
1158 4516 1321 4557 omne
1352 4499 1554 4572 lignum
1588 4500 1866 4571 pulchrum
1904 4502 1974 4571 ad
2002 4491 2051 4550 D
2077 4509 2189 4557 tum
2214 4504 2365 4572 posui
2382 4503 2450 4567 "7.
2480 4502 2561 4559 Ex
2588 4504 2681 4559 his
2710 4500 2961 4576 pulchris
2988 4505 3153 4579 lignis
3200 4508 3279 4564 illi
3331 4520 3461 4566 sunt
3494 4513 3652 4584 prius

383 4591 696 4657 silendum,
732 4600 789 4646 ,ει
816 4591 1010 4649 bonum
1042 4592 1113 4647 ad
1149 4592 1544 4650 comedendum.
1576 4591 1682 4651 Hic
1713 4592 1973 4648 convenit
2070 4593 2303 4650 radicati
2335 4604 2392 4650 et
2420 4596 2582 4666 prius
2614 4597 2847 4669 plantati
2870 4640 2885 4665 ,
2928 4601 3156 4671 speciosi
3196 4603 3352 4674 pedes
3384 4607 3625 4677 evangeli

383 4682 685 4753 diligenter
727 4698 984 4753 qumrere
1013 4682 1148 4753 quid
1179 4683 1254 4761 sit
1282 4691 1462 4749 ortus,
1506 4683 1606 4755 qui
1645 4682 1836 4741 Graece
1886 4693 1974 4741 est
2066 4686 2307 4743 zantium
2336 4703 2521 4757 pacem
2538 4687 2606 4741 ³⁰.
2639 4687 2700 4742 ln
2730 4688 2820 4745 his
2852 4689 3107 4761 pulchris
3139 4691 3306 4763 lignis
3335 4706 3465 4751 sunt
3502 4697 3652 4770 ligna

380 4773 731 4843 ἀνατολὴ,ιει
779 4774 914 4844 quid
958 4782 1116 4837 ortus
1141 4776 1239 4845 qui
1268 4784 1359 4835 est
1392 4774 1722 4847 .éﬁavatoifj.
1772 4776 1833 4831 In
1900 4776 1969 4833 iis

2075 4779 2351 4850 iustorum
2380 4779 2758 4850 plantatorum
2784 4780 2951 4852 juxta
2974 4783 3221 4839 decursus
3247 4803 3530 4858 aquarum,
3555 4791 3650 4861 qui

379 4879 507 4934 quae
534 4880 570 4919 e
601 4874 749 4925 terra
803 4865 946 4923 ﬁunt
996 4876 1053 4921 et
1101 4875 1440 4933 nascuntur,
1492 4866 1697 4927 dicitur
1741 4862 1968 4939 quidem
2071 4871 2306 4941 fructum
2352 4889 2511 4927 suum
2562 4872 2694 4929 dant
2726 4875 2782 4929 in
2815 4884 3049 4948 tempore
3069 4878 3258 4945 suo”;
3290 4874 3387 4935 ille
3423 4882 3650 4951 quidem

378 4954 570 5009 oriens
587 4960 809 5031 (nempe
837 4955 1153 5025 ἀνατέλλον)
1190 4956 1341 5027 quod
1367 4958 1554 5015 statim
1581 4958 1769 5033 primo
1800 4976 1967 5031 appa-
2072 4960 2295 5017 dicens:
2321 4960 2435 5033 Ego
2463 4972 2644 5019 autem
2668 4959 2926 5038 tanquam
2958 4968 3097 5023 oliva
3118 4970 3393 5041 fructifera
3414 4974 3470 5027 in
3493 4974 3648 5028 domo

379 5055 506 5111 ret;
529 5055 787 5105 exortum
815 5056 1005 5103 autem
1028 5047 1248 5119 (nempe
1266 5046 1647 5118 eammeam)
1664 5050 1813 5120 quod
1835 5067 1963 5107 cum
2066 5048 2171 5107 Dei
2186 5049 2267 5117 ³²;
2300 5060 2357 5107 et
2386 5051 2531 5107 alius
2554 5055 2799 5122 psallens
2824 5054 3115 5114 :Dominus
3144 5061 3311 5129 pascit
3336 5078 3417 5114 me
3439 5072 3487 5115 et
3516 5063 3650 5118 nihil
3714 5116 3719 5121 .

377 5139 721 5195 emarcuerit.
771 5147 833 5197 et.
887 5139 1222 5213 epiceatum
1255 5139 1443 5205 fuerit,
1479 5157 1673 5197 rursus
1716 5144 1964 5198 exoritur
2071 5144 2201 5198 mihi
2233 5143 2515 5199 deerit:in
2560 5146 2671 5200 loco
2697 5164 2907 5219 pascuis
2950 5150 3023 5204 ibi
3053 5168 3135 5205 me
3157 5151 3449 5217 cailocavit,
3488 5172 3644 5227 super

377 5230 629 5285 «eundo
660 5231 855 5289 ordine
891 5247 993 5301 per
1026 5240 1324 5305 Haquamet
1347 5234 1700 5305 agriculturae
1731 5235 1966 5309 diligem
2067 5252 2266 5305 aquam
2290 5235 2585 5307 refectionis
2617 5241 2860 5295 educavit
2891 5258 2972 5295 me
2987 5243 3049 5295 ³³.
3075 5242 3232 5297 Alius
3259 5262 3271 5296 :
3300 5244 3482 5299 Justus
3510 5248 3644 5303 sicut

375 5321 594 5405 tiamet
624 5323 984 5381 industriam.
1003 5323 1375 5392 Quamobrem
1391 5325 1633 5385 dilucide
1662 5326 1959 5387 admodum
2052 5326 2248 5397 palma
2276 5329 2568 5399 ﬂorebil“.
2596 5326 2661 5385 Et
2694 5332 2835 5387 alius
2871 5351 2883 5385 :
2917 5328 3064 5388 Sicut
3084 5334 3365 5407 juniperus
3389 5336 3555 5391 densa
3572 5339 3640 5392 ³⁸.

374 5402 719 5499 “apposite.
729 5413 1037 5471 dictumst
1062 5415 1381 5484 prophetiae
1401 5415 1472 5473 de
1498 5416 1747 5476 Ecclesia
1778 5418 1960 5479 :Eso-
2063 5418 2131 5475 Et
2176 5418 2318 5476 alius
2355 5437 2368 5474 :
2399 5417 2545 5476 Sicut
2577 5421 2718 5476 salis:
2754 5422 2827 5477 ad
2849 5439 3045 5495 aquam
3084 5402 3552 5499 printer/tuentem
3572 5429 3638 5485 “.
3736 5468 3743 5473 -

375 5502 477 5555 riri
500 5501 621 5571 fecit
651 5483 824 5558 adhuc
853 5503 1110 5558 Dominus
1147 5483 1288 5560 Deus
1321 5521 1349 5558 e
1381 5515 1525 5560 terra
1572 5522 1725 5563 omne
1755 5508 1959 5581 lignum
2062 5510 2131 5567 Et
2159 5530 2170 5564 :
2194 5508 2341 5567 Sicut
2367 5528 2556 5583 pomus
2576 5512 2632 5567 in
2659 5514 2813 5585 lignis
2830 5483 2978 5569 silva:
2998 5556 3012 5581 ,
3049 5483 3250 5572 et'sicut
3273 5483 3568 5590 oppressus,
3590 5530 3647 5577 et

445 5641 661 5720 “lissi.
686 5659 830 5709 ων,
857 5644 913 5720 3_.
966 5642 1032 5720 _“
1059 5643 1201 5701 Psal.
1233 5641 1533 5720 εξιςριινιιιεθ1
1601 5648 1648 5720 ’_'
1680 5647 1823 5720 Psal.
1848 5665 1959 5711 Cl",
1988 5649 2109 5720 176.;
2151 5651 2197 5683 "
2229 5651 2388 5707 Joan.
2419 5666 2509 5715 xv,
2531 5650 2585 5720 5.
2650 5651 2708 5683 "°
2729 5650 2919 5707 Matth.
2952 5670 3061 5720 xxx,
3252 5655 3351 5711 ’³1
3379 5655 3508 5712 Cor.

376 5710 467 5771 10.
542 5710 721 5769 “13a.
755 5729 844 5777 ιιι,
876 5713 1127 5780 7;Rom.
1159 5730 1213 5780 x,
1242 5715 1330 5769 l5.
1436 5710 1483 5748 7"
1509 5716 1651 5772 Psal.
1678 5734 1718 5782 ι,
1747 5717 1801 5772 '5.
1910 5710 1954 5751 ’ί

393 5781 596 5842 "ibid.
671 5783 716 5815 ³⁸
747 5782 852 5839 lsa.
875 5786 1081 5850 xuv,4.

2075 5718 2137 5773 al.
2174 5732 2254 5784 ιι,
2290 5720 2375 5773 10.
2481 5710 2525 5753 ³’³
2554 5719 2696 5775 Psal.
2734 5738 2865 5786 xxn,
2901 5727 2951 5789 l,
2974 5710 3061 5783 2.,
3137 5723 3186 5757 "‘
3212 5710 3356 5781 Psal.
3385 5710 3506 5794 se};
3547 5710 3638 5786 δῖ

621 5876 895 5941 Paeon.
928 5880 1043 5941 Gn.
1080 5880 1406 5944 LXXXIX.
3241 5888 3315 5956 31
3437 5855 3440 5858 ’
3536 5904 3596 5989 ,δέ
