4056 6148
348 287 500 354 eam
850 371 855 375 _
1508 342 1511 345 ,
1691 289 2090 353 ANASTASII
2132 293 2454 357 sucum
3565 311 3668 375 9:2

395 408 547 475 picea
577 412 625 456 et
675 401 863 457 cedrus
882 404 949 468 ³⁷,
996 403 1167 459 odore
1200 406 1593 476 periundentia
1631 419 1687 464 et
1726 412 1984 466 ornantia
2014 421 2058 478 Α
2086 425 2276 471 autem
2311 416 2519 487 lignum
2554 416 2623 471 ad
2654 417 3062 474 comedendum
3096 419 3153 475 in
3187 421 3448 491 paradiso
3477 424 3667 485 Eccle-

316 492 323 503 '
398 502 618 562 pratum
651 493 998 559 Eeclesia:,in
1024 511 1137 566 quo
1160 499 1367 553 exoriri
1397 498 1529 554 fecit
1551 500 1823 557 Dominus
1838 502 1984 558 Deus
2084 507 2183 563 site
2205 517 2291 563 est
2312 509 2494 564 omnis
2524 508 2723 565 doctor
2748 511 3118 579 orthodoxus,
3142 514 3299 570 alens
3321 515 3671 586 dogmatibus

395 587 583 642 adhuc
609 594 665 641 et
692 586 877 642 adhuc
898 594 958 642 et
983 586 1038 640 in
1073 591 1336 645 saeculum
1364 591 1552 646 saeculi
1590 609 1744 647 omne
1781 593 1982 665 lignum
2086 615 2221 657 oves
2251 604 2436 673 gregis
2460 602 2695 670 Christi,
2725 614 2783 658 et
2820 605 3029 660 nullam
3063 606 3411 663 mortiferam
3441 621 3540 667 aut
3568 629 3667 668 no-

396 682 675 753 pulchrum
726 680 801 735 ad
822 680 1127 746 videndum,
1156 691 1208 735 et
1246 683 1440 738 bonum
1473 686 1544 739 ad
1575 684 1978 740 comedendum.

315 767 322 781 “
394 772 634 827 Pulchra
664 770 813 843 ligna
838 782 970 828 sunt
997 772 1090 827 illa
1115 773 1185 829 de
1211 774 1419 839 quibus
1445 775 1587 830 dixit
1610 777 1760 832 Deus
1787 795 1800 830 :
1823 777 1981 832 Juve-

393 880 486 919 nes
505 863 669 918 vestri
694 863 919 917 uisiones
940 862 1212 929 uidebunt,
1238 873 1288 918 et
1308 867 1539 922 seniores
1564 868 1744 922 divina
1772 871 1981 924 somnia

391 956 818 1012 somniabunt“.
848 957 1149 1013 Pulchrum
1184 958 1398 1029 lignum
1425 959 1496 1015 ad
1521 959 1825 1016 videndum
1858 971 1982 1018 erat

393 1047 532 1102 illud
556 1047 707 1117 quod
727 1046 868 1102 dicit
898 1065 913 1100 :
945 1046 1096 1103 Oculi
1131 1048 1233 1101 mei
1258 1065 1466 1119 semper
1504 1050 1578 1104 ad
1604 1050 1893 1105 Dominum
1909 1052 1976 1106 ³³.

393 1141 633 1198 Pulchra
659 1142 809 1213 ligna
838 1141 907 1197 ad
945 1141 1247 1196 videndum
1284 1156 1415 1197 sunt
1447 1144 1542 1214 qui
1568 1143 1777 1199 habent
1805 1145 1978 1200 visio-

393 1249 520 1291 nem
548 1234 769 1304 qualem
804 1232 996 1287 habuit
1015 1233 1215 1287 videns
1238 1234 1335 1288 Dei
1359 1235 1631 1291 visionem
1660 1235 1853 1292 Daniel
1881 1237 1977 1307 qui

390 1325 616 1381 dicebat
647 1342 661 1379 :
697 1323 1111 1394 Contemplabar
1133 1325 1190 1378 in
1208 1326 1406 1379 visione
1430 1327 1595 1380 noctis
1623 1326 1785 1381 donec
1805 1329 1980 1383 throni

388 1416 547 1485 positi
562 1416 779 1486 {uerunt
793 1415 861 1472 ⁸ο,
877 1413 1067 1469 Talem
1082 1404 1278 1471 habuit
1291 1416 1560 1471 visionem
1572 1400 1739 1472 Isaias
1756 1432 1977 1488 quoque

387 1507 484 1577 qui
512 1506 735 1563 dicebat
759 1525 771 1560 :
797 1506 914 1561 Vidi
941 1506 1228 1562 Dominum
1261 1508 1527 1563 sedentem
1547 1525 1706 1581 super
1727 1512 1978 1564 thronum

387 1598 649 1654 ercelsum
670 1608 720 1653 et
746 1598 950 1654 elatum
969 1599 1037 1654 δι.
1069 1600 1354 1671 Ejusmodi
1381 1601 1673 1672 pulchram
1704 1601 1975 1658 visionem

387 1692 665 1764 signiﬁcat
703 1707 928 1762 quoque
968 1692 1016 1747 is
1045 1693 1141 1763 qui
1173 1694 1312 1750 dicit
1346 1712 1359 1747 :
1393 1694 1510 1766 Ego
1536 1695 1761 1760 dormio,
1810 1705 1860 1749 et
1887 1712 1976 1750 cor

386 1801 563 1840 meum
585 1786 773 1856 vigilat
792 1786 861 1839 “.
892 1785 1043 1841 Talis
1075 1796 1196 1841 erat
1221 1787 1426 1842 Paulus
1455 1787 1862 1858 qui'spirituali
1890 1789 1970 1842 vi-

386 1879 543 1934 sione
579 1878 886 1949 aspiciebat
937 1878 1255 1934 Dominum.
1298 1880 1389 1945 Et,
1427 1890 1490 1934 ut
1538 1880 1709 1935 semel
1765 1880 1973 1944 dicam,

385 1983 548 2025 mens
569 1968 754 2024 omnis
776 1969 1068 2040 perspicax
1090 1979 1148 2026 et
1174 1978 1302 2040 apta
1322 1970 1389 2026 ad
1415 1970 1660 2027 divinam
1678 1970 1974 2035 visionem,

387 2058 599 2117 dicitur
628 2075 750 2117 esse
783 2061 954 2116 arbor
991 2062 1225 2132 pulchra
1272 2063 1339 2117 ad
1374 2061 1674 2118 videndum
1719 2080 1735 2116 :
1764 2062 1975 2117 bonum

416 2255 586 2276 η...-

2085 694 2232 748 xiam
2264 695 2347 750 cis
2378 710 2667 766 apponens
2701 695 3093 767 disciplinam;
3137 700 3235 755 sed
3281 700 3338 755 in
3370 717 3431 758 se
3458 702 3670 769 habens

2083 784 2299 841 fructus
2335 786 2514 841 sancti
2538 786 2803 857 Spiritus,
2819 804 2962 858 quos
2985 797 3043 844 ct
3067 791 3404 861 germinavit
3430 794 3672 866 Aposto-

2082 877 2172 932 lus
2200 885 2259 932 et
2283 879 2686 934 enumeravit“
2704 918 2720 945 ,
2756 881 3114 947 charitatem,
3142 883 3670 956 gaudium,pacem,

2079 968 2503 1039 benignitatem,
2539 971 3041 1043 longanimitatem,
3095 962 3431 1043 bonitatem,
3480 979 3670 1047 ﬁdem,

2081 1062 2595 1131 mansuetudinem,
2622 1064 3047 1131 continentiam,
3069 1075 3128 1122 et
3159 1083 3282 1138 qua:
3311 1078 3445 1125 sunt
3468 1070 3556 1127 his
3590 1074 3670 1129 si-
3734 1076 3745 1083 ’

2079 1153 2258 1210 milia.
2294 1155 2565 1210 Sicrmihi
2595 1156 2841 1223 videtur,
2880 1158 2939 1214 in
2970 1157 3243 1220 Ecclesia.
3291 1176 3414 1217 esse
3464 1162 3674 1219 intelli-

2078 1246 2258 1317 genda
2296 1247 2446 1318 ligna
2476 1250 2708 1320 pulchra
2739 1249 2809 1306 ad
2840 1250 3043 1315 visum,
3073 1259 3134 1306 et
3181 1252 3329 1308 bona
3361 1253 3431 1308 ad
3484 1269 3675 1311 come-

2078 1338 2346 1407 dendum,
2379 1348 2437 1395 et
2462 1343 2711 1413 apposite
2737 1344 2996 1400 facientia
3039 1344 3313 1413 fructum,
3339 1348 3503 1418 quale
3530 1349 3675 1406 dixit

2078 1430 2292 1500 lignum
2322 1432 2474 1500 vitae,
2514 1433 2715 1490 dicens
2746 1453 2760 1490 :
2790 1435 2936 1491 Meus
2968 1446 3045 1491 est
3079 1437 3224 1493 cibus
3256 1448 3315 1492 ut
3349 1441 3549 1511 faciam
3577 1459 3673 1497 voc

2079 1522 2341 1579 luntatem
2372 1524 2554 1581 Patris
2584 1528 2690 1583 mei
2708 1528 2776 1584 “.
2811 1529 2877 1585 Ei
2901 1529 3074 1601 gloria
3104 1538 3163 1586 et
3188 1533 3439 1601 potentia
3469 1534 3525 1590 in
3567 1551 3672 1591 sa!-

2078 1614 2203 1669 cula
2233 1616 2585 1672 saeculorum.
2623 1619 2823 1676 Amen.

2010 1766 2051 1825 Β
2081 1743 2222 1800 Finis
2265 1745 2385 1801 libri
2406 1749 2617 1831 septimi
2655 1722 2704 1802 et
2739 1734 3034 1821 corporalis
3073 1766 3166 1805 sea:
3194 1751 3402 1807 dierum.
3439 1754 3667 1807 creatio-

2153 1839 2234 1891 nis
2267 1847 2591 1909 :postquam
2640 1840 2703 1893 de
2736 1848 2925 1894 caetero
2960 1849 3038 1895 est
3077 1842 3400 1912 principium
3434 1857 3583 1898 nova
3606 1842 3665 1897 in

2151 1926 2360 1985 Christo
2396 1941 2656 1987 creatura!
2684 1934 3108 2002 priestantiorem
3138 1934 3202 1988 iis
3234 1949 3353 2005 quis
3379 1935 3520 1990 dicta
3539 1946 3667 1990 sunt

2150 2020 2349 2073 habens
2371 2021 2798 2093 intelligentiam.

1587 2264 3649 2291 ...η-...Μ

1532 2421 1889 2510 LIBER
1962 2419 2543 2520 OCTAVUS.
2610 2480 2613 2483 -

1073 2630 1156 2672 BE
1200 2630 1451 2675 DUOBUS
1490 2631 1703 2676 ‘LIGN’IS
1748 2631 1829 2675 ΕΤ
1872 2632 1977 2685 QUJ

2075 2632 2175 2676 iOR
2240 2634 2630 2680 FLUMINIBUS
2669 2639 2988 2684 ΡΑιιΑυιςι.

2001 2792 2070 2812 δ-

450 2916 528 2972 Ὲι
551 2916 748 2973 exoriri
766 2917 884 2988 fecit
916 2919 1088 2974 adhuc
1114 2915 1368 2973 Dominus
1393 2918 1534 2973 Deus
1559 2935 1622 2974 ea:
1643 2927 1787 2973 terra
1814 2934 1971 2974 omne
1998 2923 2043 2988 ο
2076 2921 2181 2976 ctis
2206 2935 2431 2994 quoque
2458 2920 2723 2978 Patribus
2745 2920 2972 2977 minime
2988 2920 3095 2978 fuit
3116 2924 3471 2982 consentiens
3499 2925 3571 2982 de
3590 2926 3662 2983 iis

388 3011 591 3083 lignum
608 3009 882 3083 pulchrum
911 3011 980 3064 ad
1002 3004 1287 3065 videndum
1320 3020 1369 3065 et
1403 3009 1596 3066 bonum
1613 3011 1684 3065 ad
1699 3011 1975 3067 comeden-

385 3102 534 3168 dum,
576 3110 624 3154 et
671 3100 873 3173 lignum
915 3100 1037 3154 vita:
1074 3101 1129 3153 in
1158 3101 1326 3154 medio
1366 3101 1605 3163 paradisi
1629 3139 1644 3164 ,
1680 3111 1730 3154 et
1771 3100 1973 3171 lignum

382 3194 584 3248 sciendi
614 3193 668 3247 id
701 3191 840 3264 quod
878 3192 1120 3263 cognosci
1149 3199 1315 3262 potest
1342 3193 1465 3247 boni
1503 3199 1553 3246 et
1592 3192 1746 3248 mali.
1779 3193 1972 3265 Magna

389 3286 553 3341 nobis
602 3301 745 3353 Opus
778 3292 866 3340 est
925 3284 1296 3356 inspiratione
1332 3293 1390 3341 et
1442 3285 1854 3341 illuminatione
1904 3286 1973 3342 ad

384 3390 579 3451 aperte
620 3377 1002 3446 aspiciendum
1049 3386 1106 3434 et
1139 3376 1436 3433 dicendum
1482 3393 1738 3449 quaenam
1772 3378 1972 3434 horum

386 3473 624 3528 iluorum
666 3472 945 3545 lignorum
978 3486 1112 3526 vera
1149 3471 1219 3527 sit
1246 3470 1490 3526 essentia
1534 3481 1592 3527 et
1634 3470 1968 3528 substantia.

367 3565 456 3621 'Et
501 3563 652 3636 quod
693 3579 819 3635 quae
862 3560 1088 3617 silentio
1137 3559 1407 3631 praeteriit
1443 3558 1727 3630 Scriptura
1784 3554 1973 3615 divina

382 3672 499 3713 non
531 3657 645 3713 sint
691 3654 1020 3719 scrutanda,
1051 3660 1136 3710 est
1170 3652 1550 3725 perspicuum.
1585 3651 1781 3708 Omnia
1824 3653 1972 3708 enim

367 3767 510 3822 quae
559 3749 773 3805 faciunt
817 3747 887 3803 ad
914 3754 1163 3803 nostram
1206 3746 1504 3801 utilitatem
1545 3738 1890 3816 dispensavit
1912 3738 1973 3800 et

384 3840 801 3898 administravit
846 3836 1091 3910 Spiritus
1136 3845 1388 3894 sanctus.
1421 3837 1579 3895 Unde
1630 3837 1798 3892 etiam
1834 3852 1864 3891 a
1889 3852 1977 3892 sa-

382 3931 666 4004 pientibus
694 3927 1229 3986 commentatoribus
1260 3927 1413 3982 nulla
1438 3927 1508 3983 de
1551 3926 1620 3983 iis
1649 3925 1815 3998 lignis
1844 3925 1973 3981 data

382 4034 471 4082 est
498 4021 774 4079 sententia
794 4029 853 4076 et
883 4020 1202 4091 conjectura
1229 4033 1294 4074 ac
1318 4019 1529 4090 opinio.
1561 4018 1699 4073 Nam
1721 4017 1977 4088 superio-

382 4132 476 4174 res
515 4113 744 4187 quidem
794 4113 1157 4182 interpretes,
1192 4110 1520 4183 accipiendo
1574 4124 1677 4181 pro
1727 4119 1975 4164 contem-

376 4206 630 4279 platione
671 4207 773 4261 bas
798 4204 938 4260 duas
976 4204 1198 4276 plantas
1234 4203 1613 4260 celebrarunt.
1645 4202 1754 4259 Alii
1787 4210 1972 4257 autem

384 4273 534 4373 quod
560 4314 671 4355 non
691 4273 1059 4353 sintsensiles
1080 4304 1141 4351 et
1173 4295 1282 4351 cibi
1318 4314 1331 4350 :
1367 4288 1756 4352 Theodoretus
1785 4303 1972 4351 autem
2004 4273 2049 4329 Ῑ)

383 4393 647 4468 Cyrensis
682 4389 824 4446 dixit
852 4388 1016 4444 ticum
1052 4404 1176 4444 esse
1205 4387 1415 4459 lignum
1446 4386 1662 4444 fructus
1689 4402 1855 4458 quem
1880 4400 1973 4444 co-

385 4484 561 4540 medit
600 4482 775 4538 Adam
815 4477 1120 4535 :similiter
1175 4478 1343 4535 etiam
1405 4477 1737 4535 Theodorus
1770 4478 1971 4535 Antio-

386 4579 624 4644 chenus,
648 4576 906 4632 similiter
931 4574 1099 4631 etiam
1145 4574 1336 4630 infelix
1359 4575 1662 4646 Origenes:
1686 4562 1968 4632 infelicem

385 4686 515 4725 eum
552 4683 723 4731 voco,
758 4667 1024 4737 quoniam
1050 4681 1177 4722 cum
1212 4668 1419 4722 multos
1444 4675 1501 4722 et
1538 4666 1704 4722 utiles
1739 4666 1977 4724 sudores

386 4758 640 4814 emiserit
670 4756 725 4811 in
760 4755 1029 4820 Ecclesia,
1064 4767 1122 4811 et
1147 4771 1368 4811 omnem
1401 4764 1648 4811 veterem
1675 4764 1732 4812 et
1773 4770 1974 4813 novam

374 4850 735 4921 ‘Scripturam
783 4848 852 4903 ad
901 4847 1133 4903 verbum
1174 4847 1248 4902 sit
1291 4847 1733 4918 interpretatus;
1782 4859 1977 4920 postea

286 5008 289 5011 ἱ
376 4944 536 4999 sicut
560 4943 731 4999 etiam
762 4938 1042 4997 Eusebius
1066 4938 1460 5004 Palaestinaeus,
1496 4954 1527 4995 a
1565 4939 1801 4996 veritate
1828 4943 1979 4997 exci-

387 5036 492 5092 dit.
535 5034 674 5092 Cum
720 5048 852 5106 ergo
910 5031 1152 5103 Spiritus
1199 5039 1424 5087 sanctus
1476 5032 1674 5088 horum
1736 5032 1975 5089 duorum

382 5113 667 5201 lignorum
718 5126 1146 5198 appellationem
1180 5132 1238 5180 et
1265 5133 1519 5180 naturam
1554 5124 1717 5180 nobis
1760 5124 1981 5180 siluerit

386 5230 446 5276 et
468 5219 790 5283 occultarit,
827 5225 915 5273 est
954 5217 1315 5289 perspicuum
1346 5215 1495 5287 quod
1535 5230 1646 5271 non
1681 5224 1768 5273 est
1787 5215 1980 5271 Eccle-

388 5315 486 5371 size
514 5311 852 5375 necessaria,
887 5325 1073 5382 neque
1102 5308 1258 5364 utilis
1281 5324 1474 5364 eorum
1500 5324 1621 5379 quae
1651 5324 1680 5362 a
1713 5309 1825 5363 Deo
1849 5318 1980 5363 sunt

386 5405 659 5463 absconsa
683 5401 975 5460 'scrutatio
1008 5410 1065 5457 et
1091 5400 1484 5458 manifestatio.
1514 5399 1654 5454 Hinc
1680 5400 1827 5455 enim
1852 5388 1982 5454 san-

462 5560 507 5594 ³⁷
537 5559 697 5615 Cant.
727 5574 789 5622 ιι,
816 5558 883 5625 5;
920 5557 1092 5612 Eccli.
1129 5573 1277 5621 xxxv,
1316 5556 1404 5610 l7.
1535 5554 1580 5587 ⁸⁸
1619 5554 1736 5609 Joel
1781 5569 1839 5618 It,
1870 5552 1960 5625 28ζ

383 5631 437 5663 δ’
463 5628 620 5683 Cant.
646 5644 701 5692 v,
727 5628 784 5680 2.
888 5627 933 5658 ’⁸³
959 5625 1135 5681 Galat.
1172 5644 1227 5693 γ,
1257 5627 1352 5682 22.
1385 5626 1475 5680 25.

388 5696 441 5729 *⁸
469 5696 624 5753 loan.
662 5712 769 5753 xxv.
802 5697 892 5753 -l9.

1575 5625 1619 5657 “’
1646 5627 1803 5681 Joan.
1836 5640 1908 5689 Iv,
1937 5622 2024 5677 54.

2077 3013 2527 3084 comprehensio.

2144 3104 2225 3161 Ne
2254 3104 2501 3176 inquth
2525 3119 2658 3177 ergo
2688 3105 2935 3162 Ecclesia
2982 3116 3235 3164 naturam
3274 3107 3474 3164 borum
3511 3109 3661 3165 duo-

2077 3211 2197 3250 rum
2221 3195 2529 3268 lignorum;
2559 3197 2656 3253 sed
2686 3197 2875 3268 potius
2903 3199 3192 3270 cuiusnam
3227 3200 3338 3272 typi
3371 3216 3435 3255 ac
3476 3202 3663 3273 figura:

2076 3296 2207 3341 sunt
2233 3286 2350 3342 haec
2383 3286 2496 3342 duo
2519 3285 2687 3357 ligna,
2711 3297 2770 3343 et
2789 3289 3324 3358 quisnam-vivificus
3357 3290 3577 3347 fructus
3596 3307 3663 3347 ac

2075 3378 2255 3445 cibus,
2287 3392 2356 3434 ex
2380 3392 2648 3448 quocum
2675 3379 2923 3450 quipiam
2968 3381 3273 3437 comederit
3298 3381 3356 3436 in
3388 3383 3658 3451 Ecclesia,

2075 3470 2249 3535 vivet,
2282 3478 2357 3526 'et
2400 3485 2514 3525 non
2547 3472 2821 3528 morietur
2865 3473 2922 3527 in
2952 3480 3245 3528 aeternum.
3300 3474 3438 3541 Quis
3472 3484 3658 3530 autem

2078 3574 2275 3616 rursus
2302 3560 2446 3616 alius
2473 3559 2711 3627 fructus,
2733 3577 2801 3618 ex
2829 3578 2940 3633 quo
2962 3578 3085 3619 cum
3106 3564 3382 3636 quispiam
3401 3570 3658 3635 gustarit,

2075 3664 2233 3706 suam
2261 3650 2479 3707 videbit
2520 3651 2830 3710 nuditatem
2867 3656 2925 3708 et
2953 3654 3239 3725 pudorem,
3288 3669 3346 3709 et
3389 3657 3660 3712 morietur

2075 3753 2256 3799 morte
2289 3753 2516 3800 aeterna.
2551 3745 2650 3800 Est
2673 3745 2820 3801 enim
2865 3746 3241 3801 adnotandum
3291 3749 3437 3817 quod
3466 3763 3535 3804 ex
3574 3749 3662 3805 bis

2074 3836 2242 3908 lignis
2266 3836 2504 3892 alterum
2536 3836 2762 3907 quidem
2794 3836 2957 3892 nobis
2975 3838 3183 3908 pra-bet
3209 3837 3400 3903 vitam,
3420 3840 3659 3894 alterum

2075 3939 2261 3985 autem
2299 3936 2386 3987 est
2429 3928 2676 3986 etﬁciens
2705 3929 2925 3984 mortis.
2966 3928 3077 3996 Qui
3119 3929 3345 3999 quidem
3376 3930 3491 3985 duo
3525 3931 3657 3995 cibi,

2079 4023 2309 4078 fuerunt
2341 4022 2487 4078 forte
2524 4020 2774 4094 symbola
2794 4021 3039 4097 virtutis
3057 4031 3114 4077 et
3134 4021 3257 4077 vitii
3292 4039 3307 4076 :
3345 4032 3403 4078 et
3434 4022 3661 4079 virtutis

2078 4115 2300 4186 quidem
2356 4113 2590 4186 frugifer
2631 4114 2794 4169 dator
2844 4122 2930 4168 est
2955 4112 3235 4177 Christus,
3273 4124 3440 4183 quem
3502 4114 3660 4186 prius

2078 4207 2432 4263 describebat
2458 4205 2591 4260 illud
2615 4204 2827 4276 lignum
2847 4204 2995 4259 vitae.
3012 4204 3082 4259 Et
3106 4205 3233 4260 ideo
3263 4214 3524 4276 tanquam
3547 4206 3663 4261 vita

2077 4308 2134 4355 et
2165 4297 2425 4354 viviﬁcus
2453 4297 2728 4353 clamabat
2758 4313 2773 4351 :
2810 4297 2922 4368 Ego
2967 4313 3086 4352 sum
3129 4298 3239 4352 vita
3263 4297 3332 4351 ⁸³.
3363 4299 3521 4353 -—In
3548 4300 3663 4369 ipso

2079 4392 2229 4446 enim
2259 4390 2369 4445 vita
2419 4397 2559 4454 erat,
2601 4399 2651 4443 et
2693 4390 2804 4443 vita
2828 4398 2947 4443 erat
2986 4388 3081 4444 tua:
3131 4389 3488 4444 hominum“.
3536 4391 3662 4446 Vita

2076 4482 2226 4538 enim
2278 4490 2464 4537 nostra
2496 4482 2754 4537 absconsa
2802 4490 2876 4534 est
2911 4481 2977 4534 in‘
3007 4478 3216 4535 Christo
3233 4480 3301 4535 ".
3336 4480 3407 4537 Et
3438 4481 3664 4551 quando

2076 4574 2463 4631 manifestatus
2496 4572 2669 4629 fuerit
2685 4572 2941 4629 Christus
2973 4572 3087 4649 vita
3116 4580 3328 4637 nostra,
3358 4572 3667 4628 viviﬁcabit

2075 4677 2298 4723 mortua
2324 4680 2558 4738 corpora
2585 4673 2780 4720 nostra
2801 4704 2816 4730 ,
2843 4664 2942 4734 qui
2966 4663 3107 4718 dicit
3136 4682 3149 4717 :
3186 4663 3252 4717 Et
3293 4671 3353 4716 ut
3384 4665 3523 4717 sicut
3568 4679 3665 4735 ego

2074 4761 2264 4825 ulvo,et
2288 4776 2376 4814 vos
2392 4758 2580 4814 vivatis
2592 4759 2660 4811 ⁸⁸.
2677 4755 2886 4813 Vivens
2914 4756 3063 4812 enim
3081 4754 3325 4812 Verbum
3349 4753 3449 4810 Dei
3473 4762 3532 4810 et
3552 4755 3668 4810 vita

2074 4860 2132 4905 et
2150 4849 2513 4916 resurrectio,
2549 4847 2832 4919 quomodo
2859 4863 3056 4904 rursus
3083 4852 3237 4904 mors
3268 4855 3356 4903 est
3390 4846 3667 4919 malignus

2077 4941 2334 4998 diabolus
2375 4956 2540 5012 quem
2588 4926 2941 5013 signiﬁcabat
2984 4940 3225 4997 alterum
3273 4940 3485 5011 lignum
3514 4939 3665 5011 quod

2077 5030 2286 5087 dicitur
2323 5048 2337 5084 :
2365 5028 2518 5096 Quod
2540 5029 2781 5103 cognosci
2809 5038 2977 5103 potest
3013 5031 3137 5085 boui
3159 5038 3211 5084 et
3238 5030 3389 5085 mali.
3428 5031 3481 5086 ls
3508 5030 3667 5101 prius

2079 5123 2305 5195 quidem
2335 5134 2456 5179 erat
2502 5123 2739 5193 pulcher
2786 5122 3014 5194 quando
3057 5122 3167 5179 fuit
3198 5122 3402 5189 iactus,
3433 5131 3493 5178 et
3538 5122 3666 5179 ideo

2078 5216 2187 5273 fuit
2213 5216 2540 5287 appellatus,
2598 5215 2839 5286 primum
2865 5215 3093 5285 quidem
3130 5215 3342 5286 lignum
3394 5214 3544 5284 quod
3572 5229 3677 5294 (ποτ

2079 5307 2269 5378 gnosci
2304 5314 2488 5376 potest
2516 5305 2679 5372 boni;
2723 5305 2928 5361 deinde
2965 5306 3133 5361 etiam
3178 5305 3306 5362 mali
3345 5305 3665 5361 letbiferum

2079 5398 2290 5470 lignum
2337 5396 2618 5453 diabolus.
2666 5397 2745 5453 De
2806 5413 2918 5469 quo
2974 5396 3113 5452 dicit
3160 5395 3366 5453 Judteis
3406 5395 3667 5453 Christus

3288 5550 3332 5582 “
3373 5549 3480 5606 lsa.
3510 5547 3664 5613 v1.4.

2734 5552 2781 5583 ⁸⁸
2814 5551 2951 5608 Dan.
2972 5567 3065 5618 vn,
3099 5551 3153 5608 9.
3288 5551 3332 5582 “
3373 5551 3480 5619 lsa.
3510 5563 3584 5613 vt,
3606 5551 3651 5604 ιι

2750 5621 2910 5678 Joan.
2942 5641 2981 5685 ι,
3021 5624 3074 5676 ι.
3185 5622 3227 5655 δ’
3250 5620 3465 5679 Coloss.
3503 5623 3651 5685 111,3.

2683 5623 2728 5655 “
2750 5621 2910 5678 Joan.
2942 5641 2981 5688 ι,
3021 5624 3074 5676 ι.

2075 5551 2118 5583 ³⁸
2156 5551 2297 5607 Psal.
2333 5566 2480 5617 xxxv,
2513 5551 2601 5607 i5.

2118 5622 2165 5654 "
2198 5624 2352 5681 Joan.
2378 5638 2449 5688 ιι,
2486 5621 2576 5678 25.
