4056 6148
427 300 532 367 973

1481 301 1563 364 IN
1604 294 2152 362 HEXAEMERON-
2178 322 2247 333 -·
2270 298 2415 359 LIB.
2455 299 2620 361 VIII.

3562 297 3667 363 974

429 427 539 474 vita
577 435 590 471 :
631 414 728 472 Vos
770 433 833 471 ea:
862 425 1012 487 patre
1047 426 1217 472 uestro
1239 417 1447 471 diabolo
1470 420 1613 479 estis,
1637 416 1730 471 ille
1747 416 1809 470 ab
1847 413 2072 475 initio~A
2100 426 2232 468 cens
2284 414 2607 470 mulieribus
2650 413 3079 469 iamentantibus
3131 423 3189 468 et
3233 413 3617 484 plangentibus
3648 433 3665 472 :

431 507 797 563 est‘homicida
816 508 861 540 δ’
884 525 898 572 ;
926 508 991 561 Et
1014 508 1109 595 qui
1127 507 1375 562 comedit
1387 516 1457 562 ex
1476 507 1583 562 hoc
1609 506 1791 560 fructu
1814 512 1992 558 morte
2097 503 2245 558 Filias
2263 504 2581 572 Jerusalem,
2612 506 2772 561 nolite
2795 510 2922 578 ﬂere
2943 523 3103 578 super
3124 522 3227 571 me,
3253 506 3344 559 sed
3366 509 3484 577 [lete
3512 524 3675 578 super

434 600 722 654 morietur.
755 598 813 653 Si
843 610 1028 653 autem
1046 599 1250 668 quaaris
1276 613 1383 668 qua
1412 600 1479 652 de
1507 612 1674 653 causa
1703 596 1995 651 abscondit
2098 610 2185 649 vos
2213 605 2262 649 et
2289 596 2427 665 ﬁlios
2458 608 2654 653 uestros
2681 618 2698 664 ;
2728 602 2774 653 si
2799 602 2939 654 enim
2991 602 3065 653 in
3097 601 3311 655 humido
3365 599 3507 670 ligno
3561 602 3671 656 hcce

432 692 620 746 divina
665 690 955 760 Scriptura
988 690 1385 759 appellationes
1418 689 1615 743 horum
1647 688 1883 742 duorum
1924 686 1995 740 li-

433 799 696 856 gnorum;
727 782 988 845 viventis,
1011 782 1255 852 inquam,
1271 780 1394 835 Filii
1407 779 1526 842 Dei,
1543 778 1705 848 etqui
1727 777 1779 830 ei
1803 776 1998 830 adver—

435 884 587 929 satur
610 873 849 940 inimici,
882 874 1025 928 scias
1052 873 1200 943 quod
1224 872 1505 926 sceleratae
1534 878 1591 923 et
1620 867 1916 922 immundae
1943 872 1999 919 et

436 966 758 1038 voluptariae
783 966 932 1036 genti
956 966 1074 1020 haec
1104 965 1360 1018 revelans
1393 1003 1407 1026 ,
1437 960 1620 1017 noluit
1651 960 1883 1014 omnino
1913 972 2000 1011 re-

439 1062 620 1116 velare
639 1058 842 1115 Judaeis
864 1058 1065 1113 Filium
1095 1056 1213 1119 Dei,
1238 1071 1308 1110 ne
1341 1054 1714 1123 intelligerent
1734 1050 1857 1106 Filii
1881 1048 2000 1104 dei-

438 1151 767 1214 licationem,
798 1158 855 1204 et
902 1150 997 1203 Dei
1028 1148 1274 1217 nuptias,
1310 1154 1367 1201 et
1407 1145 1639 1200 deorum
1689 1140 2005 1196 multitudi-

439 1259 599 1306 nem;
626 1242 724 1311 qni
770 1241 969 1295 bovem
1002 1248 1058 1294 et
1095 1254 1340 1293 muscam
1389 1238 1446 1291 in
1489 1236 1625 1291 deos
1670 1235 1998 1288 retulerunt.

440 1332 564 1388 lloc
580 1347 713 1402 ergo
734 1331 898 1386 modo
927 1345 997 1384 ne
1023 1330 1304 1384 diabolum
1323 1327 1547 1398 quidem
1580 1326 1663 1381 eis
1687 1332 1879 1394 aperte
1900 1338 2001 1377 re-

441 1425 674 1490 velavit;
706 1423 803 1490 sed
826 1422 1125 1494 aliquando
1161 1421 1385 1491 quidem
1406 1420 1619 1490 ipsum,
1639 1423 1951 1485 serpentem
1988 1432 2001 1467 :

440 1515 739 1587 aliquando
765 1522 947 1568 autem
973 1514 1247 1575 arborem,
1275 1510 1617 1565 mortiferum
1648 1508 1888 1563 fructum
1926 1504 2009 1559 fe-

442 1615 653 1657 rentem
675 1601 839 1671 897
866 1599 1190 1670 appellavit;
1217 1613 1314 1652 eos
1341 1597 1568 1663 omnino
1597 1596 1785 1650 celans
1812 1591 2006 1647 mundi

441 1710 551 1749 non
575 1692 927 1763 aspectabilis
971 1689 1400 1759 intelligentium
1443 1688 1721 1744 Virtutum
1766 1683 2006 1740 creatio-

441 1803 590 1851 nem,
616 1794 843 1857 propter
871 1800 1065 1841 eorum
1100 1782 1490 1853 ineXplebilem
1521 1781 1795 1837 idolorum
1828 1778 2009 1861 cultus

440 1878 735 1943 insaniam,
775 1892 846 1932 ne
893 1877 941 1931 si
988 1876 1313 1931 didicissent
1358 1888 1482 1929 esse
1529 1872 1746 1941 aliquas
1781 1878 2009 1924 naturas

439 1968 686 2023 materiae
716 1974 974 2036 expertes
1002 1974 1060 2020 et
1097 1964 1489 2034 intelligentes,
1527 1976 1622 2017 eas
1658 1961 1715 2014 in
1754 1958 1888 2013 deos
1918 1973 2008 2011 re—

439 2061 671 2114 ferrent.
700 2057 762 2111 Ei
790 2066 975 2111 autem
1015 2054 1166 2124 quod
1196 2054 1324 2109 dico
1349 2052 1726 2108 testimonium
1758 2050 1866 2105 fert
1892 2049 2009 2119 ipse

439 2152 606 2213 Deus,
644 2149 724 2205 sic
750 2149 941 2204 dicens
968 2164 1067 2219 per
1102 2148 1242 2203 Osee
1272 2147 1594 2217 prophetam
1639 2143 1828 2199 lsraeli
1859 2161 1872 2196 :
1901 2142 2009 2212 Ego

439 2241 696 2296 Dominus
720 2240 856 2294 Deus
876 2247 1016 2305 tuus,
1040 2237 1263 2306 ﬁrmans
1283 2237 1559 2299 cretum,“
1579 2252 1765 2290 creatis
1787 2248 2007 2297 terram,

441 2331 594 2401 cujus
641 2346 830 2383 manus
852 2337 1097 2382 crearunt
1124 2344 1331 2381 omnem
1362 2325 1609 2380 militiam
1639 2325 1777 2390 cwli,
1818 2332 1867 2379 et
1905 2339 2010 2378 non

444 2422 671 2477 reoelavi
693 2438 757 2476 ea
788 2422 967 2475 tibine
997 2431 1112 2490 post
1143 2436 1205 2473 ea
1234 2417 1560 2474 ambulares.

514 2511 656 2566 Hine
700 2519 889 2580 aperte
930 2506 1197 2565 discimus
1232 2508 1590 2579 quamobrem
1627 2509 1687 2563 in
1727 2506 2012 2578 Scriptura

444 2606 680 2661 Mosaica
707 2605 930 2661 silentio
954 2603 1059 2659 fuit
1086 2604 1448 2674 praetermissa
1472 2604 1539 2659 de
1554 2604 1765 2675 angelis
1780 2604 2009 2659 mentio.

441 2695 730 2762 Quomodo
756 2697 920 2749 etiam
948 2694 1018 2750 de
1056 2695 1146 2750 his
1193 2695 1411 2749 duobus
1468 2695 1634 2764 lignis
1687 2694 1756 2750 de
1810 2695 2013 2764 quibus

443 2785 583 2840 dicit
610 2803 626 2839 :
668 2783 734 2840 Et
748 2784 964 2857 lignum
995 2786 1116 2840 uitur
1145 2786 1200 2838 in
1243 2785 1412 2841 medio
1443 2785 1701 2854 paradisi,
1734 2795 1784 2838 et
1813 2784 2012 2855 lignum

432 2877 639 2931 sciendi
663 2877 717 2931 id
745 2878 883 2945 quod
923 2878 1160 2948 cognosci
1220 2876 1557 2946 potest_boni
1606 2884 1655 2929 et
1707 2875 1871 2931 mali;
1922 2876 2013 2932 hic

444 2968 739 3040 diligenter
762 2979 821 3025 et
861 2976 1120 3024 accurate
1156 2968 1758 3027 tractarunt-dictionis
1785 2972 2011 3024 contex-

445 3070 559 3114 tum
609 3060 679 3115 de
718 3060 806 3115 his
833 3059 1054 3115 duobus
1080 3059 1264 3129 lignis.
1295 3059 1525 3130 quidam
1548 3074 1617 3114 ex
1652 3058 1720 3114 iis
1777 3061 1874 3128 qui
1926 3059 2012 3114 di-

442 3151 571 3206 vina
626 3151 855 3221 pulchre
911 3153 1094 3206 sciunt
1147 3150 1405 3215 scrutari,
1437 3151 1726 3207 dicentes:
1760 3150 1872 3207 Cur
1906 3165 2019 3206 non

444 3243 582 3298 dicit
608 3243 897 3312 Scriptura
916 3243 974 3298 in
998 3257 1130 3297 casu
1158 3242 1439 3312 gignendi,
1496 3258 1695 3313 nempe
1749 3244 1807 3297 in
1847 3243 2017 3297 medio

444 3318 704 3404 paradisi,
733 3333 828 3388 sed
853 3333 911 3387 in
933 3347 1062 3388 casu
1095 3332 1386 3398 efferendi,
1425 3332 1620 3388 dicens
1673 3349 1738 3389 ea
1786 3349 1907 3390 esse
1960 3337 2018 3393 in

446 3424 615 3478 medio
653 3424 894 3495 paradisi
924 3424 950 3478 ?
1007 3424 1080 3480 Ut
1120 3423 1399 3480 discamus
1434 3439 1502 3479 ex
1553 3423 1816 3490 dictione,
1866 3426 2015 3495 quod

442 3531 526 3571 etc
553 3516 806 3570 non°sint
849 3515 1014 3571 simul
1060 3504 1319 3585 plantatm
1344 3530 1470 3570 cum
1524 3516 1647 3571 aliis
1702 3517 2013 3580 arboribus.

447 3622 628 3676 neque
656 3620 846 3661 earum
877 3606 986 3661 sint
1013 3614 1278 3674 cognatae,
1317 3605 1413 3660 sed
1469 3606 1857 3662 exercitatione
1897 3607 2012 3661 vir-

449 3698 586 3753 tutis
603 3708 660 3753 et
689 3697 936 3752 vitiisint
964 3704 1267 3766 procreata:
1293 3696 1731 3766 adprobandum
1765 3686 2016 3755 nostrum

446 3788 681 3851 liberum
737 3787 1048 3844 arbitrium.
1112 3786 1428 3843 Invenimus
1481 3788 1706 3856 quidem
1759 3798 1906 3844 certe
1960 3789 2017 3844 in

446 3880 729 3935 nonnullis
748 3895 857 3935 non
882 3879 1206 3935 adulteratis
1230 3879 1655 3948 exemplaribus,
1692 3880 1838 3951 quod
1871 3891 2019 3953 post-

448 3986 611 4041 quam
642 3970 780 4025 dixit
812 3989 824 4024 :
858 3969 928 4025 Et
960 3970 1157 4025 exoriri
1203 3969 1328 4039 fecit
1370 3971 1539 4025 adhuc
1583 3970 1836 4029 Dominus
1878 3973 2015 4029 Deus

446 4079 477 4116 e
516 4070 660 4116 terra
689 4078 842 4117 omne
882 4061 1086 4133 lignum
1132 4060 1411 4131 pulchrum
1439 4064 1572 4126 uisu,
1623 4073 1672 4118 et
1708 4065 1900 4120 bonum
1947 4066 2017 4121 ad

448 4152 820 4205 comedendum
845 4153 1130 4221 ,scriptor
1156 4151 1363 4207 faciens
1398 4161 1664 4223 punctum
1713 4150 2015 4223 perfectum

450 4252 708 4313 tanquam
746 4244 925 4312 capite
978 4242 1046 4297 de
1080 4240 1246 4313 lignis
1287 4243 1580 4312 completo,
1618 4252 1747 4303 tunc
1794 4262 2014 4302 versum

449 4336 656 4404 incepit
683 4334 873 4390 dicens
907 4353 920 4387 :
951 4333 1020 4389 Et
1054 4333 1257 4403 lignum
1282 4324 1482 4393 oitw'in
1534 4336 1703 4390 medio
1751 4340 2014 4410 paradisi,

2101 684 2323 752 faciunt,
2355 689 2409 741 in
2440 689 2571 742 sicco
2603 690 2730 759 quid
2759 688 2847 756 ﬁet
2870 690 2955 743 ⁸ιῖ
2988 689 3295 751 humidum,
3322 690 3427 744 hoc
3442 699 3527 745 est
3547 690 3674 745 vitm

2102 771 2333 842 lignum,
2367 775 2608 844 seipsum
2663 792 2866 833 vocans
2922 778 3226 841 Dominus;
3294 778 3439 832 sicea
3487 787 3673 833 autem

2102 860 2248 931 ligna
2289 872 2348 917 et
2398 863 2721 934 infrugil‘era
2769 875 2825 920 et
2883 866 3168 921 materiam
3224 866 3385 936 ignis,
3431 863 3668 921 Iudaeos.

2105 949 2262 1016 Quod
2298 953 2344 1006 si
2372 952 2507 1009 velis
2530 955 2696 1008 etiam
2721 956 2864 1009 scire
2894 971 3022 1009 eum
3052 970 3174 1010 esse
3207 956 3263 1007 in
3301 956 3483 1021 medio
3515 971 3677 1025 para—

2109 1043 2213 1097 disi
2239 1044 2518 1108 Ecclesiae,
2551 1045 2679 1101 audi
2709 1062 2834 1101 eum
2866 1047 3143 1102 dicentem
3183 1047 3472 1116 discipulis
3501 1067 3512 1099 :
3564 1048 3676 1116 Ego

2105 1149 2223 1209 sum
2244 1135 2299 1187 in
2318 1135 2484 1188 medio
2499 1143 2733 1190 uestrum
2751 1145 3005 1206 tanquam
3029 1141 3119 1207 qui
3142 1140 3409 1192 ministrat
3426 1140 3493 1190 δ’.
3522 1140 3678 1193 Unde

2107 1227 2274 1280 etiam
2309 1224 2548 1280 Joannes
2579 1226 2798 1281 dicebat
2818 1227 2996 1282 turbis
3027 1245 3040 1280 :
3074 1228 3275 1282 Medius
3312 1238 3541 1282 uestrum
3571 1234 3680 1281 stat

2111 1333 2267 1386 quem
2293 1333 2382 1371 eos
2412 1318 2619 1370 nescitis
2652 1317 2717 1371 ⁵³.
2747 1317 2851 1382 Qui
2881 1320 3036 1372 stetit
3061 1319 3113 1374 in
3155 1319 3338 1372 medio
3375 1318 3680 1387 discipulo-

2115 1419 2233 1463 rum
2287 1421 2341 1466 et
2514 1409 2809 1479 insulllavit
2847 1410 3077 1465 dicens:
3135 1411 3366 1481 Accipite
3423 1410 3682 1480 Spiritum

2109 1510 2351 1555 sanctum
2383 1500 2451 1565 ⁵⁸,
2478 1510 2848 1572 congruenter
2876 1503 2926 1557 ei
2949 1501 3099 1573 quod
3133 1502 3342 1556 dictum
3377 1510 3459 1557 est
3492 1520 3504 1554 :
3542 1501 3681 1556 Deus

2111 1595 2251 1647 stetit
2271 1594 2324 1646 in
2339 1602 2613 1665 synagoga
2649 1595 2889 1659 deorum,
2922 1596 2977 1648 in
3014 1595 3181 1649 medio
3220 1603 3399 1647 autem
3438 1594 3560 1648 deos
3601 1594 3684 1648 di-

2104 1685 2316 1755 judicat
2339 1685 2384 1717 ⁸³
2412 1702 2429 1750 ;
2461 1686 2555 1755 qui
2578 1692 2668 1740 est
2695 1686 2954 1739 mediator
2995 1686 3091 1740 Dei
3124 1693 3172 1739 et
3205 1687 3473 1745 hominum
3515 1687 3583 1748 ⁵⁸,
3625 1695 3684 1742 et

2038 1760 2080 1814 Β
2111 1774 2245 1829 fecit
2267 1776 2499 1830 salutem
2533 1775 2587 1829 in
2611 1775 2795 1829 medio
2817 1783 2980 1830 terrae
3008 1793 3022 1840 ;
3052 1776 3148 1844 qui
3167 1783 3252 1830 est
3280 1776 3486 1846 lignum
3521 1775 3679 1830 Viue:

2115 1866 2263 1932 unde
2294 1866 2378 1937 (ut
2405 1866 2552 1937 quod
2585 1868 2658 1922 sit
2680 1868 2924 1923 iucreata
2952 1868 3073 1937 ejus
3097 1865 3378 1938 divinitas)
3418 1866 3543 1921 ideo
3572 1882 3684 1921 non

2115 1959 2251 2014 dicit
2280 1975 2407 2015 eum
2439 1976 2564 2015 cum
2587 1961 2751 2031 lignis
2797 1961 3252 2031 complantatum,
3309 1961 3406 2016 sed
3456 1975 3578 2017 esse
3627 1962 3685 2016 in

2114 2051 2298 2106 medio
2333 2051 2594 2122 paradisi.
2642 2051 2909 2115 Similiter
2947 2061 3005 2109 et
3042 2054 3268 2109 malum.
3324 2054 3458 2110 Dico
3500 2064 3685 2117 autem

2116 2142 2248 2197 boni
2280 2144 2523 2199 medium
2556 2144 2764 2216 lignum
2800 2146 3165 2212 mortiferum,
3200 2148 3540 2217 cognoscendi
3565 2148 3686 2202 boni

2115 2244 2165 2290 et
2184 2234 2335 2299 mali,
2391 2247 2682 2306 propterea
2739 2236 2887 2307 quod
2931 2237 3048 2306 ipse
3082 2238 3152 2292 sit
3183 2238 3415 2293 diversa:
3433 2238 3688 2295 essentne

2115 2328 2188 2384 ab
2212 2328 2453 2387 humana
2476 2335 2673 2383 natura
2704 2329 2924 2383 illorum
2946 2329 3222 2399 lignorum
3261 2345 3382 2399 quae
3422 2330 3687 2384 dicuntur

2116 2420 2371 2492 pulchra.
2399 2421 2476 2475 Ea
2496 2420 2568 2476 de
2596 2436 2762 2476 causa
2795 2420 2852 2475 in
2875 2429 3030 2476 sexto
3057 2436 3184 2475 casu
3237 2437 3302 2476 ea
3351 2420 3487 2475 dicit
3534 2420 3686 2476 Scri-

2115 2520 2279 2582 ptura
2314 2527 2435 2568 esse
2456 2514 2511 2566 in
2536 2514 2708 2567 medio
2760 2513 3033 2583 paradisi;
3087 2512 3231 2568 unde
3271 2512 3440 2568 etiam
3491 2512 3689 2568 mulier

2117 2618 2243 2657 cum
2272 2612 2526 2674 serpente
2578 2604 2877 2668 disserens,
2932 2606 2988 2658 in
3033 2605 3200 2659 medio
3244 2604 3499 2675 paradisi,
3550 2604 3691 2662 dixit

2118 2695 2349 2765 lignum.
2377 2695 2552 2751 Media
2578 2705 2760 2751 autem
2802 2697 3067 2751 dicuntur
3106 2697 3217 2752 duo
3252 2697 3397 2767 ligna
3430 2715 3444 2752 :
3488 2702 3689 2768 nempe

2117 2786 2324 2858 lignum
2357 2788 2575 2855 divinae,
2607 2797 2664 2842 et
2715 2788 2922 2858 lignum
2972 2789 3305 2845 adversariae
3353 2790 3684 2859 potestatis;

2117 2879 2563 2950 quandoquidem
2591 2895 2661 2935 ex
2708 2895 2866 2949 aequo
2925 2881 3103 2936 cuivis
3155 2881 3361 2937 volenti
3425 2885 3690 2954 concupi-

2117 2971 2319 3028 scenda
2378 2971 2659 3027 invenitur
2686 2973 2862 3027 virtus
2895 2982 2954 3027 et
2975 2972 3170 3037 vitium
3201 2982 3424 3044 propter
3450 2974 3688 3030 liberum

2120 3075 2366 3122 nostrum
2388 3065 2700 3120 arbitri-um.
2740 3065 2809 3120 Et
2827 3073 3141 3135 propterea,
3168 3075 3228 3121 ut
3275 3067 3492 3137 opinor,
3546 3069 3690 3124 Deus

2118 3157 2293 3227 legem
2322 3155 2506 3215 ferens
2552 3155 2757 3219 lsraeli,
2806 3155 2940 3211 dicit
2986 3156 3055 3211 de
3102 3156 3429 3227 quibusdam
3472 3158 3692 3216 duobus

2118 3245 2283 3315 lignis
2315 3263 2329 3299 :
2375 3245 2508 3301 Ecce
2537 3261 2672 3316 pono
2705 3247 2759 3307 in
2790 3246 2958 3300 medio
2995 3247 3073 3301 tui
3098 3249 3264 3305 vitam
3296 3256 3346 3303 et
3374 3258 3595 3306 mortem
3620 3252 3686 3304 δ’.

2119 3337 2255 3393 Vitae
2292 3336 2439 3393 enim
2471 3346 2527 3392 et
2564 3338 2759 3392 mortis
2782 3346 2946 3394 erant
2976 3338 3087 3394 duo
3136 3339 3283 3411 ligna
3326 3340 3690 3412 signiﬁcantia

2118 3436 2177 3485 et
2204 3429 2539 3485 efﬁcientia:
2595 3428 2806 3485 Flauius
2848 3439 3022 3486 autem
3074 3433 3339 3503 egreditur
3384 3449 3447 3487 ea:
3499 3434 3691 3497 Edent,

2119 3526 2168 3572 et
2203 3519 2394 3588 irrigat
2421 3519 2775 3589 paradisum;
2812 3520 2953 3575 alter
2976 3529 3161 3577 autem
3195 3529 3253 3576 et
3308 3522 3582 3579 secundus
3634 3533 3693 3580 et

2120 3610 2422 3680 irrigationi
2453 3610 2623 3680 priori
2648 3610 2932 3667 dissimilis
2955 3619 3042 3666 est
3060 3611 3153 3667 hic
3179 3611 3400 3668 ﬂuvius.
3432 3614 3567 3669 Nam
3599 3616 3692 3672 ille

2118 3705 2340 3775 quidem
2375 3722 2407 3760 e
2434 3713 2579 3760 terra
2601 3703 2910 3760 ascendens
2932 3702 3236 3758 inundabat
3287 3713 3453 3759 totam
3495 3705 3689 3763 faciem

2120 3802 2302 3858 terrae,
2337 3794 2509 3864 ipsam
2537 3793 2746 3848 faciens
2779 3801 3057 3849 mortuam
3096 3801 3154 3848 et
3188 3793 3588 3866 infrugil‘eram.
3624 3800 3693 3854 Et

2120 3886 2246 3942 ideo
2273 3886 2343 3941 ad
2374 3886 2545 3940 Deum
2568 3895 2758 3939 votum
2789 3883 3027 3940 faciebat
3048 3884 3273 3954 quidam
3294 3901 3360 3941 ex
3383 3888 3690 3958 prophetis,

2120 3978 2311 4033 dicens
2340 3995 2354 4031 :
2387 3976 2670 4032 Dominum
2698 3976 2955 4031 diluvium
2976 3977 3289 4035 inhabitabit
3328 3979 3374 4012 "
3401 4020 3416 4045 ,
3463 3980 3568 4037 hoc
3608 3991 3695 4038 est

2118 4069 2401 4126 exorietur
2424 4077 2481 4125 et
2506 4068 2724 4124 sedebit
2749 4084 2843 4125 rex
2859 4068 2917 4122 in
2939 4076 3229 4125 aeternum.
3256 4070 3357 4125 Hie
3385 4082 3566 4127 autem
3596 4073 3692 4128 Dei

2123 4161 2323 4217 ﬂuvius
2380 4161 2661 4233 egreditur
2696 4176 2764 4215 ex
2816 4159 3008 4224 Edem,
3065 4160 3402 4230 paradisum,
3436 4171 3692 4232 tanquam

2122 4269 2311 4324 agrum
2343 4252 2626 4322 proprium
2652 4260 2710 4306 et
2747 4251 2843 4306 Dei
2881 4250 3282 4321 possessionem
3351 4268 3450 4307 sua
3490 4255 3693 4310 virtute

2123 4344 2379 4415 irrigans.
2428 4343 2659 4421 Oportet
2698 4343 2844 4399 enim
2901 4343 3167 4399 adnotare
3207 4346 3375 4413 quod,
3406 4361 3531 4400 cum
3578 4347 3692 4417 jam

436 4433 500 4478 et
524 4424 726 4495 lignum
749 4425 946 4479 sciendi
973 4423 1027 4479 id
1053 4423 1188 4494 quod
1210 4426 1449 4494 cognosci
1466 4435 1638 4496 potest
1655 4427 1776 4482 boni
1792 4437 1846 4481 et
1868 4429 2019 4495 mali,
2047 4432 2101 4494 Ι)
2125 4443 2396 4493 cessasset
2424 4436 2578 4506 prior
2609 4435 2700 4490 illa
2745 4434 3014 4505 irrigatio,
3053 4451 3174 4489 eam
3208 4439 3557 4505 praeteritam
3596 4456 3695 4494 no-

449 4525 512 4569 ut
537 4515 750 4571 diceret
780 4517 1116 4571 transeundo
1140 4524 1197 4571 et
1239 4516 1551 4573 inducenda
1579 4534 1680 4575 cur
1712 4518 1800 4575 isti
1834 4520 2016 4575 venis-

449 4613 574 4661 sent
610 4606 665 4661 in
694 4606 1029 4676 paradisum.
1061 4588 1438 4674 Quod'autetn
1475 4611 1649 4680 major
1684 4610 1753 4666 sit
1781 4619 1838 4665 et
1875 4611 2014 4666 vivi-

451 4696 589 4752 ﬁcus
609 4696 884 4761 Christus,
906 4696 1068 4766 paulo
1090 4707 1217 4753 ante
1240 4714 1271 4754 a
1301 4699 1461 4755 nobis
1487 4700 1693 4755 dictum
1722 4711 1825 4756 est.
1861 4699 2014 4767 Quod

449 4796 633 4843 autem
666 4788 905 4858 seipsum
946 4788 1192 4845 nominat
1212 4790 1440 4860 lignum,
1489 4790 1617 4846 audi
1654 4807 1781 4846 eum
1836 4792 2014 4862 ipsum

422 4879 725 4934 dicentem
781 4878 1028 4934 Iudaeis:
1088 4882 1194 4935 Aut
1250 4881 1406 4949 facile
1443 4883 1684 4938 arborem
1723 4884 1917 4957 bonam
1965 4893 2016 4937 et

446 4973 679 5041 fructum
705 4972 818 5041 ejus
844 4971 1058 5035 bonum,
1099 4981 1192 5026 aut
1226 4971 1387 5042 facile
1427 4973 1669 5035 arborem
1721 4976 2015 5030 marcidam

447 5071 496 5115 et
522 5062 751 5130 fructum
779 5064 892 5132 ejus
914 5063 1220 5117 marcidum
1247 5079 1264 5127 ;
1298 5080 1332 5116 a
1362 5063 1532 5131 fructu
1568 5065 1705 5118 enim
1739 5065 1900 5120 arbor
1927 5083 2017 5119 co-

446 5155 719 5222 gnoscitur
758 5153 823 5207 '°.
859 5152 984 5208 Huic
1011 5162 1194 5211 autem
1229 5153 1311 5208 eis
1348 5154 1588 5218 dicebat,
1634 5156 1893 5223 quoniam
1935 5156 2021 5209 di-

438 5245 647 5299 cebant
680 5244 843 5313 .quod
891 5243 944 5299 in
990 5244 1298 5299 Beelzebub
1322 5245 1588 5314 principe
1623 5246 2017 5303 daemoniorum

446 5335 598 5406 cjieit
643 5336 929 5391 daemonia.
982 5336 1247 5391 Similiter
1297 5336 1462 5391 etiam
1506 5337 1573 5390 ad
1624 5338 1930 5405 passionem
1965 5341 2020 5394 in

447 5428 669 5483 hortum
702 5428 968 5500 Golgotha
997 5430 1063 5484 ad
1093 5430 1361 5487 Adamum
1397 5430 1688 5501 egrediens
1718 5439 1776 5485 et
1815 5406 2019 5503 lignum

447 5524 633 5580 crucis
655 5533 901 5594 portans,
954 5525 1161 5596 lignum
1207 5525 1333 5579 vitae
1376 5524 1621 5593 seipsum
1668 5525 1903 5593 vocavit,
1941 5528 2023 5583 di-

515 5637 562 5670 "
591 5638 748 5695 Joan.
782 5655 894 5700 \‘lll,
931 5640 1018 5694 64.

446 5725 537 5775 xx,
571 5709 665 5765 2'2.
744 5711 791 5743 ⁸⁸
816 5711 957 5764 l’sal.
992 5724 1168 5773 Lxxxt,
1204 5710 1250 5763 1.
1330 5709 1423 5763 ⁵⁸1
1459 5709 1603 5764 Tim.
1637 5725 1695 5778 ll,
1724 5710 1775 5764 5.

1155 5639 1199 5670 '°
1226 5637 1413 5692 Matth.
1449 5654 1542 5702 xu,
1570 5638 1661 5694 55.
1736 5640 1777 5671 ⁸³
1814 5639 1948 5695 an.
1975 5659 2125 5709 χχιιι,
2149 5642 2240 5705 98,
2275 5642 2362 5695 51.

2123 4525 2353 4581 minavit
2389 4524 2671 4594 Scriptura
2696 4523 2890 4579 dicens
2920 4543 2933 4578 :
2968 4522 3105 4583 Fons
3145 4535 3322 4580 autem
3354 4528 3691 4593 ascendebat,

2122 4624 2171 4669 et
2203 4614 2463 4684 irrigabat
2501 4629 2520 4666 :
2552 4613 2700 4667 hunc
2723 4621 2906 4667 autem
2935 4621 2997 4667 ut
3030 4613 3123 4681 qui
3153 4614 3473 4682 perenniter
3499 4615 3554 4669 in
3593 4632 3695 4672 sa:-

2122 4708 2246 4764 cula
2296 4706 2489 4777 irriget
2535 4706 2861 4769 Ecclesiam,
2906 4704 3042 4760 dicit
3072 4716 3396 4775 praesentem
3430 4725 3445 4762 :
3482 4706 3695 4763 Flavius

2120 4799 2294 4863 enim,
2325 4797 2526 4868 inquit,
2553 4798 2819 4868 egreditur
2850 4813 2915 4851 ex
2950 4797 3117 4851 Edent
3145 4838 3159 4862 ,
3201 4798 3306 4852 hoc
3354 4808 3439 4853 est
3484 4815 3550 4853 ex
3593 4799 3696 4854 de—

2092 4890 2288 4971 lliciis,
2320 4890 2391 4945 ad
2449 4889 2788 4960 irrigandum
2837 4889 3175 4959 paradisum.
3227 4889 3364 4946 Cum
3409 4905 3542 4960 ergo
3591 4907 3695 4947 nos

2121 4984 2603 5067 praemunierimus
2628 4983 2705 5038 ad
2744 4997 2855 5037 non
2892 4981 3306 5040 dissolvendum
3348 4985 3690 5055 corporalem

2125 5090 2313 5130 rerum
2330 5074 2621 5133 historiam
2646 5090 2769 5144 qua:
2788 5081 2874 5131 est
2900 5075 3300 5130 convenienter
3323 5075 3547 5141 litterae,
3578 5077 3693 5132 ala.

2124 5164 2296 5220 criter
2316 5164 2485 5219 etiam
2508 5164 2924 5227 consideremus
2941 5180 3062 5220 eam
3080 5180 3205 5235 quae
3225 5172 3313 5220 est
3336 5164 3406 5219 de
3440 5165 3528 5220 bis
3561 5181 3692 5235 pro-

2123 5254 2318 5324 positis
2347 5253 2532 5321 ﬂuviis
2559 5263 2616 5309 et
2639 5255 2776 5312 locis
2796 5255 3107 5319 historiam,
3134 5256 3599 5325 quemadmodum
3626 5272 3692 5313 ea

2123 5363 2346 5419 quoque
2369 5348 2881 5423 suntprmligurata
2933 5349 3003 5403 de
3052 5347 3274 5404 Christo
3318 5356 3375 5403 et
3421 5348 3691 5404 Ecclesia.

2123 5438 2391 5493 Audimus
2410 5437 2557 5501 enim
2587 5438 2901 5509 quempiam
2937 5438 3212 5493 dicentem
3265 5437 3334 5491 de
3374 5436 3694 5507 egrediente

2125 5527 2294 5583 ﬂuvio
2342 5537 2400 5582 et
2432 5527 2716 5582 Ecclesia:
2767 5525 3024 5580 Fluminis
3074 5527 3296 5596 impetus
3347 5525 3580 5595 (letiﬁca:
3623 5526 3690 5581 ci-

2444 5643 2488 5672 “
2514 5640 2782 5696 Luc.x.\'n.
2808 5640 2899 5694 27.
2976 5639 3198 5694 “Joan.
3230 5654 3271 5705 ι,
3293 5639 3380 5693 26.
3458 5639 3504 5670 "
3531 5636 3694 5694 Joan.

1852 5712 1893 5744 ⁵⁷
1924 5711 2085 5768 Deut.
2145 5728 2270 5781 xxx,
2328 5711 2410 5765 lii.
2490 5711 2535 5741 ⁵⁸
2570 5712 2710 5766 Psal.
2749 5726 2931 5778 xxvm,
2969 5709 3052 5764 10.
