4056 6148
429 445 532 509 9η

1498 443 1576 503 IN
1616 437 2163 503 HEXAEMEHON.
2192 464 2261 474 --
2289 440 2432 501 LIB.
2473 436 2641 499 VIII.

3589 430 3699 491 9’18

429 563 567 613 sunt
591 533 783 611 omnes
809 557 933 626 eius
955 555 1211 626 imaginis
1245 554 1576 619 coniuratos,
1611 554 1798 621 εὔθειὶ
1834 552 2000 607 lumi-
2035 555 2082 611 Α
2109 551 2527 627 Bethleemitico
2585 548 2730 603 antri
2789 545 2989 608 fonte‘,
3048 544 3117 598 ad
3166 544 3307 599 Geon
3353 542 3581 596 ﬂuvium
3637 544 3694 597 in

432 648 589 703 naria
621 645 826 716 quibus
859 646 1080 701 dicebat
1108 664 1122 699 :
1150 630 1261 717 Ego
1278 645 1518 719 summa:
1538 647 1722 699 utendi
1747 646 1814 699 ⁸⁷.
1849 645 2008 699 Hunc
2107 643 2339 715 [Egypto
2374 641 2767 713 proiiciscitur,
2795 638 3058 709 quoniam
3087 636 3366 691 secundus
3411 628 3477 689 ei;
3527 653 3690 705 pam-

430 740 730 795 carbonem
761 739 860 793 Dei
892 739 1063 797 Verbi
1088 738 1244 808 prius
1291 738 1591 810 descripsit
1634 752 1700 793 ac
1753 736 2011 808 figuravit

434 832 530 886 ille
555 845 778 900 quoque
804 830 974 886 carbo
1011 827 1348 900 quem-vidit
1397 831 1571 886 lsaias
1614 830 1665 865 ⁸⁸
1718 830 1793 883 ἰη·
1824 828 2012 884 medio

431 937 555 977 esse
579 923 810 992 forcipe,
837 931 893 976 et
915 939 1168 992 .purgare
1197 925 1320 993 ejus
1354 934 1602 993 peccata.
1638 923 1878 991 Forceps
1915 936 2012 975 au-

433 1020 544 1065 tem
566 1010 773 1075 Christi
804 1025 901 1080 per
927 1010 1065 1065 duas
1092 1012 1355 1080 pinnulas
1383 1026 1515 1065 eum
1557 1019 1756 1065 tenens
1801 1017 1887 1065 est
1924 1009 2011 1063 in-

434 1109 701 1156 temerata
724 1102 847 1171 ejus
884 1100 1073 1165 Mater,
1105 1111 1162 1155 et
1191 1100 1611 1156 sanctissimum
1635 1102 1757 1171 ejus
1785 1114 2010 1169 corpus.

384 1226 393 1233 ~
432 1192 551 1249 Illic
580 1201 679 1255 est,
707 1192 763 1246 in
789 1192 974 1247 medio
994 1192 1211 1247 scilicet
1229 1208 1448 1259 eorum,
1480 1193 1877 1258 carbunculus,
1919 1192 2015 1247 de-

433 1284 566 1339 inde
594 1298 787 1338 cursus
810 1284 869 1337 in
902 1283 1099 1338 eodem
1120 1283 1288 1339 ﬂuvio
1310 1285 1453 1354 lapis
1472 1299 1694 1355 quoque
1725 1284 2009 1354 prasinus.

434 1377 653 1437 Primus
686 1375 915 1445 quidem
937 1376 1265 1431 carbunculi
1292 1376 1449 1431 celer
1468 1383 1569 1431 est
1625 1375 1889 1440 scelestis,
1929 1388 2017 1429 se-

432 1468 653 1522 cundus
673 1453 860 1522 autem
891 1468 1218 1522 terrestris:
1251 1476 1544 1537 propterea
1571 1466 1722 1521 enim
1766 1481 1873 1521 nec
1912 1480 2014 1534 ap-

434 1560 601 1629 pellat
621 1559 862 1628 lapidem
891 1558 988 1629 qui
1017 1558 1265 1614 nascitur
1285 1574 1317 1613 e
1350 1567 1516 1623 terra,
1540 1565 1600 1613 et
1625 1557 1723 1628 qui
1745 1566 1833 1612 est
1857 1564 2019 1626 typus

437 1648 674 1708 terrente
700 1651 889 1707 carnis
911 1652 1101 1707 Verbi.
1132 1652 1433 1722 Propterea
1453 1660 1638 1705 autem
1669 1648 1819 1721 quod
1846 1648 2019 1701 omnis

434 1757 562 1795 caro
586 1749 670 1796 est
694 1743 979 1811 fenum”,
1003 1756 1169 1797 omne
1199 1751 1386 1797 autem
1429 1740 1621 1798 Senum
1643 1741 1931 1801 virescens
1960 1738 2017 1794 ia

432 1835 622 1889 colore
656 1835 902 1891 cernitur
950 1834 1115 1889 viridi
1151 1842 1250 1901 aut
1274 1838 1535 1904 tauquam
1563 1828 1852 1903 portasse,
1884 1846 2003 1901 pru-

435 1934 629 1998 pterea
648 1927 703 1982 id
728 1942 948 1998 quoque
970 1928 1133 1998 quod
1149 1898 1359 1983 Christi
1386 1897 1473 1983 est
1494 1897 1741 1993 carnale,
1771 1935 1835 1983 ut
1860 1897 2008 1996 quod
2044 1897 2088 1952 ³

432 2034 468 2073 e
512 2026 663 2073 terra
688 2018 1097 2089 germinaverit,
1157 2019 1518 2075 assimilatum
1560 2028 1649 2075 est
1703 2018 1757 2074 ei
1817 2020 2010 2074 colori.

433 2108 591 2166 Unde
630 2110 795 2167 etiam
853 2110 1078 2165 divinus
1121 2110 1532 2165 Dauielcarnis
1576 2119 1846 2180 suscepta:
1902 2110 2015 2168 disc

434 2202 814 2272 pensationem
866 2202 1107 2271 lapidem
1183 2201 1505 2271 appellavit,
1562 2201 1801 2257 dicens:
1846 2201 2012 2272 Lapis

436 2304 513 2349 cst
534 2296 738 2348 minus
759 2306 827 2348 ea:
851 2304 1028 2349 monte
1058 2293 1311 2364 virginali
1342 2293 1537 2364 absque
1566 2294 1819 2348 manibus
1844 2294 1893 2326 7°
1924 2310 2011 2349 se-

437 2386 833 2442 mi‘natienis'et
863 2386 1238 2456 corruptionis
1268 2403 1283 2439 :
1320 2385 1575 2456 Lapidem
1625 2402 1784 2454 quem
1823 2400 2013 2456 repro-

438 2479 632 2533 larunt
674 2478 1002 2534 exsecrandi
1055 2478 1431 2547 adiﬁcatorcs‘
1462 2479 1505 2512 ’ί
1560 2479 1655 2548 qui
1689 2478 1757 2533 ad
1788 2493 2015 2539 carnem

438 2569 799 2625 offenderunt.
811 2586 935 2640 qum
946 2571 1208 2641 populum
1230 2584 1291 2626 se
1309 2569 1591 2626 aediﬁcare
1603 2569 2012 2637 existimabant,

437 2660 644 2719 Scribat
669 2670 724 2721 et
752 2663 1035 2718 Plurimi.
1061 2664 1139 2718 De
1160 2678 1275 2733 quo
1296 2663 1479 2733 lapide
1496 2664 1635 2718 dicit
1675 2663 1842 2719 etiam
1869 2664 2016 2720 Deus

436 2767 538 2822 per
559 2768 750 2809 vocem
779 2754 1011 2809 alterius
1043 2755 1365 2825 prophetat:
1418 2755 1552 2809 Ecce
1590 2766 1728 2826 pono
1772 2757 1829 2810 ia
1885 2755 2016 2811 Sion

439 2843 689 2914 lapidem,
714 2854 770 2899 ut
795 2846 965 2900 omnis
997 2849 1087 2916 qui
1114 2847 1280 2900 credit
1312 2849 1518 2902 iit-eunt
1542 2847 1741 2917 pudore
1765 2864 1873 2902 non
1893 2848 2016 2918 afﬁ-

436 2937 612 2990 ciatur
637 2938 703 2991 τ’.
736 2936 883 3003 llaec,
918 2948 979 2994 ut
1003 2954 1108 3009 ego
1129 2940 1352 3009 quidem
1397 2940 1662 3006 arbitror,
1696 2955 1825 2995 uos
1872 2940 2013 2996 teni-i

437 3027 675 3096 gmatice
705 3027 867 3107 docet
894 3028 1168 3098 dogmata,
1211 3030 1399 3088 divina
1422 3031 1723 3101 Scriptura,
1773 3047 1877 3102 per
1911 3033 2017 3087 hos

436 3116 634 3173 ﬂuvios
664 3128 719 3174 et
743 3136 959 3186 aurum,
992 3122 1391 3177 carbunculum
1411 3131 1469 3178 et
1490 3120 1841 3194 srnaragdum
1869 3141 2013 3181 tuon

2110 736 2224 789 disc
2252 735 2416 800 Geon,
2444 742 2501 788 et
2533 732 2816 788 secundus
2851 729 3133 801 hypostasi
3164 745 3232 783 ex
3285 730 3445 783 Patre
3498 730 3693 783 Filius.

2112 825 2277 882 Unde
2314 826 2485 880 etiam
2531 840 2601 879 ex
2654 831 3056 878 cataractarum
3092 820 3389 875 altitudine
3415 822 3696 891 egreditur

2113 925 2170 972 et
2223 916 2515 971 descendit
2546 916 2720 980 Geon,
2764 914 3024 985 quoniam
3056 912 3312 968 Christus
3367 929 3590 984 quoque
3632 930 3701 968 ex

2114 1010 2423 1067 cmiestium
2448 1018 2853 1065 cataractarum
2875 1007 3171 1061 altitudine
3208 1006 3503 1061 descendit
3530 1021 3702 1077 super

2117 1110 2342 1156 terram.
2379 1100 2733 1170 Superiorem
2758 1096 3052 1167 Ethiopian;
3076 1104 3133 1150 et
3172 1096 3489 1151 inferiorem
3537 1096 3702 1167 Egy-

2116 1193 2197 1264 pti
2232 1191 2511 1263 regionem
2538 1192 2731 1260 irrigat
2760 1197 2816 1244 et
2849 1189 2991 1243 ditat
3023 1188 3199 1252 Geon,
3240 1189 3520 1258 quomodo
3544 1190 3705 1244 Chri-

2116 1293 2243 1339 stus
2260 1281 2759 1354 quoque-cmlestia
2769 1289 2826 1335 et
2850 1281 3136 1336 terrestria
3154 1281 3295 1336 ditat
3321 1291 3375 1337 et
3403 1282 3671 1339 illuminat
3684 1325 3697 1337 .
3724 1334 3725 1337 η

2116 1378 2198 1434 Ex
2229 1376 2433 1446 ignotis
2463 1384 2521 1430 et
2554 1373 3041 1444 inaspectabilibus
3083 1374 3486 1445 inaccessisque
3517 1384 3574 1430 et
3621 1376 3708 1430 in-

2118 1467 2517 1524 scrulabilibus
2564 1466 2705 1521 locis
2742 1465 2906 1520 ambo
2956 1464 3324 1533 procedentes
3360 1465 3708 1520 descendunt

2116 1560 2179 1615 in
2225 1560 2345 1614 loca
2396 1557 2643 1612 habitata
2687 1574 2699 1610 :
2741 1567 2909 1626 atque
2953 1555 3091 1611 adeo
3133 1555 3190 1610 in
3235 1556 3401 1611 rebus
3450 1557 3710 1611 omnibus

2120 1651 2311 1722 figuris
2363 1659 2420 1706 et
2462 1648 2733 1719 exemplis
2765 1647 2917 1705 Geon
2949 1648 3232 1718 praedicat,
3262 1656 3319 1702 et
3359 1648 3725 1717 apertissime

2120 1740 2321 1798 clamat
2364 1741 2572 1798 Christi
2628 1741 2911 1813 mysteria.
2964 1740 3332 1807 Quamobrem
3385 1741 3563 1806 Nilus,
3614 1741 3713 1811 qui

2122 1835 2422 1906 aliquando
2454 1835 2524 1892 ab
2565 1832 2728 1889 initio
2762 1834 3019 1889 scaturiit
3047 1833 3316 1903 sanguine
3339 1844 3397 1888 et
3422 1847 3584 1904 aqua,
3611 1850 3707 1904 per

2111 1930 2421 2000 exemplum
2460 1927 2646 1983 nobis
2699 1934 2831 1982 ante
2898 1915 3220 1998 praedicavii
3272 1928 3594 1997 sanguinem
3656 1938 3708 1979 rt

2112 2039 2311 2093 aquam
2352 2029 2733 2078 emanaturam
2767 2037 2837 2076 ex
2875 2022 3050 2076 latere
3104 2019 3260 2075 ﬂuvii
3312 2020 3410 2074 Dei
3462 2019 3594 2075 Jesu
3654 2020 3711 2073 in

2113 2112 2400 2185 Golgotha.
2431 2114 2500 2168 Et
2522 2122 2693 2170 totam
2718 2121 2929 2168 terram
2958 2112 3051 2167 hic
3077 2111 3233 2167 Geon
3258 2111 3429 2166 simul
3449 2110 3731 2180 irrigans,

2113 2214 2170 2259 et
2203 2219 2397 2259 rursus
2434 2204 2501 2258 ad
2522 2204 2813 2274 proprium
2842 2216 3009 2258 suum
3032 2201 3277 2273 priorem
3302 2202 3489 2256 locum
3518 2217 3707 2256 rever—

2114 2299 2259 2357 tens,
2290 2292 2540 2353 cernitur
2564 2291 2849 2349 Christum
2875 2291 3251 2362 pmiigurare,
3294 2292 3392 2361 qui
3440 2290 3713 2346 mundum

2114 2382 2364 2454 irrigavit
2395 2391 2454 2437 et.
2474 2382 2811 2439 illuminavit
2839 2383 3010 2438 simul
3045 2382 3240 2438 dicens
3270 2400 3285 2435 :
3318 2382 3434 2453 Ego
3459 2398 3494 2437 τι
3548 2380 3711 2436 Patre

2115 2470 2409 2535 mariti,
2435 2478 2484 2523 st
2504 2486 2689 2525 rursus
2711 2470 2783 2524 ad
2818 2469 3035 2525 Patrem
3069 2487 3243 2525 meum
3271 2471 3428 2537 cado;
3454 2484 3731 2525 reversus,

2113 2576 2237 2616 sum
2260 2561 2319 2615 in
2339 2561 2545 2630 priora,
2574 2576 2808 2632 meaque
2825 2577 2938 2617 non
2961 2562 3383 2633 circumscripta
3403 2570 3536 2618 sunt
3566 2563 3706 2619 loca-

2112 2652 2225 2709 lste
2254 2652 2664 2711 ammnissintus
2694 2661 2771 2709 et
2825 2653 3061 2727 frugifer
3114 2655 3275 2711 Nilus
3319 2655 3528 2710 occidit
3576 2655 3711 2709 olim

2114 2747 2416 2803 sceleratos
2451 2747 2599 2802 ibtus
2626 2747 2997 2818 primogenita
3043 2747 3434 2803 Pharaonitica
3481 2747 3710 2818 legisla-

2113 2838 2251 2894 toris
2276 2841 2434 2911 jussu
2466 2847 2648 2895 morte
2688 2838 2907 2905 aﬂ'ecta,
2950 2840 3107 2911 prius
3144 2839 3401 2895 indicans
3433 2847 3492 2895 et
3536 2839 3709 2912 signi-

2114 2929 2283 2986 ficans
2310 2929 2596 3001 Christum
2623 2931 2720 3001 qui
2749 2931 2957 2987 occidit
3000 2932 3371 3004 primogenita
3400 2932 3725 3006 Pharaonis.

2114 3023 2320 3080 diaboli
2373 3023 2756 3096 (impietatem,
2811 3024 3075 3095 inquam,
3111 3035 3170 3081 et
3217 3025 3614 3096 idololatriam)
3650 3027 3707 3081 in

2114 3104 2389 3189 profundo
2411 3133 2568 3189 aqua
2595 3116 2970 3188 baptismatis.
2992 3119 3102 3175 iste
3130 3118 3284 3175 Geon
3312 3120 3523 3190 primus
3546 3118 3711 3174 nobis

436 3211 592 3263 enim
621 3225 725 3265 nos
776 3211 1032 3267 auriﬂces
1075 3220 1133 3267 et
1162 3214 1521 3283 gemmarios,
1553 3230 2015 3288 gemmarumque
2038 3234 2082 3293 α
2115 3211 2410 3283 descripsit
2452 3213 2779 3283 gravissima
2832 3210 3215 3283 Egyptiorum
3245 3212 3520 3282 supplicia
3579 3226 3705 3282 qum

434 3316 575 3357 auro
599 3305 1095 3373 conglut'matarum
1116 3304 1334 3361 inseres
1355 3305 1577 3363 edicere
1611 3309 1889 3366 volens‘et
1909 3309 2013 3367 do-

432 3407 566 3447 cens
591 3394 712 3449 haec
744 3394 883 3450 dicit
920 3395 1227 3466 Scriptura.

510 3480 805 3555 Videamus
838 3493 1023 3540 autem
1047 3487 1213 3541 etiam
1234 3502 1299 3542 ea
1315 3503 1438 3558 qum
1453 3501 1762 3561 sequuntur
1788 3492 1844 3547 in
1868 3492 2015 3549 Seri-

433 3580 616 3642 ptura.
681 3576 816 3629 Nam
840 3592 975 3631 cum
998 3576 1231 3633 dixisset
1253 3579 1496 3649 priorem
1518 3581 1748 3641 ﬂuvium
1779 3583 2013 3651 Phison,

430 3665 721 3735 subiunxit
751 3667 943 3722 dicens
972 3686 999 3722 ελ
1025 3668 1095 3722 Et
1125 3685 1315 3724 nam
1353 3672 1581 3726 racundo
1608 3675 1768 3744 fluvio
1818 3674 1961 3731 Geon
1989 3692 2009 3738 ;

430 3756 533 3810 iste
565 3765 640 3811 est
669 3760 757 3829 qui
782 3761 971 3814 circuit
997 3777 1204 3816 omnem
1246 3778 1448 3819 torrem
1490 3764 1792 3836 .Ethiopiw.
1827 3766 2017 3822 Traxit

432 3865 538 3905 nos
602 3853 910 3921 procedens
956 3855 1137 3910 oratiu
1194 3856 1300 3911 Nili
1328 3856 1665 3913 ﬂuentorum
1698 3858 1756 3913 in
1781 3858 2019 3931 [Egypto

431 3942 805 4009 latitudinem,
866 3954 927 4001 ut
976 3962 1099 4015 quae
1161 3963 1263 4002 nos
1316 3948 1702 4005 deduxeritad
1746 3951 1909 4017 Geon,
1940 3952 2013 4007 ad

431 4050 601 4103 quem
636 4038 869 4092 maxime
897 4037 1213 4096 derivamus
1242 4040 1469 4096 ﬂuvium
1506 4043 1671 4114 hujus
1726 4046 2015 4110 orationis,

430 4131 492 4177 et
536 4139 640 4177 nos
661 4133 881 4193 oportet
900 4128 1127 4183 omnino
1150 4129 1207 4183 in
1234 4128 1527 4202 Egyptum
1554 4134 1860 4190 orationem
1909 4135 2020 4190 ele-

433 4214 660 4283 gantius
700 4226 1043 4273 convertere.
1080 4219 1217 4275 Nam
1261 4235 1433 4291 super
1466 4237 1661 4279 omnes
1690 4224 1890 4281 ﬂuvios
1921 4227 2017 4297 qui

433 4306 679 4389 violento
709 4307 929 4389 impetu
952 4308 1130 4366 ﬂuunt
1151 4328 1318 4382 super
1342 4323 1564 4381 terram,
1586 4316 1840 4374 videmus
1867 4319 2019 4375 hunc

432 4384 665 4453 ﬂuvium
698 4401 793 4468 qui
824 4384 1028 4457 dicitur
1059 4402 1203 4459 Geon
1229 4405 1436 4460 habere
1463 4422 1591 4461 cum
1626 4408 1851 4466 Christo
1892 4427 2015 4467 rna-

434 4506 600 4562 gnam
621 4492 1019 4561 proprietatem
1059 4506 1114 4550 et
1152 4499 1614 4554 convenientiam.
1642 4501 1800 4567 Nam,
1838 4512 1902 4558 ut
1933 4504 2020 4560 dis

2119 3305 2388 3363 Dominus
2414 3304 2574 3360 Jesus
2602 3318 2700 3374 pro
2729 3304 2892 3361 nobis
2922 3304 3113 3359 intulit
3142 3305 3346 3374 populo
3371 3303 3705 3358 dtemonum.

2121 3398 2283 3455 Solus
2307 3398 2460 3454 Geon
2485 3398 2645 3454 nobis
2665 3398 2950 3453 coronavit
2970 3397 3171 3466 Ioseph
3213 3411 3419 3466 regem,
3468 3395 3561 3465 qui
3606 3410 3708 3448 no-

2121 3486 2208 3543 bis
2232 3487 2302 3542 de
2327 3474 2551 3543 Christo
2571 3488 2757 3542 omnia
2801 3485 3211 3558 prteiigurabat,
3244 3494 3301 3539 et
3348 3485 3702 3554 loquebatur.

2122 3579 2304 3634 Prima
2329 3580 2579 3634 omnium
2604 3581 2890 3651 regionum
2911 3578 3223 3649 gentilium,
3248 3584 3393 3631 terra
3417 3576 3526 3630 Nili
3566 3575 3701 3629 vidit

2121 3670 2297 3725 Deum
2352 3672 2411 3726 in
2464 3686 2629 3726 carne
2659 3670 2804 3741 apud
2836 3686 2897 3725 se
2934 3677 3267 3733 versantem,
3293 3675 3349 3722 et
3375 3668 3523 3722 nulla
3552 3668 3707 3737 regio

2122 3762 2486 3819 Barbarorum
2510 3764 2943 3836 alienigenarum
2967 3763 3025 3816 in
3050 3762 3257 3816 mundo
3275 3760 3479 3816 Christi
3502 3760 3697 3814 faciem

2121 3852 2262 3907 vidit
2292 3852 2345 3906 in
2376 3867 2543 3907 carne
2576 3853 2682 3907 nisi
2717 3852 2833 3906 sola
2878 3850 3165 3922 Aﬁgyptus.
3226 3848 3287 3903 In
3339 3863 3427 3915 ea,
3487 3848 3697 3903 Pascha

2122 3942 2227 3997 fuit
2251 3951 2409 4015 typus
2428 3941 2636 3998 Christi
2667 3942 2940 4012 passionis
2968 3949 3027 3995 et
3049 3954 3224 4011 agnus
3252 3939 3466 4011 primus
3490 3946 3579 3993 est
3603 3946 3705 3993 ec-

2122 4037 2290 4092 cisus.
2315 4037 2375 4091 in
2406 4052 2493 4099 ea,
2530 4035 2842 4106 redemptio
2874 4035 3120 4105 gentium
3154 4034 3310 4103 prius
3338 4031 3447 4087 fuit
3480 4032 3703 4086 descri-

2122 4139 2215 4200 pta
2243 4145 2314 4185 ex
2336 4144 2501 4185 manu
2529 4128 2745 4199 tyranni
2782 4128 2995 4183 mundi.
3035 4126 3302 4198 Egyptus
3343 4126 3520 4195 prima
3562 4124 3705 4178 vidit

2090 4249 2097 4255 -
2123 4224 2249 4294 agni
2276 4222 2597 4294 sanguinem
2629 4221 2698 4276 ad
2724 4236 3011 4290 vesperam
3041 4221 3098 4275 in
3135 4220 3393 4275 domibus
3423 4218 3700 4289 signatum

2123 4315 2191 4370 ad
2216 4317 2469 4378 salutem,
2519 4323 2577 4368 et
2634 4312 2879 4368 ostendit
2931 4312 3059 4383 agni
3118 4310 3326 4367 Christi
3376 4311 3705 4381 sanguinem

2123 4409 2308 4465 fusum
2342 4408 2410 4463 ad
2439 4421 2724 4477 vesperam
2755 4414 3090 4476 temporum,
3119 4405 3298 4461 donec
3331 4405 3558 4460 domum
3601 4404 3704 4459 Ec-

2125 4500 2305 4557 clesiae
2353 4500 2649 4567 coloravit.
2693 4499 2824 4554 Post
2868 4498 3069 4553 hiemis
3133 4505 3540 4568 tempestatem,
3577 4512 3703 4551 cum

434 4591 574 4637 cunt
608 4586 699 4654 qui
727 4586 957 4655 pulchre
988 4597 1045 4642 et
1102 4597 1360 4647 accurate
1400 4591 1643 4662 linguam
1691 4595 2017 4653 Hebraicam
2050 4589 2095 4646 D
2122 4608 2284 4649 suum
2314 4607 2603 4647 ascensum
2624 4592 2680 4646 in
2710 4606 2809 4646 aer
2832 4589 3198 4647 convertisset
3240 4589 3529 4654 Dominus,
3555 4588 3706 4643 illinc

436 4677 842 4733 transtulerunt
865 4679 920 4733 in
946 4679 1385 4744 Cmoam,'6con
1439 4685 1851 4755 interpretatur
1887 4691 2018 4762 σπει-
2115 4701 2184 4741 ex
2216 4685 2406 4749 latere,
2436 4684 2561 4738 vitat
2585 4684 2747 4738 nobis
2775 4698 2973 4752 aquam
3009 4690 3222 4737 scatere
3263 4682 3395 4737 fecit
3432 4681 3706 4735 Dominus

430 4783 524 4820 sor
542 4776 634 4817 aut
660 4772 979 4836 ωηαηειον,
1009 4773 1157 4842 quod
1179 4775 1405 4844 quidem
1424 4793 1614 4834 revera
1629 4790 1715 4835 est
1733 4780 2012 4840 Christus.
2116 4778 2173 4832 in
2203 4777 2368 4834 horto
2388 4776 2676 4847 Golgotha.
2704 4776 3006 4846 Propterea
3040 4774 3196 4830 Geon
3220 4788 3442 4846 quoque
3467 4773 3702 4828 salutem

434 4854 723 4928 Tanquam
742 4860 966 4917 eﬂ‘usor
986 4862 1212 4932 quidem
1261 4865 1502 4936 seipsum
1547 4869 1818 4926 exinaniit
1863 4876 2010 4929 servi
2114 4869 2304 4941 populi
2367 4868 2576 4924 faciens
2632 4880 2965 4930 ascensum,
3023 4874 3151 4921 ante
3206 4874 3439 4929 omitas,
3506 4863 3706 4935 irrigat

437 4946 670 5004 turmam
698 4954 981 5023 accipiens,
1012 4965 1276 5011 renovato
1332 4959 1504 5013 veteri
1547 4959 1790 5024 homine,
1836 4972 1893 5018 et
1931 4979 2019 5020 re-
2112 4960 2423 5031 Ethiopes,
2449 4960 2610 5016 nobis
2642 4959 2962 5031 praedicans
3004 4958 3153 5030 quod
3182 4959 3399 5029 primos
3449 4957 3702 5028 gentium

380 5036 394 5044 ’
433 5048 638 5094 novata
684 5041 824 5097 facie
879 5052 1061 5110 terrae,
1112 5054 1170 5100 et
1214 5047 1413 5117 spiritu
1453 5057 1609 5107 ructo
1643 5050 1908 5110 innovate
1959 5054 2016 5110 in
2114 5052 2364 5108 tenebris
2384 5052 2593 5107 oﬂ‘usos
2621 5053 2858 5123 populos
2889 5058 3077 5107 servat
3096 5060 3153 5106 et
3183 5051 3461 5105 illuminat
3480 5057 3538 5105 et
3569 5049 3702 5103 irri-

437 5129 750 5188 visceribus
772 5135 998 5190 nostris.
1054 5136 1213 5192 Unde
1264 5139 1432 5194 etiam
1483 5140 1730 5197 Paradisi
1770 5146 2019 5201 secundo
2117 5155 2207 5217 gat
2234 5146 2508 5202 Christus.
2575 5146 2654 5201 De
2698 5147 2906 5217 quibus
2962 5145 3136 5201 David
3197 5145 3334 5200 dicit
3378 5144 3692 5199 Ecclesiae:

437 5222 660 5290 genitus
688 5224 873 5278 statim
918 5235 1042 5294 post
1072 5226 1271 5282 Phison
1308 5231 1536 5299 ponitur
1594 5233 1760 5298 Geon,
1813 5236 2023 5308 signiﬂ-
2118 5236 2548 5305 Gloriﬁcatiumt
2563 5238 2917 5301 dcte,ciuitas
2939 5236 3199 5299 Dei;eccc
3219 5234 3368 5289 enim
3387 5232 3702 5303 alienigena:

438 5325 573 5365 cans
598 5311 878 5369 Christum
906 5319 1150 5374 secundo
1184 5322 1430 5390 genitum
1473 5339 1645 5394 super
1670 5336 1876 5383 terram
1921 5346 2013 5386 se-
2117 5337 2168 5382 et
2201 5328 2367 5399 Tyrus
2416 5337 2465 5382 et
2491 5327 2716 5398 populus
2768 5326 3099 5396 zEtItiopum,
3136 5326 3190 5380 Iti
3214 5325 3435 5394 fuerunt
3468 5322 3647 5377 illic"
3683 5341 3701 5389 ;

439 5403 621 5458 cunda
667 5420 767 5474 per
796 5422 1018 5463 carnem
1058 5412 1436 5480 generatione,
1476 5417 1611 5485 “post
1655 5419 1905 5489 ejusdem
1938 5423 2016 5477 si-
2121 5419 2392 5491 ΑνΣεΙιὶορὶα
2440 5420 2588 5474 enim
2632 5419 2883 5487 prterea“
2923 5430 3113 5472 manus
3163 5432 3290 5471 sua:
3335 5414 3448 5469 Deo
3479 5415 3547 5477 ",
3573 5425 3702 5470 ante

438 5495 553 5548 mul
579 5497 834 5553 essentia:
861 5502 1277 5569 generationem
1298 5519 1369 5559 ex
1402 5506 1583 5570 Patre,
1611 5524 1736 5578 quae
1769 5519 1856 5565 est
1882 5523 2015 5569 ante
2124 5526 2315 5567 omnes
2336 5526 2462 5566 cum
2491 5510 2718 5567 Christo
2750 5519 2906 5578 pacta
2930 5516 3201 5563 conventa
3246 5507 3385 5563 dans
3412 5514 3469 5563 et
3492 5506 3699 5563 faciens

437 5587 658 5642 saecula.
689 5588 759 5643 Et
787 5590 1019 5646 fortasse
1058 5608 1125 5648 ea
1166 5593 1236 5648 de
1260 5611 1423 5650 causa
1452 5598 1548 5653 Dei
1597 5599 1797 5656 ﬂuvius
1854 5604 2018 5662 Jesus
2123 5618 2224 5673 per
2275 5602 2431 5657 illum
2480 5600 2802 5657 eunuchum
2848 5598 2943 5669 qui
2989 5604 3110 5654 erat
3144 5596 3429 5655 Candaces
3492 5598 3701 5670 regina:

433 5678 624 5732 statim
653 5695 682 5733 e
715 5689 856 5735 terra
884 5692 1176 5752 generatus
1197 5700 1361 5755 super
1386 5696 1588 5743 terram
1617 5707 1683 5746 ex
1712 5693 1934 5765 Virgine
1960 5706 2016 5754 et
2124 5695 2467 5764 Ethiopum,
2521 5692 2801 5757 Ecclesiae,
2858 5706 2981 5762 quae
3032 5691 3254 5761 quidem
3282 5689 3507 5747 Christo
3540 5693 3698 5749 unita

512 5791 737 5879 :ann.
763 5813 877 5862 vm,
914 5798 999 5879 i_2.
1040 5871 1053 5879 _
1104 5802 1277 5879 “dia.
1305 5820 1379 5879 \'_l,
1404 5806 1457 5869 6,
1562 5808 1605 5840 ⁸³
1633 5810 1734 5865 lsa.
1774 5829 1856 5879 χι,
1883 5817 1935 5869 6.

2116 5817 2244 5871 Dan.
2276 5831 2334 5879 ιι,
2357 5814 2443 5868 3t.

513 5809 533 5819 ’
575 5809 737 5849 Joan.
763 5813 877 5862 vm,
914 5809 999 5852 12.
1104 5809 1147 5835 ⁵³⁵
1177 5809 1277 5857 ha.
1305 5820 1379 5867 vr,
1404 5809 1457 5869 6,
1562 5809 1605 5840 ⁸³
1633 5810 1734 5865 lsa.
1774 5829 1837 5867 χι,
1883 5817 1935 5869 6.

440 5860 487 5895 τι
521 5865 639 5895 nm:
695 5881 884 5895 .-.......
942 5869 971 5895 -:
1037 5871 1054 5895 ι
1151 5873 1344 5895 πη.-.
1406 5892 1418 5895 _
1597 5879 1674 5895 -.ιι
1846 5857 1856 5879 ’

2116 5817 2244 5871 Dan.
2276 5831 2334 5879 ιι,
2357 5814 2443 5868 3t.
2549 5812 2591 5843 '“
2625 5811 2766 5867 Psal.
2800 5826 2958 5877 cxvu,
2988 5810 3077 5864 22.
3184 5811 3229 5840 ⁷³
3257 5809 3360 5865 ita.
3388 5824 3573 5874 xum,
3607 5809 3719 5865 ια..

519 5865 662 5920 Psal.
692 5881 909 5935 tum,
942 5869 994 5935 3,
1028 5871 1078 5925 4.
1151 5873 1195 5905 ⁷⁸
1226 5865 1375 5930 l’sal.
1404 5865 1568 5944 Liv",
1596 5879 1692 5935 5‘3.

2549 5812 2591 5843 '“
2625 5811 2766 5867 Psal.
2800 5826 2958 5877 cxvu,
2988 5810 3077 5864 ἓξ.
