4056 6148
394 401 497 464 9ἷ9

1589 412 1669 471 S.-
1688 412 2088 474 ANASTASII
2128 416 2453 478 SINAIT/E

3542 422 3645 486 980

390 514 624 570 clamat:
658 514 825 587 Nigra
860 534 977 571 sum
1020 529 1068 573 et
1104 520 1355 590 formosa,
1390 521 1520 590 filia:
1550 522 1851 587 Jerusalem
1886 526 1929 557 ⁷³
1953 568 1969 591 ,
2003 528 2176 584 Atius
2210 529 2413 601 Tygris,
2448 531 2557 601 ipse
2579 529 2721 585 vadit
2749 538 2934 584 contra
2988 528 3252 600 Assyrios.
3295 526 3410 585 Cur
3458 537 3645 584 autem

390 604 548 676 nigra
579 606 735 675 prius
762 608 1172 675 incredulitate,
1204 627 1326 682 quae
1355 630 1503 669 nunc
1558 629 1680 669 sum
1732 616 1969 672 obscura

391 695 724 764 humilitate,
741 698 979 755 formosa
1001 710 1185 756 autem
1206 719 1355 759 nunc
1376 720 1498 759 sum
1515 706 1612 760 Dei
1630 706 1964 776 cognitione.

374 786 504 858 Ego
532 789 679 843 enim
708 806 833 845 sum
874 794 1058 864 regina
1093 794 1281 850 Austri
1315 811 1438 865 qua:
1472 812 1638 867 surgo
1668 813 1735 851 ex
1766 796 1968 852 ﬁnibus

391 887 550 936 terra:
580 885 847 953 gentium,
879 894 935 940 et
986 886 1213 942 veniens
1269 886 1382 940 vidi
1426 888 1754 958 sapientiam
1807 887 1965 943 Salo-

388 977 571 1031 monis
605 977 698 1047 qui
758 995 888 1034 vere
929 980 999 1035 ad
1052 996 1140 1035 me
1199 980 1495 1038 clamavit:
1554 982 1697 1049 l’eni,
1732 983 1964 1052 formosa

385 1072 682 1141 propinqua
711 1088 850 1137 mea,
887 1074 956 1126 ad
980 1090 1061 1128 me
1096 1075 1142 1105 ""
1166 1113 1181 1128 .
1214 1076 1327 1147 Ego
1363 1076 1513 1131 enim
1563 1094 1683 1131 sum
1734 1094 1966 1132 resurre-

386 1162 497 1215 ctio.
520 1164 591 1227 7’,
612 1172 669 1217 et
687 1180 787 1235 ego
816 1174 935 1219 sum
963 1164 1165 1221 ﬂuvius
1196 1167 1312 1231 Dei,
1341 1168 1434 1238 qui
1464 1178 1689 1238 propter
1718 1177 1770 1224 te
1789 1170 1966 1224 tactus

385 1267 505 1307 Sum
539 1265 687 1310 terra
738 1258 957 1326 genitus
999 1257 1175 1324 Ceon,
1202 1272 1257 1314 et
1286 1260 1377 1330 qui
1418 1261 1697 1315 circumeo
1729 1272 1785 1316 et
1815 1277 1965 1317 com-

381 1347 670 1414 prehendo
732 1364 950 1405 omnem
1009 1358 1214 1407 terram
1261 1353 1505 1423 gentium
1563 1352 1966 1424 Ethiopianct

380 1437 600 1510 Aigypti
641 1442 794 1511 prius
826 1442 1149 1511 incredulae,
1188 1462 1339 1501 nunc
1390 1456 1575 1502 autem
1631 1447 1754 1501 lidci
1811 1448 1964 1502 ince-

380 1531 826 1604 ptrix,quoniam
841 1536 1077 1608 Egyptii
1102 1540 1343 1607 primum
1365 1540 1629 1595 viderunt
1650 1540 1961 1607 Dominum,

381 1632 440 1679 et
460 1626 718 1697 cognitus
736 1628 841 1683 fuit
868 1630 1137 1685 Dominus
1162 1630 1456 1703 Egyptiis,
1489 1641 1545 1687 et
1583 1641 1835 1695 erectum
1878 1641 1966 1686 est

383 1715 558 1772 altare
590 1719 828 1775 Domino
858 1721 911 1776 in
934 1721 1169 1793 Egypto
1193 1724 1360 1778 ﬁxum
1400 1725 1455 1778 in
1505 1732 1658 1793 petra
1684 1724 1857 1788 Petri,
1908 1731 1965 1778 et

379 1808 638 1864 columna
665 1811 812 1866 sedit
834 1812 1069 1868 Domino
1086 1815 1255 1885 899
1274 1815 1343 1869 ad
1364 1816 1501 1872 ﬁnes
1525 1815 1741 1889 ,Ἐθεριὶ
1778 1817 1963 1871 Domi-

381 1916 490 1955 nus
544 1903 601 1957 in
631 1903 910 1959 Bethleem
963 1921 1131 1976 super
1182 1908 1387 1964 nubem
1446 1909 1645 1973 levem,
1701 1916 1963 1978 tanquam

382 1995 567 2065 pluvia
596 1998 839 2051 emlestis
869 1997 923 2052 in
967 2000 1191 2073 gremio,
1220 2001 1432 2056 nebulae
1471 2000 1654 2057 Maria;
1701 2016 1813 2057 suae
1845 2017 1963 2056 ma-

382 2089 489 2143 tris
529 2097 586 2144 et
610 2105 777 2144 cursu
802 2093 956 2147 venit
988 2093 1044 2147 in
1073 2092 1367 2165 [Egyptum
1404 2092 1622 2164 fugiens
1653 2094 1963 2150 voluntarie

381 2181 680 2237 sceleratas
731 2199 930 2239 manus
985 2184 1326 2257 iniquorum,
1389 2187 1747 2243 etconcussit
1770 2202 1964 2240 manu-

378 2272 522 2329 faeta
548 2273 790 2347 Egypti,
821 2286 878 2331 et
903 2277 1174 2347 confregit
1195 2279 1469 2349 sculptilia
1486 2277 1727 2350 Egypti,
1760 2286 1818 2333 et
1839 2292 1962 2333 eam

378 2367 641 2423 excitavit
668 2370 964 2439 iacentem.
1003 2370 1274 2437 Quoniam
1307 2371 1574 2442 [Egyptus
1616 2370 1734 2427 suis
1786 2372 1963 2426 mani-

380 2457 487 2513 bus
508 2460 727 2529 excepit
757 2461 931 2516 Deum
972 2460 1041 2516 ad
1076 2463 1252 2531 ipsam
1309 2464 1629 2518 venientem
1681 2471 1738 2517 et
1791 2477 1960 2518 cursu

321 2548 332 2559 ‘
379 2547 854 2613 contendentem;
906 2557 964 2605 et
1020 2549 1325 2604 occultavit
1375 2564 1406 2603 a
1466 2549 1603 2605 feris
1643 2550 1960 2620 agrestibus

377 2636 697 2694 Judaaorum
746 2656 876 2694 eum
904 2642 999 2710 qui
1037 2641 1218 2710 ipsum
1241 2641 1447 2712 eripuit
1475 2659 1507 2697 a
1546 2642 1804 2698 manibus
1845 2641 1959 2697 dte-

378 2743 608 2783 monum
642 2748 654 2783 :
691 2739 747 2785 et
774 2733 1017 2788 servavit
1050 2733 1197 2789 ulnis
1221 2734 1473 2804 amplexa
1503 2750 1630 2809 cum
1653 2735 1748 2804 qui
1779 2734 1959 2802 ipsum

378 2829 435 2874 et
463 2822 726 2877 mundum
753 2826 1013 2891 servavit,
1059 2836 1118 2881 et
1163 2827 1299 2881 texit
1339 2842 1465 2881 eum
1515 2826 1613 2897 qui
1668 2827 1845 2897 ipsam
1901 2833 1960 2881 et

377 2914 563 2968 omnia
606 2930 772 2969 manu
813 2918 998 2988 regit:
1033 2927 1090 2973 et
1137 2918 1380 2989 hospitio
1425 2918 1645 2988 excepit
1691 2918 1959 2990 {Egyptus

378 3021 507 3060 cum
531 3005 626 3075 qui
661 3022 827 3062 carne
857 3007 1171 3064 voluntarie
1201 3010 1256 3064 in
1287 3025 1352 3065 ea
1381 3007 1488 3064 fuit
1514 3009 1734 3079 hospes,
1768 3019 1826 3065 et
1857 3025 1960 3064 nos

377 3097 475 3167 qui
512 3098 567 3151 in
599 3098 717 3167 ipsa
741 3113 967 3155 eramus
1001 3100 1253 3170 hospites
1282 3102 1339 3156 in
1384 3102 1558 3157 caelos
1603 3102 1846 3157 sustulit.
1891 3102 1959 3156 Et

2071 616 2213 673 duos
2247 619 2473 689 quidem
2519 619 2720 675 ﬂuvios
2762 619 3022 690 (Phison,
3072 619 3319 689 inquam,
3369 627 3426 674 et
3467 617 3643 693 Geon)

2069 710 2321 765 nominat
2349 712 2783 777 circumeuntes,
2812 719 2870 767 et
2897 718 3160 780 tanquam
3182 709 3562 766 custodientes
3575 725 3642 767 ac

2068 802 2602 859 circummunientes
2630 803 2949 872 paradisum
2985 802 3196 857 Christi
3224 818 3240 855 :
3277 802 3503 857 tertium
3536 818 3638 858 au-

2068 904 2177 948 tem
2205 893 2455 961 ﬂuvium,
2486 910 2599 950 non
2630 895 3093 963 circumeuntem,
3118 893 3214 949 sed
3239 903 3496 964 tanquam
3515 909 3642 949 cum

2065 1002 2248 1057 pugna
2284 995 2341 1043 et
2387 987 2534 1042 bello
2569 996 2977 1051 occurrentem,
3002 1003 3072 1042 ex
3110 986 3346 1042 adverso
3381 986 3640 1057 Assyrio-

2067 1078 2232 1132 rum?
2252 1078 2461 1150 Assyrii
2484 1078 3161 1148 quideminterpretantur
3205 1094 3310 1131 non
3333 1078 3640 1148 dirigentes,-

2067 1171 2262 1243 Tygris
2280 1180 2495 1243 autem,
2519 1187 2654 1228 voce
2678 1170 2867 1228 Graeca
2889 1164 3118 1235 dicitur,
3146 1168 3286 1223 latus
3303 1180 3359 1224 et
3375 1176 3637 1224 austeras.

2066 1264 2211 1335 Ergo
2232 1265 2472 1336 Assyriis
2501 1264 2724 1335 quidem
2771 1250 3144 1334 dirigentibus
3166 1278 3326 1318 suam
3362 1263 3534 1323 vitam
3585 1262 3637 1316 in

2065 1359 2212 1412 viam
2242 1358 2393 1427 pacis
2422 1398 2437 1425 ,
2496 1358 2704 1413 resistit
2744 1358 3013 1413 adversus
3041 1371 3139 1411 eos
3184 1356 3393 1410 bellum
3442 1369 3640 1426 gerens

2063 1453 2385 1523 evangelica
2414 1451 2757 1522 praedicatio.
2794 1451 3013 1509 Scimus
3037 1450 3185 1505 enim
3219 1448 3475 1519 Assyrios
3496 1462 3639 1508 ‘esse

2064 1543 2253 1599 hostes
2309 1551 2367 1597 et
2422 1541 2678 1609 inimicos
2727 1540 2825 1596 Dei
2869 1540 3111 1595 civitatis
3150 1538 3487 1602 Jerusalem,
3540 1537 3638 1607 qni

2063 1645 2123 1692 et
2146 1652 2268 1691 eam
2299 1651 2422 1705 qua:
2454 1643 2546 1691 est
2596 1635 2797 1690 domus
2842 1635 2940 1690 Dei
2993 1634 3144 1687 varie
3178 1631 3537 1700 diripuerunt
3583 1639 3639 1684 et

2063 1740 2416 1787 exusserant.
2436 1730 2723 1786 Adversus
2737 1745 2879 1800 quos
2899 1729 3099 1784 tertius
3124 1727 3490 1795 plenitudinis
3515 1726 3640 1781 Tri-

2063 1825 2256 1880 nitatis
2279 1824 2561 1897 (Spiritus,
2586 1824 2833 1893 inquam,
2856 1820 3104 1893 sanctus)
3122 1820 3275 1876 vadit
3293 1821 3344 1875 ei
3374 1819 3551 1875 hostis
3581 1829 3638 1873 et

2066 1916 2335 1971 infestus:
2360 1914 2577 1970 Flavius
2606 1922 2785 1969 autem
2815 1919 3038 1983 quartus
3078 1913 3176 1965 iste
3208 1918 3286 1965 est
3316 1909 3633 1978 Euphrates.

2066 2007 2127 2062 In
2174 2006 2366 2062 multis
2403 2014 2588 2061 autem
2633 2012 2691 2060 et
2719 2002 2958 2059 diversis
2977 2002 3150 2067 locis,
3184 1997 3360 2077 -sacri
3395 1996 3635 2068 theologi

2063 2099 2530 2155 documentorum
2562 2096 2931 2152 Mosaicorum
2978 2094 3160 2150 solent
3203 2092 3485 2166 appellare
3518 2105 3635 2145 ma-

2062 2207 2234 2263 gnum
2265 2208 2334 2247 ex
2364 2191 2453 2245 his
2482 2199 2725 2259 quatuor
2755 2187 2941 2243 ﬂuviis
2975 2188 3154 2242 solum
3183 2185 3544 2253 Euphratem,
3575 2192 3635 2238 ut

2062 2282 2288 2352 quando
2322 2283 2469 2336 Deus
2493 2280 2629 2335 dicit
2653 2278 2843 2335 lsraeli
2876 2275 3173 2332 ":Poum
3188 2274 3432 2330 terminos
3448 2281 3563 2325 tuos
3601 2291 3635 2326 α

2061 2376 2220 2446 ﬂuuio
2238 2372 2453 2444 Egypti
2482 2388 2649 2443 usque
2671 2371 2743 2425 ad
2768 2371 2988 2442 ﬂuvium
3008 2384 3261 2438 magnum
3289 2365 3630 2436 Euphratem.

2059 2467 2240 2537 Atque
2255 2466 2567 2536 Euphrates
2578 2464 2807 2534 quidem
2828 2462 3018 2518 Graeca
3033 2461 3222 2531 lingua
3240 2459 3635 2527 interpretatur

2039 2557 2419 2629 ,καρποφοριὰ
2464 2555 2675 2611 αὐτῶν
2733 2553 2842 2610 hoc
2892 2561 2981 2609 est
3045 2568 3230 2606 eorum
3270 2547 3630 2620 fructiﬁcatio.

2059 2649 2378 2720 Euphratrei
2421 2656 2608 2704 autem
2680 2662 2877 2705 rursus
2927 2644 3191 2703 dicuntur
3237 2641 3631 2711 fructiﬁcantes.

2058 2738 2326 2795 Nonnulli
2383 2746 2572 2793 autem
2619 2750 2687 2790 ex
2749 2731 3150 2804 interpretibus
3198 2729 3634 2798 interpretantur

2058 2830 2399 2900 Euphratem
2431 2828 2543 2883 vitii
2566 2826 2964 2896 dispersionem,
2997 2822 3284 2892 Euphrata
3303 2825 3632 2881 antem_ter-

2061 2940 2180 2978 ram
2196 2923 2422 2993 fructum
2435 2921 2708 2991 ferentem.
2729 2918 3030 2987 Propterea
3041 2929 3175 2985 ergo
3186 2925 3419 2982 magnus
3432 2909 3633 2963 ﬂuvius

2058 3016 2157 3071 Dei
2176 3013 2514 3084 Euphrates,
2540 3024 2740 3080 nempe
2759 3007 3036 3072 Christus,
3056 3004 3151 3071 qui
3174 3012 3263 3059 est
3281 2997 3634 3063 fructiﬁcatio

2059 3107 2562 3177 Euphrataeorum,
2612 3102 2664 3157 id
2730 3109 2819 3156 est
2862 3098 3111 3170 gentium
3158 3093 3459 3153 ferentium
3514 3090 3634 3145 fru-

378 3191 581 3246 nutriit
608 3190 874 3263 lEgyptus
902 3208 1098 3262 panem
1122 3196 1411 3250 emlestem
1446 3194 1539 3265 qui
1574 3211 1767 3252 omnes
1797 3197 1955 3259 aluit,
1985 3203 2033 3266 c
2063 3208 2215 3257 ctum
2247 3240 2263 3263 ,
2289 3205 2549 3253 natusest
2586 3195 2643 3251 in
2677 3194 2961 3269 Euphrata
2986 3189 3065 3261 (id
3096 3198 3202 3252 est,
3227 3184 3533 3252 Bethleem)
3572 3188 3637 3236 ut

377 3289 436 3335 et
467 3282 678 3351 potavit
713 3282 866 3338 Geon
904 3300 1045 3354 aqua
1084 3283 1294 3355 {Egypti
1327 3285 1534 3340 fontem
1561 3287 1710 3351 vitae,
1742 3294 1799 3345 et
1824 3301 1957 3356 ape-

379 3371 494 3427 ruit
515 3370 783 3444 IEgyptus
806 3373 1011 3429 ostium
1029 3374 1107 3428 illi
1130 3374 1224 3444 qui
1244 3373 1406 3430 dicit:
1422 3375 1535 3445 Ego
1549 3392 1665 3430 sum
1677 3377 1868 3432 ostium
1886 3374 1954 3442 7⁸,

366 3472 435 3518 ιρι
481 3463 638 3519 dedit
688 3466 908 3519 initium
968 3465 1249 3535 ingressus
1292 3466 1406 3522 Deo
1455 3466 1659 3531 Verbo,
1699 3466 1847 3536 quod
1890 3482 1958 3522 ex

378 3555 655 3625 principio
686 3564 911 3612 carente
949 3557 1224 3627 principio
1254 3556 1418 3613 simul
1448 3566 1568 3612 erat
1601 3558 1720 3613 sine
1751 3557 1958 3627 princi-

376 3649 471 3718 pio
492 3658 548 3704 et
575 3649 629 3704 in
661 3650 932 3719 principio
956 3658 1048 3717 ;et
1084 3649 1299 3705 invenit
1327 3649 1584 3705 Christus
1622 3651 1679 3704 in
1727 3649 1959 3721 Δίωνι)ιο

376 3742 467 3797 ubi
517 3754 678 3813 caput
730 3743 948 3798 inclinet
1000 3744 1109 3799 ﬁde
1143 3761 1156 3797 :
1193 3742 1458 3821 quoniam
1503 3743 1557 3798 in
1589 3745 1815 3813 propria
1842 3758 1957 3797 non

378 3847 500 3893 erat
539 3837 589 3890 ei
620 3836 774 3892 locus
809 3836 934 3892 ﬁdei
964 3838 1019 3891 in
1040 3836 1327 3892 diversorio
1357 3836 1635 3892 derelictae
1663 3836 1958 3908 Synagnge

375 3926 690 3997 Iudaeorum
711 3944 727 3991 ς
750 3937 805 3982 et
830 3928 977 3983 Deus
1005 3927 1235 3982 deorum
1259 3928 1529 3983 Dominus
1552 3928 1772 3983 locutus
1792 3938 1958 3983 estex

376 4019 610 4093 Egypto
627 4061 642 4087 ,
672 4020 870 4075 Filium
899 4036 1058 4076 suum
1089 4020 1156 4074 ad
1178 4035 1276 4074 nos
1293 4020 1523 4075 mittens
1535 4030 1662 4075 ante
1679 4019 1959 4090 apostolos

377 4114 754 4183 apostolorum
782 4113 954 4168 Deum
980 4130 996 4179 ;
1021 4124 1079 4168 et
1101 4113 1206 4167 fuit
1237 4112 1390 4168 Geon
1424 4120 1648 4167 sanctus
1674 4126 1773 4181 per
1823 4111 1959 4166 San-

377 4215 528 4260 ctum
552 4214 870 4261 sanctorum
896 4204 1289 4270 sanctiﬁcatus,
1315 4213 1373 4260 et
1401 4203 1471 4259 ad
1497 4203 1955 4259 illuminationem

376 4307 432 4353 et
463 4297 956 4356 sanctiﬁcationem
991 4298 1256 4369 praevenit
1303 4296 1573 4352 auriﬂuus
1613 4297 1794 4351 amnis
1836 4296 1958 4352 Jor-

374 4403 574 4447 nanem
622 4390 981 4460 qui'excepit
1004 4390 1282 4445 Christum
1342 4388 1397 4442 in
1453 4388 1572 4444 suis
1597 4386 1861 4452 ﬂuentis;
1901 4394 1958 4441 et

376 4482 594 4552 excepit
616 4498 808 4537 rursus
831 4481 1073 4538 secundo
1103 4482 1269 4537 etiam
1295 4480 1501 4537 sanctis
1527 4478 1771 4535 sanctior
1791 4477 1956 4550 Egy-

377 4549 526 4645 ptus,
557 4591 657 4644 pro
686 4575 851 4629 Maria
877 4573 1111 4629 Mosaica
1140 4572 1365 4627 Mariam
1393 4571 1706 4636 dominam;
1740 4549 1956 4625 etditat
1978 4549 2030 4647 ID

376 4666 621 4722 secundo
640 4665 792 4721 Geon
824 4664 1049 4734 Joseph,
1076 4663 1173 4734 qui
1225 4663 1311 4717 vir
1352 4661 1578 4732 quidem
1636 4660 1951 4725 dicebatur,

377 4754 473 4811 sed
500 4770 609 4810 non
648 4763 769 4810 erat
797 4755 883 4808 vir
904 4753 1092 4808 Matris
1134 4768 1256 4823 quae
1304 4760 1423 4808 erat
1470 4750 1620 4806 omni
1669 4765 1738 4805 ex
1798 4761 1957 4820 parte

377 4849 720 4918 incorrupta,
758 4847 1204 4917 quandoquidem
1236 4846 1352 4915 ipse
1382 4844 1490 4899 fuit
1517 4852 1705 4913 gratus
1723 4850 1779 4897 et
1801 4857 1958 4897 acce-

376 4949 507 5011 ptus
549 4955 734 4996 coram
784 4955 853 4995 eo
887 4939 983 5008 qui
1042 4940 1283 5008 seipsum
1342 4936 1631 4993 exinaniit.
1683 4935 1790 4991 Sed
1840 4935 1957 4990 haec

376 5036 601 5105 quidem
631 5042 761 5090 sunt
787 5031 1036 5088 eneomia
1085 5028 1321 5101 .Egypti,
1374 5044 1499 5099 qua:
1548 5028 1603 5082 in
1647 5028 1757 5083 alio
1809 5027 1953 5082 libro

376 5128 599 5199 proprio
634 5127 812 5182 fusius
831 5123 1175 5181 celebrantes
1202 5122 1637 5193 composuimus.

442 5242 601 5297 Nunc
626 5248 809 5295 autem
853 5238 922 5294 de
956 5246 1155 5293 cancro
1178 5251 1283 5292 nos
1316 5243 1534 5305 tempus
1555 5243 1714 5289 vocat
1735 5242 1797 5289 ut
1816 5235 1956 5290 alios

374 5345 597 5402 quoque
625 5328 825 5383 ﬂuvios
843 5326 1036 5397 paucis
1061 5325 1561 5395 transnavigemus,
1590 5323 1952 5378 consideran-

376 5433 461 5480 tes
476 5421 944 5494 quemadmodum
970 5420 1049 5475 illi
1072 5434 1296 5490 quoque
1317 5417 1382 5473 ad
1405 5416 1687 5473 Christum
1713 5416 1956 5470 habeant

377 5515 701 5570 relationem
733 5514 875 5570 etad
910 5511 1225 5583 paradisum
1258 5509 1517 5565 Ecclesia:
1536 5508 1785 5578 gentium
1819 5523 1831 5557 :
1872 5505 1954 5560 sic

377 5606 526 5660 enim
555 5607 694 5661 dicit
723 5606 1024 5677 Scriptum
1048 5602 1450 5673 consequentia
1489 5620 1502 5654 :
1539 5601 1604 5654 Et
1633 5600 1823 5672 ﬂuvius
1847 5606 1953 5650 tero

450 5802 495 5833 "
522 5801 677 5857 Cant.
714 5820 750 5863 ι,
774 5806 826 5858 ιι.
934 5806 979 5836 ’³
1004 5804 1163 5859 Cant.
1191 5804 1320 5866 v.1.
1426 5803 1466 5833 ⁷⁷
1500 5802 1657 5856 Joan.
1686 5815 1759 5861 xi,
1784 5799 1871 5852 25.

380 5869 420 5904 "
450 5868 722 5940 lonnmv,
757 5873 837 5926 ιδ.
913 5874 957 5905 ⁸¹
991 5874 1031 5927 ll
1064 5875 1189 5928 Cor.
1230 5889 1306 5937 ιιι,
1334 5875 1388 5926 6.
1464 5873 1507 5903 ⁸³
1541 5873 1700 5926 Itoni.
1742 5886 1833 5935 vn,
1866 5869 1948 5923 ll.

1985 5796 2028 5829 ⁷⁸
2047 5794 2202 5852 Joan.
2244 5809 2296 5860 x,
2330 5792 2382 5848 9.

2058 3286 2547 3359 dispergatvitium
2570 3283 2906 3355 gentium,et
2934 3278 3131 3335 reddat
3153 3286 3355 3332 terram
3385 3274 3625 3328 fructum

2057 3382 2330 3437 ferentem
2356 3377 2661 3434 Ecclesiam
2687 3389 2811 3445 quae
2834 3371 2990 3442 prius
3011 3379 3134 3425 erat
3166 3365 3492 3436 infrugifcra
3530 3380 3543 3416 :
3574 3370 3637 3415 ut

2062 3482 2207 3530 terra
2239 3472 2335 3527 det
2363 3468 2528 3525 nobis
2551 3468 2796 3522 fructum
2825 3478 3009 3533 suum,
3039 3477 3165 3518 cum
3192 3460 3246 3514 in
3275 3474 3338 3514 ea
3383 3457 3454 3511 sit
3486 3456 3635 3510 inse-

2059 3565 2327 3639 parabilis
2360 3563 2644 3618 fructuum
2661 3559 2823 3614 dator
2834 3557 3171 3633 Euphrates.
3194 3548 3469 3607 Convenit
3487 3544 3634 3600 enim

2058 3638 2234 3730 magis
2305 3654 2613 3727 prudenter
2660 3648 3100 3705 animadvertere
3168 3638 3633 3713 quemadmodum

2058 3752 2265 3809 Phison
2299 3747 2521 3818 quidem
2559 3744 2768 3801 dicitur
2783 3741 3021 3798 circuire
3047 3746 3214 3792 totam
3238 3738 3411 3805 ipsam
3436 3742 3634 3787 terram

2058 3842 2273 3899 Evilath
2286 3882 2300 3905 ,
2315 3855 2411 3896 seu
2428 3835 2826 3908 parturientem
2846 3830 3025 3886 :Geon
3039 3835 3220 3895 antem
3236 3823 3489 3879 similiter
3504 3833 3639 3874 con-

2061 3935 2200 3990 tinet
2230 3930 2551 3989 custodiens
2573 3928 2667 3999 qui
2704 3926 2760 3981 in
2790 3940 2857 3983 eo
2882 3931 3023 3999 sunt
3043 3919 3274 3991 populos
3307 3930 3500 3972 eorum
3538 3911 3631 3982 qui

2057 4027 2214 4098 prius
2242 4032 2403 4081 erant
2427 3998 2751 4090 [Ethiopum
2780 4034 2794 4069 :
2829 3998 3023 4087 Tygris
3039 4022 3224 4068 autem
3253 4024 3373 4065 eam
3400 4003 3637 4098 protegit

2058 4096 2116 4176 et
2147 4116 2394 4175 defendit
2424 4115 2698 4171 adversus
2727 4108 3021 4180 improbos
3040 4104 3318 4176 Assyrios.
3345 4101 3466 4156 Non
3491 4096 3633 4153 scri-

2058 4222 2214 4284 ptum
2236 4219 2324 4266 est
2356 4217 2540 4264 autem
2570 4219 2831 4275 magnum
2864 4200 3226 4270 Euphratem,
3248 4209 3429 4264 neque
3457 4200 3637 4246 trans-

2058 4305 2162 4369 ire,
2224 4316 2406 4371 neque
2433 4297 2637 4355 vadere
2658 4337 2674 4361 ,
2709 4309 2891 4364 neque
2912 4291 3193 4353 .circuire,
3239 4288 3334 4345 sed
3358 4303 3482 4341 esse
3515 4298 3633 4338 Sla-

2058 4396 2229 4452 bilem
2263 4402 2321 4449 et
2352 4390 2719 4453 immobilem,
2765 4395 2826 4442 ut
2873 4387 2969 4456 qui
2999 4399 3221 4455 semper
3268 4382 3419 4436 dicat
3448 4398 3460 4433 :
3499 4378 3635 4434 Ecce

2058 4491 2321 4545 vobiscum
2346 4503 2465 4541 sum
2490 4482 2730 4538 omnibus
2765 4480 2946 4534 diebus
2981 4493 3148 4548 usque
3177 4480 3248 4531 ad
3296 4490 3633 4529 consumma-

2060 4587 2252 4639 tionem
2276 4578 2455 4635 sarculi
2484 4578 2551 4631 ⁸ο.
2568 4576 2637 4630 Ει
2668 4593 2681 4629 :
2721 4574 2839 4629 Non
2859 4572 3158 4642 relinquam
3180 4585 3269 4623 vos
3284 4568 3547 4641 orphanos
3564 4566 3634 4619 ⁸⁸.

2058 4676 2357 4744 Propterea
2381 4684 2513 4741 ergo
2542 4682 2734 4736 neque
2773 4664 2941 4720 ullam
2974 4662 3258 4733 regionem
3291 4658 3496 4713 dicitur
3542 4657 3634 4710 hic

2058 4781 2292 4836 magnus
2334 4762 2539 4817 ﬂuvius
2574 4760 2803 4830 irrigare
2852 4771 3034 4825 neque
3067 4755 3273 4810 locum.
3323 4752 3445 4807 Non
3486 4750 3635 4804 enim

2059 4859 2243 4914 locum
2278 4855 2376 4910 sed
2408 4852 2677 4908 mundum
2710 4858 2887 4904 totum
2921 4855 3158 4917 quartus
3193 4845 3288 4899 hic
3312 4842 3505 4913 irrigat
3529 4840 3635 4895 ﬂu-

2061 4947 2484 5015 vius.Quartum
2507 4951 2692 5000 autem
2718 4942 2947 4996 ﬂuvium
2966 4937 3208 5008 intelligo
3238 4933 3635 5005 evangelicum.

2059 5052 2118 5099 et
2153 5040 2327 5095 totius
2364 5037 2518 5093 orbis
2567 5032 3040 5106 przedicationem,
3082 5037 3208 5099 post
3234 5026 3546 5083 naturalem
3581 5032 3636 5077 et

2059 5133 2349 5191 Mosaicam
2373 5131 2548 5199 legem
2573 5124 2974 5196 propheticum.
2997 5120 3269 5186 Quoniam
3291 5126 3477 5171 autem
3495 5114 3635 5168 dura

2058 5236 2116 5282 et
2158 5234 2350 5282 coacta
2393 5220 2658 5276 videntur
2680 5232 2746 5272 ea
2775 5230 2905 5285 qua:
2943 5227 3093 5267 nunc
3141 5210 3425 5266 dicuntur,
3443 5207 3513 5262 de
3548 5206 3636 5260 his

2055 5320 2278 5381 ﬂuviis,
2332 5331 2444 5370 non
2475 5314 2654 5367 solum
2694 5308 2902 5366 Judaais
2944 5305 3041 5361 sed
3095 5304 3266 5360 etiam
3328 5299 3519 5356 multis
3566 5313 3634 5353 ex

2051 5410 2297 5467 Ecclesia
2347 5406 2443 5477 qui
2485 5411 2617 5459 sunt
2652 5400 2925 5463 carnales,
2978 5408 3036 5453 et
3088 5413 3201 5452 non
3237 5404 3368 5451 sunt
3401 5407 3635 5462 capaces

2052 5510 2256 5556 utcum
2280 5499 2408 5553 divo
2430 5495 2600 5552 Paulo
2623 5492 2931 5562 intelligant
2950 5496 3010 5544 et
3038 5488 3227 5543 dicant
3262 5484 3413 5556 quod
3435 5484 3634 5538 Littera

2051 5592 2237 5647 occidit
2270 5588 2317 5622 ⁸⁸
2362 5588 2469 5660 (lea:
2499 5586 2649 5642 enim
2692 5591 2768 5638 est
2820 5579 3117 5653 spiritualis
3153 5577 3246 5650 ⁸³),
3307 5592 3408 5648 age
3450 5584 3633 5632 esten.

2492 5793 2535 5827 ⁷⁸
2560 5790 2699 5847 Gen.
2730 5806 2822 5858 xv,
2854 5788 2944 5843 18.
3040 5785 3085 5817 ⁸⁸
3109 5780 3300 5839 Matth.
3326 5793 3510 5843 xxvm,
3541 5773 3611 5830 «ιο
