4056 6148
472 373 575 441 98!
1564 377 1648 441 IN
1677 378 2089 443 HEXAEMEE

2189 381 2228 444 ἶ.
2254 410 2328 424 ν-
2351 385 2497 445 LIB.
2519 381 2682 445 VIII.
3637 378 3753 442 9S?

475 488 675 544 damus
728 500 799 543 cx
829 486 944 558 ipsa
994 485 1182 543 divina
1230 486 1520 560 Scriptura
1553 488 1903 559 spiritualem
1944 488 2056 546 Eu-
2081 492 2131 551 Δ
2157 500 2271 562 post
2300 492 2477 551 diebus
2517 496 2585 544 ad
2628 488 2909 560 videndum
2949 487 3120 559 ipsum
3169 501 3216 541 et
3253 486 3644 551 adducendum,
3692 506 3741 542 et

475 581 752 652 phratem,
789 580 883 649 qui
905 580 1060 649 prius
1087 581 1432 649 nominatur,
1463 580 2061 649 Christum.Cernitur
2161 584 2419 654 profectus
2469 584 2667 638 invenit
2717 582 2888 652 ipsum
2938 590 3267 650 corruptum.
3324 579 3390 633 Et
3427 579 3626 648 factum
3665 588 3744 633 est

475 686 611 743 ergo
639 671 787 726 Deus
815 672 870 726 in
893 670 1025 742 lege
1056 659 1254 744 jubere
1288 673 1481 729 Israeli
1549 682 1610 728 ut
1637 668 1819 730 tribus
1849 682 2063 745 tempo-
2160 679 2372 734 verbum
2390 676 2600 731 Domini
2631 676 2700 730 ad
2717 673 3010 727 Jeremiam
3040 673 3215 726 dicens
3236 687 3253 725 :
3273 668 3358 725 Sic
3378 681 3749 741 corrumpetur

477 766 634 823 ribus
665 766 851 821 veniat
876 764 1111 836 singulis
1140 766 1323 831 annis,
1354 775 1411 820 et
1433 765 1632 821 adoret
1660 766 2063 839 Hierosolymis
2162 772 2245 826 hic
2273 769 2497 842 papulas
2530 768 2788 839 quomodo
2823 763 3215 836 subligacutum
3241 763 3389 817 lintei
3418 764 3464 795 ⁹⁰
3492 781 3507 830 ;
3565 763 3749 818 subli-

476 858 660 915 omnis
689 859 776 912 vir
809 859 1092 913 masculus
1119 873 1186 913 ex
1234 859 1495 914 universa
1542 867 1689 915 terra
1740 861 2061 932 ubicunque
2160 864 2413 935 gaculum
2468 860 2676 925 lintei,
2742 858 3066 929 nominante
3123 856 3237 911 Deo
3264 855 3527 911 Israelem
3577 871 3745 926 quem

478 947 708 1013 habitet,
740 946 1086 1003 horrendum
1118 946 1415 1017 imponens
1438 947 1747 1012 vinculum,
1777 955 1836 1003 et
1861 947 2059 1004 decre-
2160 952 2404 1020 corrupit
2471 964 2536 1006 ac
2564 948 2808 1020 perdidit
2838 964 3071 1017 magnus
3100 945 3303 1002 ﬂuvius
3337 946 3654 1018 Euphrates
3689 948 3748 1003 in

478 1049 598 1096 tum
644 1039 1065 1111 pronuntians:
1109 1039 1485 1095 EXSP-crabilis
1538 1051 1627 1096 est
1668 1042 1850 1099 omnis
1892 1041 2060 1096 homo
2158 1044 2469 1120 Jerusalem
2501 1062 2513 1096 :
2541 1058 2669 1100 eum
2688 1043 2836 1098 enim
2859 1040 3113 1096 funditus
3137 1038 3315 1094 diruit
3338 1056 3439 1111 per
3467 1041 3750 1097 Romanos

479 1132 900 1205 Hierosolymis,
926 1133 1017 1203 q’ui
1044 1148 1149 1186 non
1174 1133 1303 1202 facit
1327 1135 1657 1205 omniaquae
1691 1136 1893 1204 scripta
1937 1142 2062 1188 sunt
2161 1136 2348 1194 Titum
2373 1143 2432 1193 et
2454 1135 2875 1206 Vespasianum.
2904 1134 3005 1188 Est
3025 1133 3176 1188 enim
3203 1132 3613 1204 subligaculum
3636 1149 3748 1188 non

477 1225 536 1279 in
562 1225 674 1296 tege
704 1225 865 1293 hujus
895 1223 1015 1295 libri
1045 1223 1111 1277 “.
1141 1222 1202 1277 Si
1239 1238 1373 1294 ergo
1406 1224 1613 1293 posuit-
1636 1225 1906 1280 terminos
1935 1231 2062 1280 tuos
2161 1232 2340 1287 solum
2371 1242 2608 1295 naturae,
2638 1229 2806 1284 situm
2834 1229 2890 1283 in
2923 1226 3130 1281 lumbis
3171 1225 3385 1282 ventris
3413 1236 3472 1283 et
3495 1225 3753 1297 partibus

477 1332 510 1371 a
537 1315 710 1369 ﬂuvio
741 1312 963 1385 Egypti
1018 1327 1196 1384 usque
1234 1312 1302 1366 ad
1333 1312 1562 1367 ﬂuvium
1599 1328 1858 1384 magnum
1894 1328 2061 1383 quem

2189 1323 2857 1393 :enitalibus:propterea
2901 1318 3159 1376 Christus
3212 1334 3340 1375 cum
3386 1318 3632 1374 venisset
3683 1319 3751 1374 ad
3808 1332 3811 1335 λ

481 1418 541 1463 ιιι
599 1408 884 1463 θκίεῑίηιειε
934 1406 1276 1476 Euphratem
1330 1405 1695 1477 Babylonium
1726 1447 1741 1472 ν
1783 1405 2063 1475 (ιιιοωοάο
2165 1430 2381 1472 coenam
2415 1414 2555 1471 Novi
2581 1412 2924 1470 Testamenti
2952 1412 3019 1467 ad
3042 1420 3239 1482 gentes
3276 1411 3381 1467 sibi
3409 1411 3753 1482 conjungen-

478 1500 602 1556 ﬁeri
634 1508 818 1570 potest
856 1507 918 1555 ut
943 1507 1028 1553 ter
1053 1499 1111 1552 in
1133 1512 1278 1552 anno
1309 1496 1503 1552 venias
1537 1512 1605 1551 ex
1626 1496 2062 1567 Mesopotamia?
2166 1504 2265 1560 das
2293 1503 2648 1575 cognatione,
2678 1510 2906 1570 accepto
2934 1500 3110 1554 linteo
3140 1515 3199 1554 se
3231 1498 3530 1554 succlnxit.
3560 1499 3753 1554 Restat

482 1590 551 1646 Et
582 1589 885 1645 dicendurm
918 1596 1042 1655 est,
1074 1589 1162 1643 vel
1217 1589 1368 1659 quod
1400 1599 1550 1645 totus
1591 1591 1691 1646 Dei
1734 1606 1938 1661 scopus
1976 1590 2068 1646 hic
2167 1609 2300 1665 ergo
2332 1591 2495 1650 nobis
2526 1600 2588 1649 ut
2623 1592 2985 1648 ostendamus
3010 1590 3112 1662 ipsi
3142 1590 3435 1655 Judtuo,et
3462 1590 3750 1653 Ecclesiae,

481 1690 629 1737 est~z
676 1683 799 1752 lege
832 1681 1005 1752 ligare
1053 1688 1108 1736 et
1145 1682 1442 1738 ostendere
1488 1698 1613 1739 esse
1662 1685 2067 1743 exsecrandum
2168 1701 2292 1742 esse
2320 1686 2474 1741 Geon
2522 1685 2892 1757 spiritualem,
2932 1693 2994 1739 ut
3031 1684 3285 1753 utrisque
3322 1683 3755 1755 persuadeamus

482 1774 740 1828 lsraelem
767 1773 864 1843 qui
892 1788 1003 1827 non
1027 1772 1197 1837 valet,
1232 1776 1335 1828 nec
1356 1783 1540 1844 potest
1560 1775 1756 1831 facere
1789 1785 2067 1847 praecepta
2103 1834 2140 1848 __
2174 1779 2581 1848 ut‘intelligant
2616 1777 2937 1847 Scripturas
2974 1792 3085 1831 non
3136 1776 3317 1831 solum
3358 1775 3759 1831 convenienter

481 1883 608 1937 qua:
619 1866 788 1937 jussit
820 1866 1001 1932 Deus;
1040 1866 1130 1921 vei
1153 1868 1303 1936 quod
1351 1866 1637 1923 Christum
1694 1868 2065 1939 spiritualiter
2105 1866 2143 1891 ν
2172 1868 2339 1942 900
2369 1872 2570 1927 littem
2592 1871 2797 1941 (littera
2821 1871 2969 1925 enim
2989 1868 3240 1938 occidit).
3268 1867 3407 1924 Vide
3433 1866 3581 1922 enim
3607 1867 3775 1938 quod.

456 1959 734 2013 Inominat
762 1957 1108 2028 Euphratem
1135 1957 1421 2028 Scriptura
1440 1999 1459 2024 ,
1481 1958 1674 2015 dicens
1697 1959 1888 2015 Israeli
1917 1976 1931 2013 :
1968 1959 2069 2013 Po-
2166 1964 2213 2019 si
2238 1964 2615 2034 intelligamus
2643 1961 3014 2032 corporaliter
3036 1967 3366 2030 praesentem
3393 1959 3595 2015 litterae
3624 1974 3758 2013 con-

484 2068 611 2107 nam
664 2051 917 2104 terminos
975 2058 1115 2113 tuos,
1169 2049 1275 2105 hoc
1318 2059 1406 2106 est
1453 2050 1753 2105 terminum
1799 2051 2067 2120 temporis
2166 2055 2610 2125 templationem,
2640 2068 2764 2123 qua:
2785 2052 2923 2107 dicit
2961 2070 2974 2105 :
3015 2055 3220 2121 Ponam
3247 2050 3500 2105 terminos
3534 2046 3759 2103 Israetis

483 2143 672 2199 cultus
700 2141 931 2212 legitimi
956 2182 971 2206 ,
996 2157 1160 2212 usque
1181 2142 1251 2195 ad
1273 2144 1493 2213 ﬂuvium
1516 2141 1755 2213 zEgypti,
1790 2157 1967 2213 usque
1998 2142 2069 2198 ad

484 2237 785 2294 adventum
805 2222 1015 2290 Christi
1048 2235 1143 2304 qui
1175 2242 1263 2290 est
1284 2250 1521 2305 magnus
1548 2235 1783 2306 frugifer
1816 2236 2071 2307 Euphra-

488 2338 611 2394 tes;
654 2338 703 2383 et
742 2329 925 2383 statim
960 2328 1231 2398 auferetur
1266 2327 1591 2397 sacriﬁcium
1625 2338 1674 2382 et
1698 2328 1953 2395 libamen,
2010 2338 2074 2384 ut

484 2423 623 2477 dicit
657 2422 852 2477 Daniel
882 2420 951 2487 ⁸⁸,
1002 2428 1054 2475 et
1112 2420 1372 2475 deiebitur
1411 2423 1588 2476 unctio
1636 2422 1783 2477 ducis
1834 2430 1886 2476 et
1917 2423 2074 2494 judi-

484 2517 627 2569 cium
662 2531 680 2568 :
710 2512 856 2568 Finis
896 2514 1047 2568 enim
1075 2512 1202 2583 legis
1233 2521 1309 2567 est
1331 2506 1573 2569 Christus
1610 2514 1679 2567 “.
1709 2514 1819 2569 Leo:
1842 2515 1996 2571 enim
2024 2523 2076 2569 et

488 2604 768 2676 Prophetas
805 2621 969 2675 usque
994 2605 1066 2659 ad
1095 2604 1359 2659 Joannem
1388 2604 1691 2673 Baptistam
1721 2606 1789 2661 ⁸⁷.
1836 2607 2079 2664 Exacer—

432 2748 435 2751 ,
488 2697 657 2752 batur
714 2696 876 2769 (scio)
924 2704 983 2752 et
1018 2704 1317 2752 succenset
1348 2695 1482 2757 haec
1525 2696 1760 2754 audiens
1804 2698 2032 2754 Judazus
2059 2739 2075 2762 ,

489 2789 660 2844 falsas
712 2805 887 2859 nugas
951 2790 1237 2859 appellans
1278 2803 1362 2844 ea
1417 2805 1544 2860 quae
1604 2789 1751 2847 dicta
1805 2799 1956 2847 sunt.
2013 2791 2081 2846 Ei

490 2896 627 2952 ergo
696 2894 1057 2937 occurramus
1101 2900 1202 2955 per
1247 2882 1399 2939 aliud
1455 2883 1824 2955 principium,
1876 2899 2081 2955 nempe

494 2970 671 3026 Geon.

569 3061 779 3117 Panum
805 3103 821 3127 ,
871 3062 1094 3133 inquit,
1148 3054 1404 3119 terminos
1448 3071 1564 3120 tuos
1605 3082 1640 3119 a
1689 3063 1853 3135 ﬂuvio
1890 3078 2084 3134 magno

2170 2164 2201 2200 a
2223 2144 2414 2212 ﬁnibus
2450 2143 2671 2216 Afgypti
2695 2156 2862 2215 usque
2885 2142 2954 2196 ad
2976 2142 3197 2212 ﬂuvium
3227 2156 3482 2212 magnum
3504 2138 3762 2211 Euphra-

2170 2249 2295 2303 tem,
2344 2236 2694 2292 inveniamus
2716 2236 2887 2290 Deum
2904 2249 3026 2290 esse
3045 2232 3362 2297 mentitum,
3389 2232 3641 2288 utvisum
3677 2243 3761 2287 est

2171 2330 2460 2391 sceleratis
2482 2329 2802 2384 Manichaeis
2818 2326 3142 2384 mendacem
3158 2340 3282 2382 esse
3306 2327 3477 2380 Deum
3492 2325 3587 2395 qui
3603 2325 3727 2380 loco
3743 2355 3759 2382 :

2177 2435 2265 2484 tos
2290 2432 2376 2481 est
2394 2414 2569 2480 vetus
2584 2423 3028 2479 Testamentum.
3056 2421 3220 2492 Ergo,
3238 2436 3308 2476 ne
3328 2436 3431 2475 nos
3464 2434 3685 2490 quoque
3707 2420 3764 2477 in
3817 2453 3821 2457 -

2172 2531 2271 2573 eos
2300 2514 2614 2571 incidamus
2646 2515 2876 2585 laqueos
2897 2555 2913 2578 ,
2940 2512 3238 2569 credamus
3261 2511 3484 2568 Christo
3504 2512 3602 2582 qui
3625 2510 3767 2567 dixit
3784 2546 3812 2565 μ

2175 2608 2326 2680 quod
2356 2607 2530 2665 Unum
2565 2607 2675 2662 iota
2708 2615 2801 2661 aut
2823 2622 2962 2660 unus
2989 2620 3124 2675 apes:
3150 2621 3255 2659 non
3286 2603 3610 2660 transibites:
3632 2603 3763 2676 lege,

2178 2701 2339 2756 donec
2357 2702 2536 2755 omnia
2556 2694 2749 2770 ﬁant“
2769 2715 2784 2752 :
2810 2698 2878 2754 de
2896 2699 3017 2770 ipso
3029 2698 3180 2755 enim
3200 2698 3385 2754 omnia
3409 2698 3617 2768 scripta
3637 2706 3789 2755 sunt:

2181 2794 2239 2849 in
2254 2792 2462 2851 Veteri.
2481 2791 2803 2847 Invenimus
2814 2790 2963 2847 enim
2982 2790 3038 2845 in
3057 2782 3343 2861 principio
3357 2789 3509 2845 tertii
3529 2789 3748 2861 Regum
3776 2846 3779 2849 ,

2180 2885 2354 2942 David
2374 2882 2712 2942 moriturum
2744 2892 3039 2956 postquam
3063 2890 3354 2954 regnasset
3393 2880 3619 2953 triginta
3649 2888 3772 2936 tres

2184 2995 2359 3036 annos
2388 2978 2447 3035 in
2475 2977 2633 3044 Sion,
2680 2978 2966 3051 in,typum
2992 2977 3172 3032 aetatis
3206 2974 3416 3032 Christi
3462 2972 3785 3030 secundum.

2186 3087 2410 3128 carnem
2433 3072 2713 3128 dicentem
2746 3089 2762 3126 :
2797 3070 2987 3126 Vocate
3025 3070 3155 3125 mihi
3198 3067 3409 3124 Sadoch
3446 3067 3779 3121 sacerdotem

503 3154 801 3227 Euphrate.
833 3154 951 3210 Hoc
978 3164 1066 3211 est
1101 3156 1201 3211 Dei
1240 3157 1421 3212 oratio
1467 3156 1671 3227 (quoad
1696 3152 1984 3225 terminos)
2013 3154 2084 3210 ad
2112 3183 2156 3244 ο
2185 3173 2237 3218 ει
2267 3164 2502 3219 Numam
2540 3165 2877 3236 prophetam,
2920 3169 2972 3217 et
3021 3161 3292 3217 Banaiam
3327 3159 3503 3229 ﬁlium
3525 3152 3773 3217 Joiadat:

502 3248 787 3304 lsraelem.
836 3248 955 3303 Non
989 3255 1073 3304 est
1127 3261 1315 3304 autem
1364 3249 1514 3304 Deus
1554 3262 1723 3304 verus
1757 3247 2034 3304 mentiens
2067 3263 2086 3313 ;

506 3334 604 3395 Dei
624 3339 774 3395 enim
811 3339 1036 3395 Verbum
1069 3348 1249 3394 manet
1292 3341 1351 3395 in
1393 3349 1651 3395 (sternam
1676 3381 1690 3406 ,
1731 3338 1877 3395 sicut
1912 3338 2088 3395 David

502 3438 727 3502 quoque
773 3431 941 3487 dicit:
983 3431 1061 3486 In-
1091 3440 1370 3498 eternum,
1398 3431 1638 3498 Domine,
1679 3426 1904 3487 Verbum
1941 3443 2089 3487 tuum

504 3534 781 3593 permanet
810 3525 867 3578 in
901 3522 1028 3579 coelo
1051 3541 1068 3589 ς
1095 3525 1150 3578 in
1188 3524 1582 3595 generationem
1612 3535 1661 3577 et
1692 3525 2088 3595 generationem

504 3614 701 3673 ueritas
726 3624 820 3673 tua
844 3619 910 3673 ⁸⁸.
945 3617 1084 3674 Cum
1121 3635 1257 3690 ergo
1303 3620 1451 3673 Deus
1498 3618 1821 3687 promiserit
1872 3627 1929 3674 et
1974 3633 2088 3673 non

507 3711 834 3777 mentiatur,
863 3719 918 3766 et
949 3710 1160 3766 dixerit
1182 3726 1240 3766 se
1263 3720 1471 3781 ponere
1501 3710 1637 3764 fines
1666 3708 1884 3782 Egypti
1913 3725 2089 3778 usque

503 3800 576 3856 ad
620 3803 985 3873 Euphratem,
1040 3803 1322 3873 quOmodo
1364 3816 1546 3872 neque
1586 3800 1743 3855 ﬂuvii
1787 3800 1962 3864 Geon,
1987 3816 2091 3855 nec

503 3910 700 3949 eorum
732 3897 829 3966 qui
856 3902 985 3950 sunt
1008 3909 1186 3965 prope
1208 3893 1384 3957 Ge‘on,
1403 3908 1585 3963 neque
1613 3906 1809 3947 rursus
1835 3892 2089 3962 Euphra-

505 3988 602 4052 tis,
630 4003 737 4041 nec
757 3985 925 4043 ullius
965 3986 1189 4043 consilii
1226 3986 1375 4056 quad
1411 3984 1482 4040 sit
1516 3998 1689 4054 prope
1720 3983 2085 4054 Euphratem,

506 4076 857 4155 dominatum
903 4077 1149 4133 obtinuit
1198 4077 1415 4132 Israel.
1467 4075 1746 4130 Reversus
1792 4083 1979 4130 autem
2032 4075 2089 4129 in

502 4166 943 4226 Chananaiorum
976 4170 1350 4234 Palaestinam,
1393 4158 1759 4238 quamobrem
1803 4183 1917 4223 non
1956 4183 2088 4240 pos-

505 4262 652 4318 sedit
671 4270 850 4332 usque
884 4261 953 4317 ad
979 4262 1322 4333 Euphratem
1342 4262 1368 4315 ἲ
1393 4261 1508 4332 Ego
1535 4276 1668 4317 vero
1685 4261 1737 4317 ei
1763 4256 1945 4317 dicam
1975 4279 1988 4315 :
2020 4258 2090 4315 Et

503 4344 790 4424 quomodo
820 4354 874 4408 in
905 4353 1128 4422 deserto
1158 4353 1395 4409 irritasti
1424 4355 1688 4420 Deum,et
1716 4354 2011 4426 possedisti
2035 4363 2092 4410 et

505 4447 734 4502 tenuisti
772 4462 804 4502 a
844 4448 961 4502 Dan
997 4463 1172 4517 usque
1210 4447 1279 4503 ad
1330 4447 1605 4502 Bersabee
1637 4449 1994 4504 Αιιιοτνιιειεοε
2032 4456 2091 4503 et

2188 3258 2481 3326 etingressi
2522 3264 2645 3312 sunt
2675 3272 2856 3311 coram
2894 3271 3037 3327 rege,
3072 3264 3123 3309 et
3167 3254 3302 3308 dixit
3348 3268 3442 3307 rex
3481 3269 3500 3307 :
3542 3251 3773 3322 Accipite

2186 3363 2362 3405 servos
2401 3348 2602 3403 domini
2625 3350 2786 3404 uestri
2813 3348 3100 3412 uobiscum,
3124 3347 3381 3417 imponite
3397 3344 3573 3414 ﬁlium
3596 3359 3774 3398 meum

2189 3439 2528 3498 Salomonem
2560 3454 2718 3510 super
2740 3438 2943 3495 mulam
2978 3455 3174 3503 meam,
3212 3444 3263 3491 et
3291 3436 3537 3491 adducite
3557 3450 3677 3488 eum
3704 3449 3775 3488 aa

2189 3529 2352 3597 Geon,
2384 3537 2436 3584 et
2467 3530 2648 3599 ungite
2674 3544 2795 3582 eum
2817 3544 2991 3598 regem
3011 3528 3066 3582 in
3097 3525 3398 3582 Jerusalem
3424 3526 3493 3578 ".
3532 3524 3603 3579 Et
3626 3523 3775 3579 fece-

2190 3627 2322 3673 runt
2338 3619 2485 3674 sicut
2508 3617 2590 3674 eis
2615 3617 2784 3688 jussit
2815 3632 2932 3681 rex,
2967 3624 3028 3671 et
3056 3615 3226 3671 rediit
3250 3614 3511 3670 Salomon
3533 3627 3602 3668 ex
3622 3612 3777 3669 Geon

2190 3708 2259 3762 ad
2290 3717 2504 3779 patrem
2534 3705 2892 3762 suumDavid
2920 3720 3176 3776 regnans.
3228 3703 3604 3773 Quamobrem
3634 3703 3777 3758 nihil

2190 3808 2327 3855 tunc
2348 3799 2525 3855 defuit
2548 3799 2743 3854 Davidi
2762 3799 3064 3868 quominus
3092 3798 3307 3853 diceret
3327 3795 3551 3869 quando
3577 3811 3776 3852 ascen-

2191 3892 2274 3948 dit
2308 3892 2457 3947 tilius
2486 3894 2608 3963 ejus
2632 3908 2700 3948 ex
2720 3892 2871 3947 G’eon
2896 3892 2965 3946 ad
2997 3891 3202 3961 ipsum,
3228 3890 3310 3946 Ex
3340 3890 3572 3962 [Egypto
3594 3891 3779 3944 vocari

2189 3983 2364 4052 ﬁlium
2406 4000 2597 4040 meum.
2635 3984 2791 4040 Geon
2838 3984 2989 4039 enim
3015 3982 3290 4055 significat
3330 3981 3621 4055 JEgyptum
3654 3994 3780 4037 :est

2191 4078 2342 4132 enim
2373 4077 2477 4133 iste
2512 4092 2735 4148 quoque
2759 4077 2964 4133 fluvius
2991 4076 3408 4147 Hierosolymis,
3445 4076 3542 4146 qui
3569 4074 3796 4131 dicitur.

2193 4169 2361 4225 Siloe.
2390 4169 2496 4237 Qui
2518 4185 2649 4240 ergo
2674 4171 2939 4226 adversus
2954 4186 3020 4225 ea
3042 4185 3166 4240 qua:
3180 4169 3444 4224 dicuntur
3470 4169 3782 4224 reluctatur

2192 4259 2481 4328 Hebraeus,
2514 4260 2789 4316 refellitur
2822 4262 2890 4317 ad
2930 4278 3118 4317 rerum
3145 4261 3625 4331 consequentiam.
3658 4259 3778 4315 Non

2193 4355 2512 4411 invenimus
2556 4355 2706 4410 enim
2740 4355 2978 4409 alterum
3015 4369 3199 4426 regem
3229 4361 3458 4409 unctum
3514 4352 3573 4407 in
3602 4352 3779 4413 Geon,

2193 4446 2303 4503 nisi
2351 4446 2529 4503 solum
2572 4446 2926 4504 Salomonem
2990 4445 3166 4500 ﬂlium
3221 4444 3418 4501 David.
3478 4444 3780 4514 Propterea

504 4540 825 4595 Chettbaeos
854 4581 868 4603 ,
931 4549 989 4594 et
1046 4541 1292 4609 reliquas
1342 4549 1534 4611 gentes
1582 4548 1747 4595 terrae
1778 4539 2041 4595 Chanaan
2066 4538 2091 4593 ?
2121 4525 2168 4581 Ι)
2194 4538 2291 4594 Dei
2316 4554 2540 4610 quoque
2564 4538 2832 4609 templum
2856 4542 2973 4592 ’non
2995 4536 3233 4593 aediﬁcat
3265 4537 3462 4603 David,
3487 4535 3637 4607 quod
3660 4535 3784 4606 qui-

507 4631 696 4685 Discat
739 4644 874 4701 ergo
922 4630 1194 4695 Ecclesia,
1229 4639 1286 4685 et
1327 4630 1574 4695 Iudaeus,
1632 4630 1781 4702 quod
1823 4630 1895 4685 ab
1942 4631 2095 4685 exitu
2129 4676 2132 4679 Α

506 4722 724 4793 Egypti
781 4737 973 4791 usque
1003 4720 1070 4775 ad
1116 4719 1345 4776 ﬂuvium
1392 4735 1652 4793 magnum
1686 4721 2052 4791 Euphratem
2077 4758 2093 4786 ,

508 4829 709 4884 nempe
735 4813 1043 4877 Christum,
1074 4814 1221 4868 Deus
1239 4813 1533 4869 constituit
1565 4823 1628 4869 ut
1672 4820 1934 4869 tenerent
1978 4821 2097 4867 ter-

500 4896 694 4960 minos
736 4905 922 4960 cultus
966 4903 1224 4975 legitimi.
1286 4904 1396 4959 iste
1426 4904 1575 4959 enim
1628 4903 1936 4975 splritualis
1990 4902 2099 4958 Eu-

512 4996 740 5066 phrates
781 4996 879 5066 qui
913 4995 1151 5066 peremit
1192 5009 1320 5051 eum
1371 4996 1469 5065 qui
1508 5011 1609 5066 per
1661 4995 1989 5067 sanguinem
2034 4994 2096 5049 fit

511 5087 746 5153 cultum,
775 5096 832 5143 et
857 5072 1180 5143 libationem
1221 5107 1232 5141 :
1267 5087 1437 5153 hunc,
1468 5088 1720 5158 inquam,
1750 5086 2092 5159 Euphratem

514 5180 663 5234 Deus
686 5178 1150 5249 prmsigniﬂcans,
1199 5178 1337 5235 dicit
1378 5168 1633 5234 Jeremiae
1690 5178 1787 5248 qui
1821 5187 1950 5234 ante
2006 5193 2095 5231 ca-

510 5272 823 5349 ptivitatem
842 5272 1011 5328 Israel
1027 5273 1219 5327 eratin
1235 5270 1540 5327 Jerusalem
1556 5289 1570 5324 :
1593 5270 1960 5340 Vade,projiee
1976 5273 2098 5323 sub-

537 5360 824 5433 ligat-utam
854 5369 1002 5414 tuum
1020 5362 1076 5414 in
1106 5358 1429 5427 Euphratem
1451 5357 1518 5410 ”.
1549 5354 1889 5426 Euphratem
1912 5361 2096 5405 autem

533 5453 667 5508 dicit
683 5451 824 5506 Deus
841 5453 1018 5505 locum
1034 5464 1172 5520 aqua
1189 5448 1566 5503 circumﬂuur’n
1588 5460 1751 5516 prope
1772 5440 2099 5506 Jerusalem,

539 5543 632 5616 qui
650 5543 951 5613 appeilatur
978 5542 1149 5594 Phars
1181 5555 1274 5595 seu
1305 5539 1528 5609 frugifer
1548 5553 1569 5592 :
1595 5534 1832 5606 Cumque
1854 5533 1972 5588 illic
2001 5549 2096 5599 pod-

537 5638 725 5690 snisset
746 5638 994 5703 propheta
1020 5632 1239 5685 linteum
1262 5631 1427 5684 lumbi
1455 5631 1557 5696 sui,
1585 5629 1726 5682 misit
1753 5644 1871 5681 eum
1896 5625 2099 5697 aliquot

589 5748 636 5780 "‘
670 5750 829 5804 Deut.
872 5766 1034 5812 xxvn.
1058 5748 1149 5805 26.
1247 5752 1292 5784 ⁸⁵
1322 5753 1455 5806 Dan.
1493 5768 1563 5815 Ix,
1598 5753 1686 5806 27.

1787 5754 1834 5786 “
1856 5755 2015 5808 Rom.
2055 5773 2105 5819 κ,
2141 5757 2193 5810 4.

2196 4631 2323 4686 dem
2365 4629 2600 4685 decebat
2645 4645 2657 4681 :
2708 4636 2832 4684 erat
2866 4628 3014 4683 enim
3067 4628 3430 4700 iustissimus.
3482 4626 3592 4683 Sed
3636 4625 3784 4682 filius

2194 4722 2391 4789 David,
2424 4722 2638 4778 scilicet
2695 4723 2790 4793 qui
2817 4720 3462 4776 administravitratione
3491 4718 3783 4790 praeditum.

2195 4816 2462 4886 templum
2492 4813 2739 4869 hominis
2771 4813 3108 4868 dissolutum
3146 4828 3158 4864 :
3188 4827 3289 4882 per
3320 4826 3449 4867 eum
3481 4812 3577 4881 qui
3613 4810 3781 4865 etiam

2192 4910 2456 4967 Salomon
2526 4906 2841 4979 paciﬂcavit
2901 4905 3264 4962 circumcirca
3321 4918 3515 4960 omnes
3567 4910 3780 4974 gentes.

2202 5002 2503 5072 Propterea
2544 5001 2728 5071 regina
2767 5012 2989 5069 quoque
3032 4998 3234 5064 Austri,
3265 5012 3465 5067 nempe
3510 4994 3782 5057 Ecclesia,

2202 5080 2576 5166 posteriorum
2632 5106 2906 5147 annorum
2946 5088 3156 5153 saeculi,
3185 5103 3382 5143 eorum
3429 5086 3642 5142 scilicet
3686 5084 3782 5154 qui

2203 5186 2360 5257 prius
2386 5193 2548 5240 erant
2587 5183 2900 5255 Althiopes,
2939 5183 3170 5237 surrexit
3201 5197 3265 5235 ea
3295 5179 3509 5249 ﬁnibus,
3542 5176 3639 5233 sed
3671 5191 3781 5231 non

2203 5292 2271 5332 ex
2298 5275 2423 5332 loco
2454 5275 2642 5346 aliquo
2676 5293 2687 5327 :
2733 5284 2783 5328 et
2815 5276 2958 5330 venit
2988 5281 3047 5327 ut
3089 5271 3286 5327 videret
3327 5269 3649 5340 sapientiam
3683 5266 3780 5320 ﬁlii

2202 5368 2396 5433 David,
2420 5360 2620 5438 nempe
2645 5369 2797 5431 Jesu,
2849 5364 3156 5436 spiritualis
3182 5359 3484 5416 Salomonis
3517 5359 3585 5421 ”,
3638 5371 3780 5426 quo-

2201 5457 2351 5511 niam
2377 5470 2409 5510 a
2448 5455 2651 5526 templo
2684 5452 2997 5509 Salomonis
3029 5449 3182 5504 uncti
3218 5449 3275 5502 in
3303 5448 3478 5511 Geon,
3506 5460 3683 5515 usque
3713 5444 3784 5499 ad

2204 5546 2434 5603 ﬂuvium
2461 5560 2717 5617 magnum
2750 5543 3088 5615 Euphratem
3113 5537 3382 5595 dominati
3407 5544 3537 5593 sunt
3560 5536 3790 5593 termini

2205 5639 2437 5710 legitimi
2484 5636 2668 5694 cultus
2706 5636 2895 5707 templi
2942 5635 3038 5690 Dci
3087 5633 3204 5706 (qui
3231 5631 3484 5688 dissolvit
3517 5628 3782 5701 templum

2316 5755 2358 5786 ⁸⁷
2391 5772 2406 5810 ι
2436 5772 2522 5810 nc.
2552 5772 2662 5817 Vt\'l,
2704 5756 2782 5810 l6.
2858 5757 2903 5788 ³⁸
2932 5755 3071 5813 Psal.
3100 5769 3284 5820 eam",
3326 5753 3411 5810 89.
3503 5750 3549 5784 δ’
3573 5749 3795 5807 iorem.

523 5821 709 5888 ιιιι,ι.
786 5821 1176 5877 οοίωιι.σ-ιο.
1244 5822 1719 5890 alamannia.
1797 5826 1843 5857 θ’
1869 5825 1937 5880 ιιι
1967 5825 2100 5898 Reg.
2139 5827 2381 5895 csa-st.
2429 5826 2566 5881 νιιιι
2596 5828 2728 5896 ltcg.
2762 5843 2812 5897 κ,
2853 5827 2902 5883 ι.
