4056 6148
444 331 551 396 983

1642 346 1704 405 S.
1744 349 2144 422 ANASTASII
2187 352 2514 411 SINAlTAi

3606 353 3701 416 98i

440 445 1020 514 lsraelis)etsacriﬁcii
1054 452 1265 507 ratione
1285 454 1526 524 prmditi,
1557 457 1702 524 quod
1731 457 2024 520 brutorum
2058 463 2099 520 Α
2128 462 2526 532 interpretatur
2585 461 2896 516 mandatum
2938 463 3198 518 Altissimi
3236 479 3256 516 :
3297 463 3448 532 quod
3484 465 3702 534 quidem

439 540 704 596 exstinxit
733 539 1085 609 sacriﬁcium,
1141 561 1239 613 per
1284 545 1564 601 Christum
1589 551 1683 618 qui
1719 559 1804 605 est
1853 553 2024 606 carbo

439 630 536 700 qui
571 629 745 700 sopiri
772 646 882 684 non
925 641 1105 703 potest
1133 644 1186 687 et
1211 637 1507 707 exstingui.
1555 638 1690 692 Nam
1723 649 1778 694 et
1828 641 2024 697 Isaiam

440 722 736 788 accendit,
799 733 854 778 et
886 726 952 778 ad
998 742 1054 780 se
1112 726 1489 794 inﬂammavit,
1521 735 1802 801 preposito
1856 718 2025 804 regali

440 813 715 869 sacriﬁcio
750 816 1048 886 symbolice
1075 826 1207 873 tunc
1238 836 1460 891 quoque
1493 823 1542 875 ei
1581 839 1877 894 apparens.
1933 815 2026 882 Sic

441 906 716 962 comedite
757 923 952 963 carnes
980 911 1232 980 corporis
1265 928 1434 968 sacra:
1485 914 1810 986 Scripturac,
1853 934 1886 972 o
1913 918 2026 973 fra-

439 1006 577 1062 tres,
612 1014 708 1054 eas
736 1001 1048 1057 esurientes
1076 1020 1089 1054 :
1117 1014 1173 1058 et
1198 1005 1529 1061 absconsum
1580 1009 1638 1062 in
1682 987 1849 1065 carne
1880 1009 2028 1066 Scri-

439 1095 620 1156 plura:
653 1091 925 1168 spirituali
951 1095 1336 1167 mysteriorum
1365 1099 1688 1168 sanguinem
1712 1101 1793 1155 sic
1817 1101 2024 1167 bibite;

441 1181 537 1250 qui
560 1189 644 1236 est
668 1183 818 1238 enim
854 1187 934 1240 sic
967 1187 1087 1257 ejus
1114 1190 1413 1260 particeps,
1459 1191 1629 1246 habet
1653 1193 1826 1248 vitam
1860 1202 2026 1249 teter-

442 1289 595 1328 nam.
646 1273 917 1341 Quoniam
967 1291 1150 1334 autem
1188 1281 1584 1352 procedentem
1630 1286 2026 1355 proprietatem

445 1367 501 1421 in
528 1375 720 1422 sancto
752 1369 959 1439 Spiritu
1002 1373 1299 1430 didicimus
1325 1392 1392 1431 ex
1414 1359 1751 1448 evangelicis
1771 1394 1894 1434 esse
1921 1389 2030 1436 tra-

2127 553 2238 607 diei
2286 554 2544 609 convenit
2580 553 2649 610 de
2679 554 2994 624 evangeliea
3027 553 3441 624 praedicatione.
3497 556 3706 613 Marcus

2127 655 2310 700 autem
2338 645 2518 702 dictus
2548 654 2632 700 est
2681 647 2880 700 donum
2901 648 3042 710 vita,
3063 647 3439 701 Lucasautem
3469 648 3707 704 obedienc

2125 737 2375 792 Domino.
2408 739 2581 793 Porro
2603 747 2794 794 autem
2834 740 2953 809 ipsa
2997 754 3218 809 quoque
3247 747 3488 808 quatuor
3518 740 3709 793 ﬂuvio-

2126 847 2250 884 rum
2301 840 2709 900 consequenter
2761 833 3052 901 positura,
3097 842 3336 901 quatuor
3390 841 3738 887 sanctorum.-

2127 925 2591 994 evangelistarum
2629 926 3028 981 immutabilem
3071 927 3341 996 signiﬁcat
3373 926 3626 980 ordinem
3657 936 3714 980 et-

2127 1017 2458 1087 posituram.
2491 1016 2719 1072 Primus
2741 1032 2874 1087 ergo
2899 1017 3186 1072 Matthaeus
3213 1018 3309 1085 qui
3336 1017 3545 1071 dicitur
3588 1017 3716 1070 Phi-

2125 1126 2223 1165 son
2256 1126 2274 1163 :
2301 1108 2450 1177 quod
2471 1109 2701 1178 quidem
2725 1110 3124 1182 interpretatur
3144 1110 3250 1162 oris
3284 1108 3555 1162 aiteratio.
3579 1109 3712 1162 Nam

2129 1219 2255 1258 cum
2287 1203 2579 1258 Matthzeus
2608 1199 2899 1270 scripserit
2919 1197 3278 1268 Evangelium
3319 1214 3576 1254 sermone
3604 1199 3718 1252 lle-

2128 1296 2340 1360 braieo,
2364 1295 2469 1350 fuit
2492 1295 2763 1350 alteratus
2780 1301 2836 1348 et
2866 1291 3297 1361 interpretando
3314 1296 3719 1346 transmutata:

2128 1402 2313 1444 sermo
2341 1386 2458 1441 oris
2479 1387 2600 1456 ejus
2630 1400 2660 1438 a
2690 1384 2836 1438 Luca
2864 1391 2921 1437 et
2943 1382 3110 1437 Paulo
3139 1381 3193 1436 in
3227 1393 3418 1436 vocem
3446 1381 3714 1436 Graecam.

445 1459 770 1524 ditionibus’
795 1463 1012 1519 dicente
1038 1466 1270 1523 Domino
1301 1488 1311 1520 ⁵
1341 1467 1573 1540 Spiritus
1602 1479 1818 1526 εαηείιιδ
1848 1475 1938 1541 qui
1967 1489 2030 1527 επ
2130 1480 2421 1536 Secundus
2445 1477 2822 1534 conducibilis
2855 1475 3071 1530 Marcus
3123 1474 3330 1529 ﬂuvius
3371 1473 3467 1543 qui
3511 1473 3722 1528 dicitur

444 1550 608 1605 Patre
642 1555 874 1623 procedit
902 1557 972 1623 9‘,
1002 1558 1233 1615 fortasse
1269 1560 1538 1631 Spiritum
1581 1563 1858 1634 signiﬁcat
1885 1566 2027 1620 seri-
2129 1573 2281 1630 Geo"
2317 1592 2332 1626 ε
2364 1569 2820 1643 quandoquidem
2851 1569 3070 1623 Marcus
3103 1582 3326 1637 quoque
3381 1583 3508 1621 cum
3539 1567 3722 1620 Em“.

443 1651 571 1738 ptor
601 1645 794 1703 dicens
825 1667 836 1702 :
871 1647 1085 1706 Flavius
1112 1655 1377 1725 egreditur
1403 1672 1465 1709 ea:
1494 1656 1663 1712 Edem
1696 1658 1766 1711 ad
1796 1659 2032 1730 irrigan-
2131 1667 2339 1738 genum
2367 1664 2755 1721 annuntiasset
2798 1660 3093 1731 ,Egyptiis,
3147 1661 3262 1714 illic
3317 1675 3417 1728 per
3447 1658 3719 1727 Spiritum

444 1737 571 1790 dum
594 1741 904 1808 paradisum
936 1743 1216 1799 Ecclesim.
1253 1746 1387 1802 Nam
1417 1746 1574 1812 illud,
1619 1747 1930 1818 Egreditur,
1959 1749 2034 1803 εί·-
2132 1737 2364 1813 ﬂuvium
2409 1772 2476 1811 ex
2525 1765 2720 1811 ventre
2758 1756 2878 1822 ejus
2933 1760 3149 1806 scatere
3203 1750 3338 1804 fecit,
3378 1765 3535 1818 aqua
3578 1747 3722 1801 viva

443 1827 667 1919 gniﬁcat
707 1834 1115 1900 perennitatem
1146 1877 1160 1901 ,
1209 1844 1266 1889 et
1313 1837 1518 1891 nullam
1574 1853 1696 1893 csse
1757 1839 2022 1908 quietem.
2058 1824 2102 1880 Β
2129 1847 2564 1919 praedicationis.
2596 1844 2818 1901 Tertius
2849 1844 3049 1906 Lucas,
3082 1840 3178 1911 qui
3215 1847 3448 1895 vocatur
3493 1839 3715 1909 Tygris,

443 1918 603 1984 Quod
629 1923 853 1992 quidem
883 1925 1043 1980 nobis
1073 1944 1271 1984 rursus
1314 1929 1431 1998 ipse
1472 1930 1741 1996 Dominus
1771 1930 2027 1986 Christus

441 2014 698 2081 promisit
723 2015 915 2072 dicens
942 2036 953 2070 :
982 2017 1038 2073 Si
1063 2004 1238 2075 abiero
1272 2023 1340 2076 ad
1381 2022 1623 2089 Patrem,
1662 2025 1856 2096 rogabo
1882 2042 2026 2091 eum,

413 2186 416 2188 I
444 2113 496 2158 et
529 2105 1050 2165 aliumParacletum
1072 2101 1461 2169 mittam'vobis
1493 2113 1758 2186 Spiritum
1786 2118 2025 2172 veritatis

442 2204 500 2249 ut
535 2211 750 2254 maneat
796 2203 1057 2260 vobiscum
1088 2207 1142 2259 in
1171 2195 1431 2261 aeternum
1470 2208 1537 2261 ".
1586 2208 1745 2274 Quod
1779 2210 1826 2266 si
1858 2210 2026 2264 etiam

442 2289 648 2358 quaeris
681 2301 924 2362 quatuor
975 2295 1133 2350 initia
1185 2296 1612 2353 illuminationis
1642 2301 1818 2355 sancti
1851 2300 2027 2372 Spiri-

443 2390 554 2445 tus,
591 2381 732 2438 scias
758 2401 886 2438 eum
932 2401 1056 2442 esse
1111 2389 1207 2460 qui
1257 2398 1342 2444 est
1375 2389 1599 2445 locutus
1639 2389 1697 2463 in
1732 2391 1900 2462 iustis
1931 2395 2026 2463 qui

442 2474 673 2531 fuerunt
706 2486 836 2533 ante
872 2479 1074 2551 legem,
1104 2497 1170 2535 es
1205 2482 1410 2551 quibus
1435 2492 1554 2559 erat
1581 2484 1673 2540 ille
1699 2500 1920 2556 quoque
1935 2487 2031 2557 qui

443 2568 665 2625 dicebat
693 2590 704 2626 :
737 2570 967 2643 Spiritus
995 2575 1321 2646 divinus-qui
1364 2577 1606 2632 abundat
1653 2579 1901 2636 nobisin
1936 2597 2034 2637 na-

445 2661 620 2726 ribus,
676 2663 838 2718 ﬂatus
881 2676 1067 2721 autem
1112 2665 1524 2738 Omnipotentis
1575 2671 1670 2740 qui
1717 2687 1805 2728 me
1847 2671 2030 2744 docet.

445 2754 716 2812 Similiter
734 2759 1042 2814 secundum
1065 2775 1286 2831 quoque
1315 2762 1371 2815 in
1393 2762 1513 2836 lege
1540 2781 1552 2814 :
1599 2764 1825 2820 tertium
1845 2760 2056 2822 autem'

446 2845 505 2898 in
534 2848 822 2916 prophetis
854 2871 865 2904 :
911 2851 1114 2908 deinde
1155 2853 1322 2908 etiam
1350 2864 1551 2926 quarto
1577 2856 1774 2914 ordine
1804 2857 1863 2912 in
1895 2873 2037 2928 qua-

447 2947 576 2994 tuor
601 2937 785 2994 ﬂuviis
813 2940 1300 3012 evangelistarum.
1332 2945 1469 3002 Nam
1499 2946 2034 3018 Mattheeusquidem

1729 3109 1856 3121 D0.—

2131 1941 2226 2011 qui
2245 1939 2471 2009 quidem
2493 1938 2894 2005 interpretatur
2909 1934 3093 1989 Latus.
3113 1932 3255 1999 Quid
3283 1932 3434 1986 enim
3458 1931 3512 1984 in
3535 1931 3723 1984 Evan-

2132 2035 2292 2105 geliis
2314 2035 2480 2089 latius
2502 2030 2787 2087 autditius
2814 2028 3118 2098 Evangelia
3153 2025 3460 2081 secundum
3481 2022 3720 2077 Lucam?

2128 2127 2266 2183 Nam
2295 2141 2422 2181 eum
2447 2125 2604 2180 Pauli
2633 2123 2955 2193 dogmatum
2973 2120 3140 2175 fontis
3161 2119 3360 2181 fuisset
3379 2117 3724 2186 discipulus,

2131 2234 2297 2288 super
2317 2218 2559 2274 ﬂuvialia
2589 2216 2795 2271 ﬂuenta
2823 2229 2888 2271 ex
2906 2213 3062 2273 Pauli
3080 2212 3218 2267 rivis
3247 2210 3523 2266 seaturiit.
3547 2208 3726 2274 Quan-

2134 2319 2225 2365 tus
2252 2309 2495 2365 Joannes
2523 2307 2784 2372 dilectus,
2817 2312 2982 2370 supra
3029 2312 3207 2374 pectus
3241 2301 3580 2359 recumbens
3655 2299 3722 2365 “,

2133 2404 2230 2473 qui
2265 2416 2391 2458 cum
2426 2416 2593 2471 supra
2621 2399 2791 2458 Lucis
2828 2405 3024 2468 pectus
3051 2395 3395 2460 recubuerit,
3430 2393 3596 2448 nobis
3626 2408 3727 2447 an-

2136 2494 2419 2552 nuntiavit
2451 2509 2484 2550 a
2515 2493 2735 2563 superis
2772 2491 2976 2558 factam
3003 2490 3074 2544 ab
3104 2489 3227 2559 ipso
3263 2489 3432 2543 Patre
3450 2485 3727 2540 luminum

2129 2586 2570 2659 generationem,
2595 2584 2796 2654 quiest
2820 2583 2938 2654 ipse
2968 2584 3064 2637 lux
3094 2597 3223 2636 vera
3255 2580 3580 2636 illuminans
3612 2594 3732 2634 om-

2133 2695 2262 2736 nem
2290 2678 2594 2742 hominem,
2624 2685 2684 2732 et
2709 2677 2802 2731 lux
2830 2675 2884 2730 in
2909 2673 3158 2737 tenebris
3178 2674 3372 2728 lucens
3406 2672 3476 2736 ⁵³⁷,
3531 2681 3594 2725 et
3636 2671 3729 2724 lux

2135 2769 2351 2834 mundi,
2381 2770 2530 2832 sicut
2561 2769 2706 2824 dixit
2737 2767 2807 2822 “.
2841 2768 2951 2838 Ipsi
2983 2767 3056 2822 sit
3082 2765 3258 2838 gloria
3287 2773 3345 2820 et
3385 2763 3644 2835 potentia
3672 2762 3730 2817 in

2140 2862 2342 2918 saecula
2383 2862 2738 2920 smeulorum.
2769 2861 2967 2916 Amen.

2331 3097 3714 3122 MM

1664 3270 2018 3380 LIBER
2097 3288 2540 3382 NONUS.
2583 3373 2585 3376 .

984 3489 1066 3532 ns:
1109 3488 1485 3533 POSTER‘IORI
1532 3471 1756 3532 neum:
1789 3483 2036 3531 casm:

2137 3485 2176 3540 Ξ,
2213 3486 2293 3528 ET
2325 3484 2608 3528 MULIERE
2643 3483 2781 3527 VIBI
2812 3481 3190 3526 ADJUTRICE.

2065 3641 2140 3655 -η

527 3772 592 3827 Et
620 3775 823 3843 accepit
844 3771 984 3826 Deus
1007 3773 1271 3826 hontinem
1296 3788 1449 3843 quem
1481 3772 1623 3841 fecit,
1649 3780 1701 3826 et
1725 3773 1900 3842 posuit
1923 3787 2042 3825 eum
2070 3773 2112 3830 C
2147 3769 2293 3822 imus
2340 3767 2634 3823 audientes
2655 3766 2804 3837 quod
2834 3766 2982 3821 Deus
3011 3763 3252 3835 sumpsit
3274 3764 3588 3829 hominem,
3623 3771 3679 3820 et
3704 3781 3736 3820 a

452 3869 508 3922 in
545 3867 816 3939 paradiso.
857 3866 997 3920 Ante
1031 3852 1254 3920 omnem
1281 3863 1747 3920 examinationem
1778 3861 2039 3932 conside:

455 3959 696 4031 randum
715 3967 801 4014 est
826 3959 881 4013 in
906 3959 1029 4015 loco
1057 3959 1334 4028 opposito,
1367 3971 1468 4010 cur
1506 3971 1619 4010 non
1650 3955 1965 4026 indigenam
2008 3955 2039 4008 e

455 4051 715 4122 paradiso
741 4052 989 4121 genitum
1028 4061 1084 4108 et
1137 4067 1168 4106 e
1208 4049 1465 4121 paradiso
1516 4046 1760 4104 eﬂictum
1796 4047 1950 4102 intus
1985 4045 2041 4100 iu

456 4143 712 4214 paradiso
728 4141 1018 4198 Deusfecit
1042 4139 1461 4206 hominem,sed
1481 4140 1664 4210 ipsum
1687 4137 2042 4204 extrinsecus

454 4236 664 4292 nudum
692 4244 749 4292 et
782 4236 1208 4306 incompositum
1249 4232 1477 4288 aliunde
1505 4230 1790 4288 inducitin
1818 4227 2041 4300 paradi-

455 4346 575 4384 sum
593 4347 611 4410 ξ
628 4330 777 4385 intus
789 4313 971 4384 autem
993 4343 1024 4382 e
1045 4325 1304 4397 paradiso
1332 4323 1638 4378 fabricatur
1659 4321 1954 4380 mulierem
1973 4335 2040 4374 ex

456 4424 665 4480 Adamo
690 4441 706 4490 ;
733 4438 931 4478 rursus
948 4430 1132 4476 autem
1158 4435 1284 4475 eum
1306 4417 1515 4474 bestias
1536 4415 1671 4470 foris
1692 4413 2041 4472 construxis-

455 4526 558 4581 set,
591 4527 782 4586 postea
810 4512 1208 4570 introducitad
1232 4511 1518 4566 hominem
1574 4509 1634 4564 in
1695 4505 2039 4577 paradisum.

454 4608 757 4678 Oportebat
795 4608 946 4661 enim
979 4605 1064 4659 vel
1111 4603 1402 4658 mulierem
1453 4617 1580 4656 eum
1629 4597 1856 4653 homine
1906 4595 2043 4651 foris

458 4702 688 4772 ﬁngere,
710 4699 795 4753 vel
821 4699 988 4754 etiam
1014 4699 1164 4754 intus
1196 4704 1527 4750 construere
1549 4695 1756 4755 virum,
1791 4689 1886 4746 ubi
1922 4705 2043 4744 mu-

457 4793 562 4847 lier
591 4791 696 4847 fuit
738 4799 1078 4848 constructa.
1107 4787 1397 4855 Quomodo
1429 4794 1614 4841 autem
1647 4785 1795 4840 Deus
1818 4797 2040 4852 quoque

458 4884 642 4939 ferens
664 4883 874 4937 bestias
895 4890 952 4939 et
969 4881 1249 4945 animalia,
1281 4894 1393 4934 non
1411 4893 1476 4932 ea
1500 4876 1730 4932 adduxit
1764 4875 1833 4930 ad
1855 4882 2039 4930 utros-

457 4990 567 5044 que
615 4989 742 5028 cum
771 4980 959 5028 essent
993 4971 1180 5033 simul,
1232 4969 1326 5025 sed
1365 4968 1432 5024 ad
1487 4968 1665 5022 solum
1709 4965 2042 5022 hominem?

457 5067 586 5122 llzcc
605 5066 828 5123 Judaaus
857 5067 1046 5138 legens
1072 5063 1306 5140 singulis
1329 5063 1552 5141 diebus,
1585 5077 1697 5117 non
1725 5059 2038 5131 cognoscit;

457 5156 720 5226 quoniam
751 5133 934 5210 adhuc
986 5133 1183 5210 habet
1204 5139 1526 5224 impoSitum
1569 5153 1754 5208 velum
1785 5150 2042 5210 animalis
2074 5133 2117 5186 ἶ)

458 5248 843 5322 iguorationis.
892 5246 950 5302 Si
994 5247 1114 5302 hmo
1141 5247 1292 5306 enim
1331 5246 1713 5317 intelligantur
1737 5242 2044 5300 secundum

458 5343 722 5407 litteram,
745 5357 809 5396 ea
839 5340 1112 5396 inducunt
1134 5355 1356 5396 omnem
1381 5337 1788 5394 absurditatem
1812 5343 1868 5388 et
1899 5334 2046 5396 blas-

460 5437 761 5506 phemiam.
798 5435 935 5491 Nam
963 5434 1010 5491 si
1057 5435 1200 5490 Deus
1256 5433 1450 5502 implet
1481 5431 1686 5488 coelum
1734 5439 1791 5483 et
1843 5435 2046 5480 terram

473 5527 555 5586 (ut
585 5521 677 5591 qui
704 5537 808 5578 nec
839 5521 1010 5592 possit
1037 5518 1438 5580 circumscribi,
1476 5533 1575 5570 nec
1603 5515 1746 5582 capi,
1778 5528 1881 5567 nec
1913 5526 2034 5565 tnu-

475 5612 600 5678 tari,
635 5628 739 5669 nec
767 5613 996 5678 moveri,
1025 5626 1128 5666 nec
1164 5604 1743 5678 migrare).'q"°"'°d°
1770 5620 1875 5658 "0"
1911 5619 2036 5673 per-

2145 3865 2268 3918 loco
2293 3865 2350 3918 in
2379 3864 2565 3918 locum
2593 3877 2721 3917 eum
2753 3861 2998 3917 traduxit
3021 3862 3188 3923 Deus,
3237 3867 3294 3914 et
3328 3874 3456 3913 eum
3485 3857 3733 3926 posuit?

2146 3955 2202 4011 Si
2231 3963 2416 4010 autem
2447 3954 2589 4009 dicis
2631 3953 2781 4024 quod
2815 3963 2969 4007 extra
2999 3950 3318 4029 paradisum
3355 3949 3560 4003 mulier
3590 3951 3742 4002 facta.

2143 4055 2319 4101 estex
2343 4044 2848 4116 latere,,quomodo
2891 4058 3016 4099 eam
3065 4042 3236 4098 simui
3262 4041 3433 4096 infert
3464 4055 3596 4094 cum
3634 4039 3733 4094 ho-

2145 4141 2293 4194 mine
2323 4139 2383 4194 in
2404 4138 2702 4210 paradiso?
2725 4137 2835 4192 Sed
2863 4152 2934 4192 ne
2959 4135 3372 4192 dubitationem
3407 4133 3733 4202 operiamus

2144 4233 2512 4296 dubitatione,
2537 4231 2634 4301 qui
2663 4231 2923 4286 volumus
2943 4227 3188 4284 dilucide
3217 4235 3274 4284 et
3309 4226 3733 4281 citra-errorem

2143 4324 2363 4398 discere
2377 4321 2849 4394 quemadmodum
2869 4319 3086 4389 accepit
3105 4320 3252 4374 Deus
3265 4317 3552 4373 hominem
3566 4328 3733 4385 quem

2144 4415 2343 4482 ﬁnxit;
2401 4415 2695 4486 audiamus
2758 4414 2996 4470 Paulum
3031 4412 3310 4468 dicentem
3366 4410 3438 4464 de
3483 4408 3730 4470 Christo,

2143 4510 2289 4580 quod
2320 4526 2440 4564 cum
2459 4510 2515 4564 in
2543 4510 2714 4578 forma
2744 4507 2838 4560 Dei
2855 4515 2984 4560 esset
3015 4506 3081 4570 '°,
3101 4503 3382 4557 hominem
3404 4516 3572 4570 quem
3602 4499 3733 4553 fecit

2144 4602 2330 4672 posuit
2370 4601 2426 4654 in
2455 4601 2712 4670 paradiso
2730 4597 3026 4659 Ecclesiae,
3067 4595 3136 4649 ad
3177 4592 3522 4663 cperandum
3549 4591 3732 4660 ipsum

2147 4695 2276 4766 (hoc
2307 4701 2393 4748 est
2425 4692 2728 4754 hominem)
2753 4699 2811 4744 et
2835 4686 3290 4744 custodiendum.
3321 4685 3522 4754 Siquis
3547 4692 3730 4738 autem

2144 4786 2253 4842 hoc
2279 4784 2452 4840 verbo
2488 4783 2858 4840 conturbatur
2893 4820 2905 4841 .
2942 4780 3094 4834 dicat
3117 4777 3287 4854 ‘mihi,
3319 4792 3445 4830 cum
3491 4773 3733 4828 latitudo

2143 4879 2386 4949 paradisi
2413 4879 2487 4933 sit
2519 4873 2925 4946 magnitudinis
2951 4867 3560 4940 incomprehensibilis.
3595 4867 3730 4921 adeo

2145 4981 2205 5027 ut
2258 4967 2600 5028 abundantia
2649 4968 2771 5037 ejus
2833 4962 3180 5034 irrigationis
3230 4959 3437 5015 eﬂieiat
3490 4969 3732 5026 quatuor

2143 5061 2341 5115 ﬂuvios
2365 5058 2678 5113 universam
2700 5070 2874 5126 prope
2890 5063 3092 5109 terram
3118 5051 3436 5120 irrigantes,
3455 5043 3733 5117 quomodo

2148 5153 2261 5212 ille.
2295 5166 2420 5206 cum
2457 5151 2530 5207 sit
2561 5149 2734 5215 solus,
2775 5148 2981 5219 ligone,
3012 5155 3192 5199 rastro
3227 5143 3313 5197 vel
3355 5151 3538 5196 aratro
3577 5151 3756 5202 exer—_

2148 5244 2330 5300 cuerit
2358 5250 2522 5298 terrae
2545 5239 2932 5310 operationem
2958 5254 2972 5302 ;
3004 5233 3288 5305 quomodo
3322 5242 3506 5286 autem
3544 5235 3730 5282 custo-

2149 5332 2361 5394 diebat,
2397 5346 2525 5386 cum
2555 5345 2741 5400 neque
2768 5336 2959 5383 essent
2988 5327 3164 5389 fures,
3194 5339 3380 5393 neque
3407 5322 3536 5384 viri,
3566 5316 3728 5372 etbe-
3750 5299 3764 5324 “

2148 5425 2268 5482 stiae
2289 5439 2483 5481 omnes
2511 5433 2569 5479 et
2621 5421 2841 5492 reptilia
2872 5422 3028 5492 jussa
3061 5426 3251 5474 essent
3291 5415 3456 5471 simul
3507 5425 3635 5466 cum
3664 5421 3730 5463 eo

2149 5518 2300 5574 vesci
2327 5517 2587 5574 omnibus
2613 5515 2893 5572 fructibus
2929 5512 3026 5583 qui
3061 5520 3370 5566 nascuntur
3397 5525 3428 5562 a
3462 5514 3634 5563 terra,
3671 5507 3728 5554 ut

2153 5626 2276 5678 quae
2303 5611 2469 5666 aDeo
2517 5608 2677 5666 factm
2733 5607 2846 5663 sint
2880 5622 3006 5661 cum
3058 5604 3287 5659 homine
3332 5597 3629 5671 participes
3673 5596 3727 5643 ct

458 5849 492 5877 δὲ
551 5802 593 5833 ’³
621 5801 778 5856 Euan.
815 5817 902 5865 xv,
933 5801 1023 5854 26.
1100 5801 1143 5829 ⁸⁵
1177 5798 1464 5861 ,ιο;ιιι.χιγ,
1510 5795 1590 5849 ιο.
1672 5795 1713 5821 θ’
1753 5794 1909 5851 Joau.
1943 5809 2035 5849 xm

2137 5796 2174 5848 5.
2253 5795 2294 5825 9'
2321 5795 2476 5872 lusu.
2515 5811 2550 5863 I,
2591 5794 2643 5848 5.
2721 5797 2762 5826 ³²
2795 5793 2950 5850 Joan.
2988 5809 3060 5858 ut,
3090 5793 3142 5848 5.
3200 5793 3262 5877 νη
3300 5789 3526 5860 Philipp.
3561 5801 3622 5853 ιι,
3658 5782 3709 5837 θ’
