4056 6148
306 376 417 442 ωδ

1394 383 1475 445 ΙΝ
1514 383 2066 448 ΗΕΧΑΕΜΕΒΟΝ.
2100 412 2171 424 -·
2200 390 2349 452 LIB.
2391 391 2495 452 IX.

3452 399 3559 460 986

303 486 631 543 cohaemdes
673 488 980 554 fructuum,
1024 492 1169 546 sicut
1212 509 1240 547 a
1273 493 1436 549 nobis
1481 494 1724 551 breviter
1763 497 1877 567 jam
1907 503 1954 558 Α
1980 499 2117 553 alius
2141 500 2490 571 septuaginta
2515 502 2802 570 operarios
2828 502 2898 556 ad
2920 503 3260 573 operandum
3288 514 3345 561 et
3378 520 3559 561 custo—

301 593 465 635 antea
498 579 708 641 dictum
742 592 870 635 est:
924 583 1029 638 sed
1068 598 1264 641 omnes
1288 586 1482 642 bestiae
1524 598 1581 642 et
1618 589 1876 645 volucres

302 672 743 741 subiiciebantur
770 671 1002 732 Adamo.
1029 674 1262 740 Quando
1288 692 1426 748 ergo
1447 678 1697 734 audieris
1726 679 1876 750 quod

302 762 450 817 Deus
486 762 655 817 infert
683 762 860 815 Adam
892 778 959 816 ex
986 764 1227 832 quodam
1274 767 1396 822 loco
1424 769 1633 838 ignoto,
1683 779 1739 825 et
1778 771 1877 840 qui

300 869 407 910 nec
433 862 616 924 potest
646 852 911 924 explicari
940 870 1045 912 nec
1068 860 1463 929 comprehendi
1492 902 1508 928 ,
1539 863 1743 928 solum,
1774 880 1879 917 nu-

303 947 436 1003 dum
465 957 524 1002 et
553 948 978 1018 incompositum
1005 989 1021 1014 ,
1079 950 1137 1005 in
1189 953 1548 1021 paradisum;
1589 965 1647 1010 et
1696 947 1880 1010 induit

301 1054 429 1094 eum
459 1038 613 1095 intus
642 1041 876 1108 peiticea
902 1041 1089 1097 tunica
1126 1044 1338 1097 carnali
1364 1060 1379 1110 ;
1420 1051 1476 1099 et
1505 1046 1573 1099 ad
1609 1061 1735 1100 eum
1783 1046 1881 1101 ad-

302 1126 458 1183 ducit
492 1128 699 1183 bestias
726 1128 891 1193 intra,
923 1145 1048 1200 quae
1067 1141 1197 1186 ante
1218 1133 1343 1202 ejus
1368 1134 1681 1204 ingressum
1719 1145 1881 1191 erant

302 1219 444 1275 foris
478 1233 620 1290 :per
647 1220 764 1275 ilth
799 1223 985 1276 omnia
1029 1223 1169 1277 nihil
1210 1225 1485 1279 estaliud
1532 1224 1881 1295 praedictum,

303 1312 423 1366 nisi
446 1313 596 1382 quod
622 1313 768 1368 Deus
800 1313 1067 1379 Verbum,
1104 1315 1200 1384 qui
1245 1316 1401 1385 prius
1445 1327 1568 1372 erat
1598 1318 1784 1374 nudus
1823 1329 1882 1374 et

306 1403 735 1473 incompositus,
764 1406 945 1461 Patris
974 1407 1262 1463 voluntate
1288 1417 1345 1464 et
1373 1410 1786 1479 cooperatione,
1814 1394 1887 1464 exi

304 1500 432 1554 loco
476 1500 671 1570 ignoto
715 1508 773 1555 et
815 1501 910 1571 qui
960 1502 1227 1571 explicari
1277 1518 1390 1558 non
1438 1512 1620 1573 potest
1658 1504 1882 1575 (nempe

302 1589 623 1646 Cherubieo
680 1592 909 1661 throno)
975 1592 1263 1663 ingressus
1316 1602 1403 1650 est
1456 1595 1513 1648 in
1560 1594 1925 1673 paradisum_

303 1682 592 1745 Ecclesiae,
636 1683 705 1737 ad
734 1683 1079 1752 operandam
1108 1676 1293 1754 ipsum
1317 1692 1374 1740 et
1395 1684 1825 1740 custodiendum
1867 1704 1880 1739 :

1977 590 2241 645 diendum
2274 591 2423 645 hunc
2458 593 2800 662 paradisum,
2829 593 2897 647 ad
2938 594 3081 648 bene
3120 596 3481 664 operandum.
3509 606 3563 654 et

1977 679 2385 743 scminandum,
2426 688 2482 734 et
2527 680 2915 750 plantandum,
2952 683 3319 751 purgandum.
3352 691 3409 735 et
3433 683 3563 736 irri-

1978 770 2242 841 gandum,
2289 771 2372 827 eis
2425 771 2695 827 mandans
2752 781 2809 827 et
2856 771 3051 826 dicens
3094 790 3107 824 :
3147 755 3326 826 Omnis
3376 773 3564 842 planta

1978 879 2139 934 quam
2177 879 2281 917 non
2327 863 2586 935 plantavit
2616 864 2782 918 Pater
2823 880 2969 917 meus
2999 862 3241 927 caelestis,
3293 881 3409 918 eam
3440 881 3562 920 era-

1979 956 2148 1010 dicate
2175 959 2217 1019 9,
2279 964 2335 1011 et
2369 957 2601 1011 verbum
2650 964 2899 1011 nostrum
2948 967 3004 1011 et
3045 956 3240 1025 dogma
3297 957 3560 1025 plantate.

1978 1046 2092 1102 Nec
2130 1047 2239 1102 hoc
2280 1048 2482 1111 solum,
2514 1046 2611 1101 sed
2653 1046 2820 1102 etiam
2856 1063 2955 1116 per
2985 1046 3165 1117 ipsum
3209 1047 3340 1101 licet
3375 1048 3564 1102 videre

1980 1136 2129 1191 hunc
2179 1138 2485 1192 secundum
2534 1137 2706 1191 Adam
2749 1144 2970 1206 (nempe
3021 1135 3328 1203 Christum)
3375 1147 3564 1207 aperte.

1980 1236 2300 1297 cperantem
2350 1228 2580 1282 arbores
2627 1228 2841 1281 ratione
2886 1225 3185 1295 praeditas;
3220 1234 3275 1280 et
3317 1241 3413 1280 eas
3438 1226 3564 1294 qui-

1981 1317 2107 1373 dem
2132 1315 2255 1388 qua:
2272 1328 2404 1373 sunt
2423 1317 2740 1382 immundae,
2766 1317 3145 1372 mundantcm.
3169 1317 3381 1383 Quibus
3397 1319 3567 1374 etiam

1980 1410 2205 1466 dicebat
2227 1431 2238 1464 :
2258 1410 2405 1477 Volo,
2433 1411 2693 1465 mundare
2716 1412 2790 1476 i';
2824 1410 2999 1465 siccas
3024 1420 3208 1465 autem
3244 1413 3561 1467 humectano

1982 1509 2094 1557 tem
2134 1523 2149 1556 :
2185 1519 2253 1558 ex
2275 1502 2480 1573 quibus
2499 1510 2621 1558 erat
2648 1501 2816 1557 etiam
2857 1501 2949 1556 illa
2973 1502 3139 1575 arbor
3204 1519 3326 1573 qua:
3353 1505 3563 1557 aridam

1984 1610 2138 1650 suam
2161 1579 2385 1651 habebat
2415 1613 2634 1651 manum
2658 1597 2698 1627 ¹¹
2725 1604 2984 1666 tanquam
3019 1610 3263 1660 ramum;
3295 1594 3362 1649 ad
3398 1611 3566 1664 quam

1982 1687 2311 1742 exclamavit
2364 1687 2548 1742 bonus
2608 1688 2977 1751 hortulanus,
3038 1686 3279 1740 Extende
3343 1703 3569 1740 manum

302 1781 363 1828 et
392 1789 561 1828 carne
585 1774 843 1844 suacepta
870 1776 1085 1845 accepit
1126 1776 1370 1831 tunicam
1395 1786 1599 1833 nostra:
1623 1778 1885 1833 essentia:
1914 1835 1951 1849 ﬁ
1986 1786 2135 1832 tuam
2174 1779 2220 1810 ¹¹
2267 1777 2336 1832 ad
2371 1776 2471 1833 Dei
2523 1777 2929 1849 operationem.
2978 1776 3069 1832 Sic
3098 1777 3266 1831 etiam
3304 1784 3566 1846 tanquam

303 1864 531 1936 (nempe
558 1864 837 1918 hominem
866 1880 1031 1933 quem
1061 1865 1243 1937 ﬁnxit)
1266 1910 1280 1929 ,
1317 1876 1376 1922 et
1403 1868 1455 1923 ei
1479 1870 1671 1925 unitus
1702 1880 1787 1926 est
1816 1871 1873 1926 in

300 1952 608 2024 bypostasi.
630 1950 757 2005 Non
785 1953 925 2006 enim
951 1953 1166 2024 angelos
1191 1957 1555 2025 apprehendit,
1577 1957 1669 2010 sed
1697 1973 1876 2011 semen

297 2044 531 2100 Abram
558 2050 904 2117 apprehendit
927 2051 969 2115 ί,
985 2050 1210 2120 quando
1242 2061 1471 2122 accepto
1494 2053 1677 2108 carnis
1704 2053 1876 2107 linteo

299 2140 551 2209 seipsum
594 2143 832 2197 accinxit
861 2183 874 2206 ,
909 2159 1022 2198 non
1069 2145 1139 2199 ab
1174 2145 1287 2200 alio
1337 2147 1390 2200 ei
1438 2146 1727 2216 imposito.
1774 2147 1880 2203 Se-

299 2230 488 2299 ipsum
510 2231 659 2287 enim
689 2248 856 2313 carne
888 2233 1074 2289 induit
1107 2235 1317 2306 absque
1353 2236 1565 2290 semine
1607 2237 1875 2291 humano.

299 2322 382 2378 De
410 2316 523 2393 quo
572 2325 629 2378 in
656 2325 845 2380 vitam'
869 2326 1125 2397 ingressu
1176 2335 1417 2382 testatur
1464 2327 1624 2398 θοι
1673 2328 1879 2383 Paulus

299 2429 506 2469 cursor
535 2416 797 2481 paradisi,
851 2417 1044 2473 dicens
1085 2417 1155 2473 de
1201 2418 1317 2474 Deo
1374 2418 1576 2483 Patre,
1617 2425 1672 2472 et
1737 2418 1878 2472 Filio

300 2507 401 2577 qui
428 2514 515 2561 est
548 2508 900 2563 introductus
930 2524 1032 2579 per
1058 2509 1315 2564 Patrem:
1344 2508 1572 2575 Quando
1596 2516 1769 2563 autem
1794 2510 1881 2563 in-

301 2599 601 2653 troduxerit
622 2600 1029 2671 primogenitum
1057 2602 1114 2654 in
1139 2601 1314 2655 urbem
1336 2609 1491 2656 terra:
1513 2603 1568 2667 ',
1601 2609 1657 2656 et
1682 2616 1884 2672 posue-

300 2692 382 2745 rit
407 2707 537 2746 eum
572 2692 627 2745 in
654 2692 926 2763 Ecclesia.
957 2708 1111 2762 quem
1145 2692 1549 2762 fecitlueredem
1576 2694 1811 2746 omnium
1834 2693 1877 2757 ⁸,

301 2783 444 2836 dicit
479 2799 493 2836 :
523 2782 591 2837 Et
623 2783 923 2844 adorabunt
960 2798 1079 2837 eum
1107 2799 1287 2837 omnes
1335 2783 1499 2837 tribus
1536 2784 1831 2854 gentium“
1864 2800 1880 2849 ;

1983 1871 2115 1932 vita,
2162 1868 2332 1925 etiam
2378 1877 2556 1924 morte
2593 1869 2820 1925 allectos
2867 1869 3020 1923 viros
3065 1867 3448 1932 mortiﬁcavit;
3496 1883 3567 1922 ex

1977 1963 2180 2033 quibus
2200 1970 2320 2016 erat
2338 1972 2554 2017 mortua
2576 1972 2632 2016 et
2652 1962 2806 2016 arida
2837 1961 3002 2015 arbor
3030 1960 3290 2024 Lazarus,
3312 1959 3567 2031 lacrymte

1976 2070 2119 2124 aqua
2161 2054 2406 2124 irrigata,
2441 2061 2499 2109 ct
2528 2069 2651 2123 quae.
2684 2054 2869 2111 statim
2903 2051 3235 2123 germinavit
3281 2068 3347 2106 ex
3392 2061 3565 2107 terra.

1979 2144 2493 2214 Supernaturaliter
2545 2152 2733 2199 autem
2778 2144 2885 2199 scit
2933 2159 3153 2214 quoque
3204 2143 3297 2198 hic
3328 2144 3569 2213 agricola

1976 2235 2136 2290 Jesus
2178 2236 2485 2300 inoculare,
2527 2243 2591 2290 ut
2644 2234 2740 2306 qui
2789 2236 2968 2291 instar
3015 2234 3298 2290 hortulani
3354 2235 3472 2289 luto
3506 2246 3567 2288 et

1978 2340 2120 2395 aqua
2161 2324 2465 2389 inoculans,
2495 2340 2622 2381 eum
2672 2325 2769 2395 qui
2819 2335 2939 2381 erat
2975 2342 3155 2382 caecus
3197 2326 3266 2380 ab
3309 2333 3438 2381 ortu
3477 2325 3563 2397 (ut

1978 2418 2072 2487 qui
2119 2424 2264 2472 esset
2304 2416 2400 2472 lux
2437 2416 2506 2472 de
2553 2417 2810 2487 lumine),
2842 2419 2973 2477 caeci
3021 2417 3198 2473 oculis
3226 2417 3404 2472 visum
3439 2417 3564 2472 red-

1978 2508 2205 2564 diderit.
2249 2507 2408 2576 Quod
2448 2509 2493 2563 si
2528 2509 2697 2564 etiam
2736 2510 2915 2581 ipsum
2962 2511 3103 2566 velis
3133 2510 3322 2565 videre
3434 2506 3565 2562 irri-

1979 2590 2249 2671 gatorem,
2281 2600 2410 2655 audi
2451 2617 2579 2656 eum
2613 2599 2891 2656 dicentem
2924 2620 2940 2656 :
2974 2600 3031 2656 Si
3064 2603 3180 2672 quis
3217 2601 3350 2661 sitit.
3385 2606 3564 2655 ueniat

1983 2693 2071 2747 ad-
2097 2708 2197 2757 me,
2236 2701 2289 2746 et
2339 2692 2483 2747 bibat
2511 2693 2578 2748 “.
2635 2693 2727 2748 Sic
2777 2693 2925 2748 enim
2964 2698 3165 2748 sedens
3209 2692 3276 2746 ad
3311 2701 3564 2763 puteum,

1980 2783 2211 2854 pulchra
2234 2784 2328 2839 illa
2354 2784 2485 2839 vitis
2511 2784 2733 2854 (nempe
2769 2783 3133 2855 Samaritana)
3166 2784 3413 2854 irrigata,
3440 2799 3565 2837 eam

300 2880 360 2925 et
393 2887 586 2927 omnes
617 2871 808 2927 leones
833 2875 1055 2943 (nempe
1082 2887 1237 2943 reges
1275 2877 1460 2941 terra!)
1490 2871 1714 2928 beatum
1753 2890 1879 2930 eum
1983 2872 2227 2928 reddidit
2288 2873 2548 2930 fertilem.
2582 2873 2739 2930 Unde
2798 2874 2966 2930 etiam
3016 2876 3277 2944 tanquam
3319 2873 3565 2928 fructum

300 2964 521 3031 dicent,
572 2974 632 3020 ut
689 2967 786 3035 qui
835 2964 1116 3034 acceperit
1154 2981 1183 3019 a
1223 2966 1383 3041 Pptre
1429 2965 1636 3020 bestias
1665 2964 1884 3035 (nempe
1984 2980 2176 3021 amans
2193 2967 2430 3038 agricola
2466 2975 2522 3022 et
2543 2966 2689 3022 Deus
2710 2966 3066 3038 reprehendit
3089 2982 3215 3022 eum
3252 2966 3349 3036 qui
3389 2965 3566 3019 trien-

297 3058 691 3114 lmereditatem
716 3058 988 3128 gentium)
1015 3068 1075 3113 et
1101 3059 1508 3128 possessionem
1533 3072 1711 3120 suam,
1745 3056 1891 3112 lines
1986 3059 2082 3113 nio
2116 3058 2279 3113 ticum
2314 3058 2463 3114 illam
2519 3059 2794 3127 irrigavit,
2830 3060 2900 3114 de
2953 3068 3154 3114 caetero
3190 3073 3310 3113 eam
3356 3057 3567 3127 j'ubens

299 3162 495 3205 terrae.
526 3151 621 3224 itu
662 3152 939 3222 intelligat
986 3152 1235 3207 Ecclesia
1261 3152 1396 3205 illud
1426 3168 1442 3206 :
1488 3152 1700 3221 Accepit
1743 3150 1884 3205 Deus
1906 3178 1954 3234 AC
1985 3153 2341 3213 exscindere:
2380 3151 2659 3234 quomodo
2684 3152 2849 3207 etiam
2876 3165 2999 3206 cum
3023 3166 3123 3220 per
3142 3165 3200 3205 se
3228 3150 3566 3218 increpasset

298 3244 588 3307 hominem,
626 3250 676 3295 et
700 3243 870 3311 posuit
903 3258 1021 3296 eum
1065 3250 1324 3312 tanquam
1369 3242 1653 3312 proprium
1681 3254 1883 3312 curpus

297 3336 360 3389 in
396 3346 559 3388 unam
586 3345 829 3389 sanctam
855 3334 1216 3405 hypostasim,
1250 3343 1311 3387 ut
1341 3334 1520 3388 ﬁdelis
1543 3334 1729 3405 populi
1756 3347 1887 3403 ope-

300 3435 528 3481 raretur
557 3426 986 3495 plenitudinem,
1017 3430 1072 3481 et
1100 3427 1408 3481 custodiret
1438 3427 1754 3496 paradisum
1791 3442 1884 3481 ar-

302 3520 529 3579 borum,
562 3533 762 3587 nempe
802 3517 1049 3588 gentium
1096 3519 1279 3574 anima
1322 3519 1696 3589 praeditarum.
1728 3518 1885 3574 Unde

299 3612 474 3666 etiam
520 3616 779 3678 tanquam
811 3609 880 3663 ad
925 3609 1032 3663 hoc
1078 3609 1256 3678 ipsum
1298 3609 1512 3677 positus
1555 3624 1586 3663 a
1618 3608 1782 3662 Patre
1803 3609 1886 3663 di-

301 3702 471 3758 cebat
525 3719 537 3753 :
578 3700 742 3755 Pater
786 3717 928 3754 meus
974 3716 1138 3770 usque
1174 3700 1329 3754 modo
1374 3708 1646 3769 aperatur,
1696 3706 1745 3753 et
1792 3715 1886 3769 ego

302 3811 501 3866 operor
530 3794 573 3856 ⁸,
608 3805 665 3847 et
689 3793 1029 3847 custodienti
1060 3793 1195 3846 mihi
1221 3800 1510 3862 paternum
1539 3792 1881 3858 mandatum,

302 3886 463 3941 dedit
499 3887 634 3940 mihi
687 3900 880 3955 agrum
921 3894 977 3939 et
1023 3885 1267 3948 hortum,
1312 3884 1367 3937 in
1413 3898 1576 3954 quem
1629 3897 1885 3953 egressus

303 3997 335 4035 a
384 3981 572 4043 Patre,
630 3979 914 4050 ingressus
954 3986 1040 4033 est
1074 3979 1259 4033 statim
1308 3977 1403 4046 qui
1437 3976 1676 4031 seminat
1701 3976 1767 4029 ad
1798 3991 1886 4031 se-

303 4072 632 4126 minandum
674 4091 686 4125 :
739 4079 797 4124 et
843 4056 1029 4124 statim
1077 4082 1237 4123 mane
1287 4067 1526 4123 conduxi
1590 4064 1885 4121 duodecim

303 4161 595 4232 aperarios
624 4159 944 4229 discipulos.
969 4161 1052 4215 eis
1084 4158 1349 4213 mandans
1377 4172 1441 4213 ac
1464 4157 1653 4212 dicens
1683 4175 1696 4210 :
1720 4156 1887 4211 Nemo

304 4266 372 4305 ea:
390 4250 533 4305 vobis
552 4251 760 4303 mittens
778 4266 994 4303 manum
1017 4248 1087 4303 ad
1100 4257 1345 4303 aratrum
1369 4257 1418 4302 et
1446 4262 1720 4307 conuersus
1746 4255 1887 4301 retro

305 4353 464 4413 aptus
498 4350 575 4395 est
601 4357 761 4411 regno
794 4341 1042 4395 caelorum
1063 4340 1105 4393 '.
1128 4340 1206 4394 De
1234 4347 1456 4405 caetero,
1493 4337 1680 4393 Tollite
1693 4339 1886 4411 jugum

306 4452 487 4491 meum
523 4451 685 4505 super
712 4450 839 4498 pos,
877 4436 1069 4506 jugum
1127 4433 1268 4487 enim
1300 4448 1477 4486 meum
1525 4440 1602 4486 est
1641 4447 1802 4485 suave
1840 4431 1883 4496 ⁷,

1989 3242 2155 3297 ﬁcum
2175 3260 2298 3313 qua:
2323 3241 2453 3298 folia
2471 3229 2703 3307 lenibat,
2728 3256 2837 3297 non
2864 3249 3049 3295 autem
3088 3241 3355 3303 fructum,
3390 3239 3563 3309 ipsam

1987 3335 2306 3391 exsiccavit.
2424 3320 2439 3325 ﬁ

2054 3424 2162 3480 Sed
2196 3426 2313 3481 haec
2340 3424 2565 3496 quidem
2590 3424 2736 3481 dicta
2767 3424 2879 3480 sint
2907 3422 2976 3477 de
3019 3437 3087 3478 eo
3116 3420 3265 3491 quod
3307 3420 3567 3477 Christus

1984 3524 2244 3585 cperatur
2270 3516 2612 3586 paradisum.
2657 3516 2735 3571 De
2764 3531 2832 3571 eo
2875 3526 3061 3570 autem
3110 3515 3258 3584 quod
3289 3514 3566 3570 custodiat

1984 3608 2136 3663 hunc
2167 3608 2351 3678 ipsum
2389 3608 2611 3663 hortum
2663 3609 2877 3664 ratione
2900 3607 3211 3678 praeditum,
3248 3607 3378 3662 audi
3435 3623 3564 3661 eum

1986 3700 2258 3754 dicentem
2311 3717 2327 3753 :
2365 3699 2484 3754 Non
2536 3700 2840 3770 relinquam
2895 3716 2980 3754 eos
3020 3702 3285 3769 orphanos
3323 3699 3389 3753 “.
3441 3699 3511 3753 Et
3547 3717 3565 3752 :

1984 3792 2162 3846 Porta!
2185 3792 2344 3861 inferi
2372 3807 2476 3845 non
2530 3791 2890 3862 prtevatebunt
2920 3792 3167 3846 adversus
3194 3792 3238 3823 "
3268 3791 3419 3844 hunc
3461 3804 3563 3858 pa-

1986 3883 2228 3938 radisum
2281 3900 2297 3937 :
2344 3881 2457 3951 Ego
2479 3899 2597 3936 sum
2624 3883 2815 3936 ostium
2843 3883 3012 3937 caulae
3048 3884 3223 3936 ovium
3271 3881 3336 3945 ",
3369 3890 3418 3933 et
3448 3868 3569 3934 ani;

1988 3993 2131 4031 mam
2155 3992 2328 4031 meam
2354 3988 2489 4045 ponu
2516 3991 2613 4045 pro
2658 3975 2787 4046 ipsis
2818 3976 2884 4030 ¹⁷.
2921 3975 2988 4029 Et
3020 3992 3033 4029 :
3069 3975 3234 4029 Nemo
3275 3983 3444 4045 potest
3476 3990 3569 4028 eas

1988 4070 2223 4139 accipere
2251 4068 2315 4122 de
2344 4084 2507 4123 manu
2532 4084 2651 4122 mea
2683 4068 2746 4123 “.
2774 4066 3045 4134 Quoniam
3095 4084 3222 4138 quos
3272 4067 3413 4120 dedit
3441 4067 3567 4120 mihi

1986 4159 2170 4225 Pater,
2196 4160 2455 4214 custodivi
2483 4174 2589 4221 eos,
2628 4167 2679 4213 et
2714 4174 2866 4212 nemo
2893 4174 2957 4212 ea:
2983 4160 3048 4213 iis
3092 4159 3268 4229 periit,
3294 4159 3394 4210 nisi
3422 4157 3569 4226 ﬁlius

1986 4249 2294 4320 perditionis
2320 4250 2386 4304 ".
2436 4248 2559 4305 Herc
2584 4256 2660 4303 est
2692 4250 2831 4303 enim
2858 4249 3103 4303 uoluntas
3154 4248 3335 4303 Patris
3368 4248 3458 4313 qui
3487 4263 3570 4301 me

1987 4342 2132 4395 misit
2151 4351 2210 4395 ut
2231 4340 2488 4412 quidquid
2520 4342 2661 4395 dedit
2698 4342 2827 4395 mihi
2851 4339 3037 4405 Pater,
3065 4357 3171 4394 non
3228 4341 3445 4410 perdam
3504 4353 3572 4393 ea:

1987 4433 2102 4503 ipso
2126 4432 2196 4486 ”.
2242 4431 2325 4487 Ad
2362 4431 2471 4487 hoc
2491 4431 2638 4487 enim
2663 4446 2752 4486 me
2782 4431 3072 4487 collocavit
3090 4447 3155 4486 ac
3175 4431 3482 4505 constituit,
3507 4439 3571 4485 ut

304 4542 509 4596 nempe
539 4541 706 4590 crux;
738 4535 796 4581 et
825 4526 917 4595 qui
949 4525 1205 4588 seminat,
1231 4523 1540 4602 mercedem
1565 4521 1788 4591 accipit,
1822 4528 1879 4575 et
1908 4515 1954 4570 D
1984 4537 2180 4593 operer
2194 4529 2251 4577 et
2271 4521 2576 4577 custodiam
2597 4520 3039 4592 ejusparadisum
3061 4521 3220 4575 aDeo
3242 4521 3568 4591 plantatum.

307 4620 517 4690 colligit
536 4619 800 4680 fructum,
818 4624 882 4671 ut
906 4616 1124 4671 lauetur
1161 4616 1256 4685 qui
1272 4615 1506 4670 seminat
1525 4615 1689 4668 simul
1708 4621 1765 4668 et
1786 4613 1882 4683 qui

307 4712 489 4771 metit.
532 4710 646 4765 llos
675 4709 968 4763 duodecim
1005 4707 1244 4761 conduxi
1272 4708 1405 4761 mihi
1431 4722 1647 4761 summo
1697 4721 1880 4760 mane.

309 4804 418 4859 Sed
447 4811 738 4872 postquam
760 4801 874 4855 vidi
896 4800 1213 4870 paradisum
1244 4815 1520 4870 magnum,
1550 4809 1607 4854 et
1632 4798 1886 4867 regiones

310 4895 518 4949 multas
559 4901 616 4947 et
665 4892 817 4946 albas
862 4900 919 4946 et
963 4906 1131 4960 puras
1159 4890 1349 4956 corde,
1392 4899 1450 4945 et
1482 4890 1763 4959 proposito
1794 4905 1889 4959 pa-

311 4986 462 5041 ratas
503 4985 571 5039 ad
612 4998 848 5039 messem
882 4983 1033 5047 tidei,
1077 4991 1133 5037 et
1185 4982 1251 5037 ad
1304 4982 1620 5037 insitionem
1649 4998 1716 5037 ex
1765 4981 1889 5035 inti-

311 5078 542 5133 delitate
564 5076 632 5131 ad
670 5076 764 5131 Dei
792 5075 1193 5146 cognitionem;
1224 5089 1404 5143 neque
1426 5073 1532 5129 hoc
1560 5074 1763 5138 solum,
1790 5072 1886 5128 sed

309 5169 484 5223 etiam
523 5169 755 5223 arbores
788 5164 1053 5237 pulchras
1083 5165 1151 5220 ad
1182 5164 1481 5220 videndum
1513 5175 1571 5219 et
1616 5164 1791 5220 bonas
1821 5165 1889 5219 ad

312 5259 740 5324 comedendum,
780 5267 838 5314 et
884 5259 1153 5313 habentes
1198 5257 1408 5313 fructus
1446 5268 1713 5324 maturos,
1742 5258 1889 5313 dixi:

313 5350 500 5406 Mcssis
536 5352 746 5422 quidem
779 5351 970 5415 multa,
1003 5350 1235 5420 operarii
1268 5365 1389 5404 vero
1422 5351 1577 5421 pauci
1599 5348 1643 5404 ⁸.
1687 5348 1894 5415 Quam-

2059 4614 2128 4669 Et
2146 4616 2391 4685 praecepit
2414 4612 2670 4669 Dominus
2695 4613 2835 4668 Deus
2855 4613 3058 4668 Adamo
3086 4612 3262 4667 dicens
3286 4630 3303 4667 :
3329 4610 3412 4667 Ea:
3427 4613 3572 4667 omni

1994 4706 2136 4778 ligno
2155 4707 2291 4777 quod
2314 4716 2390 4761 est
2413 4708 2471 4761 in
2514 4707 2786 4778 paradiso,
2815 4706 3064 4761 vescendo
3082 4705 3350 4760 vescimmi
3381 4723 3398 4759 :
3428 4724 3461 4761 a
3510 4705 3576 4759 li-

1993 4816 2097 4871 gno
2130 4810 2307 4855 autem
2337 4801 2676 4871 cognoscendi
2733 4800 2925 4854 bonum
2962 4808 3011 4852 et
3035 4798 3257 4864 malum,
3312 4814 3376 4853 ne
3425 4814 3487 4852 ea:
3513 4815 3575 4852 eo

1993 4892 2308 4954 uescamini;
2334 4907 2433 4961 quo
2461 4899 2635 4944 autem
2654 4891 2736 4943 die
2764 4892 3053 4953 uescimini,
3078 4907 3142 4944 ea:
3179 4906 3237 4943 eo
3277 4900 3443 4944 morte
3459 4907 3577 4943 mo-

1994 4983 2224 5037 riemini.
2252 4983 2372 5037 Non
2419 4983 2639 5048 obvius,
2669 4998 2773 5038 nec
2815 4983 3182 5052 conspicuus,
3217 4983 3312 5038 sed
3368 4998 3472 5038 nec
3506 4984 3575 5037 ad

1992 5075 2444 5143 consequendum
2484 5073 2663 5129 facilis
2689 5074 2795 5129 fuit
2841 5090 3038 5129 sensus
3073 5074 3472 5143 interpretibus
3508 5072 3576 5125 iis

1988 5166 2083 5236 qui
2104 5166 2174 5220 ad
2200 5166 2309 5220 hoc
2346 5181 2486 5237 opus
2540 5168 2780 5239 aggressi
2830 5176 2993 5232 sunt;
3058 5166 3413 5235 quamobrem
3473 5163 3575 5217 fuit

1991 5259 2159 5313 etiam
2182 5258 2332 5313 omni
2354 5275 2423 5314 ex
2448 5269 2603 5329 parte
2624 5259 2946 5329 discrepans
2972 5259 3025 5312 in
3052 5258 3217 5312 dictis
3251 5255 3571 5327 propositis.

1992 5351 2098 5405 Alii
2158 5350 2306 5406 enim
2354 5351 2571 5406 visione
2614 5350 3107 5421 apprehenderuut
3153 5350 3393 5418 plantam
3445 5355 3576 5399 tunc

313 5441 510 5497 obrem
542 5457 668 5496 cum
698 5442 867 5497 etiam
908 5441 1171 5513 populum
1211 5440 1601 5508 ostendissem,
1656 5440 1896 5497 conduxi
1993 5443 2356 5509 esculentam,
2389 5445 2547 5515 cujus
2566 5444 2803 5512 generis,
2831 5441 3109 5511 inquiunt,
3144 5439 3306 5495 ﬁcum
3335 5438 3576 5493 exsicca-

394 5598 410 5629 ¹
440 5596 610 5653 Hebr.
636 5597 792 5657 ".16.

314 5683 397 5730 xx,
433 5667 502 5722 50

883 5597 903 5628 ³
945 5595 1079 5650 ibid.
1114 5595 1169 5653 6.
1243 5595 1264 5627 ⁸
1306 5594 1442 5650 ibid.
1482 5595 1537 5649 2.

598 5668 620 5697 ’⁵
656 5666 847 5721 Matth.
882 5683 957 5731 ut,
998 5666 1089 5720 57.
1166 5666 1186 5698 ⁹
1230 5665 1421 5719 Matth.
1465 5681 1551 5725 xv.
1596 5668 1682 5720 i3.

318 5752 418 5802 vn,
455 5737 546 5791 37.
625 5736 671 5767 ¹⁸
698 5736 856 5792 Joan.
881 5752 991 5801 xw,
1026 5735 1111 5790 i8.
1192 5735 1232 5768 "
1264 5735 1451 5790 Matth.
1475 5752 1581 5801 xw,
1610 5737 1694 5791 18.
1775 5738 1815 5769 ’⁸
1848 5737 1883 5792 ω

1992 5780 2003 5792 .
2038 5754 2091 5803 x,
2118 5739 2167 5794 7.
2251 5739 2289 5769 "’
2332 5737 2468 5792 ibid.
2524 5737 2610 5792 18.

320 5807 373 5839 ⁸⁸
393 5806 553 5863 toan.
582 5821 653 5873 γι,
694 5806 780 5862 39.

1649 5596 1671 5625 δ

1710 5596 1853 5652 Psal.
1896 5612 2038 5659 uxr,
2080 5598 2168 5652 11.
2272 5598 2293 5631 ⁸
2331 5596 2487 5654 Joan.
2527 5614 2581 5660 v,
2623 5596 2709 5651 17.
2817 5597 2824 5627 ⁴

1787 5667 1828 5698 ¹⁰
1868 5667 2058 5722 Matth.
2098 5684 2213 5735 vm,
2254 5669 2307 5721 5.
2387 5668 2427 5699 ¹¹
2472 5666 2607 5721 Luc.
2646 5681 2720 5727 vr,
2769 5664 2824 5719 8.

2817 5596 2839 5628 ⁸
2875 5594 3010 5649 Luc.
3054 5610 3129 5658 Ix,
3161 5593 3249 5649 62.
3325 5595 3345 5627 ⁷
3377 5582 3579 5648 Matth.

2900 5666 2943 5697 "
2998 5664 3134 5719 ibid.
3177 5664 3265 5718 10.
3344 5663 3386 5696 ³³
3415 5663 3576 5720 Joau.

2692 5737 2736 5769 ¹⁸
2764 5734 2901 5793 ibid.
2928 5728 3080 5787 28."
3106 5734 3264 5793 Joan.
3317 5748 3451 5804 ml,
3481 5732 3570 5791 ιε.

2272 5598 2293 5631 ⁸
2331 5596 2487 5654 Joan.
2527 5614 2581 5660 v,
2623 5596 2709 5651 17.
