4056 6148
316 366 359 391 η,
392 316 493 381 997

1574 320 1636 379 S.
1676 314 2076 379 ANASTASII
2118 315 2292 377 SINA
2300 316 2445 378 ΙΤᾸΕ

3539 312 3649 378 938

391 429 469 485 vit
492 424 768 485 Christus.
800 428 905 485 Alii
930 438 1113 485 autem
1133 428 1706 500 pronuntiaruntesse
1740 427 1967 499 quidem
1995 430 2041 486 Δ
2070 427 2245 497 ticeps
2269 428 2406 499 ligni
2426 428 2593 494 vitae;
2623 429 2741 500 ipse
2762 428 2910 484 enim
2939 438 3046 486 est.
3099 430 3170 484 Et
3198 436 3493 500 propterea
3527 445 3651 486 ser-

388 521 657 591 ejusmodi
712 531 773 575 ut
804 524 1142 593 percipiatur
1196 522 1581 593 intelligentia,
1630 521 1725 577 sed
1783 531 1966 576 tamen

390 614 630 683 plantam
681 614 1032 684 cognitionis.
1106 615 1212 668 Alii
1259 623 1443 669 autem
1503 613 1766 668 dixerunt
1824 613 1969 668 hanc

390 705 629 775 plantam
667 720 790 760 esse
818 690 1112 761 informem
1137 705 1685 776 contemplationem.
1708 704 1817 759 Alii
1840 721 1970 769 rur-

387 806 484 847 sus
513 790 854 863 ﬁgurativatn
882 807 979 849 seu
1038 794 1276 865 typicam
1309 793 1680 849 narrationem
1711 809 1835 864 quae
1858 809 1971 849 non

389 889 574 954 potest
600 884 928 940 consistere.
957 884 1337 951 Neﬁandorum
1360 894 1545 941 autem
1571 885 1805 941 eilector
1827 885 1942 942 sicu
1953 892 1979 939 ιι

391 970 758 1027 obscenorum
803 979 1153 1043 perpetrator
1183 971 1473 1044 Origenes,
1500 973 1972 1031 existimaviteam

389 1079 512 1119 esse
568 1065 878 1120 mulierem.
945 1064 1053 1121 Sed
1104 1066 1173 1122 de
1232 1066 1384 1139 ligno
1451 1067 1676 1138 quidem
1725 1066 1975 1124 dicemus

391 1170 598 1231 postea.

460 1252 891 1310 Considerandaa
920 1263 1052 1310 sunt
1084 1263 1268 1311 autem
1326 1271 1449 1327 qua:
1483 1257 1652 1311 nobis
1686 1267 1977 1330 emergunt

392 1346 726 1415 quaestiones
755 1346 810 1401 in
858 1346 927 1401 iis
959 1361 1083 1416 quac
1120 1356 1252 1402 sunt
1286 1348 1592 1417 proposita.
1646 1349 1725 1403 Ex
1773 1350 1978 1427 quibus

393 1452 500 1491 una
553 1445 639 1492 est
685 1446 741 1491 ct
791 1438 987 1508 prima,
1038 1438 1319 1509 quomodo
1342 1438 1553 1494 Adamo
1583 1448 1638 1496 et
1673 1442 1830 1496 uxori
1864 1457 1978 1498 non

395 1528 651 1583 datDeus
674 1529 779 1584 hoc
807 1537 1167 1600 praeceptum,
1214 1531 1310 1587 sed
1345 1531 1447 1586 soli
1480 1532 1692 1588 Adamo
1734 1550 1747 1588 :
1777 1534 1978 1591 deinde

393 1618 638 1675 Adamus
669 1635 736 1675 eo
768 1619 1016 1690 impertit
1040 1637 1290 1678 uxorem.
1331 1623 1543 1679 Deinde
1573 1640 1674 1679 cur
1703 1641 1815 1681 non
1864 1641 1980 1680 ma-

396 1709 477 1779 gis
501 1727 565 1765 ex
600 1711 750 1781 ligno
791 1712 914 1767 vita:
945 1714 1227 1785 (tanquam
1255 1716 1593 1785 pretiosiori)
1624 1718 1817 1787 jubeat
1866 1734 1979 1773 non

396 1802 711 1866 comedere,
742 1804 835 1859 sed
871 1820 939 1860 ex
966 1820 1034 1861 eo
1064 1806 1210 1876 quod
1241 1815 1327 1862 est
1367 1809 1570 1865 minus.
1599 1810 1698 1864 Est
1718 1811 1866 1865 enim
1890 1810 1981 1866 ille

397 1893 559 1947 cibus
599 1894 760 1966 longe
790 1897 1141 1966 prmstantior
1199 1915 1365 1969 quam
1411 1901 1572 1959 cibus
1611 1904 1981 1973 cognoscendi

400 1985 608 2040 bonum
642 1996 698 2042 et
729 1989 956 2054 malum,
994 2000 1055 2043 ut
1083 1990 1177 2059 qui
1207 2006 1335 2045 eum
1369 1992 1552 2048 reddit
1586 1993 1982 2059 immortalem,

398 2084 457 2131 et
486 2077 555 2131 ab
580 2077 805 2133 interitu
847 2094 910 2134 ac
950 2080 1120 2135 exitio
1156 2082 1398 2137 alienum
1446 2082 1617 2151 cilicit
1660 2101 1725 2141 ac
1787 2102 1987 2156 panem

401 2169 634 2239 angelis.
661 2168 1026 2241 Ostenditque
1052 2172 1200 2228 Deus
1236 2173 1573 2231 inetl‘abilem
1616 2177 1988 2235 differentiam

402 2258 535 2329 ligni
562 2260 915 2331 cognitionis,
966 2263 1271 2333 prohibens
1318 2273 1508 2335 postea
1540 2282 1609 2321 ne
1647 2267 1821 2322 Adam
1865 2269 1989 2341 ejus

401 2358 550 2406 esset
584 2351 862 2422 particeps
896 2368 996 2424 per
1026 2355 1332 2411 custodiam
1357 2354 1827 2414 Cherubinorum.
1849 2359 1990 2416 Ter-

2070 535 2210 589 pens
2242 535 2590 590 nequaquam
2619 522 2859 578 consulit
2892 520 3155 581 Ecclesiae
3196 530 3259 577 ut
3286 524 3411 592 ejus
3436 523 3509 578 sit
3526 537 3654 593 par-

2073 611 2285 684 ticeps;
2320 613 2530 668 audivit
2552 615 2700 669 enim
2753 630 2881 669 eum
2932 615 3209 671 dicentem
3247 632 3262 668 :
3303 614 3406 680 Qui
3428 616 3654 670 comedit

2072 704 2211 759 hunc
2237 719 2422 759 meum
2449 718 2666 777 panem,
2707 707 2842 761 vivet
2886 708 2943 760 in
2969 717 3223 762 aeternum
3263 707 3329 760 ”.
3383 706 3493 761 Sed
3531 722 3656 778 quae

2072 804 2206 851 sunt
2235 796 2458 866 quidem
2488 797 2786 867 serpentis,
2826 805 2883 853 et
2938 813 3062 868 quae
3088 796 3157 852 ad
3181 806 3516 866 serpentem,
3568 796 3658 850 di-

2075 887 2314 943 cendum
2370 895 2458 944 est
2488 888 2545 943 in
2577 888 2646 944 iis
2670 904 2793 958 quae
2813 896 3124 959 sequuntur
3149 905 3164 942 :
3199 898 3543 944 revertamur
3558 905 3663 944 an-

2077 989 2189 1043 tem
2216 980 2285 1034 ad
2312 980 2562 1035 divinum
2589 981 2909 1037 mandatum
2934 980 3309 1052 utimplentes
3335 980 3667 1036 mandatum

2075 1073 2196 1144 ejus
2215 1072 2310 1140 qui
2334 1073 2392 1127 in
2414 1072 2576 1131 nobis
2600 1072 2881 1130 mandavit
2909 1082 2969 1129 ut
2991 1074 3409 1145 specularemur
3440 1090 3509 1131 ea
3536 1090 3662 1145 qua:

2078 1174 2331 1235 spectant
2373 1166 2442 1221 ad
2458 1167 2808 1223 creationem
2857 1184 2954 1224 sex
2989 1168 3241 1235 dierum,
3273 1167 3454 1224 labori
3492 1168 3657 1224 tinem

2079 1254 2449 1325 imponamus.
2470 1257 2609 1312 Nam
2638 1258 2865 1328 pulchre
2882 1258 3192 1332 admodum
3232 1258 3455 1329 quando
3480 1259 3661 1315 intro-

2079 1346 2238 1403 duxit
2286 1348 2571 1405 hominem
2617 1351 3049 1423 primogenitum
3103 1352 3162 1406 in
3203 1352 3520 1422 paradisum
3568 1367 3663 1406 ra-

2081 1441 2235 1496 tione
2268 1441 2726 1523 praeditum,eum
2758 1452 2815 1499 et
2834 1443 2964 1499 fecit
2987 1458 3192 1515 regem,
3232 1452 3290 1498 et
3316 1443 3503 1499 omnia
3534 1443 3668 1497 sub-

2076 1533 2212 1604 jecit
2235 1534 2338 1589 sub
2358 1534 2596 1604 pedibus
2614 1535 2887 1606 ejus,‘dat
2914 1536 2967 1592 ei
2990 1536 3139 1590 Deus
3189 1535 3362 1606 legem
3393 1535 3669 1601 mandati,

2082 1632 2345 1693 tanquam
2382 1624 2498 1681 haec
2530 1626 2675 1696 apud
2713 1625 2986 1681 Adamum
3011 1626 3314 1689 disserens,
3340 1635 3399 1681 et
3426 1614 3618 1681 dicens
3649 1667 3668 1678 ..

2083 1713 2251 1780 Audi,
2291 1715 2491 1786 inquit,
2517 1732 2551 1771 ο
2576 1717 2816 1787 primum
2858 1733 2999 1788 opus
3032 1725 3089 1773 et
3136 1717 3378 1786 primum
3428 1715 3667 1771 formata

2085 1815 2342 1862 creatura
2374 1823 2621 1864 mearum
2651 1823 2915 1873 manuum
2942 1808 3381 1879 impollutarum,
3425 1816 3481 1863 et
3507 1807 3634 1863 simi

2083 1899 2262 1954 litudo
2293 1914 2429 1956 mea;
2470 1900 2805 1971 incorrupta:
2838 1900 3096 1973 imaginis
3125 1900 3432 1971 unigenita,
3463 1907 3519 1954 et
3545 1899 3679 1969 pul-

2086 1990 2362 2045 cherrima
2389 2007 2406 2056 ;
2436 1991 2579 2047 scias
2599 1991 2747 2062 quod
2767 2006 2871 2062 ego
2892 2001 2947 2048 te
2979 1990 3160 2047 solum
3179 1990 3248 2046 e‘x
3270 1990 3532 2045 universa
3546 2003 3673 2058 qua.

2086 2081 2191 2137 sub
2223 2091 2507 2153 aspectum
2536 2082 2685 2138 cadit
2734 2090 2793 2137 et
2819 2098 2931 2137 non
2955 2081 3103 2137 cadit
3153 2091 3412 2137 creatura
3442 2086 3498 2135 te
3549 2083 3686 2133 for»

2088 2176 2237 2239 mavi
2269 2176 2336 2230 ad
2364 2188 2547 2229 meam
2570 2176 2888 2245 imaginem.
2915 2175 3180 2232 Dominor
3209 2173 3550 2239 cmlestibus,
3572 2173 3675 2235 sed

2089 2280 2191 2338 ego
2227 2274 2279 2321 te
2309 2281 2531 2336 quoque
2552 2266 2819 2322 constitui
2851 2266 3138 2323 dominum
3160 2258 3685 2337 terrestrium.'Ego

2091 2366 2147 2414 te
2172 2357 2476 2413 fabricatus
2523 2373 2645 2412 sum
2686 2358 3065 2421 bomineuvex
3127 2367 3296 2415 terra.
3320 2358 3404 2414 Tu
3447 2373 3677 2429 quoque

406 2443 480 2499 tia
508 2458 628 2509 cur,
654 2460 782 2500 cum
819 2445 964 2501 Deus
1007 2447 1147 2503 nihil
1204 2447 1462 2520 jussisset
1495 2449 1708 2505 Adamo
1745 2451 1814 2507 de
1840 2452 1992 2523 ligno
2091 2448 2365 2504 fabricare
2387 2448 2668 2504 hominem
2697 2460 2767 2505 ex
2819 2448 3071 2505 matrice.
3103 2447 3293 2505 Habeo
3326 2448 3513 2505 sedem
3563 2464 3681 2504 cui--

402 2539 562 2605 vitte,
625 2552 856 2607 serpens
881 2556 993 2596 non
1040 2541 1226 2611 potius
1251 2543 1595 2600 consuluerit
1617 2553 1679 2600 ut
1705 2555 1854 2604 esset
1871 2547 1995 2618 ejus
2092 2539 2206 2596 lum
2244 2540 2397 2611 quod
2430 2549 2517 2598 est
2535 2556 2703 2612 super
2723 2556 2934 2612 aquas:
2966 2542 3066 2598 tibi
3108 2550 3293 2598 autem
3311 2541 3438 2598 dedi
3462 2541 3674 2602 sedem.

405 2629 705 2701 particeps.
737 2630 947 2686 Deinde
981 2646 1081 2687 cur
1112 2647 1224 2688 non
1258 2642 1347 2689 est
1374 2649 1665 2707 aggressus
1689 2635 1874 2693 virum
1896 2637 1995 2693 sed
2094 2639 2299 2688 terram
2328 2647 2453 2703 quae
2491 2640 2578 2689 est
2624 2648 2793 2705 super
2834 2649 3027 2703 aquas.
3070 2633 3288 2704 Impera
3345 2632 3577 2705 angelis.
3618 2640 3682 2686 ιιι

405 2722 717 2789 mulierem,
755 2730 811 2778 et
835 2723 929 2778 ubi
956 2723 1123 2779 etiam
1158 2725 1370 2781 invenit
1416 2725 1674 2797 privatim
1716 2736 1993 2801 agentem.
2095 2723 2337 2794 imperas
2365 2721 2711 2779 hominibus.
2744 2723 3028 2780 Assistunt
3055 2723 3192 2779 mihi
3248 2723 3435 2778 omnia
3462 2718 3682 2777 Cheru-

406 2813 632 2880 Quinta,
663 2814 939 2869 undenam
970 2815 1251 2888 cognovit,
1283 2832 1412 2896 cum
1465 2818 1751 2890 ignoraret
1786 2835 1996 2891 praece-
2096 2814 2233 2880 bim,
2262 2822 2326 2891 [et
2359 2814 2456 2870 tibi
2487 2814 2652 2886 902
2686 2815 2953 2870 assistunt
2974 2815 3161 2875 omnia
3189 2815 3307 2886 agri
3353 2814 3685 2869 animantia.

410 2913 562 2975 ptum
592 2906 675 2961 eis
701 2906 911 2962 datum.
944 2907 1109 2963 Sexta
1166 2924 1380 2975 rursus,
1408 2925 1513 2966 cur
1564 2911 1670 2967 soli
1697 2912 1865 2983 jussit
1896 2912 2000 2967 ho.
2098 2905 2346 2976 Subjicio
2380 2920 2446 2960 ea
2477 2920 2601 2975 qua:
2649 2918 2812 2983 senas
2843 2904 3052 2974 habent
3082 2901 3232 2968 alas;
3274 2901 3539 2972 80bii0ies
3575 2916 3687 2952 "0-

412 2996 547 3050 mini
582 3005 643 3051 ut
677 3006 827 3053 esset
862 2999 1142 3070 particeps
1171 3001 1423 3057 omnium
1455 2977 1771 3073 lignorum;
1801 3003 1996 3074 utique
2098 2998 2283 3053 lucres
2303 3013 2425 3068 quae
2449 2998 2653 3053 multas
2671 2977 2879 3052 habent
2909 3012 3139 3067 pennas.
3198 2996 3418 3065 lmpero
3444 2994 3519 3048 iis
3557 3009 3693 3061 qua:

412 3097 597 3144 autem
649 3089 786 3145 dicit
832 3098 893 3145 ut
949 3091 1264 3149 abstineant
1296 3109 1326 3149 a
1360 3094 1513 3165 ligno
1558 3094 1910 3166 cognitionis,
1942 3108 1998 3153 et
2023 3109 2068 3167 ο
2099 3089 2305 3145 multos
2335 3088 2783 3155 habentoculos;
2809 3087 3108 3158 imperabis
3132 3076 3476 3142 daemonibus
3507 3085 3693 3163 multa

413 3188 646 3237 mortem
699 3181 968 3237 ambobus
999 3181 1312 3239 denuntiat.
1369 3184 1638 3256 Septima,
1661 3188 1708 3242 si
1734 3186 2002 3245 formatus
2102 3181 2443 3238 videntibus.
2471 3181 2739 3237 nominor
2774 3179 3186 3245 Sllbtel'raneis;
3223 3187 3283 3234 tu
3309 3193 3531 3249 quoque
3576 3176 3684 3231 ὁο-

413 3281 503 3327 est
520 3279 668 3328 totus
701 3271 953 3328 interitui
1015 3288 1123 3328 non
1152 3274 1449 3343 obnoxius,
1501 3278 1779 3348 quomodo
1830 3279 2003 3335 sensit
2102 3275 2316 3331 minare
2348 3274 2598 3344 piscibus
2627 3273 2723 3344 qui
2749 3279 2880 3328 sunt
2917 3271 2971 3339 in
2999 3270 3388 3347 subterraneis
3413 3269 3552 3325 locis
3576 3284 3693 3323 ma-

414 3364 657 3421 iructum
682 3365 818 3437 ligni
842 3365 1068 3422 tendere
1098 3366 1165 3421 ad
1194 3369 1633 3439 corruptionem.
1654 3368 1881 3436 Octava,
1902 3387 2004 3428 cur

416 3472 525 3513 non
549 3457 716 3513 etiam
744 3473 1095 3514 communem
1120 3458 1443 3516 hominibus
1473 3470 1530 3517 et
1557 3460 1756 3517 bestiis
1814 3466 2003 3533 posuit

417 3551 568 3607 hunc
622 3566 845 3621 quoque
885 3552 1071 3606 cibum
1114 3553 1475 3623 pulchrorum
1506 3554 1819 3625 lignorum,
1861 3557 2007 3612 sicut

415 3642 582 3697 etiam
612 3642 852 3712 priorem
886 3643 1034 3699 intus
1062 3644 1118 3699 in
1142 3645 1422 3715 paradiso,
1455 3662 1581 3702 cum
1603 3662 1699 3703 eas
1735 3648 2005 3704 adduxis-

418 3742 503 3787 set
525 3734 591 3787 ad
628 3732 922 3788 Adamum.
959 3733 1138 3797 Nona,
1170 3736 1452 3805 quomodo
1480 3750 1588 3791 non
1615 3744 1702 3793 est
1752 3746 2006 3793 mortuus

420 3823 540 3893 ipso
567 3823 657 3878 die
677 3840 789 3895 quo
809 3825 1071 3892 comedit,
1100 3827 1500 3882 convenienter
1524 3828 1816 3883 sententiae
1836 3844 2002 3898 quam

418 3918 470 3971 ei
524 3917 902 3987 pronuntiavit
942 3918 1109 3974 Deus.
1167 3918 1412 3983 Decima,
1464 3934 1704 3988 quanam
1740 3919 1810 3975 de
1843 3936 2008 3977 causa

420 4024 549 4063 cum
575 4009 877 4065 nominavit
904 4009 1097 4065 Adam.
1127 4010 1307 4081 Atque
1331 4011 1697 4087 haecquidem
1743 4013 1934 4068 omnia
1968 4012 2008 4067 ii

422 4099 517 4167 qui
551 4098 768 4162 volunt,
794 4107 1116 4154 scrutentur
1142 4107 1202 4153 ut
1225 4100 1419 4155 volunt
1451 4109 1509 4156 et
1542 4110 1797 4170 possunt,
1830 4102 2010 4157 diser-

426 4191 606 4262 tisque
640 4191 826 4247 verbis
854 4192 1121 4262 suaviquc
1154 4191 1379 4248 dicendi
1414 4194 1718 4265 rationeet
1762 4194 2010 4250 rhetori-

424 4282 506 4338 t-is
526 4282 771 4353 strophis
796 4283 985 4338 dicant
1011 4291 1067 4338 et
1084 4283 1416 4354 intelligant.
1436 4284 1549 4356 Ego
1576 4293 1761 4339 autem
1785 4287 2010 4356 quando

423 4376 595 4431 Deum
628 4376 857 4447 mystice
892 4374 1084 4429 videro
1113 4383 1170 4430 ct
1210 4374 1441 4430 audiero
1503 4377 1604 4431 soli
1637 4377 1849 4432 Adamo
1878 4378 2010 4434 dare

2105 3367 2204 3430 ris,
2234 3375 2291 3420 et
2317 3366 2483 3420 timor
2512 3374 2569 3420 et
2592 3374 2799 3421 tremor
2824 3373 3006 3420 vester
3026 3363 3101 3419 sit
3138 3378 3305 3432 super
3332 3361 3515 3416 omnia
3540 3371 3703 3420 cete.-

2104 3469 2161 3516 et
2193 3459 2433 3529 reptilia,
2469 3466 2525 3514 et
2568 3457 2777 3513 bestias
2826 3463 3006 3512 terra}.
3059 3454 3256 3511 Omnia
3293 3442 3393 3510 tibi
3418 3440 3702 3523 tanquam.

2105 3552 2162 3607 in
2189 3567 2310 3607 mea
2340 3550 2577 3622 imagine
2601 3550 2832 3622 subjeci.
2861 3548 3321 3604 Omniatibidetli
3344 3547 3448 3603 sub
3468 3562 3693 3607 manus.
3774 3588 3791 3610 ,

2107 3641 2369 3703 animata,
2400 3640 2672 3719 inanima,
2706 3639 2953 3704 arbores,
2978 3638 3364 3709 germinantia,
3393 3637 3695 3700 naturalia,

2106 3737 2391 3800 volucres,
2418 3741 2477 3790 et
2519 3748 2643 3804 qua:
2676 3733 3043 3788 seminantur.
3073 3730 3346 3787 Omnibus
3368 3729 3654 3784 dominare
3676 3747 3695 3783 ε

2107 3810 2369 3884 omnibus
2385 3826 2593 3890 fruere,
2616 3832 2673 3880 et
2695 3839 2782 3880 me
2800 3823 3060 3885 maxime.
3083 3822 3179 3893 qui
3196 3836 3317 3877 sum
3339 3822 3547 3891 lignum
3565 3822 3700 3875 vitae

2107 3922 2255 3977 Deus
2287 3929 2453 3987 tuus;
2479 3926 2596 3975 toto
2618 3916 2803 3972 animo
2833 3925 3205 3987 prompteque
3230 3920 3290 3970 et
3316 3912 3577 3985 alacriter
3626 3911 3703 3966 iis

2109 4012 2366 4082 expleare
2383 4009 2619 4066 deliciis.
2640 4008 2754 4063 Nec
2768 4008 2859 4062 his
2876 4006 3135 4072 solis,sed
3152 4005 3319 4062 etiam
3338 4004 3411 4060 iis
3422 4019 3547 4074 quae
3565 4010 3706 4059 sunt

2110 4115 2178 4156 ex
2205 4099 2356 4155 omni
2385 4098 2536 4170 ligno
2558 4105 2615 4152 et
2639 4095 2821 4152 fructu
2854 4096 2952 4166 qui
2988 4102 3075 4151 est
3113 4096 3170 4150 in
3191 4093 3470 4166 paradiso,
3531 4092 3698 4146 vide~

2110 4188 2243 4244 licet
2274 4186 2535 4241 omnibus
2552 4185 2792 4249 deliciis,
2821 4201 2944 4255 quae
2997 4184 3159 4240 vobis
3203 4191 3595 4254 proponuntur
3632 4198 3698 4237 ex

2110 4280 2321 4335 virtute
2335 4276 2601 4348 angelica,
2621 4277 2883 4341 comede;
2917 4275 3268 4332 solummodo
3304 4274 3441 4329 illud
3485 4273 3701 4344 lignum

2114 4371 2481 4443 cognoscendi
2522 4372 2732 4428 bonum
2772 4378 2833 4449 et
2881 4368 3111 4432 malum,
3156 4366 3388 4437 etquod
3414 4373 3501 4421 est
3530 4380 3706 4436 prepe

424 4467 746 4523 mandatum
778 4476 834 4521 et
861 4478 1158 4539 praecepta,
1186 4469 1342 4524 nullo
1373 4479 1647 4539 praesente
1679 4478 1778 4525 aut
1830 4471 2009 4527 inter-
2043 4448 2086 4504 θ
2114 4464 2425 4535 plantatum
2457 4462 2616 4533 (vitia
2643 4448 2792 4517 enim
2822 4460 3109 4515 adhaerent
3133 4458 3548 4518 virtutibuslne
3572 4472 3710 4513 con-

426 4561 662 4615 cedente
687 4577 702 4621 ;
740 4559 942 4613 deinde
975 4570 1166 4629 postea
1186 4560 1458 4615 Adamum
1479 4560 1562 4615 eis
1591 4560 1882 4616 mulierem
1907 4559 2012 4614 im-

430 4652 640 4721 pertire
678 4668 692 4705 :
722 4652 979 4721 protinus
1011 4652 1261 4721 intelligo
1284 4660 1622 4721 praeceptum
1656 4651 2013 4707 illiusAdami

430 4753 808 4814 incorruptam
845 4759 999 4798 suam
1030 4759 1254 4799 uxorem
1288 4744 1511 4813 (nempe
1533 4734 1877 4814 Ecclesiaml
1914 4759 2014 4798 vo-

429 4834 608 4892 cantis
634 4845 689 4891 ρι
712 4836 947 4890 dicentis
989 4854 1003 4889 :
1036 4836 1201 4890 Verba
1235 4852 1353 4902 qua:
1378 4836 1567 4906 loquor
1604 4852 1708 4889 non
1730 4855 1765 4890 a
1798 4852 1879 4889 me
1900 4837 2015 4906 ipso

432 4930 638 5002 loquor,
673 4929 765 4983 sed
800 4929 1116 4983 ntandatum
1141 4930 1317 4999 accepi
1350 4948 1383 4982 a
1411 4928 1575 4982 Patre
1605 4945 1721 4982 meo
1751 4928 1878 5000 quid
1931 4930 2018 4982 di-

431 5040 549 5079 cant
579 5030 629 5076 et
672 5023 799 5091 quid
853 5019 1044 5091 loquar
1073 5020 1138 5076 ".
1174 5020 1288 5075 llac
1339 5021 1555 5075 ratione
1583 5020 1791 5076 dicitur
1842 5021 2013 5076 etiam

429 5116 689 5172 Christus
713 5115 895 5186 magni
926 5112 1133 5167 consilii
1158 5111 1381 5183 angelus
1415 5114 1494 5179 η,
1552 5114 1814 5183 quoniam
1863 5112 2011 5167 anti-

432 5223 604 5279 quum
620 5222 813 5263 verum
847 5204 1142 5261 consilium
1174 5204 1337 5259 simul
1368 5219 1494 5259 cum
1522 5203 1684 5259 Patre
1704 5204 1860 5274 prius
1880 5219 2015 5258 eon—

433 5301 679 5365 sultavit,
719 5298 867 5370 quod
903 5297 1318 5369 pmdestiuavit
1343 5297 1489 5352 Deus
1539 5305 1669 5352 ante
1723 5296 1926 5352 saacula
1956 5304 2020 5350 ut

433 5394 502 5448 ad
536 5404 782 5449 nostram
806 5391 1025 5447 veniret
1058 5390 1313 5463 gloriam.
1357 5399 1415 5445 et
1466 5388 1821 5443 annuntiaret
1869 5388 2022 5459 gregi

435 5501 538 5540 suo
567 5496 826 5556 tanquam
844 5484 1000 5543 uxori
1030 5494 1087 5540 et
1107 5483 1261 5539 verbi
1286 5497 1476 5539 semen
1500 5482 1569 5536 ab
1603 5498 1671 5537 eo
1703 5481 2021 5551 accipienti.

438 5589 497 5630 et
530 5577 701 5632 lilium
721 5577 977 5649 parienti.
1015 5576 1171 5632 Unde
1189 5591 1298 5631 non
1327 5574 1487 5645 jubet
1511 5572 1561 5628 ei
1590 5581 1782 5627 utnon
1808 5572 1879 5626 sit
1898 5587 2026 5642 par-

518 5750 742 5807 ’Ἶυθηι
772 5770 863 5818 κη.
898 5754 985 5808 σιξ).
1054 5755 1102 5787 ²¹
1148 5754 1251 5809 lsa.
1290 5770 1361 5817 ix,
1411 5753 1464 5807 6.
1544 5751 1769 5805 "Joan.
1800 5765 1871 5809 vt.

2118 4554 2332 4626 tigeris,
2362 4571 2435 4611 ne
2470 4544 2878 4616 attrectaveris,
2921 4566 2991 4605 ne
3041 4549 3603 4620 appropinquaveris,
3636 4563 3707 4603 ne

2121 4647 2178 4702 in
2207 4662 2403 4702 manus
2429 4645 2754 4715 sumpseris,
2794 4659 2866 4698 ne
2884 4641 3187 4714 gestaveris
3216 4659 3231 4695 :
3262 4639 3585 4709 Quocuuque
3603 4656 3709 4693 au-

2123 4748 2228 4795 tem
2252 4739 2335 4793 die
2357 4754 2421 4793 ea:
2450 4754 2508 4791 eo
2536 4736 2886 4801 comederitis,
2913 4738 3083 4789 marte
3115 4733 3436 4787 moriemini.
3495 4731 3554 4786 Si
3583 4739 3713 4787 ten-

2125 4830 2375 4888 taveritis
2407 4829 2526 4885 ﬁeri
2560 4829 2667 4884 mei
2705 4828 2917 4883 similes
2962 4826 3361 4896 cognoscentes
3415 4824 3627 4879 bonum
3653 4833 3714 4879 et

2125 4924 2353 4986 malum,
2377 4929 2435 4975 et
2458 4931 2568 4975 tam
2595 4934 2662 4974 ea
2695 4934 2821 4989 qua:
2848 4926 2976 4972 sunt
2999 4915 3216 4972 occulta
3242 4929 3408 4984 quam
3433 4929 3560 4984 quae
3591 4929 3715 4968 Ina—

2122 5014 2346 5078 nifesta,
2376 5012 2565 5067 statim
2586 5020 2766 5066 morte
2794 5007 3136 5064 moriemini.

2194 5106 2312 5161 Hoc
2332 5115 2419 5161 est
2441 5103 2591 5175 quod
2621 5103 2769 5157 Deus
2803 5101 3068 5171 przecepit
3094 5098 3310 5154 homini
3359 5113 3474 5153 non
3523 5109 3715 5151 come~

2123 5198 2257 5255 dere
2288 5217 2300 5251 :
2333 5198 2441 5252 hoc
2490 5205 2595 5261 est,
2648 5210 2719 5250 ne
2751 5200 2938 5248 mente
2966 5189 3194 5262 quidem
3229 5191 3547 5260 concipere.
3598 5184 3718 5240 [loc

2118 5290 2375 5360 estquod
2409 5288 2616 5347 dicitur
2642 5285 2852 5356 lignum
2900 5281 3238 5354 cognitionis
3283 5280 3416 5336 boni
3444 5287 3506 5335 et
3533 5276 3663 5332 mali
3700 5292 3717 5329 :

2121 5383 2213 5438 hic
2258 5391 2346 5437 est
2382 5379 2478 5451 qui
2506 5377 2713 5434 dicitur
2730 5376 2946 5431 fructus
2970 5373 3192 5439 lmtil‘er,
3243 5370 3500 5443 superbia
3526 5366 3722 5423 ct'ferri

2121 5475 2517 5533 ctexistimare
2545 5470 2789 5542 scipsum
2815 5469 3013 5533 Deum,
3053 5473 3482 5537 cognoscentem
3502 5460 3719 5515 bonum

2122 5577 2179 5624 ct
2208 5566 2411 5622 malum
2446 5583 2460 5621 :
2490 5579 2616 5621 cum
2647 5577 2828 5633 neque
2856 5558 3087 5631 angelus
3127 5572 3307 5626 neque
3344 5554 3586 5615 daemon,
3614 5554 3716 5605 seal
