4056 6148
385 334 497 399 989

1448 340 1530 402 IN
1567 339 2117 405 ΗΕΧΑΕΜΕΗΟΝ.
2148 368 2214 379 -
2244 347 2391 409 LIB.
2435 349 2541 410 IX.

3539 354 3644 418 990
3664 357 3672 364 ’

390 445 544 500 solus
583 443 733 498 Dens
777 444 915 500 sciat
940 455 1181 502 mentem
1233 449 1542 533 hominum,
1575 460 1636 505 ut
1661 451 1797 506 dicit
1837 453 1960 513 Job.
1994 458 2034 513 Α
2064 475 2264 526 eorum,
2284 470 2333 515 et
2352 469 2680 516 sarmentum
2700 478 2880 516 eorum
2905 477 2969 517 ea:
2990 463 3304 527 Comorrha,
3332 479 3434 518 uva
3463 479 3644 520 eorum

390 535 512 605 ipse
542 535 686 590 enim
717 538 1003 606 cognoscit
1021 542 1235 597 occulta
1267 544 1472 607 cordis,
1511 547 1603 615 qui
1636 547 1802 602 corda
1834 563 1966 603 exa—

389 628 564 683 minat
584 636 641 684 et
664 644 829 694 renes
852 629 1019 686 Deus.
1055 632 1169 689 Hoc
1190 651 1321 706 ergo
1340 638 1634 707 prasmunit
1660 639 1965 705 hominem,

388 720 623 790 perinde
672 735 737 775 ac
766 720 813 776 si
852 722 905 777 ei
949 722 1160 779 diceret
1206 743 1220 778 :
1258 727 1494 782 Attende
1527 728 1628 783 tibi
1655 738 1713 784 et
1736 745 1870 785 cave
1896 746 1967 786 ne

387 817 635 879 potestas
669 820 726 865 et
778 826 973 880 magna
1006 815 1308 879 auctoritas
1356 830 1520 886 quam
1559 833 1662 889 ego
1702 818 1800 873 tibi
1838 818 1965 874 dedi

390 917 517 956 cum
552 911 605 956 te
635 918 824 973 regem,
841 905 1104 960 constitui
1138 914 1196 961 et
1228 907 1510 963 dominum
1572 911 1749 965 totius
1775 911 1967 965 mundi

390 993 488 1062 qui
518 994 790 1059 cernitur,
817 1005 870 1050 te
897 996 1125 1052 extollat
1150 998 1207 1052 in
1243 1000 1583 1069 superbiam,
1609 1009 1667 1056 et
1714 1002 1969 1072 experia-

390 1088 470 1140 ris
497 1102 619 1143 esse
650 1088 899 1156 rapinam
926 1089 1242 1145 existimare
1264 1102 1319 1147 te
1347 1108 1469 1147 esse
1498 1091 1634 1148 mihi
1683 1095 1802 1164 (qui
1846 1110 1967 1150 sum

389 1177 558 1248 Deus)
589 1181 877 1249 aequalem,
932 1192 1355 1251 cognoscentem
1407 1185 1612 1241 bonum
1654 1193 1710 1240 et
1739 1187 1965 1240 malum.

388 1270 782 1326 Animadverte
806 1274 954 1341 quod
982 1282 1109 1327 ante
1137 1283 1189 1329 te
1241 1275 1347 1330 feci
1372 1274 1667 1346 quemdam
1695 1276 1885 1340 alium,
1912 1285 1970 1331 et

397 1352 662 1416 censtitui
684 1363 990 1434 principem
1013 1365 1322 1434 plantarum
1351 1368 1561 1423 ratione
1584 1368 1964 1438 praeditarum,

398 1459 457 1506 et
488 1452 1113 1525 paradisiintelligentis
1142 1458 1374 1527 angelici
1408 1476 1422 1512 :
1454 1459 1550 1528 qui
1576 1473 1702 1513 cum
1733 1474 1859 1513 nonx
1883 1468 1970 1514 tu-

392 1542 553 1598 lisset
568 1560 691 1600 eam
706 1532 910 1615 molem
939 1548 1250 1616 potestatis,
1283 1564 1575 1620 aggressus
1600 1557 1685 1605 est
1708 1550 1803 1605 ille
1820 1566 1968 1619 quo-

386 1650 499 1704 que
528 1636 1168 1703 eomedere,etcomedit
1195 1640 1406 1711 lignum
1437 1641 1736 1697 mortiferae
1762 1643 1966 1698 volun-

388 1723 544 1788 tatis,
570 1725 761 1780 volens
784 1741 906 1782 esse
935 1728 1102 1794 Deus,
1151 1729 1284 1783 boni
1336 1737 1393 1784 et
1445 1732 1575 1785 mali
1625 1744 1966 1802 cognoscens

387 1817 702 1883 scientiam,
746 1828 805 1875 et
860 1820 1051 1876 dicens
1091 1837 1104 1874 :
1144 1821 1315 1894 Super
1352 1825 1513 1878 nubes
1546 1841 1743 1896 ponam
1791 1825 1965 1879 sedem

389 1919 763 1972 meam,etero
792 1912 981 1966 similis
1008 1913 1278 1969 Altissimo
1303 1915 1370 1980 “,
1397 1924 1830 1987 etcognoscens
1861 1917 1965 1971 bo-

387 2012 521 2054 num
549 2009 604 2055 et
628 2002 832 2056 malum
865 2012 925 2058 ut
950 2004 1089 2073 ipse,
1125 2021 1324 2076 nempe
1364 2008 1661 2077 prteseiens
1685 2008 1811 2079 quis
1860 2009 1967 2063 hoc

384 2092 475 2146 vel
521 2092 658 2147 illud
691 2094 765 2149 sit
802 2095 1074 2162 facturus,
1109 2106 1165 2152 et
1204 2099 1387 2154 sciens
1410 2116 1475 2155 ea
1523 2116 1646 2171 quae
1681 2111 1811 2156 sunt
1867 2116 1966 2156 oc-

387 2182 538 2237 culta
560 2193 617 2239 et
636 2182 1259 2259 manifestahominum;
1279 2198 1335 2245 et
1355 2182 1606 2246 mortuus
1629 2200 1715 2247 est
1726 2201 1963 2247 mortem

385 2283 647 2331 aeternam
677 2287 734 2332 et
770 2290 883 2333 non
916 2280 1287 2348 desinentem,
1334 2290 1392 2337 et
1445 2284 1658 2354 ejectus
1690 2297 1777 2340 est
1806 2294 1964 2339 extra

386 2381 544 2421 suam
571 2378 921 2437 potestatem,
946 2380 1006 2427 et
1027 2388 1096 2427 ne
1118 2374 1509 2430 auctoritatem
1530 2377 1755 2445 quidem
1791 2377 1963 2431 habet

387 2458 446 2513 in
471 2472 691 2529 porcos,
718 2469 775 2516 et
801 2477 947 2516 nunc
971 2473 1057 2518 est
1105 2464 1269 2519 simul
1323 2466 1502 2520 malus
1544 2475 1602 2537 et
1631 2467 1874 2531 invidus,
1906 2477 1963 2522 et

386 2558 499 2604 tua:
526 2550 714 2619 gloriae
736 2551 1017 2619 iuvisurus
1046 2562 1153 2617 est,
1178 2569 1211 2608 ο
1233 2553 1429 2619 Adam,
1464 2563 1522 2610 et
1544 2564 1652 2610 tuae
1677 2556 1961 2626 potestati,

384 2645 446 2691 et
485 2647 597 2717 tua;
652 2640 1053 2714 pulchritudini
1113 2659 1236 2713 quae
1283 2652 1369 2699 est
1407 2644 1476 2699 ad
1503 2646 1802 2716 imaginem
1840 2647 1959 2701 Dei.

383 2729 488 2784 Est
520 2724 587 2785 ad
614 2746 712 2786 vos
734 2742 1025 2799 venturus,
1054 2743 1139 2789 est
1166 2734 1221 2788 in
1246 2746 1346 2791 ves
1376 2736 1710 2806 irrepturus,
1758 2737 1963 2795 deinde

383 2838 487 2893 vos
509 2810 865 2896 decepturtis,
895 2835 956 2882 ut
979 2843 1077 2898 per
1100 2826 1251 2883 illam
1281 2828 1425 2883 viam
1457 2845 1486 2883 a
1516 2844 1625 2900 qua
1656 2830 1772 2900 ipse
1817 2831 1965 2886 ceci-

385 2912 491 2978 dit,
518 2930 614 2969 vos
637 2932 826 2971 errare
857 2916 1026 2973 faciat
1051 2926 1105 2973 et
1145 2919 1327 2988 privet
1364 2919 1540 2990 gloria
1589 2930 1647 2975 et
1674 2920 1886 2977 honore
1907 2933 1964 2977 et

383 3012 657 3074 potestate
680 2996 844 3077 quam
871 3009 1030 3064 vobis
1052 3008 1201 3073 dedi,
1225 3026 1294 3065 ne
1328 3010 1565 3066 veniatis
1588 3010 1645 3065 in
1686 3011 1871 3066 locum
1896 3026 1965 3067 ex

2069 566 2170 605 uva
2202 551 2359 620 fellis,
2395 553 2574 606 botrus
2610 553 2982 607 amaritudinis
3016 556 3084 608 ".
3112 554 3381 608 Similiter
3423 569 3568 623 quoq
3594 570 3643 609 te

2068 643 2216 699 Deus
2241 646 2309 701 de
2341 647 2473 715 ipsis
2499 646 2636 701 dicit
2662 662 2762 717 per
2786 646 2980 701 Isaiam
3011 667 3023 700 :
3051 645 3371 717 Exspectavi
3411 653 3469 698 ut
3492 647 3642 701 vinea

2070 754 2188 791 mea
2213 741 2410 807 taceret
2436 756 2614 804 uvam,
2644 741 2766 810 fecit
2783 748 2958 793 autem
2986 740 3167 809 spinas
3193 738 3273 791 ".-
3299 736 3455 792 Unde
3478 741 3645 791 etiam

2068 831 2124 886 in
2165 831 2325 887 libris
2373 831 2687 901 Regnorum
2728 832 2875 886 Deus
2917 830 3168 905 lsraelem
3204 829 3454 884 nominat
3494 828 3643 900 ligna

2068 925 2241 989 silvae,
2272 940 2393 995 quae
2414 940 2580 994 supra
2613 940 2670 979 se
2717 925 3129 979 constituerunt
3176 938 3361 993 regem
3413 921 3643 991 spinife-

2069 1032 2190 1071 rum
2219 1015 2512 1070 rhamnum
2541 1056 2556 1077 ,
2605 1015 2711 1070 hoc
2749 1023 2857 1078 est,
2908 1014 3188 1069 diabolum
3221 1014 3316 1083 qui
3358 1012 3644 1067 existima-

2066 1105 2147 1162 vit
2169 1120 2227 1161 se
2251 1121 2372 1161 esse
2415 1106 2589 1160 Deum
2615 1114 3039 1176 cognoscentem
3067 1107 3273 1158 bonum
3305 1111 3361 1158 et
3413 1104 3641 1157 malum.

2069 1199 2244 1254 Porro
2273 1206 2459 1253 autem
2493 1190 2657 1252 ﬁcum
2688 1212 2907 1267 quoque
2930 1211 3097 1266 quam
3129 1194 3384 1250 Christus
3412 1194 3641 1248 arefecit

2066 1306 2138 1345 ne
2157 1291 2393 1359 amplius
2409 1290 2647 1344 fructum
2677 1288 2838 1354 ferat,
2867 1288 3059 1342 dicens
3076 1286 3349 1356 quispiam
3369 1300 3491 1340 esse
3519 1284 3643 1338 ido-

2067 1380 2363 1443 lolatriam,
2394 1394 2505 1433 non
2535 1377 2879 1449 peccaverit;
2911 1377 3068 1447 cujus
3091 1375 3194 1429 fuit
3230 1387 3392 1445 typus
3417 1374 3643 1444 sangui-

2067 1474 2156 1528 nis
2184 1472 2389 1527 ablatio
2437 1471 2688 1526 mulieris
2718 1469 3002 1540 sanguinis
3041 1466 3312 1537 proﬂuvio
3341 1465 3645 1520 laborantis

2070 1565 2301 1636 (nempe
2346 1560 2518 1632 Evaz),
2549 1561 2697 1632 quod
2745 1559 3011 1630 repressit
3047 1559 3315 1614 Dominus
3361 1558 3647 1617 exsiccans

2066 1654 2388 1723 sanguinem
2419 1650 2838 1707 sacrificiorum.
2872 1648 2926 1703 Si
2949 1664 3079 1719 ergo
3108 1649 3255 1718 juste
3295 1647 3515 1716 lateque
3559 1645 3643 1699 di.

2067 1746 2334 1802 discimus
2356 1743 2566 1813 lignum
2588 1741 2853 1811 appellari
2874 1740 3233 1808 impietatem,
3261 1738 3393 1807 quid
3427 1736 3647 1792 miraris

2067 1838 2113 1892 si
2135 1836 2211 1891 de
2233 1849 2298 1888 ea
2321 1833 2468 1888 Deus
2486 1831 2623 1887 dicit
2654 1830 2867 1885 homini
2901 1849 2913 1883 :
2945 1830 3029 1885 Ea:
3067 1831 3209 1884 omni
3240 1829 3380 1899 ligno
3403 1828 3541 1899 quod
3570 1835 3645 1882 est

2065 1929 2123 1983 in
2173 1925 2422 1998 paradiso
2472 1923 2743 1987 comedas;
2792 1922 2899 1976 hoc
2938 1928 3067 1975 est:
3112 1919 3320 1974 Fruere
3360 1927 3417 1972 et
3446 1918 3646 1972 satiare

2066 2017 2216 2074 omni
2249 2014 2732 2084 contemplatione,
2758 2011 2907 2066 omni
2937 2008 3272 2080 cognitione,
3299 2005 3449 2062 omni
3468 2005 3645 2061 sancti

2068 2107 2308 2178 Spiritus
2363 2104 2762 2169 illustrations,
2808 2101 2959 2155 omni
3011 2099 3281 2169 sapientia
3330 2097 3644 2155 divinarum

2048 2186 2500 2270 'Scripturarum,
2526 2196 2675 2252 omni
2708 2196 2857 2265 ligno
2894 2195 3127 2264 pulchro
3159 2193 3228 2248 ad
3268 2189 3563 2248 videndum
3591 2201 3649 2275 et

2064 2290 2213 2345 bono
2241 2288 2309 2344 ad
2361 2285 2784 2349 comedendum,
2829 2284 3209 2353 angelicoque,
3245 2293 3305 2338 et
3349 2281 3646 2351 Scriptura:

2064 2379 2413 2451 prophetico,
2446 2375 2787 2447 evangelico,
2810 2382 2867 2429 et
2895 2374 2963 2429 ad
2987 2373 3292 2429 doctrinam
3332 2385 3646 2427 accommo-

2065 2474 2196 2529 dato
2216 2485 2492 2526 sermone.
2521 2469 2766 2538 Decerpe
2789 2483 2855 2521 ex
2877 2466 3027 2521 omni
3048 2466 3198 2537 ligno
3229 2463 3495 2534 frugifero
3522 2477 3650 2517 san-

2065 2571 2177 2627 cto,
2201 2570 2259 2617 et
2294 2560 2371 2616 sis
2408 2559 2686 2630 particeps
2725 2555 3035 2622 charitatis,
3076 2566 3133 2611 et
3180 2553 3642 2619 mansuetudinis,

2064 2661 2120 2708 et
2156 2651 2308 2717 fidei,
2345 2648 2485 2720 spei,
2514 2658 2572 2704 et
2611 2647 2995 2703 fortitudinis:
3039 2646 3301 2716 quoniam
3335 2651 3464 2699 sunt
3494 2642 3643 2698 beati

2065 2742 2160 2813 qui
2200 2741 2303 2795 hos
2328 2740 2484 2795 cibos
2505 2737 2762 2793 esuriant
2796 2744 2854 2791 et
2906 2735 3124 2801 sitiunt,
3166 2734 3562 2790 convenienter
3592 2733 3644 2787 ei

2064 2832 2159 2902 qui
2191 2830 2367 2886 dicit:
2403 2828 2547 2885 Meus
2576 2836 2652 2882 est
2678 2827 2821 2881 cibus
2860 2834 2915 2880 ut
2943 2826 3137 2897 faciam
3174 2824 3499 2879 uoluntatem
3532 2823 3646 2893 ejus

2065 2924 2154 2993 qui
2186 2938 2268 2976 me
2293 2922 2435 2975 misit
2456 2920 2524 2973 ³⁸.
2553 2918 2709 2974 Unde
2738 2933 2935 2973 rursus
2963 2916 3185 2971 dicebat
3213 2933 3226 2969 :
3273 2914 3449 2969 Habeo
3478 2912 3647 2966 cibum

2066 3015 2137 3069 ad
2165 3012 2539 3067 comedendum
2574 3026 2729 3081 quem
2758 3026 2846 3064 uos
2864 3011 3070 3066 nescitis
3110 3011 3178 3062 “.

383 3111 499 3165 quo
525 3097 617 3152 ille
632 3098 851 3153 cecidit.
879 3100 948 3154 Et
984 3111 1044 3155 ut
1074 3101 1244 3156 semel
1272 3101 1473 3168 dicam,
1524 3118 1689 3179 omne
1752 3118 1962 3174 praece-
1991 3120 2034 3179 ο
2136 3103 2243 3159 Sed
2267 3111 2482 3175 gustate
2508 3118 2609 3157 vos
2632 3118 2875 3173 quoque,
2905 3111 2962 3157 et
2991 3102 3189 3157 scitote
3214 3098 3363 3169 quod
3387 3097 3647 3153 Christus

382 3195 543 3257 ptum
567 3188 725 3243 etlex
744 3182 909 3259 quam
936 3190 1090 3246 dedit
1113 3192 1258 3247 Deus
1276 3194 1654 3263 protoplastis,
1679 3194 1819 3249 nihil
1842 3204 1966 3251 erat

384 3276 542 3333 aliud
570 3279 679 3333 nisi
705 3283 1032 3350 protestatio
1050 3285 1398 3342 custodiendi
1417 3286 1680 3356 pietatem
1700 3286 1968 3343 adversus

383 3370 589 3441 ipsum,
614 3382 671 3428 et
700 3391 769 3455 ne
793 3376 1005 3445 seipsos
1026 3376 1080 3430 in
1105 3378 1241 3433 deos
1266 3379 1537 3435 referrent
1563 3398 1578 3435 :
1607 3389 1665 3434 et
1685 3380 1969 3435 existima-

390 3472 519 3518 rent
542 3480 601 3519 se
626 3481 747 3521 esse
782 3467 894 3522 Deo
942 3468 1172 3537 similes,
1208 3482 1612 3542 cognoscentes
1658 3474 1865 3529 bonum
1912 3481 1969 3528 et

390 3554 622 3617 malum,
647 3564 703 3611 et
732 3558 1007 3613 occultum
1029 3568 1087 3614 et
1124 3560 1498 3626 manifestum.
1545 3563 1662 3619 Hoc
1693 3574 1878 3619 autem
1910 3564 1969 3618 in

386 3644 458 3699 iis
482 3661 604 3715 quae
637 3647 900 3719 deinceps
922 3662 1340 3721 consequuntur
1373 3655 1733 3711 ostendemus
1788 3656 1969 3711 mani-

383 3737 602 3803 festius,
635 3738 800 3808 etiam
829 3757 897 3796 ex
923 3741 1060 3811 ipsis
1088 3742 1186 3798 Dei
1217 3745 1404 3800 verbis
1430 3746 1497 3801 ad
1527 3746 1822 3802 Adamnm.
1856 3748 1968 3803 Ne-

383 3846 496 3902 que
520 3832 623 3887 tibi
646 3832 902 3909 videatur
923 3850 1035 3891 non
1064 3838 1354 3911 probabile
1373 3848 1471 3894 aut
1487 3839 1796 3895 violentum
1819 3841 1969 3911 quod

383 3921 675 3992 Scriptura
706 3925 856 3981 dicat
874 3926 1085 3997 lignum
1104 3928 1473 3986 idololatriam
1497 3942 1554 3987 et
1572 3931 1966 3998 defectionem,

384 4027 456 4066 ex
478 4029 587 4083 qua
615 4015 798 4069 statim
824 4016 893 4071 ab
925 4017 1086 4074 initio
1123 4020 1365 4090 gustavit
1387 4030 1444 4075 et
1477 4020 1744 4085 comedit,
1777 4030 1832 4076 et
1867 4038 1971 4076 nu-

386 4106 515 4162 data
548 4117 634 4162 est
678 4116 733 4163 et
762 4111 936 4179 ejecta
964 4112 1060 4166 Dei
1094 4126 1233 4166 uxor
1260 4112 1480 4183 (nempe
1514 4113 1804 4184 Ecclesia),
1839 4129 1971 4184 pro-

385 4206 580 4267 pterea
607 4199 757 4267 quod
795 4201 899 4254 hoc
954 4202 1262 4275 proximum
1308 4213 1358 4258 et
1388 4203 1686 4258 maximum
1712 4204 1768 4259 in
1795 4205 1970 4260 Deum

387 4288 615 4345 admisit
634 4301 945 4360 peccatum,
982 4294 1128 4362 quod
1158 4294 1528 4364 adsculpserit
1557 4290 1701 4367 ligna
1734 4297 1974 4351 homini-

387 4380 497 4435 bus
523 4380 729 4435 similia
751 4382 805 4435 in
832 4381 997 4444 idola,
1024 4392 1081 4437 et
1110 4399 1175 4439 ea
1203 4383 1537 4439 adoraverit.
1567 4385 1627 4439 In
1661 4386 1851 4441 multis
1871 4402 1972 4441 au-

2069 3203 2154 3249 est
2178 3195 2272 3263 qui
2296 3193 2579 3262 deditipse
2599 3194 2782 3249 omnia
2811 3194 2957 3249 bona
2983 3192 3236 3252 fruenda.
3271 3191 3463 3245 dicens
3499 3207 3512 3242 :
3549 3186 3647 3243 Co-

2071 3289 2260 3344 medite
2289 3305 2354 3343 ex
2390 3288 2648 3343 omnibus
2671 3288 3050 3359 intelligentiis
3075 3296 3131 3343 et
3151 3286 3342 3357 gratiis
3366 3302 3381 3350 ;
3407 3300 3475 3339 ex
3504 3283 3648 3337 malo

2069 3386 2254 3435 autem
2287 3377 2435 3448 ligno
2458 3375 2670 3446 peccati
2703 3376 2921 3446 (nempe
2947 3371 3311 3445 cognoscendi
3340 3371 3545 3424 bonum
3590 3375 3648 3421 et

2071 3467 2298 3539 malum)
2326 3484 2394 3523 ne
2432 3467 2758 3530 comedatis,
2787 3478 2857 3521 ne
2882 3465 3196 3520 moriamini
3216 3470 3392 3517 morte
3426 3462 3641 3515 animm.

2072 3560 2163 3616 Sic
2193 3570 2278 3615 est
2315 3559 2608 3630 legendum
2652 3567 2721 3613 et-
2758 3556 3179 3627 intelligendum
3214 3554 3284 3608 de
3311 3553 3398 3606 his
3427 3551 3649 3606 duobus

2069 3650 2254 3722 lignis.
2279 3649 2383 3717 Qui
2412 3659 2595 3704 autem
2626 3648 2775 3703 omni
2822 3646 2987 3702 modo
3035 3645 3400 3699 adversantur
3432 3640 3647 3696 theolo-

2071 3743 2209 3814 gicis
2225 3740 2616 3812 Gregoriorum
2653 3739 2903 3803 vocibus,
2926 3746 2984 3793 et
3011 3737 3131 3791 haec
3152 3750 3274 3790 esse
3307 3734 3501 3788 dicunt
3520 3746 3649 3786 sen-

2071 3835 2195 3891 silia
2215 3841 2272 3889 et
2294 3834 2578 3890 esculenta
2598 3873 2612 3897 ,
2638 3831 2867 3887 omnino
2897 3828 3212 3885 necessario
3243 3827 3462 3899 (rursus
3496 3820 3646 3890 dico)

2070 3927 2284 3983 faciunt
2304 3941 2496 3980 omnes
2517 3924 2744 3990 bestias,
2793 3931 2851 3978 et
2880 3921 3120 3992 reptilia,
3181 3928 3239 3974 et
3292 3931 3529 3981 muscas,
3586 3911 3640 3955 ει

2072 4035 2256 4085 canes,
2287 4028 2343 4075 et
2367 4033 2558 4074 omnes
2588 4018 2849 4073 volucres
2868 4032 2990 4072 esse
3012 4014 3312 4086 participes
3335 4011 3466 4082 ligni
3499 4008 3641 4073 vitae,

2071 4118 2133 4167 ut
2170 4127 2292 4182 quae
2305 4111 2470 4182 iussae
2499 4110 2611 4165 sint
2639 4110 2693 4164 in
2728 4108 2902 4178 priori
2936 4108 3062 4163 cibo
3113 4106 3278 4161 simul
3324 4103 3473 4159 vesci
3521 4116 3647 4157 cum

2071 4202 2296 4259 homine
2317 4217 2386 4258 ex
2400 4199 2551 4256 omni
2573 4201 2722 4272 ligno
2738 4207 2793 4255 et
2808 4199 2992 4254 fructu
3009 4198 3104 4268 qui
3125 4205 3210 4251 est
3231 4211 3395 4264 super
3418 4203 3643 4248 terram.

2073 4295 2180 4352 Sed
2202 4310 2313 4349 non
2347 4302 2451 4358 est,
2482 4309 2595 4348 non
2640 4300 2727 4347 est
2781 4292 2879 4345 ita.
2929 4290 3066 4345 Vide
3103 4289 3252 4343 enim
3282 4286 3430 4357 quod
3478 4285 3535 4338 in
3562 4283 3651 4338 his

2073 4386 2289 4441 duobus
2317 4384 2568 4453 (Adamo,
2591 4383 2836 4453 inquam.
2858 4391 2915 4437 et
2943 4380 3074 4450 Eva)
3104 4380 3290 4451 posuit
3312 4375 3653 4447 aenigmatice

388 4479 504 4526 tem
536 4479 593 4526 et
622 4472 860 4527 diversis
886 4473 1024 4529 locis
1045 4474 1344 4544 Scriptura:
1373 4475 1643 4541 invenies,
1672 4493 1702 4531 a
1732 4477 1846 4532 Deo
1873 4478 1971 4533 de-
2000 4486 2046 4542 D
2073 4477 2365 4548 quamdam
2394 4476 2505 4531 cibi
2534 4474 2904 4531 diﬂerentiam
2928 4489 3054 4527 cum
3076 4470 3497 4542 participatione
3523 4469 3651 4537 qui-

385 4562 689 4618 fectionem
722 4564 987 4633 appellari
1036 4564 1279 4618 fructum
1306 4565 1461 4635 ligni.
1493 4565 1864 4631 Quamobrem
1910 4568 1969 4623 in

387 4654 653 4726 parabola
683 4670 906 4724 quoque
931 4655 1168 4727 prodigi,
1195 4657 1291 4726 qui
1320 4666 1404 4713 est
1428 4660 1668 4729 populus
1693 4676 1762 4715 ex
1789 4662 1970 4731 genti-

388 4748 518 4813 bus,
556 4749 650 4818 qui
689 4750 953 4818 procula
1007 4749 1121 4804 Deo
1171 4751 1419 4815 recessit,
1467 4753 1776 4808 nominavit
1822 4755 1969 4810 Deus

386 4849 679 4908 peceatum
709 4840 1073 4913 siliquas,qui
1097 4840 1323 4911 quidem
1349 4851 1435 4897 est
1452 4843 1614 4899 cibus
1644 4861 1966 4915 porcorum,

388 4944 593 4999 nempe
624 4929 1035 4983 immundorum
1068 4928 1402 4985 daemonum.
1439 4930 1612 4998 Quem
1638 4934 1859 5004 quidem
1892 4935 1970 4991 ci-

389 5019 525 5074 bum
557 5018 854 5089 aliquando
888 5019 1187 5075 comedens
1233 5021 1470 5090 papulas
1499 5022 1785 5092 prodigus,
1818 5024 1969 5080 desi-

389 5111 625 5166 derabat
658 5111 926 5174 saturari,
951 5112 1057 5167 hoc
1083 5120 1187 5177 est,
1220 5129 1455 5168 cessare.
1486 5114 1622 5169 Nam
1662 5117 1758 5185 qui
1798 5119 1969 5174 satia-

392 5213 508 5267 tur,
560 5203 759 5259 exinde
818 5204 1035 5281 desistit
1091 5206 1403 5261 comedere.
1454 5206 1522 5261 Et
1562 5224 1714 5262 nemo
1739 5208 1901 5265 dabat
1922 5212 1968 5243 ”

393 5293 555 5357 mihi,
583 5294 758 5350 donec
792 5297 1007 5351 veniret
1051 5284 1216 5359 Panis
1239 5297 1482 5352 ecelestis
1510 5297 1606 5368 qui
1630 5313 1716 5353 me
1741 5298 1974 5356 abduxit

390 5402 422 5440 a
452 5386 602 5458 ligno
651 5387 1004 5457 siliquarum.
1044 5390 1219 5446 Porro
1244 5399 1430 5445 autem
1461 5391 1641 5447 Moses
1666 5408 1888 5463 quoque
1914 5394 1969 5448 in

389 5478 641 5533 secundo
658 5481 897 5544 cantico,
914 5480 1229 5537 Iudaeorum
1248 5490 1441 5539 taxans
1454 5483 1969 5549 idololatriam,eam

390 5569 635 5637 appellat
660 5570 899 5638 plantam
939 5588 1104 5628 :nam
1142 5590 1207 5628 ex
1249 5577 1400 5630 vinea
1416 5575 1768 5632 Sodomorum
1806 5579 1968 5633 'viuea

467 5680 643 5760 falsa.
679 5686 898 5760 x1v,j4.
974 5689 1020 5722 "
1057 5688 1188 5745 Luc.
1229 5707 1315 5757 xv,
1350 5691 1432 5747 16.
1511 5694 1557 5727 ³⁸
1602 5694 1763 5750 Deut.
1818 5710 1958 5749 χχχιι

2069 5692 2103 5746 Β.
2182 5692 2227 5727 ⁸⁷
2258 5692 2361 5747 lsa.
2420 5707 2472 5759 v,
2511 5691 2563 5746 ι.

392 5737 438 5768 ³⁸
463 5748 487 5806 Ι
512 5749 640 5806 Cor.
672 5769 730 5822 ιι,
770 5737 850 5810 i0.

2070 4573 2196 4628 dem
2246 4572 2514 4634 omnium,
2551 4572 2658 4627 hoc
2681 4579 2769 4626 est
2807 4568 3178 4640 cognitionem
3234 4566 3541 4621 caelestium
3596 4571 3654 4617 et

2074 4663 2420 4721 terrestrium
2448 4670 2506 4716 et
2530 4660 3021 4715 subterraneorum
3046 4658 3146 4712 soli
3167 4656 3377 4711 homini
3408 4652 3648 4718 dederit,

2070 4753 2166 4823 qui
2199 4760 2284 4807 est
2304 4750 2579 4807 Christus.
2606 4750 2726 4819 Ipse
2749 4758 2834 4804 est
2857 4748 3006 4803 enim
3029 4747 3123 4817 qui
3147 4743 3648 4817 cognoscitomnia,

2072 4845 2235 4897 etiam
2259 4834 2523 4913 profunda
2566 4839 2664 4895 Dei
2696 4841 2774 4906 ³⁰;
2809 4839 3199 4894 abstinentiam
3230 4846 3410 4891 autem
3440 4849 3473 4888 a
3523 4848 3652 4904 pec-

2076 4941 2225 4996 cato,
2254 4946 2450 5001 nempe
2481 4930 2736 4999 Maligno,
2790 4928 2891 4984 soli
2925 4927 3137 4983 homini
3168 4934 3229 4997 et
3257 4926 3402 4988 Evae,
3451 4936 3651 4992 nempe

2076 5009 2358 5082 Ecclesiae.
2395 5023 2466 5077 Et
2492 5022 2626 5078 hinc
2674 5021 3032 5092 perspicuum
3079 5018 3225 5089 quod
3254 5032 3362 5071 non
3391 5015 3460 5070 de
3491 5029 3652 5070 escu-

2075 5118 2227 5173 lento
2257 5116 2409 5187 ligno
2439 5115 2579 5170 dicit
2603 5113 2913 5184 Scriptura,
2959 5127 3083 5168 cum
3128 5108 3416 5181 prohibuit
3440 5104 3649 5160 homini

2076 5208 2452 5279 cognitionem
2474 5206 2605 5262 boni
2626 5215 2683 5260 et
2705 5205 2831 5260 mali
2857 5221 2872 5271 ;
2903 5218 3028 5261 nam
3062 5196 3189 5257 ante
3215 5214 3341 5254 eum
3366 5211 3521 5252 esum
3555 5210 3652 5249 eo-

2074 5303 2376 5374 gnoscebat
2393 5302 2594 5357 mulier
2615 5300 2822 5356 bonum
2846 5307 2902 5354 et
2920 5298 3148 5352 malum.
3180 5291 3323 5348 Audi
3350 5289 3501 5345 enim
3527 5303 3650 5343 eam

2076 5396 2130 5450 in
2160 5395 2454 5450 collatione
2485 5408 2614 5448 cum
2642 5398 2922 5463 serpente,
2940 5389 3260 5445 efferentem
3289 5382 3486 5453 dogma
3516 5393 3649 5435 eon-

2074 5486 2329 5553 trarium,
2362 5495 2419 5541 et
2461 5485 2514 5540 ei
2543 5484 2823 5539 dicentem
2852 5491 2910 5537 et
2964 5477 3337 5551 proferentem
3394 5472 3648 5545 divinum

2078 5576 2421 5642 mandatum,
2440 5584 2498 5630 et
2530 5575 2709 5631 minas
2738 5574 2930 5630 mortis
2958 5572 3250 5627 intentatas
3278 5568 3323 5623 si
3354 5565 3486 5637 ligni
3502 5572 3652 5622 esset

2670 5691 2716 5724 "
2755 5690 2913 5751 Joan.
2976 5686 3052 5755 iv,
3082 5684 3168 5740 54.
3285 5684 3331 5717 ⁸³
3385 5680 3517 5738 ibid.
3557 5678 3647 5736 5‘2.
