4056 6148
318 385 350 409 ,τ
383 318 486 385 991

1554 329 1617 389 S.
1656 325 2065 389 ANASTASII
2110 325 2445 387 SINAIT-JS

3546 325 3655 390 992

381 439 687 517 particeps,
711 439 817 496 Sed
840 458 1020 514 neque
1044 443 1174 499 (εωοί
1203 450 1362 499 erant
1386 453 1517 500 ante
1544 432 1961 517 cognitionem;
1995 447 2042 506 Α
2069 456 2274 514 porum
2320 452 2513 512 stupra
2578 453 2634 499 et
2689 443 3002 500 adulteria?
3070 442 3204 510 Quis
3249 451 3434 498 autem
3488 444 3665 498 totius

382 528 516 583 dicit
560 531 708 586 enim
758 551 770 585 :
806 533 876 588 Et
904 536 1030 588 vidit
1077 535 1269 591 mulier
1319 536 1458 609 quod
1500 545 1632 592 esset
1668 536 1967 607 pulchrum,

380 629 507 676 ante
538 638 710 677 esum.
750 624 804 679 Si
834 635 1017 681 autem
1045 628 1202 682 cibus
1230 637 1349 683 erat
1371 629 1591 685 sensilis
1625 638 1682 685 et
1706 628 1966 693 carnalis,

380 714 604 768 omnino
637 717 840 769 mortui
867 727 1052 771 essent
1081 719 1250 773 etiam
1281 720 1599 787 carnaliter,
1628 720 1853 793 quando
1878 735 1972 774 co-

381 816 694 887 Ineuerunt.
721 807 825 864 Sed
868 826 993 864 cum
1022 819 1205 867 mente
1240 820 1299 866 et
1336 813 1698 883 intelligentia
1736 827 1969 884 peccas-

386 906 525 963 sent,
550 899 843 954 subierunt
863 903 1027 957 etiam
1057 904 1257 959 animae
1283 913 1515 959 mortem
1541 905 1966 977 intelligentem.

385 986 480 1041 llic
505 996 689 1042 autem
730 989 1011 1046 hominem
1063 980 1313 1048 nominat
1346 994 1617 1051 Adamum
1647 1012 1661 1049 :
1690 994 1969 1066 quomodo

379 1080 552 1159 etiam
578 1080 675 1134 Dei
700 1080 939 1136 Verbum
962 1083 1346 1141 incarnatione
1399 1087 1763 1157 terrigenam.
1792 1085 1969 1141 Adam

380 1170 533 1222 enim
564 1172 959 1241 interpretatur
988 1183 1134 1230 terra
1163 1184 1219 1230 et
1248 1175 1392 1247 ignis
1410 1178 1604 1243 "sicut
1649 1177 1762 1232 dixi
1810 1178 1964 1234 alibi.

385 1260 455 1314 Et
491 1259 623 1316 dixit
653 1263 910 1318 Dominus
943 1264 1083 1322 Deus
1121 1284 1139 1322 :
1173 1267 1293 1322 Non
1347 1276 1423 1329 est
1466 1271 1659 1324 bonum
1704 1271 1969 1325 hominem

385 1369 493 1407 esse
522 1353 694 1409 solum
714 1373 733 1409 .'
755 1355 1013 1424 faciamus
1071 1361 1120 1414 ei
1140 1360 1456 1430 adiutricem
1478 1364 1613 1416 sicut
1657 1364 1768 1433 ipse
1798 1372 1873 1417 est
1899 1365 1971 1418 ³³.
1996 1406 1999 1409 -

382 1442 520 1526 Cum
544 1446 654 1501 huc.
677 1447 920 1503 venisset
948 1449 1159 1517 Manes,
1183 1454 1483 1517 sceleratus
1507 1456 1622 1529 dux
1634 1456 1969 1515 Manichac-

386 1550 532 1602 rum,
562 1537 879 1611 intelligens
900 1541 1103 1598 littera:
1117 1554 1437 1602 contextum
1457 1548 1849 1619 corporaliter,
1875 1564 1970 1605 oc-

383 1626 532 1681 cisus
566 1637 652 1685 est
678 1645 711 1685 a
749 1629 936 1687 littera
970 1634 1367 1691 convenienter
1408 1637 1565 1693 Pauli
1608 1638 1754 1704 voci,
1793 1639 1969 1695 Deum

385 1717 666 1786 appellans
687 1720 1027 1777 mendacem.
1052 1723 1320 1783 Similiter
1341 1727 1513 1784 etiam
1529 1728 1968 1802 Aquilaimpius,

388 1805 536 1862 idem
564 1810 713 1879 quod
749 1822 943 1881 gentes
999 1815 1265 1882 sentiens,
1304 1818 1478 1875 Deum
1533 1822 1734 1878 volens
1780 1838 1974 1892 repre-

387 1902 655 1967 hendere,
690 1919 789 1973 pro
823 1921 889 1961 eo
915 1908 1063 1979 quod
1089 1908 1276 1966 dicere
1308 1912 1604 1981 oportebat
1635 1932 1653 1967 :
1681 1912 1971 1972 Faciamus

387 1994 438 2046 ei
462 1994 778 2063 adjutricem
804 1999 1090 2054 secundum
1136 2004 1329 2073 ipsum,
1361 2004 1503 2062 dixit
1535 2024 1549 2059 :
1579 2006 1863 2063 Faciamus
1924 2010 1974 2065 ei

389 2085 719 2155 adjutorium
748 2106 811 2145 ea:
845 2091 1065 2147 adverso
1115 2096 1266 2165 ejus;
1296 2097 1404 2154 hoc
1452 2107 1539 2156 est
1583 2101 1972 2159 adversarium

389 2188 447 2232 et
469 2177 706 2235 hostem.
730 2181 874 2249 Quid
913 2199 1046 2256 ergo
1068 2186 1095 2240 ἲ
1118 2186 1209 2242 dic
1230 2188 1390 2255 mihi,
1417 2205 1452 2246 ο
1468 2191 1683 2259 Iudaee,
1715 2203 1801 2250 est
1827 2195 1979 2251 Deus

392 2284 578 2334 verus,
615 2272 934 2329 mentiens?
959 2276 1221 2333 Divinum
1242 2294 1307 2335 os
1329 2281 1547 2337 Domini
1575 2284 1979 2355 omnipotentis

390 2362 654 2430 Sabaoth,
690 2366 745 2423 in
769 2368 954 2424 medio
980 2372 1343 2428 tenebrarum
1372 2382 1429 2430 et
1452 2375 1614 2446 903
1644 2378 1899 2449 caliginis
1914 2394 1974 2436 et

391 2452 536 2523 ignis
566 2466 623 2511 et
673 2459 929 2527 procellae
973 2469 1031 2516 et
1079 2461 1339 2520 tubarum
1382 2472 1439 2519 et
1469 2468 1816 2537 angelorum,
1854 2470 1975 2527 haec

389 2545 557 2603 verba
581 2546 713 2602 Mosi
742 2556 831 2603 est
856 2549 1131 2618 locutum,
1166 2560 1224 2609 et
1256 2554 1354 2609 Dei
1390 2554 1600 2627 digitus
1625 2558 1681 2614 in
1741 2559 1975 2620 Tabulis

392 2638 508 2693 haec
530 2639 771 2709 scripsit,
784 2640 975 2699 dicens
999 2660 1012 2696 :
1031 2643 1151 2699 Non
1166 2646 1360 2703 bonum
1379 2657 1456 2703 est
1475 2651 1741 2706 hominem
1765 2669 1875 2709 esse
1889 2671 1978 2726 so:-

394 2730 527 2798 lum,
558 2734 817 2801 faciamus
830 2739 879 2794 ei
895 2739 1215 2811 adjutricem
1234 2742 1553 2815 sicutipsum
1576 2762 1595 2800 :
1614 2756 1671 2803 et
1683 2756 1769 2803 est
1785 2764 1977 2806 rursus

396 2821 583 2893 lingua
606 2825 703 2881 Dei
732 2836 791 2882 et
814 2844 876 2885 os
899 2839 955 2885 et
974 2847 1173 2888 manus
1188 2833 1323 2890 falsa
1345 2835 1581 2906 loquens
1599 2848 1657 2893 et
1679 2840 1978 2896 scribens?

466 2914 724 2975 Facessat
751 2919 869 2979 haec
898 2923 1235 2981 absurditas.
1266 2928 1513 2983 Verbum
1556 2931 1706 2986 enim
1736 2933 1833 2987 Dei
1861 2948 1978 3004 ma;-

398 3014 495 3060 net
518 3021 713 3062 verum
769 3010 825 3064 in
860 3015 1145 3081 saeculum,
1180 3026 1238 3073 et
1266 3018 1322 3073 in
1355 3021 1616 3075 saeculum
1647 3023 1855 3078 saeculi.
1886 3025 1978 3079 'Et

398 3099 678 3197 quomodo
716 3102 980 3197 nonfuit
1023 3106 1119 3162 illa
1171 3109 1375 3164 mulier
1421 3110 1665 3182 adiutrix
1718 3113 1930 3170 Adamn
1959 3106 2049 3197 sc

400 3188 498 3243 sed
543 3191 727 3260 potius
772 3192 1022 3263 inimica,
1062 3205 1229 3268 atque
1281 3201 1422 3257 adeo
1468 3201 1619 3260 fossa
1666 3213 1724 3260 et
1749 3205 2003 3262 insidia--

399 3284 530 3345 trix,
553 3292 611 3338 et
636 3285 1001 3355 interfectrix,
1038 3299 1096 3348 et
1118 3295 1563 3364 exterminatrix,
1611 3308 1668 3355 et
1720 3301 1981 3358 innume-

403 3374 662 3433 rabilium
690 3378 963 3436 malorum
990 3382 1096 3453 ipsi
1131 3393 1189 3439 et
1212 3388 1312 3441 toti
1336 3390 1547 3446 mundo
1596 3392 1985 3449 consiliatrix?

400 3465 458 3520 Si
489 3479 675 3525 autem
725 3473 929 3528 mulier
978 3475 1047 3530 ad
1093 3477 1201 3534 hoc
1230 3478 1413 3550 ipsum
1468 3482 1613 3539 facta
1656 3493 1744 3542 est
1787 3502 1819 3542 a
1868 3489 1984 3547 Deo

404 3565 464 3611 ut
490 3558 564 3613 sit
588 3559 800 3616 homini
827 3564 1108 3636 adiutrix,
1157 3577 1213 3623 et
1266 3586 1555 3642 nunquam
1581 3576 1831 3645 potuerit
1857 3592 1983 3633 mu-

403 3649 509 3705 lier
526 3666 647 3709 esse
671 3653 791 3709 viro
812 3655 1036 3713 inimica
1057 3676 1070 3725 ;
1098 3659 1196 3715 sed
1219 3663 1403 3718 omnis
1422 3664 1623 3721 mulier
1643 3665 1989 3739 divinoprte-

400 3744 609 3813 scripto
626 3745 910 3803 invenitur
925 3750 1275 3808 virumsuum
1290 3754 1590 3813 defendere
1600 3774 1665 3814 ac
1676 3769 1989 3833 protegere:

402 3838 851 3909 quandoquidem
874 3851 986 3898 stat
1004 3849 1441 3919 unumquodque
1471 3851 1527 3905 in
1546 3866 1613 3908 eo
1637 3853 1705 3908 ad
1727 3856 1875 3925 quod
1904 3854 1984 3911 fa-

404 3936 555 3983 ctum
588 3941 675 3985 est
709 3948 739 3985 a
766 3934 881 3987 Deo
913 3936 1026 4004 (lux
1055 3939 1204 3992 enim
1232 3940 1527 4008 illuminat,
1559 3954 1750 4000 etnon
1782 3955 1985 4016 cessat,

404 4022 564 4090 panis
582 4025 780 4089 nutrit,
805 4028 886 4104 sgl
905 4030 1083 4085 currit
1097 4040 1154 4087 et
1175 4032 1303 4088 luna
1323 4050 1338 4099 ;
1365 4049 1490 4089 cum
1506 4036 1625 4106 ipso
1644 4038 1846 4107 plantae
1867 4056 1991 4111 ger-

407 4114 642 4180 minant,
661 4118 918 4175 animalia
930 4123 1174 4192 pariunt,
1193 4122 1373 4194 pisces
1390 4134 1605 4194 natant,
1624 4144 1754 4185 aves
1775 4132 1988 4198 volant,

407 4214 483 4269 et,
500 4210 956 4278 utsemeldicam,
978 4230 1150 4285 usque
1167 4216 1235 4271 ad
1260 4220 1796 4276 consummationem
1817 4238 1992 4278 sacu-

410 4299 470 4363 li,
495 4316 840 4374 unaquaeque
864 4314 1120 4362 creatura
1150 4309 1206 4362 in
1233 4323 1301 4363 eo
1325 4317 1435 4365 stat
1460 4311 1525 4365 ad
1552 4312 1700 4381 quod
1734 4312 1878 4368 facta
1901 4322 1987 4377 est

410 4408 442 4445 a
463 4391 606 4461 Deo;
636 4394 693 4450 in
717 4412 1070 4470 unaquaque,
1128 4399 1376 4472 inquam,
1405 4413 1602 4463 natura
1662 4404 1991 4463 inanima'et

2074 533 2270 589 mundi
2315 534 2527 589 diluvio
2572 534 2704 591 fecit
2754 535 3064 601 interitum,
3126 536 3235 592 nisi
3299 535 3669 606 pulchritudo

2071 626 2369 680 mulierum
2430 626 2650 681 illarum
2690 626 3291 693 ﬁliarum,hominum,
3360 642 3505 696 quas
3559 627 3663 681 ﬁlii

2073 718 2207 772 Seth
2252 728 2586 788 acceperunt
2640 720 2697 776 in
2747 720 2988 775 uxores?
3027 719 3123 774 Sin
3170 726 3358 775 autem
3409 718 3663 789 adiutrix

2070 810 2281 867 Adamo
2317 810 2422 867 fuit
2454 812 2677 876 mulier,
2737 812 3018 882 quomodo
3070 826 3441 889 omnes-eam,
3467 811 3663 880 deplo—

2072 917 2259 957 ramus
2294 902 2447 971 quod
2470 902 2647 957 fuerit
2678 904 3028 958 consiliatrix
3076 902 3275 957 montis
3306 911 3365 956 et
3398 901 3669 955 interitus

2069 1000 2125 1047 et
2166 995 2474 1049 communis
2519 996 2715 1050 exitii?
2744 995 2868 1050 Haec
2907 994 3093 1066 potius
3128 1004 3212 1059 tu,
3245 994 3512 1057 oJudate,
3564 992 3663 1062 qui

2065 1084 2386 1155 'Scripturas
2415 1096 2590 1150 tenes,
2624 1102 2725 1141 nos
2750 1087 2937 1148 doces.
2966 1086 3082 1141 Una
3106 1086 3255 1141 enim
3288 1086 3509 1146 mulier,
3545 1092 3662 1147 tua,

2071 1167 2319 1246 inquam,
2364 1192 2541 1242 soror,
2588 1178 2697 1233 ﬁlia
2745 1178 2931 1235 Iacob
2960 1178 3132 1248 patris
3185 1178 3288 1240 tui,
3336 1184 3462 1246 quae
3507 1175 3665 1230 dice-

2071 1268 2236 1329 batur
2277 1269 2435 1335 Dina,
2466 1280 2711 1339 scortatu
2756 1279 2843 1325 est
2892 1271 2948 1325 in
2994 1270 3255 1333 Sichem;
3303 1268 3506 1323 deinde
3535 1283 3666 1338 pro.-

2070 1367 2193 1429 pter
2246 1359 2694 1425 fornicationem,
2758 1362 3072 1416 universam
3129 1360 3409 1421 civitatem
3471 1358 3669 1428 inique

2071 1455 2473 1509 interemerunt
2534 1452 2737 1509 fratres
2768 1455 2910 1524 eius,
2932 1455 3142 1524 justum
3192 1461 3249 1507 et
3286 1452 3556 1523 iniustum
3583 1450 3669 1504 sl-

2073 1543 2186 1603 mul
2238 1543 2561 1615 occidentes
2607 1545 2673 1599 ³⁸.
2712 1545 2945 1617 Pr0pter
2985 1559 3150 1614 quam
3193 1543 3391 1613 puclla:
3419 1541 3665 1597 fornica-

2073 1634 2285 1691 tionem
2336 1645 2397 1711 et
2420 1636 2649 1698 eaedem,
2688 1637 2757 1691 ad
2783 1636 3220 1707 quadringentos
3245 1649 3419 1694 annos
3444 1633 3661 1689 consti-

2074 1728 2178 1782 tuit
2200 1728 2348 1783 Deus
2373 1737 2451 1784 tot
2481 1728 2653 1783 millia
2680 1729 2736 1783 in
2760 1729 3087 1784 servitutem
3117 1727 3294 1798 redigi
3324 1727 3379 1780 in
3400 1725 3664 1797 Egypto.

2078 1822 2149 1877 Et
2175 1837 2429 1893 quaeram
2456 1822 2657 1877 mulier
2687 1822 2964 1893 adiutrix?
2993 1821 3344 1877 Adulterium
3385 1818 3669 1874 commisit

2078 1912 2385 1969 Bethsabee
2410 1913 2469 1969 in
2489 1928 2558 1969 eo
2578 1929 2750 1984 quem
2781 1921 2840 1968 tu
2873 1908 3664 1976 tuum‘Christum‘existimas,

2079 2004 2274 2069 David,
2308 2005 2557 2075 inquam,
2597 2014 2655 2062 et
2697 2005 2904 2061 cmdem
2930 2003 3273 2075 perpetravit
3301 2017 3404 2057 suo
3437 1999 3668 2071 coniugi

2079 2094 2243 2151 Urim.
2273 2095 2508 2161 Deinde,
2531 2097 2749 2153 etiamsi
2773 2096 2877 2150 hoc
2904 2095 3138 2151 maxime
3160 2094 3529 2149 condonatum
3559 2092 3668 2147 fuit

2081 2180 2305 2249 Davidi‘,
2347 2183 2409 2243 in
2443 2185 2636 2241 decem
2670 2194 2865 2241 tamen
2909 2184 3030 2255 eius
3061 2181 3327 2253 mulieres
3360 2181 3671 2236 admissum

2081 2274 2188 2331 fuit
2230 2277 2570 2333 adulterium
2617 2295 2649 2333 a
2704 2294 2805 2335 suo
2857 2277 2971 2333 ﬁlio
3017 2276 3310 2343 Absalom;
3362 2283 3419 2328 et
3470 2274 3670 2330 statuit

2081 2369 2228 2425 Deus
2255 2384 2355 2439 per
2381 2371 2599 2427 Nathan
2626 2371 2955 2440 prophetam
2982 2369 3130 2441 quod
3158 2368 3518 2424 non'deﬁciet
3547 2368 3671 2437 gla-

2082 2458 2211 2515 dius
2234 2461 2291 2517 in
2337 2459 2503 2517 domo
2524 2460 2705 2514 David
2737 2461 2792 2514 in
2835 2469 3105 2515 aeternum
3150 2461 3218 2514 ³³.
3260 2459 3376 2513 Hoc
3406 2465 3494 2513 est
3524 2472 3679 2526 opus

2082 2552 2437 2623 pulchrarum
2475 2553 2793 2608 mulierum.
2835 2551 2971 2619 Quis
3006 2560 3190 2616 autem
3214 2552 3380 2631 inter
3413 2539 3678 2605 homines

2083 2660 2113 2699 a
2174 2647 2287 2702 Deo
2336 2653 2488 2701 tanta
2533 2645 2640 2700 fuit
2692 2646 2932 2700 donatus
2980 2645 3252 2719 sapientia
3309 2653 3515 2714 quanta
3566 2641 3670 2698 Sa-

2082 2737 2308 2794 lomon?
2354 2739 2424 2797 Et
2472 2746 2585 2795 tota
2632 2740 2773 2809 -eius
2837 2738 3108 2808 sapientia
3156 2738 3262 2793 luit
3313 2737 3577 2804 devorata
3636 2750 3673 2790 ε

2060 2832 2431 2891 mulieribus,
2474 2831 2631 2898 Quis
2658 2832 2893 2887 allectus
2924 2832 3032 2887 fuit
3080 2832 3258 2903 gloria
3304 2832 3450 2886 sicut
3498 2830 3673 2886 ludas

2085 2923 2230 2979 fdius
2265 2924 2457 2989 Jacob,
2485 2924 2624 2979 adeo
2647 2933 2710 2981 ut
2736 2940 2768 2978 a
2802 2925 2914 2978 Deo
2941 2926 3013 2981 sit
3035 2924 3402 2979 constitutum
3430 2932 3491 2978 ut
3519 2929 3671 2978 esset

2084 3032 2183 3071 rex
2205 3016 2562 3072 Judanrum?
2618 3015 2688 3070 Et
2732 3017 2931 3071 mulier
2980 3016 3251 3082 Thamar,
3293 3032 3361 3071 eo
3391 3016 3673 3085 decepto,

2083 3107 2268 3163 eﬁ‘ecit
2300 3117 2362 3164 ut
2394 3117 2507 3163 tota
2545 3108 2668 3178 ejus
2697 3107 2878 3163 tribus
2910 3106 3059 3163 esset
3108 3118 3237 3163 nata
3263 3124 3331 3163 ex
3363 3106 3671 3162 adulterio.

2083 3199 2153 3254 Et
2171 3214 2422 3271 quamam
2445 3209 2577 3254 sunt
2592 3215 2671 3255 ea:
2695 3200 3036 3271 adiutrices?
3066 3200 3251 3270 Longa
3272 3182 3697 3263 fuerit’oratio,

2083 3298 2140 3346 et
2168 3290 2331 3346 nobis
2372 3291 2643 3347 defecerit
2684 3301 2741 3347 et
2779 3301 2997 3361 tempus
3047 3302 3105 3347 et
3134 3291 3330 3346 charta
3372 3299 3430 3346 et
3471 3290 3675 3346 modus

2084 3383 2349 3438 narrandi
2386 3391 2522 3453 quot
2555 3394 2613 3439 et
2629 3384 2814 3454 qualia
2842 3401 2949 3455 per
2970 3392 3193 3456 gentem
3214 3384 3506 3439 femineam
3530 3383 3675 3439 ﬁunt

2086 3474 2145 3531 in
2177 3475 2385 3530 mundo
2426 3475 2496 3530 ab
2542 3475 2701 3531 initio
2729 3485 2791 3531 et
2826 3486 3004 3547 itaque
3037 3476 3105 3532 ad
3134 3476 3670 3549 consymmationem

2086 3567 2272 3622 seculi
2307 3567 2365 3621 in
2405 3567 2738 3636 patriarchis
2768 3578 2827 3628 et
2859 3570 3168 3639 prophetis,
3219 3578 3277 3624 et
3313 3570 3461 3624 inter
3489 3568 3674 3639 priva-

2089 3666 2177 3714 tos
2212 3669 2269 3714 et
2294 3674 2472 3729 reges,
2514 3669 2571 3714 et
2610 3659 2755 3714 inter
2785 3654 2978 3735 fideles
3027 3660 3287 3716 similiter
3315 3668 3372 3714 et
3414 3660 3674 3731 gentiles,

2087 3760 2144 3809 et
2166 3752 2491 3808 Chaldaicas
2514 3760 2571 3808 et
2590 3753 2898 3825 Egyptias,
2931 3762 2989 3809 et
3014 3754 3282 3823 Troianas
3311 3761 3366 3808 et
3396 3752 3672 3816 heroicus,

2087 3850 2146 3897 et
2171 3837 2445 3897 Romanas
2477 3853 2670 3913 gentes
2707 3852 2764 3898 et
2795 3843 3046 3898 hostiles.
3111 3842 3169 3898 Si
3208 3849 3395 3898 autem
3435 3842 3680 3912 adiutrix

2088 3944 2175 3989 est
2203 3934 2431 3999 mulier,
2463 3935 2743 4004 quomodo
2780 3934 2917 3989 dicit
2962 3934 3248 4003 Scriptura
3312 3933 3460 4002 quod
3494 3934 3678 3986 viuum

2091 4033 2141 4078 et
2177 4025 2422 4080 mulieres
2455 4022 2705 4094 separant
2742 4044 2775 4080 ιι
2822 4026 2934 4093 Deo
2964 4026 3047 4080 ηερ
3084 4026 3259 4093 Quam
3302 4016 3459 4079 multi
3500 4024 3675 4089 enim,

2089 4117 2179 4173 (lic
2210 4119 2369 4183 mihi,
2398 4120 2571 4173 Deum
2595 4126 2869 4189 negarunt
2892 4112 3119 4188 propter
3146 4117 3482 4173 mulierem?
3513 4115 3677 4172 Unde

2089 4209 2257 4265 etiam
2288 4209 2570 4275 Salomon,
2606 4209 2783 4279 utqui
2851 4210 2925 4264 sit
2980 4217 3240 4279 expertus
3302 4209 3446 4263 mala
3478 4207 3678 4262 mulie-

2090 4302 2235 4366 bria,
2278 4302 2416 4357 dixit
2460 4318 2473 4357 :
2508 4302 2595 4357 Ea:
2622 4303 2791 4356 decies
2818 4301 2987 4379 rmille
3034 4303 3159 4357 viris
3216 4302 3449 4379 invenies
3484 4314 3675 4355 unum

2089 4392 2321 4464 ﬁdelem,
2372 4409 2435 4448 ea:
2466 4393 2771 4448 mulieribus
2796 4376 2974 4447 autem
3012 4408 3119 4447 nou
3160 4376 3392 4448 invenies
3417 4393 3486 4446 ⁸⁵.
3549 4387 3684 4447 Hae

413 4488 696 4555 animata),
723 4493 1001 4563 quomodo
1033 4509 1165 4565 ergo
1196 4496 1416 4563 mulier,
1448 4513 1571 4567 qua:
1602 4496 1742 4554 facta
1768 4507 1855 4555 est
1914 4500 1980 4555 ad

2087 4496 2271 4542 autem
2293 4485 2551 4550 dicimus,
2577 4500 2691 4540 non
2715 4492 3043 4541 accusantes
3071 4493 3330 4540 naturam
3364 4500 3547 4555 neque
3577 4485 3680 4541 Dei

411 4579 514 4632 viri
551 4582 838 4648 auxilium,
896 4600 1006 4639 non
1054 4585 1196 4640 facta
1245 4595 1331 4641 est
1376 4587 1657 4658 adiutrix?
1682 4587 1984 4656 Quomodo
2086 4587 2394 4634 creallll'am
2416 4578 2571 4649 (sum
2592 4577 2741 4633 enim
2764 4577 2950 4637 omnia
2970 4577 3114 4632 bona
3141 4593 3266 4647 quae
3289 4577 3431 4632 ῧυῐη
3456 4593 3486 4631 3
3512 4576 3679 4648 Deo).

414 4679 620 4733 autem,
648 4681 704 4727 et
728 4689 853 4728 cum
890 4675 1102 4731 sitviro
1133 4676 1484 4743 imbecillior,
1512 4687 1696 4749 potest
1724 4682 1980 4752 eiusesse

2085 4668 2182 4723 sed
2218 4667 2353 4724 illud
2398 4667 2665 4722 auxilium
2714 4676 3029 4736 qumrentes
3047 4666 3117 4722 de
3141 4682 3252 4737 quo
3288 4666 3427 4722 dixit
3472 4667 3627 4722 Deus
3660 4685 3678 4722 :

416 4762 693 4831 adiutrix?
720 4762 799 4818 Ad
826 4766 1117 4829 auxilium,
1150 4784 1343 4824 rursus
1367 4769 1515 4834 dico,
1565 4769 1669 4823 viri
1720 4772 1980 4841 carnalis,

2084 4759 2203 4814 Non
2243 4766 2318 4813 est
2351 4759 2544 4813 bonum
2599 4760 2863 4814 hominem
2910 4774 3020 4812 esse
3065 4758 3263 4827 solum,
3315 4760 3583 4831 faciamus
3632 4760 3684 4814 ei

417 4854 661 4910 decrevit
686 4855 828 4912 Deus
863 4857 933 4912 ab
978 4858 1138 4914 initio
1189 4875 1312 4915 esse
1344 4861 1630 4916 mulierem
1673 4863 1980 4918 secundum

2087 4852 2400 4922 adjutricsm
2422 4853 2559 4906 sicut
2584 4851 2777 4922 ipsum.
2809 4850 2865 4905 Si
2898 4865 3032 4922 ergo
3080 4868 3191 4907 non
3213 4860 3298 4907 est
3322 4852 3531 4907 bonum
3572 4852 3679 4907 ho-

418 4960 662 5008 carnem,
721 4962 1000 5019 nunquam
1027 4950 1213 5005 studio
1270 4950 1439 5006 fuerit
1486 4951 1703 5008 mulieri
1731 4962 1828 5009 aut
1857 4954 1980 5011 odio

2093 4945 2299 4999 minem
2330 4959 2452 5000 esse
2482 4945 2682 5008 solum,
2720 4944 3020 5013 quomodo,
3070 4960 3196 4999 cum
3226 4946 3301 5000 sit
3342 4945 3512 5010 Deus,
3552 4945 3684 5001 fecit

418 5039 623 5093 habere
669 5047 725 5095 et
749 5040 816 5093 ad
866 5042 1001 5096 iram
1039 5043 1340 5108 concitare,
1378 5053 1477 5099 aut
1524 5043 1783 5101 deserere
1827 5062 1990 5103 suum
2095 5037 2318 5108 aliquod
2357 5054 2495 5108 opus
2526 5052 2638 5091 non
2669 5037 2920 5091 bonum?
2963 5036 3253 5103 Quomodo
3290 5048 3477 5092 autem
3516 5039 3683 5107 paulo

398 5131 639 5195 .virum;
683 5147 962 5202 nunquam
1014 5143 1310 5205 conspecta
1342 5135 1509 5191 fuerit
1550 5137 1753 5192 mulier
1798 5140 1983 5210 gravis
2093 5142 2220 5186 ante
2246 5145 2467 5200 quoque
2497 5129 2708 5183 dictum
2733 5137 2817 5183 est
2843 5128 3104 5183 :‘Etvidit
3133 5129 3275 5183 Deus
3304 5130 3485 5184 omnia
3538 5146 3683 5201 qucr-

422 5233 520 5279 aut
547 5225 832 5293 improba;
864 5242 1142 5299 nunquam
1191 5230 1512 5300 apparuerit
1557 5232 1760 5287 mulier
1788 5231 1980 5287 marito

2096 5239 2298 5294 cunque
2324 5224 2463 5294 fecit,
2490 5230 2540 5291 et
2560 5237 2678 5274 ecce
2701 5220 2854 5275 ualde
2876 5220 3044 5274 bona?
3059 5222 3349 5287 Quomodo
3376 5237 3509 5292 ergo
3531 5223 3683 5277 solus

427 5332 527 5375 suo
560 5318 833 5387 insidiari,
867 5331 921 5376 et
962 5321 1167 5377 easdem
1200 5323 1321 5394 eius
1345 5322 1562 5378 moliri!
1607 5324 1675 5377 Et
1710 5323 1994 5393 quomodo

428 5419 619 5466 contra
636 5411 888 5467 videmus
904 5413 1192 5467 mulierem
1220 5426 1342 5469 esse
1364 5413 1485 5468 viro
1509 5424 1619 5467 non
1642 5412 1991 5483 adiutricem,

428 5500 525 5557 sed
549 5501 731 5570 potius
760 5503 1154 5559 tentationem?
1180 5503 1317 5570 Quis
1343 5504 1514 5569 enim,
1574 5519 1729 5574 rogo,
1787 5518 1993 5558 accen-

434 5591 508 5645 dit
542 5602 599 5648 et
622 5594 921 5651 inﬂammat
948 5598 1218 5653 ﬂammam
1245 5596 1636 5669 generationis,
1703 5594 1810 5650 nisi
1866 5609 1994 5651 eor-

506 5771 549 5807 “
588 5772 740 5832 Gen.
775 5793 833 5843 ιι,
868 5779 947 5833 l8.
1025 5783 1067 5814 ³³
1110 5781 1244 5836 Gen.
1286 5798 1463 5849 xxxiv,
1494 5782 1716 5852 passim.
1798 5783 1840 5813 ³³
1875 5782 1924 5836 ll
1986 5782 2119 5852 Itcg.
2156 5796 2228 5841 χι,
2285 5795 2380 5844 xu,
2422 5793 2532 5832 xm.
2611 5775 2847 5831 “Eccli.
2879 5790 2987 5843 xix,
3027 5774 3081 5828 9..

2104 5316 2272 5369 homo
2291 5327 2403 5369 non
2429 5313 2649 5369 bonus?
2690 5312 2978 5380 Quomodo
3020 5302 3205 5368 autem
3234 5329 3382 5367 nunc
3419 5313 3555 5368 dicit
3594 5328 3681 5368 so-

2102 5409 2217 5464 lum
2256 5424 2378 5464 esse
2404 5408 2722 5462 hominem?
2757 5407 2990 5473 Quando
3014 5407 3163 5463 enim
3209 5407 3310 5461 fuit
3356 5406 3677 5467 fabricatus,

2105 5498 2419 5553 audivimus
2445 5496 2785 5567 Scriptorum
2825 5495 3097 5551 dicentem
3132 5511 3147 5548 :
3180 5494 3316 5547 Deus
3353 5493 3471 5562 fecit
3512 5492 3681 5546 homi-

2106 5608 2247 5657 nem,
2301 5591 2371 5644 ad
2403 5589 2499 5643 Dei
2545 5590 2831 5660 imaginem
2877 5589 2997 5659 [erit
3056 5590 3250 5658 ipsum,
3291 5586 3584 5641 masculum
3632 5592 3679 5636 et

3162 5773 3205 5806 ³⁸
3238 5772 3425 5829 Eccle.
3466 5780 3559 5837 νη,
3590 5765 3673 5821 εει.
