4056 6148
341 294 455 371 993

1407 295 1492 361 IN
1534 296 2080 361 llEXAEMERON.
2111 325 2179 336 -
2213 300 2359 363 LIB.
2378 302 2464 362 IX

3484 296 3590 362 994

336 439 594 492 feminam
645 432 765 504 fecit
796 449 902 499 eos,
949 441 997 486 et
1027 430 1588 495 benedixit'ambobus,
1619 439 1676 484 et
1706 429 1913 485 consti-
1942 439 1987 496 Α
2086 433 2377 501 Quomodo
2424 442 2607 489 autem
2653 434 2706 489 ei
2756 433 2818 489 ﬁt,
2869 433 3146 505 adiutrix,
3192 432 3343 488 audi.
3392 435 3586 491 statim

335 529 447 584 tuit
475 542 571 581 eos
610 524 889 596 principes
911 522 1158 579 omnium
1187 537 1310 592 quae
1347 530 1477 577 sunt
1501 536 1669 592 super
1694 535 1913 576 omnem

343 616 578 675 terram.

405 714 475 768 Et
507 725 700 767 rursus
717 718 910 781 postea
932 706 1085 763 dedit
1106 704 1188 763 eis
1208 714 1540 777 praeceptum
1562 706 1617 759 in
1636 705 1910 775 paradiso,

334 818 391 861 ut
427 812 762 867 vescerentur
809 817 871 854 ea:
899 802 1042 854 omni
1074 799 1213 869 ligno
1247 816 1264 853 :
1296 799 1444 869 ligno
1473 805 1678 861 autem,
1714 797 1911 866 inquit,

337 892 707 967 cognoscendi
748 893 953 945 bonum
1000 899 1057 945 et
1099 890 1303 945 malum
1358 906 1429 944 ne
1475 888 1795 953 vescamini,
1845 901 1914 941 ne

338 985 674 1041 moriamini.
720 983 850 1043 Post
880 983 996 1038 haec
1030 982 1214 1036 omnia
1257 981 1391 1035 dicit
1418 996 1528 1035 non
1563 996 1684 1035 esse
1707 980 1913 1034 bonum
1961 1000 1969 1009 ν

337 1081 618 1149 hominem
637 1091 757 1130 esse
794 1076 970 1129 solum
1000 1092 1012 1126 :
1046 1072 1325 1127 Faciamus
1361 1074 1407 1128 ei
1437 1073 1753 1143 adiutricem
1782 1072 1916 1125 sicut

336 1170 530 1238 ipsum.
572 1165 718 1219 Dicis
754 1162 886 1217 mihi
928 1161 1111 1239 animo
1142 1163 1248 1217 hoc
1266 1178 1395 1219 esse
1440 1161 1824 1231 repetitionem
1852 1167 1917 1241 et

340 1264 395 1315 in
442 1274 710 1314 summam
761 1257 1142 1312 collectionem
1189 1270 1380 1310 eorum
1416 1264 1539 1324 quae
1580 1254 1734 1324 prius
1767 1253 1915 1309 dicta

340 1360 503 1413 sunt;
546 1359 603 1404 et
637 1347 828 1403 Adami
861 1355 919 1403 et
945 1347 1071 1403 Eva;
1092 1347 1186 1417 qui
1218 1348 1330 1417 iam
1362 1345 1495 1401 facti
1526 1345 1782 1401 erantad
1815 1344 1915 1400 Dei

340 1443 668 1518 imaginem,
710 1440 966 1496 subtilior
1013 1441 1278 1498 narratio.
1340 1439 1628 1495 Terribilis
1686 1439 1912 1510 quidem

343 1548 528 1587 sermo
563 1550 577 1585 :
626 1529 727 1585 Pro
768 1530 972 1587 Christo
1007 1530 1156 1585 enim
1180 1539 1237 1585 et
1262 1527 1506 1597 Ecclesia
1540 1530 1730 1600 fungar
1775 1528 1920 1599 iega-

342 1627 485 1679 tione
535 1623 584 1656 ³⁸
627 1634 682 1678 et
724 1624 895 1694 justo.
935 1621 1238 1692 Oportebat
1284 1623 1430 1678 enim
1483 1622 1744 1676 adnotare
1791 1636 1918 1676 cum

2013 529 2163 583 enim
2206 528 2510 597 subiunxit,
2543 527 2730 582 dicens
2760 545 2771 580 :
2804 525 2876 581 Et
2933 526 3092 594 finxit
3126 527 3296 579 adhuc
3329 542 3392 579 ea:
3442 538 3587 582 terra

2013 618 2268 672 Dominus
2300 618 2440 672 Deus
2472 635 2651 672 onmes
2686 619 2874 672 bestias
2903 620 3039 688 agri,
3069 626 3117 669 et
3145 634 3322 670 omnes
3354 619 3587 673 volucres

2014 709 2128 764 caeli
2144 727 2164 775 ;
2186 719 2233 762 et
2268 727 2356 763 eas
2386 710 2605 764 adduxit
2631 712 2699 764 ad
2721 710 3005 783 Adainum.
3033 718 3090 762 ut
3118 712 3312 763 videret
3339 711 3587 779 quidnam

2013 809 2223 856 vocaret
2253 818 2336 855 ea.
2378 802 2448 855 Et
2498 818 2649 855 omne
2678 801 2815 872 quod
2861 803 3059 855 vocavit
3104 804 3214 871 ipse
3246 802 3418 855 Adam
3468 807 3584 856 auia

2016 910 2159 947 mam
2212 895 2486 958 viventem,
2540 896 2633 947 hoc
2680 902 2756 946 est
2799 909 2987 946 nomen
3036 910 3240 957 earum,
3298 900 3347 945 et
3391 898 3588 951 vocavit

2014 985 2187 1039 Adam
2216 986 2432 1038 nomina
2462 986 2699 1038 omnibus
2710 986 2985 1053 jumentis,
3023 993 3071 1037 et
3100 978 3336 1038 omnibus
3365 985 3588 1039 volucri-

2016 1074 2109 1129 bus
2144 1075 2277 1141 caeli,
2301 1085 2350 1129 et
2378 1077 2615 1129 omnibus
2654 1076 2827 1129 bestiis
2861 1078 2996 1146 agri.
3026 1077 3142 1130 Non
3166 1078 3381 1147 exigua,
3414 1094 3591 1148 neque

2015 1165 2155 1220 levis
2194 1176 2279 1221 est
2322 1165 2376 1219 in
2429 1166 2497 1220 iis
2543 1182 2665 1235 qua:
2714 1175 2843 1221 sunt
2900 1167 3184 1236 proposita
3226 1170 3590 1224 contradictio

2018 1253 2163 1326 apud
2226 1255 2579 1325 interpretes.
2631 1255 2765 1310 Nam
2811 1256 2903 1309 alii
2960 1258 3182 1325 quidem
3231 1258 3421 1313 eadem
3475 1275 3592 1313 esse

2017 1345 2211 1400 dicunt
2254 1346 2372 1401 haec
2415 1356 2472 1407 et
2520 1347 2694 1418 prima
2741 1347 3060 1413 animantia,
3088 1358 3145 1403 et
3176 1348 3381 1403 bestias
3413 1357 3469 1403 et
3501 1366 3582 1402 vo

2017 1438 2219 1495 lucres.
2254 1439 2361 1525 hlii
2390 1451 2601 1505 autem,
2642 1442 3036 1497 convenienter
3084 1444 3135 1496 ei
3185 1443 3283 1513 qui
3319 1443 3455 1499 dicit
3488 1461 3502 1496 :
3539 1443 3594 1499 St

2019 1548 2124 1603 qua
2154 1532 2215 1586 in
2255 1528 2462 1587 Christo
2508 1550 2642 1587 nova
2682 1543 2929 1587 creatura
2972 1534 3038 1599 ³⁷,
3086 1533 3280 1589 dicunt
3327 1550 3426 1604 per
3475 1535 3594 1590 haec

2019 1623 2242 1694 praedici
2269 1624 2509 1679 secunda
2535 1633 2592 1678 et
2616 1624 2742 1687 alia,
2770 1638 2965 1692 nempe
2987 1623 3236 1678 diversas
3259 1634 3449 1694 gentes
3469 1640 3594 1694 quas

345 1730 543 1786 magna
583 1723 639 1769 et
675 1710 945 1784 profunda
998 1714 1328 1778 attentione,
1373 1713 1520 1783 quod
1570 1728 1682 1769 non
1712 1713 1781 1768 de
1812 1728 1920 1767 una
1951 1773 1990 1786 ,ι
2021 1718 2078 1768 in
2104 1713 2349 1768 Ecclesia
2393 1722 2732 1784 congregatae
2761 1719 2893 1766 sunt
2925 1712 2990 1767 ad
3031 1713 3226 1766 Deum.
3259 1712 3316 1766 ln
3356 1713 3459 1767 hac
3492 1727 3592 1768 au-

340 1808 528 1875 aliqua
572 1820 802 1874 persona
846 1802 980 1888 dicit
1014 1803 1158 1858 Deus
1191 1820 1203 1855 :
1234 1802 1350 1857 Non
1380 1802 1572 1857 bonum
1605 1818 1715 1856 esse
1741 1802 1914 1855 homi-

344 1914 465 1953 nem
507 1912 616 1950 esse
662 1895 872 1962 solum;
897 1895 1011 1950 sed
1053 1894 1294 1948 uniendo
1322 1902 1379 1948 et
1402 1892 1919 1963 comprehendendo

344 1988 412 2042 tle
446 1988 702 2042 universa
749 1994 943 2039 natura
970 1986 1275 2039 hominum.
1313 1984 1433 2039 Non
1471 1984 1616 2039 enim
1648 1984 1786 2038 dixit
1814 1983 1917 2054 hy-

342 2077 675 2149 postaticum
732 2084 827 2130 aut
874 2075 1162 2145 personale
1216 2076 1490 2147 singulare
1539 2092 1762 2140 nomen,
1817 2076 1913 2131 sed

345 2182 518 2226 totum
555 2185 726 2241 genus
762 2168 1065 2231 humanum
1098 2168 1388 2238 signiﬁcat,
1423 2168 1615 2223 dicens
1646 2186 1660 2220 :
1693 2167 1812 2224 Non
1839 2175 1917 2221 est

345 2260 535 2314 bonum
569 2260 853 2322 hominem,
879 2273 989 2311 esse
1025 2255 1219 2321 solum,
1254 2259 1511 2327 faciamus
1538 2258 1583 2310 ei
1617 2257 1918 2328 adjutorem

344 2356 478 2408 sicut
504 2352 679 2422 ipsum
700 2366 719 2404 :
743 2344 851 2404 hoc
873 2359 978 2415 est,
1007 2359 1181 2404 totum
1219 2348 1449 2413 homini,
1494 2358 1666 2404 totum
1699 2348 1912 2419 generi,

348 2455 529 2500 totum
553 2454 765 2498 natura:
790 2443 1063 2496 humanae.
1086 2441 1256 2510 quue
1278 2450 1363 2495 est
1389 2441 1515 2494 hinc
1541 2441 1913 2510 perspicuum.

345 2535 575 2603 Quando
610 2535 757 2589 enim
792 2533 1012 2587 volebat
1050 2531 1233 2586 facere
1283 2529 1575 2594 diluvium,
1623 2530 1915 2586 audiamus

346 2624 687 2697 Scripturam
734 2625 1006 2679 dicentem
1055 2642 1069 2677 :
1120 2624 1188 2678 Et
1240 2625 1479 2693 paenituit
1528 2622 1698 2676 Deum
1740 2622 1918 2691 fecisse

342 2717 647 2784 hominem,
692 2719 800 2772 hoc
835 2729 939 2781 est,
976 2724 1150 2771 totum
1197 2730 1390 2786 genus.
1433 2715 1501 2769 Et
1543 2729 1775 2768 rursus:
1811 2712 1916 2766 De-

345 2805 459 2862 IEbo
497 2808 759 2862 hominem
793 2822 946 2877 quem
986 2807 1103 2876 feci.
1151 2806 1218 2859 Et
1258 2820 1492 2858 rursus:
1536 2802 1804 2865 Inclinato
1840 2811 1919 2857 est

346 2896 572 2951 hominis
614 2895 861 2964 cogitatio
908 2894 976 2948 ad
1011 2893 1177 2948 mala.
1209 2892 1494 2959 Quomodo
1537 2908 1669 2963 ergo
1712 2892 1917 2947 eaedem

345 3004 512 3043 voces
556 2994 685 3041 sunt
714 2987 781 3041 de
824 2995 937 3040 toto
968 3001 1168 3057 genere
1198 2985 1458 3048 humano,
1500 2985 1576 3039 ita
1625 2983 1793 3039 etiam
1825 2982 1918 3037 illa

346 3096 469 3149 qua:
488 3079 621 3132 dicit
640 3098 653 3131 :
672 3075 789 3132 Non
815 3078 1006 3131 bonum
1036 3086 1109 3130 est
1139 3078 1400 3130 hominem
1422 3092 1529 3129 esse
1548 3074 1747 3141 solum,
1771 3076 1918 3131 dicta

345 3180 433 3226 est
464 3172 518 3224 in
540 3170 858 3225 universum
885 3170 1162 3223 hominem
1183 3167 1488 3222 :Faciamus
1525 3169 1572 3221 ei
1608 3168 1923 3239 adjutricem

347 3266 479 3319 sicut
508 3266 700 3338 ipsum.
741 3265 952 3316 Rursus
994 3262 1260 3317 adhortor
1289 3259 1558 3317 Judaeum
1588 3269 1645 3315 et
1670 3259 1921 3316 Graecum

349 3370 449 3409 seu
494 3355 754 3425 gentilem
800 3361 860 3408 ut
903 3362 1114 3427 quaarat
1159 3362 1216 3407 et
1260 3353 1543 3423 possideat
1575 3352 1727 3407 illam
1761 3352 1921 3423 adju-

348 3448 544 3501 tricem
592 3462 757 3516 quam
804 3446 953 3502 Deus
999 3445 1132 3501 fecit
1170 3445 1239 3500 ad
1282 3444 1562 3499 ferendam
1615 3461 1775 3515 opem
1816 3444 1922 3499 toti

348 3538 541 3609 generi
565 3537 853 3592 hominum
874 3555 886 3590 :
906 3536 1236 3608 adiutricem
1256 3553 1367 3591 non
1391 3538 1575 3594 carnis
1592 3545 1650 3593 et
1667 3537 1921 3606 volupta-

352 3629 444 3693 tis,
481 3645 592 3683 non
638 3629 865 3684 seminis
895 3636 951 3683 et
984 3628 1298 3699 sanguinis;
1337 3628 1660 3699 adiutricem
1702 3637 1758 3683 et
1785 3643 1921 3684 con-

343 3720 555 3791 iugem,
598 3728 656 3775 et
715 3735 836 3789 quae
884 3735 1233 3790 nequaquam
1285 3719 1392 3775 fuit
1436 3720 1767 3786 insidiatrix,
1825 3718 1923 3775 sed

348 3811 630 3875 salutaris,
683 3810 779 3865 sed
829 3810 1227 3876 conservatrix,
1290 3810 1387 3865 sed
1437 3810 1776 3876 illuminans,
1824 3809 1922 3865 sed

352 3902 638 3967 benevola,
664 3910 885 3971 peccata
913 3894 1173 3973 purgans;
1199 3918 1307 3957 non
1349 3901 1577 3967 faciens,
1605 3903 1660 3957 in
1696 3918 1925 3973 regnum
1964 3922 1969 3927 ·

347 3991 448 4047 Dei
482 3991 862 4055 introducens,
912 4007 1020 4045 non
1046 4007 1114 4046 ex
1157 4007 1223 4046 eo
1262 3991 1562 4060 ex'pelletis,
1598 3992 1925 4062 adiutricem

349 4097 479 4151 qua:
523 4081 667 4150 parit
714 4080 857 4137 ﬁlios
895 4082 1023 4136 vita:
1074 4088 1131 4136 et
1191 4080 1440 4145 haeredes
1487 4081 1615 4136 vitae
1661 4090 1922 4151 aeternae;

347 4171 677 4242 adiutricem
709 4187 832 4241 quae
865 4187 1090 4241 magnos
1128 4168 1295 4226 eﬁicit
1342 4173 1641 4243 apostolos,
1687 4181 1745 4227 et
1788 4171 1924 4227 facit

347 4262 681 4334 publicanos
719 4262 1082 4334 evangelistas
1112 4263 1415 4334 theologos,
1464 4262 1756 4333 redditque
1807 4279 1925 4320 me-

349 4355 584 4410 retrices
625 4354 1356 4425 virginibushonestiorcs;
1410 4354 1736 4426 adiutricem
1804 4372 1925 4426 quae

2026 1815 2138 1861 tem
2168 1804 2442 1860 sententia
2471 1814 2556 1859 est
2593 1803 2760 1859 etiam
2794 1803 2886 1857 ille
2916 1803 2971 1856 in
3005 1803 3279 1873 theologia
3303 1802 3595 1857 celeberri—

2024 1894 2503 1967 mus‘Eustachius
2528 1894 2884 1949 concionator
2914 1902 2970 1947 et
2998 1903 3227 1963 martyr,
3262 1902 3318 1947 et
3347 1908 3597 1950 summus

2023 1984 2214 2040 doctor
2245 1982 2437 2055 synodi
2465 1982 2716 2047 Nicaenaa,
2751 1984 2841 2038 cui
2870 1999 3039 2053 pareo
3069 1992 3124 2037 et
3166 1998 3327 2052 quem
3364 1999 3598 2052 seqror,

2023 2085 2085 2133 ut
2114 2093 2144 2132 a
2177 2078 2290 2131 Deo
2318 2075 2557 2130 aﬂlatum
2592 2087 2920 2131 curatorem.
2969 2075 3154 2130 Multis
3181 2077 3329 2130 enim
3377 2075 3557 2130 modis
3578 2116 3598 2141 ,

2023 2171 2103 2225 ait
2136 2170 2227 2225 ille
2267 2169 2450 2234 Pater,
2488 2168 2730 2223 discerni
2779 2176 2959 2238 potest
2990 2168 3187 2223 horum
3234 2168 3598 2225 animantith

2022 2270 2080 2318 et
2114 2264 2399 2317 volucrum
2435 2261 2746 2316 diﬁ‘erentia
2784 2270 2840 2316 et
2887 2260 3300 2315 dissimilitudo.
3336 2246 3599 2316 'Primuns

2023 2369 2120 2424 per
2152 2354 2276 2418 hoc,
2304 2353 2452 2422 quod
2486 2353 2624 2406 dixit
2662 2371 2674 2405 :
2706 2352 2774 2406 Et
2794 2352 2951 2418 ﬁnxit
2976 2352 3231 2406 Dominus
3256 2351 3396 2405 Deus
3424 2353 3598 2406 adhuc

2023 2462 2086 2500 ea:
2110 2453 2273 2501 terra.
2298 2445 2417 2500 Non
2433 2445 2580 2500 enim
2604 2445 2914 2500 invenimus
2934 2445 3029 2498 Dei
3052 2445 3257 2513 plasma
3278 2444 3342 2498 ad
3368 2444 3600 2513 ﬁgmen-
3650 2479 3656 2485 -

2023 2544 2141 2589 tum
2173 2533 2279 2588 nisi
2311 2533 2612 2588 hominem.
2646 2533 2861 2587 Rursus
2881 2547 2981 2600 per
3011 2532 3119 2586 hoc
3147 2532 3294 2602 quod
3314 2532 3480 2603 905.
3513 2532 3602 2587 di-

2023 2626 2368 2690 citzddhuc,
2403 2624 2644 2679 ostendit
2680 2623 2987 2693 Scriptura,
3039 2625 3285 2693 quaedam
3341 2626 3432 2681 hic
3494 2626 3603 2683 alia

2022 2717 2242 2787 praedici
2291 2717 2587 2771 animantia
2627 2725 2683 2770 et
2707 2716 2960 2770 volucres
3004 2726 3206 2786 prteter
3234 2718 3441 2786 priora.
3480 2717 3603 2774 Non

2023 2808 2169 2864 enim
2215 2808 2479 2877 scriptum
2531 2817 2617 2861 est
2662 2806 2868 2876 primas
2907 2807 3161 2861 volucres
3210 2808 3422 2876 genitas
3474 2823 3601 2863 esse

2025 2916 2091 2956 ex
2140 2910 2306 2966 terra,
2360 2900 2456 2955 sed
2504 2916 2570 2954 ex
2622 2899 2799 2969 aquis.
2856 2898 2948 2953 Hae
2978 2908 3162 2953 autem
3209 2899 3405 2969 genitae
3470 2910 3605 2957 sunt

2024 3006 2092 3046 ex
2138 2998 2303 3054 terra,
2330 2990 2442 3043 imo
2464 3002 2595 3043 vero
2617 3003 2782 3041 manu
2806 2988 3026 3056 propria
3062 2987 3200 3042 ﬁctae
3225 2995 3354 3041 sunt
3388 3004 3418 3041 a
3453 2989 3603 3057 Deo,
3652 3006 3655 3009 ·

1948 3114 1991 3176 C
2024 3089 2082 3135 et
2118 3095 2229 3137 non
2269 3081 2449 3149 jussu.
2485 3078 2750 3133 Similiter
2779 3085 2837 3132 et
2871 3094 2968 3147 per
3001 3079 3106 3132 hoc
3127 3079 3271 3147 quod
3308 3078 3445 3133 dicit
3487 3094 3606 3132 om-

2028 3186 2128 3226 nes
2152 3171 2427 3235 volucres,
2474 3179 2530 3225 et
2557 3184 2748 3224 omnes
2791 3169 3000 3223 beslias
3047 3185 3196 3224 nunc
3238 3186 3266 3224 a
3318 3170 3430 3223 Deo
3481 3186 3604 3225 esse

2028 3256 2204 3328 ﬁctas,
2250 3276 2363 3316 non
2418 3261 2511 3315 dat
2541 3261 2722 3315 locum
2752 3260 2970 3314 dicendi
3000 3260 3150 3330 quod
3193 3261 3348 3330 prius
3377 3260 3603 3332 quidem

2028 3350 2186 3407 faeta
2211 3360 2359 3417 sunt,
2394 3367 2545 3406 nunc
2570 3361 2753 3406 autem
2792 3367 2938 3421 pars.
2968 3352 3124 3408 Unde
3157 3368 3258 3406 nec
3305 3354 3359 3406 in
3399 3352 3487 3407 his
3523 3352 3606 3408 eis

2029 3443 2329 3515 quidquam
2359 3443 2609 3513 praecipit
2626 3443 2770 3497 Deus
2791 3441 2860 3497 de
2884 3458 2982 3497 esu
3006 3444 3300 3497 seminum.
3321 3443 3455 3496 Nam
3482 3457 3605 3512 qua

2030 3535 2420 3607 ingrediuntur
2479 3535 2793 3605 paradisum
2840 3534 3066 3588 herbam
3125 3550 3237 3588 non
3282 3535 3604 3596 comedunt,

2030 3624 2128 3680 sed
2169 3618 2333 3679 omne
2377 3623 2583 3693 lignum
2615 3622 2905 3692 pulchrum
2934 3622 3003 3676 ad
3050 3620 3383 3685 videndum,
3414 3630 3472 3675 et
3502 3621 3606 3676 bo-

2031 3730 2162 3770 num
2201 3710 2270 3769 ad
2311 3713 2709 3769 comedendum
2744 3731 2757 3767 :
2801 3722 2859 3768 et
2893 3713 3130 3767 maxime
3158 3728 3225 3767 ex
3264 3713 3413 3783 ligno
3456 3713 3605 3778 vita,

2028 3822 2229 3877 nempe
2252 3806 2600 3876 Cltristo,qui
2629 3806 2745 3861 haec
2769 3820 2989 3874 quoque
3017 3803 3259 3859 viviﬁcat
3282 3802 3605 3861 animantia.

2030 3899 2212 3966 Quare
2262 3896 2373 3953 dici
2440 3906 2622 3967 potest
2671 3897 2817 3967 quod
2867 3897 2951 3950 ba:
3007 3896 3194 3949 bestia:
3234 3905 3364 3950 sunt
3414 3905 3607 3966 gentes

2031 3989 2441 4055 ecclesiasticae,
2498 4005 2620 4059 qua:
2672 3989 2728 4042 in
2788 3987 3034 4042 Ecclesia
3065 4003 3115 4041 —a
3156 3986 3268 4041 Deo
3315 3996 3444 4042 sunt
3477 4003 3608 4042 cou-

2033 4089 2298 4152 gregataa;
2325 4082 2412 4135 vel
2441 4079 2587 4149 quod
2613 4060 2880 4148 equorum
2913 4086 2968 4132 et
2990 4093 3150 4134 suum
3183 4084 3240 4131 et
3270 4079 3606 4132 camelorum

2032 4182 2089 4227 et
2135 4171 2319 4226 ovium
2379 4171 2654 4227 stabulum
2710 4168 2875 4224 hodie
2925 4177 3011 4224 est
3060 4168 3368 4238 paradisus.
3414 4166 3604 4237 Neque

2032 4262 2385 4319 contenderis
2413 4281 2427 4315 :
2451 4278 2576 4317 nam
2602 4271 2663 4316 ut
2684 4260 2917 4314 maxime
2935 4256 3254 4321 contendas,
3285 4274 3393 4311 non
3416 4267 3605 4312 osten—

2033 4355 2181 4411 deris
2225 4353 2373 4424 quod
2417 4369 2481 4407 ea
2525 4350 2780 4429 animalia
2826 4336 3053 4420 egressa
3086 4356 3214 4402 sunt
3252 4364 3283 4402 e
3314 4346 3603 4416 paradiso,

346 4446 597 4501 viviﬁcat
643 4454 909 4511 mortuos,
940 4455 997 4500 et
1040 4448 1232 4501 orbem
1261 4458 1421 4502 terrae
1449 4447 1652 4502 excitat
1677 4463 1747 4503 ex
1779 4462 1927 4502 mor-
1958 4468 2000 4521 ι)
2032 4462 2099 4499 ex
2140 4461 2250 4514 quo
2293 4444 2382 4499 die
2409 4460 2472 4498 ea
2515 4442 2821 4497 introduxit
2846 4448 2902 4494 et
2924 4439 3275 4508 congregavit
3302 4438 3600 4503 Dominus.

351 4537 653 4593 tiﬁcatione
689 4537 1044 4604 idololatriae;
1092 4537 1416 4608 adiutricem
1449 4537 1735 4603 invictam,
1766 4538 1925 4610 adju-

350 4628 553 4681 tricem
595 4628 1103 4698 inexpugnabilem,
1154 4626 1481 4696 adiutricem
1530 4629 1793 4686 certando
1838 4629 1925 4684 in-

351 4716 728 4786 superabilem
769 4724 827 4772 et
882 4717 1190 4771 infractam.
1242 4715 1436 4789 omnia
1500 4735 1686 4789 regna,
1736 4734 1928 4773 omnes

355 4809 674 4880 progenies,
708 4824 901 4864 omnes
925 4808 1123 4873 tribus,
1153 4816 1209 4862 et
1237 4823 1435 4863 omnes
1456 4808 1655 4879 linguze
1681 4809 1925 4880 gentium

351 4900 429 4953 ab
451 4913 514 4952 ea
545 4907 674 4952 sunt
699 4907 948 4953 servatae.
976 4896 1095 4964 Ipsa
1120 4896 1365 4965 iacentes
1388 4897 1584 4959 erexit,
1619 4895 1735 4964 ipsa
1766 4906 1897 4949 cura

350 4993 441 5043 vit
474 4988 745 5054 inﬁrmos,
774 4989 888 5058 ipsa
919 4970 1211 5043 recreavit
1235 4995 1567 5041 creaturam.
1601 4985 1669 5040 Et
1700 4985 1824 5040 ideo
1863 4982 1932 5038 de

353 5083 479 5148 ipsa
505 5084 637 5137 dixit
665 5080 931 5137 Dominus
958 5081 1122 5142 Deus,
1146 5081 1212 5135 de
1232 5079 1502 5146 Ecclesia,
1530 5078 1792 5148 inquam:
1814 5076 1935 5133 Non

352 5186 441 5232 est
463 5177 653 5236 bonum
685 5176 946 5230 hominem
978 5191 1090 5230 esse
1110 5173 1303 5230 solum.
1341 5172 1403 5227 Et
1427 5184 1716 5244 propterea
1734 5173 1784 5229 ei
1810 5173 1932 5227 uni-

356 5254 459 5325 tus
490 5278 576 5324 est
623 5266 763 5323 Deus
796 5266 1061 5330 Verbum,
1111 5277 1169 5322 ut
1198 5282 1306 5322 non
1363 5269 1434 5321 sit
1482 5267 1716 5337 amplius
1766 5265 1935 5320 homo

353 5363 544 5429 solus,
572 5360 668 5416 sed
693 5377 815 5417 cum
834 5358 948 5416 Deo
970 5366 1137 5421 to‘tns.
1162 5376 1271 5414 non
1296 5360 1472 5414 solum
1495 5359 1552 5414 in
1577 5373 1682 5413 una
1713 5357 1937 5424 quidem

354 5453 676 5525 hypostasi,
710 5454 807 5508 sed
836 5436 999 5508 etiam
1035 5452 1253 5524 quando
1286 5452 1336 5506 ei
1375 5467 1473 5521 per
1504 5450 1767 5506 virtutem
1814 5449 1936 5504 uni-

354 5556 479 5603 tnr.
506 5543 798 5599 Faciamus
832 5545 879 5600 ei
914 5545 1236 5614 adiutricem
1267 5545 1408 5598 sicut
1439 5545 1638 5614 ipsum.

2027 4536 2096 4591 Et
2125 4536 2170 4589 si
2201 4534 2434 4589 haberes
2460 4535 2668 4597 oculos,
2700 4541 2756 4586 et
2774 4546 2884 4585 non
2912 4529 3229 4599 impositum
3250 4538 3395 4582 esset
3424 4529 3604 4581 velum

2026 4627 2347 4697 ignorantiae
2389 4622 2555 4694 super
2602 4624 2818 4687 faciem,
2870 4621 3108 4684 videres,
3134 4620 3192 4674 si
3241 4620 3429 4680 velles,
3474 4634 3608 4673 con-

2028 4729 2276 4789 gregatas
2306 4717 2402 4771 has
2430 4716 2634 4771 bestias
2661 4715 2770 4785 agri
2800 4713 3135 4767 unanimiter
3158 4712 3223 4766 ad
3263 4711 3606 4782 spiritualem

2028 4808 2300 4863 Adamum
2358 4824 2385 4860 a
2416 4807 2527 4860 Deo
2582 4821 2701 4860 esse
2741 4806 3102 4868 introductus,
3135 4819 3255 4872 quae
3310 4802 3439 4856 olim
3485 4801 3608 4871 qui-

2028 4899 2152 4954 dem
2182 4898 2283 4953 fuit
2306 4899 2495 4961 leaena,
2530 4894 2859 4959 Chaldmam,
2890 4912 3011 4966 qua:
3039 4896 3167 4949 olim
3204 4910 3334 4948 vero
3363 4892 3563 4972 pardus
3586 4932 3603 4958 ,

2027 4989 2418 5045 Macedoniam.
2449 4989 2555 5043 Has
2583 4989 2729 5043 enim
2755 4988 2852 5042 tibi
2876 4986 3077 5042 bestias
3103 4985 3395 5055 appellavit
3439 4986 3603 5039 etiam

2028 5082 2223 5137 Daniel
2259 5081 2326 5135 ³⁸.
2373 5080 2492 5135 Nec
2527 5080 2627 5134 has
2653 5080 2855 5145 solum,
2908 5080 3002 5134 sed
3056 5080 3223 5133 etiam
3281 5076 3603 5143 elephantes

2028 5172 2338 5243 Ethiopes,
2370 5181 2427 5227 et
2461 5173 2729 5227 dracones
2759 5173 3076 5246 Thebaidis,
3104 5179 3159 5224 et
3186 5169 3404 5239 aspidas
3435 5167 3595 5237 Egy-

2028 5265 2131 5335 pti,
2181 5274 2237 5319 et
2279 5264 2467 5319 leones
2495 5262 2808 5334 Babylonis,
2834 5273 2890 5318 et
2919 5264 3077 5332 lupos
3102 5259 3335 5335 Arabiae,
3373 5268 3429 5314 et
3456 5269 3604 5311 stru-

2031 5355 2387 5410 thiocamelos
2411 5364 2466 5410 et
2487 5371 2721 5426 onagros
2759 5354 3048 5425 Cyrenazos
3080 5369 3093 5405 :
3131 5352 3213 5405 lue
3244 5363 3433 5404 omnes
3476 5353 3602 5401 sunt

2032 5460 2179 5501 unus
2199 5461 2328 5515 grex
2357 5445 2658 5500 bestiarum
2680 5459 2802 5512 qua:
2831 5442 3057 5496 aluntur
3103 5439 3157 5492 in
3206 5437 3321 5506 ipsa
3357 5433 3601 5489 Ecclesia

2031 5538 2320 5611 adiutrice.
2344 5538 2419 5591 De
2449 5545 2649 5591 caetero
2682 5534 2889 5604 aspice,
2920 5532 3127 5597 Iudaee,
3160 5527 3456 5594 etvide,ct
3483 5523 3599 5580 noli

423 5689 539 5747 “ll
566 5686 693 5747 Cor.
725 5688 909 5759 v,20;
942 5692 1140 5762 Ephes.
1182 5709 1255 5760 vr,
1286 5693 1376 5748 20.
1455 5693 1494 5725 ³⁷
1535 5692 1579 5747 Π
1619 5692 1747 5748 Cor.
1767 5709 1828 5761 ,v,
1879 5694 1965 5748 l7.
2040 5693 2085 5726 ⁸⁸
2126 5693 2259 5747 Dan.
2302 5706 2394 5757 γη,
2430 5691 2653 5762 passim.
