4056 6148
485 249 593 313 995

1688 250 1749 309 s.
1792 194 2189 327 AN.tsr.-tstt
2227 242 2550 303 sm».th

3626 251 3730 315 998

483 367 755 432 perpetuo
797 360 1077 415 cascntire.
1127 359 1389 431 Ingressa:
1412 357 1588 411 bestia:
1618 357 1712 410 sub
1748 354 1943 408 tectum
1987 352 2053 416 ",
2087 362 2128 411 Α
2158 347 2283 402 dem
2308 332 2585 419 εριιίριιιιιι
2603 354 2687 403 est
2713 364 2726 401 :
2760 345 3038 404 Faciamus
3065 352 3325 406 hominem
3350 355 3421 409 ad
3447 357 3731 431 imaginem

485 460 546 507 ut
574 452 710 507 dicit
743 451 848 507 Job
883 470 896 504 :
941 451 1199 522 Ingressa:
1233 459 1377 516 sunt,
1422 461 1469 504 et
1506 466 1608 503 non
1656 457 1780 502 sunt
1814 461 2051 517 egressae.

482 543 741 613 Agrestes
786 541 934 596 enim
966 541 1095 596 ferae
1128 555 1321 611 pacem
1361 530 1619 611 egerunt,
1650 539 1762 592 Deo
1794 537 2051 591 dicente:

483 633 798 687 Benedicent
850 649 933 685 me
965 647 1142 686 omnes
1183 632 1358 702 bestiae
1402 631 1539 701 agri,
1586 632 1783 684 sirenas
1834 636 1882 681 et
1925 626 2055 695 ﬁlia:

478 724 1033 779 struthiocamelorum
1064 723 1171 776 ἠε
1222 722 1481 793 quoniam
1529 737 1663 776 meae
1712 729 1840 775 sunt
1862 735 2054 774 omnes

481 817 668 871 bestia:
699 823 835 887 agrt,
864 824 919 869 ct
943 830 1134 870 omnes
1165 816 1419 869 volucres
1447 813 1571 869 caeli
1593 813 1843 883 “.Aperi
1889 827 2053 866 aures

482 918 621 972 tuas,
663 916 721 964 et
770 924 840 963 ne
870 909 945 962 sis
982 908 1183 962 surdus
1226 906 1368 961 sicut
1399 906 1565 976 aspis,
1591 923 1710 976 quat
1743 922 1853 960 non
1882 921 2051 960 exau-

477 998 594 1053 diet
622 1013 812 1053 vocem
856 996 1189 1054 incantantis
1218 998 1284 1052 δ’.
1317 999 1523 1063 Bestia,
1557 999 1661 1053 hoc
1696 998 1792 1053 tibi
1833 999 2049 1067 loquor.

476 1089 680 1153 Bestia,
713 1089 812 1143 tibi
844 1104 1000 1144 cano.
1031 1089 1233 1155 Bestia,
1265 1089 1388 1143 volo
1422 1098 1472 1143 te
1506 1089 1588 1161 (ut
1618 1088 1692 1143 sis
1725 1091 1865 1157 ovis)
1896 1104 2052 1143 man-

477 1182 779 1247 suefacere,
817 1191 871 1236 et
899 1183 1011 1236 Deo
1050 1197 1392 1236 consecrare.
1428 1183 1625 1235 Annon
1659 1191 1710 1235 te
1738 1181 1925 1251 pudet,
1964 1180 2053 1237 dic

408 1261 423 1268 ’
477 1290 630 1346 rogo,
673 1274 817 1345 quod
862 1275 1098 1341 leonem,
1134 1284 1192 1329 et
1212 1275 1462 1340 leaenam,
1497 1282 1553 1329 et
1585 1290 1797 1338 ursum,
1842 1283 1898 1328 et
1924 1272 2089 1358 par-il

475 1365 629 1430 dum,
680 1377 735 1420 et
766 1366 1083 1430 draconem,
1116 1372 1172 1419 et
1214 1365 1482 1434 aspidem,
1510 1358 1572 1418 et
1620 1365 1809 1434 lupum
1835 1373 1891 1419 et
1923 1363 2085 1417 ona-'

473 1470 632 1525 grum
668 1455 971 1509 introduxit
1003 1456 1057 1509 in
1095 1456 1412 1526 paradisum
1441 1458 1723 1520 Ecclesim,
1753 1466 1812 1512 ut
1840 1448 2087 1557 aleren-j

475 1553 582 1607 tur,
607 1554 663 1598 et
687 1544 1023 1609 fruerentur,
1055 1555 1112 1600 et
1158 1560 1216 1600 se
1253 1546 1541 1615 explerent
1565 1540 1782 1601 deliciis
1806 1560 1874 1600 ex
1902 1545 2051 1600 Omni
2071 1540 2085 1628 ι’
2125 1594 2134 1605 ,

470 1633 622 1704 ligno
641 1634 895 1703 pulchro,
920 1641 976 1688 et
1000 1635 1342 1699 lmtarentur,
1368 1644 1425 1690 et
1454 1636 1787 1691 satiarentur
1809 1653 1875 1691 ex
1901 1630 2103 1708 ligno

2160 448 2430 505 nostram;
2473 439 2579 494 hoc
2609 447 2715 504 est,
2744 454 2812 494 ex
2840 442 3120 496 communi
3151 458 3423 501 consensu
3445 448 3730 516 plenitudo

2157 530 2449 585 Trinitatis
2468 531 2606 586 dicit
2630 531 2765 586 illud
2789 526 3122 589 :Faciamits.
3156 524 3423 593 Similiter
3453 539 3543 596 hic
3564 542 3729 599 dicit:

2154 624 2275 678 Non
2310 623 2501 699 bonum
2548 633 2621 678 est
2692 626 2956 680 hominem
2993 616 3101 681 esse
3143 618 3339 695 solum,
3381 632 3643 700 faciamus
3685 645 3734 692 ei

2159 716 2477 786 adjutricem
2506 718 2639 770 sicut
2660 718 2832 787 ipsum
2851 733 2868 771 :
2885 717 2993 774 hoc
3012 728 3116 784 est,
3145 735 3175 774 a
3201 721 3309 776 Deo
3334 723 3558 780 factum.
3584 728 3733 794 Quo-

2157 809 2304 863 niam
2339 818 2523 863 aulem
2554 808 2626 864 sit
2648 809 2764 864 hate
2792 825 2822 864 a
2858 808 2973 886 Deo
2996 810 3122 866 ﬁcta
3156 812 3415 884 adjutrix,
3441 817 3568 871 audi
3604 833 3621 872 :
3658 821 3729 874 Et

2154 894 2312 962 ﬁnxit
2362 893 2620 949 Dominus
2660 894 2800 950 Deus
2843 898 3012 951 adhuc
3044 915 3108 953 ea:
3146 908 3288 955 terra
3332 920 3511 959 omnes
3538 907 3731 964 bestias

2155 988 2294 1056 agri,
2334 995 2384 1040 et
2409 1000 2586 1040 omnes
2616 986 2848 1042 volucres
2880 989 3015 1067 creti.
3052 990 3177 1047 Haec
3205 999 3288 1046 est
3320 995 3581 1065 adjutrix,
3615 1000 3729 1055 hzec

2152 1086 2238 1132 est
2274 1093 2422 1148 grex,
2458 1079 2575 1134 haec
2609 1087 2693 1134 est
2729 1089 2916 1135 nostra
2954 1082 3193 1139 ferarum
3235 1087 3530 1144 animantia
3575 1092 3732 1162 adjud

2158 1168 2261 1221 trix
2291 1168 2561 1224 Ecclesia.
2580 1169 2738 1236 Nam,
2774 1171 2918 1226 sicut
2945 1173 3085 1229 dixit
3113 1175 3260 1230 Deus
3286 1176 3601 1235 :Faciamus
3630 1184 3725 1236 hoc

2154 1259 2310 1312 minis
2338 1259 2671 1329 adjutricem,
2694 1262 2879 1316 statim
2903 1262 3070 1316 etiam
3099 1253 3372 1333 ejusmodi
3400 1268 3726 1340 adjutricem

2152 1364 2183 1403 a
2217 1350 2331 1405 Deo
2366 1350 2547 1406 ﬁctam
2570 1354 2881 1408 constituit.
2908 1354 2976 1410 Et
2997 1359 3216 1425 quando
3240 1373 3270 1413 e
3309 1368 3454 1414 terra
3480 1364 3727 1431 genitum

2154 1440 2377 1509 quidem
2400 1440 2533 1497 facit
2562 1443 2866 1510 hominem,
2902 1459 2933 1500 e
2960 1454 3103 1500 terra
3125 1449 3363 1516 genitus,
3390 1458 3447 1504 et
3478 1451 3726 1521 ejusdem

2154 1530 2314 1587 simul
2363 1534 2519 1605 cujus
2566 1534 2683 1605 ipse
2723 1545 2810 1591 est
2839 1538 3092 1593 essentia:
3127 1538 3430 1593 Eeclesi'am
3461 1541 3594 1596 dicit
3626 1558 3726 1612 ρεισ-

2126 1623 2421 1689 ‘radisum’,
2447 1633 2503 1679 et
2528 1626 2800 1696 lignorum
2825 1628 3239 1698 plantationem.
3279 1629 3509 1696 Quando
3539 1641 3725 1688 autem

471 1725 598 1779 vita:
630 1743 643 1779 :
692 1736 749 1780 et
785 1726 986 1780 stetisti
1035 1742 1160 1781 cum
1198 1728 1350 1793 feris,
1376 1743 1500 1782 cum
1547 1729 1623 1784 sis
1652 1729 1747 1783 Dei
1778 1730 1917 1794 ovis,
1954 1706 2048 1799 qui
2083 1706 2121 1760 Β
2151 1722 2303 1768 creat
2325 1730 2389 1769 ac
2404 1715 2706 1772 fabricam"
2729 1733 2848 1772 eam
2872 1735 2992 1788 (1οω
3016 1718 3222 1773 (Ποίων
3237 1719 3367 1785 Vita.
3387 1721 3724 1792 ῦηείιειίειηι

471 1815 625 1872 fuisti
670 1819 971 1888 aliquando
1012 1836 1308 1890 germanus
1350 1821 1797 1892 primogenitus?
1850 1821 2048 1876 Bestia:

470 1917 603 1961 sunt
638 1908 920 1979 subjectus,
956 1918 1011 1965 et
1037 1911 1296 1981 ingressce
1319 1912 1529 1966 suntin
1556 1911 1857 1977 stabulum,
1890 1924 1945 1965 et
1966 1922 2045 1977 ttt,

466 1984 566 2064 qui
609 1996 850 2053 debebas
892 2014 1019 2054 esse
1065 2009 1253 2069 pastor
1290 2000 1615 2068 bestiarum,
1659 2002 1880 2057 evasisti
1934 2000 2050 2057 fera

471 2089 758 2159 agrestior.
804 2090 935 2145 Vide
983 2091 1133 2145 enim
1189 2092 1332 2161 quod
1380 2093 1694 2163 signiﬁcans
1736 2094 1881 2149 Deus
1926 2109 2048 2149 esse

470 2187 663 2247 gentes
709 2192 830 2250 quae
870 2183 1117 2236 secundo
1153 2182 1277 2238 loco
1320 2183 1389 2238 ab
1422 2200 1489 2239 eo
1522 2184 1681 2239 factae
1706 2193 1835 2239 sunt
1866 2193 1920 2239 et
1948 2185 2046 2240 ad-

472 2268 653 2326 ductae
691 2280 821 2325 sunt
847 2272 916 2326 ab
953 2272 1164 2327 Adamo
1210 2274 1265 2327 in
1308 2274 1642 2344 paradisum,
1679 2290 1773 2329 eas
1801 2276 2048 2329 nomina-

468 2362 548 2416 vit
597 2361 825 2426 bestias,
862 2362 1054 2416 dicens
1086 2378 1186 2432 per
1230 2363 1601 2433 scriptorem:
1641 2364 1709 2418 Et
1756 2364 2049 2433 ﬁnxit'Do-

472 2455 645 2507 minus
681 2452 821 2507 Deus
857 2454 1028 2506 adhuc
1071 2471 1134 2508 ea:
1174 2463 1318 2508 terra
1356 2472 1533 2509 omnes
1576 2454 1769 2511 bestias
1822 2458 1960 2528 agri,
1998 2465 2047 2511 et

467 2560 644 2597 omnes
671 2543 907 2598 volucres
931 2543 1065 2597 caeli.
1102 2544 1324 2599 Fierine
1349 2552 1534 2614 potest
1602 2552 1661 2600 ut
1699 2547 1926 2600 omnino
1955 2563 2048 2602 ve-

469 2635 582 2689 niat
613 2636 668 2688 in
709 2644 949 2689 mentem
984 2643 1045 2688 ut
1074 2636 1244 2701 Deus,
1282 2636 1377 2706 qui
1417 2635 1750 2691 Cherubinis
1798 2646 1853 2692 et
1881 2638 2046 2693 Sera-

468 2725 655 2795 phinis
695 2734 780 2780 est
807 2725 1329 2795 incontemplabilis,
1358 2737 1415 2782 et
1441 2726 2042 2798 incomprehensibilis,

468 2823 522 2869 et
552 2816 1154 2887 inappropinquabilis,
1209 2817 1299 2873 cui
1327 2833 1452 2873 cum
1503 2826 1652 2874 metu
1700 2828 1757 2875 et
1808 2829 2045 2875 tremore

468 2924 664 2963 omnes
694 2910 1067 2980 intelligentes
1082 2911 1319 2966 virtutes
1337 2911 1546 2965 cultum
1569 2911 1853 2978 exhibent,
1878 2928 2044 2983 quem

469 3013 630 3052 nemo
658 2997 946 3052 hominum
980 3000 1122 3054 vidit
1158 3000 1226 3066 ⁸³,
1263 3015 1446 3070 neque
1496 3007 1679 3070 potest
1704 2999 1892 3055 videre
1926 3002 2045 3071 ejus
2072 3039 2115 3099 ο

467 3089 664 3145 faciem
719 3099 775 3146 et
808 3091 1019 3159 vivere,
1064 3091 1112 3147 is
1155 3092 1252 3161 qui
1299 3107 1469 3161 supra
1511 3092 1682 3146 caelos
1724 3101 1782 3146 et
1825 3106 2044 3147 omnem

468 3182 838 3252 principatum
865 3190 922 3238 et
951 3191 1302 3253 potestatem,
1339 3190 1424 3237 est
1454 3181 1597 3252 ignis
1623 3196 1956 3236 consumens
1975 3182 2041 3248 ιδ,

464 3283 692 3344 accepta
731 3274 909 3329 forma
953 3275 1260 3345 cquisonis,
1293 3290 1490 3345 equos,
1539 3274 1634 3329 sed
1675 3284 1731 3331 et
1782 3276 2045 3346 luposet

468 3365 705 3420 camelos
745 3365 1005 3419 manibus
1042 3365 1267 3420 trahens
1296 3365 1471 3418 instar
1510 3363 1746 3418 ministri
1775 3363 1843 3416 ad
1873 3363 2043 3418 Adam

467 3460 727 3522 attrahat,
755 3467 817 3513 ut
843 3458 1028 3513 videat
1055 3458 1189 3528 quid
1220 3458 1292 3513 sit
1325 3472 1391 3512 ea
1420 3464 1721 3511 vocaturus
1759 3473 1772 3511 :
1799 3455 1895 3526 qui
1921 3472 2043 3511 om-

466 3551 554 3604 nia
593 3551 717 3616 scit,
750 3559 811 3605 ut
841 3551 1004 3614 Deus,
1049 3558 1177 3605 ante
1215 3564 1410 3604 eorum
1448 3557 1655 3613 ortum,
1698 3555 1755 3602 et
1790 3557 2044 3603 numerat

466 3642 876 3698 multitudinem
923 3643 1206 3698 stellarum
1259 3642 1517 3696 omnibus
1562 3641 1645 3695 eis
1686 3640 1912 3699 nomina
1943 3656 2042 3696 vo-

466 3748 598 3791 cans
633 3736 698 3800 ⁸⁵,
746 3743 802 3790 et
833 3721 1095 3789 omnibus
1138 3733 1413 3789 creaturis
1437 3733 1659 3803 propria
1692 3732 1786 3787 dat
1814 3732 2041 3788 nomina

465 3828 860 3882 convenienter
890 3842 1003 3881 suae
1047 3825 1358 3880 voluntati?
1394 3824 1502 3880 Sed
1544 3825 1662 3879 haec
1710 3824 1882 3880 Judaei
1931 3841 2041 3880 non

465 3919 796 3990 intelligunt,
829 3918 924 3989 qui
953 3927 1010 3973 et
1038 3917 1338 3987 Scriptura:
1371 3917 1543 3972 solam
1575 3916 1869 3971 attendunt
1894 3916 2042 3971 litto-

365 4015 375 4024 ‘
465 4025 603 4073 ram,
632 4020 688 4066 et
716 4010 785 4064 ab
812 4010 929 4079 ipsa
965 4008 1298 4064 occiduntur
1322 4009 1413 4062 -‘°.
1447 4007 1527 4062 Tu
1558 4016 1766 4071 autem,
1819 4022 1851 4062 o
1896 4008 2039 4063 divi-

465 4101 690 4156 nissime
731 4112 787 4157 et
818 4118 845 4155 a
877 4102 989 4156 Deo
1027 4101 1285 4171 plantatat
1326 4099 1587 4155 Ecclesize
1631 4099 1903 4170 paradise,
1957 4101 2042 4154 in-

464 4194 691 4265 gredere
733 4203 939 4248 certam
979 4200 1186 4248 etnon
1214 4201 1492 4247 errantem
1524 4192 1668 4245 viam
1708 4207 1834 4246 cum
1867 4192 2038 4247 Paulo

465 4284 702 4356 paradisi
737 4294 1068 4354 spectatore,
1100 4284 1338 4355 paradisi
1368 4285 1507 4349 cive,
1539 4284 1770 4347 audiens
1794 4300 1920 4339 eum
1954 4284 2039 4338 di-

2151 1818 2453 1875 synonyma
2497 1812 2554 1860 et
2587 1807 2749 1862 simul
2791 1808 3090 1864 animantia
3142 1808 3419 1865 animalia.
3449 1812 3585 1867 Nam
3627 1815 3722 1884 qui

2149 1904 2233 1950 est
2267 1912 2298 1952 e
2325 1907 2471 1953 terra
2494 1899 2716 1968 genitus
2742 1907 2826 1954 est
2858 1899 3103 1970 ejusdem
3141 1890 3364 1971 genen's
3404 1904 3564 1974 cujus
3584 1920 3725 1975 qua:

2150 1996 2279 2043 sunt
2310 1990 2364 2044 in
2391 1998 2558 2055 terra,
2592 2000 2648 2046 et
2681 1991 2794 2046 vita
2818 2001 2901 2047 est
2939 1993 3158 2063 prepria
3187 1994 3571 2049 animantium.
3616 1994 3724 2051 Sed

2149 2082 2316 2137 homo
2343 2083 2567 2153 quidem
2596 2082 2768 2139 Adam
2805 2085 2983 2141 factus
3007 2096 3093 2142 est
3125 2095 3252 2141 ante
3284 2088 3573 2143 mulierem
3601 2107 3613 2142 :
3637 2095 3726 2145 est

2151 2172 2301 2226 enim
2346 2180 2472 2226 ante
2509 2174 2727 2238 saecula,
2767 2187 2824 2229 et
2862 2174 2980 2230 sine
3011 2175 3307 2246 principio,
3341 2184 3397 2231 et
3424 2177 3721 2243 increatus,

2148 2273 2203 2319 et
2237 2262 2355 2318 sine
2382 2273 2628 2333 tempore
2656 2274 2783 2319 ante
2810 2266 3134 2332 Ecclesium,
3172 2268 3316 2322 Deus
3339 2268 3600 2324 Verbum.
3625 2270 3725 2326 Hic

2152 2360 2344 2408 autem
2376 2353 2533 2424 ﬁngit
2555 2355 2850 2410 animantia
2875 2366 3002 2411 ante
3019 2358 3187 2412 Evam
3213 2374 3335 2427 qua:
3353 2359 3559 2414 dicitur
3580 2361 3721 2415 vita:

2152 2444 2308 2515 prius
2333 2445 2481 2500 enim
2524 2446 2748 2501 fuerunt
2775 2457 2966 2518 gentes
3005 2449 3281 2517 belluinm,
3314 2459 3368 2505 et
3398 2451 3477 2506 sic
3511 2452 3565 2506 in
3598 2452 3721 2507 ulti-

2152 2537 2258 2591 mis
2286 2537 2631 2607 temporibus
2668 2540 2976 2617 _constituta
3021 2550 3106 2597 est
3140 2557 3330 2597 earum
3371 2543 3635 2606 Ecclesia,
3666 2542 3723 2599 in

2152 2644 2319 2698 quam
2371 2630 2605 2685 adduxit
2670 2645 2765 2685 eas
2806 2630 2953 2686 Deus
3001 2638 3057 2685 et
3099 2632 3261 2687 Pater
3299 2632 3368 2687 ad
3419 2633 3722 2688 secundum

2149 2720 2320 2775 Adam
2371 2719 2677 2786 Christum,
2726 2730 2789 2777 ut
2823 2721 3039 2777 videret
3088 2723 3220 2792 quid
3264 2738 3330 2778 ea
3368 2734 3612 2779 vocaret.
3656 2725 3727 2780 Et

2150 2813 2282 2869 audi
2323 2813 2443 2884 ejus
2470 2813 2671 2868 Filium
2711 2810 2819 2868 hoc
2865 2824 3053 2884 aperte
3082 2815 3356 2870 dicentem
3388 2834 3402 2869 :
3433 2814 3598 2871 Nemo
3626 2834 3726 2888 po-

2148 2912 2248 2959 test
2304 2906 2483 2959 uenire
2517 2906 2587 2959 ad
2621 2921 2728 2971 me,
2772 2906 2872 2958 nisi
2919 2905 3084 2959 Pater
3120 2923 3264 2961 meus
3287 2907 3507 2965 caelestis
3539 2917 3726 2962 traxe-

2149 2997 2220 3051 rit
2261 3012 2379 3051 eum
2429 2997 2497 3049 ⁸⁸.
2551 2997 2694 3053 Ecce
2737 2997 2996 3053 audivisti
3039 3013 3229 3053 vocem
3287 3000 3627 3055 Dominicam
3668 3011 3723 3055 te
3798 3042 3803 3045 -

2147 3086 2437 3143 docentem
2466 3087 2748 3158 quomodo
2793 3088 3086 3144 adduxerit
3132 3089 3338 3145 bestias
3364 3091 3608 3160 gentium
3652 3090 3725 3146 ad

2147 3177 2348 3232 Filium
2377 3178 2472 3248 qui
2511 3185 2598 3232 est
2629 3177 2877 3248 ejusdem
2913 3173 3078 3233 simul
3107 3195 3233 3234 cum
3267 3196 3335 3235 eo
3359 3182 3633 3246 essentia,
3668 3182 3726 3238 in

2146 3269 2465 3339 paradisum
2524 3269 2803 3324 Ecclesiae:
2856 3268 3226 3336 Quamobrem
3288 3288 3482 3328 rursus
3536 3274 3723 3330 dicit:

2147 3360 2287 3429 Quos
2320 3364 2510 3418 dedisti
2542 3365 2691 3430 mihi,
2723 3364 2907 3429 Pater,
2944 3366 3023 3419 tui
3065 3375 3240 3430 erant,
3273 3376 3324 3421 et
3354 3370 3483 3423 mihi
3516 3385 3600 3422 eos
3626 3369 3725 3422 de-

2146 3457 2271 3509 disti
2311 3456 2379 3510 ".
2434 3455 2617 3511 Omnis
2661 3458 2802 3511 enim
2863 3459 2952 3528 qui
3018 3459 3220 3513 audivit
3249 3476 3280 3512 a
3315 3442 3480 3514 Patre
3528 3461 3598 3514 ad
3643 3475 3724 3514 me

2143 3549 2305 3611 venit,
2354 3554 2403 3600 et
2443 3551 2603 3601 omne‘
2634 3549 2774 3619 quod
2817 3548 2959 3603 dedit
3010 3551 3136 3603 mihi
3174 3550 3357 3617 Pater,
3406 3534 3477 3606 ad
3515 3569 3597 3606 me
3634 3571 3725 3607 ve—

2145 3640 2274 3703 niet,
2316 3648 2366 3693 et
2398 3656 2519 3693 eum
2548 3642 2639 3710 qui
2686 3641 2828 3694 venit
2876 3640 2946 3693 ad
3004 3657 3085 3694 me
3126 3658 3232 3694 non
3268 3643 3419 3712 ejicio
3465 3645 3609 3714 {oras
3651 3646 3723 3703 ⁸⁸.

2142 3730 2441 3787 Conﬁdant
2493 3747 2627 3802 ergo
2672 3732 2862 3787 bestiae
2927 3732 3177 3803 gentium
3223 3750 3322 3803 per
3365 3735 3582 3791 Patrem
3638 3737 3727 3791 in-

2143 3838 2344 3892 gressa:
2396 3823 2461 3877 ad
2492 3823 2716 3889 Filium,
2745 3823 3035 3879 audientes
3062 3840 3190 3880 eum
3217 3812 3493 3881 dicentem
3528 3846 3541 3881 :
3578 3827 3721 3883 Eum

2143 3914 2234 3982 qui
2270 3914 2409 3967 venit
2462 3916 2532 3968 ad
2585 3931 2667 3968 me
2702 3931 2807 3968 non
2848 3915 3000 3984 ejicio
3046 3915 3210 3985 foras.
3245 3916 3313 3972 Et
3361 3920 3546 3973 omnia
3590 3928 3725 3975 sunt

2143 4003 2281 4058 mihi
2308 4004 2510 4059 tradita
2535 4022 2564 4058 a
2587 4006 2747 4060 Patre
2769 4022 2912 4060 meo.
2939 4008 3102 4062 Pater
3125 4007 3272 4062 enim
3300 4008 3476 4079 diligit
3500 4010 3719 4074 Filium,

2141 4105 2198 4150 et
2221 4094 2376 4150 dedit
2401 4097 2450 4171 ei
2482 4106 2809 4166 potestatem
2835 4097 3014 4153 omnis
3033 4109 3324 4163 creaturae,
3346 4099 3536 4154 dicens
3559 4120 3572 4154 :
3596 4100 3723 4155 Pete

2142 4205 2175 4241 a
2201 4202 2281 4241 me
2306 4196 2562 4257 tanquam
2601 4187 2846 4254 Filius,et
2866 4186 2999 4244 dabo
3026 4190 3117 4243 tibi
3148 4191 3506 4245 ntereditatem
3533 4203 3721 4261 pater-

2141 4294 2269 4337 nam
2316 4287 2514 4349 gentes,
2563 4294 2762 4350 nempe
2802 4282 3030 4344 bestias,
3067 4281 3428 4336 ha'reditatem
3472 4273 3639 4346 tuam,
3672 4290 3721 4336 et

464 4385 679 4430 centem
724 4376 869 4445 quod
933 4390 1126 4430 omnes
1173 4383 1440 4429 creaturas
1484 4389 1605 4444 quae
1642 4383 1769 4428 sunt
1811 4373 1865 4428 in
1902 4375 2040 4430 cmlo
2072 4369 2117 4424 D
2145 4369 2520 4439 possessionem
2538 4379 2686 4424 tuam
2716 4372 2965 4426 terminos
2984 4371 3501 4438 terrw".Audiant,
3531 4389 3723 4431 rursus

463 4475 518 4523 ct
552 4466 606 4521 in
654 4473 801 4522 terra
830 4466 1151 4522 describunt
1182 4467 1514 4541 ac_ligurant
1539 4460 1820 4521 Christum
1847 4474 1903 4519 et
1936 4467 2041 4522 Ec-

462 4561 686 4615 clesnatn
733 4560 800 4614 ".
836 4561 1133 4630 PrOpterea
1163 4576 1295 4630 ergo
1324 4576 1435 4614 non
1473 4559 1705 4614 adduxit
1745 4561 1923 4630 prima
1951 4561 2040 4631 ju-

463 4660 647 4704 menta
690 4650 949 4705 animalia
979 4667 1100 4721 qua:
1133 4652 1287 4721 jussu
1323 4651 1464 4706 facta
1492 4661 1640 4716 sunt,
1671 4651 1738 4705 ad
1767 4652 2037 4707 Adamum

463 4739 804 4808 spiritualem
857 4739 1161 4806 Christum,
1209 4742 1353 4796 Deus
1401 4742 1456 4795 in
1484 4741 1844 4811 paradisum:
1881 4752 2041 4798 erant

463 4831 607 4885 enim
658 4840 817 4901 typus
852 4846 918 4885 ac
963 4831 1133 4902 ﬁgura
1176 4832 1362 4902 populi
1406 4832 1740 4899 Judacorum,
1792 4834 1887 4889 sed
1934 4852 2036 4891 nos

462 4922 766 4976 secundum
814 4922 1111 4992 populum,
1160 4938 1272 4976 non
1315 4923 1627 4988 desertum,
1677 4923 1772 4978 sed
1816 4924 2032 4981 unitum

462 5008 780 5067 volucribus
818 5011 967 5074 coeli,
1002 5012 1107 5065 hoc
1143 5024 1249 5077 est,
1292 5011 1547 5066 ﬁdelibus
1570 5013 1665 5083 qui
1710 5023 1839 5068 sunt
1864 5031 2032 5086 gene-

461 5105 564 5160 rati
606 5122 672 5160 cx
710 5121 850 5175 aqua
882 5115 937 5159 et
967 5104 1198 5174 Spiritu.

530 5195 623 5249 Est
659 5203 845 5249 autem
884 5209 1077 5248 revera
1108 5191 1380 5247 audienda
1405 5199 1462 5248 et
1507 5193 1830 5250 admiranda
1861 5197 2037 5251 sancti

459 5287 700 5359 Spiritus
746 5286 1035 5357 sapientia.
1083 5285 1371 5352 Quomodo
1404 5286 1551 5340 enim
1597 5286 1654 5342 in
1692 5287 1926 5350 Adamo,
1961 5288 2036 5344 ita

2139 4461 2286 4525 dico,
2322 4462 2460 4527 haec,
2497 4478 2577 4518 ea;
2608 4479 2731 4533 quae
2757 4472 2886 4518 sunt
2911 4463 3082 4533 intus,
3117 4473 3175 4519 et
3220 4465 3449 4520 audiant
3490 4466 3718 4522 verbum

2140 4561 2417 4619 sanctum,
2456 4554 2647 4610 bestiae
2677 4555 2947 4626 gentium.
2983 4555 3103 4611 Non
3139 4556 3289 4611 enim
3316 4557 3611 4627 ejicientur
3634 4557 3718 4612 fo-

2139 4663 2249 4702 ras.
2297 4647 2355 4703 Si
2399 4656 2580 4702 autem
2628 4647 2747 4701 vult
2791 4646 2987 4702 audire
3031 4646 3257 4703 Judazus
3308 4648 3535 4717 quinam
3589 4656 3721 4703 sunt

2140 4740 2305 4811 ejecti
2352 4748 2415 4795 ut
2442 4739 2871 4809 ingrederentur
2898 4724 3110 4802 bestiae,
3139 4738 3328 4793 audiet
3363 4739 3718 4794 hortulanum

2142 4830 2310 4899 hujus
2348 4828 2586 4899 paradisi
2622 4827 2901 4885 dicentem
2933 4847 2946 4883 :
2975 4826 3277 4898 Oportebat
3316 4827 3462 4883 feras
3505 4829 3717 4898 ingredi

2142 4919 2208 4973 ab
2245 4917 2457 4973 Oriente
2509 4927 2559 4973 et
2610 4917 2903 4983 Occidente,
2940 4928 2991 4973 et
3045 4902 3346 4973 recumbere
3388 4936 3507 4973 cum
3551 4920 3718 4972 Abra—

2139 5014 2319 5076 Itamo,
2366 5021 2415 5064 et
2442 5010 2619 5075 Isaac,
2646 5019 2695 5065 et
2729 5010 2891 5064 Iacob
2933 5012 2988 5065 in
3023 5028 3182 5082 regno
3215 5010 3349 5076 Dei;
3376 5009 3514 5078 ﬁlios
3542 5019 3719 5061 autem
3764 5015 3775 5024 ‘

2137 5101 2387 5164 thalami,
2423 5117 2621 5165 nempe
2645 5101 2889 5168 Iudaeos,
2940 5102 3084 5172 foras
3114 5103 3232 5171 ejici
3253 5104 3308 5156 in
3351 5100 3592 5153 tenebras
3619 5113 3714 5151 ex-

2137 5196 2350 5248 teriores
2387 5194 2453 5246 ⁵¹.
2486 5193 2685 5247 Vocabo
2718 5195 2853 5247 enim
2884 5191 3136 5264 populum
3182 5208 3375 5252 meum,
3404 5206 3508 5243 non
3549 5205 3717 5256 popu-

2136 5286 2248 5340 lum
2292 5302 2466 5340 meum
2501 5285 2567 5348 ”,
2609 5292 2659 5337 et
2701 5285 3114 5339 misericordiam
3166 5289 3497 5335 consecutam
3522 5277 3709 5348 ‘Syna-

457 5384 622 5437 etiam
657 5381 711 5436 in
740 5381 827 5435 his
851 5379 1044 5434 bestiis
1071 5379 1207 5434 dicit
1231 5378 1586 5434 creationem.
1607 5379 1741 5434 Nam
1765 5380 1879 5435 illic
1908 5382 2033 5451 qui-
2134 5394 2348 5451 gogam,
2381 5395 2498 5432 eam
2525 5394 2642 5448 qua:
2659 5395 2762 5431 non
2789 5386 2863 5431 est
2895 5385 3172 5430 consecuta
3198 5372 3611 5429 misericordiam
3639 5368 3712 5423 “.

530 5495 575 5527 ³⁹
636 5493 742 5548 Job
789 5509 992 5559 XXXVII,
1037 5492 1088 5545 8.
1192 5490 1236 5523 ⁸⁸
1275 5492 1382 5547 lsa.
1418 5508 1564 5555 xutt,
1596 5490 1685 5545 ΞΟ.

457 5565 544 5620 1:3.
621 5564 664 5594 “
706 5562 871 5617 Hebr.
913 5579 1006 5623 xu,
1038 5562 1128 5617 29.

457 5636 500 5668 “
537 5634 694 5690 Joan.
735 5648 863 5692 xvn.
939 5638 1004 5697 6.
1078 5632 1122 5664 ⁸⁰
1157 5631 1313 5686 Joan.
1352 5647 1424 5697 vt,
1464 5631 1553 5686 57.

477 5714 535 5766 τι,
558 5706 647 5769 '24;
675 5701 1007 5766 Romnxﬂs.

1240 5561 1285 5594 ⁸⁵
1329 5563 1471 5617 Psal.
1514 5577 1688 5624 CXLVI,
1734 5563 1786 5616 4.

1793 5493 1835 5524 ⁸³
1878 5493 2021 5549 Psal.
2058 5510 2203 5557 xux,
2248 5495 2336 5557 10,
2378 5495 2462 5548 Η.

1864 5562 2051 5617 “Ill

2147 5582 2170 5618 ν.
2223 5581 2301 5625 ttt,
2342 5565 2393 5618 6.
2471 5564 2514 5595 ‘7
2561 5562 2771 5618 Coloss.
2816 5579 2860 5625 τ,
2908 5562 2996 5622 ΞΟ,
3049 5564 3147 5621 ἳδ.
3212 5561 3256 5594 ⁸⁸
3289 5561 3447 5617 Joan.
3498 5576 3579 5623 v1,
3620 5560 3714 5613 «51-.

1631 5633 1677 5671 ’ἕ
1717 5632 1857 5687 Psal.
1913 5650 1971 5699 ιι,
2042 5635 2097 5690 8.

2573 5494 2619 5525 δ’
2660 5493 2802 5547 Psal.
2849 5510 2976 5551 ινιτ,
3032 5494 3085 5549 εἰ.
3119 5493 3171 5548 6.
3285 5491 3333 5525 ⁸³
3371 5492 3391 5546 1
3431 5490 3590 5546 Joan.
3633 5506 3711 5551 tv,

2173 5636 2216 5665 "
2257 5634 2448 5689 Matth.
2494 5650 2608 5699 \‘llt,
2661 5634 2741 5699 ll,
2798 5634 2882 5688 5‘2.
2959 5635 3005 5666 ⁸³
3057 5633 3180 5688 Ose.
3231 5648 3269 5700 ι,
3318 5632 3371 5687 9.
3499 5628 3547 5663 ⁸⁸
3585 5630 3713 5686 038.
