4056 6148
329 5250 358 5270 ο

364 329 467 392 997

1434 321 1512 380 ΙΝ
1557 319 2105 380 ΗΕΧᾹΕΜΕΠΟΝ.
2139 345 2207 356 -·-
2242 321 2387 381 LIB.
2430 321 2532 380 IX.

3534 324 3641 390 9'38

364 439 434 494 Et
487 436 755 507 quoniam
802 447 1040 490 narrans
1085 431 1266 485 oratio
1325 431 1393 484 de
1439 431 1607 485 rebus
1661 430 1857 484 alienis
1907 441 1963 484 et
1993 435 2032 489 Α
2065 431 2223 486 Unde
2271 434 2438 487 etiam
2495 434 2745 487 nominat
2797 433 2958 502 lupos
2989 434 3082 503 qui
3117 449 3266 505 gregi
3317 433 3649 495 insidiantur

364 526 812 591 admirabilibus,
861 532 949 579 est
1003 538 1277 593 persuasu
1331 517 1574 577 difﬁcilis
1615 538 1724 577 non
1777 523 1957 578 solum

364 622 578 685 Judzno,
611 619 706 675 sed
733 619 901 673 etiam
935 617 1269 686 quibusdam
1315 630 1382 670 ex
1413 615 1695 682 ﬁdelibus,
1733 631 1960 672 necesse

365 726 451 772 est
494 725 556 770 ut
604 731 672 771 ex
698 716 824 769 aliis
846 714 1045 769 bestiis
1091 713 1490 767 confirmemus
1520 712 1669 782 quod
1701 712 1958 767 dicimus.

365 809 512 864 Audi
537 823 672 878 ergo
720 807 835 860 Noe
880 805 976 875 qui
1013 813 1135 859 erat
1166 805 1221 858 in
1248 820 1397 868 arca,
1453 803 1680 874 quando
1707 804 1962 874 loquitur

369 900 659 969 Scriptura
693 897 762 952 de
799 897 1186 966 corporalibus
1217 896 1552 951 animalibus
1575 907 1631 951 et
1663 897 1966 952 materiali-

368 991 498 1054 bus,
535 989 816 1060 quomodo
837 989 982 1043 Deus
1008 989 1124 1043 illic
1155 988 1410 1058 praecipit
1441 988 1521 1042 illi
1549 989 1717 1042 etiam
1752 989 1962 1058 ingrcs-

372 1099 498 1138 sum
561 1081 866 1136 bestiarum
919 1088 976 1135 et
1020 1082 1401 1151 jumentorum
1458 1089 1516 1134 et
1557 1083 1847 1134 volucrum
1906 1079 1963 1133 in

375 1186 561 1226 arcam
582 1171 649 1224 ".
677 1170 946 1224 Similiter
980 1185 1174 1223 rursus
1196 1178 1319 1238 post
1341 1169 1610 1224 diluvium
1633 1169 1768 1225 dicit
1795 1169 1963 1224 etiam

376 1277 572 1316 earum
623 1276 906 1331 egressum
959 1276 1025 1313 ex
1079 1275 1231 1322 area,
1265 1261 1361 1330 qui
1393 1261 1497 1315 fuit
1543 1277 1670 1316 cum
1713 1261 1852 1324 Noe,
1908 1268 1966 1314 et

377 1353 658 1423 quomodo
696 1353 788 1408 hic
812 1368 1034 1421 quoque
1066 1353 1210 1406 Deus
1238 1368 1362 1406 cum
1387 1351 1442 1405 in
1471 1354 1732 1422 paradiso
1771 1353 1967 1408 fecerit

379 1462 480 1516 per
505 1461 563 1501 se
591 1447 897 1516 ingressum
927 1445 1122 1499 harum
1144 1445 1469 1509 bestiarum,
1505 1453 1560 1500 et
1579 1445 1747 1500 fuerit
1771 1461 1964 1500 earum

378 1539 553 1595 veluti
602 1537 714 1592 dux
748 1547 803 1593 et
854 1538 1151 1600 bubulcus,
1191 1554 1301 1592 non
1341 1538 1581 1607 amplius
1628 1553 1723 1592 eas
1751 1538 1962 1603 eduxit,

381 1631 478 1686 sed
525 1630 678 1684 intus
713 1631 955 1699 reliquit.
990 1630 1044 1685 Si
1071 1640 1256 1684 autem
1291 1639 1599 1684 murmurat
1622 1639 1676 1684 et
1709 1630 1966 1685 irascitur

377 1722 606 1776 Judaus
640 1721 758 1775 haec
801 1721 1056 1784 audiens,
1103 1721 1739 1791 sustinebitparumper,
1773 1733 1829 1776 et
1869 1737 1967 1775 au-

379 1814 500 1868 diet
540 1813 774 1867 verbum
819 1813 967 1881 quod
1014 1812 1258 1867 ostendit
1303 1813 1448 1882 quod
1491 1829 1670 1883 neque
1724 1813 1960 1879 mulier,

383 1918 566 1972 neque
605 1919 728 1972 qua:
753 1903 960 1957 dicitur
999 1904 1119 1958 Vita
1145 1903 1282 1958 exiit
1305 1920 1335 1958 e
1368 1905 1645 1974 paradiso,
1684 1904 1780 1959 sed
1814 1905 1964 1959 solus

379 1993 568 2061 homo,
601 1994 698 2064 qui
741 1993 1088 2049 extrinsecus
1142 2005 1227 2049 est
1280 1995 1580 2065 ingressus.
1618 1996 1742 2050 Vita
1778 2007 1962 2051 autem

380 2093 442 2138 ut
465 2085 521 2138 in
551 2084 809 2156 paradiso
845 2087 991 2147 ficta,
1026 2093 1086 2139 ut
1115 2101 1237 2154 qua:
1269 2095 1418 2141 esset
1451 2087 1732 2157 indigena,
1765 2098 1820 2142 et
1851 2103 1964 2142 non

379 2177 730 2231 extrinsecus
800 2176 947 2230 intro
1015 2176 1280 2246 ingressa,
1336 2179 1540 2232 mansit
1589 2179 1643 2232 in
1706 2179 1800 2232 illo
1844 2180 1966 2234 loco

383 2277 644 2337 tanquam
692 2267 805 2322 vita
849 2267 1138 2323 viviﬁcans
1177 2283 1243 2322 ea
1297 2285 1420 2338 qua:
1458 2278 1589 2324 sunt
1618 2269 1684 2323 ad
1732 2286 1850 2324 eam
1886 2271 1968 2324 in-

383 2356 660 2411 troducta.
725 2356 869 2422 Quid
904 2372 1058 2421 vero,
1105 2358 1307 2427 inquit,
1352 2375 1541 2414 annon
1590 2361 1858 2431 scriptum
1883 2371 1968 2417 est

381 2455 510 2516 post
526 2447 732 2502 exitum
755 2446 971 2518 IEgypti
1010 2462 1040 2502 e
1063 2448 1345 2516 paradiso,
1379 2449 1525 2518 quod
1557 2449 1729 2506 Adam
1763 2467 1966 2522 cogno-

383 2538 467 2592 vit
500 2538 667 2592 Evam
699 2553 927 2592 uxorem
960 2555 1116 2593 suam
1144 2541 1191 2572 ⁸⁸
1215 2539 1239 2594 ?
1266 2539 1408 2595 Siste
1441 2541 1690 2612 gradum,
1717 2558 1751 2596 ο
1778 2542 1964 2608 homo,

379 2637 442 2683 et
475 2643 546 2682 ne
583 2628 825 2692 labores,
861 2627 959 2683 sed
1003 2630 1240 2693 sustine,
1283 2636 1340 2684 et
1371 2638 1504 2685 tunc
1536 2631 1663 2686 cuin
1695 2631 1869 2688 fueris
1912 2633 1968 2687 in

383 2721 525 2775 locis
545 2719 866 2776 emissionis
893 2720 1086 2775 Adami
1123 2737 1191 2776 ex
1221 2722 1512 2790 paradiso,
1533 2723 1578 2778 si
1610 2723 1743 2778 mihi
1775 2733 1967 2779 osten-

381 2815 536 2873 deris
578 2814 634 2885 (0
655 2814 865 2884 Judaae)
905 2814 1054 2884 quod
1082 2831 1362 2885 egressum
1401 2817 1652 2871 nomth
1689 2833 1968 2888 egressum

385 2903 714 2968 bestiarum,
767 2913 862 2958 aut
894 2919 1175 2974 egressum
1233 2905 1506 2968 mulieris,
1534 2905 1696 2976 905
1723 2907 1969 2962 nondum

383 2996 541 3050 venit
578 2993 783 3050 Christi
833 2994 1105 3051 adventus
1131 3014 1145 3062 ;
1170 2996 1267 3051 sed
1298 3012 1410 3050 non
1458 2998 1722 3053 ostendes
1747 3036 1763 3064 ,
1797 3015 1970 3069 quan-

2062 524 2283 579 Judteos
2306 527 2372 589 ",
2408 535 2456 580 rt
2487 527 2754 597 genimina
2785 527 3089 595 viperarum
3117 527 3198 590 ⁶⁰;
3228 535 3284 581 ct
3323 529 3481 594 alios,
3527 533 3650 585 vul-

2061 633 2160 687 pes
2211 619 2276 671 “.
2328 619 2397 672 Et
2433 635 2584 672 omne
2625 618 2766 688 quod
2813 621 3010 672 vocavit
3051 619 3243 683 Adam,
3291 621 3493 690 inquit,
3555 626 3650 678 hoc

2064 719 2140 763 est
2172 712 2220 765 ei
2271 728 2477 764 nomen.
2502 709 2618 764 Hoc
2650 719 2756 774 est,
2790 727 2896 764 non
2925 711 3122 765 leviter
3153 727 3253 765 nec
3292 720 3521 778 temere,
3553 715 3650 770 sed

2065 813 2437 870 congruenter
2488 803 2925 873 uniuscujusque
2977 813 3113 858 actm
3163 804 3309 867 vitm,
3356 807 3652 862 etmcritis

2066 895 2461 949 convenientia
2486 896 2711 949 nomina
2738 895 2968 965 imponit
2994 896 3273 950 Christus.
3301 896 3461 950 Omni
3518 913 3651 967 ergo

2066 994 2332 1040 creaturae
2359 993 2414 1040 et
2462 987 2628 1040 rebus
2674 987 2875 1041 creatis
2905 988 3053 1044 Deus
3103 987 3366 1056 imposuit
3401 990 3648 1043 nomina.

2067 1073 2166 1129 His
2211 1075 2344 1130 solis
2374 1076 2570 1130 bestiis
2615 1084 2672 1129 et
2698 1075 2941 1139 mulieri,
2990 1075 3159 1129 Adam
3204 1092 3428 1144 quoque
3475 1077 3653 1145 impo-

2068 1169 2180 1224 suit
2205 1170 2429 1223 nomina
2465 1188 2478 1222 :
2514 1169 2620 1223 hoc
2657 1176 2744 1222 est
2781 1168 3036 1223 Christus
3077 1170 3282 1238 populo
3321 1184 3421 1223 suo
3455 1178 3511 1223 et
3544 1169 3650 1222 Ec-

2069 1265 2270 1319 clesize.

2139 1354 2197 1408 Si
2271 1363 2457 1408 autem
2536 1369 2728 1408 rursus
2799 1353 3003 1407 insanit
3061 1352 3312 1415 Iudaeus,
3366 1360 3426 1404 ut
3506 1350 3654 1405 dicat

2069 1445 2274 1499 nobis:
2326 1445 2438 1499 Cur
2479 1461 2603 1498 cum
2650 1445 2796 1498 Deus
2853 1443 3119 1497 omnibus
3167 1443 3390 1512 propria
3436 1443 3654 1496 dederit

2069 1538 2316 1599 nomina,
2370 1553 2479 1590 non
2535 1536 2799 1606 imposuit
2848 1551 2950 1589 nec
2990 1535 3209 1589 mulieri
3263 1550 3365 1588 nec
3397 1535 3652 1587 animali-

2071 1628 2526 1697 bus?oportebat
2565 1628 2713 1681 enim
2755 1628 2934 1697 ipsum
2966 1627 3097 1680 dare
3126 1627 3383 1679 onmilms
3431 1626 3652 1679 nomina

2071 1720 2316 1788 prepria,
2362 1719 2456 1772 sed
2496 1734 2605 1772 non
2641 1718 2854 1770 Adam:
2905 1732 3006 1786 ego
3036 1715 3211 1769 dicam
3244 1734 3255 1767 :
3291 1714 3494 1780 Quare,
3526 1731 3652 1768 cum

2070 1812 2217 1864 Deus
2254 1811 2422 1864 semel
2455 1819 2511 1864 et
2533 1809 2618 1863 bis
2651 1810 2994 1862 meminisset
3018 1822 3073 1859 se
3103 1807 3297 1860 fecisse
3328 1807 3612 1858 rnnlierem
3636 1847 3651 1870 ,

2067 1916 2180 1954 non
2207 1915 2329 1954 eam
2357 1899 2664 1952 nominavit
2684 1896 3102 1958 muliercm,sed
3124 1897 3447 1964 adjutricem
3467 1897 3488 1949 ?
3507 1897 3654 1963 Quo-

2067 1992 2231 2046 modo
2259 2007 2414 2061 ergo,
2451 2007 2575 2044 cum
2604 1991 2884 2043 hominem
2934 1988 3274 2041 nominasset
3307 1987 3501 2051 Adam,
3546 2006 3656 2042 non

2069 2085 2163 2139 dat
2189 2085 2304 2153 ipse
2339 2099 2538 2137 nomen
2564 2082 2815 2136 mulieri:
2844 2081 2936 2136 sed
2958 2083 3082 2151 jure
3107 2092 3161 2135 et.
3195 2082 3393 2134 merito
3429 2082 3512 2135 vir
3533 2084 3654 2153 ejus

2067 2179 2228 2232 Jesus
2254 2179 2371 2246 ipse
2398 2176 2652 2230 nominat
2697 2175 2864 2229 etiam
2925 2190 3078 2227 suam
3123 2189 3373 2238 uxorem,
3428 2183 3484 2227 et
3526 2191 3658 2228 suos

2071 2269 2235 2332 filios,
2282 2270 2426 2324 sicut
2470 2279 2628 2338 pater
2651 2277 2706 2320 et
2739 2267 2783 2320 is
2811 2267 2904 2336 qui
2933 2266 3122 2318 domui
3163 2266 3446 2336 prxsit,et
3480 2266 3658 2320 domi-

2070 2368 2234 2414 natur
2264 2375 2376 2415 suze
2409 2361 2568 2414 uxori
2601 2369 2657 2413 et
2683 2359 2798 2413 suis
2831 2360 3060 2413 liberis?
3081 2358 3454 2424 Quamobrem
3503 2360 3656 2414 dice-

2070 2453 2164 2507 bat
2185 2453 2350 2507 etiam
2380 2469 2491 2506 non
2529 2453 2694 2507 fallax
2730 2453 3028 2522 legislator.
3057 2452 3204 2521 quod
3242 2452 3357 2521 ipse
3383 2461 3467 2506 est
3492 2454 3656 2507 bonus

2071 2552 2255 2615 pastor
2276 2545 2343 2608 ⁶²,
2369 2554 2416 2597 ct
2441 2561 2556 2598 oves
2580 2561 2755 2598 vocem
2787 2545 2900 2614 ejus
2921 2545 3170 2605 audiunt,
3203 2554 3248 2596 et
3273 2561 3362 2597 eas
3379 2554 3528 2597 vocat
3565 2562 3658 2598 no—

2070 2638 2319 2690 minatim
2347 2638 2421 2688 ⁸³ε
2454 2636 2556 2691 hoc
2587 2644 2693 2699 est,
2724 2635 3051 2698 nominavit,
3097 2643 3229 2688 tunc
3257 2635 3479 2703 quando
3511 2635 3657 2690 Deus

2071 2741 2165 2781 eas
2185 2725 2497 2780 adduxitad
2533 2725 2826 2788 Adamum,
2856 2735 2916 2778 ut
2937 2725 3255 2794 sciretquid
3287 2740 3380 2780 eas
3409 2735 3654 2779 vocaret.

2065 2811 2182 2872 Sed
2243 2818 2465 2888 quando
2512 2817 2990 2888 congregabantur
3029 2817 3274 2887 quidem,
3330 2817 3660 2872 dicebantur

2073 2908 2262 2963 bestia:
2288 2926 2300 2961 :
2328 2907 2552 2978 quando
2583 2917 2767 2961 autem
2809 2906 3142 2961 introductae
3173 2915 3302 2960 sunt
3333 2907 3389 2960 in
3432 2907 3655 2976 paradi-

2074 3015 2196 3054 sum
2217 3008 2273 3054 et
2307 2999 2360 3054 in
2389 2999 2668 3054 stabulum
2701 2999 2831 3052 boni
2860 2998 3119 3068 pastoris,
3177 2997 3389 3051 effectae
3431 2997 3657 3052 confor-

387 3088 594 3142 tumvis
630 3087 1006 3143 contenderis.
1057 3087 1166 3143 Sed
1219 3089 1315 3158 qui
1362 3089 1706 3146 extrinsecus
1745 3091 1969 3162 quidem
1997 3115 2042 3172 ο
2075 3106 2190 3146 mes
2221 3107 2361 3161 agno
2389 3090 2631 3154 Christo,
2659 3090 2846 3145 statim
2873 3105 3010 3146 oves
3036 3089 3332 3142 nominatze
3360 3097 3489 3142 sunt
3537 3104 3658 3142 om—

379 3189 469 3234 est
501 3181 779 3250 ingressus
808 3189 866 3235 et
893 3179 1020 3244 fuit,
1057 3180 1225 3236 homo
1270 3180 1402 3236 illuc
1431 3181 1568 3236 abiit
1613 3183 1760 3238 unde
1794 3185 1963 3238 venit.

384 3273 518 3342 Ejus
552 3279 738 3326 autem
779 3286 936 3335 uxor,
979 3286 1176 3341 nempe
1229 3271 1362 3337 vita,
1410 3274 1610 3328 mansit
1658 3274 1808 3330 intus
1841 3290 1967 3330 cum

381 3363 719 3418 animalibus
747 3404 763 3428 ,
794 3364 861 3418 ad
894 3380 987 3419 eas
1013 3363 1372 3422 vivificandas
1402 3364 1458 3418 in
1483 3365 1633 3435 ligno
1665 3367 1812 3431 vitm,
1847 3383 1969 3436 qua:

383 3453 683 3522 aliquando
707 3453 1057 3518 dicebantur,
1101 3454 1326 3517 bestias,
1373 3462 1431 3508 et
1463 3457 1736 3511 volucres.
1785 3457 1970 3511 Discat

383 3561 518 3615 ergo
570 3544 746 3600 ﬁdelis
799 3546 948 3616 quod
997 3545 1142 3616 ligna
1218 3546 1449 3615 pulchra
1493 3557 1551 3602 et
1585 3538 1728 3603 bona
1769 3557 1827 3602 et
1857 3550 1968 3604 fer-

389 3637 509 3690 tilia
557 3653 679 3706 qua:
716 3653 746 3691 a
809 3638 924 3692 Deo
975 3636 1221 3692 secundo
1246 3637 1368 3692 loco
1417 3649 1545 3692 sunt
1586 3640 1877 3709 producta,
1913 3648 1970 3694 et

384 3727 648 3782 secunda:
674 3728 866 3784 bestia:
894 3738 951 3783 et
993 3730 1250 3784 volucres
1274 3746 1412 3798 quas
1443 3731 1558 3799 ipse
1593 3731 1741 3785 Deus
1770 3731 1927 3785 finxit
1951 3748 1965 3796 ;

384 3827 445 3872 et
475 3835 669 3875 rursus
711 3821 849 3875 illud
895 3820 1116 3874 linteum
1155 3821 1303 3890 quod
1352 3821 1549 3875 Petrus
1598 3821 1739 3874 vidit
1785 3821 1840 3875 in
1887 3821 1971 3876 vi-

388 3913 565 3978 sione,
601 3912 814 3968 habens
844 3928 1040 3967 omnes
1067 3913 1272 3968 bestias
1301 3922 1357 3967 et
1379 3913 1767 3984 quadrupedes
1791 3925 1848 3969 et
1874 3930 1971 3970 vo-

390 4010 574 4060 lucres
601 4003 795 4068 cadi",
815 4010 1004 4076 etipsa
1049 4007 1254 4061 mulier
1279 4023 1444 4076 quam
1470 4023 1736 4061 vocamus
1767 4008 1966 4074 Vitam,

389 4095 635 4166 adjutrix
673 4097 956 4160 hominis,
1006 4097 1146 4153 nihil
1181 4098 1330 4153 aliud
1385 4097 1662 4169 significat
1715 4099 1821 4153 nisi
1871 4115 1970 4168 pa-

390 4187 636 4242 radisum
665 4189 946 4253 Ecclesiae,
993 4189 1048 4243 in
1069 4205 1239 4260 quem
1269 4191 1577 4246 introduxit
1613 4192 1758 4246 Deus
1782 4200 1971 4262 gentes

389 4280 689 4345 belluinas,
733 4290 790 4335 et
819 4297 919 4337 eas
955 4283 1187 4338 adduxit
1219 4283 1288 4338 ad
1344 4283 1627 4338 Christum
1660 4283 1968 4338 secundum
1998 4296 2020 4345 ξ

386 4377 685 4440 Adamum,
716 4385 779 4430 ut
805 4376 1020 4432 videret
1043 4377 1176 4447 quid
1200 4385 1424 4432 vocaret
1449 4393 1566 4442 eas,
1597 4392 1971 4447 unumquem-

387 4484 498 4536 que
525 4469 928 4524 convenienter
952 4469 1072 4524 suis
1105 4470 1322 4524 meritis
1349 4478 1406 4524 et
1429 4469 1555 4524 vitae
1583 4485 1748 4539 quam
1776 4469 1970 4539 egerit.

387 4560 457 4614 Et
495 4559 619 4615 ideo
640 4560 862 4614 vocavit
898 4560 1126 4630 quidem
1151 4576 1303 4623 oves,
1331 4576 1428 4617 eas
1456 4577 1579 4630 quae
1603 4569 1822 4616 statutae
1848 4568 1978 4615 sunt

389 4665 422 4702 a
464 4649 710 4715 dextris;
760 4651 948 4706 haedos
1011 4665 1174 4715 vero,
1237 4651 1335 4722 qui
1405 4668 1435 4706 a
1477 4653 1753 4717 sinistris;
1807 4667 1976 4722 agnos

391 4747 600 4803 autem,
639 4749 699 4793 ut
743 4742 840 4811 qui
866 4740 1148 4796 Christum
1185 4751 1532 4810 sequuntur;
1565 4744 1735 4798 boves
1764 4751 1971 4808 autem,

393 4831 578 4900 utqui
613 4832 837 4886 trahunt
879 4841 1127 4888 aratrum
1173 4834 1394 4899 erucis;
1437 4851 1610 4905 equos
1658 4847 1864 4899 autem,
1913 4845 1976 4890 ut

391 4925 490 4993 qui
542 4925 881 4979 conturbant
933 4941 1131 4997 aquam
1177 4927 1368 4981 falsam
1425 4927 1862 4993 incredulitatis;
1919 4937 1976 4982 et

393 5015 557 5077 alios,
607 5017 843 5086 aquilas,
878 5026 940 5071 ut
990 5017 1083 5086 qui
1139 5019 1480 5073 extollantur
1524 5019 1592 5072 ad
1637 5019 1972 5089 theologiam

394 5119 496 5158 seu
545 5103 856 5160 Divinitatis
898 5107 1416 5176 contemplationem
1445 5126 1458 5172 ;
1489 5116 1546 5162 et
1579 5107 1736 5172 alios,
1767 5110 1976 5162 colum-

394 5195 518 5255 bas,
553 5205 780 5266 propter
805 5197 1266 5266 significationem
1301 5199 1472 5268 ipsius
1492 5200 1681 5269 gratiae
1711 5199 1975 5270 Spiritus.

398 5282 560 5348 Quod
606 5283 652 5337 si
702 5283 872 5338 etiam
923 5286 1010 5340 vis
1061 5287 1251 5342 videre
1293 5288 1440 5343 feras
1485 5299 1730 5359 agrestes
1780 5291 1834 5344 in
1875 5291 1980 5345 hoc

395 5369 678 5441 paradiso,
715 5373 845 5428 audi
870 5390 998 5429 eum
1035 5375 1311 5432 dicentem
1346 5396 1358 5430 :
1396 5377 1531 5432 Ecce
1565 5378 1683 5432 dedi
1719 5379 1860 5433 vobis
1890 5398 1982 5451 po-

399 5468 644 5515 testatem
701 5462 945 5518 calcandi
988 5483 1150 5536 super
1205 5478 1473 5538 serpentes
1525 5475 1573 5522 et
1632 5472 1862 5540 scorpios
1913 5471 1982 5523 ⁵⁸.

491 5612 536 5645 ⁸⁵
578 5617 718 5675 Gen.
781 5636 877 5684 vlt,

414 5689 463 5752 ξε
497 5688 630 5742 Luc.
672 5707 751 5752 ιιι,
804 5692 856 5744 7.

421 5746 465 5776 u
497 5759 640 5817 Psal.
678 5746 839 5826 (ςιίιι,
870 5761 921 5816 9.

972 5624 1158 5677 assim.
1230 5623 1278 5654 "
1315 5622 1450 5678 Gen.
1499 5641 1570 5685 Iv,
1607 5625 1658 5677 1.

961 5693 976 5722 ¹
1019 5691 1149 5747 an.
1196 5709 1307 5756 xm,
1352 5693 1441 5748 5'2.
1522 5695 1749 5749 "Joan.
1785 5711 1835 5760 κ,
1876 5697 1957 5748 H.

1737 5625 1783 5656 ⁸⁷
1831 5625 1952 5679 Act.
1993 5641 2048 5686 x,
2098 5624 2188 5678 il.

1738 5737 1749 5748 .
1785 5711 1835 5749 x.
1876 5697 1957 5748 H.
2037 5695 2081 5727 “
2134 5693 2270 5748 ibid.
2297 5694 2351 5749 3.

2074 3197 2195 3237 nes.
2231 3182 2335 3249 Qui
2367 3192 2550 3237 autem
2611 3197 2721 3235 non
2749 3182 2828 3235 sic
2865 3179 3230 3250 intelligetea
3281 3194 3404 3248 qute
3449 3182 3656 3248 scripta

2077 3283 2206 3331 sunt
2227 3276 2294 3330 de
2323 3274 2602 3344 paradiso,
2635 3273 2783 3328 etde
2821 3272 3016 3327 bestiis
3045 3273 3096 3325 in
3126 3288 3250 3326 cum
3296 3271 3654 3332 introductis,

2075 3368 2394 3422 necessario
2427 3365 2654 3420 omnino
2686 3365 2944 3434 intelligit
2989 3365 3258 3418 Adamnm
3315 3365 3540 3434 quidem
3572 3367 3660 3417 in-

2077 3470 2192 3514 star
2212 3459 2420 3514 domini
2462 3467 2518 3514 et
2563 3459 2711 3527 regis
2770 3459 2919 3511 intus
2962 3457 3191 3511 sedere:
3245 3457 3417 3510 Deum
3472 3466 3657 3511 autem

2076 3551 2513 3620 omnipotentem
2537 3549 2586 3602 ei
2620 3549 2895 3603 serviliter
2922 3549 3256 3610 ministrare,
3289 3558 3344 3601 et
3365 3548 3568 3603 bestias
3591 3550 3657 3602 ad

2076 3641 2372 3697 Dominum
2406 3639 2704 3694 adducere.
2733 3638 2890 3704 Quod
2941 3639 3164 3707 quidem
3223 3649 3308 3692 est
3345 3640 3574 3708 impium
3605 3650 3662 3694 et

2077 3731 2301 3802 plenum
2327 3730 2479 3784 omni
2519 3729 2886 3784 absurditate.
2932 3728 3144 3782 Adamn
3203 3738 3389 3783 autem
3433 3746 3537 3783 non
3586 3743 3662 3784 est

2077 3820 2320 3872 inventus
2342 3820 2388 3871 ei
2407 3817 2616 3880 similis,
2668 3827 2724 3872 et
2781 3817 3063 3887 quomodo
3109 3819 3240 3871 dum
3279 3819 3444 3874 homo
3489 3823 3662 3876 estin

2078 3907 2368 3978 periculis,
2400 3916 2457 3962 et
2488 3908 2682 3963 incidit
2707 3909 2762 3961 in
2811 3909 3046 3963 fortuna:
3091 3926 3253 3963 casus
3283 3919 3338 3965 ct
3377 3912 3661 3966 calamita-

2081 4009 2182 4062 tes,
2211 4007 2268 4053 et
2295 3999 2606 4069 adjutorem
2635 3999 2853 4068 quarrit,
2888 4008 2943 4052 et
2982 4000 3186 4053 clamat
3235 4003 3301 4055 ad
3339 4002 3509 4056 Deum
3540 4021 3552 4056 :
3578 4003 3661 4056 Da

2079 4089 2224 4144 nobis
2249 4089 2511 4144 auxilium
2533 4105 2597 4142 ea:
2635 4090 2930 4160 aﬂlictione,
2956 4093 3209 4160 quoniam
3247 4110 3505 4163 pauperes
3534 4095 3662 4164 facti

2077 4195 2260 4232 sumus
2293 4179 2478 4244 valde,-
2508 4178 2705 4246 adjuva
2730 4194 2842 4241 nos,
2870 4177 3011 4232 Deus
3051 4189 3482 4234 servator-noster
3503 4184 3567 4234 “.
3597 4182 3661 4235 In

2079 4271 2409 4340 adjutorium
2443 4284 2616 4322 meum
2658 4268 2890 4331 intende,
2923 4267 3170 4333 Domine,
3207 4270 3276 4322 ad
3299 4270 3662 4340 adjuvandum

2078 4381 2160 4417 me
2174 4365 2366 4434 festina
2394 4364 2460 4415 ⁵⁵.
2505 4363 2599 4416 Et:
2636 4361 2798 4430 Eripe
2845 4379 2927 4414 me
2954 4362 3018 4414 ab
3046 4363 3274 4415 inimicis
3312 4364 3439 4415 meis
3470 4364 3537 4428 “,
3567 4363 3664 4417 ad-

2077 4455 2338 4510 versariis
2367 4453 2739 4525 potestatibus
2774 4469 2897 4523 quae
2928 4469 3014 4507 me
3042 4454 3431 4507 demerserunt
3454 4453 3506 4508 in
3538 4455 3659 4509 ido-

2077 4550 2354 4604 lolatriam
2403 4558 2462 4604 et
2496 4550 2858 4620 impietatem.
2932 4548 3067 4604 Cum
3100 4549 3216 4604 haec
3251 4557 3307 4602 et
3357 4565 3478 4620 qua:
3534 4561 3663 4604 sunt

2079 4641 2420 4712 hujusmodi,
2440 4642 2606 4696 homo
2629 4643 2792 4713 longo
2822 4650 3067 4711 tempore
3095 4643 3439 4698 clamaretad
3466 4644 3660 4708 Deum,

2079 4749 2136 4791 et
2168 4744 2443 4805 quaereret
2476 4735 2784 4806 adjutorem
2807 4753 2821 4802 ;
2846 4745 2902 4790 et
2936 4735 3094 4789 multi
3129 4736 3515 4790 existimantes
3535 4752 3662 4789 cum

2087 4827 2349 4897 adjuvare
2421 4825 2825 4895 processissent
2882 4825 2936 4878 in
2993 4825 3274 4890 medium,
3316 4825 3663 4894 patriarchw,

2083 4919 2308 4988 inquam
2337 4960 2352 4983 ,
2389 4917 2646 4972 doctores
2677 4957 2692 4981 ,
2737 4917 3022 4988 sophistae,
3048 4934 3236 4988 rcges,
3288 4919 3486 4984 Moses,
3536 4928 3666 4988 p'ro-

2082 5010 2288 5080 phctze,
2337 5009 2488 5079 iique
2546 5017 2602 5062 et
2645 5009 2832 5078 plures
2880 5009 3125 5063 aliicum
3181 5010 3404 5063 homine
3463 5009 3668 5063 versati

2083 5108 2306 5156 essent:
2331 5116 2441 5154 non
2470 5099 2729 5153 inventus
2757 5108 2842 5154 est
2873 5101 3094 5170 adjutor
3127 5100 3175 5155 ei
3203 5101 3398 5154 similis
3433 5101 3486 5153 in
3515 5099 3670 5152 simi-

2085 5193 2384 5248 litudinem
2409 5192 2652 5246 hominis
2689 5191 2862 5246 factus
2919 5193 3116 5247 homo:
3174 5195 3280 5248 hoc
3301 5204 3405 5256 est,
3437 5195 3581 5246 Deus
3611 5202 3669 5245 et

2084 5283 2271 5347 homo,
2305 5285 2461 5338 solus
2497 5284 2780 5337 hominem
2833 5299 3042 5348 amans,
3076 5285 3318 5354 adjutor,
3362 5285 3506 5338 Deus
3556 5285 3670 5336 for-

2084 5379 2177 5443 tis,
2227 5385 2556 5448 potestatem
2611 5375 2843 5438 habens,
2895 5377 3158 5444 princeps
3208 5376 3384 5444 pacis.
3433 5374 3668 5442 Oportet

2084 5470 2233 5524 enim
2259 5469 2576 5541 adjutorem
2627 5480 2749 5520 esse
2776 5467 3086 5531 fortiorem,
3141 5466 3370 5520 minime
3415 5475 3668 5534 egentem

2544 5624 2590 5655 ⁵⁸
2638 5623 2771 5677 an.
2829 5621 3009 5685 x,19.
3089 5621 3132 5652 ⁵³
3180 5620 3372 5674 Matth.
3431 5636 3526 5683 vn,
3583 5621 3668 5672 lii.

2432 5696 2474 5726 “
2508 5693 2650 5748 Psal.
2710 5709 2931 5757 Lxxvm,
2961 5692 3013 5757 8,
3039 5693 3091 5747 9.
3172 5693 3215 5722 εδ
3248 5693 3388 5746 l’sal.
3435 5707 3576 5757 LXIX,
3610 5692 3666 5748 9..
