4056 6148
361 361 365 364 ’
426 332 557 397 1331

1486 330 1566 391 ΙΝ
1604 320 2153 390 HEXAEMERON.
2185 346 2253 356 —
2279 322 2425 380 LIB.
2472 320 2551 378 IX

3528 308 3658 368 1002

415 458 563 502 esset
590 441 850 498 inanimis
878 441 1078 511 (neque
1131 439 1278 495 enim
1304 452 1369 492 cx
1395 452 1452 492 se
1476 446 1561 501 cst
1587 433 1814 504 animal)
1865 432 1988 488 ani-
2020 437 2063 492 Α
2093 429 2418 506 (Synagoga,
2444 429 2689 497 inquam,
2719 422 3058 491 Judzeorum)
3089 428 3345 474 manente
3387 435 3497 473 non
3527 424 3659 475 sub-

419 544 646 598 mutum,
676 550 801 589 cum
835 548 944 588 non
973 542 1120 587 esset
1157 532 1381 593 animal,
1439 516 1743 583 animatum
1782 523 1987 596 produ-

422 627 563 683 xerit
589 645 601 679 ε
624 634 681 679 et
714 624 915 679 deinde
946 623 1225 684 animarit,
1253 620 1494 683 ﬁnxerit,
1550 629 1606 674 et
1644 616 1946 672 viviﬁcarit
1976 633 1987 668 :

424 716 568 770 hanc
600 729 732 767 vero
767 728 835 766 ex
867 712 1106 765 animata
1150 711 1471 773 animatam,
1524 717 1580 762 et
1628 723 1698 760 ex
1748 704 1993 776 perfecta

424 806 747 876 perfectam,
785 810 843 857 et
867 819 933 857 ex
985 802 1104 855 viva
1160 801 1437 856 viventem
1476 800 1644 855 vitam
1694 797 1996 853 fabricatus

426 898 493 953 sil
542 905 599 951 et
642 895 967 965 appellarit,
1016 895 1122 949 hoc
1170 900 1276 956 est,
1327 892 1378 947 ei
1410 892 1681 962 placuerit
1716 900 1776 944 ut
1829 890 1995 943 homo

427 997 611 1042 mente
642 996 699 1040 et
722 987 910 1039 anima
957 985 1229 1054 praeditus.
1277 983 1435 1043 ﬁeret
1472 983 1735 1037 Verbum.
1796 982 1997 1036 Factus

426 1082 573 1136 enim
605 1081 769 1133 homo
819 1076 1445 1132 animatus.Ecciesiam
1501 1090 1567 1128 ex
1600 1091 1657 1129 se
1683 1072 1994 1137 :edilicavlt,

430 1173 727 1229 animatum
756 1170 975 1240 Spiritu
996 1178 1209 1223 sancto.
1700 1197 1706 1215 τ

502 1263 810 1318 δί’θυιθηι
849 1277 972 1329 quae
1030 1260 1155 1313 dico
1222 1258 1440 1321 irridet,
1497 1271 1729 1326 corpora
1784 1253 2006 1324 sapiens

430 1354 679 1416 Iudaeus,
718 1354 836 1422 ipse
879 1351 1042 1406 nobis
1074 1350 1224 1405 dicat
1253 1349 1533 1419 quomodo
1564 1350 1708 1402 Deus
1745 1346 2003 1415 omnipo-

434 1454 579 1509 tens,
608 1444 699 1513 qui
727 1457 919 1496 omnes
944 1441 1199 1495 cmlestes
1220 1439 1457 1493 virtutes
1484 1438 1537 1492 in
1567 1443 1848 1493 momento
1868 1443 2005 1491 tem-

428 1535 584 1605 p'oris
617 1534 785 1589 simul
832 1530 1010 1586 itaut
1040 1547 1141 1601 per
1190 1545 1250 1586 se
1288 1538 1478 1585 essent
1539 1524 1769 1605 c‘l'eavit,
1826 1526 2003 1580 solum

433 1627 716 1682 hominem
769 1633 827 1679 et
883 1625 1177 1687 humanam
1210 1623 1621 1677 multitudinem
1677 1635 1786 1674 non
1841 1618 2005 1693 simul

436 1717 616 1779 ﬁnxit,
652 1710 845 1787 neque
896 1714 1043 1784 ipsos
1091 1713 1260 1777 duos,
1317 1712 1610 1776 Adamum,
1648 1710 1893 1794 inquam,
1949 1714 2008 1760 et

437 1806 647 1861 Evam?
686 1804 841 1860 Unde
869 1805 1036 1877 etiam
1068 1818 1195 1858 cum
1224 1817 1418 1857 omnes
1448 1801 1670 1856 fecisset
1720 1798 1926 1854 bestias
1951 1803 2008 1851 et

437 1895 744 1949 animantia
762 1902 820 1948 et
858 1893 1112 1948 volucres
1133 1900 1191 1946 et
1240 1890 1423 1961 pisces
1452 1888 1760 1945 secundum
1810 1901 2008 1958 genus,

438 1998 501 2045 ut
524 1993 854 2057 generarent
910 1985 1196 2041 masculus
1241 1991 1299 2037 et
1349 1982 1551 2037 femina
1606 1996 1707 2051 per
1755 1989 2011 2034 mutuum

439 2080 587 2138 inter
627 2093 686 2133 se
713 2091 1074 2147 congressum
1107 2084 1163 2150 et
1189 2076 1420 2137 coitum,
1448 2088 1793 2144 nequaquam
1822 2072 1876 2127 in
1905 2072 2015 2126 illis

438 2171 701 2226 omnibus
749 2169 1052 2222 nominavit
1081 2166 1375 2236 Scriptura
1396 2166 1702 2221 masculum
1747 2174 1805 2219 et
1838 2162 2005 2218 femi-

443 2277 591 2323 nam,
622 2260 727 2315 nisi
755 2260 810 2314 in
835 2256 953 2313 sole
981 2260 1210 2313 homine
1246 2267 1303 2311 et
1333 2258 1468 2317 Eva.
1521 2256 1754 2311 dicens:
1802 2255 2015 2310 Mascu-

443 2356 553 2413 lum
605 2362 655 2409 et
685 2356 938 2425 feminam
980 2353 1100 2423 fecit
1134 2368 1242 2407 eos.
1277 2350 1434 2417 Quod
1459 2349 1684 2419 quidem
1725 2361 1827 2401 nos
1854 2346 2018 2403 docet

442 2447 771 2504 admirabile
843 2446 1197 2514 mysterium;
1258 2443 1383 2499 dico
1448 2450 1633 2497 autem
1691 2440 2016 2511 mysterium

442 2540 652 2597 Christi
684 2548 741 2594 et
772 2538 1052 2594 Ecclesia.
1102 2536 1245 2592 Dicit
1285 2536 1434 2591 enim
1471 2553 1483 2588 :
1526 2533 1591 2587 Et
1619 2534 1839 2587 inimisit
1879 2531 2017 2585 Deus

445 2634 695 2688 erstasim
724 2635 777 2686 in
803 2633 1025 2687 Adamo.
1054 2630 1174 2687 Non
1202 2630 1363 2694 dixit,
1417 2631 1579 2695 misit,
1628 2629 1748 2693 sed,
1768 2630 2019 2693 immisit;
2056 2681 2058 2684 ,

447 2725 556 2781 hoc
578 2734 694 2779 est:
722 2706 839 2778 Non
871 2723 939 2799 ad
984 2724 1092 2777 hoc
1142 2723 1292 2791 quod
1349 2720 1593 2775 habebat
1620 2718 2016 2783 essentialiter,

449 2817 674 2871 immisit
707 2817 850 2870 Deus
894 2824 953 2870 et
981 2816 1163 2880 Pater,
1196 2814 1292 2869 sed
1321 2814 1388 2867 ad
1424 2812 1478 2867 id
1529 2812 1678 2882 quod
1727 2827 1828 2882 per
1865 2811 2021 2866 addi-

449 2908 658 2963 tionem
687 2923 754 2962 ex
781 2906 1192 2977 dispensatione
1209 2905 1402 2960 habuit
1424 2920 1523 2975 per
1543 2919 1786 2959 carnem.
1817 2903 2023 2959 Exces-

452 3000 526 3056 sit
557 3000 704 3053 enim
735 2999 909 3054 factus
932 2999 1078 3068 quod
1111 3014 1222 3053 non
1261 3005 1402 3061 erat,
1457 3012 1689 3052 manens
1743 3004 1928 3052 autem
1965 2997 2019 3053 id

2086 522 2253 593 jecta.
2284 521 2361 576 Ea
2393 514 2461 576 de
2490 534 2655 574 causa
2686 516 2820 571 dicit
2844 514 2992 587 quod
3020 514 3237 585 accepit
3264 528 3427 567 unam
3453 529 3518 567 ex
3544 514 3665 583 ejus

2089 613 2299 669 costis:
2329 628 2436 665 una
2472 611 2620 665 enim
2660 608 2985 670 assumitur,
3018 606 3125 659 alia
3153 620 3284 659 vero
3341 604 3664 659 dimittitur.

2093 703 2238 757 Duas
2272 717 2403 771 ergo
2431 710 2613 757 costas
2642 699 2904 762 diximus,
2942 697 3080 751 duas
3118 696 3429 751 Ecclesias:
3469 711 3669 765 nempe

2090 809 2210 850 eam
2243 810 2366 864 qute
2391 800 2477 847 est
2507 808 2575 859 ex
2591 790 2847 861 gentibus
2869 798 2924 843 et
2951 804 3071 849 eam
3099 804 3223 863 quae
3251 800 3415 843 estex
3439 787 3668 850 Indicis.

2093 885 2537 956 quandoquidem
2567 890 2793 953 propter
2808 897 2926 936 eam
2956 889 3164 936 costam
3190 897 3311 951 qua:
3338 891 3557 950 sumpta
3585 893 3672 937 est

2095 987 2153 1033 et
2184 976 2449 1030 aediﬁcata
2476 975 2531 1028 in
2562 962 2876 1037 mulierem,
2923 972 3131 1027 dictum
3164 981 3248 1029 est
3291 972 3360 1029 de
3395 973 3624 1029 Christo
3656 991 3672 1027 :

2106 1069 2386 1138 Relinquat
2409 1075 2615 1138 patrem
2641 1084 2796 1123 suum
2821 1066 3128 1121 secundum
3174 1081 3423 1130 carnem,
3479 1082 3677 1136 nempe

2099 1161 2364 1231 populum
2415 1154 2727 1223 Judaicum,
2771 1166 2820 1210 et
2866 1167 3091 1211 matrem
3139 1174 3294 1211 suam
3316 1174 3439 1227 quae
3498 1157 3676 1228 ipsum

2100 1253 2320 1324 peperit
2351 1250 2731 1322 Synagogam:
2762 1260 2809 1303 et
2858 1248 3146 1305 adhwrcbit
3175 1251 3331 1303 uxori
3364 1265 3493 1314 suae,
3556 1265 3679 1318 qua:

2102 1358 2171 1398 ex
2198 1357 2265 1398 eo
2292 1351 2421 1397 nata
2468 1354 2555 1397 est
2600 1350 2788 1405 costae,
2815 1340 3088 1397 Ecclesia}
3132 1341 3350 1401 scilicet
3395 1343 3677 1412 gentium:

2106 1444 2155 1489 et
2190 1443 2344 1488 erunt
2382 1434 2484 1489 duo
2516 1435 2572 1488 in
2596 1450 2812 1488 carnem
2842 1448 3007 1494 unam
3051 1431 3116 1494 '°,
3156 1430 3413 1493 Christus
3444 1434 3591 1488 enim
3624 1442 3682 1489 et

2105 1525 2353 1580 Ecclesia
2384 1542 2494 1582 una
2542 1534 2629 1582 est
2678 1525 2975 1583 consensio
3023 1510 3080 1585 et
3133 1525 3521 1585 consonantia.
3562 1522 3673 1578 Nos

2108 1618 2253 1684 enim
2280 1633 2474 1673 sumus
2490 1632 2694 1689 corpus
2709 1617 2942 1683 Christi,
2957 1625 3013 1672 et
3036 1617 3283 1673 membra
3304 1633 3371 1673 ex
3394 1618 3681 1682 membris.

2108 1717 2164 1773 et
2195 1725 2389 1765 carnes
2437 1718 2495 1765 et
2539 1725 2685 1766 ossa.
2716 1710 2835 1765 Dici
2865 1718 3096 1781 possunt
3125 1710 3292 1768 etiam
3350 1711 3473 1766 duae
3517 1706 3684 1766 Cestio

2109 1802 2315 1859 Christi
2351 1803 2580 1882 secundi
2636 1802 2856 1868 Adami,
2885 1803 3005 1874 ejus
3027 1802 3294 1859 divinitas
3323 1811 3381 1858 et
3427 1804 3686 1860 humani—

2111 1907 2214 1963 tas,
2254 1899 2427 1953 altera
2459 1897 2683 1969 quidem
2714 1897 2934 1968 (nempe
2963 1898 3113 1968 caro)
3143 1898 3391 1968 subjecta
3431 1907 3487 1954 et
3522 1914 3687 1968 supev

2111 1995 2228 2044 rata
2258 2003 2288 2044 a
2318 2004 2513 2046 somno
2531 1987 2753 2054 mortis;
2784 1987 3052 2047 divinitas
3083 2001 3217 2043 vero
3270 2003 3382 2043 non
3437 1989 3684 2059 subjecta

2111 2089 2168 2137 et
2209 2089 2469 2151 superata
2501 2096 2531 2135 a
2585 2095 2782 2136 somno
2816 2079 3034 2146 mortis,
3077 2078 3176 2135 sed
3223 2078 3390 2141 altior
3435 2079 3683 2151 subjecta

2112 2171 2288 2235 altera
2313 2182 2466 2225 costa
2492 2169 2705 2232 carnis.
2728 2168 2904 2236 Quam
2955 2168 3179 2245 quidem
3211 2185 3342 2224 cum
3376 2171 3687 2240 accepisset

2084 2263 2280 2329 Deus,
2317 2262 2617 2321 aediﬁcavit
2645 2277 2765 2319 eam
2818 2263 2874 2315 in
2903 2262 3194 2320 mulierem
3240 2260 3577 2322 Enclesiam:
3629 2271 3689 2319 et

2114 2368 2216 2424 pro
2246 2369 2309 2409 ea
2330 2353 2561 2424 replevit
2582 2352 2787 2411 Christi
2801 2367 3045 2407 carnem.
3062 2351 3197 2406 Nam
3215 2367 3339 2410 cum
3356 2368 3458 2413 nos
3486 2352 3690 2421 imper-

2116 2445 2300 2500 tiisset
2331 2445 2651 2509 divinitate,
2683 2442 2927 2500 vicissim
2948 2459 2980 2497 a
3006 2443 3170 2503 nobis
3202 2443 3417 2514 accepit
3442 2458 3685 2499 carnem.

2117 2536 2195 2592 De
2233 2551 2343 2607 qua
2370 2536 2780 2607 permutatione
2818 2534 2932 2596 Deo
2980 2533 3203 2589 dicebat
3237 2533 3431 2599 David,
3487 2533 3689 2590 adver-

2119 2643 2215 2684 sus
2235 2628 2457 2684 Iudaeos
2488 2628 2802 2685 exclamans
2842 2635 2900 2682 et
2929 2626 3120 2682 dicens
3166 2644 3178 2680 :
3227 2625 3693 2698 Exprobraoerunt

2120 2720 2582 2775 commutationem
2676 2715 2870 2773 Christi
2918 2716 2994 2773 tui
3025 2717 3108 2782 “;
3168 2715 3275 2771 hoc
3331 2725 3438 2778 est.
3468 2732 3690 2779 carnem

2121 2809 2244 2865 Filii
2268 2809 2574 2865 alfecerunt
2619 2808 2825 2880 probro
2875 2816 2933 2863 et
2976 2808 3330 2868 contumelia.
3377 2808 3447 2863 Et
3479 2810 3695 2869 immisit

2122 2901 2262 2958 Deus
2288 2902 2538 2956 exstasim
2561 2901 2615 2955 in
2633 2900 2827 2963 Adam,
2851 2906 2900 2955 ct
2919 2900 3098 2974 sopiit,
3131 2907 3181 2952 et
3204 2901 3399 2971 accepit
3443 2917 3607 2957 unam
3632 2915 3697 2957 σιτ

2124 2995 2430 3069 costisejus.
2456 2993 2563 3049 Per
2589 2991 2697 3047 hoc
2720 2990 2984 3046 discimus
3017 2990 3166 3062 quod
3196 2991 3250 3045 in
3283 2991 3488 3053 Christi
3517 3000 3698 3049 morte

451 3091 599 3162 quod
636 3099 755 3145 erat
791 3092 933 3145 Deus
951 3090 1217 3145 Verbum:
1244 3089 1477 3145 excessit
1509 3103 1642 3144 cum
1667 3098 1809 3145 esset
1836 3088 2017 3143 nudus
2048 3101 2093 3161 ε
2129 3094 2321 3145 exorta
2351 3093 2435 3139 est
2486 3092 2545 3139 et
2600 3085 2656 3139 in
2715 3084 2894 3140 lucem
2924 3084 3198 3154 processit
3245 3085 3526 3151 Ecclesia,
3574 3100 3698 3156 qua

451 3191 507 3236 et
532 3183 952 3251 incompositus,
976 3180 1154 3237 factus
1186 3181 1527 3252 compositus
1582 3182 1728 3236 Deus
1771 3181 1933 3237 simul
1967 3190 2025 3238 et

453 3271 641 3327 homo.
670 3272 1098 3347 Dequaexstas'i
1124 3288 1224 3328 seu
1267 3288 1498 3328 excessu
1557 3280 1613 3327 et
1639 3271 2024 3327 incarnatione

453 3364 597 3419 dixit
624 3364 674 3418 ei
706 3364 975 3433 propheta
1028 3363 1319 3420 Habacuc:
1374 3363 1680 3418 Dissecuisti
1736 3365 1792 3417 in
1826 3366 2026 3418 exstasi

453 3457 632 3527 capita
668 3466 939 3533 potentum
972 3456 1042 3521 ⁸⁸,
1072 3456 1179 3513 hoc
1237 3465 1343 3520 est,
1376 3457 1737 3513 adversarum
1786 3464 2030 3528 potesta-

456 3553 595 3603 tum.
623 3548 728 3602 Pro
755 3546 961 3603 exstasi
990 3556 1175 3603 autem
1202 3549 1346 3603 alius
1376 3548 1656 3619 interpres
1681 3549 1819 3604 dixit
1848 3558 2031 3621 torpo-

456 3654 606 3702 rem;
637 3639 802 3703 alius,
825 3647 1153 3705 veternum;
1182 3639 1323 3695 alius
1357 3655 1637 3695 somnum.
1677 3640 1893 3711 Torpor
1928 3656 2029 3695 au-

457 3736 593 3792 tem,
616 3736 883 3784 veternus
900 3738 959 3783 et
984 3745 1236 3791 somnus,
1263 3740 1395 3786 sunt
1427 3732 1557 3786 vitae
1586 3740 1644 3787 et
1681 3732 1880 3786 mortis
1903 3747 2033 3803 par-

458 3819 692 3889 ticipes;
723 3820 853 3875 utsi
884 3818 1097 3876 diceret
1131 3839 1144 3875 :
1182 3818 1706 3879 Prius'immortalis
1737 3832 1794 3879 et
1822 3824 2034 3879 insom-

458 3912 549 3967 nis
575 3912 721 3989 Deus
746 3912 989 3968 Verbum
1023 3914 1077 3967 in
1104 3928 1333 3968 excessu
1357 3921 1414 3967 et
1438 3913 1590 3979 exitu
1625 3927 1657 3967 e
1685 3913 1840 3969 caelis
1866 3929 2032 3969 carne

458 4012 912 4074 suscepta,carne
930 4004 1095 4060 etiam
1115 4005 1355 4075 gustavit
1370 4018 1621 4059 somnum
1637 4005 1830 4061 mortis
1856 4006 2033 4061 factum

460 4094 1074 4165 homo.Sapientissime
1102 4105 1285 4150 autem
1313 4095 1523 4151 dictum
1553 4103 1638 4151 est
1668 4096 1817 4168 quod
1850 4097 2036 4152 Domi-

458 4198 569 4240 nus
597 4185 727 4239 Deus
752 4178 970 4240 immisit
999 4185 1058 4240 in
1083 4186 1262 4255 ipsum
1285 4185 1429 4240 hanc
1457 4187 1706 4240 exstasim
1728 4200 1824 4241 seu
1848 4201 2036 4243 exces-

459 4290 608 4340 sum,
639 4283 696 4331 et
709 4276 897 4354 sopiit.
927 4275 1061 4330 Deus
1089 4276 1239 4330 enim
1265 4284 1321 4331 et
1353 4275 1516 4330 Pater
1536 4277 1747 4346 proprio
1767 4273 1901 4329 Filio
1933 4266 2044 4329 non.

459 4366 728 4437 pepercit,
756 4365 848 4419 sed
879 4381 972 4435 pro
994 4365 1143 4444 nobis
1163 4365 1400 4419 omnibus
1445 4365 1665 4420 tradidit
1693 4367 1863 4437 ipsum
1893 4367 1938 4400 η’
1968 4366 2036 4423 ad

2127 3180 2350 3251 quidem
2397 3188 2482 3235 est
2529 3186 2701 3234 costa.
2754 3178 3124 3245 Quamobrem
3178 3175 3446 3237 Christus
3477 3193 3699 3249 quoque

2128 3281 2257 3345 post
2280 3280 2516 3328 mortem
2550 3281 2793 3343 punctus
2826 3271 2882 3326 in
2920 3285 3033 3325 uno
3082 3270 3280 3336 latere,
3342 3279 3601 3342 tanquam
3629 3286 3699 3327 ex

2129 3365 2469 3435 scaturigine
2501 3364 2690 3420 emisit
2721 3363 3045 3434 sanguinem
3076 3370 3134 3420 et
3164 3379 3398 3434 aquam;
3460 3366 3568 3421 hoc
3591 3376 3699 3432 est,

2129 3454 2454 3527 mysterium
2488 3462 2546 3512 et
2594 3458 3071 3525 regenerationem
3098 3455 3364 3513 Ecclesiae
3392 3472 3493 3527 per
3519 3457 3700 3527 ignem

2130 3554 2187 3601 et
2216 3562 2434 3616 aquam.
2467 3547 2542 3603 Et
2580 3562 2691 3602 non
2723 3546 2824 3604 fuit
2867 3548 3147 3603 sauciatus
3192 3549 3248 3602 in
3291 3548 3469 3603 altero
3492 3549 3699 3620 latere;

2130 3637 2263 3709 quid
2305 3638 2453 3692 enim
2503 3636 2609 3693 fuit
2657 3638 3050 3709 impedimento
3070 3638 3384 3697 Judaorum
3438 3640 3698 3704 insaniae,

2132 3729 2431 3803 quominus
2463 3736 2752 3799 pateretur
2787 3729 3057 3788 Dominus
3106 3731 3159 3785 in
3183 3730 3480 3801 utrisque?
3508 3730 3618 3786 Sed
3640 3739 3705 3787 ut

2132 3820 2410 3879 discentes
2460 3820 2606 3890 quod
2653 3829 2804 3877 costa
2826 3821 3141 3878 Judaeorum
3210 3837 3333 3879 eam
3381 3839 3493 3880 non
3546 3825 3705 3880 novit

2137 3912 2404 3982 mulgcrc,
2455 3926 2518 3966 ea
2555 3910 2622 3966 de
2654 3926 2816 3967 causa
2848 3912 3102 3969 Christus
3129 3913 3449 3971 vulneratur
3481 3917 3536 3971 in
3569 3931 3700 3972 una.

2135 4005 2305 4062 Unam
2358 4012 2539 4059 autem
2569 4014 2777 4059 costam
2807 4004 3020 4074 accepit
3062 4006 3209 4061 Deus
3233 4006 3497 4064 Verbum.
3552 4008 3700 4078 Quo-

2134 4094 2281 4163 niam
2317 4103 2502 4151 autem
2535 4109 2603 4149 ex
2636 4093 2750 4149 sola
2782 4102 2960 4150 matre
3022 4093 3214 4166 (super
3258 4097 3538 4171 naturam)
3580 4115 3705 4158 car.

2135 4201 2262 4241 nem
2301 4186 2546 4257 suscepit
2588 4186 2795 4257 absque
2835 4178 2978 4253 viro,
3003 4188 3171 4243 etiam
3202 4190 3434 4259 replevit
3481 4208 3703 4249 carnem
3738 4180 3743 4185 ’

2136 4264 2247 4334 non
2297 4278 2621 4334 seminatam
2665 4294 2767 4349 pro
2798 4279 2891 4334 illa
2922 4286 3079 4335 costa
3105 4295 3230 4350 qua
3261 4290 3479 4353 sumpta
3521 4294 3610 4340 est
3635 4300 3704 4341 ex

2141 4371 2350 4429 Adamo
2377 4370 2433 4426 in
2461 4386 2708 4426 uxorem.
2743 4371 3041 4442 Postquam
3090 4373 3269 4430 dixit:
3301 4375 3373 4433 Et
3424 4371 3705 4446 ddiﬁcaoit

460 4463 720 4517 mortem,
776 4453 833 4509 in
865 4470 974 4523 qua
1000 4455 1241 4511 excessit
1284 4455 1575 4525 impolluta
1608 4456 1730 4527 ejus
1772 4456 1955 4510 anima
2002 4472 2031 4512 a
2069 4444 2109 4500 Ι)
2137 4458 2395 4516 Dominus
2430 4457 2569 4515 Deus
2603 4468 2823 4525 costam.
2854 4460 3396 4545 faciensperiectum
3438 4444 3705 4537 punctum

463 4545 821 4600 sanctissimo
849 4560 1081 4615 corpore
1132 4553 1418 4616 separata:
1477 4561 1604 4602 cum
1648 4546 1767 4617 ipse
1811 4562 2035 4619 quoque

464 4637 844 4692 cxcessisseta
872 4637 1230 4707 corruptione
1278 4638 1336 4694 in
1391 4639 1887 4710 incorruptionem,
1921 4649 1977 4695 et
2005 4656 2037 4695 a

463 4735 645 4782 morte
672 4727 741 4782 ad
769 4727 1267 4794 immortalitatem,
1312 4728 1525 4785 habens
1564 4745 1697 4785 vere
1730 4730 2037 4786 admirabi-

464 4819 579 4877 lem
598 4826 656 4875 et
684 4819 1032 4889 spiritualem
1062 4819 1331 4874 exstasim
1358 4834 1455 4875 seu
1488 4835 1801 4877 excessum.
1827 4820 1904 4877 De
1928 4838 2039 4893 quo

463 4908 602 4964 dicit
631 4909 815 4964 Deus:
871 4909 941 4964 Et
966 4911 1184 4965 immisit
1214 4909 1470 4965 Dominus
1514 4908 1656 4965 Deus
1695 4910 1945 4965 exstasim
1981 4913 2038 4965 in

462 4995 750 5064 Adamum,
777 5006 826 5051 et
852 4999 1032 5070 sopiit,
1067 5006 1117 5051 et
1142 4999 1339 5070 accepit
1356 5014 1522 5052 unam
1540 5013 1604 5053 ea:
1626 5001 1777 5054 costis
1808 5000 1943 5070 ejus.
1973 4999 2041 5059 Et

463 5101 569 5141 cur
594 5088 844 5142 costam?
894 5088 1217 5160 Subiectum
1250 5088 1564 5144 membrum
1587 5130 1601 5154 ,
1631 5089 1932 5145 dormienti
1955 5097 2042 5145 est

463 5191 577 5230 una
616 5187 764 5233 costa
790 5188 997 5248 prater
1027 5188 1229 5239 caetera
1264 5181 1512 5238 membra
1542 5198 1557 5235 :
1591 5196 1762 5250 super
1788 5182 1895 5237 alia
1940 5196 2042 5236 au-

462 5279 580 5324 tem
615 5271 862 5325 membra
894 5280 979 5327 est
1007 5272 1267 5343 imposita
1295 5289 1556 5344 superne.
1579 5271 1891 5329 Ostendens
1914 5288 2044 5343 ergo

462 5362 616 5417 Deus
646 5364 791 5432 quod
821 5372 973 5420 costa
998 5382 1122 5436 quae
1152 5366 1259 5421 fuit
1279 5367 1577 5437 aliquando
1599 5366 1847 5438 subjecta
1868 5365 2046 5437 (nem-

462 5467 536 5524 pe
562 5452 831 5526 Ecclesia)
870 5457 1199 5526 subjicietur
1228 5457 1476 5523 Christo,
1517 5458 1693 5514 altera
1722 5459 1842 5529 ejus
1888 5467 2044 5513 tosta

2136 4565 2368 4623 magnus
2394 4550 2671 4614 Clemens,
2698 4561 2757 4608 et
2797 4559 2931 4608 tunc
2954 4568 3152 4610 versus
3202 4555 3411 4613 iaciens
3460 4558 3705 4625 initium,

2137 4638 2456 4719 subjunxit:
2490 4640 2663 4708 Quam
2686 4644 2884 4715 accepit
2914 4643 2980 4699 ab
3023 4643 3204 4701 Adam.
3219 4647 3274 4700 in
3308 4647 3621 4715 mulierem;
3651 4660 3709 4706 et

2140 4732 2277 4789 mihi
2311 4733 2531 4789 videtur
2581 4734 2669 4809 pie
2692 4734 2986 4793 admodum
3035 4738 3336 4795 attendisse
3382 4740 3705 4799 dictionem.

2142 4824 2280 4881 Nam
2311 4824 2658 4880 Theodotion
2713 4840 2933 4897 quoque
2982 4825 3064 4882 sic
3094 4826 3352 4883 distinxit
3383 4830 3529 4886 idem
3577 4848 3707 4888 ver-

2145 4911 2298 4975 bum,
2324 4919 2386 4966 ut
2429 4911 2502 4967 sit
2536 4910 2592 4967 id
2644 4911 2792 4984 quod
2832 4911 3076 4967 dicitur:
3115 4914 3185 4970 Et
3221 4916 3502 4985 aediﬁcavit
3532 4918 3712 4975 Domi.

2147 5018 2244 5057 nus
2276 5001 2438 5068 Deus,
2468 5011 2517 5055 et
2542 5004 2770 5068 ornavit,
2814 5012 3188 5076 venustamque
3221 5015 3271 5060 et
3321 5006 3550 5079 lepidam
3595 5014 3714 5082 eire-

2147 5096 2238 5159 cit,
2294 5102 2343 5148 et
2381 5094 2727 5163 sanctificavit
2787 5102 2984 5148 costam
3018 5099 3193 5152 carnis
3225 5114 3387 5168 quam
3422 5103 3618 5171 accepit
3647 5102 3712 5155 ab

2151 5186 2351 5239 Adamn
2382 5185 2487 5240 sibi
2520 5186 2574 5240 in
2602 5202 2848 5251 uxorem,
2875 5202 3072 5258 nempe
3098 5189 3423 5245 Ecclesiam.
3445 5191 3556 5247 Cur
3579 5192 3714 5249 dicit

2147 5277 2383 5334 Paulus:
2423 5277 2691 5349 Despondi
2714 5296 2801 5333 vos
2826 5280 2920 5333 uni
2946 5281 3059 5334 uiro
3088 5281 3329 5335 exhibere
3355 5284 3611 5352 uirginem
3645 5283 3710 5338 τ’.

2151 5368 2303 5424 Unde
2325 5378 2490 5424 etiam
2538 5369 2684 5425 Deus
2709 5370 2898 5424 unitus
2921 5377 2977 5425 et
3013 5370 3323 5440 desponsus
3364 5372 3495 5428 huic
3522 5382 3710 5435 costas,

2150 5460 2228 5515 ait
2250 5475 2348 5531 per
2381 5460 2704 5532 prophetam
2749 5460 3011 5516 adultera:
3072 5460 3400 5532 Synagogae:
3440 5462 3560 5517 Non
3589 5478 3712 5518 sum

538 5654 586 5732 ξς
620 5652 819 5732 ρεὼιιο.
849 5670 927 5732 tu,
962 5653 1044 5707 l3.
1120 5654 1166 5686 "
1192 5647 1347 5709 Rom.
1370 5670 1486 5719 vui,
1521 5655 1610 5710 εἱ.
1663 5654 1868 5710 “Gen.
1908 5672 1966 5724 ιι,
1989 5655 2021 5709 ‘2

2121 5655 2298 5715 liatth.
2323 5673 2438 5729 xxx,
2472 5663 2529 5723 5;
2568 5660 2763 5732 Ephes.
2792 5673 2847 5721 v,
2878 5658 2967 5712 51.
3079 5657 3121 5689 τί
3161 5658 3306 5713 Psal.
3345 5674 3597 5726 Lxxxvnl,
3626 5661 3712 5726 52,

455 5723 504 5755 τ’
540 5725 586 5782 ΙΙ
618 5723 746 5779 Cor.
784 5740 858 5785 xl,
894 5726 952 5777 2.

749 5818 1020 5881 Ριιτιιοι..
1058 5821 1174 5882 Gn.
1214 5820 1546 5882 LXXXIX.

3285 5823 3363 5886 32
