4056 6148
388 376 393 383 γ

390 392 530 458 illt3
1588 395 1649 453 S.
1693 390 2087 453 ANASTASII
2129 391 2453 451 SlNAl'l‘xE
2494 391 2499 395 ’
3490 386 3625 448 10M

391 502 628 573 amplius
651 500 731 554 vir
750 510 899 565 tuus,
928 510 982 555 et
1018 509 1073 553 tu
1096 514 1203 553 non
1235 514 1295 553 es
1323 500 1558 566 amplius
1590 513 1726 552 uxor
1754 496 1957 551 mea".
1989 497 2030 556 Α
2064 495 2312 550 membra
2343 492 2593 565 corporis
2617 503 2745 549 sunt
2766 494 2930 549 .unita
2974 495 3027 549 in
3076 508 3311 566 corpore
3340 494 3406 554 ⁷⁸.
3433 508 3625 563 possu-

390 589 545 655 Quod
576 589 620 643 si
663 588 744 643 vis
774 589 940 642 etiam
970 586 1184 643 discere
1215 585 1507 639 aedificium
1551 585 1715 655 hujus
1741 595 1904 637 costae
1928 597 1958 635 a

393 682 503 733 Deo
533 678 841 748 conjuncta:
871 691 992 747 quae
1022 675 1128 730 fuit
1151 673 1448 745 aliquando
1481 674 1699 728 deserta
1723 682 1778 727 et
1804 672 1961 726 dere-

390 772 539 833 licta,
571 768 699 824 audi
734 769 787 823 ei
818 768 1033 822 unitum
1079 767 1399 837 angularem
1445 764 1683 834 lapidem
1718 762 1957 835 (ﬁrmum

390 869 445 917 et
496 860 922 917 illabefactabile
980 855 1422 927 fundamentum)
1467 856 1743 911 Christum
1775 856 1963 910 dicen-

394 964 537 1007 tem:
564 952 733 1025 Super
757 953 890 1005 hanc
913 957 1113 1023 petram
1138 948 1404 1016 aediﬁcabo
1425 948 1737 1003 rEcclesiam
1765 962 1958 1010 meam,

393 1056 441 1098 et
474 1055 638 1117 porta:
671 1045 866 1115 inferni
915 1059 1019 1097 non
1072 1039 1429 1113 prwvalebunt
1465 1040 1710 1094 adversus
1745 1055 1862 1092 eam
1891 1038 1957 1091 ⁷⁸.

391 1136 521 1190 Fuit
551 1134 699 1190 enim
735 1130 999 1201 mdiﬁcata
1054 1145 1212 1200 super
1251 1128 1654 1198 fundamentum
1684 1124 1811 1179 ﬁdei
1842 1140 1963 1196 pra-

393 1227 672 1294 phetarum
691 1228 738 1275 et
759 1218 1118 1291 apostolorum
1140 1217 1207 1283 ⁷⁸,
1242 1217 1337 1286 qui
1381 1223 1511 1273 sunt
1557 1213 1689 1268 boni
1720 1210 1959 1283 operarii

395 1304 785 1386 sapientissimi
817 1310 1186 1367 aediﬁcatoris.
1204 1308 1442 1375 Quando
1467 1313 1651 1361 autem
1705 1306 1823 1359 haec
1850 1318 1960 1358 una

395 1416 546 1463 costa
613 1402 855 1459 Ecclesia
933 1401 1039 1455 fuit
1095 1388 1398 1453 aediﬁcata?
1459 1398 1556 1451 Est
1605 1396 1959 1467 perSpicuum

392 1498 538 1568 quod
582 1493 803 1566 quando
827 1493 998 1547 altera
1048 1497 1201 1545 costa
1230 1488 1335 1542 fuit
1363 1487 1646 1551 derelicta,
1669 1495 1725 1540 et
1781 1483 1962 1539 dissoo

390 1591 564 1644 iutum
588 1586 692 1642 fuit
724 1585 969 1641 secundo
996 1584 1261 1653 templum
1281 1579 1592 1635 Iudaicum.
1648 1577 1805 1643 Quod
1836 1576 1963 1646 qui-

390 1683 513 1736 defn
553 1694 677 1735 cum
710 1684 860 1733 esset
893 1683 1149 1745 tanquam
1179 1684 1285 1728 una
1323 1681 1475 1727 costa
1508 1671 1700 1725 Adami
1728 1668 1959 1733 Christi,

393 1772 683 1826 manifeste
714 1769 766 1824 id
798 1767 952 1838 prius
974 1764 1324 1821 describebat
1347 1778 1548 1817 nomen
1572 1760 1738 1832 primi
1765 1775 1962 1831 paren-

2062 601 2185 641 mus
2227 586 2413 641 dicere
2465 585 2533 641 de
2584 600 2916 656 unoquoque
2956 601 3186 643 eorum:
3236 585 3347 641 Hoc
3398 602 3627 641 tamen

2062 676 2264 731 assibus
2290 678 2437 739 meis,
2477 683 2525 729 et
2558 691 2687 729 caro
2711 691 2774 729 ea:
2817 692 2978 730 carne
3006 692 3149 731 mea.
3177 676 3407 743 Quando
3444 686 3627 735 autem

2065 784 2132 823 cx
2165 783 2330 824 causa
2386 768 2566 837 aliqua
2596 766 2760 822 fuerit
2812 767 3015 833 ablatio
3052 777 3113 823 et
3141 768 3343 822 divisio
3397 768 3631 841 alicujus

2065 860 2301 914 membri
2343 876 2372 913 a
2413 874 2667 927 corpore,
2701 873 2808 912 non
2846 859 3018 914 habet
3062 859 3302 929 amplius
3325 860 3506 914 locum
3548 859 3632 914 di-

2065 964 2223 1003 cere:
2250 948 2358 1002 IIoc
2382 965 2520 1002 nunc
2554 964 2610 1001 os
2640 963 2704 1001 ea:
2729 948 2928 1001 ossibus
2954 950 3101 1011 meis,
3129 957 3178 1002 et
3213 965 3338 1002 caro
3380 965 3442 1002 ex
3475 965 3633 1003 carne

2065 1056 2217 1094 mea:
2252 1040 2344 1095 scd
2388 1040 2495 1095 hoc
2519 1040 2625 1093 fuit
2668 1039 2966 1108 aliquando
2993 1056 3050 1093 os
3072 1055 3137 1094 ea:
3173 1040 3370 1095 ossibus
3404 1034 3551 1101 meis,
3578 1050 3635 1095 et

2066 1147 2194 1187 caro
2227 1147 2294 1186 ex
2322 1146 2554 1201 corpore
2583 1146 2726 1186 meo.
2754 1133 2913 1187 Nune
2945 1141 3131 1189 autem
3152 1148 3263 1186 non
3293 1141 3377 1186 est
3396 1132 3633 1200 amplius

2063 1240 2126 1278 os
2148 1239 2330 1279 meum
2356 1218 2700 1293 nequecura
2723 1240 2867 1289 mea,
2897 1224 2995 1280 sed
3032 1224 3249 1279 diversa
3294 1234 3399 1287 est,
3433 1224 3630 1289 ablata,

2063 1317 2267 1382 excisa,
2319 1316 2630 1371 abalienata
2670 1324 2758 1372 est
2806 1316 2876 1373 ab
2925 1315 3147 1371 ossibus
3182 1316 3322 1372 meis
3365 1324 3422 1372 et
3469 1331 3634 1371 carne

2064 1419 2204 1458 mea.

2064 1552 2071 1557 ,
2137 1495 2239 1550 llic
2268 1502 2454 1551 autem
2468 1496 2533 1550 in
2554 1495 2660 1551 hac
2673 1495 2986 1553 admirabili
3019 1495 3290 1565 stupenda
3317 1506 3470 1552 costa
3498 1497 3635 1552 Ada—

2065 1587 2141 1641 mi
2175 1588 2271 1657 qui
2307 1587 2535 1654 dicitur,
2564 1603 2598 1643 e
2628 1589 2907 1644 contrario
2926 1603 3019 1644 res
3046 1588 3328 1643 dicuntur.
3349 1590 3484 1644 Nam
3512 1598 3637 1644 ante

2065 1676 2399 1731 ablationem
2422 1686 2480 1731 et
2511 1675 2838 1733 divisionem
2884 1685 3051 1733 costae
3076 1693 3195 1748 qua:
3226 1686 3442 1748 sumpta
3468 1687 3555 1733 est
3582 1687 3637 1731 et

2067 1784 2287 1839 egressa
2319 1784 2385 1824 ex
2417 1785 2652 1840 corpore
2676 1772 2818 1841 ejus,
2849 1785 2963 1826 non
3000 1770 3241 1826 diximus
3290 1772 3466 1840 ipsam
3490 1786 3546 1825 os
3573 1786 3637 1824 ea

393 1865 464 1916 tis
491 1880 506 1927 ;
537 1876 669 1915 nam
709 1859 753 1913 si
776 1858 845 1912 ad
876 1857 1149 1911 calculum
1185 1854 1482 1909 reducatur
1508 1845 1707 1907 nomen
1745 1851 1961 1919 Adami,
2000 1832 2038 1884 Β
2070 1832 2267 1938 ﬁt,”
2300 1863 2440 1935 eius,
2473 1832 2657 1933 3;,tu
2686 1832 2907 1918 (ξω-πίθῃ)
2928 1875 3006 1917 δι
3033 1832 3375 1934 “main-3.
3408 1862 3637 1930 Quando

393 1954 616 2008 coniicit
676 1960 969 2006 numerum
1032 1946 1394 2018 quadraginta
1440 1955 1496 2000 et
1545 1960 1661 2009 sex,
1700 1945 1965 2013 templum

393 2046 544 2099 enim
596 2041 910 2104 Judaicum,
960 2039 1106 2108 quod
1165 2036 1484 2091 aliomanis
1538 2034 1634 2089 fuit
1695 2034 1964 2097 dirutum,

396 2126 729 2192 aediﬁcatum
758 2130 1321 2205 fueratquadraginta
1346 2145 1438 2185 sex
1467 2116 1646 2182 annis.

468 2230 536 2283 Et
554 2227 835 2297 wdiﬁcacit
862 2226 1112 2281 Dominus
1136 2225 1274 2279 Deus
1296 2230 1493 2277 costam
1552 2239 1713 2293 quam
1771 2221 1968 2291 accepit

396 2320 493 2374 sibi
521 2319 585 2372 ab
613 2319 818 2372 Adamo
842 2319 896 2370 in
915 2329 1155 2381 uxorem,
1189 2310 1413 2366 et‘duxit
1442 2328 1560 2367 eam
1587 2311 1656 2366 ad
1682 2312 1966 2373 Adamum,

396 2410 654 2465 videlicet
670 2416 799 2479 post
825 2406 1243 2462 suscitationem
1275 2419 1380 2474 qua
1399 2403 1641 2473 seipsnm
1660 2402 1965 2481 suscitavit.

399 2504 517 2558 Nm
542 2502 807 2571 scriptum
843 2507 926 2555 est
959 2499 1140 2553 enim:
1181 2496 1249 2551 Et
1275 2496 1518 2550 excitauit
1548 2494 1798 2549 Dominus
1828 2494 1968 2549 Deus

397 2596 679 2655 Adamum,
700 2601 749 2647 et
777 2593 929 2646 duxit
963 2591 1032 2645 ad
1061 2592 1234 2660 ipsum
1256 2587 1555 2642 mulierem.
1582 2586 1755 2640 Habet
1791 2585 1972 2639 fidelis

396 2685 562 2739 etiam
597 2684 664 2737 de
709 2682 875 2752 hujus
919 2681 1064 2752 (post
1090 2677 1300 2734 Christi
1344 2675 1834 2742 resurrectionem)
1870 2674 1971 2729 Ec-

398 2777 581 2831 clesiae
608 2773 676 2829 ad
718 2774 898 2843 ipsum
961 2771 1224 2837 adventu,
1273 2769 1329 2823 in
1368 2756 1678 2837 Evangeliis
1727 2773 1971 2838 apertam

399 2865 952 2933 demonstrationem.
974 2861 1203 2928 Quando
1216 2859 1363 2915 enim
1386 2858 1629 2913 surrexit
1657 2874 1687 2912 a
1714 2857 1969 2923 mortuis,

403 2968 535 3011 tunc
559 2956 821 3028 praecepit
842 2953 1126 3023 apostolis,
1160 2952 1385 3007 dicens:
1412 2949 1614 3005 Euntes
1633 2951 1690 3003 in
1717 2949 1970 3003 mundum

400 3052 577 3103 deceto
609 3063 790 3103 omnes
817 3055 1013 3117 gentes,
1034 3042 1362 3113 baptizantes
1381 3058 1467 3096 eos
1485 3042 1538 3095 in
1558 3041 1769 3096 nomine
1788 3039 1971 3094 Patris

2066 1964 2250 2011 autem
2282 1965 2499 2031 sumpta
2520 1964 2605 2012 est
2631 1964 2691 2011 et
2720 1963 2849 2011 nata
2878 1970 2945 2011 ex
2973 1971 3202 2025 corpore
3228 1957 3373 2027 ejus,
3405 1965 3466 2010 et
3486 1955 3639 2011 Tacta

2067 2058 2155 2106 est
2185 2060 2439 2120 tanquam
2471 2065 2673 2120 corpus
2699 2050 2844 2120 ejus,
2874 2048 2944 2104 ad
2977 2049 3156 2119 ipsum
3176 2055 3267 2104 est
3290 2048 3550 2113 adducta,
3585 2058 3643 2103 et

2069 2149 2201 2196 tunc
2224 2141 2358 2196 dicit
2393 2160 2405 2194 :
2432 2139 2542 2196 Hoc
2572 2156 2711 2194 nunc
2733 2156 2788 2194 os
2824 2156 2887 2195 ea:
2921 2139 3120 2193 assibus
3147 2139 3299 2201 meis,
3332 2146 3384 2191 et
3417 2154 3545 2192 caro
3578 2154 3643 2191 ex

2070 2249 2231 2287 carne
2265 2249 2403 2299 mea,
2432 2233 2645 2305 scilicet
2675 2231 2924 2303 ejusdem
2944 2231 3181 2302 generis.
3209 2228 3365 2285 Unde
3385 2246 3484 2302 per
3509 2230 3636 2297 hoc,

2069 2324 2217 2394 quod
2250 2323 2383 2379 dicit
2436 2332 2493 2379 et
2521 2323 2675 2378 addit
2732 2322 2892 2386 illud,
2944 2322 3116 2384 Nunc,
3179 2321 3424 2375 ostendit
3459 2320 3642 2381 nobis,

2071 2418 2216 2486 quod
2244 2417 2397 2485 prius
2429 2432 2537 2471 non
2566 2424 2685 2471 erat
2740 2415 2857 2470 hsce
2886 2422 3037 2489 costa
3072 2413 3410 2477 Judazorum,
3468 2427 3647 2483 neque

2070 2523 2135 2563 os
2166 2524 2232 2562 ex
2260 2507 2481 2562 ossibus
2515 2507 2657 2576 ejus,
2693 2521 2873 2576 neque
2897 2521 3025 2560 caro
3044 2520 3111 2559 ex
3145 2519 3308 2558 carne
3333 2505 3476 2573 ejus,
3501 2504 3641 2567 veri,

2071 2599 2317 2667 inquam,
2342 2597 2557 2653 Adami.
2590 2597 2661 2651 Et
2692 2596 2737 2651 si
2761 2596 2990 2651 dixisset
3015 2593 3237 2665 quidem
3270 2612 3282 2646 :
3325 2593 3433 2647 Hoc
3474 2610 3531 2648 os
3581 2609 3646 2648 es

2071 2690 2268 2745 ossibus
2318 2690 2466 2756 meis,
2499 2674 2682 2743 locum
2716 2686 2961 2755 haberet
3022 2685 3246 2741 Iudaeus
3302 2682 3647 2756 intelligendi

2072 2781 2139 2837 ad
2167 2780 2406 2836 litteram
2460 2778 2517 2834 id
2568 2777 2715 2847 quod
2745 2777 2970 2832 dicitur.
3025 2776 3229 2831 Addito
3292 2782 3478 2830 autem
3520 2775 3643 2837 illo,

2070 2870 2245 2935 Nunc,
2272 2877 2463 2939 aperte
2490 2868 2652 2925 nobis
2678 2867 2919 2922 ostendit
2940 2865 3110 2938 quod,
3144 2882 3214 2920 ex
3253 2881 3366 2936 quo
3412 2866 3651 2922 excessit

2073 2961 2351 3020 secundus
2400 2961 2596 3026 Adam,
2651 2959 2887 3030 pulchro
2942 2968 2999 3015 et
3027 2960 3189 3014 beato
3221 2965 3277 3014 et
3314 2958 3645 3012 immutabili

2072 3068 2327 3121 excessu,
2351 3060 2408 3106 et
2430 3051 2655 3108 dormiit
2673 3050 2796 3123 (nos
2814 3066 3008 3106 omnes
3023 3048 3415 3121 viviﬁcantem)
3441 3049 3651 3104 tridua-

404 3150 455 3191 et
490 3138 615 3194 Filii
645 3146 695 3191 et
723 3135 955 3207 Spiritus
988 3135 1160 3189 sancti
1187 3133 1251 3187 "'.
1287 3134 1498 3187 Euntes
1725 3132 1969 3202 colligite

2072 3153 2198 3196 nam
2227 3154 2383 3195 suam
2416 3151 2673 3205 mortem,
2702 3148 2761 3196 et
2792 3140 3007 3210 peperit
3026 3138 3320 3209 pulchram
3353 3153 3508 3194 suam
3541 3137 3648 3192 Ec-

402 3244 558 3284 meos
581 3229 728 3283 ﬁlios
789 3227 1111 3297 dispersos,
1165 3224 1413 3279 membra
1465 3225 1769 3295 dispersa;
1819 3223 1972 3277 unite

405 3334 556 3374 meas
592 3332 789 3373 carnes
818 3316 1071 3382 divisas;
1108 3306 1428 3385 coniungite
1467 3330 1586 3370 mea
1636 3330 1761 3370 ossa
1791 3313 1972 3370 disso-

407 3412 553 3476 luta;
577 3407 835 3464 adducite
865 3406 932 3462 ad
985 3421 1073 3461 me
1103 3413 1310 3459 costam
1359 3420 1480 3474 qua:
1507 3413 1593 3459 est
1627 3420 1655 3459 a
1697 3421 1782 3460 me
1818 3419 1975 3474 sepa-

406 3511 561 3567 rata;
613 3509 805 3559 vocate
837 3499 935 3554 .ad
992 3513 1079 3552 me
1136 3512 1365 3552 uxorem
1423 3512 1601 3552 meam
1638 3538 1652 3563 ,
1718 3512 1839 3567 quae
1881 3496 1975 3551 ab-

404 3595 567 3649 ducta
613 3603 703 3649 est
731 3593 974 3663 captiva;
1027 3589 1293 3646 :edilicate
1342 3603 1461 3643 eam
1488 3606 1682 3645 rursus
1716 3590 1771 3645 in
1797 3605 1974 3645 meam

402 3687 696 3757 conjugem
732 3684 1062 3740 Eeclesiam.
1117 3684 1447 3755 Conjungite
1490 3682 1650 3743 mihi,
1716 3682 1813 3753 qui
1851 3696 1973 3737 sum

406 3777 546 3848 lapis
573 3779 777 3833 excisus
799 3790 864 3831 ea
903 3784 1079 3831 monte
1130 3783 1323 3831 sancto
1353 3777 1466 3829 sine
1493 3774 1731 3828 manibus
1757 3774 1823 3840 ⁷⁷,
1856 3774 1978 3829 illos

405 3871 618 3941 lapides
650 3869 719 3925 de
747 3868 955 3940 quibus
994 3868 1131 3924 dicit
1158 3868 1328 3924 lsaias
1361 3885 1373 3919 ε
1408 3866 1593 3923 Sancti
1625 3864 1837 3937 lapides
1863 3865 1979 3920 vol-

406 3971 615 4016 vuntur
666 3973 833 4030 super
885 3969 1125 4015 terram:
1175 3975 1275 4029 per
1333 3973 1474 4029 quos
1530 3957 1796 4013 aediﬁcata
1826 3966 1976 4013 costa

407 4052 616 4108 Christi
665 4051 945 4114 Ecclesiae,
983 4059 1040 4105 et
1070 4051 1385 4121 conjunctis
1415 4048 1681 4104 membris
1728 4048 1979 4118 cognatis

411 4143 593 4201 carnis
644 4155 780 4209 suae,
834 4151 891 4196 et
940 4141 1157 4197 coactis
1195 4155 1273 4195 ac
1309 4138 1626 4194 constrictis
1679 4136 1837 4192 nobis
1882 4135 1977 4201 qui

417 4249 612 4291 sumus
631 4234 753 4306 ejus
785 4246 921 4289 ossa
937 4234 1167 4304 (unione
1189 4233 1256 4287 ad
1293 4233 1471 4302 ipsum
1516 4238 1573 4285 et
1611 4224 1980 4285 eoalesoentia

414 4327 591 4398 Mei),
626 4326 824 4385 videns
856 4325 1249 4396 adeopulehre
1289 4340 1319 4379 a
1351 4325 1463 4379 Deo
1483 4323 1807 4379 aediﬁcatam
1850 4338 1982 4378 con-

412 4419 755 4490 corporulem
785 4421 1149 4489 etconjugem
1195 4431 1350 4473 suam
1401 4423 1611 4472 costam
1658 4414 1981 4477 Ecclesiam,

2075 3233 2322 3300 clesiam,
2354 3238 2561 3290 costam
2603 3232 3075 3303 concorporalem,
3107 3239 3164 3287 et
3208 3228 3500 3285 aediﬁcavit
3525 3243 3646 3284 eam

2076 3325 2132 3380 in
2162 3341 2316 3381 suam
2342 3339 2589 3388 uxorem,
2634 3334 2690 3380 et
2723 3324 2956 3381 adduxit
3002 3338 3122 3378 eam
3156 3322 3303 3377 Deus
3347 3321 3417 3376 ab
3457 3334 3651 3376 errore

2075 3433 2399 3474 conversam
2452 3418 2521 3472 ad
2564 3417 2872 3485 Christum,
2902 3416 3081 3471 donec
3126 3415 3244 3470 haec
3295 3411 3479 3469 omnia
3506 3411 3649 3469 facta

2075 3521 2226 3578 sunt,
2270 3509 2516 3566 nondum
2550 3517 2671 3565 erat
2713 3525 2771 3564 os
2808 3524 2873 3563 eas
2913 3494 3112 3563 ossibus
3140 3507 3281 3578 ejus,
3322 3513 3370 3559 et
3420 3519 3546 3560 caro
3584 3517 3650 3554 es

2077 3618 2235 3657 carne
2269 3603 2407 3673 ejus.
2440 3600 2577 3656 Illud
2618 3613 2784 3673 ergo,
2823 3598 2997 3663 Nunc,
3039 3598 3247 3655 dicitur
3293 3604 3521 3667 propter
3549 3593 3645 3649 ad-

2063 3703 2325 3759 -ventum,
2354 3693 2577 3765 quando
2612 3708 2740 3748 cum
2776 3700 2923 3749 esset
2947 3706 3121 3762 prope
3155 3689 3449 3754 Adamum,
3482 3687 3535 3741 ei
3558 3691 3648 3740 est

2076 3785 2485 3857 propinquitate
2527 3785 2842 3853 conjuncta,
2876 3790 2933 3837 et
2962 3770 3148 3848 unita,
3180 3788 3236 3835 et
3267 3778 3558 3848 desponsa,
3593 3784 3653 3831 et

2078 3877 2353 3947 copulata.
2388 3874 2456 3929 Et
2490 3874 2615 3930 ideo
2640 3874 2712 3928 ab
2738 3873 2859 3944 ipso
2891 3889 2904 3924 :
2944 3872 3056 3927 Hoc
3089 3888 3228 3927 nunc
3259 3886 3317 3925 os
3367 3870 3433 3923 de
3454 3867 3653 3923 ossibus

2079 3969 2227 4031 meis,
2252 3974 2300 4019 et
2326 3982 2452 4021 caro
2492 3965 2555 4020 de
2578 3980 2739 4021 carne
2769 3981 2886 4019 mea
2911 3979 2929 4018 :
2959 3978 3101 4029 mea,
3142 3963 3391 4032 inquam,
3424 3957 3650 4023 Christi,

2079 4071 2145 4110 ex
2176 4071 2285 4126 quo
2310 4053 2476 4109 etiam
2501 4062 2633 4108 nata
2648 4062 2751 4108 est.
2778 4052 2851 4107 Et
2878 4050 3003 4106 ideo
3049 4049 3205 4106 audit
3229 4048 3418 4114 etiam,
3466 4046 3550 4102 Ad
3572 4062 3655 4100 vt-

2081 4163 2199 4200 rum
2234 4154 2383 4200 tuum
2420 4145 2686 4203 conversio
2709 4152 2825 4210 tua,
2851 4150 2900 4196 et
2923 4142 3034 4209 ipse
3085 4148 3345 4211 tanquam
3393 4138 3659 4195 Dominus

2080 4237 2327 4299 omnium
2370 4235 2749 4301 dominabitur.
2803 4232 2908 4288 Sed
2940 4231 2999 4286 in
3033 4246 3128 4287 sex
3170 4228 3396 4300 quidem
3441 4227 3656 4283 dierum

2082 4328 2382 4393 creatione,
2406 4312 2662 4381 ultimum
2713 4331 2864 4380 creat
2894 4330 2952 4378 et
2984 4321 3139 4393 lingit
3168 4320 3485 4386 hominem;
3515 4320 3570 4373 in
3591 4333 3658 4372 ea

2084 4426 2268 4474 autem
2306 4432 2429 4489 qua:
2486 4418 2595 4472 fuit
2646 4424 2856 4487 postea,
2891 4429 3019 4470 eum
3065 4412 3306 4484 primum
3337 4410 3571 4475 inducit,
3602 4417 3660 4464 et

413 4510 637 4578 quando
654 4524 777 4565 eam
812 4509 882 4563 ad
914 4523 974 4563 se
1013 4509 1171 4563 duxit
1216 4508 1365 4562 Deus
1392 4513 1450 4560 et
1488 4505 1672 4573 Pater,
1723 4505 1863 4559 dixit
1894 4520 1981 4560 se-
2019 4499 2063 4553 D
2090 4508 2289 4565 deinde
2317 4523 2405 4563 res
2435 4524 2558 4579 qua;
2584 4506 2843 4564 Ecclesia;
2872 4503 3125 4561 referunt
3153 4501 3468 4574 imaginem.
3523 4498 3660 4554 Nam

417 4601 638 4656 candus
665 4600 840 4656 Adam
871 4603 1143 4671 postejus
1177 4616 1208 4654 a
1253 4598 1488 4653 mortuis
1525 4599 1939 4653 suscitationem
1968 4617 1980 4652 :

410 4691 529 4746 Hoc
553 4708 693 4746 nunc
719 4705 856 4746 eset
889 4687 1095 4757 ossibus
1114 4694 1264 4758 meis,
1320 4700 1369 4746 et
1408 4707 1531 4746 caro
1576 4706 1637 4745 ex
1662 4708 1821 4746 carne
1844 4708 1983 4747 mea.

2090 4603 2331 4672 primum
2386 4600 2611 4672 quidem
2669 4612 2893 4655 carnem
2952 4594 3200 4666 suscepit
3258 4594 3547 4658 Christus,
3602 4598 3659 4646 et

2090 4692 2292 4748 deinde
2324 4692 2468 4749 facta
2508 4703 2595 4748 est
2629 4690 2892 4755 Ecclesia,
2922 4689 2984 4745 in
3006 4704 3116 4759 qua
3152 4688 3343 4743 bestia:
3402 4687 3660 4758 ingressa

415 4774 483 4839 Ei
508 4798 642 4853 ergo
683 4784 777 4853 qui
810 4785 879 4840 ad
915 4784 1154 4859 litteram
1203 4785 1381 4840 solum
1428 4783 1608 4840 nudas
1636 4784 1874 4840 attendit
1904 4784 1988 4838 di-
2090 4794 2222 4840 sunt
2248 4785 2475 4843 ultimae.
2505 4784 2615 4856 Ipsi
2642 4783 2869 4851 Christo
2897 4782 2996 4851 qui
3029 4778 3360 4841 introduxit.
3385 4778 3460 4833 sit
3489 4778 3661 4849 gloria

414 4874 635 4930 ctiones
656 4890 779 4945 quae
817 4876 982 4931 dictae
1012 4886 1162 4943 sunt,
1188 4874 1348 4932 valde
1371 4875 1744 4947 discrepantia
1778 4884 1834 4930 et
1856 4892 1990 4933 con-
2091 4876 2145 4930 in
2183 4877 2379 4933 saecula
2405 4875 2753 4931 saeculorum.
2784 4862 2963 4935 ‘Amen

412 4963 585 5018 traria
626 4972 755 5020 sunt
819 4965 988 5021 verba
1026 4966 1215 5022 rebus.
1275 4965 1412 5022 Nam
1463 4964 1710 5036 quandiu
1764 4964 1986 5039 quidem

427 5251 481 5304 ν,
513 5235 609 5290 50.

491 5165 694 5239 1iosee
727 5183 788 5239 η,
826 5167 881 5222 2.
957 5166 1211 5222 “Matth.
1256 5182 1368 5231 xvi,
1428 5166 1510 5219 13.
1579 5164 1637 5236 1”
1659 5163 1859 5234 Ephes.
1906 5178 1963 5226 ιι,

2080 5204 2093 5216 .
2171 5163 2215 5193 ⁷⁵
2254 5162 2451 5217 Matth;
2486 5179 2673 5226 uvut,
2710 5162 2795 5216 l9.
2876 5164 2919 5195 ⁷⁷
2949 5163 3082 5217 Dan.
3116 5175 3176 5225 ιι,
3209 5161 3295 5216 δι.
3375 5160 3423 5195 ⁷⁸
3460 5158 3661 5232 Epltes.
