4056 6148
400 348 541 414 1005

1501 345 1585 409 ΙΝ
1626 347 2174 409 ΠΕΧΑΕΜΕΠΟΝ.
2204 373 2272 381 -
2297 348 2441 407 ΠΒ.
2482 349 2553 407 Χ.

3507 348 3640 412 1306
3663 350 3669 357 ’

1531 690 1883 780 LIBER
1961 690 2520 781 DECIMUS.

1382 888 1465 929 DE
1499 854 1815 931 διίυιιιειιιε
1855 884 2207 929 CBEATIONE
2251 887 2330 927 ET
2368 882 2669 930 PECCATO.

480 1150 607 1222 Ipsa
639 1147 911 1207 vocabitur
941 1144 1150 1211 mulier,
1168 1146 1418 1216 quoniam
1447 1153 1658 1215 sumpta
1683 1154 1756 1203 est
1785 1160 1847 1203 ea:
1867 1145 1977 1197 viro
2008 1147 2053 1203 Α
2082 1158 2227 1203 mea;
2255 1142 2507 1211 quoniam
2558 1140 2885 1212 ampliﬁcata
2928 1148 3005 1197 est
3042 1139 3318 1209 fornicatio
3351 1151 3443 1199 tua
3490 1162 3648 1216 super

400 1260 516 1298 suo.
561 1242 630 1296 Et
661 1256 761 1295 cur
793 1238 978 1294 statim
1032 1236 1254 1301 mulier,
1305 1246 1361 1292 et
1417 1252 1525 1293 non
1576 1235 1747 1306 magis
1772 1248 1972 1291 conve-

382 1330 617 1389 nienter
643 1329 823 1385 ordini
860 1326 1187 1383 incrementi
1232 1314 1553 1396 corporum,
1587 1326 1824 1395 primum
1885 1323 1972 1379 in—

399 1425 542 1500 fans,
569 1422 771 1478 deinde
796 1420 1002 1491 puella,
1033 1416 1234 1473 deinde
1279 1417 1709 1479 adolescentula,
1762 1425 1817 1470 et
1843 1425 1975 1471 tunc

398 1517 622 1579 mulier,
647 1514 740 1571 sed
763 1512 947 1567 statim
977 1510 1281 1583 perfectam
1313 1519 1473 1565 vocat
1504 1509 1814 1571 mldierem,
1869 1507 1975 1571 hoc

398 1617 507 1671 est,
548 1622 661 1662 rem
719 1602 1041 1675 perfectam,
1098 1610 1428 1663 matronam,
1483 1595 1971 1661 matremfamilias,

400 1706 657 1761 matrem,
711 1695 986 1749 nutricem
1039 1701 1096 1746 et
1147 1691 1494 1766 genitricem,
1529 1699 1587 1747 et
1636 1690 1841 1763 multos
1879 1689 1976 1742 ba-

400 1791 625 1845 bentem
667 1786 845 1842 filios?
892 1784 1259 1860 Quamobrem
1309 1784 1444 1840 dicit
1494 1802 1508 1838 :
1552 1783 1673 1854 Ipsa
1707 1783 1975 1837 vocabitur

400 1878 637 1933 mulier?
665 1877 831 1947 Atqui
858 1878 969 1947 jam
1006 1876 1288 1930 dixiteam
1318 1890 1349 1929 a
1394 1874 1507 1929 Deo
1553 1872 1878 1928 aediﬁcatam
1916 1871 1972 1927 in

400 1973 711 2035 mulierem,
759 1978 815 2025 et
847 1967 1046 2022 deinde
1074 1966 1364 2023 adductam
1423 1964 1491 2019 ad
1541 1963 1831 2023 Adamum.
1866 1961 1973 2018 Sed

405 2071 469 2116 ut
496 2059 823 2115 ostenderet
861 2055 1006 2126 quod
1032 2055 1149 2110 heec
1182 2054 1500 2109 referuntur
1545 2052 1610 2106 ad
1646 2049 1974 2117 Ecclesium,

389 2166 525 2221 quae
550 2148 607 2202 in
639 2146 848 2201 ultimis
873 2144 1088 2199 saeculis
1112 2143 1219 2198 fuit
1241 2138 1512 2210 desponsa
1547 2140 1787 2201 Christo,
1818 2153 1882 2193 ea
1909 2136 1977 2192 de

400 2254 567 2296 causa
593 2236 651 2291 in
668 2237 841 2293 verbo
865 2235 1055 2290 futuro
1073 2230 1247 2303 ponit,
1270 2233 1459 2287 dicens
1492 2244 1504 2282 :
1535 2230 1654 2302 Ipsa
1682 2227 1978 2299 aliquando

400 2330 670 2385 vocabitur
707 2327 919 2390 mulier,
964 2312 1215 2396 quoniam
1242 2324 1358 2394 ipsa
1390 2331 1603 2394 sumpta
1647 2330 1721 2376 est
1772 2335 1835 2374 ea:
1868 2321 1978 2373 viro

2076 1232 2363 1289 Sodomam
2381 1249 2618 1289 sororem
2642 1240 2794 1287 tuam
2824 1233 2891 1286 ⁸ο.
2921 1233 2988 1289 Ει
3038 1235 3188 1289 mille
3216 1236 3321 1291 alia
3350 1237 3643 1306 ejusmodi,

2076 1333 2335 1393 tanquam
2369 1323 2634 1402 adultera:
2656 1324 2903 1379 cernitur
2943 1326 3084 1382 Deus
3117 1327 3303 1385 dicere
3350 1330 3647 1402 Synagogae

2073 1416 2128 1473 in
2178 1418 2317 1488 lege.
2348 1415 2505 1483 Quod
2539 1416 2585 1475 si
2626 1415 2850 1479 Judazus
2880 1432 2946 1472 ea
2999 1433 3122 1487 quae
3164 1435 3196 1474 a
3224 1434 3312 1476 me
3362 1422 3645 1487 dicuntur,

2074 1506 2376 1563 toleranter
2395 1507 2627 1565 auditet
2650 1505 2860 1576 patitur
2892 1527 2904 1559 :
2938 1509 3175 1565 ostendo
3212 1510 3263 1566 ei
3288 1513 3437 1580 quod
3480 1515 3647 1570 etiam

2070 1599 2192 1670 ejus
2217 1613 2355 1657 uxor
2376 1597 2659 1671 Synagoga
2683 1614 2752 1654 ex
2769 1614 2936 1657 carne
2956 1609 3044 1655 est
3067 1611 3275 1665 creata,
3304 1606 3451 1660 sicut
3477 1606 3647 1661 etiam

2075 1688 2343 1753 Ecclesia,
2377 1696 2438 1744 ut
2456 1704 2579 1759 quae
2598 1689 2670 1744 sit
2693 1697 2813 1745 orta
2847 1705 2915 1747 ex
2943 1692 3372 1752 circumcisione
3391 1699 3647 1768 prreputii

2072 1780 2306 1839 Abrahae
2325 1782 2489 1851 primi
2519 1782 3093 1851 parentisludzeorum
3130 1803 3142 1838 :
3179 1789 3459 1856 quomodo
3486 1790 3651 1846 Chri-

2075 1870 2146 1928 sti
2194 1869 2441 1927 Ecclesia
2503 1886 2570 1926 ex
2616 1886 2782 1927 carne
2845 1882 3013 1935 costa;
3074 1873 3292 1936 Adami.
3364 1875 3470 1935 Sed
3524 1893 3651 1933 caro

2075 1962 2168 2019 illa
2230 1963 2605 2034 (praipntium,
2672 1964 2917 2034 inquam,
2972 1963 3230 2034 Abrahae)
3277 1965 3491 2035 abjecta
3546 1969 3652 2024 fuit

2073 2070 2199 2111 cum
2219 2055 2457 2125 primum
2484 2064 2570 2112 est
2599 2056 2950 2121 circumcisa,
2978 2067 3037 2117 et
3065 2056 3217 2121 bunii
3255 2058 3361 2119 fuit
3421 2064 3652 2119 concul-

2076 2152 2198 2201 cata
2245 2162 2257 2198 :
2296 2144 2601 2214 praedicens
2649 2145 2978 2221 ejectionem
3030 2145 3386 2211 Abrahamiei
3432 2150 3651 2221 generis

2076 2230 2384 2289 lsraelitici.
2411 2232 2553 2289 Caro
2573 2241 2758 2290 autem
2791 2244 2957 2291 costae
2982 2249 3012 2289 a
3059 2233 3171 2293 Deo
3200 2235 3491 2299 honorata.
3534 2247 3653 2293 tan—

2076 2338 2242 2393 quam
2294 2323 2428 2387 vita,
2468 2322 2705 2379 nonfuit
2748 2325 2956 2395 ejecta;
3004 2325 3099 2385 Sed
3133 2326 3319 2385 statim
3359 2343 3525 2383 manu
3558 2329 3650 2383 Dci

402 2436 519 2477 suo.
542 2421 718 2491 Atqui
747 2418 893 2489 quod
926 2434 994 2473 ex
1025 2417 1146 2472 viro
1172 2416 1410 2471 sumitur
1447 2424 1542 2467 aut
1571 2413 1836 2475 nascitur,
1866 2428 1976 2466 non
2009 2487 2039 2491 _
2076 2413 2182 2471 fuit
2210 2414 2479 2472 aediﬁcata
2528 2416 2581 2471 in
2617 2415 2907 2471 mulierem
2954 2416 3277 2488 perlectam,
3312 2434 3511 2489 nenipc
3551 2422 3650 2476 Dei

403 2513 608 2570 dicitur
633 2487 739 2567 viri
764 2487 965 2566 mulier
991 2517 1264 2571 autuxor,
1296 2505 1390 2563 sed
1423 2505 1553 2583 ﬁlia,
1580 2512 1676 2559 aut
1696 2512 1843 2567 nata,
1881 2511 1978 2557 aut
2009 2487 2050 2543 Β
2079 2506 2401 2565 Ecclesiam.
2457 2506 2827 2577 Quamobrem
2869 2506 3013 2567 sicut
3063 2524 3191 2566 caro
3220 2510 3308 2564 illa
3375 2487 3651 2571 etisemen

404 2600 573 2673 ﬁlius,
597 2614 689 2661 aut
735 2604 879 2661 fetus
910 2592 1224 2674 :qu'omodo
1250 2584 1414 2670 etiam
1462 2598 1515 2654 in
1560 2598 1889 2652 animalibus
1922 2604 1977 2651 et

402 2698 718 2755 volucribus
753 2706 809 2752 et
839 2695 1053 2761 bestiis,
1076 2692 1260 2748 omnis
1287 2706 1416 2746 caro
1435 2706 1556 2763 qua:
1570 2706 1639 2745 ex
1664 2704 1825 2743 carne
1850 2704 1979 2758 pro-

405 2790 555 2846 cedit
612 2788 888 2860 (videlicet
938 2784 1243 2857 substantia
1273 2799 1339 2838 ex
1378 2776 1687 2837 substantia
1730 2781 1977 2857 ejusdem

406 2880 573 2935 simul
614 2878 887 2945 essentiae)
918 2876 1063 2932 fetus
1111 2875 1318 2930 dicitur
1349 2885 1406 2930 et
1438 2873 1619 2939 filius;
1657 2873 1747 2927 hic
1796 2881 1977 2929 autem

404 2985 517 3025 non
544 2969 774 3024 dicitita
830 2968 898 3041 de
927 2982 1093 3023 carne
1129 2962 1294 3022 costa:
1341 2981 1464 3037 quae
1523 2973 1740 3034 sumpta
1803 2972 1978 3019 estex

398 3061 527 3116 1viro
546 3061 687 3130 ejus.
714 3058 855 3114 Ecce
881 3057 986 3112 alia
1015 3072 1207 3113 rursus
1233 3055 1525 3112 dubitatio.
1549 3052 1802 3111 Nondum
1830 3054 1976 3107 enim

405 3159 527 3207 erat
550 3150 636 3204 vir
658 3151 779 3220 ejus
811 3148 1007 3212 Adam,
1040 3147 1285 3202 nondum
1317 3146 1496 3203 fuerat
1542 3146 1721 3205 coitus
1762 3154 1857 3219 aut
1887 3162 1979 3202 co-

407 3242 537 3310 pula
570 3248 667 3295 :et
704 3238 981 3312 quomodo
1040 3239 1178 3293 dicit
1225 3238 1372 3309 quod
1404 3254 1468 3295 ea
1519 3247 1734 3307 sumpta
1781 3238 1859 3293 sit’
1911 3254 1977 3292 ex

407 3335 528 3389 viro
545 3332 686 3388 suo?
705 3333 801 3387 Est
820 3347 953 3402 ergo
968 3330 1226 3386 omnibus
1253 3330 1432 3385 modis
1456 3330 1809 3401 perspicuum
1831 3330 1976 3399 quod

409 3424 477 3479 ad
502 3424 785 3480 Christum
809 3421 1017 3493 potius,
1041 3429 1097 3476 et
1127 3421 1196 3475 ab
1227 3421 1345 3491 ipso
1367 3422 1607 3491 genitam
1637 3430 1694 3475 et
1754 3421 1804 3476 ei
1853 3421 1976 3476 uni—

408 3524 519 3571 tam
542 3515 845 3570 Ecclesiam
870 3513 985 3568 haec
1011 3510 1326 3567 referuntur
1347 3520 1401 3567 et
1438 3512 1829 3581 priedieuntur.
1887 3514 1979 3567 Et-

407 3608 556 3661 enim
584 3607 734 3660 solus
758 3605 1015 3661 Christus
1052 3611 1135 3658 est
1164 3610 1220 3658 et
1244 3603 1482 3674 genitor,
1512 3613 1570 3659 et
1590 3604 1675 3658 vir
1708 3619 1820 3662 sua:
1844 3619 1980 3660 uxo-

409 3695 489 3750 ris
533 3704 589 3749 et
619 3709 834 3766 sponsae
885 3693 1165 3748 Ecclesiae.
1196 3692 1453 3747 Nonnulli
1486 3701 1668 3748 autem
1700 3710 1767 3753 ex
1826 3709 1976 3748 com-

2078 2596 2536 2662 eireumcisiouis,
2564 2598 2702 2656 duas
2723 2599 3121 2673 appellationes
3150 2599 3345 2661 habuit
3374 2617 3471 2671 per
3533 2620 3656 2658 mu-

2078 2688 2268 2746 lierem
2306 2687 2538 2761 (Sat-am,
2578 2689 2826 2763 inquam,
2858 2690 3343 2761 primum,deinde
3368 2688 3650 2765 Sanam);

2033 2853 2039 2858 _
2080 2780 2156 2841 ita
2174 2782 2348 2847 etiam
2403 2782 2500 2839 Dei
2539 2781 2782 2841 Ecclesia
2838 2782 2950 2847 Eva
2996 2784 3107 2838 duo
3138 2784 3349 2855 accepit
3374 2785 3598 2847 noinina
3635 2804 3653 2845 :

2078 2870 2382 2929 secundum
2418 2881 2604 2929 autem
2658 2873 2833 2945 priori
2871 2888 3036 2945 supra
3088 2873 3313 2931 modum
3363 2875 3562 2931 melius
3599 2887 3653 2931 et

2077 2962 2454 3033 excellentius.
2503 2962 2689 3019 Primo
2725 2965 2875 3025 enim
2927 2965 3208 3027 nominata
3259 2965 3367 3021 fuit
3426 2967 3647 3030 mulier,

2078 3058 2269 3121 postea
2347 3051 2459 3109 vita
2519 3070 2530 3105 :
2589 3067 2754 3123 quam
2809 3052 2977 3108 etiam
3054 3068 3151 3127 per
3216 3063 3403 3125 typum
3466 3056 3656 3125 expri-

2079 3159 2236 3209 mens
2289 3158 2425 3201 uxor
2482 3145 2746 3213 Abrahae,
2804 3154 2999 3213 vocata
3056 3156 3141 3203 est
3198 3150 3439 3219 primum
3485 3150 3650 3217 Sara,

2079 3235 2184 3297 hoc
2214 3244 2297 3297 est
2352 3236 2463 3297 dux
2496 3234 2894 3311 et‘prineeps;
2953 3238 3153 3311 deinde
3208 3241 3388 3304 Sarra.
3444 3242 3497 3297 id
3547 3253 3653 3305 est,

2080 3327 2372 3389 abundans
2404 3328 2613 3387 liberis.
2659 3330 2956 3407 imperavit
2985 3332 3133 3389 enim
3169 3333 3429 3389 omnibus
3464 3335 3655 3395 Eccle-

2081 3417 2176 3479 sia,
2215 3430 2339 3469 eum
2389 3417 2591 3477 multos
2622 3419 2929 3491 peperisset
2961 3420 3173 3481 ﬁdeles.
3228 3421 3355 3495 Ipsa
3387 3424 3658 3491 vocabitur

2082 3504 2270 3573 mulier
2294 3510 2544 3578 quoniam
2579 3525 2642 3564 ea:
2671 3511 2781 3564 viro
2802 3527 2895 3569 suo
2922 3520 3133 3581 sumpta
3157 3521 3257 3578 cst,
3319 3523 3534 3584 propter
3563 3515 3657 3569 hoc

2082 3597 2341 3669 relinquet
2363 3602 2516 3654 homo
2544 3610 2750 3672 patrem
2776 3611 2823 3654 et
2847 3610 3095 3667 matrem,
3119 3612 3167 3656 et
3192 3605 3476 3659 adhaerebit
3504 3608 3658 3659 uxori

2080 3707 2205 3745 sure.
2234 3691 2459 3762 Pr0pter
2489 3696 2586 3751 hoc
2623 3710 2637 3747 :
2663 3693 2795 3763 quid
2826 3702 2912 3748 est
2960 3694 3082 3758 hoc,
3109 3695 3333 3767 PrOpter
3360 3696 3498 3751 hoc?
3545 3697 3659 3751 lloe

408 3785 834 3849 mentatoribus,
868 3785 981 3839 haec
1011 3798 1231 3854 quoque
1257 3784 1337 3838 sic
1368 3783 1468 3837 visi
1498 3790 1627 3841 sunt
1669 3784 1860 3839 audire
1908 3785 1974 3853 de
2006 3820 2049 3878 ε
2079 3792 2178 3847 est,
2218 3792 2441 3852 propter
2471 3782 2523 3838 id
2557 3784 2702 3853 quod
2723 3794 2939 3853 sumpta
2971 3795 3057 3843 est
3101 3802 3167 3840 ex
3202 3788 3318 3841 viro
3352 3804 3365 3839 :
3402 3796 3656 3858 propter—

408 3876 676 3933 Ecctesia.
714 3876 876 3941 Erat,
929 3875 1210 3945 inquiunt,
1242 3875 1397 3945 prius
1442 3876 1594 3930 unita
1624 3875 1735 3933 Deo
1761 3878 1981 3947 quando

409 3968 556 4023 facta
612 3974 699 4022 est
741 3967 1027 4022 hominum
1079 3976 1296 4021 natura.
1347 3966 1555 4022 Deinde
1589 3983 1654 4021 ex
1696 3967 1817 4023 viro
1866 3954 1985 4039 ejus

410 4065 634 4129 sumpta
664 4069 748 4114 est
782 4058 920 4130 ipsa,
951 4074 1047 4113 seu
1073 4059 1347 4121 abstracta
1374 4066 1429 4113 et
1457 4044 1684 4124 evulsa;
1717 4073 1745 4113 a
1767 4058 1984 4115 diabolo

410 4151 563 4206 enim
588 4150 769 4208 fuerat
814 4150 1049 4205 adducta
1094 4149 1154 4205 in
1212 4150 1584 4220 captivitatem
1644 4150 1980 4206 idololatria}.

484 4240 716 4309 Quando
742 4257 873 4312 ergo
906 4256 1027 4295 eam
1062 4257 1386 4297 conversam
1436 4241 1664 4302 deduxit
1690 4243 1835 4296 Deus
1867 4242 1981 4313 (qui

412 4330 597 4387 fuerat
619 4332 917 4405 aliquando
938 4332 1025 4385 vir
1057 4331 1197 4403 ejus)
1229 4332 1298 4386 ad
1357 4332 1598 4403 seipsum
1634 4332 1982 4404 (secundum,

416 4425 664 4499 inquam,
693 4423 1010 4495 Adamum),
1031 4424 1171 4496 dixit
1199 4443 1211 4477 :
1236 4424 1344 4479 Hoc
1371 4441 1507 4478 nunc
1530 4433 1651 4495 post
1666 4425 1982 4480 conversio-

413 4531 540 4571 nem
576 4532 634 4570 os
655 4532 720 4569 ea:
755 4516 955 4571 ossibus
982 4517 1129 4581 meis,
1163 4525 1211 4570 et
1234 4532 1361 4570 caro
1408 4532 1471 4570 em
1498 4520 1659 4570 carne
1683 4534 1838 4583 mea;
1872 4519 1986 4588 ipsa

415 4607 686 4663 vocabitur
738 4606 929 4662 mulier
987 4622 1084 4661 seu
1133 4622 1273 4661 uxor
1318 4622 1458 4670 mea,
1484 4609 1577 4678 qui
1620 4625 1740 4663 sum
1775 4611 1988 4677 primus

400 4684 533 4767 'ejus
563 4713 765 4767 parens
800 4709 859 4753 et
905 4699 1105 4770 conjux
1155 4697 1427 4753 Christus.
1475 4682 1742 4768 Quoniam
1794 4717 1857 4755 ex
1902 4717 1988 4755 me

414 4789 638 4843 Christo
664 4791 758 4859 qui
789 4805 912 4845 sum
940 4789 1027 4843 vir
1044 4790 1164 4860 ejus
1216 4800 1430 4863 sumpta
1459 4801 1562 4857 est,
1614 4792 1761 4847 furto
1793 4795 1987 4851 ευιπετ

419 4887 534 4950 pta,
582 4888 640 4935 et
671 4894 819 4935 nunc
863 4880 1181 4945 revertitur,
1231 4880 1337 4936 fuit
1382 4881 1528 4936 enim
1576 4883 1679 4938 sub
1722 4884 1828 4939 alio
1870 4883 1989 4938 viro

421 4973 642 5043 (nempe
671 4971 914 5039 diabolo)
966 4980 1024 5026 et
1053 4971 1321 5027 adultera.
1364 4971 1419 5026 Si
1452 4983 1635 5028 autem
1664 4973 1989 5030 contradicit

415 5062 661 5126 Iuda-us,
692 5063 896 5118 debent
920 5064 1097 5117 nostri
1122 5063 1229 5118 hoc
1261 5063 1424 5127 scire,
1450 5064 1737 5119 audientes
1762 5065 1988 5121 omnino

2084 3889 2146 3933 ea
2214 3875 2356 3943 quod
2392 3875 2462 3931 sit
2491 3876 2611 3945 ejus
2635 3883 2807 3941 costa,
2841 3892 2991 3940 caro,
3017 3887 3073 3931 et
3106 3894 3185 3939 os,
3223 3889 3279 3939 et
3327 3880 3656 3945 membrum,

2084 3978 2140 4021 et
2172 3982 2316 4036 pars.
2342 3978 2396 4023 et
2418 3968 2585 4023 veluti
2617 3977 2807 4038 partus
2849 3970 2970 4047 ejus
3013 3980 3067 4024 et
3096 3969 3242 4026 fetus
3268 3979 3325 4026 et
3351 3973 3652 4044 generatio.

2087 4060 2318 4130 Propter
2350 4061 2453 4119 hoc
2481 4075 2648 4116 verus
2678 4060 2770 4114 ille
2798 4071 2854 4121 et
2892 4063 3046 4118 solus
3080 4064 3227 4119 Deus
3254 4072 3310 4121 et
3361 4064 3527 4121 homo
3558 4081 3659 4122 ne-

2086 4163 2176 4227 gat
2206 4162 2415 4222 patrem
2477 4162 2531 4210 et
2569 4163 2801 4209 matrem
2848 4171 3025 4211 suam.
3081 4156 3228 4212 Dixit
3254 4157 3403 4213 enim
3437 4175 3449 4210 :
3485 4158 3658 4215 Mater

2088 4260 2202 4296 mea
2264 4253 2312 4296 et
2364 4244 2556 4313 fratres
2585 4246 2685 4298 mei
2718 4246 2754 4299 ii
2785 4254 2907 4301 sunt
2940 4248 3027 4316 qui
3089 4246 3291 4315 faciunt
3334 4247 3657 4311 voluntatem

2090 4350 2260 4389 meam
2290 4331 2355 4386 ⁸¹.
2384 4332 2451 4398 Et
2487 4335 2771 4393 adlm’rclzit
2798 4338 2949 4391 uxori
2977 4352 3104 4393 sua”.
3142 4335 3377 4390 Uxorem
3411 4339 3532 4407 ejus
3589 4339 3656 4392 il-

2087 4422 2196 4476 lam
2232 4421 2356 4477 dico
2381 4438 2501 4493 quae
2524 4424 2795 4494 processit
2818 4439 2885 4483 ex
2921 4424 3040 4494 ejus
3092 4425 3264 4478 latere
3294 4433 3352 4480 et
3400 4440 3565 4483 carne
3601 4436 3660 4482 et

2088 4515 2204 4567 suis
2234 4514 2468 4579 ossibus,
2495 4530 2616 4583 ψιλῇ
2639 4524 2723 4570 est
2763 4516 2877 4571 sola
2908 4532 3044 4577 uxor
3072 4516 3265 4575 Adami
3302 4516 3606 4587 spiritualis
3641 4535 3659 4573 :

2089 4606 2238 4660 nulla
2269 4608 2418 4663 enim
2457 4608 2559 4661 alia
2586 4608 2786 4662 mulier
2816 4608 3088 4688 processit
3137 4624 3203 4663 ex
3243 4609 3363 4663 viro
3398 4624 3500 4664 suo
3554 4610 3662 4683 nisi

2090 4700 2180 4761 illa
2224 4700 2359 4755 sola.
2388 4699 2523 4757 Nam
2556 4708 2767 4753 creterm
2795 4714 2987 4752 omnes
3038 4699 3095 4753 in
3144 4699 3349 4754 mundo
3402 4699 3662 4773 mulieres

2089 4789 2397 4858 procedunt
2451 4797 2507 4840 et
2551 4798 2884 4856 generantur
2935 4803 3001 4841 ex
3049 4787 3400 4862 mulieribus,
3457 4788 3660 4851 deinde

2091 4878 2288 4933 alienis
2304 4890 2361 4933 et
2377 4879 2620 4934 externis
2639 4880 2738 4934 viri
2756 4881 3064 4950 junguntur
3083 4880 3456 4951 matrimonio,
3477 4898 3657 4953 neque

2090 4978 2272 5025 tamen
2296 4971 2647 5037 adhaerentet
2662 4954 3131 5042 conglutinatitur.
3150 4972 3285 5037 Nam
3314 4972 3462 5045 quod
3476 4973 3661 5039 adluu-

2091 5069 2175 5114 ret
2231 5060 2745 5130 etconglutinatur,
2798 5063 3003 5121 nullam
3060 5078 3243 5143 neque
3296 5063 3420 5123 loco
3475 5080 3657 5136 neque

416 5155 594 5210 Deum
625 5154 681 5208 in
716 5155 859 5225 Lege
884 5170 1113 5211 uxorem
1144 5156 1441 5226 aliquando
1478 5158 1853 5212 nominantem
1884 5157 1987 5229 Sy-
2021 5153 2062 5206 D
2092 5151 2256 5205 modo
2285 5151 2639 5227 habetaﬂs
2660 5153 2985 5215 divisionem
3030 5155 3658 5237 neque‘disjunetionem

414 5261 707 5317 nagogam,
736 5254 795 5302 et
820 5263 969 5303 nunc
1021 5249 1243 5318 quidem
1273 5250 1321 5304 ei
1366 5249 1639 5303 dicentem
1679 5267 1691 5301 :
1727 5249 1988 5306 Pudorem

414 5339 610 5392 exuisti
628 5338 770 5409 apud
797 5356 976 5394 omnes
1001 5341 1044 5372 τ’
1073 5359 1085 5393 ;
1112 5341 1214 5395 hoc
1237 5349 1343 5403 est,
1376 5355 1405 5393 a
1428 5355 1512 5394 me
1530 5340 1800 5403 defecisti,
1836 5341 1987 5394 unita

416 5428 682 5483 omnibus
731 5430 837 5484 diis
874 5431 1145 5485 idolorum
1193 5430 1460 5486 fornicata
1516 5446 1598 5494 es,
1638 5437 1694 5486 et
1749 5430 1987 5485 adorasti

416 5532 643 5572 omnem
669 5528 1000 5575 creaturam.
1023 5521 1092 5575 Et
1123 5522 1246 5576 ideo
1272 5536 1466 5576 rursus
1496 5520 1547 5576 ei
1571 5520 1791 5583 dicebat
1826 5539 1837 5572 :
1874 5519 1986 5572 Non

417 5623 540 5661 sum
593 5607 825 5677 amplius
862 5611 943 5664 vir
984 5618 1126 5677 tuus,
1178 5622 1226 5664 et
1267 5620 1321 5663 tu
1365 5625 1469 5663 non
1504 5626 1554 5663 es
1588 5610 1814 5679 amplius
1857 5623 1990 5659 arar

493 5773 541 5808 τ’
571 5771 773 5829 Jerem.
805 5790 885 5838 ιιι,
953 5774 1007 5829 '5.

2097 5243 2165 5296 ab
2187 5243 2318 5315 alio,
2369 5242 2465 5296 sed
2501 5245 2671 5302 semel
2718 5244 2792 5303 ita
2838 5253 2923 5301 est
2951 5247 3413 5321 conglutinatum,
3460 5256 3521 5301 ut
3568 5262 3663 5307 aer

2095 5332 2206 5393 luci
2245 5333 2456 5401 unitur,
2490 5344 2545 5388 et
2575 5335 2782 5393 ferrum
2817 5336 2951 5409 igni,
2998 5344 3058 5396 et
3110 5334 3347 5403 tinctura
3400 5349 3665 5410 purpurae

2095 5423 2415 5499 chlamydis,
2451 5433 2507 5478 et
2527 5425 2707 5487 anima
2738 5426 3020 5491 individue
3071 5434 3156 5485 est
3209 5425 3362 5489 unita
3419 5426 3661 5499 corpori.

2096 5515 2373 5588 intelliges
2403 5527 2587 5571 autem
2618 5534 2717 5589 per
2748 5519 2891 5587 hanc
2919 5533 3146 5581 uxorem
3198 5527 3256 5579 et
3281 5518 3387 5579 viri
3443 5535 3569 5588 eum
3600 5536 3664 5591 ea

2096 5608 2582 5679 agglutinatiouem
2650 5618 2706 5664 et
2767 5609 3179 5673 adhmsionem,
3259 5624 3380 5664 eam
3462 5615 3663 5689 aggluo

1099 5776 1143 5807 '°
1174 5774 1302 5831 Ose.
1356 5791 1416 5841 ιι,
1466 5775 1522 5828 2.
1601 5773 1646 5805 "
1678 5772 1868 5827 Matth.
1904 5787 1997 5835 xu,
2031 5772 2117 5827 5’0.
