4056 6148
450 418 582 480 1L)?
1582 485 1589 497 Ι
1637 408 1696 468 S.
1739 407 2132 467 ﬁ..\'.~i$'1"ASH
2174 407 2500 467 ΒιΝΑἰῖῖᾸΞ
2918 458 2931 468 .
3564 413 3697 492 1008

448 529 777 586 tinationent
820 534 876 579 ct
914 523 1303 579 adhaesimzcm»
1352 521 1442 575 Dei
1504 520 1662 574 γριδὶ
1737 536 1857 589 qum
1922 534 2021 588 per
2051 528 2092 580 Α
2131 518 2257 572 ideo
2282 520 2445 589 plane
2467 520 2729 588 quoniam
2761 519 2933 574 altera
2963 518 3281 576 estDomini
3309 520 3513 589 anima,
3545 541 3699 581 nem-

447 619 786 695 l.ypostasim
818 618 875 672 ﬁt
908 634 1030 671 cum
1066 624 1253 668 nostra
1288 623 1504 677 natura,
1540 629 1659 681 qum
1684 612 1904 681 quidem
1936 618 2017 664 (st

446 714 682 788 genitrix
728 710 1030 766 Ecclesiae:
1064 705 1322 775 quoniam
1362 704 1603 757 menti-ra
1655 717 1846 773 sumus
1892 716 2016 754 cor-

445 810 594 879 poris
629 806 749 876 ejus
776 819 843 857 ex
878 814 1043 855 carne
1087 800 1225 869 ejus,
1253 807 1307 851 et
1333 796 1549 849 ossibus
1570 797 1687 865 ejus
1714 796 1780 857 κ’,
1813 808 2016 846 come-

443 904 663 957 nientcr
692 896 808 950 voci
841 892 1015 949 Pauii.
1055 892 1174 957 Quo
1206 888 1263 943 ﬁt
1293 888 1350 942 ιη
1389 886 1797 957 quodammodo
1845 886 2015 939 Adam

444 994 515 1047 sit
535 1003 588 1045 et
618 998 774 1060 pater
802 995 856 1041 et
879 975 1111 1038 maritus
1130 998 1241 1037 sure
1264 981 1469 1043 uxoris,
1505 979 1649 1034 sicut
1672 980 1834 1033 etiam
1861 976 2020 1031 Chri-

444 1098 561 1140 stus
603 1080 874 1137 Ecclesice.
907 1078 1069 1132 Pater
1100 1075 1345 1144 quidem,
1407 1082 1463 1126 ttt
1517 1074 1688 1140 ipsam
1752 1086 2017 1140 generatis

442 1194 541 1248 per
575 1188 768 1244 aquam
822 1179 877 1224 et
923 1168 1191 1237 Spiritum
1212 1163 1230 1231 ’;
1291 1165 1523 1217 maritus
1549 1172 1756 1224 autem,
1814 1171 1873 1215 ut
1919 1162 2012 1231 qui

445 1269 606 1325 \‘erhi
641 1280 827 1321 semen
854 1264 907 1315 in
931 1276 1049 1315 eam
1082 1257 1323 1327 dejieiat.
1383 1257 1486 1310 Per
1527 1255 1671 1324 quod
1703 1255 1902 1307 multos
1928 1262 2013 1306 at—

441 1376 549 1430 que
588 1358 725 1412 adeo
754 1334 1192 1408 innumerabiles
1217 1349 1315 1401 hos
1345 1346 1483 1399 ﬁlios
1521 1343 1708 1414 (ﬁlios,
1764 1343 2013 1411 inquam,

442 1447 714 1522 gentium)
743 1445 792 1499 ei
828 1442 1062 1514 peperit,
1093 1448 1148 1493 et
1177 1438 1430 1503 enutriit,
1464 1446 1519 1490 et
1549 1436 1721 1498 auxit,
1748 1444 1804 1488 et
1824 1434 2015 1488 multi-

442 1539 689 1612 plicavil.
729 1537 843 1591 Hoc
863 1537 1010 1589 enim
1034 1532 1196 1586 modo
1229 1532 1394 1585 etiam
1422 1529 1626 1584 Christi
1652 1528 1891 1597 adjutrix
1928 1527 2015 1611 di-

440 1635 586 1688 citur
626 1630 891 1691 Ecclesia,
923 1642 989 1681 eo
1022 1625 1167 1696 quod
1230 1624 1343 1694 ipsa
1376 1630 1498 1693 post
1525 1624 1643 1692 ejus
1682 1620 2016 1691 assumptio—

442 1743 567 1781 nem
598 1730 921 1796 generet.et
940 1720 1153 1779 doceat,
1177 1725 1234 1771 et
1262 1715 1558 1778 illuminet,
1586 1712 1933 1782 etpraedicct,
1961 1721 2017 1766 et

441 1827 733 1876 C(lltVCl’lal
762 1823 954 1885 gentes
984 1810 1051 1865 ad
1079 1811 1271 1863 Deum.

2125 626 2193 679 pe
2220 612 2462 694 rationis
2497 613 2772 683 particeps
2817 621 2873 668 et
2903 614 3236 686 intelligens,
3274 620 3327 671 e‘t
3359 618 3465 672 alia
3504 619 3693 676 Eccle-

2126 704 2241 770 siae,
2274 696 2469 775 nempe
2506 707 2749 777 Spiritus
2786 716 3029 762 sanctus.
3067 707 3223 773 Quod
3263 706 3450 764 autem
3508 711 3695 767 diver-

2124 816 2214 854 sas
2252 814 2445 854 carnes
2467 800 2830 854 habeantviri
2857 810 2911 854 et
2939 800 3200 855 mulieres
3250 802 3378 856 audi
3409 803 3581 858 Deum
3613 804 3698 858 di-

2125 901 2340 946 centem
2371 910 2381 944 :
2415 892 2531 946 Non
2561 894 2885 963 permanebit
2915 894 3135 963 spiritus
3160 910 3301 948 meus
3324 896 3377 948 in
3404 896 3695 951 hominibus

2122 986 2256 1052 istis,
2289 994 2571 1055 propterea.
2598 985 2735 1055 quod
2765 987 2867 1039 sint
2896 987 2995 1055 ipsi
3024 998 3209 1039 carnes
3239 985 3306 1051 “,
3335 995 3394 1041 ut
3415 987 3509 1056 qui
3538 989 3695 1057 plane

2124 1077 2400 1131 insaniant
2427 1078 2481 1131 in
2504 1077 2756 1132 feminas.
2786 1078 2855 1131 Et
2899 1094 3092 1132 rursus
3117 1065 3250 1133 dicit
3279 1097 3290 1131 :
3323 1078 3607 1149 Effundam
3633 1096 3696 1133 ca:

2122 1173 2309 1243 spiritu
2335 1189 2449 1230 meo
2475 1174 2530 1225 in
2548 1188 2754 1225 omnem
2771 1188 2984 1225 carnem
3001 1171 3070 1243 _”,
3089 1180 3135 1224 et
3157 1171 3347 1225 videbit
3370 1173 3539 1225 omnis
3571 1189 3694 1225 caro

2122 1264 2361 1335 salutare
2381 1264 2476 1318 Dei
2505 1266 2670 1318 nostri
2693 1265 2759 1318 ".
2793 1264 2931 1318 Audi
2970 1279 3103 1333 ergo
3135 1264 3363 1317 Paulum
3394 1263 3566 1318 civem
3596 1279 3695 1335 pa-

2125 1352 2293 1410 radisi
2323 1356 2499 1424 (cujus
2533 1363 2617 1409 est
2648 1365 2854 1410 aeterna
2880 1342 3181 1431 memoria):
3213 1356 3508 1419 dicentem,
3537 1354 3699 1411 Chri-

2122 1460 2267 1505 stum
2286 1458 2341 1505 et
2359 1450 2667 1505 Ecclesiam
2687 1464 2808 1503 esse
2832 1450 2887 1528 in
2905 1465 3119 1503 carnem
3142 1466 3309 1527 unam,
3329 1450 3371 1480 '”
3394 1466 3410 1503 :
3428 1461 3482 1504 et
3504 1450 3696 1504 Adami

2121 1549 2177 1594 ct
2204 1541 2329 1595 Eva:
2354 1541 2664 1611 exemplum
2683 1539 2749 1594 ad
2779 1541 2925 1611 ipsos
2956 1542 3309 1613 referentem.
3338 1542 3554 1597 Dicitur
3593 1559 3695 1597 au-

2123 1640 2234 1693 tem
2266 1633 2432 1686 etiam
2480 1632 2642 1686 aliter
2694 1632 2739 1685 si
2802 1632 2905 1695 vis,
2964 1631 3097 1697 Eva,
3155 1632 3267 1687 vita
3306 1633 3371 1686 ad
3403 1632 3696 1703 imaginem

2122 1726 2318 1780 anima:
2340 1724 2692 1780 viviﬁcantis.
2723 1723 2850 1779 1132c
2871 1739 3001 1796 ergo
3028 1724 3140 1778 duo
3172 1727 3413 1795 (corpus,
3450 1726 3693 1795 inquam,

2121 1826 2177 1871 et
2212 1816 2412 1888 anima)
2439 1816 2575 1881 ﬁunt
2600 1832 2743 1873 unus
2775 1817 2963 1881 homo,
3009 1824 3065 1871 et
3096 1817 3174 1871 sic
3197 1817 3441 1886 perfecte
3502 1815 3695 1887 imple-

515 1911 731 1966 Etenim
765 1904 1024 1977 quoniam
1058 1902 1211 1973 prior
1260 1900 1543 1970 Synagoga
1575 1897 1679 1952 fuit
1744 1897 2016 1962 adultera,
2050 1896 2091 1952 Β
2122 1916 2212 1962 tur
2239 1908 2371 1962 inud
2402 1899 2729 1962 εενιιηεδηο
2754 1908 3002 1961 ῑη-τιηαιη
3029 1924 3278 1973 carnem;
3316 1920 3402 1963 εει
3431 1908 3576 1964 cui.“
3628 1926 3697 1963 ει

442 2016 497 2059 et
526 2004 702 2075 ipsius
730 2000 827 2055 ﬁlii
869 2012 1010 2068 quos
1042 1996 1189 2050 Deus
1219 1993 1411 2064 genuit
1438 1999 1493 2046 et
1528 1991 1584 2045 in
1614 1991 1785 2045 altum
1819 1990 2019 2043 extulit

442 2112 569 2151 eum
625 2097 1007 2164 spreverunt:
1050 2094 1276 2156 propter
1326 2085 1473 2137 hunc
1524 2093 1729 2146 actum,
1793 2081 2019 2151 reliquit

440 2188 698 2243 Christus
723 2192 935 2253 patrem
954 2194 1137 2241 suum,
1169 2191 1366 2245 nempe
1385 2174 1646 2244 populum
1674 2171 2013 2238 Judteorum,

442 2290 493 2335 ct
524 2289 752 2333 matrem
780 2289 936 2330 suam
963 2272 1326 2343 Synagogam,
1371 2276 1425 2320 et
1456 2265 1686 2320 adhaesit
1714 2263 1870 2319 uxori
1905 2264 2018 2320 suae

445 2389 608 2441 quant
633 2367 869 2438 sumpsit
901 2381 967 2419 ex
998 2362 1275 2434 gentibus,
1316 2370 1369 2413 et
1397 2358 1621 2412 fuerunt
1662 2356 1774 2411 duo
1811 2355 1865 2410 in
1894 2371 2017 2411 car-

444 2482 569 2519 nem
606 2477 773 2517 unam
809 2458 975 2512 unius
1020 2453 1228 2524 populi.
1266 2451 1571 2523 Mysterium
1612 2450 1705 2504 hoc
1764 2459 2017 2519 magnam

445 2564 518 2608 est
549 2554 663 2625 (ego
692 2550 899 2606 Paulus
928 2548 1063 2617 dico)
1108 2549 1161 2600 in
1190 2543 1395 2599 Christo
1425 2552 1472 2596 et
1504 2540 1741 2596 Ecclesia
1761 2541 1807 2573 ⁸³
1843 2558 1859 2594 :
1902 2540 2020 2595 haec

444 2650 670 2701 fuerunt
698 2641 1041 2714 praeﬁgurata
1073 2646 1130 2693 et
1184 2634 1339 2708 prius
1370 2633 1667 2704 descripta.
1711 2631 2018 2699 Quanam?

447 2737 523 2789 Ea
547 2734 755 2787 scilicet
783 2745 904 2799 qua;
928 2729 1131 2797 scripta
1153 2734 1283 2780 sunt
1306 2724 1374 2779 de
1394 2724 1601 2778 Adamo
1627 2732 1685 2777 et
1710 2722 1821 2776 Eva
1854 2738 1868 2775 :
1898 2722 2018 2793 ejus

446 2826 652 2881 scilicet
683 2814 852 2888 ﬁctio,
873 2822 926 2875 in
953 2835 1073 2874 eam
1120 2816 1438 2881 insumatio,
1488 2816 1738 2886 positura
1765 2814 1821 2868 in
1855 2828 2019 2884 para-

446 2920 570 2974 tliso
604 2917 674 2972 ad
707 2913 1046 2987 operandam
1097 2921 1153 2966 et
1209 2907 1633 2965 custodiendum
1686 2913 2019 2976 praeceptum

446 3010 516 3065 tie
542 3006 873 3062 animalibus
902 3004 1090 3059 datum
1116 3000 1346 3065 Adamo,
1380 3000 1659 3070 ingressus
1686 2997 1742 3051 in
1796 2993 2019 3066 paradi-

447 3120 593 3165 sum,
625 3113 872 3164 somnus,
905 3095 1158 3159 exstasis,
1191 3104 1342 3149 costa
1362 3090 1651 3154 mdiﬁeata,
1675 3088 1797 3159 ejus
1845 3085 2021 3140 addu-

446 3198 582 3261 ctio,
617 3201 674 3248 et
716 3200 868 3247 tanto
903 3189 1075 3259 magis
1099 3203 1246 3242 caro.
1278 3188 1509 3256 Propter
1538 3199 1662 3254 qua:
1709 3183 1875 3238 etiam
1926 3180 2013 3235 di-

448 3297 598 3342 ctum
622 3293 705 3340 est
736 3302 747 3337 :
779 3282 1004 3352 Propter
1023 3281 1116 3335 hoc
1136 3277 1389 3349 relinquet
1422 3279 1573 3331 homo
1596 3283 1801 3347 patrem
1819 3281 1869 3328 et
1896 3290 2014 3327 ma-

450 3393 583 3434 trem
607 3387 654 3431 et
674 3374 954 3431 adltwrebit
982 3374 1134 3427 uxori
1159 3388 1287 3436 suae,
1309 3379 1356 3423 et
1387 3376 1540 3425 erant
1585 3369 1686 3421 duo
1714 3370 1769 3421 in
1809 3382 2023 3420 carnem

449 3487 634 3526 unam.
659 3469 965 3540 Mysterium
994 3467 1085 3520 hoc
1112 3480 1364 3534 magnum
1395 3472 1490 3526 est,
1510 3477 1601 3531 ego
1629 3469 1806 3513 autem
1833 3459 1948 3511 dico
1966 3458 2023 3511 in

450 3564 655 3618 Christo
689 3569 738 3614 et
785 3557 1041 3613 Ecclesia.
1094 3555 1228 3610 Nam
1264 3554 1308 3609 si
1351 3560 1633 3621 spectetur
1663 3550 1870 3614 littera,
1912 3564 2022 3603 non

449 3666 600 3720 sunt,
634 3654 719 3708 vir
745 3662 799 3708 et
828 3643 1024 3705 mulier
1047 3645 1345 3718 conjugati,
1381 3660 1486 3697 una
1514 3658 1642 3696 caro
1682 3630 1735 3695 et
1769 3630 2025 3695 substan-

449 3750 545 3802 tia.
614 3745 711 3800 Est
778 3751 964 3797 autem
1035 3740 1200 3795 etiam
1268 3738 1428 3805 longe
1493 3732 1824 3788 imbecillior
1894 3746 2023 3786 caro

453 3838 700 3893 mulieris
743 3851 911 3890 carne
956 3832 1080 3886 viri.
1114 3831 1183 3884 Et
1230 3825 1506 3898 quomodo
1565 3824 1711 3879 una?
1764 3822 1870 3877 Sed
1920 3838 2024 3877 nec
2044 3870 2075 3888 ,,

450 3932 632 3985 omnis
669 3930 754 3983 vir
784 3926 1067 3981 desiderat
1099 3932 1154 3976 et
1190 3920 1424 3973 honorat
1451 3932 1605 3971 suam
1643 3931 1867 3970 uxorem
1901 3916 2024 3985 plus

451 4039 614 4093 quam
639 4032 848 4091 patrem
875 4032 1036 4071 suum
1067 4023 1122 4069 et
1148 4019 1405 4066 matrem.
1438 4008 1595 4065 Unde
1623 4009 1786 4063 etiam
1812 4008 1941 4063 licet
1967 4008 2021 4060 in

452 4117 571 4171 dies
624 4113 811 4167 videre
880 4105 1313 4163 innumerabiles
1367 4104 1461 4172 qui
1524 4103 1845 4172 relinquunt
1895 4114 2024 4155 suas

453 4222 674 4269 uxores,
728 4212 783 4259 et
818 4208 1106 4257 transeunt
1135 4197 1202 4253 ad
1247 4197 1415 4269 alias;
1453 4204 1663 4266 patrem
1713 4202 1893 4249 autem
1929 4199 2024 4246 aut

452 4306 683 4353 matrem
712 4310 823 4349 non
857 4293 1017 4348 facile
1046 4297 1226 4361 potest
1254 4302 1545 4357 quisquam
1568 4300 1770 4356 negare
1805 4294 1903 4344 aut
1931 4298 2023 4336 re-

451 4393 721 4461 linquere.
763 4387 924 4456 Atqui
977 4382 1240 4439 Dominus
1283 4379 1544 4435 Christus
1573 4387 1862 4453 postquam
1920 4376 2025 4431 fuit

452 4481 615 4535 nobis
648 4478 858 4539 unitos,
902 4489 1046 4528 unus
1098 4471 1206 4526 luit
1234 4468 1539 4541 hypostasi,
1570 4483 1696 4529 cum
1743 4465 2024 4539 propriam

451 4570 764 4640 reliquisset
799 4564 1002 4619 tribum
1027 4576 1090 4615 ac
1106 4560 1509 4630 cognationem,
1542 4567 1597 4613 et
1628 4558 1931 4612 transrisset
1951 4556 2019 4610 ad
2055 4563 2096 4616 ι)
2128 4566 2297 4618 minus
2318 4562 2454 4616 Deus
2474 4562 2769 4628 hominem;
2798 4560 2867 4615 ad
2900 4562 3184 4631 imaginem
3220 4561 3316 4614 Dei
3338 4561 3455 4630 fecit
3503 4553 3715 4631 ipsumx

452 4664 694 4717 Gnecam
727 4671 820 4711 seu
867 4653 1145 4724 gentilem.
1186 4650 1242 4704 Si
1286 4659 1471 4705 autem
1507 4664 1615 4703 una
1657 4656 1744 4704 est
1780 4663 1910 4703 caro
1942 4647 2027 4702 vir

452 4743 762 4819 corporalis
831 4753 888 4795 et
946 4741 1181 4803 mulier,
1249 4738 1479 4793 omnino
1522 4725 1781 4808 oportet,
1840 4737 1884 4791 si
1941 4737 2027 4791 vir

454 4839 527 4893 sit
573 4834 846 4898 inﬁrmus,
889 4832 1156 4885 inﬁrmam
1213 4845 1434 4900 quoque
1471 4845 1591 4885 esse
1632 4828 1944 4893 mulierem,
1972 4837 2029 4883 et

454 4943 649 4984 rursus
668 4926 712 4981 si
731 4924 932 4979 mulier
960 4922 1233 4993 allligatur
1251 4927 1632 4983 autsenescat,
1661 4919 1823 4973 simul
1863 4921 2028 4975 etiam

426 5028 676 5075 carnem
722 5018 826 5072 viri
874 5015 1188 5079 tabescere,
1239 5022 1296 5068 et
1355 5013 1401 5067 si
1442 5011 1527 5066 vir
1566 5011 1816 5077 decedat,
1864 5013 2026 5068 simul

454 5128 674 5185 quoque
706 5111 841 5165 mori
881 5120 1127 5164 uxorem.
1182 5104 1455 5172 Quoniam
1491 5111 1674 5159 autem
1736 5121 1800 5160 ea
1833 5106 2030 5176 loquor

453 5221 576 5276 quae
598 5201 887 5258 faciuntad
912 5212 1132 5253 causam
1153 5195 1360 5251 Christi
1386 5194 1809 5261 defendendam,
1838 5206 1893 5252 et
1916 5213 2029 5252 suae

454 5296 705 5370 conjugis
743 5294 1023 5357 Ecclesiae,
1067 5305 1219 5344 arma
1268 5303 1429 5344 sumo
1480 5288 1746 5344 adversus
1786 5290 2026 5346 Iudaeos.

454 5394 611 5447 Dicat
639 5404 772 5460 ergo
808 5385 943 5441 mihi
971 5382 1244 5463 ludatus':
1277 5382 1335 5437 Si
1380 5384 1548 5437 homo
1596 5391 1653 5437 et
1681 5382 1765 5436 vir
1795 5392 1925 5437 sunt
1974 5385 2030 5437 in

453 5498 666 5536 carnem
690 5495 874 5541 unam,
909 5473 1188 5545 quomodo
1204 5487 1316 5528 non
1334 5472 1512 5528 dixit!
1547 5473 1613 5527 Et
1649 5477 1705 5528 in
1721 5492 1885 5529 unam
1915 5478 2034 5530 ani-

458 5587 624 5637 mam,
661 5567 810 5640 quod
845 5565 1068 5638 quidem
1096 5572 1215 5619 erat
1243 5563 1368 5619 aliis
1394 5565 1566 5635 magis
1620 5565 2034 5621 necessarium?

2119 1999 2355 2064 duobus,
2385 1998 2640 2055 Christus
2667 2017 2680 2052 :
2708 1999 2853 2054 Deus
2880 1999 3041 2055 simul
3067 2008 3122 2054 et
3151 2000 3337 2056 homo.

2189 2092 2309 2161 Ipse
2337 2106 2556 2161 quoque
2582 2091 2837 2145 advertcs
2861 2090 3031 2161 quod,
3070 2091 3125 2146 in
3148 2101 3305 2147 sexto
3339 2093 3428 2147 die
3455 2093 3695 2148 creatio-

2119 2183 2206 2238 nis
2243 2199 2338 2238 sex
2366 2183 2605 2249 dierum,
2638 2183 2755 2238 haec
2793 2192 2926 2238 tunc
2957 2184 3286 2239 dicebantur
3318 2193 3374 2239 et
3422 2184 3628 2240 ﬁebant
3661 2202 3695 2242 a

2120 2262 2254 2338 Deo,
2286 2273 2548 2343 quoniam
2601 2290 2668 2330 eo
2706 2284 2862 2330 sexto
2892 2276 2982 2331 die
3018 2276 3202 2331 saeculi
3265 2275 3427 2331 ﬁnem
3464 2292 3699 2348 accepe-

2119 2369 2247 2415 runt
2271 2362 2325 2415 in
2365 2360 2587 2415 Christo
2615 2370 2671 2417 et
2700 2362 2985 2429 Ecclesia;
3017 2364 3382 2420 nihilominus
3417 2367 3471 2420 in
3497 2375 3697 2435 quarto

2120 2451 2208 2506 die
2241 2439 2441 2506 deusole
2472 2461 2527 2505 ct
2549 2452 2678 2506 luna
2698 2452 3055 2520 disserentes,
3083 2455 3425 2511 ostendimus
3445 2457 3602 2524 illud,
3628 2456 3698 2511 Et

2120 2553 2274 2597 erunt
2295 2544 2398 2597 duo
2429 2546 2481 2597 in
2510 2561 2673 2605 carne
2695 2538 2827 2611 mia,
2852 2544 3221 2616 intelligetttcs
3256 2546 3367 2602 duo
3401 2548 3697 2604 luminaria

2093 2637 2189 2692 .de
2226 2636 2449 2691 Christo
2479 2645 2534 2692 et
2589 2624 2857 2694 Ecelesia.
2904 2638 3038 2693 Nam
3078 2640 3158 2694 sol
3196 2640 3418 2711 quidem
3442 2641 3698 2712 creditus

2120 2736 2205 2782 est
2235 2743 2356 2782 esse
2413 2728 2622 2782 siccum
2683 2737 2739 2783 et
2776 2738 3069 2791 terrenum
3113 2739 3269 2785 terra:
3314 2732 3694 2799 elementum;

2120 2819 2250 2874 luna
2283 2828 2465 2875 autem
2498 2820 2725 2890 Spiritus
2755 2821 2928 2886 venti,
2970 2823 3023 2875 in
3048 2822 3168 2877 loco
3207 2823 3437 2892 spiritus
3470 2823 3693 2878 animat.

2114 2909 2289 2966 linito
2317 2925 2451 2981 ergo
2475 2910 2608 2964 limo
2636 2919 2796 2966 teme
2823 2921 2880 2966 et
2909 2912 3127 2982 spiritu,
3163 2912 3473 2968 efﬁciuntur
3495 2916 3612 2969 duo
3636 2914 3697 2969 in

2121 3015 2293 3057 unum
2350 3000 2652 3056 hominem.
2694 3002 2945 3065 Fortasse
3007 3010 3190 3059 autem
3227 3004 3398 3076 magis
3432 3006 3698 3076 mysticus

2123 3108 2321 3148 sensus
2357 3094 2657 3149 crcationis
2679 3094 2847 3150 habet
2886 3095 2991 3153 hoc
3018 3095 3200 3150 modo.

2196 3186 2649 3257 Quandoquidem
2692 3185 2945 3242 Christus
2969 3187 3242 3242 inhabitat
3267 3188 3323 3243 in
3346 3188 3528 3255 nobis,
3560 3204 3698 3245 con.-

2126 3280 2415 3334 venienter
2442 3280 2493 3333 ei
2544 3278 2690 3348 quod
2720 3279 2986 3349 scriptum
3018 3289 3103 3335 cst
3131 3298 3143 3332 :
3181 3280 3493 3335 Inltabitabo
3521 3285 3575 3336 in
3612 3284 3698 3354 ip-

2125 3373 2196 3427 sis
2236 3380 2285 3426 et
2312 3364 2656 3426 inambulatio
2682 3370 2728 3404 θθ
2752 3412 2767 3435 ,
2800 3368 2875 3425 ca'
2892 3371 2960 3427 de
2981 3388 3144 3427 causa
3175 3388 3338 3428 omne
3404 3389 3499 3429 cor
3539 3391 3701 3429 mun-

2125 3463 2255 3519 dum
2298 3463 2512 3517 unitum
2543 3463 2654 3517 Deo
2675 3463 2875 3527 Verbo,
2911 3464 3072 3518 ambo
3099 3472 3230 3518 sunt
3264 3463 3376 3519 duo
3414 3464 3476 3519 in
3528 3480 3696 3519 unam

2125 3570 2343 3609 carnem
2369 3568 2526 3607 :nam
2549 3552 2644 3623 qui
2670 3553 2783 3608 Deo
2810 3553 3074 3618 adlueret,
3100 3563 3184 3608 est
3211 3569 3355 3607 unus
3381 3554 3692 3624 spiritus”.

2125 3643 2242 3699 Νυη
2270 3644 2448 3698 solum
2488 3652 2671 3697 autem
2703 3642 2759 3696 in
2780 3629 2968 3709 rebus,
3010 3641 3105 3697 sed
3131 3642 3294 3697 etiam
3332 3643 3387 3697 in
3412 3642 3546 3712 ipsis
3575 3659 3702 3698 ver-

2126 3734 2213 3790 bis
2239 3734 2368 3789 licet
2389 3734 2582 3789 audire
2608 3733 2851 3787 divinam
2899 3732 3241 3801 Scripturam
3275 3734 3697 3804 conjungentem

2125 3837 2181 3883 et
2214 3842 2384 3880 unum
2434 3826 2723 3881 facientem
2763 3825 3047 3899 .Adamum
3090 3838 3147 3880 et
3201 3810 3391 3889 Evam,
3435 3834 3696 3894 tanquam

2125 3934 2294 3973 unum
2324 3918 2624 3983 hominem,
2661 3918 2714 3973 In
2739 3926 2924 3988 typum
2951 3917 3153 3972 Christi
3186 3927 3241 3972 et
3261 3917 3515 3972 Ecclesia:
3557 3915 3700 3971 :Fa-

2124 4011 2346 4077 ciamus,
2381 4010 2560 4080 inquit
2588 4010 2761 4075 enim,
2787 4011 3049 4066 hominem
3080 4009 3149 4062 ad
3169 4010 3454 4079 imaginem
3474 4018 3522 4062 et
3546 4009 3697 4062 simi-

2128 4102 2403 4156 litudinem
2437 4111 2696 4157 nostram.
2762 4102 2904 4161 Ecce
2942 4117 3066 4159 cum
3098 4102 3154 4155 in
3195 4117 3301 4156 una
3340 4117 3573 4172 persona
3610 4100 3689 4155 di-

2125 4194 2296 4249 xisset
2349 4196 2631 4258 hominem,
2691 4194 2997 4265 subjunxit,
3057 4195 3289 4249 dicens:
3325 4194 3394 4247 Et
3440 4195 3694 4264 imperent

2126 4286 2345 4357 piscibus
2370 4287 2553 4339 maris.
2580 4284 2718 4340 Illud
2744 4294 2949 4352 autem,
2967 4285 3252 4356 Imperant,
3280 4296 3365 4339 est
3392 4300 3497 4341 vox
3519 4282 3701 4340 dualis

2128 4395 2222 4433 seu
2253 4378 2499 4450 pluralis,
2541 4377 2750 4432 unitate
2774 4377 2828 4432 in
2869 4376 3105 4442 binario,
3140 4386 3197 4431 et
3226 4375 3443 4430 binario
3471 4376 3526 4429 in
3578 4376 3698 4430 uni—

2129 4478 2239 4525 tate
2271 4487 2367 4525 eos
2396 4471 2755 4541 conjungens.
2798 4469 2868 4523 Et
2900 4484 3093 4523 rursus
3122 4468 3259 4523 dicit
3293 4487 3304 4519 :
3331 4468 3401 4527 Et
3452 4468 3570 4538 fecit
3595 4466 3694 4522 Do-

2127 4656 2230 4709 hoe
2252 4662 2357 4718 est,
2381 4669 2506 4708 eum
2542 4653 2637 4723 qui
2659 4661 2743 4708 est
2770 4668 2914 4708 unus
2940 4661 2997 4708 et
3025 4654 3176 4708 solus
3199 4661 3455 4722 tanquam
3473 4652 3529 4709 in
3562 4653 3691 4706 dno-

2125 4747 2249 4802 bus.
2280 4746 2448 4816 idque
2475 4754 2561 4801 est
2597 4746 2948 4816 perspicuum
2979 4761 3046 4801 ex
3081 4745 3149 4799 iis
3187 4760 3308 4815 qua:
3350 4744 3632 4814 subjungit
3685 4762 3698 4796 :

2126 4838 2421 4895 Masculum
2445 4847 2493 4893 et
2522 4839 2773 4910 feminam
2812 4837 2930 4908 fecit
2948 4854 3051 4892 eos.
3076 4837 3239 4903 Ecce,
3278 4836 3420 4891 duos
3445 4835 3539 4906 qui
3574 4845 3705 4891 sunt

2128 4931 2184 4987 in
2213 4947 2376 4986 unam
2402 4946 2643 4997 carnem,
2702 4946 2876 4987 unum
2911 4929 3046 4985 dicit
3068 4928 3368 4983 hominem.

2202 5020 2376 5076 Porro
2402 5029 2584 5076 autem
2610 5021 2666 5074 in
2704 5029 2978 5089 prtecepto
3010 5034 3233 5089 quoque
3259 5018 3326 5073 de
3348 5018 3620 5074 vescendo
3648 5025 3706 5073 et

2130 5110 2492 5174 abstinendo,
2546 5111 2676 5166 licet
2728 5113 2921 5168 audire
2977 5114 3153 5169 Deum
3215 5115 3361 5170 idem
3390 5115 3702 5177 dicentem,

2131 5217 2331 5272 nempe
2362 5216 2531 5255 unum
2582 5201 2863 5258 hominem
2921 5219 3047 5259 cum
3100 5205 3210 5260 sint
3240 5205 3353 5261 duo
3386 5225 3399 5263 :
3430 5205 3505 5260 De
3563 5208 3709 5263 omni

2133 5293 2274 5364 ligno
2295 5294 2433 5365 quod
2458 5295 2613 5347 estin
2656 5296 2904 5365 paradiso
2942 5298 3207 5363 comedes,
3243 5298 3571 5368 alloquendo
3600 5298 3705 5352 ho-

2133 5386 2334 5441 minem
2357 5403 2371 5451 ;
2394 5385 2457 5439 de
2486 5383 2628 5454 ligno
2652 5396 2827 5440 autem
2853 5390 3193 5457 cognoscendi
3222 5390 3413 5443 bonum
3441 5399 3487 5443 ct
3504 5389 3709 5443 malum

2135 5495 2199 5532 ne
2230 5477 2535 5542 comedatis;
2553 5493 2655 5547 quo
2688 5487 2865 5532 autem
2893 5479 2977 5533 die
2994 5482 3057 5534 de
3084 5498 3142 5535 eo
3172 5483 3522 5543 comederitis,
3542 5490 3709 5534 morte

2137 5566 2455 5622 moriemini.
2483 5564 2650 5620 Vides
2690 5567 2779 5622 hic
2808 5585 3029 5641 quoque
3060 5588 3253 5627 rursus
3304 5573 3551 5628 diversas
3583 5586 3711 5639 ter-

527 5756 571 5784 δ’
601 5755 800 5829 Ephes.
855 5773 917 5829 v,
939 5757 1045 5829 50._
1107 5758 1151 5790 ⁸⁸
1175 5758 1311 5812 ibid.
1345 5758 1432 5813 52.
1510 5760 1554 5791 ⁸⁸
1588 5758 1720 5817 Gen.
1746 5772 1818 5823 vi,
1845 5757 1898 5811 5.
1976 5756 2020 5789 ⁸³

2124 5756 2164 5809 el
2209 5772 2268 5819 tt,
2317 5756 2407 5814 28.
2478 5759 2527 5792 ⁸⁸
2566 5759 2696 5816 Luc.
2740 5777 2820 5824 γι,
2864 5762 2917 5813 6.
2996 5761 3041 5791 ⁸⁷
3084 5759 3285 5829 Ephcs.
3317 5775 3367 5823 v,
3395 5758 3484 5821 ΞΩ,
3587 5758 3635 5789 ⁸⁸
3666 5758 3707 5812 ll

456 5817 583 5875 Cor.
613 5817 684 5887 vi,
718 5825 803 5878 16.
880 5817 973 5883 8"’l
1011 5826 1118 5883 Cor
1167 5845 1237 5895 γι,
1284 5829 1367 5884 l7.
