4056 6148
385 274 519 340 lOO’J

1476 282 1554 342 ΙΝ
1596 283 2143 377 ΗΕΚΑΕΜΕῌΟΝ.
2182 311 2237 317 λ
2278 286 2423 344 ΗΒ.
2468 286 2539 342 Χ.

3488 281 3621 341 lum

381 402 543 470 sonas
566 386 841 442 nominari
874 403 1040 441 unum
1077 384 1377 453 hominem,
1416 390 1523 445 hoc
1550 398 1655 455 est,
1684 392 1951 446 unitatem
1982 402 2028 458 Α
2055 401 2112 448 et
2151 393 2390 464 dispergi
2420 404 2672 462 possunt,
2697 392 3054 454 conveniunt,
3094 391 3292 457 inquit,
3324 392 3392 444 iis
3420 394 3513 459 qui
3546 394 3621 443 \i-

382 478 604 549 agnosci
634 478 689 531 in
722 478 960 543 binario,
996 488 1221 551 prapter
1249 490 1457 535 natura:
1509 478 1948 535 Similitudinem.

366 569 485 624 ‘llic
514 569 766 634 docetur,
794 570 1096 640 dogmaque
1123 579 1179 625 et
1200 586 1394 642 magna
1426 588 1574 631 arma
1600 570 1954 642 validumque

387 670 653 728 tropaeum
683 660 849 715 refert
885 661 1131 715 Ecclesia
1181 661 1444 716 adversus
1484 661 1702 719 Iudaeos
1729 662 1822 732 qui
1854 678 1955 717 nos

384 762 646 808 accusant
697 752 844 822 quod
893 760 1196 807 statuamus
1233 763 1341 808 tr;s
1382 751 1544 819 Deos,
1603 762 1659 810 et
1686 755 1959 809 Barbaros

386 847 483 916 qui
514 847 678 900 nobis
710 846 904 901 dicunt
932 858 951 899 :'
976 845 1031 900 Si
1061 847 1206 901 Deus
1224 855 1307 901 est
1346 854 1415 901 ex“
1440 848 1574 912 Deo,
1609 861 1675 914 ex
1718 848 1828 901 Dco
1856 863 1957 901 au-

388 946 497 992 tem
524 946 611 993 est
635 937 804 991 Filius
840 954 852 990 :
884 936 1160 1006 quomodo
1199 937 1317 992 ﬁeri
1349 948 1550 1007 potest,
1602 945 1662 991 ut
1710 938 1820 991 duo
1847 937 1958 992 sint

388 1044 533 1083 unus
560 1028 739 1083 Deus?
763 1027 977 1092 Quibus
1007 1039 1156 1083 recte
1199 1038 1438 1098 apteque
1479 1027 1535 1084 et
1561 1029 1808 1099 apposite
1846 1028 1955 1082 dici

388 1129 571 1191 potest
605 1137 618 1173 :
656 1120 711 1175 Si
744 1120 853 1174 Eva
898 1135 965 1174 ex
1020 1119 1229 1193 Adamo
1265 1128 1367 1185 est,
1398 1120 1564 1174 homo
1592 1136 1660 1174 ex
1709 1119 1954 1184 homine,

389 1209 668 1279 quomodo
710 1208 844 1263 dicit
870 1209 1014 1262 Deus
1065 1208 1208 1263 duos
1253 1225 1423 1263 unum
1454 1209 1772 1264 hominem?
1809 1209 1862 1265 Si
1893 1224 1960 1264 ex

390 1315 477 1355 me
501 1314 715 1369 quaeras
737 1300 1013 1369 quomodo
1048 1300 1288 1354 Trinitas
1314 1302 1372 1354 in
1406 1301 1640 1366 unitate,
1679 1300 1771 1355 die
1799 1302 1956 1375 mihi,

388 1392 675 1462 quomodo
694 1392 942 1447 binarius
969 1392 1023 1445 in
1064 1384 1275 1446 unitate
1303 1376 1567 1447 dicuntur
1600 1393 1719 1448 duo
1767 1403 1959 1463 proto-

386 1483 592 1554 plasti?
614 1483 757 1538 Dicit
779 1485 926 1537 enim
961 1502 973 1537 :
1002 1482 1141 1536 Fecit
1175 1482 1309 1537 Deus
1336 1485 1617 1549 hominem,
1654 1486 1724 1539 ad
1771 1486 1962 1556 imagi-

382 1591 507 1630 nem
528 1574 621 1629 Dei
648 1575 766 1645 fecit
798 1577 995 1644 ipsum,
1025 1575 1131 1629 hoc
1157 1584 1262 1639 est,
1288 1591 1460 1630 unum
1486 1575 1767 1631 hominem
1803 1594 1823 1629 εί
1845 1572 1962 1630 ora-

386 1665 594 1721 scutum
628 1676 675 1720 et
724 1667 973 1736 feminam
995 1662 1121 1736 fecit
1180 1678 1284 1720 eos.
1322 1665 1463 1722 Ecce
1501 1683 1671 1723 unum
1716 1668 1855 1722 dixit
1880 1668 1963 1722 di-

2053 496 2190 547 vunt
2215 478 2413 555 praeter
2438 484 2740 559 hominem.
3019 541 3026 547 .

2127 574 2197 635 Et
2233 560 2385 630 erant
2419 575 2570 628 ambo
2610 573 2757 637 nudi,
2796 574 2968 628 Adam
3009 581 3056 625 et
3093 587 3228 625 uxor
3265 572 3399 641 ejus,
3436 578 3484 624 et
3522 588 3625 624 non

2058 667 2446 720 erubescebant.
2465 665 2522 719 Si
2560 673 2686 719 ante
2704 653 3194 734 transgressibnem
3224 663 3446 731 quidem
3475 665 3592 718 diec
3610 692 3626 703 ο

2058 762 2213 812 retur
2241 757 2357 812 lucc
2391 756 2617 810 nudatio
2650 757 2705 810 in
2737 744 3110 826 protoplastis,
3143 755 3248 810 dici
3287 764 3471 824 posset
3505 770 3624 809 eam

2058 864 2180 904 esse
2209 847 2629 918 vituperabilem
2661 863 2765 902 nec
2799 846 3128 917 laudandam
3161 865 3173 899 :
3202 846 3464 915 quoniam
3497 860 3629 900 vero

2059 942 2242 996 statim
2274 941 2341 994 ab
2374 939 2494 1009 ipso
2524 946 2647 992 ortu
2678 947 2733 993 et
2765 938 3044 995 creatione
3071 937 3176 990 fuit
3202 951 3327 991 cum
3355 937 3437 990 eis
3466 937 3627 991 nudi-

2060 1029 2312 1097 tas,.an'te
2337 1028 2522 1086 omnia
2552 1031 2796 1101 quidem,
2819 1031 2885 1084 ad
2911 1028 3165 1085 Judaeum
3190 1045 3277 1083 me
3304 1039 3631 1083 convertens

2058 1124 2219 1194 cupio
2258 1139 2453 1179 rursus
2489 1139 2554 1176 ex
2598 1124 2718 1191 ipso
2759 1122 2970 1177 discere
3019 1109 3297 1191 quomodo
3339 1121 3489 1175 nulla
3525 1119 3630 1173 alia

2058 1223 2256 1270 natura
2298 1231 2329 1269 a
2371 1215 2484 1269 Deo
2520 1213 2663 1268 facta
2691 1214 2858 1275 nuda,
2892 1227 3033 1281 opus
3062 1213 3252 1267 habuit
3293 1220 3628 1282 legumento,

2058 1307 2164 1361 nisi
2192 1308 2341 1362 solus
2364 1296 2559 1361 homo?
2582 1301 2716 1360 Nam
2740 1314 2797 1359 et
2817 1305 3016 1375 angeli,
3038 1313 3093 1358 et
3115 1304 3263 1369 ferae,
3286 1313 3342 1358 et
3358 1305 3653 1375 jumenta..

2060 1410 2118 1452 et
2151 1381 2511 1465 volucres,.et
2545 1395 2950 1467 quadrupedes,
2980 1404 3038 1449 et
3078 1396 3309 1449 maxime
3347 1395 3566 1464 reptilia
3601 1413 3628 1444 ει

2060 1488 2174 1543 Deo
2211 1497 2403 1543 creata
2441 1498 2572 1543 sunt
2608 1487 2777 1552 nuda,
2810 1503 2990 1556 neque
3028 1486 3201 1542 ullum
3239 1502 3308 1541 ex
3350 1486 3416 1541 iis
3452 1502 3483 1541 a
3524 1487 3634 1540 Deo

2059 1580 2164 1635 fuit
2196 1580 2450 1635 indutum
2479 1580 2587 1635 nisi
2619 1580 2771 1637 solus
2802 1579 2988 1634 homo.
3020 1578 3079 1633 In
3114 1578 3250 1648 ipsis
3279 1593 3410 1648 ergo
3443 1588 3632 1646 proau-

2062 1671 2256 1742 plastis
2282 1666 2639 1727 nudationem
2671 1671 2955 1740 intelligis,
2982 1668 3150 1740 idque
3182 1669 3424 1723 simulet
3457 1667 3634 1738 typire

387 1774 578 1814 versas
609 1772 891 1829 personas.
945 1759 1118 1829 igitur
1154 1760 1432 1829 quomodo
1470 1747 1615 1815 Eva‘
1643 1777 1707 1815 ex
1753 1761 1965 1815 Adamo
1998 1754 2037 1808 Β
2066 1771 2122 1817 et
2158 1744 2560 1833 praefigurative
2599 1778 2629 1816 a
2670 1762 2783 1816 Deo
2822 1761 3018 1816 factam
3063 1775 3182 1816 esse
3226 1759 3281 1813 in
3318 1758 3538 1814 Christo
3578 1767 3636 1810 (ι

389 1864 702 1920 progressa,
732 1864 876 1903 unus
913 1849 1080 1903 homo
1108 1864 1246 1903 cum
1276 1851 1395 1923 ipso
1422 1865 1452 1904 a
1482 1850 1607 1904 'Deo
1652 1860 1736 1906 est
1770 1851 1961 1923 appel-

390 1942 528 2006 lata,’
556 1941 629 1995 ita
649 1942 815 1997 etiam
846 1941 1019 1996 Filius
1048 1957 1375 2014 progressus
1422 1959 1452 1996 τι
1488 1942 1671 2008 Patre,
1704 1951 1760 1996 et
1800 1943 1961 1996 Pater

391 2040 475 2088 est
500 2048 645 2088 unus
673 2033 837 2088 Deus.
882 2034 989 2089 Sed
1028 2050 1210 2105 neque
1265 2043 1393 2090 sunt
1429 2035 1541 2089 duo
1566 2035 1710 2098 Dii,
1752 2049 1854 2088 nec
1879 2034 1966 2088 di-

382 2134 618 2179 cuntur.
638 2125 772 2181 llaec
788 2131 970 2180 autem
1002 2126 1175 2185 fusius
1208 2142 1237 2180 a
1263 2126 1426 2181 nobis
1444 2126 1588 2180 dicta
1618 2135 1745 2181 sunt
1773 2125 1827 2179 in
1842 2140 1966 2179 ver-

382 2216 481 2270 ibis
513 2217 633 2271 :Ad
660 2219 971 2288 imaginem,
1017 2218 1075 2272 in
1108 2219 1312 2288 quibus
1341 2216 1673 2272 adduximus
1728 2217 1965 2286 plurima

392 2304 596 2361 divina:
635 2306 937 2378 Scriptum
964 2310 1301 2372 testimonia,
1337 2311 1391 2364 in
1441 2310 1643 2379 quibus
1693 2311 1837 2364 Deus
1868 2325 1967 2363 no-

395 2400 571 2453 minat
597 2400 1027 2456 innumerabiles
1060 2403 1346 2456 hominum
1374 2418 1636 2472 personas
1669 2418 1837 2456 unum
1866 2403 1969 2459 b0-

393 2493 623 2559 minem,
656 2503 716 2548 ut
734 2509 859 2547 cum
889 2494 1024 2549 dicit
1055 2511 1070 2546 τ
1104 2495 1291 2552 οειειω
1321 2498 1581 2552 hominem
1602 2504 1754 2566 quem
1782 2497 1965 2567 feci".

398 2584 458 2637 Si
497 2593 680 2639 autem
711 2585 1146 2640 innumerabiles
1176 2601 1426 2656 persona:
1466 2597 1675 2642 natura:
1700 2586 1808 2640 dici
1845 2572 1989 2655 pos?

398 2683 530 2729 sunt
553 2691 697 2730 unus
716 2677 899 2741 homo,
933 2687 1225 2746 propterea
1254 2678 1401 2747 quod
1424 2686 1510 2732 est
1552 2678 1745 2732 eadem
1783 2691 1971 2731 essen-

401 2765 498 2825 tia,
529 2766 703 2818 multo
729 2765 898 2835 magis
951 2776 1061 2820 tres
1105 2780 1354 2835 personae
1387 2766 1693 2821 divinitatis
1743 2770 1972 2834 possunt

403 2853 634 2925 intelligi
663 2866 736 2910 et.
775 2856 1059 2925 praedicari
1082 2873 1227 2912 unus
1279 2858 1453 2921 Deus,
1494 2865 1784 2927 prepterca
1810 2854 1970 2924 quod

398 2953 487 3000 est
513 2947 707 3001 eadem
736 2958 939 3002 natura
963 2956 1019 3002 et
1045 2949 1197 3002 nullo
1219 2949 1481 3003 distincta
1511 2946 1852 3002 discrimine.
1893 2947 1973 3001 Ita

401 3037 567 3093 etiam
595 3038 761 3094 Israel
812 3040 868 3093 in
926 3039 1202 3095 sexcentis
1255 3040 1883 3109 millibus-personarqu
1915 3036 1995 3097 in;

402 3144 509 3183 una
542 3144 777 3198 persona
807 3134 1122 3186 nominatur
1149 3147 1290 3185 unus
1312 3131 1517 3196 israel;
1561 3130 1632 3184 ita
1679 3130 1846 3184 etiam
1874 3129 1973 3182 As-

402 3220 604 3292 syrius,
635 3221 709 3275 ita
726 3222 890 3277 etiam
926 3204 1116 3284 Persa,
1154 3222 1242 3277 ita“
1280 3223 1446 3277 etiam
1479 3221 1671 3276 ismael
1699 3221 1758 3274 in
1793 3218 1974 3274 inlini-

400 3313 476 3366 .tis
491 3312 736 3367 millibus
756 3302 1125 3383 personarum-
1141 3314 1402 3368 dicuntur
1428 3326 1533 3367 una
1558 3327 1814 3382 persona,
1834 3327 1977 3382 quo-

404 3400 571 3456 modo
608 3398 769 3458 unus.
791 3406 1109 3459 nominatur
1146 3405 1333 3469 homo,
1363 3404 1620 3473 quamvis
1644 3403 1836 3458 multa:
1863 3404 1974 3457 sint

400 3492 732 3565 hypostases
757 3511 854 3550 seu
886 3511 1156 3566 personae,
1186 3496 1371 3560 Persa,
1407 3497 1659 3565 inquam,
1694 3495 1974 3567 Assyrius,

402 3584 620 3641 lsmael.
650 3587 1025 3667 Quamobrem
1076 3589 1214 3642 nulli
1247 3596 1333 3667 est
1357 3588 1772 3657 reprehensioni
1800 3587 1979 3642 aliinis

405 3677 543 3734 ﬁdes
572 3662 1035 3745 Christianorum,
1064 3662 1357 3734 nominans
1376 3691 1486 3735 tres
1506 3680 1650 3751 (quae
1678 3686 1808 3734 sunt
1827 3680 1977 3749 ejus-

404 3771 543 3826 dem
583 3773 748 3827 simul
764 3772 1036 3844 essentia!)
1074 3772 1381 3826 divinitatis
1411 3771 1735 3841 hypostases
1756 3810 1770 3835 ,
1804 3783 1981 3824 unum

401 3871 460 3919 et
480 3865 659 3918 solum
703 3865 897 3929 Deum,
957 3881 1069 3919 non
1111 3872 1292 3929 autem
1337 3870 1450 3918 tres
1483 3863 1638 3918 deos.
1705 3864 1842 3919 Cum
1868 3863 1979 3917 huc

404 3969 581 4023 usque
608 3956 879 4019 orationis
897 3963 1099 4010 ησεειιιθ
1122 3970 1273 4009 arma
1298 3955 1684 4010 strinxerinnUs
1713 3960 1980 4010 advertatis

404 4060 501 4102 eos
530 4047 625 4117 qni
651 4057 762 4102 tres
782 4047 919 4102 deos
947 4041 1161 4111 dicunt,
1196 4046 1487 4101 redeamus
1515 4047 1581 4101 ad
1615 4048 1814 4102 seriem
1855 4058 1982 4102 con-

406 4138 733 4205 sequentiae,
762 4138 1179 4197 considerantes
1206 4151 1456 4205 quaenam
1512 4136 1584 4189 sit
1615 4137 1790 4191 virtus
1824 4148 1981 4205 prm-

405 4233 551 4302 eepti
580 4234 727 4302 quod
786 4234 869 4289 sic
925 4234 1211 4288 dicit:Ex
1258 4234 1402 4286 omni
1452 4232 1594 4302 ligno
1624 4234 1762 4303 quod
1802 4242 1878 4288 est
1926 4237 1981 4289 in

405 4326 657 4394 paradiso
695 4327 948 4381 comedes.
972 4336 977 4339 ‘

2062 1852 2328 1917 Ecclesia,
2350 1854 2406 1905 in
2435 1851 2628 1907 initiis.
2652 1851 2773 1906 Non
2802 1851 2947 1905 enim
2975 1849 3068 1920 qui
3098 1864 3315 1903 omnem
3339 1847 3649 1918 esscntiaur

2063 1950 2172 1998 tam
2205 1944 2419 1998 ratione
2451 1945 2738 2014 praeditam
2767 1959 2932 2014 quam
2966 1952 3247 2013 expertem
3281 1941 3515 1995 rationis
3553 1948 3637 1994 est

2063 2020 2361 2090 fabricatus
2381 2051 2477 2106 per
2497 2050 2554 2091 se
2577 2036 2847 2100 indutam,
2871 2050 2981 2091 non
3004 2042 3221 2106 poterat
3244 2031 3402 2088 facile
3423 2032 3637 2087 edicere

2064 2125 2342 2183 hominem
2368 2143 2481 2182 non
2507 2136 2756 2199 egentem
2787 2125 3209 2199 integumentis?
3240 2124 3347 2180 Sed
3378 2124 3635 2195 quoniam

2066 2218 2212 2273 Deus
2236 2218 2479 2276 Verbum
2509 2220 2602 2295 qui
2632 2227 2750 2274 erat
2774 2219 2841 2275 ab
2870 2219 3031 2273 initio
3062 2218 3244 2273 nudus
3276 2225 3332 2270 et
3355 2216 3637 2284 incompo-

2067 2310 2177 2365 situ
2210 2327 2239 2367 a
2322 2310 2434 2366 Deo
2458 2321 2581 2368 erat
2611 2310 3025 2381 componendus
3055 2317 3113 2364 et
3139 2306 3453 2363 induendus
3479 2303 3639 2375 pelli-

2068 2390 2443 2460 ceam'nostraa
2465 2404 2648 2458 carnis
2673 2404 2934 2468 tunicam,
2959 2417 3089 2457 caro
3112 2401 3286 2456 factus
3307 2408 3365 2455 et
3386 2398 3641 2453 habitans
3677 2474 3682 2481 '

2070 2493 2127 2548 in
2171 2486 2362 2560 nobis,
2404 2493 2532 2565 ideo
2573 2482 2720 2549 Deus
2757 2493 2928 2548 Adam
2977 2492 3256 2546 hominem
3306 2487 3637 2561 (secundum

2070 2585 2263 2641 A’dami
2286 2586 2663 2657 pretotypum)
2692 2584 2900 2640 nudum
2931 2583 3197 2646 condidit,
3221 2593 3277 2637 et
3304 2582 3423 2651 ejus
3447 2578 3639 2649 conju:

2070 2693 2192 2749 gem
2236 2664 2547 2741 mulierem,
2578 2661 2867 2747 imaginem
2897 2674 3156 2731 Ecclesia:
3184 2678 3301 2743 ipso
3334 2686 3526 2727 rursus
3560 2671 3643 2725 in-

2071 2770 2235 2824 dutae.
2266 2770 2401 2824 Nam
2434 2768 2744 2839 quicunque,
2775 2768 2973 2838 inquit,
3003 2769 3058 2820 in
3092 2766 3354 2821 Christum
3388 2764 3644 2830 baptizati

2073 2863 2216 2926 estis,
2244 2861 2508 2917 Christum
2538 2863 2784 2916 induistis
2804 2862 2870 2914 ".
2896 2861 2963 2916 Et
2991 2861 3113 2915 ideo
3144 2858 3277 2913 dicit
3307 2858 3591 2927 Scriptura
3629 2873 3639 2905 :

2073 2953 2144 3008 Et
2174 2962 2327 3008 erant
2356 2954 2507 3008 ambo
2541 2954 2669 3009 nudi
2698 2954 2870 3009 Adam
2904 2960 2954 3007 et
2984 2953 3096 3023 ejus
3127 2967 3284 3016 uxor,
3306 2959 3354 3003 et
3387 2966 3491 3003 non
3521 2963 3643 3001 erum

2076 3044 2345 3099 bescebant
2365 3046 2430 3099 θ’.
2448 3045 2551 3101 Ubi
2568 3031 2715 3101 enim
2735 3044 2978 3099 nondum
3002 3045 3201 3102 factum
3226 3050 3309 3097 est
3334 3047 3642 3112 peccatum.

2080 3133 2192 3188 illic
2234 3148 2342 3188 non
2384 3142 2638 3193 versatur
2678 3133 2855 3203 pudor
2906 3150 2918 3185 :
2967 3130 3145 3202 pudor
3186 3130 3331 3184 enim
3376 3136 3461 3182 est
3502 3125 3648 3179 fetus

2074 3227 2315 3297 peccati;
2364 3235 2419 3281 et
2449 3227 2543 3282 ubi
2573 3235 2657 3281 est
2688 3240 2825 3296 pura
2854 3235 2909 3279 et
2936 3224 3138 3279 munda
3172 3233 3387 3285 natura,
3414 3226 3470 3274 et
3498 3216 3644 3301 nuda

2075 3318 2144 3373 ab
2182 3319 2329 3374 omni
2373 3329 2601 3389 peccato
2645 3318 2947 3373 adventitio
2988 3323 3044 3371 ct
3083 3314 3408 3368 indumento
3444 3309 3648 3363 veteris

2077 3410 2339 3476 hominis,
2374 3411 2506 3464 illuc
2538 3409 2722 3464 nullus
2758 3408 3068 3479 ingreditur
3101 3405 3302 3475 pudor.
3337 3401 3481 3456 Facti
3520 3406 3649 3452 sunt

2075 3517 2206 3573 ergo
2223 3500 2545 3572 protoplasti
2565 3499 2699 3554 nudi
2725 3499 2793 3553 ab
2809 3498 2956 3551 amni
2975 3498 3120 3560 labe,
3141 3492 3374 3556 macula,
3398 3489 3651 3559 inquina—

2077 3605 2260 3649 mento
2276 3601 2335 3647 et
2350 3594 2600 3654 vulnere,
2627 3602 2684 3646 et
2711 3606 2775 3644 ea
2793 3590 2861 3644 de
2879 3605 3043 3643 causa
3079 3603 3188 3641 non
3209 3582 3607 3641 erubescebant
3636 3601 3648 3635 :

2076 3684 2322 3738 nondum
2355 3672 2788 3739 enim-sciebant
2821 3680 2954 3734 illud
2994 3687 3220 3750 propter
3238 3672 3397 3746 “quod
3431 3684 3516 3728 est
3545 3688 3650 3743 pu-

2077 3776 2198 3830 dor.
2226 3774 2281 3831 Si
2304 3784 2489 3829 autem
2518 3775 2683 3828 etiam
2720 3773 2775 3827 in
2807 3773 2919 3827 Deo
2945 3772 3128 3826 Verbo
3159 3771 3242 3824 vis
3269 3768 3460 3823 audire
3493 3767 3649 3824 illud.

2077 3866 2291 3938 pudore
2327 3882 2437 3920 non
2468 3864 2838 3927 afficiendum,
2867 3863 2996 3917 audi
3025 3878 3173 3926 cum,
3201 3860 3442 3930 seipsum
3471 3857 3653 3912 nomi—

2078 3965 2324 4022 nantem,
2346 3953 2589 4027 iudicem
2618 3946 2946 4025 iniquitatis,
2972 3958 3169 4023 nempe
3198 3950 3652 4007 condemnantem

2078 4050 2327 4120 iniquam
2380 4048 2713 4104 mundanam
2769 4046 2980 4118 peccati
3035 4044 3429 4115 irruptioncm,
3477 4057 3654 4110 neque

2078 4144 2252 4198 Deum
2293 4138 2578 4197 timentem
2628 4139 2797 4210 (Deus
2835 4140 2983 4193 enim
3044 4139 3172 4204 est),
3228 4151 3407 4205 neque
3458 4150 3656 4188 verens

2082 4230 2397 4296 hominem,
2426 4233 2612 4302 ιιι.ηυί
2648 4240 2799 4285 recte
2828 4230 3039 4300 judicct
3070 4226 3127 4283 et
3157 4228 3291 4282 citra
3328 4227 3491 4280 ullam
3528 4240 3653 4294 per-

2083 4344 2343 4385 sonarum
2382 4328 2789 4396 aceeptionem.
2821 4325 2889 4378 Et
2923 4323 3047 4377 ideo
3080 4322 3338 4377 dicebant
3370 4318 3463 4389 qui
3497 4326 3658 4372 erant

477 4417 799 4472 Paradisum
844 4428 1028 4474 autem
1050 4460 1065 4481 ,
1098 4428 1161 4473 ut
1197 4420 1484 4483 existimo,
1534 4419 1784 4474 nominat
1824 4419 1985 4481 illum,
2011 4428 2059 4488 ι)
2085 4425 2141 4478 in
2168 4419 2430 4476 cathedra
2454 4418 2738 4473 Sadducaei
2774 4435 2786 4470 :
2815 4415 3089 4486 Magister,
3111 4414 3255 4486 quod
3272 4423 3405 4486 recte
3420 4411 3656 4483 judicas.

406 4506 586 4577 ipsum
618 4509 887 4563 Adamum
929 4519 1156 4580 propter
1179 4526 1299 4565 eam
1330 4526 1452 4580 quae
1480 4521 1565 4566 est
1617 4509 1673 4564 in
1705 4510 1826 4579 ipso
1873 4512 1983 4563 cir-
2030 4529 2034 4533 ·

408 4600 711 4655 cuitionem
744 4617 843 4669 per
894 4603 991 4665 Dei
1048 4604 1562 4672 participationem;
1594 4604 1739 4674 ligna
1795 4608 1979 4657 autem

411 4692 669 4760 paradisi,
698 4708 820 4762 quae
848 4694 903 4748 in
937 4695 1056 4763 ipso
1090 4704 1219 4749 sunt
1259 4695 1541 4765 plantata,
1578 4696 1984 4767 intelligentias

413 4785 799 4853 percipiendas
836 4794 891 4839 et
918 4788 1112 4841 vitales
1168 4789 1421 4843 virtutes.
1475 4789 1570 4843 Eis
1600 4799 1775 4853 utere,
1804 4787 1983 4841 Verbo

408 4873 657 4942 iubente.
688 4875 796 4930 Sed
828 4886 886 4931 ut
909 4878 1008 4931 tibi
1044 4878 1170 4933 data
1198 4888 1350 4944 sunt,
1380 4888 1437 4933 et
1460 4892 1559 4948 pro
1591 4880 1786 4933 natura
1819 4894 1985 4951 quam

414 4964 619 5020 habent
644 4967 812 5033 liena,
842 4978 903 5023 ut
931 4985 1052 5039 quae
1093 4971 1202 5024 sint
1223 4968 1745 5025 scilicetinsensilia
1798 4980 1855 5025 et
1883 4970 1986 5025 im-

412 5057 641 5111 mobilia
666 5059 730 5114 ad
762 5070 982 5114 onlnem
1026 5061 1323 5115 belluinam
1370 5061 1762 5130 affectionem;
1799 5062 1868 5118 de
1895 5079 1984 5118 re.

413 5146 739 5204 husautem
773 5153 1066 5208 sensilibus
1093 5170 1215 5224 quae
1240 5156 1308 5209 ad
1339 5155 1443 5209 hoc
1481 5165 1537 5210 et
1560 5155 1695 5209 illud
1728 5155 1982 5209 dividan-

415 5247 508 5292 tur
535 5247 796 5309 tanquam
816 5243 901 5297 ad.
919 5245 1121 5298 bonum
1144 5253 1199 5299 et
1221 5246 1447 5310 malum,
1472 5261 1594 5315 quae
1618 5245 1841 5314 quidem
1872 5245 1986 5300 dis-

416 5329 624 5385 tributa
656 5344 785 5387 sunt
802 5326 1215 5404 animantibus,
1239 5338 1353 5391 Non
1372 5336 1537 5407 909
1560 5337 1813 5391 comedes.
1848 5336 1982 5391 Nam

415 5422 585 5477 unius
617 5423 805 5480 formze
843 5428 1140 5483 dictionem
1198 5429 1427 5483 verbum
1465 5430 1514 5483 ei
1556 5429 1809 5497 largitur,
1867 5437 1988 5481 ten-

416 5509 641 5567 dentem
664 5514 730 5567 ad
757 5531 926 5569 unum
958 5518 1246 5572 Dominum
1285 5534 1436 5588 :qme
1464 5526 1645 5571 autem
1673 5524 1803 5570 sunt
1832 5517 1980 5570 varia

501 5688 548 5718 ὀ
577 5688 712 5742 Gen.
751 5707 799 5745 γι
848 5694 897 5748 7.

977 5696 1015 5724 ’"
1042 5694 1214 5749 Galat.
1244 5714 1316 5758 ιιι,
1343 5694 1429 5746 ‘27.
1507 5696 1550 5724 ’³³
1576 5693 1709 5745 Gen.
1742 5709 1793 5754 ιι,
1818 5694 1907 5746 9.33.

1986 5695 2181 5749 "Luc.
2211 5692 2410 5757 ωλι.

2086 4523 2137 4570 et
2189 4528 2469 4587 personam
2526 4530 2630 4567 non
2684 4513 2905 4583 accipis,
2940 4511 3022 4564 dic
3072 4510 3136 4563 de
3186 4524 3342 4562 censu
3368 4505 3432 4558 ⁸³.
3468 4506 3659 4574 Itaque

2087 4598 2307 4679 quando
2339 4615 2459 4661 erat
2490 4605 2715 4676 quidem
2745 4604 2930 4659 nudus
2959 4603 3126 4663 Deus,
3156 4616 3267 4655 non
3301 4597 3661 4655 suﬂ‘undeba-

2088 4709 2181 4755 tur
2218 4699 2435 4771 pudore
2489 4717 2501 4751 :
2555 4697 2776 4768 quando
2817 4705 3000 4751 autem
3048 4708 3212 4749 carne
3256 4699 3509 4761 suscepta
3552 4704 3660 4743 non

2088 4791 2475 4860 ampliuserat
2497 4788 2703 4852 nudus,
2730 4786 3071 4842 afﬁciebatur
3094 4784 3336 4855 pudore;
3370 4791 3425 4861 et
3452 4780 3661 4849 pudore

2092 4868 2432 4949 contempto,
2459 4894 2680 4934 crucem
2721 4890 2824 4948 pro
2861 4874 3022 4932 nobis
3061 4874 3343 4930 sustinuit.
3373 4872 3440 4925 Et
3473 4871 3597 4924 ideo
3632 4887 3661 4924 a

2089 4970 2294 5027 Judteis
2328 4971 2600 5039 pulsatus,
2629 4968 2812 5039 flagris
2846 4982 3040 5032 «usus,
3071 4974 3127 5021 et
3168 4972 3473 5034 consputus
3511 4962 3662 5015 dice-

2090 5059 2186 5114 bat
2225 5078 2237 5112 :
2281 5059 2505 5130 Tergum
2546 5075 2719 5112 meum
2755 5058 2874 5112 dedi
2917 5057 2984 5111 ad
3019 5055 3255 5128 ﬂagella,
3288 5070 3449 5124 genas
3487 5061 3663 5107 autem

2092 5167 2235 5205 meas
2268 5151 2337 5205 ad
2369 5150 2588 5222 alapas,
2622 5151 2809 5220 faciem
2849 5157 3025 5202 autem
3069 5164 3244 5202 meum
3283 5140 3387 5199 non
3423 5145 3592 5211 averti
3631 5162 3664 5198 (ι

2095 5242 2292 5313 pudore
2323 5252 2597 5310 spulorum
2618 5240 2679 5295 ⁸⁵.
2712 5242 2777 5294 Et
2808 5254 2998 5294 rursus
3032 5239 3177 5291 idem
3208 5237 3368 5291 Jesus
3402 5246 3665 5302 perpro-

2096 5333 2316 5403 pltetam
2363 5332 2500 5387 dicit
2530 5332 2676 5387 Patri
2715 5351 2727 5385 :
2761 5331 2833 5385 Tu
2859 5333 2958 5384 scis
2982 5328 3361 5398 improperium
3393 5338 3585 5379 meum.
3616 5327 3664 5372 rt

2093 5422 2345 5492 pudorem
2397 5437 2603 5485 meum,
2654 5429 2701 5474 et
2759 5419 3098 5473 reverentiam
3157 5430 3361 5476 meant,
3412 5411 3663 5480 quoniam

2091 5498 2259 5584 pudor
2283 5513 2455 5567 vultus
2488 5515 2585 5565 mei
2616 5511 2882 5582 cooperuit
2910 5526 2989 5562 me
3008 5509 3075 5561 θ’.
3100 5507 3156 5559 Si
3188 5512 3370 5559 autem
3401 5511 3662 5571 tanquam

2489 5694 2531 5721 ⁸³³
2560 5692 2656 5746 lszt.
2688 5707 2736 5755 I.,
2761 5691 2812 5745 G.
2891 5690 2934 5720 9”
2960 5687 3110 5743 Psal.
3149 5701 3327 5741 vam,
3353 5684 3402 5743 (ἶ,
3433 5684 3483 5734 8.
