4056 6148
410 278 531 344 Ῑξιὲι
1606 286 1667 346 s.
1709 286 2112 347 ANASTASII
2150 288 2475 350 summ
2751 366 2755 370 ,
3324 342 3343 347 _
3528 291 3666 365 1012

396 396 658 460 carnalis,
683 395 753 449 de
784 395 998 464 pudore
1029 398 1304 466 corporali
1341 397 1456 451 haec
1491 394 1755 469 intelligis
1788 384 1849 451 in
1882 414 1985 451 nu—
2018 400 2062 455 Α
2093 392 2402 459 Salomonis
2444 406 2677 476 singulis
2719 406 2881 461 annis
2919 405 3110 461 venire
3150 421 3221 461 ex
3259 403 3515 470 Tharsis,
3547 422 3671 476 quae
3734 400 3737 401 ν

395 482 623 538 datione
654 482 851 537 Adami
886 492 941 538 et
968 485 1115 549 Evae,
1145 487 1233 540 die
1268 484 1429 551 mihi,
1459 500 1586 541 cum
1622 488 1808 543 nullus
1842 489 1986 542 alius

395 575 615 631 adeswt
644 588 769 630 cum
803 576 908 637 eis.
935 580 1219 647 cuiusnam
1254 588 1414 633 erant
1444 580 1656 648 pudore
1687 580 1980 643 alliciendi,

398 682 632 723 mamma
662 670 707 722 si
741 668 1064 722 nesciebant
1090 678 1217 723 ante
1248 671 1745 742 transgressionem
1776 652 1983 743 myste-

397 760 541 813 rium
591 761 833 829 partiutn
884 760 1092 815 liberos
1139 763 1580 831 procreautiutn,
1618 774 1676 818 et
1718 762 1866 834 quod
1913 766 1985 819 sit

396 851 698 906 discrimen
723 865 919 906 eorum
944 850 1314 916 fOrmationis,
1343 865 1525 925 neque
1550 855 1697 926 quod
1726 870 1805 912 etc
1828 857 1984 911 facta:

395 954 525 999 sunt
566 944 635 1001 ad
687 946 894 999 coitum
955 955 1012 999 et
1052 944 1356 1015 nuptialem
1404 960 1786 1018 congressum,
1816 956 1873 1002 et
1915 949 1983 1003 ad

396 1037 504 1093 hoc
538 1054 568 1092 a
604 1038 716 1092 Deo
744 1037 876 1092 facti
913 1038 1025 1092 sint
1055 1032 1335 1093 masculus
1366 1048 1422 1094 et
1448 1040 1684 1095 femina?
1717 1039 1821 1107 Qui
1853 1056 1984 1111 ergo

393 1144 459 1185 ea
506 1130 753 1185 nondum
802 1130 1086 1196 sciebant,
1122 1145 1363 1200 quonam
1412 1142 1572 1187 erant
1614 1132 1983 1202 periuudendi

398 1221 645 1291 pudore?
689 1221 1062 1289 Quamobrem
1106 1223 1226 1278 sine
1269 1225 1645 1279 controversia
1694 1225 1983 1281 referenda

393 1326 480 1369 cst
507 1316 728 1370 auditas
759 1314 825 1369 ad
857 1315 1138 1371 Christum
1173 1328 1227 1372 et
1259 1318 1560 1373 Ecclesium
1602 1339 1613 1370 :
1647 1318 1817 1373 Erant
1845 1321 1982 1373 enim

395 1406 549 1460 anzbo
577 1406 702 1460 nudi
732 1408 795 1461 ab
842 1409 1016 1473 initio,
1059 1410 1203 1464 Deus
1247 1410 1479 1481 quidem
1506 1409 1769 1475 Verbum,
1803 1413 1983 1467 nudus

391 1498 461 1554 ab
486 1500 861 1568 humanitate,
892 1501 1141 1558 Ecclesia
1179 1512 1365 1561 autem
1415 1504 1563 1560 nuda
1595 1522 1624 1559 a
1656 1504 1945 1561 divinitate
1966 1548 1980 1573 ,

391 1592 674 1649 Christum
716 1588 963 1651 nondum
1008 1597 1223 1653 induta.

459 1685 732 1743 Cmterum
765 1706 875 1745 non
908 1691 1273 1747 embeSCebat
1304 1704 1600 1765 antequam
1628 1704 1774 1750 esset
1798 1704 1980 1759 trans-

389 1796 599 1849 gressa,
634 1782 837 1852 partim
878 1783 1127 1853 quidem,
1159 1797 1219 1838 ut
1258 1801 1418 1856 pura,
1443 1756 1502 1841 et
1532 1789 1645 1857 jam
1687 1756 1875 1857 parata
1915 1787 1982 1842 ad
2019 1756 2056 1809 Β

392 1870 872 1943 incorruptionem
922 1875 974 1946 (a
1024 1884 1221 1930 natura
1266 1876 1416 1931 enim
1468 1865 1639 1931 habet
1689 1877 1869 1946 pudor
1928 1888 1988 1932 ut

393 1964 666 2019 consistat
703 1968 760 2025 in
801 1966 994 2038 ﬁguris
1036 1978 1094 2024 et
1128 1970 1462 2039 corporibus
1502 1972 1559 2025 in
1596 1986 1719 2041 quae
1760 1972 1987 2027 omnino

390 2054 538 2111 cadit
582 2057 865 2127 corruptio
911 2064 968 2113 et
1014 2059 1307 2126 interitus,
1346 2071 1403 2116 et
1449 2044 1581 2116 sunt
1623 2060 1981 2133 materialia),

394 2148 596 2219 partim
634 2160 818 2206 autem
856 2162 917 2206 ut
946 2168 1069 2222 qua:
1098 2153 1250 2208 nuda
1279 2163 1336 2209 ct
1359 2163 1549 2224 aperta
1580 2154 1740 2219 facie,
1769 2153 1984 2207 Domini

393 2241 602 2297 vultum
643 2243 1143 2314 contemplaretur.
1177 2245 1254 2301 De
1288 2261 1396 2316 qua
1430 2245 1697 2300 laudabili
1731 2243 1984 2321 nuditate

389 2330 528 2387 dicit
556 2333 720 2389 divus
752 2333 960 2389 I’aulus
995 2354 1009 2387 :
1043 2332 1463 2405 Ingemisc‘imus,
1499 2333 1858 2389 habitaculum
1889 2353 1982 2389 no-

388 2436 558 2481 strum
600 2428 740 2500 quod
782 2445 845 2482 ex
883 2427 1009 2483 cazlo
1049 2428 1359 2500 superiudui
1397 2430 1664 2500 cupientes
1685 2429 1754 2494 π,
1778 2445 1982 2500 nempe

390 2522 634 2575 futuram
686 2536 985 2590 corporum
1028 2520 1511 2591 incorruptionem
1536 2562 1551 2585 ,
1590 2522 1848 2593 siquidem
1901 2523 1984 2575 in-

388 2614 520 2674 duti,
547 2630 650 2668 non
683 2610 809 2668 nudi
836 2615 1173 2669 inveniamur
1192 2616 1258 2668 ⁸⁷.
1284 2614 1405 2670 Non
1431 2612 1565 2671 nudi
1593 2631 1623 2669 a
1646 2615 1822 2686 gratia
1857 2630 1981 2669 san-

389 2704 464 2760 cti
507 2704 782 2775 Spiritus,
824 2716 991 2776 qoam
1037 2706 1347 2762 nuditatem
1389 2716 1449 2763 ut
1487 2706 1688 2763 eliiciat
1728 2709 1979 2761 innatum

387 2805 474 2852 est
500 2798 701 2853 tunicm
730 2797 999 2853 malarum
1032 2801 1339 2866 actionum,
1364 2815 1473 2870 qua
1505 2798 1732 2855 indutus
1758 2800 1862 2853 fuit
1889 2799 1979 2853 ille

396 2888 482 2959 qui
512 2889 726 2958 ejectns
765 2899 851 2943 est
889 2906 920 2945 e
960 2889 1202 2961 nuptiis;
1235 2908 1399 2962 quam
1442 2908 1550 2946 non
1590 2891 1845 2949 ferebant
1882 2891 1977 2960 qui

396 2979 546 3048 prius
593 2992 752 3035 erant
795 2981 934 3037 nudi
972 2982 1303 3052 protoplasti
1356 3002 1368 3036 :
1418 2998 1597 3053 neque
1645 2997 1838 3036 rursus
1887 2984 1978 3038 ille

2088 503 2171 548 est
2200 492 2462 565 Hesperia
2497 497 2733 567 regionis
2754 484 3149 561 occidentalis,
3175 505 3232 551 et
3258 496 3407 552 ferre
3438 496 3509 552 ad
3541 494 3669 552 eum

2086 602 2282 642 aurum
2331 597 2388 642 et
2430 590 2703 659 ejusmodi
2746 590 3072 645 animantia.
3105 589 3226 645 Non
3272 597 3359 645 est
3400 606 3535 661 ergo
3586 589 3672 661 (ut

2086 688 2371 743 ostensum
2406 682 2513 751 est)
2547 698 2778 753 serpens
2815 683 3144 754 prudentior
3172 680 3437 739 omnibus
3476 682 3671 739 bestiis

2089 784 2270 829 terrae.
2296 772 2667 841 Quamobrem
2699 776 2788 831 vel
2821 764 3104 831 diabolum
3134 775 3275 831 dicit
3306 776 3619 846 ingressum
3655 796 3669 832 :

2086 866 2171 920 vel
2216 866 2415 936 ipsum,
2450 868 2661 923 nudum
2708 868 2952 937 appellat
2994 877 3311 937 serpentem
3357 866 3668 937 Scriptura.

2084 958 2216 1014 Mihi
2258 969 2444 1019 autem
2466 960 2726 1025 videtur,
2759 960 2935 1030 prius,
2969 961 3170 1016 melius
3204 960 3473 1016 secundo.
3505 960 3669 1032 Sym-

2086 1053 2315 1107 machus
2354 1053 2502 1108 enim
2546 1065 2603 1108 et
2647 1052 2868 1122 Aquila,
2901 1067 3002 1122 pro
3047 1052 3381 1123 prudentior,
3413 1052 3671 1107 dixerunt

2085 1142 2333 1201 callidior
2359 1162 2377 1201 :
2406 1147 2557 1217 quod
2583 1146 2809 1217 quidem
2840 1146 3065 1215 proprie
3093 1145 3425 1215 intelligitur
3446 1153 3506 1200 et
3533 1145 3661 1200 dici-

2090 1249 2178 1293 tur
2208 1239 2276 1293 de
2312 1238 2505 1294 doloso
2540 1246 2734 1294 nostro
2769 1238 3110 1293 adversario.
3144 1236 3204 1293 Si
3241 1245 3427 1292 autem
3464 1236 3669 1306 queri:

2087 1347 2186 1383 cur
2206 1346 2321 1383 non
2359 1329 2508 1385 unde
2547 1329 2666 1385 haec
2700 1331 2849 1386 Deus
2882 1339 3017 1384 tunc
3047 1336 3134 1384 est
3164 1328 3411 1393 locutus,
3436 1328 3532 1383 sed
3567 1344 3667 1397 pro

2086 1415 2311 1473 diabolo
2337 1418 2646 1473 nominavit
2696 1429 3038 1489 serpentem,
3090 1426 3282 1489 aperte
3326 1418 3479 1473 disce
3515 1419 3664 1489 quod

2085 1528 2210 1565 cum
2246 1511 2387 1565 mala
2419 1520 2475 1567 et
2501 1509 2800 1567 libidinosa
2837 1520 3000 1582 gente
3033 1511 3290 1581 loquens,
3319 1511 3502 1566 noluit
3532 1526 3664 1581 ape-

2088 1605 2199 1658 rire
2231 1604 2421 1659 lsraeli
2455 1619 2637 1674 neque
2670 1620 2794 1675 qua:
2827 1604 2895 1659 ad
2931 1604 3157 1674 angelos
3196 1610 3448 1674 spectant
3482 1614 3666 1673 neque

2086 1713 2208 1765 qua:
2247 1696 2316 1752 ad
2359 1696 2617 1753 Satanam
2658 1698 2755 1768 qui
2784 1697 3143 1763 conculcavit
3185 1696 3385 1762 Evam,
3426 1712 3498 1752 ne
3538 1711 3668 1751 eum

2087 1793 2335 1845 colerent
2370 1799 2429 1846 et
2468 1790 2769 1846 adorarent
2806 1798 3069 1861 tanquam
3112 1790 3227 1844 Deo
3262 1788 3575 1853 fortiorem,
3608 1797 3670 1843 ut

2085 1882 2179 1952 qui
2205 1882 2477 1951 potuisset
2501 1897 2603 1937 sua
2633 1881 2924 1952 prudentia
2948 1880 3317 1952 protoplastos
3352 1895 3387 1935 a
3427 1879 3545 1936 Dei)
3594 1879 3664 1934 ad

2088 1990 2147 2029 se
2176 1974 2480 2028 attrahere.
2515 1973 2599 2027 Tu
2646 1982 2830 2029 autem
2852 1988 2980 2028 cum
3002 1971 3252 2027 audieris
3271 1971 3419 2041 quod
3438 1986 3661 2042 serpens

2086 2078 2202 2122 erat
2247 2068 2559 2139 prudentior
2602 2066 2847 2120 omnibus
2890 2064 3073 2121 bestiis
3117 2074 3299 2129 terret,
3330 2064 3478 2118 scias
3518 2061 3669 2135 quod

2084 2176 2253 2231 super
2276 2174 2498 2214 omnem
2527 2159 2825 2214 humanam
2858 2156 3215 2228 prudentiam
3247 2164 3335 2211 est
3361 2155 3524 2225 longe
3550 2153 3671 2209 for-

2084 2254 2194 2308 tior
2234 2251 2442 2307 diaboli
2484 2250 2785 2306 calliditas.
2824 2246 3201 2316 Quamobrem
3244 2246 3466 2303 dicebat
3504 2245 3670 2305 nobis

2081 2341 2394 2401 Dominus:
2424 2341 2608 2396 Estote
2636 2340 2921 2412 prudentes
2948 2341 3086 2395 sicut
3115 2345 3389 2409 serpentes
3405 2337 3505 2391 '3'.
3529 2335 3671 2392 Nam

2079 2437 2343 2506 quoniam
2379 2434 2530 2505 genti
2562 2449 2687 2505 quae
2718 2449 2833 2488 non
2865 2432 3027 2490 facile
3054 2438 3283 2503 poterat
3313 2428 3662 2501 persuaderi,

2080 2528 2138 2583 in
2181 2527 2391 2597 vertice
2440 2525 2593 2582 illius
2639 2525 2846 2581 montis
2900 2522 3057 2580 Sinal
3102 2523 3251 2579 Deus
3303 2536 3408 2592 per
3473 2522 3662 2577 Mosen

2080 2620 2257 2689 legem
2305 2617 2563 2681 ferebat,
2628 2632 2696 2673 ea
2736 2616 2805 2673 de
2848 2631 3017 2672 causa
3061 2630 3189 2671 cum
3234 2613 3671 2685 haec'scriberet

2082 2721 2292 2767 terrere
2331 2709 2528 2765 volens
2563 2708 2923 2765 incredulum,
2960 2707 3240 2772 lsraelem,
3277 2706 3361 2761 eis
3400 2704 3672 2761 describit

2080 2804 2254 2874 legem
2282 2817 2410 2872 quae
2439 2801 2566 2856 data
2598 2810 2685 2856 est
2709 2801 2943 2865 Adamo,
2972 2811 3030 2855 et
3061 2798 3579 2871 transgressionem,
3608 2807 3671 2853 et

2082 2908 2305 2965 pronas,
2338 2901 2415 2949 et
2439 2893 2774 2958 sententias,
2809 2900 2866 2949 et
2905 2890 3365 2947 incondonabiles
3403 2888 3671 2946 extermi-

2080 2987 2369 3053 nationes,
2414 2994 2474 3041 et
2515 2984 2641 3041 illas
2686 2982 2998 3039 horrendas
3044 2981 3315 3037 adversus
3356 2986 3671 3050 serpentem

388 3074 591 3143 justus,
622 3082 680 3127 et
715 3073 852 3127 nulli
893 3074 1072 3129 atlinis
1112 3075 1651 3143 reprehensioni,et
1687 3075 1813 3144 pius
1848 3076 1969 3132 Job.
2000 3095 2042 3154 ρ
2075 3080 2512 3143 exsecrationes,
2548 3086 2609 3132 et
2644 3076 2868 3132 dolores
2917 3085 2974 3130 et
3017 3074 3260 3146 gemitus
3303 3071 3579 3154 mulieris,
3612 3080 3672 3126 et

390 3162 458 3217 Et
494 3163 619 3218 ideo
654 3163 877 3220 dicebat
918 3184 929 3217 :
967 3164 1154 3219 Nudus
1188 3167 1259 3221 ab
1292 3168 1441 3222 omni
1479 3170 1878 3237 peccatoiexivi
1913 3186 1977 3223 ex

390 3265 573 3311 uentre
608 3260 797 3311 matris
834 3274 983 3323 mere,
1016 3259 1081 3312 ab
1113 3275 1171 3313 eo
1202 3276 1409 3330 quoque
1439 3259 1611 3314 nudus
1645 3262 1885 3317 recedam
1908 3262 1974 3317 ’⁸.

392 3336 534 3401 Num
559 3356 744 3401 autem
772 3356 828 3403 et
848 3347 1117 3403 Dominus
1141 3358 1196 3404 et
1218 3366 1320 3404 nos
1348 3360 1469 3421 post
1493 3353 1983 3419 resurrectionem,

394 3438 450 3491 in
484 3452 549 3492 ea
582 3439 833 3508 corporis
872 3438 1124 3495 nuditate
1164 3424 1319 3493 nullo
1360 3439 1571 3510 pudore
1604 3430 1985 3513 ’perl‘undcndi

392 3530 624 3597 erimus,
652 3531 771 3602 ipse
804 3547 1026 3603 quoque
1055 3531 1311 3587 advortes
1341 3542 1395 3587 et
1427 3533 1740 3590 adnotabis.

463 3620 690 3695 Serpens
721 3632 899 3679 autem
926 3633 1043 3678 erat
1066 3624 1380 3695 prudentior
1402 3626 1640 3679 omnibus
1666 3626 1841 3699 bestiis
1864 3642 1981 3697 quas

392 3723 515 3769 sunt
555 3731 721 3786 supra
764 3725 985 3769 terram.
1021 3712 1179 3781 Quod
1220 3723 1275 3768 et
1315 3725 1585 3785 quantum
1621 3717 1820 3771 attinet
1853 3717 1978 3788 qui-

391 3803 518 3859 dem
551 3805 620 3859 ad
656 3788 1013 3875 prudentiam
1044 3820 1168 3876 qua:
1197 3814 1281 3859 est
1312 3805 1367 3858 in
1391 3819 1527 3860 voce
1555 3814 1612 3861 et
1640 3815 1838 3861 natura
1869 3822 1977 3863 non

394 3898 609 3952 ratione
639 3895 896 3967 praedita,
926 3895 1100 3950 multa
1130 3910 1250 3950 esse
1279 3896 1540 3963 animalia
1568 3907 1825 3967 serpente
1851 3912 1982 3968 pru-

394 3989 672 4053 dentiora,
697 4003 859 4043 nemo
883 3988 978 4059 qui
1007 3990 1148 4058 sapit
1171 3989 1592 4046 contradixerit.
1614 3990 1806 4061 Neque
1831 3991 1980 4065 enim

395 4081 620 4135 domum
655 4070 919 4143 custodit,
950 4095 1131 4151 neque
1160 4084 1391 4153 gregem
1425 4096 1675 4153 unquam,
1701 4092 1892 4139 servat
1921 4095 1984 4139 ut

396 4172 582 4239 canis;
612 4187 722 4226 non
751 4171 900 4228 iures
924 4164 1114 4243 abigit,
1138 4189 1242 4228 nec
1270 4183 1441 4231 terret
1462 4173 1636 4241 feras;
1661 4188 1771 4229 non
1788 4184 1978 4251 curat,

395 4264 568 4320 veluti
601 4263 840 4335 quadam
876 4274 995 4320 arte
1028 4264 1338 4331 medicinae,
1375 4266 1636 4332 vulnera;
1676 4281 1859 4336 neque
1879 4282 1981 4324 suo

395 4357 621 4413 domino
662 4359 939 4428 privatus,
973 4358 1144 4428 ejulat
1183 4368 1241 4413 et
1278 4357 1475 4425 deﬂet,
1503 4373 1630 4414 eum
1665 4358 1977 4429 requirens.

2083 3170 2331 3227 sudores
2352 3178 2411 3224 et
2443 3176 2607 3222 terrae
2641 3165 3106 3228 exsecrationem,
3135 3171 3194 3218 et
3224 3150 3347 3234 ejus
3385 3159 3574 3231 spinas
3612 3171 3671 3216 et

2084 3258 2341 3322 tribulos,
2371 3266 2426 3313 et
2451 3256 2649 3311 mortis
2678 3255 3034 3320 sententia-In,
3060 3263 3118 3309 et
3148 3253 3205 3307 in
3235 3262 3439 3307 terram
3466 3258 3536 3306 ex
3559 3265 3670 3320 qua

2080 3340 2339 3416 sumptus
2370 3354 2460 3403 est
2487 3343 2896 3408 reversionem,
2923 3350 2981 3398 et
3010 3343 3302 3399 interitum
3332 3340 3577 3396 hominis
3605 3354 3670 3395 ac

2081 3438 2525 3501 dissolutionem.
2550 3436 2686 3503 Quae
2717 3433 2945 3506 quidem
2978 3434 3167 3490 omnia
3199 3434 3349 3504 passi
3375 3440 3509 3488 sunt
3534 3447 3669 3502 pro-

2081 3529 2343 3603 toplasti,
2381 3531 2647 3600 quoniam
2694 3527 3260 3598 sceleratoserpeati
3305 3517 3667 3590 obedientes,

2081 3625 2266 3680 conati
2302 3632 2433 3679 sunt
2464 3622 2679 3692 seipsos
2711 3620 2848 3679 deos
2878 3619 3089 3684 facere,
3110 3618 3168 3677 in
3200 3624 3582 3689 contetnpturn
3610 3624 3671 3673 et

2081 3716 2451 3773 defectionem
2496 3715 2567 3770 ab
2610 3728 2729 3769 uno
2770 3722 2829 3768 et
2873 3713 2994 3769 solo
3038 3724 3179 3767 vero
3220 3712 3364 3777 Deo;
3415 3710 3667 3780 rapinam

2081 3807 2336 3866 arbitrati
2352 3808 2476 3863 Deo
2498 3818 2623 3885 esse
2646 3808 2914 3877 aequales,
2939 3804 3048 3860 hoc
3073 3810 3184 3869 est,
3204 3803 3586 3858 ascensionem
3611 3813 3670 3856 et

2083 3902 2141 3954 in
2172 3900 2347 3953 altum
2384 3898 2713 3962 elationem,
2734 3907 2792 3953 et
2825 3911 2994 3966 super
3028 3894 3255 3965 angelos
3286 3891 3667 3948 erteasionem

2083 3993 2126 4047 si
2170 3992 2248 4045 dii
2291 3990 2509 4046 tierent.
2542 3991 2661 4045 Hoc
2697 3991 2847 4044 enim
2889 3988 3053 4043 tacite
3092 3984 3440 4057 signiﬁcabat
3477 3984 3659 4039 censi.

2079 4076 2217 4139 li‘utu
2248 4082 2443 4137 dicens
2480 4100 2493 4135 :
2527 4080 2695 4136 Eritis
2726 4082 2858 4135 sicut
2887 4077 2962 4133 dii
2992 4084 3358 4149 cognoscentes
3388 4074 3582 4130 bonum
3613 4081 3666 4128 et

2084 4175 2307 4241 malum,
2343 4173 2557 4230 scilicet
2592 4173 2740 4227 ultra
2785 4182 3028 4227 mentem
3070 4169 3403 4241 angelicam,
3438 4168 3487 4222 si
3529 4165 3666 4221 tacti

2081 4276 2269 4323 essent
2322 4267 2423 4322 dii.
2477 4265 2604 4321 Haec
2661 4274 2848 4320 autem
2905 4264 3093 4318 omnia
3150 4260 3465 4332 exponebat
3519 4259 3669 4314 Deus

2084 4355 2313 4425 populo,
2340 4370 2439 4410 eos
2477 4354 2755 4425 repellens
2792 4365 2851 4409 et
2885 4352 3058 4408 veluti
3096 4351 3411 4422 reprimens
3449 4368 3481 4404 a
3516 4347 3670 4404 defe-

396 4444 586 4516 Neque
624 4463 817 4504 rursus
855 4447 1004 4518 quod
1041 4448 1304 4519 sphinges
1339 4458 1395 4504 et
1433 4448 1625 4515 simiae,
1653 4458 1839 4520 potest
1876 4467 1979 4506 un-
2015 4450 2056 4503 D
2088 4448 2270 4501 ctione
2316 4461 2425 4516 qua
2470 4448 2660 4500 statim
2711 4445 3040 4500 laborarunt
3085 4445 3142 4499 in
3191 4444 3395 4507 Horeb,
3432 4454 3560 4499 cum
3606 4442 3668 4496 hi

396 4557 561 4612 quam
590 4556 822 4610 serpens
856 4538 1059 4594 imitari
1093 4550 1150 4596 et
1172 4535 1432 4612 ellingere
1455 4540 1658 4612 ﬁguras
1680 4553 1981 4616 gestusque

397 4640 453 4685 et
477 4631 657 4685 studia
682 4626 993 4684 hominum.
1011 4620 1110 4684 His
1131 4630 1280 4684 enim
1306 4628 1684 4689 animantibus
1729 4634 1983 4692 humanae

397 4733 614 4777 natura:
658 4721 775 4777 fere
824 4720 965 4778 nihil
1012 4714 1187 4791 deest,
1219 4716 1324 4780 nisi
1374 4724 1558 4780 solum
1609 4727 1811 4782 oratio.
1845 4718 1981 4783 Nam

399 4814 633 4870 naturali
662 4812 902 4885 quodam
934 4812 1130 4871 habitu
1159 4808 1370 4873 habent
1401 4828 1457 4873 et
1483 4833 1671 4873 rerum
1700 4828 1757 4873 et
1785 4819 1984 4890 ﬁgura-

404 4922 526 4961 rum
555 4922 693 4978 quas
718 4907 908 4963 vident
936 4908 1303 4965 imitationem
1330 4921 1386 4964 et
1409 4910 1887 4965 exercitationem.
1915 4911 1985 4967 Et

399 4998 528 5055 ideo
567 5001 744 5057 simia
774 4990 971 5056 ‘Grrece
1013 4999 1303 5069 dicuntur,
1336 5000 1581 5072 πίθηκοι,
1614 5004 1699 5056 ὅτι
1724 5004 1829 5057 πὰν
1863 5004 1984 5074 ἠθι-

406 5092 673 5155 γοῦονται,
701 5093 755 5148 id
786 5102 891 5158 est,
919 5095 1180 5164 quoniam
1206 5109 1404 5148 omnes
1430 5108 1615 5148 mores
1642 5098 1980 5164 exprimunt.

400 5181 589 5256 Neque
617 5178 970 5241 abominetur
1001 5185 1225 5242 auditor
1253 5185 1420 5255 huius
1451 5183 1707 5241 animalis
1735 5187 1981 5258 appella-

403 5278 613 5334 tionem
657 5288 919 5348 tanquam
965 5277 1247 5348 indignam
1294 5277 1526 5333 auribus
1569 5276 1984 5335 ecclesiasticis.

391 5368 672 5424 'Audimus
699 5370 847 5423 enim
874 5382 1069 5422 eorum
1092 5382 1216 5436 quae
1244 5375 1374 5421 sunt
1399 5364 1489 5421 his
1517 5367 1757 5433 minora,
1784 5367 1839 5422 in
1870 5367 1989 5439 lege

406 5465 518 5517 tieri
562 5465 901 5517 mentionem
943 5462 1012 5514 ab
1055 5460 1172 5529 ipso
1213 5460 1505 5528 impolluta
1545 5479 1637 5515 ore
1675 5462 1791 5517 Dei.
1819 5461 1965 5527 Quin

404 5557 571 5609 etiam
634 5560 686 5608 in
743 5557 905 5608 tertio
958 5554 1104 5608 libro
1164 5556 1372 5623 Regum
1429 5555 1741 5608 invenimus
1795 5569 1987 5607 navem

2084 4554 2370 4594 sermones
2428 4539 2611 4594 adhuc
2666 4538 2800 4594 Mosi
2848 4538 3182 4597 dicerentur
3234 4537 3289 4590 in
3340 4546 3563 4598 incute,
3610 4543 3669 4589 et

2082 4632 2250 4687 etiam
2277 4631 2349 4685 ab
2372 4630 2503 4685 aliis
2530 4638 2721 4698 postea
2746 4629 2959 4685 secutis
2985 4628 3336 4692 idololatriis,
3359 4639 3486 4696 qua:
3511 4626 3669 4681 illinc

2085 4735 2424 4795 acceperunt
2476 4723 2700 4778 initium
2756 4721 3218 4794 transgressionis
3266 4721 3338 4775 ab
3387 4719 3484 4775 illo
3538 4718 3669 4772 mali

2087 4824 2313 4871 auctore
2352 4824 2643 4883 serpente,
2678 4823 2736 4868 et
2772 4810 2998 4881 aligno
3035 4809 3184 4880 quod
3225 4809 3433 4865 dicitur
3473 4806 3667 4863 inobo-

2087 4904 2332 4962 dientiac.
2368 4905 2437 4960 Et
2470 4905 2717 4960 fortasse
2742 4920 2806 4959 ea
2832 4903 2912 4965 de
2946 4918 3112 4958 causa
3147 4902 3297 4958 Deus
3331 4900 3399 4956 ad
3432 4915 3530 4955 eos
3567 4900 3669 4953 ad-

2087 4997 2398 5053 monendos
2432 5006 2491 5051 et
2523 4997 2592 5051 ad
2629 4994 3007 5052 revocandum
3039 4997 3123 5051 eis
3155 4995 3211 5049 in
3244 4993 3565 5050 memoriam
3601 5004 3668 5045 ea

2086 5109 2210 5162 quae
2237 5092 2379 5145 facta
2402 5099 2542 5145 sunt
2573 5091 2627 5145 in
2660 5089 2943 5159 paradiso,
2970 5089 3057 5143 eis
3080 5088 3311 5144 diversa.
3327 5083 3669 5141 unanimiter

2085 5183 2343 5239 exhibuit
2364 5183 2615 5254 prodigia
2643 5197 2742 5252 per
2771 5189 3092 5251 serpentem
3112 5179 3286 5250 910
3315 5187 3375 5233 et
3401 5177 3613 5247 lignum
3648 5192 3664 5227 :

2088 5292 2239 5331 nunc
2262 5273 2486 5345 quidem
2512 5274 2726 5345 virgam
2759 5274 2925 5328 Mosis
2952 5281 3328 5326 transmutans
3355 5269 3411 5322 in
3439 5280 3664 5335 serpen-

2089 5366 2475 5433 tem,rdeinde
2523 5377 2842 5436 serpentem
2894 5366 2951 5419 in
3003 5364 3213 5435 lignum
3261 5360 3602 5415 mortitirans
3643 5372 3660 5410 τ

2086 5464 2240 5531 prius
2281 5461 2604 5516 describens
2642 5460 2788 5528 quod
2835 5474 2944 5511 non
2987 5464 3241 5527 oporteat
3276 5452 3503 5506 obedire
3540 5463 3661 5500 ser-

2089 5555 2236 5619 penti
2272 5552 2337 5605 ad
2380 5552 2587 5622 lignum
2623 5551 2989 5615 adorandum,
3020 5550 3105 5603 vel
3141 5546 3286 5617 quod
3322 5561 3419 5614 per
3452 5544 3657 5609 lignum

477 5750 519 5779 ιι
549 5749 586 5802 ιι
620 5751 894 5815 (ἶυΓ.γ,“2.
974 5749 1253 5805 "ibid.5.
1332 5748 1674 5815 "Johlﬁll.
1752 5747 2238 5814 ’5'.\l;tlth.x,l6.

4040 2936 4056 3059 ἰ

4038 4616 4049 4791 i

4044 4860 4056 5031 λ
