4056 6148
413 274 547 337 1013

1518 277 1605 338 IN
1638 274 2187 353 ΗΕΧΑΕΜΕΒΟῌ.
2217 299 2284 313 -
2316 277 2464 338 LIB.
2505 275 2579 337 x.

3513 262 3648 327 1014

408 382 596 439 crucis
622 380 821 452 perdet
846 387 901 436 et
927 389 1104 437 morte
1134 380 1332 437 adiciet
1359 382 1663 467 paradisini
1692 383 1820 453 ligni
1854 397 1981 437 con-
2013 386 2055 444 Α
2083 390 2204 438 ctus
2224 381 2330 452 {hit
2353 385 2632 455 particeps
2648 382 2765 441 dati
2791 399 2821 437 a
2844 381 3077 438 muliere
3108 379 3294 449 :tquod
3318 378 3545 448 quidem
3567 390 3653 434 est

409 473 680 528 sultorem
709 479 1047 540 serpentem.
1065 472 1310 550 Propter
1337 488 1501 543 quem
1531 489 1724 528 rursus
1751 484 1806 530 et
1832 474 1983 544 virga

410 565 705 630 Aarohica,
734 577 801 619 ex
828 564 990 634 ligno
1021 567 1261 619 animata
1293 565 1497 636 serpsit
1526 581 1772 636 serpens,
1797 575 1852 622 et
1878 565 1984 620 fal-

406 672 503 714 sas
533 656 775 726 magicas
807 656 864 710 in
900 656 1049 728 ligno
1074 657 1355 727 serpentis
1382 658 1735 727 Operationes
1764 665 1985 727 repente

413 748 783 817 consumpsit.
808 748 882 802 Et
911 748 966 801 in
995 748 1149 817 ligno
1178 762 1373 802 rursus
1405 763 1633 819 serpens
1664 763 1848 802 aeneus
1879 763 1987 805 non

413 840 635 910 spirans
672 841 726 894 in
751 839 982 894 deserto
1017 854 1326 909 suspensus
1360 848 1480 896 erat
1517 857 1544 892 a
1580 840 1729 895 Mose
1773 859 1785 891 :
1814 840 1987 894 tacite

415 934 608 989 dicens
646 930 793 1002 quod
825 933 931 986 erit
963 933 1257 1002 aliquando
1294 943 1508 1002 tempus
1542 933 1598 986 in
1632 948 1767 1002 quo,
1802 932 1987 1001 suhjc-

415 1035 506 1081 cto
533 1023 761 1080 Christo
786 1024 1145 1094 insuperabili
1181 1025 1400 1088 incude,
1428 1039 1723 1094 percussus
1753 1023 1987 1093 improbi

415 1115 637 1172 consilii
680 1115 936 1184 princeps
976 1130 1207 1186 serpens
1247 1115 1424 1170 Pilato
1470 1126 1724 1185 tanquam
1766 1114 1989 1169 mallea-

416 1215 538 1261 tore
568 1202 828 1261 malleum
863 1207 1188 1271 incutiente,
1216 1216 1272 1262 et
1300 1207 1576 1261 ustulatus
1605 1216 1661 1262 et
1690 1208 1905 1261 solutus
1936 1213 1994 1262 et

418 1304 599 1352 morte
656 1294 930 1360 aB‘ectus,
985 1297 1042 1351 in
1098 1297 1248 1367 ligno
1308 1294 1583 1352 mortuus'
1619 1307 1874 1366 tanquam
1936 1298 1990 1350 in

420 1388 678 1443 columna
715 1386 941 1443 infamia
974 1396 1199 1443 notatus
1229 1389 1605 1458 p‘roscrihetur
1637 1387 1869 1453 mundo,
1899 1388 1992 1458 qui

423 1492 601 1547 usque
651 1477 720 1532 ad
765 1477 873 1533 hoc
925 1486 1145 1548 tempus
1191 1487 1311 1533 erat
1358 1478 1412 1532 in
1463 1477 1761 1532 solitudine
1816 1477 1995 1533 omnis

423 1567 553 1621 boni
594 1586 606 1619 :
639 1576 696 1622 et
726 1568 1108 1637 reprimentur
1140 1582 1359 1622 morsus
1395 1568 1578 1638 pepuli
1614 1568 1782 1622 morsi
1814 1583 1842 1621 a
1875 1583 1993 1623 ser-

425 1669 611 1728 ponte.

498 1749 565 1805 Et
592 1749 722 1804 dixit
750 1766 964 1820 serpens
1000 1749 1209 1804 mulieri
1242 1768 1259 1806 :
1296 1749 1433 1817 Quid
1466 1749 1603 1819 quod
1633 1749 1765 1803 dixit
1800 1749 1936 1802 Deus
1975 1792 1988 1815 ,

422 1840 543 1896 Non
571 1840 849 1894 comedetis
883 1856 946 1895 ea:
974 1842 1118 1895 omni
1148 1842 1292 1912 ligno
1346 1841 1483 1912 quod
1517 1849 1591 1894 est
1622 1841 1677 1894 in
1712 1840 1998 1912 paradiso?

428 1932 496 1987 Et
526 1932 661 1986 dixit
694 1931 883 1986 mulier
912 1936 1142 2003 serpenti
1177 1951 1194 1988 :
1227 1933 1311 1987 Ex
1341 1934 1482 1986 omni
1516 1933 1655 2005 ligno
1682 1932 1819 2003 quod
1845 1940 1917 1985 est
1942 1932 1996 1984 in

422 2023 679 2093 paradiso
712 2024 1053 2087 comedimus,
1083 2024 1158 2076 de‘
1180 2024 1354 2093 fructu
1376 2035 1568 2078 autem
1601 2024 1729 2095 ligni
1759 2023 1896 2094 quod
1924 2032 1997 2075 est

425 2119 481 2169 in
508 2116 680 2169 medio
701 2114 944 2184 paradisi
968 2114 1101 2169 dixit
1125 2114 1287 2178 Deus,
1309 2114 1388 2170 Ne
1414 2132 1477 2169 ea:
1502 2132 1561 2170 eo
1581 2116 1885 2177 comedatis,
1910 2131 1999 2167 ne—

428 2224 528 2279 que
546 2210 802 2279 tangatis,
824 2224 890 2262 ne
912 2210 1237 2263 mariamini.
1260 2208 1337 2265 Et
1353 2210 1488 2264 dixit
1508 2226 1722 2281 serpens
1746 2209 1958 2264 mulieri
1982 2210 1999 2263 ':

430 2300 598 2355 Morte
632 2316 743 2354 non
760 2299 1109 2365 moriemini,
1141 2302 1336 2355 sciebat
1374 2305 1514 2357 enim
1552 2301 1691 2356 Deus
1728 2303 1864 2373 quod
1901 2316 2000 2367 quo

427 2390 513 2442 die
532 2405 596 2443 ea:
620 2404 680 2443 eo
707 2388 1054 2456 comederitis,
1085 2391 1390 2461 aperientur
1410 2393 1571 2445 vestri
1600 2390 1757 2455 oculi;
1782 2400 1834 2444 et
1858 2391 2005 2444 eritis

426 2487 692 2551 tanquam
714 2479 788 2533 dii
812 2489 1178 2550 cognoscentes
1204 2480 1396 2535 bonum
1420 2489 1475 2533 et
1493 2481 1713 2535 malum.
1734 2478 1888 2546 Quod
1915 2480 2006 2535 hic

434 2568 665 2639 quidem
705 2571 1105 2624 sententiarum
1146 2586 1210 2626 ac
1246 2571 1738 2642 intelligentiarum
1780 2572 2006 2641 pelagus

432 2669 493 2715 et
532 2661 830 2715 obscurum
875 2662 1239 2731 profundum,
1278 2678 1444 2733 supra
1486 2665 1671 2718 omnia
1714 2666 1835 2734 qua!
1880 2658 2008 2718 sunt

439 2751 791 2816 transmissa,
825 2753 990 2809 nobis
1021 2754 1472 2825 sit'propositum
1506 2770 1614 2810 non
1648 2765 1732 2810 est
1758 2767 2007 2811 nostrum

437 2843 627 2899 dicere
674 2863 687 2897 :
731 2845 1010 2913 proposita
1050 2844 1199 2899 enim
1242 2844 1413 2900 dietio
1451 2846 1557 2900 hoc
1591 2860 1657 2899 ex
1693 2860 1751 2900 se
1789 2847 2003 2901 clamat.

436 2936 614 3002 Quam
637 2936 731 3006 qui
760 2936 1023 2991 historice
1045 2946 1101 2991 et
1122 2952 1232 2990 non
1264 2937 1628 3007 spiritualiter
1653 2938 1837 3007 potius
1863 2936 2008 2991 acci-

440 3028 636 3098 piunt,
670 3027 773 3083 sed
808 3036 1085 3082 venantur
1122 3026 1400 3083 dictiones
1446 3046 1460 3083 :

438 3120 659 3173 solvent
694 3119 1035 3187 obiectiones
1069 3132 1191 3188 quae
1218 3119 1301 3174 eis
1330 3119 1468 3173 ﬁunt
1500 3119 1571 3174 ab
1608 3118 1835 3173 irenzeo.
1868 3117 2010 3173 Dicit

440 3209 591 3264 enim
625 3209 915 3264 decertans
946 3211 1210 3266 adversus
1241 3212 1684 3266 haeresiarchiam
1714 3226 2009 3266 exsecran-

443 3297 643 3353 dorum
682 3297 1008 3368 Ophitarum
1053 3317 1068 3353 :
1106 3299 1391 3365 Quomodo
1428 3300 1545 3357 ﬁeri
1582 3310 1764 3370 potest
1798 3314 1859 3357 ut
1893 3316 2011 3356 ser-

444 3404 586 3460 pens
608 3391 713 3458 qui
749 3391 929 3445 factus
962 3400 1049 3445 est
1084 3406 1114 3445 a
1145 3392 1277 3457 Deo,
1307 3404 1526 3457 natura,
1558 3408 1754 3464 expers
1790 3393 2015 3449 rationis

444 3490 502 3536 ct
526 3481 743 3543 multis,
764 3482 981 3538 ratione
999 3483 1261 3554 praeditus
1282 3492 1338 3538 et
1360 3484 1593 3553 loquens
1609 3486 1860 3559 dicatur?
1879 3486 2011 3541 Nam

446 3572 495 3625 si
534 3570 640 3625 sibi
679 3588 780 3627 suo
806 3566 967 3628 iacto
1000 3574 1369 3628 commodavit
1402 3576 1688 3639 rationem,
1721 3584 1776 3629 et
1805 3577 2013 3631 discre-

450 3660 692 3722 tionem,
724 3672 779 3717 et
820 3662 1235 3734 intelligentiam
1273 3673 1328 3718 et
1370 3665 1782 3734 responsionem
1820 3681 2014 3720 eorum

447 3768 572 3823 qua
599 3754 929 3810 dicebantur
948 3770 978 3809 a
1004 3756 1257 3818 muliere,
1316 3772 1449 3827 ergo
1477 3767 1532 3811 et
1561 3756 1738 3811 cuivis
1772 3756 2014 3825 serpenti

448 3858 559 3899 non
589 3855 673 3900 est
697 3847 930 3901 vetitum
961 3849 1258 3916 quominus
1282 3848 1394 3902 hoc
1424 3848 1605 3902 faciat.
1632 3847 1689 3902 Si
1720 3856 1901 3901 autem
1929 3848 2013 3902 di-

449 3944 597 3999 cent,
626 3936 817 3992 divino
842 3939 1077 3993 consilio
1106 3947 1163 3993 et
1187 3937 1593 4007 dispensatione
1623 3953 1749 3992 eum
1777 3938 2013 3991 humana

449 4027 700 4082 oratione
730 4027 935 4097 alloqui
973 4028 1140 4084 Evam
1164 4070 1179 4095 ,
1235 4034 1485 4083 statuunt
1519 4028 1693 4082 Deum
1730 4035 2013 4082 auctorem

452 4117 686 4185 peccati.
715 4116 824 4171 Sed
869 4133 1051 4187 neque
1097 4120 1332 4188 maligno
1375 4118 1506 4172 licet
1546 4119 1812 4183 daemonii,
1842 4134 1909 4173 ex
1951 4133 2018 4172 eo

451 4208 598 4277 quod
632 4220 742 4262 non
778 4218 864 4264 est
896 4210 963 4265 ad
998 4210 1104 4265 hoc
1141 4219 1202 4265 ut
1229 4210 1338 4276 sit,
1369 4217 1581 4265 naturae
1609 4226 1730 4279 qute
1755 4219 1906 4265 caret
1929 4227 2017 4265 ra-

453 4300 605 4359 tione
629 4300 817 4370 largiri
842 4306 1144 4367 rationem;
1170 4316 1296 4355 nam
1323 4310 1603 4371 nunquam
1632 4301 1929 4356 cessaverit
1951 4301 2016 4354 ad

2083 484 2334 544 apertum
2365 475 2635 531 indicium
2662 474 2917 545 perfectae
2945 471 3341 536 imbecillitatis
3371 477 3429 524 et
3452 472 3655 524 mentis

2086 567 2309 635 ignavae.
2344 566 2482 621 Nam
2514 567 2733 623 mulieri
2768 563 2992 635 quidem
3026 569 3112 617 est
3141 559 3561 632 ignoscendum,
3592 569 3653 612 ut

2066 673 2207 733 qua:
2228 657 2399 713 fuerit
2420 669 2679 729 superata
2707 673 2738 713 a
2767 665 3021 727 serpente
3054 654 3301 709 :Adamo
3326 658 3513 707 autem
3539 665 3652 706 non

2086 758 2169 804 est
2197 749 2614 819 ignoscendum,
2638 758 2698 805 ut
2718 748 2815 818 qui
2840 747 3007 802 fuerit
3026 754 3323 815 superatus
3343 760 3376 799 a
3393 741 3651 807 muliere,

2074 855 2214 896 cum
2261 842 2377 921 ipse
2431 841 2487 895 iu
2530 841 2754 911 propria
2804 854 3036 908 persona
3086 853 3116 891 a
3166 838 3280 893 Deo
3335 836 3653 890 mandatum

2089 931 2382 996 acceperit.
2416 930 2553 985 Nam
2596 931 2797 985 mulier
2829 945 2956 983 cum
2990 928 3058 983 ab
3094 927 3302 983 Adsum
3335 927 3653 980 mandatum

2090 1020 2356 1084 audisset,
2409 1020 2485 1075 ita
2512 1021 2616 1075 fuit
2642 1022 2837 1087 adacta
2860 1030 2930 1079 ut
2957 1026 3361 1081 contemneret,
3388 1018 3474 1072 vel
3505 1017 3653 1086 quod

2091 1126 2201 1164 non
2237 1111 2397 1181 digna
2433 1120 2579 1166 esset
2608 1112 2798 1166 habita
2831 1126 2956 1169 cum
2987 1126 3098 1179 qua
3131 1109 3277 1165 Deus
3306 1111 3652 1178 loqueretur.

2090 1202 2174 1255 vel
2212 1212 2272 1257 ut
2302 1219 2423 1273 quin
2452 1203 2593 1257 forte
2624 1203 2908 1257 dubitaret
2934 1209 2991 1256 et
3020 1201 3363 1256 existumaret
3384 1200 3653 1254 Ademtum

2093 1288 2205 1344 hoc‘
2225 1307 2292 1345 ex
2322 1308 2380 1346 se
2406 1292 2455 1345 ei
2487 1291 2804 1349 mandatum
2832 1291 3072 1345 dedisse.
3097 1290 3201 1346 Ubi
3232 1298 3416 1345 autem
3446 1290 3660 1343 invenit

2095 1396 2324 1449 serpens
2351 1397 2469 1437 eam
2498 1398 2745 1441 seorsum
2779 1390 3054 1452 agentem,
3082 1390 3146 1437 ut
3172 1392 3361 1451 posset
3390 1396 3508 1435 eam
3541 1382 3660 1449 pri-

2094 1472 2261 1527 vatim
2287 1472 2515 1542 alloqui,
2536 1488 2652 1529 eam
2676 1482 2779 1528 aut
2795 1473 2991 1529 videns
3013 1472 3390 1531 comedentem
3414 1484 3479 1529 es
3503 1470 3663 1539 lignis

2096 1574 2191 1617 aut
2217 1579 2328 1619 non
2357 1566 2758 1633 comcdcutcm,
2786 1566 2986 1621 obtulit
3006 1565 3194 1623 cibum
3221 1565 3379 1635 ligni.
3401 1564 3469 1623 Et
3488 1563 3663 1632 siqni-

2095 1657 2218 1711 dem
2250 1658 2654 1723 comedentcm,
2679 1666 2764 1711 est
2784 1656 3138 1727 perspicuum
3169 1656 3316 1726 quod
3345 1671 3409 1709 ea
3439 1653 3660 1713 essetin

2096 1763 2327 1817 corpore
2370 1748 2427 1801 in
2468 1748 2616 1818 quod
2657 1749 2805 1804 cadit
2843 1747 3102 1803 interitus
3147 1765 3160 1800 :
3200 1747 3469 1815 quidquid
3513 1745 3660 1801 enim

2098 1840 2268 1893 intrat
2315 1840 2369 1893 in
2415 1855 2497 1904 os,
2532 1839 2684 1894 vadit
2728 1841 2785 1894 in
2836 1855 3135 1901 secessum.
3173 1838 3228 1905 Si
3269 1854 3403 1909 ergo
3444 1839 3500 1893 in
3543 1853 3662 1892 eam

2098 1927 2329 1982 cadebat
2355 1928 2634 1992 interitus,
2658 1939 2743 1984 est
2768 1928 3122 1999 perspicuum
3152 1927 3474 1997 quodessot
3495 1926 3664 1983 etiam

2098 2018 2367 2077 mortalis.
2404 2017 2460 2073 Si
2503 2027 2687 2093 autem
2720 2028 2839 2074 erat
2870 2019 3152 2083 mortalis,
3182 2033 3293 2073 non
3326 2025 3446 2072 erat
3477 2016 3668 2085 ntiqua

2099 2110 2435 2174 exsecratio,
2467 2125 2646 2180 neque
2689 2111 2978 2179 sententia:
3014 2110 3391 2180 pronuntiatio
3427 2122 3535 2162 vox
3576 2107 3668 2162 illa

2101 2201 2195 2256 Dei
2226 2201 2414 2259 dicens
2447 2204 2655 2259 homini
2693 2222 2705 2257 :
2735 2203 2896 2259 Terra
2929 2194 3004 2269 es,
3035 2214 3083 2257 et
3116 2206 3170 2257 in
3205 2211 3405 2261 terram
3438 2209 3667 2261 reverte-

2104 2276 2176 2345 ris
2198 2291 2243 2324 θ’
2274 2311 2286 2344 :
2325 2293 2469 2347 sicut
2497 2296 2663 2347 etiam
2689 2292 2863 2348 habet
2891 2308 3073 2348 rerum
3104 2293 3327 2347 veritas.
3359 2289 3454 2349 Sin
3486 2298 3667 2351 autem

2106 2397 2295 2438 rursus
2318 2398 2428 2437 non
2457 2383 2838 2440 eomedcntem
2865 2400 3095 2455 serpens
3124 2383 3340 2454 aspexit
3360 2382 3669 2445 mulierem.

2106 2476 2384 2551 quomodo
2419 2476 2666 2530 traduxit
2696 2477 2761 2532 ad
2790 2476 3196 2535 comedendum
3226 2491 3345 2531 eam
3375 2491 3497 2546 qua:
3527 2490 3674 2537 nun-,-

2102 2558 2266 2631 quam
2297 2563 2640 2618 comederat?

2176 2673 2312 2740 Quis
2341 2684 2522 2731 autem
2552 2676 2685 2731 huic
2713 2692 2933 2746 quoque
2960 2686 3198 2733 cruento
3232 2679 3523 2735 homicida
3555 2694 3675 2735 ser-

2107 2766 2259 2835 penti
2298 2765 2582 2829 indicavit,
2641 2767 2787 2837 quod
2839 2784 2962 2837 qua:
3000 2768 3107 2823 lata
3144 2778 3231 2824 est
3264 2786 3298 2823 a
3337 2770 3451 2825 Deo
3486 2772 3547 2824 in
3582 2783 3689 2824 eos

2110 2857 2307 2911 mortis
2351 2857 2653 2920 sententia,
2691 2873 2803 2912 non
2843 2868 3077 2915 ventura
3123 2860 3196 2915 sit
3240 2859 3308 2914 ad
3356 2859 3553 2925 ﬁnem,
3584 2861 3678 2929 qui

2111 2946 2248 3000 dixit
2286 2965 2298 2999 :
2338 2945 2449 3012 Quo
2480 2957 2654 3002 autem
2681 2949 2765 3003 die
2792 2948 3141 3014 comederitis,
3168 2958 3341 3005 mora
3364 2952 3677 3007 moriemini.

1449 3046 1460 3083 :
1503 3030 1691 3082 nescio
1737 3026 2011 3097 quomodo
2039 3056 2079 3111 ε
2112 3040 2225 3097 Nec
2278 3039 2385 3094 hoc
2430 3042 2638 3107 solum,
2675 3040 2770 3096 sed
2817 3042 2987 3099 etiam
3035 3057 3175 3098 cum.
3203 3057 3275 3098 eo
3316 3043 3683 3112 quod-morte

2116 3132 2414 3195 carebunt,
2444 3148 2638 3187 eorum
2684 3133 3007 3203 aperientur
3043 3136 3191 3191 oculi
3234 3136 3335 3204 qui
3369 3135 3529 3205 prius
3572 3150 3680 3190 non

2119 3231 2268 3277 recte
2295 3222 2578 3287 videbant,
2604 3239 2669 3279 ea
2704 3233 2886 3279 autem
2919 3240 3039 3294 qum
3069 3226 3274 3281 dicitur
3303 3227 3587 3294 apertione
3617 3226 3682 3282 ad

2119 3324 2353 3370 mortem
2376 3316 2647 3372 dederunt
2672 3318 2916 3375 aditum?
2946 3319 3084 3375 Cum
3116 3321 3557 3395 prteccdentibns
3582 3336 3683 3376 au-

2119 3414 2227 3460 tem
2266 3406 2708 3465 dubitationibus
2750 3409 2867 3469 hac
2900 3416 3124 3480 quoque
3163 3412 3508 3480 coniungam.
3532 3411 3683 3479 Quo-

2120 3499 2283 3553 modo
2325 3501 2556 3556 rationis
2586 3510 2872 3570 experset
2900 3502 3015 3557 fera
3048 3502 3223 3558 bestia
3258 3502 3470 3557 audivit
3494 3516 3685 3558 vocem

2124 3589 2239 3651 Dei,
2273 3590 2494 3659 quando
2532 3592 2581 3646 ei
2624 3592 2954 3646 horrendam
2996 3593 3193 3649 omitus
3231 3601 3317 3647 est
3353 3594 3685 3647 exsecratio-

2123 3696 2268 3753 nem,
2305 3694 2469 3748 quam
2510 3681 2789 3749 accipiens
2819 3681 3042 3737 videtur
3078 3682 3134 3735 in
3170 3697 3268 3737 sua
3305 3696 3541 3751 persona
3576 3681 3688 3737 Deo

2122 3769 2383 3830 astitisse,
2457 3771 2735 3840 siquidem,
2789 3781 2938 3826 recte
2983 3770 3121 3825 dicit
3161 3787 3265 3825 vox
3310 3771 3620 3842 theologica
3671 3790 3683 3825 :

2121 3857 2289 3912 Deum
2346 3876 2497 3913 nemo
2550 3860 2677 3914 vidit
2724 3876 2962 3931 tanquam
2986 3860 3082 3925 "',
3127 3874 3305 3928 neque
3352 3858 3451 3915 Dei
3496 3873 3688 3915 vocem

2124 3936 2274 4001 auris
2308 3948 2526 4018 excepit
2554 3947 2879 4017 corporalis,
2906 3954 3002 4002 aut
3032 3962 3273 4016 unquam
3305 3947 3548 4003 audivit?
3576 3946 3690 4002 Hoc

2124 4039 2270 4093 enim
2305 4054 2371 4093 ex
2399 4055 2533 4095 voce
2563 4039 2778 4094 Domini
2815 4039 2871 4093 in
2904 4024 3217 4110 Evangeliis
3247 4031 3457 4095 omnes"
3472 4040 3689 4108 accepi-

2125 4145 2268 4183 mus.
2294 4129 2505 4185 Rursus
2536 4145 2667 4200 ergo
2697 4130 2765 4185 ad
2796 4143 2883 4185 me
2908 4130 3057 4194 veni,
3089 4144 3123 4183 ο
3157 4129 3255 4194 illi,
3279 4128 3483 4199 jubens
3510 4130 3692 4185 valere

2125 4221 2364 4276 litteram
2392 4236 2516 4291 quae
2545 4221 2750 4277 occidit
2780 4239 2792 4275 :
2822 4229 2878 4276 et
2905 4237 3156 4291 quaenam
3187 4221 3271 4290 (re
3294 4220 3517 4290 quidem
3548 4219 3691 4290 ιβιδ)

2127 4310 2294 4365 fuerit
2329 4310 2425 4365 Dei
2467 4310 2716 4379 operatio
2753 4310 2820 4365 de
2858 4318 3115 4379 serpente
3148 4310 3246 4379 qui
3282 4310 3508 4373 dicitur,
3534 4316 3593 4364 et
3624 4309 3692 4364 de

453 4389 702 4447 fraudem
741 4407 840 4461 per
866 4400 1153 4462 serpentes
1178 4405 1235 4448 et
1261 4393 1466 4446 bestias
1490 4401 1547 4446 et
1574 4394 1824 4447 volucres
1863 4393 2017 4462 loqui
2056 4402 2094 4453 ί)
2123 4401 2274 4470 ligno
2305 4410 2361 4454 et
2391 4400 2644 4463 muliere,
2676 4411 2732 4457 et
2761 4401 3040 4469 quomodo
3070 4416 3130 4455 se
3159 4400 3362 4456 habeat
3392 4410 3615 4464 natura,
3636 4410 3695 4453 et

454 4497 579 4537 cum
624 4484 942 4540 hominibus
983 4495 1040 4541 et
1076 4496 1175 4540 eos
1216 4485 1494 4555 decipere.
1526 4487 1680 4543 Unde
1724 4497 1929 4549 autem,
1964 4496 2021 4542 et

454 4587 579 4628 cum
617 4583 768 4629 esset
800 4577 1000 4640 bestia,
1032 4576 1243 4630 audivit
1277 4578 1594 4633 mandatum
1633 4577 1780 4647 quod
1818 4594 1849 4633 a
1887 4579 2021 4641 Deo,

453 4666 665 4720 homini
709 4677 766 4722 et
802 4669 926 4731 soli,
956 4662 1183 4739 mystice
1217 4669 1405 4723 datum
1444 4678 1529 4725 est
1577 4688 1590 4724 :
1634 4685 1874 4724 eumne
1917 4670 2024 4725 hoc

457 4757 680 4825 quidem
714 4757 827 4826 ipsa
856 4757 1142 4812 didicisset
1165 4757 1393 4813 mulier?
1416 4757 1531 4813 Cur
1556 4769 1737 4813 autem
1774 4774 1883 4813 non
1918 4774 2020 4828 po-

459 4848 569 4902 tius
590 4848 869 4903 hominem
895 4865 1058 4918 quam
1082 4852 1255 4918 ipsam
1280 4863 1571 4921 aggressus
1593 4860 1678 4906 est
1698 4842 2024 4905 mulierem?

457 4938 617 5005 Quod
659 4940 706 4994 si
745 4940 880 4994 mihi
920 4941 1127 4996 dixeris
1165 4942 1325 5011 quod'
1354 4941 1421 4995 ad
1462 4957 1584 4995 eam
1629 4942 1926 4997 accesserit
1966 4951 2029 4995 ut

458 5047 585 5107 quae
622 5040 768 5087 esset
805 5033 1155 5099 imbecillior,
1216 5040 1405 5089 contra
1432 5022 1639 5087 ‘fortior
1681 5049 1745 5088 ac
1789 5032 2027 5093 virilior,

461 5132 724 5192 taxiquam
769 5124 1007 5194 adiutrix
1040 5120 1282 5180 hominis
1325 5118 1582 5195 apparuit
1624 5124 1680 5178 in
1726 5134 2029 5195 transgres-

460 5206 621 5274 sione
642 5219 922 5275 ‘mandati.
954 5221 1073 5290 Ipsa
1108 5222 1255 5276 enim
1287 5228 1343 5277 et
1371 5221 1487 5275 sola
1524 5221 1733 5275 resistit
1763 5220 2027 5288 serpenti,

461 5316 515 5364 el
548 5324 676 5364 cum
705 5311 938 5380 quadam
973 5313 1283 5381 objections
1316 5320 1372 5366 et
1402 5312 1758 5366 contentione
1794 5309 2032 5382 (callidi-

465 5408 578 5456 tate
611 5403 889 5474 superata)
922 5403 1161 5458 comedit
1185 5418 1251 5458 ex
1280 5404 1458 5479 ligno;
1489 5404 1659 5458 Adam
1694 5413 1874 5458 autem
1908 5420 2033 5462 cum

463 5491 607 5549 nihil
641 5493 869 5549 omnino
898 5494 1264 5566 depugnasset
1295 5505 1390 5550 aut
1424 5496 1880 5564 contradizisset,
1912 5496 2033 5552 fru—

539 5672 585 5705 θ’
606 5669 742 5728 Gen.
770 5690 842 5735 ιιι,
868 5674 950 5728 19.
1028 5676 1273 5731 "’Joan.
1298 5695 1334 5744 ι,
1362 5679 1445 5735 i8.
1524 5681 1539 5712 ¹
1563 5680 1749 5734 Matth.
1775 5692 1884 5746 xm,
1915 5680 1993 5733 l2.

2125 4489 2403 4560 quomodo
2437 4506 2526 4545 res
2558 4497 2712 4561 gesta
2742 4492 2814 4545 sit
2841 4491 2910 4545 ab
2946 4492 3125 4555 initio,
3156 4490 3577 4560 relinquendum
3613 4500 3697 4546 est

2126 4581 2227 4635 soli
2274 4581 2405 4647 Deo,
2435 4582 2529 4651 qui
2573 4598 2638 4637 ea
2686 4590 2742 4637 et
2787 4582 2920 4637 fecit
2960 4591 3021 4637 et
3062 4584 3228 4648 dixit,
3262 4590 3320 4638 et
3358 4582 3531 4637 novit.
3561 4580 3698 4647 Quae

2128 4684 2310 4730 autem
2341 4674 2515 4729 divini
2553 4674 2885 4744 interpretes
2917 4676 2986 4731 de
3021 4676 3109 4730 his
3141 4683 3270 4730 sunt
3303 4672 3698 4745 philosophati.

2127 4774 2184 4821 et
2233 4767 2629 4836 quomodoxde
2673 4767 2895 4823 Christo
2942 4777 2997 4822 et
3038 4768 3288 4824 Ecclesia
3335 4766 3596 4837 praeclare
3645 4776 3699 4821 et
3774 4783 3782 4806 μ’

2130 4859 2534 4915 admirabiliter
2566 4859 2793 4915 fuerunt
2820 4860 3187 4931 praeﬁgurata,
3215 4858 3393 4916 dicam
3425 4858 3601 4913 fretus
3632 4858 3701 4911 iis

2133 4950 2226 5023 qui
2256 4951 2514 5006 dixerunt
2538 4971 2551 5006 :
2577 4951 2679 5017 Qui
2707 4959 2882 5007 autem
2900 4961 3067 5024 potest
3097 4968 3305 5022 capere,
3331 4950 3507 5020 capiat
3534 4952 3580 5014 ‘;
3604 4956 3661 5005 et
3685 4966 3697 4999 :

2135 5041 2236 5109 Qui
2267 5043 2418 5096 habet
2455 5042 2630 5099 sancti
2669 5041 2909 5111 Spiritus
2948 5059 3107 5098 aures
3140 5041 3420 5103 audiendi,
3451 5038 3634 5094 audiat
3658 5040 3697 5090 ².

2134 5134 2245 5188 Res
2270 5134 2519 5204 quaedam
2539 5142 2713 5188 artem
2730 5148 2954 5190 omnem
2980 5147 3274 5205 superans.
3294 5140 3350 5187 et
3369 5132 3479 5186 Deo
3502 5144 3701 5199 prope-

2135 5224 2358 5279 modum
2409 5224 2611 5279 similis
2655 5225 3047 5294 informisque,
3078 5232 3134 5277 et
3174 5238 3284 5277 non
3328 5218 3703 5276 matcrialibus

2136 5316 2401 5371 membris
2431 5314 2728 5371 ined‘abilis
2761 5314 3117 5386 pulchritudo
3141 5329 3260 5382 quae
3287 5312 3354 5366 ad
3385 5310 3477 5365 Dei
3512 5307 3701 5374 imagi-

2137 5420 2266 5461 nem
2295 5406 2439 5460 l‘acta
2471 5406 2578 5460 fuit
2604 5414 2790 5462 nostra
2822 5405 3000 5459 anima
3031 5402 3242 5457 ratione
3266 5398 3490 5471 prazdita
3506 5404 3574 5451 et
3596 5399 3702 5451 imo

2139 5497 2410 5561 mortalis,
2438 5514 2466 5551 a
2489 5496 2935 5568 superessentiali
2963 5493 3226 5557 essentia,
3251 5491 3444 5548 cﬂ'ccta
3467 5490 3711 5544 essentia

2074 5682 2092 5710 ’
2116 5679 2307 5741 )iatth.
2334 5693 2447 5742 χιιι,
2474 5677 2526 5730 9.
