4056 6148
1424 232 1451 237 -ν
1462 232 1515 239 -,..

461 267 598 340 1015

1658 298 1733 359 s._
1757 296 2156 363 ANAS’I‘ASII
2191 265 2517 373 smnus

3566 314 3694 385 1016

456 402 678 497 (δι-ηπ
716 394 977 497 θεῆθηιίξν
1002 409 1220 470 summa
1257 411 1396 457 θτθῑ·
1427 405 1643 462 Rursus
1678 418 1800 465 erat
1835 410 2033 467 simili-
2061 419 2104 475 Α
2136 434 2283 476 rans.
2313 422 2372 477 ld
2410 433 2645 482 testatur
2670 428 2807 484 Abel
2842 412 2983 486 dona
3016 431 3128 487 Deo
3159 410 3429 497 oll‘erens;
3461 429 3690 488 Lameeb

457 481 623 547 tudo,
665 490 723 537 et
768 485 1155 555 simulacrum,
1194 500 1252 547 et
1293 508 1360 548 ex
1406 495 1641 553 adverso
1689 503 2031 571 respondens

456 574 720 643 splendor
767 576 1018 634 informis
1072 581 1343 652 idearum,
1397 588 1666 659 principis
1719 601 1776 647 et
1827 592 2030 651 formas

453 663 706 720 facientis
723 667 1024 724 Deidivino
1040 671 1211 727 factas
1230 687 1480 733 munere.
1492 676 1619 735 Haec
1635 697 1765 753 ergo
1779 692 1835 738 et
1851 684 2029 757 imago

455 763 508 811 et
537 755 846 813 similitudo
871 761 991 830 ejus
1017 763 1109 831 qui
1137 774 1221 819 est
1246 782 1413 836 super
1435 769 1726 842 imaginem
1752 784 1808 829 et
1835 755 2030 831 simili-

455 844 736 938 tudinem,
769 855 837 901 et
864 852 1125 920 apparuit
1160 863 1217 909 et
1254 855 1365 910 fuit
1396 862 1688 930 appellata.
1720 863 1896 931 Quam
1931 869 2027 938 qui

452 935 662 993 dicitur
705 954 967 1010 serpens,
1001 951 1061 997 ut
1110 945 1429 1019 intelligens
1475 952 1868 1026 intelligentia,
1900 935 2026 1014 eum

450 1030 683 1087 vidisset
727 1032 1135 1106 intelligentenr
1184 1040 1390 1096 nudam
1438 1051 1694 1114 tanquam
1745 1036 2025 1120 reginam,

452 1130 586 1178 tunc
636 1124 945 1211 virginem,
1007 1140 1241 1199 puram,
1294 1133 1595 1202 intactam,
1650 1138 2026 1211 incorruptam

444 1216 818 1285 juvencul'am,
850 1208 945 1274 Dei
983 1232 1262 1290 sponsam,
1294 1239 1498 1281 corona
1530 1227 1842 1286 redimitam
1877 1208 2025 1298 itan-

448 1322 613 1377 quam
645 1311 700 1363 in
731 1311 971 1379 quodam
1004 1313 1269 1387 thalamo)
1300 1316 1490 1372 divino
1520 1332 1708 1375 amore
1745 1323 2024 1392 stipatam,

451 1400 505 1454 in
550 1403 783 1471 myStico
825 1419 1028 1460 arcano
1073 1415 1141 1461 et.
1170 1408 1259 1462 eui
1309 1425 1419 1464 non
1466 1421 1551 1467 est
1594 1412 1681 1467 vir
1723 1409 2023 1484 admistus,

448 1494 684 1562 paradisi
730 1496 989 1552 cubiculo
1036 1491 1369 1556 residentem
1418 1521 1431 1556 :
1480 1518 1607 1558 cum
1648 1515 1796 1561 esset
1839 1506 2027 1563 infelix

445 1587 867 1655 exterminatus,
895 1597 952 1645 et
984 1590 1054 1645 ab
1086 1591 1285 1647 axibus
1321 1594 1638 1651 caelestibus
1676 1599 2022 1655 exturbatus.

444 1676 740 1750 Postquam
776 1681 858 1736 sic
884 1681 1026 1736 vidit
1056 1683 1288 1739 formam
1321 1695 1378 1741 et
1407 1680 1662 1742 naturam
1693 1698 1936 1745 nostram
1968 1700 2025 1748 et

447 1768 654 1826 divinis
693 1773 957 1828 manibus
991 1773 1300 1840 formatam,
1330 1789 1389 1840 et
1428 1777 1616 1832 divino
1654 1778 1864 1851 Spiritu
1902 1781 2024 1835 ani-
2054 1754 2097 1808 Β

447 1870 673 1927 matam,
696 1871 753 1917 et
774 1864 1046 1919 universae
1074 1879 1197 1934 qua:
1219 1875 1305 1921 est
1326 1866 1431 1921 sub
1454 1866 1569 1924 sole
1595 1879 1864 1925 creatura:
1886 1873 2027 1943 regi-

447 1966 573 2007 nam
605 1954 960 2011 constitutam
990 1970 1010 2009 :
1036 1970 1145 2009 non
1171 1956 1355 2012 ferens
1384 1959 1613 2032 honoris
1637 1963 1810 2018 nostri
1837 1963 2026 2018 altitun

449 2044 660 2110 dinem,
691 2046 983 2101 temulatus
1014 2053 1101 2101 est
1130 2049 1454 2115 sceleratus,
1486 2047 1704 2118 invidit,
1735 2066 1939 2124 angore
1969 2058 2026 2109 et

448 2136 641 2201 dolore
683 2145 767 2192 est
803 2135 1056 2203 allectus,
1086 2140 1298 2210 stupuit
1334 2151 1391 2196 et
1432 2136 1737 2199 admiratus
1776 2152 1861 2200 est
1898 2146 2023 2216 pul-

449 2228 843 2295 chritudinem,
875 2232 1104 2302 gloriam
1128 2273 1142 2297 ,
1185 2240 1536 2303 potestatem,
1594 2236 1877 2304 virtutem,
1908 2236 2023 2293 for-

450 2334 625 2387 mam,
657 2321 769 2378 Deo
799 2323 1040 2381 similem
1070 2326 1337 2382 visionem
1380 2337 1436 2382 et
1467 2327 1744 2385 decorem.
1774 2330 2023 2402 Cumque

447 2414 633 2470 omnia
680 2417 996 2485 speculatus
1040 2427 1190 2475 esset
1237 2435 1301 2476 ac
1345 2421 1667 2489 lustrasset,
1704 2430 1766 2477 ut
1812 2423 1905 2494 qui
1950 2425 2025 2481 sit

451 2505 611 2561 simul
659 2515 717 2561 et
757 2507 1031 2579 malignus
1077 2518 1132 2565 et
1184 2511 1435 2587 invidus,
1472 2513 1666 2569 fraude
1708 2531 1807 2569 sua
1850 2516 2023 2570 valuit

449 2597 734 2653 mulierem
767 2614 799 2652 a
829 2600 950 2655 viro
981 2602 1267 2668 seducere,
1299 2616 1531 2675 eamque
1565 2622 1689 2660 cum
1720 2606 2023 2677 accepisset

447 2699 698 2742 seorsum
743 2698 994 2760 agentem
1043 2705 1108 2747 ac
1154 2701 1495 2764 separatam,
1543 2695 1759 2767 decepit
1804 2714 1819 2751 τ
1866 2710 2022 2768 spem

445 2794 642 2834 vanam
690 2790 748 2835 et
788 2780 1015 2837 inanem
1057 2784 1108 2839 ei
1154 2799 1488 2857 suggerens,
1528 2787 1673 2843 sicut
1710 2790 1822 2859 jam
1868 2782 2020 2860 prius

448 2868 583 2923 dixi.
610 2868 950 2940 Suggercbat
973 2874 1120 2928 enim
1150 2874 1268 2930 fore
1298 2884 1358 2930 ut
1387 2893 1487 2947 per
1514 2894 1670 2934 esum
1701 2881 1901 2936 mulier
1926 2881 2022 2938 tie-

447 2969 534 3015 ret
558 2960 682 3026 dea,
708 2971 769 3016 ut
795 2978 919 3032 quae
946 2967 1204 3022 evaderet
1230 2969 1342 3023 Deo
1368 2969 1564 3025 similis
1591 2982 1648 3026 et
1677 2974 1878 3028 collum
1910 2991 2020 3031 non

445 3053 683 3122 amplius
722 3052 967 3110 flecteret
1005 3057 1073 3111 ad
1117 3058 1289 3113 Deum
1333 3061 1671 3117 adorandum

443 3143 558 3198 Deo
596 3153 764 3210 esset,
792 3160 1131 3217 cognoscens
1172 3149 1359 3205 omnia
1401 3151 1544 3207 bona
1585 3163 1641 3210 et
1680 3155 1847 3223 mala,
1875 3159 2020 3216 sicut

443 3233 608 3290 Deus.

513 3326 625 3382 Hac
646 3340 742 3397 spe
767 3327 914 3384 inani
939 3330 1335 3400 phantasticam
1361 3331 1608 3394 mulieris
1633 3328 1828 3397 anima:
1850 3339 2018 3398 facul-

440 3424 608 3473 tatem
630 3418 688 3472 in
713 3419 891 3475 altum
904 3423 1257 3481 extollensac
1275 3428 1634 3499 suspendens,
1660 3448 1779 3487 eam
1797 3433 2018 3507 decepit

442 3520 500 3567 et
526 3509 583 3565 in
618 3524 863 3567 errorem
906 3515 1140 3573 induxit.
1164 3519 1446 3577 Mulierem
1484 3534 1666 3580 autem
1706 3541 1854 3583 nunc
1891 3528 2015 3585 dico

443 3602 613 3659 Evam
654 3621 667 3658 :
707 3616 1020 3676 serpentem
1054 3618 1238 3667 autem
1276 3629 1402 3668 eum
1436 3616 1529 3686 qui
1565 3617 1768 3674 dicitur
1795 3622 2016 3690 sapien-

444 3693 554 3749 tior
580 3697 842 3767 omnibus
868 3713 991 3769 quae
1020 3700 1159 3765 fecit
1178 3704 1442 3762 Dominus
1467 3708 1632 3773 Deus,
1658 3725 1779 3780 quae
1805 3721 1933 3766 sunt
1959 3712 2014 3768 in

443 3795 610 3852 terra,
634 3789 730 3844 sed
762 3804 873 3847 non
902 3792 1068 3847 etiam
1098 3807 1220 3864 quae
1245 3796 1301 3850 in
1331 3799 1509 3854 cmlis.
1539 3800 1666 3856 Hmc
1693 3802 1828 3857 mihi
1858 3803 2016 3859 intel-

440 3878 678 3949 ligantur
711 3893 1085 3953 congruenter
1114 3884 1309 3944 litterae
1338 3890 1446 3945 veli
1478 3893 1773 3949 exterioris
1803 3904 1860 3949 et
1888 3910 2013 3950 cor-

437 3971 589 4038 poris
648 3971 980 4059 Scripturaa,
1025 3991 1097 4033 ne
1153 3980 1337 4048 porcis
1388 3990 1446 4038 et
1501 3984 2014 4059 cauibusinempe

439 4048 761 4118 hominibus
785 4064 881 4133 qui
906 4065 1254 4124 delectantur
1274 4048 2014 4149 vitnperationibus)‘,dlemus

434 4165 628 4205 ansam
662 4166 679 4206 :
712 4151 806 4223 qui
839 4153 1029 4209 dicunt
1063 4156 1178 4213 haec
1212 4172 1323 4214 non
1356 4160 1474 4216 fieri
1509 4163 1578 4221 ad
1614 4161 1873 4221 litteram.
1907 4167 2012 4236 Qui

433 4249 621 4297 autem
661 4257 695 4298 α
735 4244 907 4301 Paulo
951 4255 1082 4302 sunt
1124 4250 1351 4315 eruditi,
1382 4252 1477 4321 qui
1523 4253 1591 4307 ad
1631 4252 1912 4312 Christutn
1955 4266 2013 4316 et

435 4333 739 4389 Ecclesiam
796 4338 1012 4394 reducit
1058 4342 1243 4396 omnia
1298 4359 1421 4413 quae
1471 4356 1602 4399 sunt
1650 4346 1704 4401 in
1758 4348 1911 4419 lege,
1954 4358 2013 4407 et

433 4427 668 4482 maxime
693 4443 815 4498 quae
845 4431 1049 4500 scripta
1074 4443 1203 4487 sunt
1226 4433 1294 4488 de
1318 4435 1528 4491 Adamo
1552 4446 1607 4491 et
1631 4439 1765 4504 Eva,
1792 4457 2012 4512 compa-
2042 4425 2086 4481 Ῑ)

433 4528 557 4570 rent
579 4517 888 4586 spiritualia
916 4536 1041 4574 cum
1067 4523 1482 4592 spiritualibus;
1508 4529 1595 4583 lex
1620 4528 1765 4585 enim
1792 4542 1878 4587 est
1900 4535 2012 4604 spi-

433 4609 709 4663 ritualis'.
739 4611 1095 4681 Perspicuum
1138 4624 1227 4670 est
1265 4627 1448 4674 autem
1491 4623 1640 4690 quod
1680 4624 1845 4680 etiam
1888 4644 2010 4697 quae

433 4706 563 4777 sunt
599 4700 653 4754 in
693 4702 843 4771 lege,
885 4707 1068 4760 omnia
1112 4708 1269 4778 prius
1289 4720 1431 4779 sunt
1461 4713 1734 4785 descripta
1769 4732 1833 4771 ac
1870 4734 2008 4788 prae-

435 4791 664 4861 ﬁgurata
720 4793 789 4848 de
844 4794 1088 4854 Christo.
1136 4796 1278 4873 Ergo
1317 4811 1373 4858 ct
1401 4804 1708 4874 paradisus,
1744 4819 1800 4864 et
1838 4810 2004 4881 ligna,

434 4892 491 4938 et
518 4884 751 4952 fructus,
781 4898 836 4943 et
866 4889 1130 4957 Adamus,
1166 4904 1222 4950 et
1257 4898 1477 4969 mulier,
1500 4896 1646 4955 ctad
1669 4903 1788 4956 eam
1820 4918 2006 4959 acces-

433 4991 546 5039 sus,
575 4984 629 5031 et
665 4979 734 5033 de
776 4980 890 5049 ipsa
932 4983 1183 5051 victoria,
1212 4987 1268 5043 et
1303 5004 1551 5059 serpens,
1579 5000 1636 5046 et
1676 4994 1852 5059 cibus,
1885 5004 2008 5065 post

434 5067 718 5124 historiam
749 5087 872 5142 quae
901 5084 983 5129 est
1010 5077 1077 5131 ad
1106 5078 1369 5143 litteram,
1397 5082 1465 5138 de
1493 5082 1713 5138 Christo
1740 5096 1796 5141 et
1819 5071 2008 5147 EccleQ

431 5160 511 5214 sia
545 5164 891 5235 praeﬁgurata
918 5166 1147 5223 fuerunt
1170 5180 1225 5226 et
1254 5173 1579 5230 adumbrata
1612 5176 1668 5231 in
1698 5176 2003 5250 Scriptura.

432 5250 566 5308 Nam
596 5256 837 5311 lnnnana
866 5261 1088 5328 quidem
1120 5263 1418 5332 aliquando
1442 5278 1639 5327 natura
1667 5270 1879 5328 eratab
1908 5274 2011 5337 ini-

431 5346 508 5399 tio
529 5349 699 5403 veluti
728 5345 820 5404 Dei
844 5350 1003 5420 9n
1029 5356 1251 5425 conjux,
1270 5372 1396 5411 eum
1421 5376 1725 5431 agnoscens
1746 5375 1803 5420 et
1823 5368 2011 5424 colens

429 5446 486 5492 et
522 5440 594 5494 ab
634 5456 702 5496 eo
746 5443 1151 5514 inseparabilis,
1194 5457 1450 5520 tanquam
1496 5440 1607 5509 Eva
1645 5472 1767 5525 qua:
1806 5459 2011 5516 dicitur

433 5529 629 5585 mulier
650 5541 707 5585 ct
733 5548 870 5586 uxor
897 5536 1245 5605 protoplasti,
1274 5540 1444 5596 Deum
1480 5543 1763 5603 individue
1793 5532 2010 5604 deside-

2131 508 2299 586 (sicut
2328 517 2522 587 Adam)
2554 519 2622 575 de
2650 519 2872 577 Christo
2904 531 3161 593 tanquam
3196 524 3465 594 propheta
3500 524 3692 593 ιιι-αξόί-

2130 620 2297 673 cens;
2325 601 2482 674 Seth,
2513 610 2635 680 ejus
2664 611 2956 681 imaginem
2987 613 3082 681 qui
3115 613 3500 684 ad'imaginem
3524 612 3695 670 factus

2129 701 2269 764 erat,
2321 712 2624 767 renovans;
2658 702 2827 768 Enos,
2855 704 2950 775 qui
2997 706 3167 775 coepit
3214 705 3472 761 invocare
3500 721 3694 762 nomen

2132 790 2383 858 Domini;
2418 784 2628 858 Enoch,
2659 795 2753 863 qui
2788 796 3002 864 primus
3033 807 3288 866 tanquam
3330 797 3443 851 Deo
3480 797 3696 867 placens

2127 882 2283 951 prius
2319 883 2613 954 descripsit
2653 899 2718 939 ac
2759 886 3014 956 figuravit
3052 887 3550 951 resurrectionem,
3594 888 3698 942 im—

2128 974 2376 1027 mortalis
2423 974 2654 1030 etfecms
2701 983 2759 1030 et
2800 991 2829 1030 a
2876 976 2990 1048 Deo
3038 977 3367 1043 translatus;
3400 977 3696 1035 Mathusala

2126 1063 2316 1117 Enoch
2350 1064 2527 1130 ﬁlius;
2562 1064 2800 1119 Lameeb
2829 1067 2952 1134 ejus
2980 1081 3154 1135 nepos
3175 1100 3193 1132 ,~
3223 1069 3319 1137 qui
3357 1069 3551 1139 genuit
3586 1070 3695 1125 Noe

2125 1149 2329 1207 Christi
2371 1152 2621 1224 ﬁguram,
2660 1163 2716 1209 et
2756 1155 2896 1210 dixit
2937 1174 2951 1209 :
2987 1156 3094 1211 Iste
3132 1174 3230 1213 nos
3265 1159 3419 1229 faciet
3440 1162 3697 1230 quiescere

2128 1247 2191 1299 ab
2223 1248 2461 1315 operibus
2490 1256 2539 1300 et
2569 1248 2926 1324 afﬂictionibus
2956 1252 3169 1313 nostris,
3198 1261 3246 1304 et
3271 1247 3315 1308 ἀ
3355 1260 3501 1307 terra
3541 1270 3698 1324 quam

2127 1344 2424 1391 exsecratus
2468 1322 2841 1393 est.1)ominus
2886 1339 3102 1415 Deus‘;
3138 1341 3277 1406 Noe,
3309 1358 3475 1411 quem
3520 1344 3697 1417 virum

2125 1440 2249 1484 esse
2276 1426 2579 1498 perfectum
2608 1438 2664 1485 et
2686 1431 2898 1501 justum
2926 1439 3160 1496 testatus
3183 1441 3269 1488 est
3291 1434 3579 1500 Dominus,
3606 1436 3699 1504 qui

2125 1521 2291 1579 etiam
2318 1536 2444 1576 eum
2476 1522 2734 1591 placavit,
2763 1538 2834 1578 ne
2858 1532 3033 1579 totum
3051 1525 3214 1582 simul
3249 1526 3502 1582 interiret
3526 1543 3699 1599 genus

2127 1613 2451 1667 humanum.
2479 1610 2550 1669 Ut
2575 1616 2741 1669 etiam
2773 1615 2906 1671 fecit
2933 1617 3220 1683 Dominus,
3248 1627 3506 1688 tanquam
3536 1619 3699 1675 homo

2126 1705 2346 1761 Patrem
2378 1705 2743 1761 reconcilians
2767 1722 2870 1777 pro
2893 1708 3233 1764 hominibus.

2192 1796 2448 1864 Quandiu
2474 1797 2695 1869 quidem
2724 1801 2860 1853 tales
2885 1800 3079 1861 habuit
3104 1801 3246 1855 ﬁlios
3271 1809 3326 1856 et
3347 1789 3702 1870 fructusque

2126 1891 2328 1946 dicitur
2342 1889 2535 1977 Adami
2560 1880 2803 1945 humana
2819 1888 3087 1955 Ecclesia,
3106 1893 3424 1977 priusquam
3442 1900 3703 1962 eorrtnpta

2124 1996 2269 2042 esset
2305 1995 2447 2041 terra
2468 1972 2892 2064 abidololatria,
2911 1985 3141 2059 libidine
3174 2001 3239 2041 ac
3272 1972 3508 2051 luxuria,
3534 1995 3592 2043 et
3622 1987 3705 2042 iu-

2125 2093 2252 2133 rore
2280 2078 2352 2137 in,
2386 2078 2619 2132 feminas
2647 2095 2661 2131 :
2702 2092 2896 2143 revera
2942 2093 3067 2133 cum
3096 2078 3219 2133 viro
3253 2094 3352 2133 suo
3398 2087 3522 2135 erat
3554 2078 3703 2133 nuda

2123 2169 2236 2224 Deo
2261 2187 2274 2223 :
2307 2184 2485 2239 neque
2514 2167 2676 2223 ambo
2705 2169 3127 2237 erubescebant,
3155 2168 3250 2224 sed
3281 2169 3454 2224 libere
3477 2185 3544 2225 ac
3570 2185 3705 2225 con—

2125 2259 2357 2315 fidenter
2389 2260 2444 2314 in
2479 2260 2651 2314 Deum
2677 2269 2800 2314 erat
2829 2258 3044 2324 aliecta,
3081 2268 3144 2314 ut
3178 2275 3301 2330 quae
3330 2268 3558 2329 peccato
3589 2275 3707 2315 non.

2122 2358 2269 2407 esset
2301 2351 2558 2406 obnoxia.
2596 2350 2669 2405 Ea
2703 2366 2834 2421 ergo
2862 2339 2944 2418 sic
2973 2350 3168 2406 aﬂ'ecta
3210 2361 3266 2407 et
3307 2352 3525 2407 laetante
3570 2368 3702 2408 cum

2121 2444 2242 2499 viro
2276 2459 2398 2505 suo,
2434 2443 2787 2498 aemulatione
2831 2450 3014 2498 motus
3057 2443 3125 2498 ad
3155 2458 3275 2498 eam
3318 2444 3703 2513 accessitser-

2120 2549 2276 2606 pens.
2312 2532 2635 2604 Serpentem
2669 2543 2854 2589 autem
2905 2534 3162 2601 audiens,
3186 2586 3189 2589 .
3212 2551 3312 2604 per
3349 2526 3702 2604 eorpOraletn

2120 2634 2465 2699 serpentem,
2520 2623 2764 2694 intellige
2812 2624 3107 2679 draconem
3156 2624 3310 2679 illum
3352 2624 3702 2680 desertorem
3770 2698 3775 2703 η

2120 2731 2283 2788 quem
2328 2716 2472 2777 Deus
2510 2717 2655 2786 apud
2687 2716 2887 2772 Jobum
2931 2715 3077 2772 dans
3098 2732 3359 2785 responsa
3401 2716 3481 2771 sic
3513 2717 3702 2771 nomi-’

2120 2808 2290 2863 navit.
2325 2807 2431 2864 iste
2471 2815 2556 2863 est
2601 2807 2748 2863 enim
2779 2807 2872 2877 qui
2920 2806 3140 2878 decepit
3179 2806 3503 2863 Ecclesiam.
3552 2807 3700 2865 Dixit

2119 2903 2267 2958 enim
2296 2917 2526 2972 serpens
2554 2901 2772 2956 mulieri
2799 2901 3024 2955 omnino
3044 2918 3153 2956 non
3180 2901 3343 2965 bona,
3368 2916 3573 2971 nempe
3600 2901 3697 2957 Ec-

2120 2996 2323 3052 clesiae.
2352 2995 2408 3050 Si
2442 3005 2625 3050 autem
2660 2994 2727 3048 ad
2773 2993 3009 3049 litteram
3043 2995 3221 3049 solum
3264 2994 3422 3050 audis
3449 3010 3581 3063 quae
3613 2995 3700 3049 di-

1721 3084 1735 3117 ³
1774 3066 1874 3158 ξοδ
1919 3082 2019 3137 Pi"
2044 3087 2088 3146 ϐ
2122 3097 2324 3144 cuntur
2357 3088 2427 3143 de
2461 3095 2716 3157 serpente
2746 3094 2805 3141 et
2832 3085 3084 3152 muliere,
3112 3087 3403 3158 oportebat
3431 3096 3701 3158 utrosque

2125 3181 2288 3239 simul
2318 3181 2559 3253 aggredi,
2606 3190 2662 3235 et
2692 3181 2866 3237 multo
2903 3181 3076 3252 magis
3100 3180 3302 3235 virum.
3347 3179 3402 3234 Si
3435 3179 3699 3263 spiritua-

2124 3272 2251 3327 Iiter
2277 3280 2459 3327 autem
2503 3273 2681 3326 solum
2714 3271 3006 3343 intelligas,
3041 3284 3150 3326 non
3191 3269 3483 3339 oportebat
3516 3269 3699 3343 solum

2121 3362 2410 3433 attingere,
2468 3376 2665 3432 nempe
2708 3359 3009 3441 Christum.
3054 3360 3228 3415 Adam
3267 3361 3407 3413 enim
3449 3375 3567 3421 non
3603 3359 3699 3429 fuit

2120 3456 2389 3524 deceptus,
2426 3461 2487 3507 ut
2531 3453 2627 3523 qui
2659 3460 2996 3528 essetgtypus
3031 3449 3257 3514 Christi,
3297 3447 3487 3503 mulier
3518 3457 3698 3502 autem

2120 3545 2219 3615 fuit
2259 3544 2473 3614 decepta
2507 3543 2549 3608 ⁸,
2590 3556 2787 3611 nempe
2835 3539 3119 3597 hominum
3161 3546 3380 3600 natura,
3422 3534 3697 3591 Ecclesia.

2119 3636 2215 3690 Est
2250 3642 2435 3705 autem
2464 3632 2836 3689 adnotandum
2864 3630 3009 3702 quod
3046 3628 3334 3685 mulierem
3362 3636 3697 3696 separatam,

2117 3734 2173 3783 et
2195 3742 2226 3781 a
2252 3727 2374 3781 viro
2404 3740 2506 3780 suo
2536 3723 2756 3796 (nempe
2787 3719 2919 3790 Deo)
2949 3718 3141 3791 procul
3175 3724 3442 3773 remotam
3468 3716 3697 3778 invasit,

2117 3829 2174 3874 et
2213 3816 2433 3887 decepit
2467 3830 2587 3871 eam
2633 3828 2860 3887 serpens
2889 3830 2903 3866 :
2934 3825 3038 3866 nec
3078 3824 3198 3865 eam
3233 3808 3412 3878 potuit
3433 3806 3697 3876 decipere

2115 3902 2359 3981 quandiu
2389 3907 2527 3963 vidit
2550 3921 2672 3963 eam
2699 3922 2729 3961 a
2755 3904 2876 3959 viro
2913 3917 3015 3967 suo
3040 3917 3151 3957 non
3175 3908 3509 3970 separatam.
3542 3898 3698 3960 illinc

2115 4012 2298 4058 autem
2333 4000 2464 4056 licet
2486 4006 2690 4069 ,aperte
2732 3997 2948 4052 discere
2998 3993 3147 4065 quod
3197 3992 3265 4047 ad
3307 3990 3514 4047 Christi
3563 3988 3696 4044 refe-

2116 4102 2314 4148 runtur
2340 4090 2643 4147 Ecclesiam
2680 4102 3033 4158 quaecunque
3061 4092 3191 4140 sunt
3223 4084 3393 4152 hujus
3419 4079 3701 4143 mulieris,

2124 4199 2235 4240 non
2281 4182 2590 4238 invenimus
2631 4179 2777 4235 enim
2832 4177 3063 4233 omnino
3093 4175 3360 4231 Adamum
3412 4187 3543 4227 eum
3584 4186 3694 4226 ser-

2111 4256 2276 4346 pente
2304 4289 2426 4331 esse
2459 4273 2814 4339 collocutum.
2849 4269 3004 4325 Unde
3044 4264 3211 4323 etiam
3256 4282 3287 4320 a
3325 4265 3440 4319 Deo
3473 4272 3700 4334 rogatus

2113 4383 2213 4422 cur
2242 4364 2569 4426 comederit,
2592 4362 2872 4418 non-dicit
2898 4378 2911 4413 :
2940 4358 3166 4428 Serpens
3195 4373 3277 4411 me
3304 4356 3531 4424 decepit,
3556 4351 3698 4413 sed:

2113 4456 2306 4512 Mulier
2327 4456 2454 4510 mihi
2474 4454 2637 4522 dedit,
2662 4462 2711 4506 et
2731 4452 2950 4506 comedi.
2970 4450 3163 4507 Mulier
3184 4455 3367 4502 autem
3390 4447 3530 4499 dicit
3551 4447 3697 4498 Deo:

2115 4539 2343 4613 Serpens
2375 4557 2456 4595 me
2483 4540 2700 4610 decepit,
2733 4550 2780 4592 et
2815 4539 3032 4592 comedi.
3072 4538 3284 4592 Rursus
3309 4545 3493 4591 autem
3530 4536 3587 4588 in
3610 4548 3702 4588 ex-

2115 4634 2419 4689 secratione
2456 4631 2747 4701 serpentis,
2775 4631 2843 4685 de
2886 4629 3111 4684 homine
3148 4642 3273 4691 eum
3323 4628 3462 4682 nihil
3506 4626 3689 4682 crimi-

2113 4733 2276 4778 natur
2302 4724 2465 4785 Deus,
2500 4722 2596 4780 sed
2639 4721 2707 4775 de
2738 4720 2992 4787 muliere.
3022 4720 3090 4773 Et
3134 4719 3260 4773 ideo
3304 4717 3439 4772 dicit
3465 4718 3517 4771 ei
3547 4735 3565 4771 :t
3592 4716 3688 4770 Po-

2114 4833 2240 4870 nam
2273 4816 2576 4869 inimicitias
2620 4815 2758 4868 inter
2802 4824 2851 4866 te
2898 4821 2946 4867 et
2992 4811 3285 4893 mulierem.
3326 4810 3395 4865 Et
3437 4826 3541 4863 cur
3587 4823 3699 4862 non

2111 4910 2276 4964 etiam
2308 4908 2452 4961 inter
2481 4908 2661 4961 virum
2696 4906 2875 4960 ?i\'am
2903 4904 3050 4975 quod
3078 4904 3277 4959 attinet
3319 4904 3384 4957 ad
3427 4904 3693 4964 lillcrnn‘,

2112 5000 2319 5054 amicos
2355 5013 2477 5052 esse
2517 4998 2636 5051 vult
2676 4997 2852 5050 virutn
2879 5006 2935 5050 et
2966 5004 3300 5065 serpentem,
3327 4995 3521 5048 dicens
3550 5011 3564 5045 :
3593 4991 3696 5045 Po-

2113 5107 2240 5144 nam
2264 5090 2570 5173 inimicitiqs
2601 5089 2738 5141 inter
2764 5098 2813 5140 te
2856 5096 2904 5141 et
2934 5086 3225 5150 mulierem,
3254 5099 3601 5154 quacunque
3632 5095 3691 5135 ea

2113 5184 2203 5246 sit,
2233 5183 2328 5236 sed
2369 5197 2477 5235 non
2524 5182 2669 5235 inter
2698 5181 2888 5237 viros:
2920 5189 2977 5234 ut
3007 5180 3229 5249 quando
3260 5179 3436 5249 ipsum
3465 5174 3690 5245 qudque

2109 5270 2389 5342 Christum
2420 5273 2555 5329 dicit
2583 5289 2648 5327 ea:
2675 5275 2871 5327 semine
2902 5273 3071 5331 David
3095 5274 3378 5326 secundum
3405 5286 3623 5325 carnem
3649 5269 3691 5332 ⁸.

2108 5375 2164 5420 et
2211 5365 2357 5437 quod
2389 5382 2566 5420 semen
2604 5365 2828 5420 Abrahae
2875 5365 3217 5435 apprehendit
3247 5366 3288 5426 ⁷,
3315 5361 3529 5418 etiamsi
3578 5375 3690 5413 non

2107 5467 2255 5514 esset
2276 5474 2344 5513 ex
2368 5458 2577 5513 semine
2599 5457 2728 5524 viri,
2757 5457 2853 5512 sed
2884 5474 2948 5513 ex
2980 5473 3145 5512 carne
3172 5457 3422 5512 mulieris
3448 5456 3530 5524 (et
3551 5453 3690 5516 sola)

2106 5565 2329 5605 carnem
2378 5550 2712 5622 suscepisset
2763 5550 3212 5605 incilahiliterfet
3266 5546 3689 5616 incomprehen-

501 5706 519 5739 ³
543 5706 703 5764 Rom.
730 5728 817 5778 vn,
849 5715 929 5770 li.
1010 5714 1027 5744 ⁵⁵
1051 5714 1188 5771 Gen.
1212 5736 1264 5785 γ,
1291 5719 1378 5779 29.
1457 5723 1478 5754 ³
1512 5723 1533 5778 l
1564 5723 1705 5781 Tim.
1745 5742 1804 5791 tt,
1846 5722 1929 5783 LI.
2012 5731 2021 5761 ⁴

2119 5744 2227 5783 om.
2261 5744 2298 5791 ι,
2330 5727 2381 5783 5.
2462 5729 2480 5759 ⁷
2516 5726 2684 5783 Hebr.
2716 5744 2773 5793 ιι,
2812 5730 2896 5783 16.
