4056 6148
414 285 554 355 1017

1543 288 1621 355 IN
1654 296 2210 361 ἸῐΕΧᾹΕΜΕἱὶΟΝ.
2245 327 2312 336 -
2347 294 2489 363 ΠΒ.
2537 303 2605 365 Χ.

3528 304 3662 378 {Old

411 396 663 451 sibiliter.
693 394 905 450 Etenim
935 408 1159 452 somnus
1190 392 1277 453 ille
1320 399 1508 454 Adami
1538 410 1593 455 et
1620 402 1850 456 exstasis
1882 418 1973 456 seu
2013 406 2062 462 Α
2091 406 2263 461 tulnm
2307 409 2504 476 leonis,
2543 426 2640 465 nos
2668 411 2881 466 docens-
2895 418 2949 469 et
2985 411 3187 468 tribum
3213 418 3268 468 et
3293 406 3473 471 locum
3519 424 3660 475 urile

412 502 671 542 excessus
693 488 960 556 ejusmodi
990 496 1044 541 ut
1075 489 1210 542 nihil
1234 490 1443 544 videret
1475 491 1527 543 in
1562 491 1808 561 tingendo
1832 500 1982 545 costa

411 588 479 632 ex
521 593 587 631 eo
633 584 871 647 sumpta,
923 578 1075 647 prius
1108 579 1250 634 forte
1283 578 1635 635 describebat
1671 583 1848 635 omnis
1878 581 1980 634 viri

412 667 830 738 ignorationem,
867 677 921 722 et
953 685 982 723 a
1026 670 1138 723 Deo
1178 671 1357 727 Verbo
1397 666 1662 742 suscepta:
1693 672 1874 726 carnis
1901 672 1983 726 iu-

410 762 1087 830 comprehensibilitatem.

479 854 549 908 Et
582 855 714 908 dixit
757 871 983 923 serpens
1028 856 1265 909 mulieri.
1319 857 1576 911 Protinus
1623 856 1978 926 quaerendum

408 934 574 999 estin
603 944 716 1013 ipsa
741 945 891 998 arida
921 946 1182 1007 dictione,
1213 962 1449 1016 quanam
1475 947 1542 1000 de
1569 963 1753 1010 causa,
1783 956 1982 1016 praeter

408 1036 588 1089 omnia
634 1036 931 1090 animantia
972 1045 1027 1091 et
1071 1039 1341 1101 volucres,
1389 1048 1698 1106 serpentem
1745 1025 1982 1107 appellat

408 1129 806 1194 adversarium,
870 1137 922 1182 et
981 1123 1239 1183 Ecclesia:
1286 1128 1702 1183 insidiatorem?
1752 1129 1821 1200 Et
1868 1128 1976 1183 dici

404 1228 588 1290 potest
628 1220 776 1288 quod
824 1221 1008 1274 multae
1051 1220 1324 1289 serpentis
1372 1220 1738 1289 proprietates
1766 1220 1980 1275 assimi-

406 1310 591 1364 lantur
632 1311 835 1364 diaboli
870 1311 1385 1385 machinationibus.
1418 1307 1487 1365 Et
1527 1311 1761 1381 primmn
1812 1312 1979 1365 totius

405 1403 525 1471 ejus
567 1404 813 1471 corporis
844 1403 1077 1474 dejectio
1109 1404 1166 1459 in
1200 1410 1418 1457 terram.
1455 1401 1644 1457 Omnis
1686 1403 1831 1456 enim
1878 1419 1977 1455 na-

406 1504 529 1550 tura
551 1495 913 1549 animatorum
939 1502 994 1550 et
1018 1493 1581 1548 inanimorum-habet
1599 1491 1805 1567 aliquid
1830 1490 1976 1560 quod

405 1600 625 1640 sursum
672 1585 870 1652 fertur,
906 1586 983 1640 ad-
1018 1601 1252 1654 superna
1282 1593 1491 1638 motum
1537 1583 1745 1636 habens
1775 1589 1829 1635 et
1877 1596 1977 1635 au—

382 1687 707 1747 gmentum,
746 1686 943 1746 przeter
985 1677 1162 1730 solum
1196 1685 1529 1746 serpentem.
1566 1675 1700 1728 Nam
1738 1672 1974 1743 idipsum

404 1770 554 1839 quod
598 1785 763 1839 super
798 1778 993 1823 terram
1028 1768 1297 1839 graditur,
1343 1766 1586 1823 OStendit
1625 1765 1770 1839 quod
1819 1782 1970 1820 suam

405 1861 775 1932 prudentiam,
829 1868 885 1915 et
936 1877 1035 1915 cor
1061 1876 1219 1914 suum
1262 1870 1361 1913 s’ua
1421 1868 1615 1928 sponte
1666 1856 1971 1917 conculcat,

403 1955 540 2009 nihil
571 1955 792 2023 penitus
821 1954 1095 2008 excelsum
1137 1959 1194 2007 et
1226 1953 1446 2007 cazlcste
1488 1952 1729 2004 sentiens
1754 1957 1849 2002 aut
1884 1964 1975 2003 co-

404 2047 599 2118 gitans.
630 2046 993 2113 Quamobrem
1020 2060 1159 2115 smpe
1196 2060 1349 2100 suam
1383 2044 1533 2098 exuit
1560 2042 1787 2096 formam
1833 2042 1976 2097 sicut

405 2153 630 2207 serpens
676 2138 829 2193 exuit
870 2137 1281 2206 transformatus
1331 2135 1386 2188 in
1436 2132 1682 2205 angelum
1717 2130 1884 2228 ⁸ιιιεὶε
1929 2131 1972 2197 ⁸.

405 2234 665 2296 tanquam
709 2236 929 2280 mutans
974 2241 1003 2279 a
1051 2224 1227 2295 prisca
1268 2222 1582 2293 prudentia.
1628 2218 1973 2278 Hln'c'etiam

403 2331 676 2375 venenum
719 2318 1038 2373 lcthit'erum
1072 2331 1170 2385 per
1208 2331 1270 2370 os
1310 2322 1366 2368 et
1396 2314 1577 2369 inania
1612 2314 1841 2369 consilia
1874 2314 1976 2367 im-

402 2409 573 2463 mittit
608 2409 665 2463 in
707 2409 970 2473 animam,
1017 2416 1072 2463 et
1116 2408 1243 2463 vitae
1302 2414 1672 2480 extremorum
1719 2408 1977 2463 observat

392 2494 741 2561 ~calcaneum,
780 2509 842 2552 et.
874 2500 940 2553 ad
975 2499 1344 2575 insidiandum
1366 2498 1425 2569 in
1456 2499 1666 2553 semitis
1690 2499 1971 2552 hominum

403 2606 621 2661 semper
651 2591 848 2645 insidet
879 2599 939 2647 ut
973 2592 1234 2660 impediat
1269 2598 1490 2646 nostros
1518 2591 1583 2644 ad
1622 2591 1793 2667 Deurq
1819 2606 1973 2659 gres-

404 2699 517 2741 sus.
558 2684 624 2740 Et
665 2684 789 2737 ideo
822 2683 1005 2738 elTeeit
1050 2684 1194 2739 Deus
1218 2692 1297 2739 .ut
1330 2691 1624 2737 venaretur
1650 2690 1705 2736 et
1734 2680 1973 2751 perime-

403 2785 561 2831 rctur
585 2775 892 2845 sapientum
927 2775 1388 2829 incantationibus
1411 2783 1465 2829 et
1498 2773 1771 2843 precibus.
1801 2773 1973 2827 Porro

402 2877 587 2924 autem
622 2868 766 2939 quod
821 2868 1042 2923 sibilant
1087 2876 1143 2922 et
1183 2876 1414 2921 evocant
1458 2883 1579 2937 qua:
1630 2865 1684 2920 in
1732 2881 1870 2935 aqua
1917 2874 1973 2920 et

402 2961 598 3030 spiritu
645 2962 943 3031 gignuntur
975 2959 1292 3023 animantia,
1342 2958 1599 3012 habentia
1644 2958 1873 3015 formam
1917 2965 1973 3012 et

404 3048 631 3120 figuram
662 3050 952 3119 serpentis,
978 3048 1045 3102 ad
1077 3049 1516 3119 conjunctionem
1544 3057 1599 3103 et
1627 3048 1692 3102 ad
1725 3048 1928 3102 coitum
1955 3064 1969 3100 :

399 3130 694 3195 admodum
735 3143 981 3211 apposite
1010 3141 1116 3195 dici
1150 3149 1329 3210 pOtest
1357 3139 1424 3195 de
1448 3141 1683 3210 maligno
1712 3139 1970 3194 dracone.

397 3229 518 3287 Non
544 3240 724 3304 potest
762 3233 908 3287 enim
938 3249 1034 3287 eos
1062 3246 1164 3287 suo
1202 3242 1321 3286 satu
1359 3231 1650 3301 impertiri,
1686 3232 1858 3285 donec
1888 3231 1973 3300 ip-

397 3336 489 3377 sos
508 3322 576 3377 ab
603 3338 741 3392 aqua
770 3330 824 3376 et
853 3322 1048 3392 spiritu
1074 3331 1352 3399 separatos
1375 3323 1427 3376 in
1454 3322 1661 3377 aridam
1697 3315 1969 3382 eduxerit,

394 3426 506 3468 non
536 3414 721 3468 valens
755 3408 869 3482 ipse
898 3414 1135 3484 seipsum
1175 3430 1314 3483 aqua
1341 3422 1396 3467 et
1422 3414 1619 3481 spiritu
1650 3410 1877 3482 tingere,
1914 3419 1972 3465 ut

398 3505 491 3574 qui
528 3495 597 3558 sit
626 3504 882 3558 inimicus
905 3512 960 3557 et
982 3503 1050 3557 ab
1072 3504 1152 3558 eis
1179 3504 1411 3559 alienus.
1444 3501 1503 3557 In
1537 3501 1758 3554 hortum
1786 3509 1971 3555 autem

397 3611 495 3650 seu
528 3595 854 3665 pomarium,
887 3594 1040 3659 dicit,
1072 3601 1337 3664 quantum
1373 3594 1492 3662 capi
1525 3601 1725 3662 potest,
1763 3592 1971 3661 ingres-

398 3702 520 3741 sum
556 3702 678 3741 esse
721 3686 1003 3740 inimicum
1033 3684 1656 3740 hellaturum‘adversus
1681 3683 1967 3736 mulierem

396 3793 519 3849 quae
559 3779 784 3840 dicitur,
815 3778 969 3846 prius
1014 3777 1353 3848 signiﬁcante
1390 3775 1669 3844 Scriptura
1725 3773 1868 3843 quod
1914 3773 1968 3827 in

395 3868 637 3923 hominis
665 3869 883 3922 hortum
910 3881 1005 3922 seu
1034 3867 1341 3937 pomarium
1377 3866 1430 3920 in
1463 3865 1670 3919 ultimis
1705 3863 1967 3933 tempori-

394 3958 502 4014 bus
551 3958 868 4029 ingrediens
896 3958 1029 4027 ipse
1076 3960 1241 4013 draco
1290 3966 1535 4027 apostata
1582 3972 1677 4010 seu
1726 3956 1970 4010 delector

395 4059 656 4122 tanquam
676 4050 1049 4105 Antichristus
1072 4058 1127 4104 et
1149 4048 1351 4104 Christi
1376 4048 1744 4112 adversarius,
1764 4062 1862 4117 per
1892 4046 1970 4101 ci-

398 4142 528 4197 bum
571 4158 764 4198 rursus
794 4144 1030 4212 decipiet
1056 4140 1354 4196 Ecclesium
1382 4141 1451 4194 ad
1482 4141 1585 4195 hoc
1621 4152 1679 4196 ut
1708 4140 1882 4210 ipsum
1914 4148 1969 4193 et

397 4250 505 4287 non
557 4233 730 4287 Deum
771 4232 963 4286 adoret
996 4239 1250 4299 tauquam
1299 4226 1489 4285 Deum.
1540 4231 1695 4297 Quod
1726 4216 1966 4300 [quidem

393 4322 523 4376 fecit
550 4321 713 4374 etiau't
750 4321 805 4374 in
830 4321 961 4384 Eva,
988 4331 1045 4372 ut
1072 4320 1328 4379 dixerunt
1352 4321 1442 4389 qui
1471 4321 1524 4373 in
1558 4320 1623 4374 iis
1654 4321 1818 4375 rebus
1839 4330 1968 4375 sunt

394 4412 704 4466 exercitati.
728 4411 905 4478 Quod,
933 4410 1208 4479 inquiunt,
1238 4424 1362 4464 ante
1392 4411 1574 4464 omnia
1601 4411 1840 4466 comedit
1870 4412 1969 4465 Ec-

397 4492 583 4563 clesia,
617 4503 670 4556 in
700 4518 766 4557 eo
795 4512 922 4557 ante
947 4502 1127 4554 omnia
1158 4502 1400 4570 peccavit
1432 4502 1674 4554 Ecclesia
1708 4501 1794 4554 cui
1820 4502 1970 4555 dice-

398 4594 560 4648 batur
616 4594 683 4647 de
736 4603 990 4662 serpente
1038 4609 1050 4645 :
1100 4594 1219 4661 Ipse
1288 4593 1604 4646 observabit
1655 4594 1969 4647 caleant-um

396 4697 575 4747 tuum,
611 4693 667 4738 et
701 4694 754 4738 tu
810 4670 1134 4749 observabis
1184 4685 1302 4754 ejus
1355 4694 1536 4752 caput.
1588 4683 1742 4749 Quod
1790 4693 1970 4737 autem

394 4779 636 4834 calt-anei
678 4778 999 4831 observator
1030 4786 1084 4830 et
1128 4776 1367 4830 calcanci
1407 4786 1725 4844 persecutor
1759 4777 1828 4831 sit
1859 4780 1971 4830 An-

395 4869 707 4931 tichristus,
744 4869 860 4938 ipse
902 4870 1003 4922 nos
1035 4868 1196 4921 docet
1223 4867 1396 4920 Moses
1425 4867 1476 4921 in
1510 4869 1613 4922 hoc
1643 4870 1762 4921 loco
1793 4868 1973 4921 Cenc-

400 4959 495 5021 sis,
528 4959 764 5012 Leonem
795 4961 1076 5029 appcilans
1097 4959 1377 5013 Christum
1414 4960 1465 5011 in
1496 4959 1973 5015 benedictionibus

397 5037 813 5104 JacobilCatule
832 5050 1015 5102 Leonis
1031 5048 1193 5109 Iuda.
1213 5065 1276 5103 ex
1291 5052 1551 5120 germine,
1578 5049 1660 5116 ﬁli
1678 5053 1767 5110 mi.
1792 5067 1972 5103 ascen-

397 5138 521 5190 disti
550 5139 592 5201 ’,
630 5145 684 5191 et
716 5155 836 5207 quae
877 5139 1137 5205 deinceps
1170 5147 1496 5208 sequuntur.
1536 5138 1592 5191 ln
1630 5139 1971 5194 Deuterouo-

397 5229 510 5281 mio
545 5238 726 5282 autem
763 5230 826 5294 '°,
862 5231 915 5283 in
958 5229 1438 5283 benedictionibus
1468 5228 1628 5283 Musis
1664 5246 1800 5298 quas
1834 5246 1972 5300 pra:-

399 5320 537 5374 dixit
560 5322 846 5375 duodecim
878 5321 1153 5385 tribubus,
1191 5332 1443 5392 tanquam
1474 5321 1673 5375 Christi
1712 5322 1969 5375 adversa-

400 5413 543 5466 rium
580 5413 933 5467 iutroduccus
968 5414 1363 5467 Antichristum
1394 5414 1713 5484 prophetico
1749 5413 1970 5467 divinus

399 5500 598 5569 Moses,
630 5505 884 5561 similiter
906 5506 1071 5561 etiam
1102 5507 1279 5576 ipsum
1302 5505 1577 5561 Chrismm
1611 5505 1847 5576 appellat
1879 5522 1969 5560 ca-

470 5679 492 5707 ⁸
524 5679 563 5732 ll
598 5679 722 5734 Cor.
758 5698 827 5744 xx,
869 5683 946 5737 ll.
1022 5684 1041 5713 ’
1073 5683 1210 5738 Ceu.
1258 5678 1397 5750 XLIV,
1434 5689 1482 5739 tl.
1565 5689 1605 5717 "‘

2013 1745 2050 1796 Ii

2001 3094 2043 3150 C

2000 4462 2042 4516 1)

1656 5690 1811 5744 ἷιριιι.
1852 5704 2032 5753 \xxtu,
2076 5689 2095 5741 l
2133 5701 2283 5755 seqq.

2084 508 2361 554 nascetur.
2409 498 2544 555 Cum
2576 508 2759 556 autem
2796 503 3037 558 venisset
3065 504 3131 557 ad
3168 496 3509 574 prophetiam
3558 511 3658 563 tri-

2082 587 2184 641 bus
2228 588 2361 653 Dan,
2399 590 2533 645 dicit
2563 610 2574 643 τ
2604 586 2823 646 Catulus
2869 592 3030 646 leonis
3074 592 3215 658 Dan,
3274 605 3322 649 et
3363 597 3563 649 exszliet
3596 612 3661 653 ea:

2080 677 2260 733 Busan
2278 683 2339 735 ".
2356 682 2527 736 Busan
2546 692 2727 736 autem
2746 685 2967 753 quidam
2995 686 3189 740 dicunt
3212 703 3331 741 esse
3356 689 3660 759 Scythopoa

2079 771 2196 835 lim,
2232 788 2352 842 quae
2381 785 2464 828 est
2498 776 2804 844 propinqua
2838 775 3069 831 Galilaeae
3100 795 3111 830 :
3141 778 3284 831 unde
3313 780 3476 833 etiam
3499 780 3659 835 Chri-

2080 872 2198 917 stus
2219 866 2488 933 processit
2521 868 2819 921 secundum
2844 883 3087 923 carnem.
3116 868 3319 924 Locum
3351 880 3530 926 autem
3558 866 3652 928 tibi

2080 971 2227 1010 nunc
2255 958 2495 1012 ostendit
2520 959 2843 1013 Antichristi
2877 958 3208 1027 necessario,
3244 963 3515 1018 undenam
3555 965 3654 1019 ha-

2080 1045 2206 1101 beat
2254 1048 2459 1101 exitum
2506 1056 2563 1103 et
2607 1059 2814 1104 motum
2845 1070 2857 1104 :
2888 1051 3337 1122 quandoquidem
3379 1064 3506 1110 ante
3538 1057 3656 1125 ejus

2079 1137 2373 1192 adventum
2396 1140 2514 1210 ejus
2536 1140 2790 1211 deceptio
2816 1144 3017 1217 multos
3042 1144 3293 1199 homines
3317 1147 3656 1216 praeveniens

2078 1227 2318 1297 decepit,
2352 1229 2601 1285 dicentes
2634 1232 2780 1301 quod
2829 1244 2896 1287 ex
2941 1234 3180 1303 quodam
3212 1251 3348 1306 pago
3380 1236 3654 1291 Leuehusi

2077 1330 2338 1374 nascetur
2367 1322 2758 1378 Antichristus.
2790 1324 2889 1379 Hic
2919 1334 3103 1380 autem
3130 1326 3231 1379 fuit
3271 1335 3420 1383 astus
3447 1336 3502 1383 et
3534 1329 3653 1383 rna-

2077 1409 2241 1463 china
2269 1410 2492 1476 diaboli,
2522 1422 2581 1466 ut
2609 1412 2859 1466 homines
2901 1414 3047 1468 hunc
3079 1431 3145 1468 ex
3181 1414 3414 1486 Aigypto
3454 1432 3651 1485 exspe-

2077 1507 2289 1553 ctantes
2328 1501 2556 1555 credant
2584 1510 2639 1556 et
2682 1503 2957 1571 excipiant
3001 1505 3152 1558 illum
3182 1506 3275 1574 qui
3307 1506 3551 1561 nascitur
3585 1524 3653 1561 ex

2076 1588 2314 1654 Calilzea,
2361 1606 2486 1644 eum
2543 1600 2800 1659 tanquam
2850 1593 3128 1647 Christum
3188 1595 3501 1659 adorantes,
3556 1596 3651 1664 qui

2077 1682 2238 1751 plane
2267 1690 2352 1737 est
2376 1684 2572 1753 planus
2596 1690 2650 1737 et
2673 1683 3066 1739 Antichristus.
3103 1685 3293 1739 Restat
3316 1701 3448 1755 ergo
3471 1695 3530 1740 ut
3553 1700 3652 1741 nos

2077 1787 2142 1826 ex
2176 1771 2364 1827 Jacobi
2413 1790 2632 1843 quoque
2670 1774 3119 1846 praedictionibus
3164 1786 3530 1839 congruenter
3557 1792 3649 1832 os-

2082 1862 2388 1927 tendamus,
2417 1879 2484 1917 ex
2518 1865 2664 1919 tribu
2698 1865 2811 1918 Dan
2844 1865 3142 1934 procedere
3174 1865 3569 1920 Antichristum
3596 1876 3650 1921 et

2080 1946 2390 2025 serpentem
2441 1957 2785 2012 mordentem
2850 1958 3165 2012 calcaneum
3211 1958 3379 2027 'equi,
3431 1958 3526 2029 qui
3577 1958 3651 2013 ita

2080 2049 2384 2118 appellatur
2412 2058 2469 2102 ut
2496 2049 2588 2118 qui
2616 2064 2763 2102 nunc
2806 2047 2859 2102 in
2904 2048 3155 2119 paradiso
3191 2050 3350 2103 nobis
3386 2049 3650 2119 proponi-

2083 2147 2190 2194 tur.
2240 2139 2556 2194 Patriarcha
2596 2141 2742 2193 enim
2793 2156 2917 2194 cum
2974 2139 3195 2195 Christo
3240 2139 3520 2194 disserens
3572 2138 3652 2193 sic

2080 2231 2213 2286 dicit
2260 2232 2327 2286 de
2372 2232 2485 2285 Dan
2523 2250 2535 2284 :
2570 2227 2685 2284 Dan
2723 2232 2984 2300 judicabit
3017 2231 3268 2302 populum
3316 2247 3468 2284 suum
3517 2230 3655 2283 sicut

2080 2334 2187 2375 una
2211 2320 2373 2374 tribus
2400 2322 2451 2373 in
2484 2319 2675 2384 Israel,
2702 2329 2750 2372 et
2774 2320 2865 2388 ﬁet
2895 2320 3009 2374 Dan
3035 2337 3246 2391 serpens
3274 2322 3326 2373 in
3355 2320 3438 2374 via
3467 2320 3651 2374 sedens

2078 2413 2133 2467 in
2178 2414 2364 2465 semita
2410 2413 2650 2465 mordens
2696 2411 3001 2465 calcaneum
3047 2413 3184 2480 equi,
3217 2421 3266 2465 et
3308 2427 3460 2481 eques
3503 2411 3652 2464 σαάιῑ

2080 2515 2220 2558 retro
2273 2512 2575 2574 exspectans
2624 2503 2849 2556 salutem
2914 2503 3125 2556 Domini
3175 2504 3238 2554 ¹².
3291 2501 3430 2555 Ecce
3481 2502 3653 2555 babes

2080 2606 2264 2664 aperte
2296 2605 2604 2664 serpentem
2655 2603 2711 2648 et
2757 2590 3071 2647 calcaneum
3104 2593 3245 2648 sumi
3278 2594 3344 2646 de
3375 2590 3653 2647 Antichri-

2081 2696 2186 2743 sto.
2218 2694 2271 2739 et
2298 2686 2587 2739 ostendere
2637 2683 2736 2736 tibi
2764 2696 2948 2737 casum
2985 2698 3175 2737 eorum
3205 2683 3296 2752 qui
3330 2679 3651 2736 mordentur

2079 2776 2148 2831 ab
2182 2776 2298 2846 ipso
2331 2792 2343 2827 :
2381 2791 2477 2844 per
2507 2788 2669 2843 quem
2724 2774 2930 2841 primos
2969 2787 3187 2841 quoque
3230 2778 3501 2841 parentes,
3534 2770 3649 2824 Dan

2078 2862 2307 2923 deduxit
2337 2865 2426 2921 ad.
2453 2866 2815 2934 impietatem.
2846 2861 2983 2919 Nam
3015 2861 3229 2919 etiamsi
3259 2861 3649 2917 convenienter

2079 2957 2181 3029 ipsi
2217 2957 2445 3012 dictioni
2492 2956 2607 3009 haec
2659 2956 2797 3008 facta
2849 2961 3055 3017 essent,
3107 2953 3160 3006 in
3214 2952 3468 3022 paradiso
3500 2953 3652 3005 visus

2077 3061 2223 3106 esset
2257 3052 2400 3104 Deus
2426 3049 2635 3103 Adamo
2667 3058 2723 3101 et
2750 3046 2967 3101 mulieri
3005 3045 3058 3099 in
3102 3044 3294 3115 figura,
3324 3053 3380 3099 et
3416 3057 3539 3097 cum
3571 3041 3654 3097 eis

2077 3141 2459 3202 disseruisset,
2504 3138 2599 3201 sed
2631 3146 2691 3193 ut
2734 3138 2827 3207 qui
2864 3152 2971 3191 non
3005 3145 3229 3206 possent
3256 3135 3433 3203 ipsum
3464 3132 3652 3186 videre

2075 3230 2371 3303 Opificem;
2405 3232 2535 3293 hinc
2570 3240 2795 3299 accepta
2829 3229 3116 3282 occasione
3140 3226 3409 3295 malignus
3438 3223 3649 3291 danpon

2075 3325 2294 3394 decepit
2324 3324 2612 3377 mulierem
2641 3322 2691 3375 ei
2725 3336 3023 3392 suggerens
3048 3321 3219 3373 Deum
3253 3332 3374 3371 esse
3404 3314 3650 3385 ejusdem

2074 3417 2289 3488 generis
2325 3424 2379 3470 et
2411 3414 2655 3484 ejusdem
2686 3414 2848 3467 simul
2872 3412 3123 3466 essentia:
3149 3411 3304 3478 cujus
3330 3410 3446 3477 ipsa
3481 3415 3647 3467 esset,

2074 3507 2470 3579 convenienter
2506 3506 2694 3558 formae
2742 3513 2797 3557 et
2831 3503 3018 3573 ﬁgurae
3049 3516 3212 3571 quam
3260 3501 3373 3569 ipsa
3405 3498 3646 3551 videbat.

2143 3595 2210 3654 Et
2243 3595 2367 3651 ideo
2398 3593 2531 3648 dicit
2559 3593 2610 3647 ei
2640 3611 2653 3646 :
2685 3591 2845 3657 Quid,
2886 3591 3023 3661 quod
3067 3590 3199 3643 dixit
3228 3587 3371 3641 Deus
3402 3605 3419 3640 :
3446 3586 3523 3639 Ne
3566 3603 3653 3638 eo-

2074 3688 2293 3742 medatis
2318 3682 2381 3739 ὄπ
2404 3686 2547 3739 omni
2572 3685 2710 3755 ligno
2734 3684 2873 3753 quod
2901 3683 3049 3735 estin
3085 3680 3377 3751 paradiso?
3402 3678 3538 3732 Hinc
3561 3686 3647 3731 est

2071 3778 2425 3849 perspicuum
2457 3774 2602 3845 quod
2639 3785 2765 3829 ante
2797 3789 3014 3827 omnem
3058 3787 3238 3836 esum,
3278 3771 3392 3824 haec
3424 3783 3654 3837 serpens

2071 3868 2400 3937 loquebatur
2429 3863 2836 3920 cummuliere.
2864 3861 2979 3917 lloc
3010 3871 3113 3922 est,
3145 3876 3267 3915 cum
3293 3860 3479 3930 jejuna
3504 3865 3652 3914 esset

2072 3958 2313 4017 Ecclesia
2347 3960 2417 4014 ab
2458 3958 2606 4012 omni
2639 3965 2866 4027 peccato
2914 3964 2969 4010 et
3002 3952 3310 4009 idololatria
3343 3970 3356 4005 :
3388 3966 3512 4005 cum
3536 3967 3650 4021 qua

2075 4062 2331 4122 tanquam
2384 4068 2508 4106 cum
2551 4050 2781 4104 muliere
2835 4049 3015 4117 aliqua
3068 4048 3122 4101 in
3174 4046 3331 4100 initio
3376 4045 3652 4114 malignus

2072 4157 2300 4213 serpens
2329 4136 2578 4197 etdraco
2608 4139 2752 4193 delet
2769 4147 2854 4192 tor
2885 4138 3070 4191 dolose
3106 4137 3384 4207 disserens
3408 4143 3464 4187 et
3484 4136 3652 4187 collo-

2072 4250 2266 4307 quens,
2301 4244 2357 4288 et
2386 4230 2457 4287 ad
2499 4232 2726 4300 impium
2762 4231 2963 4284 multos
3000 4226 3133 4283 deos
3159 4220 3373 4281 colendi
3402 4239 3650 4279 errorem

2070 4332 2262 4384 volens
2286 4328 2568 4390 seducere,
2595 4323 2811 4380 diccbat
2835 4325 3061 4393 quinam
3088 4323 3199 4375 sint
3223 4321 3256 4373 ii
3284 4320 3374 4388 qui
3405 4319 3457 4370 in
3492 4316 3651 4369 initio

2074 4422 2252 4492 ipsum
2285 4420 2485 4474 malum
2518 4418 2817 4472 dmmonem
2864 4415 3182 4474 adorarunt,
3218 4420 3272 4464 et
3301 4411 3473 4464 Deum
3521 4408 3649 4460 rel?-

2070 4520 2329 4584 querunt.
2358 4510 2496 4576 Quid
2527 4508 2673 4579 quod
2706 4508 2842 4561 dixit
2868 4506 3022 4559 vobis
3062 4507 3205 4558 Deus
3239 4518 3305 4556 ne
3349 4501 3651 4555 comedatis

2067 4618 2133 4659 ex
2176 4602 2504 4669 omniligno
2538 4600 2679 4669 quod
2713 4607 2795 4653 est
2831 4599 2881 4651 in
2916 4592 3209 4665 paradiso?
3256 4594 3368 4646 lloc
3418 4602 3501 4643 est
3532 4591 3650 4668 :‘Ne

2070 4693 2309 4748 adoretis
2337 4692 2527 4746 omnes
2556 4704 2837 4746 creaturas
2868 4700 2921 4743 et
2952 4705 3059 4751 me,
3095 4687 3188 4740 sed
3223 4687 3273 4740 ei
3322 4685 3421 4739 soli
3462 4694 3649 4737 osten-

2071 4785 2213 4838 dati-3
2247 4784 2625 4837 adorationetn
2659 4793 2715 4837 et
2752 4783 2981 4836 cultum.

2144 4874 2352 4929 Deinde.
2399 4889 2521 4927 eum
2561 4873 2789 4927 dixisset
2837 4871 3035 4924 mulier
3086 4887 3098 4923 :
3148 4868 3221 4921 De
3265 4869 3409 4921 omni
3447 4866 3650 4933 quidem

2074 4963 2214 5027 liquo
2246 4964 2383 5032 quod
2411 4974 2484 5017 est
2516 4965 2567 5015 in
2606 4963 2858 5029 paradiso
2893 4963 3232 5023 comedimus,
3258 4963 3321 5013 de
3352 4965 3523 5027 [metu
3555 4975 3652 5009 nu-

2076 5067 2179 5110 tem
2216 5056 2343 5123 ligni
2383 5056 2510 5108 dixit
2550 5054 2680 5107 Deus
2711 5071 2771 5107 ne
2802 5053 3083 5112 'conn'dite,
3131 5070 3293 5121 neque
3327 5053 3494 5120 ipsum
3530 5059 3653 5101 tan-

2072 5150 2175 5217 gite
2204 5150 2265 5199 ne
2290 5146 2611 5204 moriemini.
2643 5143 2919 5213 quounulo
2955 5145 3222 5211 malignus
3254 5143 3344 5197 ille
3385 5154 3469 5194 est
3513 5157 3655 5192 rnor-

2074 5245 2219 5289 tuus.
2252 5234 2330 5288 Ad
2382 5234 2495 5288 hzec
2542 5233 2834 5301 respondet
2881 5232 3111 5286 callidus
3145 5247 3368 5301 serpens
3412 5229 3600 5282 dicens
3635 5230 3650 5257 ‘

2073 5325 2237 5395 912
2271 5324 2437 5378 Morte
2481 5341 2583 5376 non
2619 5320 2934 5380 moriemini,
2963 5320 3156 5373 sciebat
3202 5320 3348 5373 etiim
3384 5316 3518 5371 Deus
3550 5332 3651 5383 quo

2075 5416 2158 5468 die
2180 5431 2242 5468 ea:
2272 5431 2329 5467 eo
2354 5413 2702 5474 comederitis,
2732 5420 2785 5465 et
2820 5426 2906 5464 me
2935 5409 3318 5471 adoravcritis,
3345 5412 3647 5477 aperientur

2074 5506 2231 5559 vestri
2263 5504 2400 5558 oculi
2425 5520 2521 5573 per
2554 5518 2660 5567 me,
2689 5512 2737 5555 et
2763 5502 2908 5555 eritis
2937 5508 3187 5568 tanquam
3223 5500 3296 5552 (lii
3351 5501 3490 5553 sicut
3528 5513 3647 5551 sum

2366 5686 2401 5715 ’ί
2440 5683 2570 5738 ibid.
2608 5682 2696 5737 (ὶῖ.
2776 5685 2815 5714 ¹²
2844 5683 2977 5737 Ceu.
3015 5696 3149 5741 sua,
3195 5680 3369 5735 "vis.
