4056 6148
447 279 587 346 1ης)

1636 286 1713 345 .s.
1754 284 2150 345 ANASTASII
2192 286 2516 365 statim

3552 280 3688 346 10Ξῦ

441 411 577 467 ego,
623 404 984 467 cognoscentes
1030 397 1221 471 bonum
1279 408 1325 451 et
1370 398 1589 453 malum.
1645 398 1817 453 Audis
1849 417 1861 451 :
1899 399 2016 454 Non
2048 408 2089 459 Α
2122 401 2448 473 increpavit,
2480 418 2590 457 non
2636 402 3011 473 exprobravit,
3042 416 3154 457 non
3189 400 3521 459 contumelia
3560 397 3695 454 atre-

442 490 583 543 dixit
613 488 866 543 diabolus
898 506 910 541 :
940 486 1105 543 Eritis
1139 489 1272 545 sicut
1304 488 1463 554 Deus,
1498 489 1592 544 sed
1622 495 1755 544 sicut
1790 493 1885 555 (lli,
1921 506 2018 546 eos

444 580 650 634 docens
688 588 745 633 et
779 579 1046 634 inducens
1092 580 1159 633 ad
1204 596 1453 635 errorem
1503 584 1684 637 cultus
1717 583 2018 638 multorum

445 673 695 727 deorum.
748 670 904 727 Unde
952 672 1117 725 etiam
1165 673 1245 727 eis
1285 673 1455 727 Deum
1506 684 1729 730 accusat
1776 676 2016 732 invidias.

448 761 649 825 Vobis,
689 761 887 832 inquit,
933 762 1174 826 invidet,
1213 778 1280 818 ne
1324 780 1423 817 vos
1464 781 1683 835 quoque
1705 766 2018 822 eﬂiciamini

446 850 587 905 sicut
616 850 752 919 ipse,
788 851 862 904 dii
909 863 1302 922 cognoscentes
1333 856 1513 908 omnia
1543 873 1556 909 :
1589 866 1645 910 et
1687 857 1812 912 ideo
1853 860 2022 929 jussit

449 941 604 996 vobis
633 958 702 997 ne
731 943 1033 996 comedatis
1062 942 1129 996 de
1162 945 1278 1012 ipso
1320 945 1503 999 fructu
1542 962 1684 1012 meo,
1716 964 1894 1017 neque
1932 966 2020 1006 me

450 1034 703 1103 tangatis,
734 1050 912 1103 neque
954 1050 1040 1089 me
1072 1034 1334 1089 adoretis.
1366 1036 1426 1090 Ei
1466 1039 1611 1092 enim
1648 1041 1739 1110 qui
1779 1058 1863 1095 me
1889 1044 2022 1098 ado-

449 1134 553 1186 rat,
582 1124 649 1178 de
673 1112 982 1192 cognitione
1017 1124 1285 1180 bonorum
1311 1138 1366 1182 et
1390 1130 1657 1184 malorum
1704 1133 1773 1186 do
1804 1136 2022 1202 sapien-

451 1217 580 1270 tiam
615 1216 949 1276 inferiorem,
985 1219 1357 1288 astrologiam,
1403 1220 1820 1287 divinationem,
1856 1242 2023 1281 vene-

450 1306 654 1369 ﬁcium,
698 1308 1100 1377 prmdictiones,
1136 1312 1612 1380 praecognitiones,
1646 1315 2022 1386 prodigiorum

445 1397 786 1461 ell'ectiones,
825 1400 1243 1466 incantationes,
1290 1402 1592 1459 bestiarum
1623 1407 2018 1478 obedientiam,

447 1489 734 1544 volucrum
784 1491 1181 1556 ministerium,
1233 1495 1613 1563 jumentorum
1669 1500 2025 1555 transforma-

448 1582 647 1646 tiones,
681 1598 881 1651 rerum
914 1582 1235 1638 sublimium
1267 1589 1653 1653 scrutationes,
1690 1589 1831 1660 ignis
1875 1592 2024 1662 deje-

446 1671 704 1736 ctionem,
738 1673 1046 1741 pedestrem
1099 1692 1347 1746 gressum
1387 1694 1555 1747 super
1600 1696 1790 1749 aquas,
1839 1663 2020 1755 abyssi

2126 494 2221 557 cit,
2252 510 2361 548 non
2388 495 2586 565 repulit
2615 513 2627 548 :
2656 496 2752 551 sed
2774 512 2902 551 cum
2932 497 3001 551 ab
3023 512 3109 558 ea.
3137 495 3223 550 vel
3252 493 3435 564 potius
3462 507 3558 559 pro
3584 492 3697 560 ipsa

2125 586 2428 655 accepisset
2457 586 2697 642 fructum
2743 588 2897 658 ligni,
2927 601 3181 658 prompto
3209 595 3266 641 et
3305 584 3476 639 alacri
3508 584 3701 639 animo
3768 610 3771 613 -

2125 694 2251 732 eum
2270 678 2529 748 gustavit.
2547 679 2807 734 Fructum
2825 680 2959 750 ligni
2980 678 3222 748 intellige
3244 686 3478 755 mortem
3493 673 3696 729 Christi

2127 769 2182 822 in
2214 785 2379 824 cruce
2420 788 2433 821 :
2469 786 2631 839 quam
2663 786 2762 839 pro
2794 770 3061 833 Ecclesia,
3097 777 3354 838 tanquam
3384 782 3485 837 pro
3530 779 3699 821 uxore

2126 875 2224 914 sua
2257 861 2326 915 ab
2366 860 2481 929 ipsa
2515 861 2748 931 aecepit,
2779 870 2835 915 et
2868 860 3050 915 triduo
3080 859 3337 931 gustavit,
3365 867 3426 912 ut
3459 872 3559 925 pro
3580 871 3699 910 om-

2126 954 2290 1008 nibus
2318 964 2564 1023 gustaret
2600 963 2859 1018 mortem,
2888 964 3254 1024 congruenter
3285 951 3409 1006 voci
3448 949 3603 1005 Pauli
3634 947 3698 1003 “.

2127 1044 2300 1110 Quam
2330 1046 2554 1115 quidem
2598 1055 2830 1100 mortem
2861 1056 2917 1101 et
2946 1047 3129 1102 cibum
3161 1047 3324 1102 tacite
3355 1040 3701 1113 signiﬁcabat

2127 1135 2259 1189 iliud
2291 1144 2505 1190 acetum
2536 1146 2592 1190 et
2618 1136 2687 1190 fel
2715 1136 2860 1205 quod
2897 1137 2953 1190 in
2976 1137 3139 1190 horto
3170 1147 3225 1190 et
3257 1134 3407 1201 ligno
3431 1130 3700 1201 Golgotha

2127 1227 2367 1293 gustavit
2396 1227 2488 1296 qui
2538 1226 2593 1280 in
2626 1228 2883 1283 omnibus
2923 1227 2993 1281 ad
3040 1226 3461 1281 similitudinem
3506 1221 3697 1278 Adami

2128 1318 2303 1371 factus
2328 1327 2412 1372 est
2450 1327 2649 1387 praeter
2675 1319 2850 1374 solum
2897 1331 3204 1388 peccatum.
3235 1317 3291 1373 Si
3325 1317 3471 1387 enim
3515 1316 3700 1369 omnia

2128 1416 2313 1460 nostra
2337 1406 2404 1461 ad
2438 1407 2859 1473 similitudinem
2902 1408 3063 1463 Jesus
3092 1424 3190 1461 sua
3218 1415 3415 1476 sponte
3460 1403 3563 1458 sibi
3606 1416 3698 1458 ac-

2128 1497 2516 1561 commodavit,
2534 1507 2618 1553 est
2632 1499 2854 1553 omnino
2871 1499 3219 1568 perspicuum
3236 1497 3380 1568 quod
3401 1496 3701 1550 tentatione

2128 1604 2345 1659 quoque
2378 1605 2542 1659 quam
2569 1604 2600 1643 a
2624 1589 2843 1643 diabolo
2874 1590 3057 1643 statim
3090 1597 3213 1658 post
3240 1587 3571 1657 baptismum
3603 1599 3699 1640 vo-

2132 1681 2366 1735 luntarie
2409 1681 2675 1750 suscepit,
2700 1681 2765 1737 ad
2797 1680 3213 1743 similitudinem
3242 1678 3432 1735 Adami
3460 1685 3712 1733 tentatus-

443 1764 967 1829 considerationem,
1001 1778 1320 1836 serpentum
1358 1770 1863 1841 interemptiouem,
1888 1750 2021 1830 .the-
2060 1750 2102 1805 B
2128 1783 2207 1829 est
2234 1774 2650 1829 intentabiliter.
2676 1773 2812 1828 Vide
2839 1772 2986 1827 enim
3014 1772 3070 1827 in
3100 1772 3349 1841 utrisque
3377 1783 3563 1826 rerum
3592 1769 3699 1839 sibi

446 1864 735 1904 saurorum
763 1853 1177 1909 revelationem.
1212 1856 1308 1911 His
1336 1866 1389 1912 et
1413 1860 1684 1929 ejusmodi
1712 1863 1837 1917 aliis
1861 1863 2023 1919 innu-

449 1941 807 1995 merabilibus
851 1945 1315 2013 promissionibus
1348 1965 1472 2004 cum
1520 1953 1785 2009 molestus
1829 1954 2024 2010 fuisset

448 2032 669 2084 mulieri
710 2035 850 2102 (qua:
880 2035 1229 2111 dicebatur),
1254 2056 1449 2111 nempe
1499 2054 1707 2099 naturze
1745 2046 2018 2114 humanae,

448 2121 751 2177 sceleratus
785 2140 1051 2194 serpens:
1079 2130 1328 2196 plurimis
1371 2134 1531 2188 annis
1575 2136 1624 2189 ei
1658 2140 1933 2206 persuasit
1967 2148 2024 2195 et

450 2210 732 2266 inclinavit
764 2224 822 2268 ut
857 2232 886 2269 a
926 2217 1035 2270 Deo
1066 2219 1324 2276 deﬁceret
1352 2232 1407 2277 e'.
1432 2224 1610 2294 ipsum
1637 2229 1866 2283 coleret.
1895 2230 2023 2287 Ideo

376 2338 381 2341 μ
448 2300 583 2355 dicit
610 2320 623 2355 :
651 2303 719 2357 Et
748 2306 870 2359 vidit
906 2309 1097 2363 mulier
1128 2313 1268 2381 quod
1295 2314 1488 2369 bonum
1530 2326 1660 2371 esset
1705 2318 1910 2391 lignum
1953 2324 2025 2376 ad

448 2393 837 2450 comedendum.
867 2396 1046 2463 Quare
1076 2412 1294 2471 apertos
1325 2406 1515 2461 habuit
1544 2410 1753 2473 oculos,
1782 2420 1839 2466 et
1874 2428 2026 2468 ama-

446 2485 527 2538 vit
557 2485 741 2539 cibum
776 2504 872 2542 seu
918 2502 1158 2560 gustum,
1190 2497 1337 2563 quod
1372 2486 1578 2553 bonum
1626 2511 1772 2556 esset
1813 2503 2023 2573 lignum

446 2577 512 2631 ad
539 2579 936 2635 comedendum
974 2601 984 2635 :
1017 2587 1196 2641 omnis
1224 2588 1373 2642 enim
1401 2590 1561 2645 cibus
1595 2594 1943 2664 cognoscitur
1967 2603 2024 2649 et

449 2669 717 2736 probatur
772 2687 869 2739 per
915 2685 1153 2743 gustum.
1208 2678 1574 2743 Quamobrem
1627 2682 1757 2737 hinc
1801 2678 2063 2753 quoque’

454 2775 638 2814 rursus
661 2762 986 2818 refelluntur
1008 2766 1101 2835 qui
1126 2768 1438 2824 existimant
1471 2772 1586 2828 haec
1619 2774 1724 2829 dici
1753 2776 1929 2829 solum
1955 2777 2023 2830 ad

451 2848 687 2903 litteram
718 2869 729 2904 :
761 2853 826 2905 Et
858 2854 984 2907 vidit
1018 2857 1209 2911 mulier
1241 2863 1378 2922 quod
1417 2862 1608 2917 bonum
1649 2877 1779 2919 esset
1823 2866 2025 2935 lignum

453 2938 523 2990 ad
544 2942 933 3009 comedendum,
971 2956 1021 2998 et
1040 2950 1333 3017 jucundum
1362 2954 1525 3008 oculis
1554 2957 1623 3008 ad
1650 2959 1948 3024 videndum,
1976 2969 2027 3015 et

451 3029 729 3096 pulchrum
779 3036 865 3111 ad.
888 3040 1348 3099 considerandum;
1386 3046 1519 3099 Nam
1551 3049 1709 3116 quod.
1729 3049 1796 3104 ad
1829 3066 2025 3121 corpov

448 3121 618 3177 ralem
652 3125 873 3192 quidem
910 3128 1204 3186 dictionem
1239 3136 1437 3191 attinet
1463 3153 1584 3206 qua:
1622 3148 1707 3195 est
1735 3143 1790 3196 in
1835 3159 2022 3212 prom-

448 3222 568 3282 ptu,
627 3215 804 3269 visum
851 3227 936 3272 est
984 3221 1311 3289 quibuslam
1364 3226 1549 3283 dicere
1596 3231 1743 3299 quod
1790 3232 2020 3297 formam

448 3303 742 3369 quamdam
771 3321 932 3374 supra
965 3312 1184 3364 modum
1214 3315 1553 3382 splendidam
1585 3327 1639 3373 et
1661 3330 1884 3390 stupore
1910 3325 2025 3393 ple-

450 3408 574 3445 nam
612 3396 826 3450 mulieri
863 3399 1126 3455 indicavit
1167 3406 1436 3475 malignus
1478 3412 1696 3479 quando
1729 3430 1849 3469 eam
1889 3418 2024 3471 allo-

447 3483 742 3552 quebatur,
779 3491 1007 3557 scipsum
1060 3495 1450 3563 transﬁgurans
1494 3501 1547 3552 in
1592 3503 1837 3570 angelum
1872 3505 2022 3571 lucis,

452 3581 510 3626 nt
540 3574 671 3628 dicit
700 3576 993 3646 Apostolus
1030 3584 1091 3645 ",
1127 3585 1351 3652 perinde
1384 3603 1449 3647 ac
1474 3590 1518 3644 si
1556 3591 1767 3649 diceret
1795 3613 1807 3647 τ
1836 3596 1891 3650 In
1926 3598 2027 3653 hac

450 3662 622 3717 forma
656 3675 711 3719 et
744 3668 912 3736 gloria
944 3671 1097 3725 eritis
1127 3674 1269 3728 sicut
1300 3676 1399 3742 dii,
1431 3678 1476 3731 si
1523 3678 1737 3737 fructus
1767 3674 2025 3742 meil'ue—

451 3755 573 3809 ritis
603 3759 918 3828 participes.
952 3761 1018 3817 Et
1045 3763 1147 3819 hac
1172 3765 1239 3820 de
1267 3782 1452 3833 causa,
1482 3770 1682 3841 inquit,
1708 3775 1917 3831 dictum
1944 3787 2027 3833 est

450 3842 584 3899 illud
632 3865 644 3900 :
696 3848 763 3901 Et
809 3851 935 3903 vidit
970 3854 1157 3908 mulier
1201 3856 1397 3927 lignum
1446 3863 1585 3932 quod
1618 3864 1914 3934 jucundum
1950 3878 2026 3922 est

449 3937 610 3991 oculis
644 3939 712 3990 ad
743 3941 1039 4007 videndum,
1073 3956 1124 3998 et
1149 3949 1425 4016 pulchrum
1455 3955 1524 4007 ad
1554 3956 2026 4026 considerandum;

449 4039 516 4076 an
552 4036 734 4079 autem
770 4028 884 4085 haec
917 4032 990 4086 ita
1023 4032 1278 4101 habeant,
1313 4056 1421 4094 non
1452 4041 1629 4097 habeo
1655 4045 1786 4114 quid
1825 4047 2024 4104 dicam.

455 4114 524 4170 Et
556 4120 809 4187 accipiens
839 4122 900 4174 de
932 4124 1106 4193 [ructu
1136 4129 1308 4198 ipsum
1343 4134 1581 4197 comedit,
1609 4144 1659 4188 et
1695 4138 1835 4192 dedit
1864 4143 2027 4196 etiam

448 4208 564 4260 viro
608 4227 724 4304 suo,
754 4220 800 4265 et
840 4218 1082 4273 comedit.
1133 4220 1296 4291 Atqui
1345 4226 1587 4281 nondum
1625 4239 1742 4284 erat
1772 4233 1854 4285 vir
1882 4235 2021 4304 ejus,

450 4314 629 4370 neque
658 4303 772 4373 ipsa
800 4307 918 4378 ejus
941 4310 1157 4367 mulier.
1180 4314 1291 4369 Cur
1315 4328 1497 4371 autem
1527 4334 1634 4373 non
1668 4324 1828 4377 ambo
1859 4303 2023 4382 simul

2123 1882 2190 1919 ex
2236 1864 2468 1918 adverso
2516 1862 2915 1932 respondentes
2961 1862 3295 1917 imitationes
3337 1867 3392 1915 et
3426 1857 3699 1928 exempla,

2122 1952 2228 2008 hoc
2258 1962 2308 2007 te
2338 1961 2525 2021 aperte
2568 1952 2845 2017 decentia,
2879 1960 2936 2007 et
2971 1951 3116 2021 quod
3153 1950 3429 2020 quomodo
3460 1949 3700 2018 priorem

2120 2044 2388 2099 Adamum
2424 2060 2523 2114 per
2545 2044 2712 2098 Evam
2734 2043 3060 2097 adhortatus
3089 2050 3173 2097 est
3201 2041 3267 2096 ad
3294 2039 3658 2096 idololatriam
3682 2055 3698 2092 :

2122 2137 2195 2191 ita
2222 2137 2386 2193 etiam
2421 2136 2663 2192 secundo
2686 2135 2895 2190 Adamo
2925 2149 3024 2203 per
3055 2124 3296 2195 carnem,
3329 2147 3548 2187 causam
3574 2130 3702 2201 qui-

2122 2227 2243 2282 dem
2278 2208 2522 2280 adnovit
2567 2234 2623 2280 et
2667 2223 3051 2293 irruptionem,
3088 2221 3181 2277 sed
3213 2237 3441 2292 scopum
3474 2237 3585 2275 non
3619 2206 3707 2274 at-

2122 2321 2263 2391 tigit.
2295 2320 2375 2375 Ad
2407 2334 2535 2373 eum
2583 2325 2769 2390 autem
2804 2318 2898 2387 qui
2938 2297 3269 2373 contradicit
3311 2313 3701 2387 refellendum.

2116 2410 2320 2466 suillcit
2340 2404 2526 2465 rerum
2549 2410 2775 2475 veritas,
2804 2425 2926 2478 quae
2952 2409 3060 2464 hoc
3082 2408 3245 2463 modo
3274 2400 3536 2463 Seliabet.
3563 2405 3703 2483 Cum

2122 2497 2358 2565 primum
2403 2497 2551 2551 enim
2600 2505 2893 2567 generatus
2935 2495 3040 2550 fuit
3093 2496 3301 2567 primus
3330 2495 3527 2561 Adam,
3603 2512 3708 2566 per

2122 2587 2369 2658 conjugis
2393 2589 2511 2657 ejus
2535 2570 2740 2649 costam
2775 2587 2994 2657 (nempe
3032 2585 3223 2656 Evam)
3254 2601 3379 2640 eum
3412 2601 3707 2656 aggressus

2123 2684 2207 2729 est
2238 2676 2425 2739 Satan,
2453 2684 2508 2730 et
2538 2691 2662 2729 cum
2694 2676 2934 2744 primum
2966 2675 3245 2729 secundus
3274 2675 3445 2729 Adam
3480 2679 3706 2745 (nempe

2123 2752 2400 2836 Christus)
2445 2783 2625 2821 veram
2674 2766 2918 2821 ostendit
2963 2766 3434 2836 regenerationem
3480 2766 3566 2821 sui
3599 2765 3707 2821 ba-

2125 2861 2400 2930 ptismatis
2434 2876 2532 2930 per
2557 2874 2712 2914 suam
2742 2859 3053 2929 conjugem,
3080 2874 3208 2913 cum
3240 2867 3452 2914 tentare
3479 2872 3709 2933 aggres-

2125 2969 2221 3009 sus
2247 2961 2330 3007 est
2359 2962 2614 3007 tentator.
2654 3020 2658 3025 _
3192 2950 3201 2957 ’

2199 3046 2417 3100 Primus
2449 3046 2619 3101 Adam
2656 3044 2849 3102 habuit
2877 3046 2973 3101 Dei
3010 3045 3465 3110 insulilationem;
3502 3057 3712 3097 secun-

2125 3137 2249 3201 dus,
2276 3137 2543 3207 Spiritum
2573 3154 2639 3194 ex
2670 3140 2830 3194 cmlo.
2853 3138 3070 3205 Rursus
3100 3137 3151 3190 in
3179 3136 3361 3191 medio
3390 3134 3710 3205 plantarum

2121 3231 2223 3284 fuit
2275 3231 2509 3283 tentatio
2556 3230 2749 3284 Adami
2799 3232 2855 3287 in
2906 3229 3054 3285 fonte
3102 3228 3271 3284 Edem
3306 3245 3318 3282 :
3348 3234 3403 3280 et
3454 3224 3708 3282 secunda

2122 3320 2378 3385 tentatio,
2430 3322 2486 3375 in
2535 3331 2720 3375 monte
2768 3312 3048 3376 Olivarum
3101 3320 3156 3374 in
3202 3308 3386 3374 medio
3431 3318 3709 3389 arborum

2120 3411 2344 3466 Christo
2393 3419 2477 3467 est
2519 3413 2763 3467 exhibita
2815 3412 3069 3483 surgenti,
3100 3428 3175 3481 ex
3221 3410 3372 3465 fonte
3420 3408 3710 3465 Iordanis.

2122 3501 2341 3556 Primus
2385 3501 2551 3555 homo
2584 3510 2822 3556 tentatus
2855 3512 2940 3555 est
2973 3516 3098 3556 cum
3125 3510 3272 3555 esset
3304 3498 3360 3553 in
3393 3497 3575 3553 medio
3603 3499 3703 3551 bc-

2126 3593 2353 3647 stiarum
2383 3611 2395 3646 :
2420 3593 2672 3647 simililer
2692 3594 2857 3647 etiam
2886 3592 2953 3646 de
2978 3592 3198 3648 Christo
3222 3591 3360 3645 dixit
3391 3591 3606 3645 Marcus
3635 3591 3708 3655 ⁸³,

2125 3685 2271 3756 quod
2296 3696 2417 3740 erat
2451 3701 2572 3741 cum
2610 3686 2803 3740 bestiis
2846 3682 2902 3740 in
2932 3685 3151 3740 deserto
3187 3695 3449 3741 tentatus.
3474 3685 3612 3744 Cum
3642 3686 3709 3741 in

2126 3779 2382 3849 paradiso
2399 3779 2673 3849 jejunaret
2701 3787 2755 3832 et
2774 3760 2921 3831 nihil
2946 3777 3127 3832 adhuc
3154 3776 3482 3849 comedisset
3512 3776 3710 3842 homo,

2132 3868 2387 3923 diabolus
2430 3884 2531 3937 per
2574 3868 2762 3923 cibum
2798 3867 3049 3929 exercuit
3082 3866 3438 3931 tentationem
3466 3882 3481 3920 :
3509 3862 3714 3921 simili-

2127 3970 2211 4013 ter
2239 3960 2403 4014 etiam
2436 3959 2501 4012 ad
2536 3958 2817 4014 Christum
2850 3960 3300 4028 cumjejunasset
3344 3958 3710 4027 quadraginta

2128 4051 2268 4113 dies,
2316 4067 2415 4120 per
2443 4050 2630 4106 cibum
2674 4048 2907 4106 accessit
2941 4051 3212 4121 malignus
3255 4050 3444 4105 dicens
3474 4068 3487 4103 :
3521 4048 3622 4104 Dic
3653 4058 3712 4103 ut

2124 4142 2328 4212 lapides
2356 4142 2442 4195 isti
2472 4158 2633 4211 panes
2660 4138 2797 4208 ﬁant
2830 4144 2892 4195 ".
2921 4143 3039 4196 Illic
3066 4141 3203 4196 dixit
3234 4157 3461 4211 serpens
3490 4158 3504 4194 :
3537 4140 3711 4196 Erilis

2124 4237 2260 4301 sicut
2292 4237 2400 4302 dii;
2428 4248 2484 4291 et
2510 4234 2641 4289 huic
2667 4234 2804 4289 dixit
2836 4234 2921 4291 :Si
2937 4233 3103 4288 Filius
3132 4232 3229 4287 Dei
3253 4234 3331 4295 es,
3359 4234 3473 4296 dic;
3500 4233 3622 4288 hac
3652 4242 3712 4287 et

2129 4328 2240 4382 illa.
2293 4329 2475 4399 Prima
2530 4326 2762 4381 tentatio
2814 4325 2918 4381 fuit
2960 4340 3064 4394 per
3112 4324 3603 4395 interrogationem
3653 4330 3713 4376 et

449 4392 829 4493 comederunt,
864 4398 957 4452 sed
1005 4402 1202 4457 mulier
1234 4406 1470 4474 primum
1500 4427 1512 4462 :
1543 4410 1742 4467 deinde
1775 4415 1856 4467 vir
1899 4432 2023 4471 cum
2061 4433 2102 4485 υ
2130 4421 2437 4476 contrarias
2464 4418 2805 4489 objectiones
2848 4433 2878 4470 a
2920 4416 3153 4472 muliere
3187 4424 3242 4470 et
3287 4421 3546 4493 serpente
3580 4431 3593 4467 :
3633 4414 3716 4469 si-

455 4481 519 4536 ab
548 4500 611 4539 ea
642 4489 964 4556 accepisset,
999 4502 1053 4546 et
1095 4510 1203 4548 non
1239 4501 1587 4564 contradixit,
1622 4519 1801 4575 neque
1842 4509 2032 4565 excla-
2062 4481 2088 4485 ν
2127 4513 2333 4571 militcr
2358 4481 2772 4571 etiam'Domini
2806 4508 3035 4564 tentatio
3062 4517 3249 4564 secuta
3306 4481 3400 4561 est
3421 4506 3714 4561 contradi-

449 4577 638 4632 mavit.
672 4594 848 4648 neque
882 4584 1106 4637 omnino
1152 4587 1204 4641 in
1256 4604 1374 4643 eam
1426 4593 1744 4660 infremuit,
1794 4608 1855 4654 ut
1904 4617 2027 4670 qua:

451 4681 561 4720 non
607 4669 912 4727 obediisset
942 4677 1193 4733 mandato
1226 4682 1359 4735 Dei?
1390 4681 1511 4740 llaec
1547 4703 1679 4757 ergo
1712 4688 1815 4744 hoc
1862 4669 2026 4748 modo

453 4771 511 4812 se
542 4756 768 4815 habent.

520 4849 790 4907 Convenit
833 4871 962 4927 ergo
991 4863 1261 4934 malignus
1297 4866 1507 4922 dzemon
1546 4870 1781 4937 primum
1834 4871 2022 4927 Eccle-

452 4940 635 5006 siam_:
664 4945 910 5002 molestia
939 4949 1142 5018 aﬂ‘ecit,
1189 4957 1480 5024 persuasit,
1528 4957 1764 5026 decepit.
1813 4961 2025 5027 accepit

451 5041 508 5086 et
549 5037 966 5104 comprehendit
999 5042 1234 5099 fructum
1279 5048 1406 5101 mali
1437 5064 1585 5111 esus,
1616 5049 1869 5105 adoravit
1904 5068 2020 5107 ma-

452 5119 659 5191 lignum
708 5132 965 5197 tanquam
1015 5132 1220 5198 Deum;
1257 5133 1456 5189 deinde
1502 5152 1627 5191 cum
1675 5139 2026 5205 comedisset,

434 5231 673 5273 reversa
703 5230 787 5275 est
832 5224 899 5278 ad
948 5225 1146 5290 virum,
1183 5229 1394 5284 dimisit
1436 5242 1765 5300 serpentem.
1798 5233 1934 5290 Cum
1962 5253 2027 5291 ea

449 5323 581 5379 ergo
612 5322 759 5368 recte
791 5324 936 5369 esset
985 5332 1200 5373 reversa
1249 5320 1316 5375 ad
1360 5338 1485 5376 eum
1527 5340 1689 5393 quem
1723 5328 1863 5381 male
1894 5329 1993 5381 reti

450 5411 668 5467 querat,
705 5404 788 5456 vir
817 5420 935 5459 eam
979 5410 1193 5477 excepit
1244 5426 1406 5477 quam
1452 5414 1607 5469 valde
1640 5418 1937 5484 qumrcbat,
1973 5430 2029 5471 et

450 5504 707 5559 tanquam
734 5496 1012 5567 prodigam
1040 5502 1405 5571 excepit.Non
1430 5515 1512 5559 est
1531 5518 1883 5577 conquestus,
1916 5528 2022 5563 non

2129 4606 2310 4661 ctorie
2342 4605 2487 4658 inter
2520 4605 2701 4673 ipsum
2735 4610 2789 4657 et
2823 4602 3119 4667 malignum
3143 4600 3469 4654 daemonem.
3508 4596 3564 4651 Si
3589 4598 3712 4655 haec

2124 4711 2255 4765 ergo
2299 4696 2483 4753 omnia
2527 4694 2765 4749 similem
2820 4693 3024 4763 habent
3055 4700 3242 4761 typum
3277 4699 3335 4743 et
3372 4689 3598 4760 ﬁguram
3652 4687 3712 4740 in

2123 4787 2304 4856 primo
2337 4787 2544 4840 Adamo
2576 4782 2709 4840 etin
2752 4784 2993 4841 Christo.
3030 4784 3098 4837 de
3126 4791 3326 4837 caetero
3360 4797 3429 4835 ne
3458 4780 3710 4840 dubites,

2130 4878 2227 4932 sed
2268 4887 2421 4932 certo
2456 4878 2598 4932 scias
2620 4877 2769 4947 quod
2807 4878 2858 4931 id
2884 4876 3030 4944 quod
3054 4874 3276 4955 Christo
3302 4883 3385 4927 est
3414 4872 3712 4926 oblocutus

2131 4966 2343 5029 dicens,
2369 4975 2429 5021 ut
2454 4966 2659 5022 cadens
2684 4966 2938 5028 adoraret
2966 4966 3143 5034 ipsum
3180 4963 3478 5032 malignum
3513 4961 3716 5014 draco-

2132 5070 2259 5109 nem
2289 5055 2332 5086 "
2358 5073 2370 5109 :
2400 5054 2505 5109 hoc
2526 5062 2647 5109 erat
2671 5054 2819 5124 quod
2843 5055 3126 5108 mulierem
3153 5051 3454 5107 Ecclesiam
3481 5051 3535 5103 in
3556 5048 3715 5118 priu-

2130 5145 2278 5214 cipio
2310 5154 2396 5199 est
2422 5144 2681 5207 adortus,
2728 5152 2786 5198 et
2824 5144 3133 5213 persuasit,
3168 5152 3226 5196 et
3272 5140 3510 5207 decepit.
3552 5135 3715 5195 Unde

2126 5238 2292 5292 etiam
2310 5253 2433 5292 cum
2459 5237 2677 5306 probris
2688 5235 2969 5289 hominem
3002 5235 3365 5288 insectaretur
3379 5232 3546 5291 Deus,
3565 5234 3715 5299 post-

2129 5342 2292 5396 quam
2327 5340 2454 5380 eum
2502 5324 2685 5378 induit
2728 5324 2909 5378 tunica
2960 5322 3209 5392 pellicea,
3244 5319 3313 5375 de
3342 5319 3471 5374 cibo
3503 5318 3555 5372 ei
3594 5316 3713 5370 cri-

2130 5431 2253 5471 men
2287 5431 2398 5469 non
2444 5415 2697 5475 intentat,
2731 5411 2826 5467 sed
2871 5412 2939 5469 de
2982 5411 3167 5465 divina
3201 5409 3412 5465 visione
3453 5418 3510 5462 et
3551 5402 3707 5459 defe-

2127 5520 2332 5572 ctione,
2359 5507 2548 5561 dicens
2575 5524 2587 5559 :
2622 5506 2753 5560 Ecce
2795 5504 2962 5574 factus
2999 5512 3073 5557 est
3105 5502 3272 5557 Adam
3312 5503 3447 5554 sicut
3478 5512 3613 5553 unus
3642 5510 3710 5549 ex

528 5675 572 5704 ¹³
598 5673 639 5726 ll
668 5675 794 5731 Cor.
829 5695 900 5744 x1,
934 5681 1013 5734 li.
1095 5684 1134 5714 “
1167 5685 1329 5740 llchr.
1365 5704 1422 5755 ιι,
1457 5691 1507 5744 0.
1590 5692 1628 5721 ’⁸
1660 5691 1826 5745 Marc.
1862 5708 1899 5758 ι,
1936 5692 2015 5745 15.

2125 5693 2139 5719 ‘
2169 5691 2356 5745 .‘datth.
2390 5707 2461 5759 tv,
2499 5692 2550 5745 5.
2632 5690 2673 5721 ¹⁷
2702 5688 2892 5742 Matth.
2942 5703 3016 5752 tv,
3048 5686 3103 5742 9.
