4056 6148
461 344 588 415 1021

1560 353 1662 445 ⁸,ιΝ
1700 360 2246 424 HEXAEMERON.
2276 392 2347 403 -—
2380 366 2528 429 Lm.
2570 366 2643 430 x.

3577 377 3593 439 l
3606 380 3708 441 02‘!

458 463 600 517 nobis
626 470 684 516 ut
717 474 1041 555 cognosceret
1069 462 1262 523 bonum
1301 477 1351 522 et
1381 469 1583 526 malum
1607 492 1624 529 :
1648 473 1858 540 dicens,
1884 474 2025 529 Ada—
2053 476 2100 533 A
2126 487 2260 542 stos,
2289 479 2489 537 de-nde
2515 481 2867 538 con-edentes
2891 482 3127 554 aliquam
3155 498 3185 539 a
3216 490 3472 557 serpente
3499 501 3702 556 eseam,

456 564 627 616 muni,
651 552 843 607 mundi
879 555 1158 611 hominem
1189 557 1244 612 in
1273 575 1494 630 genere.
1535 562 1616 617 lta
1657 564 1806 617 enim
1838 564 2030 620 existi-

455 641 678 698 mabant
717 645 927 715 seipsos
974 663 1096 704 esse
1143 648 1297 717 deos,
1334 660 1590 723 tanquam
1631 653 1928 711 Saturnum
1973 664 2028 711 et

455 730 664 796 Jovem,
707 745 764 788 et
807 734 1134 792 Mercurium
1170 748 1227 794 et
1257 738 1587 809 Apollinem,
1630 750 1686 797 et
1732 743 2026 799 Herculem

453 831 511 879 et
540 824 789 894 Serapin,
814 836 871 881 et
898 828 1123 883 Dianam
1157 840 1213 886 et
1254 832 1497 902 reliquos
1530 833 1655 889 illos
1678 835 1818 890 nihil
1841 838 2025 908 minus

452 931 616 986 quam
669 917 822 973 deos.
871 918 1084 986 Quibus
1128 921 1423 978 admodum
1471 927 1717 995 apposite
1767 928 2025 983 convenit

451 1008 601 1079 quod
634 1019 758 1080 post
801 1013 1005 1066 malum
1048 1013 1200 1067 illum
1233 1029 1388 1069 esum
1425 1017 1892 1086 protoplastorum
1939 1019 2024 1074 di-

452 1108 602 1153 ctum
631 1109 718 1155 est
744 1117 757 1153 :
781 1101 917 1155 Nam
947 1119 1064 1156 cum
1092 1103 1451 1168 comedissent,
1480 1105 1676 1174 inquit,
1707 1107 1878 1176 aperti
1898 1116 2021 1161 sunt

449 1203 631 1242 eorum
675 1189 832 1255 oculi,
877 1199 927 1244 et
966 1201 1320 1261 cognoverunt
1367 1194 1505 1263 quod
1554 1195 1681 1248 nudi
1712 1205 1865 1249 erant
1896 1212 1927 1251 a
1960 1213 2021 1251 re

444 1279 614 1350 Quam
635 1278 1021 1338 existimarunt
1041 1300 1099 1339 se
1125 1299 1245 1339 esse
1268 1295 1614 1350 consecutos,
1646 1296 2021 1356 cognoverunt

447 1381 630 1428 autem
665 1374 812 1444 quod
854 1375 1185 1430 aberrarunt
1213 1392 1244 1430 a
1272 1393 1331 1431 re
1361 1393 1522 1447 quam
1549 1387 1934 1447 exspectarunt
1959 1394 2019 1434 se

446 1478 567 1518 esse
599 1474 968 1519 assecuturos.
999 1464 1270 1535 Cognovit
1306 1467 1521 1520 tandem
1547 1465 1793 1521 Ecclesia
1822 1476 1878 1520 et
1902 1482 2019 1521 om-

445 1554 535 1609 nis
576 1555 741 1609 homo
792 1557 888 1625 qui
931 1557 1051 1627 ejus
1089 1558 1264 1613 errori
1315 1558 1566 1623 adlnesit,
1602 1559 1749 1627 quod
1795 1558 2019 1613 fuerunt

447 1643 660 1715 decepti
682 1662 712 1699 a
743 1647 980 1716 maligno
1005 1658 1281 1717 serpente,
1306 1656 1362 1702 et
1385 1648 2016 1717 emcutiebantpntantes

447 1754 505 1793 se
535 1754 655 1793 esse
697 1740 851 1794 deos.
883 1739 1115 1806 Quando
1147 1749 1329 1794 autem
1382 1739 1560 1794 illuxit
1600 1739 1691 1793 lux
1732 1756 1854 1794 vera
1897 1755 2016 1810 qua:

444 1828 713 1885 illuminat
732 1846 940 1884 omnem
962 1833 1223 1885 hominem
1244 1833 1307 1896 ”',
1330 1834 1501 1901 aperti
1517 1842 1638 1885 sunt
1650 1830 1786 1885 oculi
1816 1832 2012 1886 animae
2048 1810 2091 1865 Β

442 1938 621 1975 eorum
661 1939 680 1977 :
712 1933 769 1977 et
797 1933 1178 1994 cognoverunt
1212 1925 1359 1994 quod
1392 1925 1547 1994 prius
1581 1936 1741 1979 erant
1784 1925 1917 1978 nudi
1963 1933 2017 1980 et

441 2015 650 2070 miseri.
678 2017 774 2071 Est
796 2018 943 2072 enim
970 2018 1346 2072 adnotandum
1371 2018 1515 2088 quod
1545 2035 1653 2073 non
1683 2018 1818 2074 dicit
1843 2037 1855 2072 :
1879 2017 2017 2073 Sunt

441 2107 588 2169 nudi,
625 2108 721 2162 sed
753 2108 901 2178 quod
930 2118 1083 2163 erant
1124 2112 1269 2179 prius
1314 2110 1391 2180 (in
1436 2118 1685 2180 tempore
1715 2111 2014 2182 prmterilo)

439 2196 793 2252 mentientes
825 2198 1155 2253 idololatria.
1184 2200 1301 2253 Alia
1337 2207 1421 2253 est
1457 2215 1586 2269 ergo
1624 2199 1796 2268 prima
1822 2214 2014 2255 eorum

439 2285 687 2354 nudatio,
719 2287 827 2345 hoc
851 2299 953 2354 est,
982 2306 1011 2344 a
1041 2291 1201 2359 bonis
1229 2291 1510 2355 alienatio,
1533 2291 1890 2361 quamobrem
1913 2306 2016 2346 nec

441 2386 571 2435 tunc
601 2381 1042 2448 erubescebant;
1078 2383 1182 2436 alia
1229 2391 1412 2438 autem
1458 2390 1539 2438 est
1585 2399 1650 2438 ea
1697 2398 1819 2454 qua:
1866 2399 2015 2439 nunc

443 2470 642 2526 dicitur
670 2472 923 2535 nudatio,
951 2489 1147 2543 nempe
1178 2489 1207 2527 a
1237 2473 1350 2527 Deo
1378 2472 1666 2528 excidisse.
1694 2472 1794 2539 Qui
1828 2481 2011 2527 autem

372 2626 379 2631 ν
439 2562 507 2616 ad
551 2561 790 2617 litteram
821 2564 998 2617 solum
1025 2564 1260 2619 audiunt
1282 2580 1404 2634 qua:
1429 2565 1632 2633 scripta
1674 2572 1803 2617 sum
1820 2562 1895 2617 de
1919 2579 2013 2633 pa.

438 2653 641 2718 radiso,
668 2662 725 2709 et
751 2653 1042 2720 fructiths,
1070 2666 1125 2711 ct
1162 2656 1346 2727 lignis,
1376 2664 1433 2709 et
1457 2656 1608 2721 cibo,
1635 2667 1692 2710 et
1730 2664 2009 2727 serpente,

438 2753 495 2800 et
524 2746 675 2801 visus
714 2747 1153 2816 recuperationc,
1193 2747 1448 2802 incidunt
1487 2748 1544 2801 in
1576 2747 1862 2802 exitiosam
1904 2748 2013 2801 Ma.

437 2832 774 2889 uichmorum
801 2847 858 2889 et
882 2834 1208 2904 Ophitarum
1234 2837 1590 2906 impietatem.
1618 2836 1701 2891 Illi
1726 2837 1874 2891 enim
1898 2849 2013 2892 ser-

438 2927 588 2995 penti
625 2936 881 2997 tanquam
910 2927 1250 2983 benefactori
1290 2929 1553 2983 maximas
1589 2935 1758 2999 agunt
1785 2928 2007 2999 gratias,

438 3017 684 3073 dicentes
712 3019 856 3088 quod
888 3032 988 3089 per
1021 3030 1332 3090 serpentem
1358 3020 1520 3075 nobis
1546 3019 1780 3075 accessit
1816 3021 2006 3087 cibus;

436 3124 535 3181 per
565 3110 773 3176 cibum,
800 3113 1148 3181 recuperatio
1176 3110 1360 3180 visus;
1395 3129 1491 3183 per
1515 3126 1634 3168 eam
1660 3113 1883 3178 deinde,
1909 3130 2013 3167 nu-

2129 580 2185 625 et
2216 587 2316 640 per
2347 573 2524 642 ipsam
2552 576 2731 630 visum
2764 587 3171 647 recuperantes.
3206 577 3343 633 Veni
3392 578 3461 635 de
3505 592 3705 639 caetero

2127 679 2159 717 a
2191 663 2330 734 typis
2376 664 2431 719 id
2466 681 2652 720 rerum
2684 668 2993 721 veritatem.
3042 668 3313 724 Evertens
3358 669 3507 725 enim
3539 672 3705 728 Chri-

2126 762 2244 806 stus
2278 752 2425 807 illam
2458 756 2745 825 amborum
2779 758 3118 824 nuditatem,
3166 768 3222 814 et
3250 777 3453 818 curans
3484 765 3703 821 caecita-

2127 850 2257 909 tem,
2288 854 2343 899 et
2372 845 2599 903 abolens
2630 849 2827 903 malam
2878 850 3097 904 illorum
3143 867 3324 907 escam
3368 869 3466 922 per
3506 872 3701 925 quam-

2124 935 2247 990 dam
2274 935 2738 1003 benedictionem,
2768 950 2825 994 et
2849 957 2879 995 a
2902 942 3126 1011 proprio
3151 958 3279 998 casu
3307 961 3402 1000 eos
3434 948 3699 1013 excitans,

2123 1034 2178 1081 ct
2208 1027 2480 1083 reducens
2509 1045 2605 1085 eos
2628 1032 2877 1087 videntes
2908 1034 3055 1088 unde
3083 1035 3340 1090 exierunt
3368 1054 3478 1093 non
3509 1041 3698 1096 viden-

2124 1126 2235 1183 tes;
2268 1119 2398 1173 audi
2429 1121 2562 1190 quid
2608 1122 2737 1177 facit
2783 1132 3071 1194 postquam
3102 1128 3347 1185 surrexit
3374 1146 3403 1182 a
3447 1133 3698 1188 mortuis.

2120 1209 2359 1282 Cleopha
2395 1215 2562 1279 enim,
2591 1226 2646 1270 et
2683 1219 2775 1286 qui
2825 1234 2950 1273 cum
2983 1235 3050 1273 eo
3080 1229 3198 1274 erat
3237 1222 3385 1277 Luca
3431 1223 3512 1294 (ut
3546 1226 3701 1280 dixe-

2122 1312 2251 1356 runt
2280 1305 2512 1376 mystas),
2541 1307 2608 1360 ad
2654 1308 2855 1363 Emaus
2888 1310 2957 1364 ab
2987 1310 3316 1379 Jerusalem,
3351 1315 3497 1369 sicut
3528 1318 3695 1374 Adam

2119 1405 2177 1450 et
2205 1396 2336 1460 Eva,
2364 1399 2651 1466 separatis,
2687 1410 2744 1455 et
2776 1402 2955 1457 lucem
2993 1420 3179 1458 veram
3216 1422 3323 1459 non
3360 1407 3697 1477 videntibus,

2116 1487 2266 1543 Iesus
2309 1493 2740 1562 appropinquans
2785 1495 3093 1550 ambulabat
3140 1515 3258 1551 cum
3301 1500 3371 1553 eis
3412 1517 3430 1554 :
3463 1509 3512 1553 et
3559 1503 3700 1555 oculi

2118 1597 2302 1635 eorum
2331 1583 2498 1643 adhuc
2528 1585 2841 1640 tenebantur
2879 1604 2942 1641 ne
2986 1606 3105 1643 eum
3141 1602 3481 1660 agnoscerent
3513 1596 3576 1648 ’⁸.
3600 1596 3698 1648 At-

2117 1674 2211 1743 qui
2258 1674 2347 1727 hic
2392 1676 2614 1743 quidem
2659 1677 2765 1731 fuit
2793 1678 3016 1734 videndi
3049 1682 3317 1745 defectus,
3348 1686 3475 1738 audi
3509 1696 3693 1750 autem

2118 1766 2279 1820 etiam
2307 1783 2428 1835 quae
2451 1768 2715 1838 deinceps
2743 1779 2871 1824 sunt
2904 1782 3091 1827 secuta
3122 1793 3134 1826 :
3166 1774 3385 1830 Factum
3411 1787 3486 1831 est
3517 1787 3695 1832 autem

2122 1856 2246 1909 dum
2272 1856 2379 1925 ipse
2410 1859 2724 1913 ret‘umberet
2755 1879 2872 1915 cum
2909 1864 3002 1925 eis,
3032 1867 3290 1935 accipiens
3320 1886 3509 1938 panem
3538 1870 3689 1925 bene-

2120 1949 2251 2001 dixit
2280 1950 2346 2002 '°.
2376 1950 2510 2004 Ecce
2546 1951 2858 2007 benedictio
2884 1971 2984 2024 pro
3012 1960 3411 2014 exsecratione.
3443 1962 3513 2015 Et
3541 1963 3694 2031 fran-

2118 2056 2241 2110 gens
2288 2042 2431 2094 dedit
2476 2044 2577 2108 eis;
2618 2062 2801 2099 eorum
2850 2057 3026 2102 autem
3060 2053 3233 2120 aperti
3280 2063 3403 2107 sunt
3443 2055 3602 2121 oculi,
3639 2068 3689 2113 et

2118 2142 2441 2201 agnoverunt
2464 2153 2581 2189 eum
2611 2137 2677 2190 ⁸³.
2705 2138 2846 2193 Ecce
2872 2139 3044 2195 habes
3074 2158 3255 2196 eseam
3290 2162 3303 2196 :
3335 2144 3507 2200 habes
3528 2147 3692 2203 etiam

2115 2241 2216 2294 per
2244 2241 2427 2280 escam
2476 2229 2627 2283 visus
2674 2233 3172 2300 recuperationem,
3209 2244 3267 2290 et
3308 2237 3401 2291 Dei
3457 2240 3692 2309 agnitio-

2115 2335 2241 2373 nem
2273 2336 2435 2388 quem
2474 2336 2570 2389 per
2598 2338 2777 2376 escam
2819 2324 3211 2394 ignoraverunt
3238 2330 3582 2399 protoplasti.

2186 2411 2392 2466 Deinde
2430 2413 2560 2481 quid
2594 2413 2652 2467 lit
2679 2424 2801 2482 post
2825 2427 3099 2486 sumptam
3136 2418 3364 2475 escam?
3400 2419 3686 2493 Surgentes

2113 2499 2230 2571 ipsa
2260 2503 2389 2555 hora
2411 2505 2606 2557 reversi
2639 2514 2763 2558 sunt
2790 2507 2844 2560 in
2903 2504 3201 2563 Jerusalem
3233 2511 3301 2563 ²¹.
3327 2506 3471 2566 Ecce
3522 2515 3688 2569 etiam

2113 2602 2296 2645 aeasu
2349 2593 2651 2648 excitatio:
2706 2608 2837 2650 ecce
2876 2598 3047 2650 etiam
3103 2601 3339 2669 pulchra
3382 2603 3451 2656 ab
3496 2614 3688 2659 errore

2115 2686 2378 2738 reversio.
2437 2685 2684 2741 Primum
2743 2690 3126 2755 comederunt,
3178 2692 3380 2748 deinde
3434 2696 3513 2749 sic
3561 2705 3690 2751 sum

2113 2775 2344 2828 reversi.
2391 2775 2689 2846 Postquam
2723 2788 2907 2837 autem
2940 2781 3051 2835 Eva
3075 2783 3317 2851 primum
3359 2783 3690 2840 comeditex

2112 2862 2322 2933 fructu,
2372 2867 2575 2923 deinde
2617 2870 2683 2924 ad
2738 2870 3007 2927 Adamum
3049 2884 3135 2928 eSt
3183 2890 3425 2940 reversa,
3457 2884 3514 2931 et
3558 2891 3687 2931 eum

2111 2959 2293 3026 fructu
2347 2961 2633 3031 impertiit,
2680 2971 2735 3018 et
2771 2967 3034 3022 comedit.
3086 2966 3192 3021 Sed
3225 2969 3399 3024 Adam
3455 2986 3559 3024 non
3613 2978 3689 3024 est

2111 3048 2352 3119 deceptus
2372 3050 2439 3114 ”,
2482 3049 2588 3104 hoc
2609 3059 2714 3115 est,
2748 3051 3165 3110 Christus:sed
3203 3057 3365 3111 simul
3404 3058 3687 3123 accubuit,

2040 3152 2085 3212 ο
2114 3141 2306 3194 volens
2332 3148 2393 3194 ut
2425 3151 2678 3210 surgeret
2701 3156 2823 3211 quae
2846 3144 3148 3198 ceciderat.
3179 3144 3262 3199 Tu
3294 3153 3479 3200 autem
3505 3147 3689 3204 adhuc

435 3201 603 3303 ptiar;
634 3218 733 3272 per
760 3204 982 3274 nuptias
1022 3214 1230 3307 autern,
1254 3205 1494 3307 mundus
1522 3216 1795 3307 :‘prOpter
1832 3205 2014 3307 habile
2045 3201 2085 3212 u
2111 3228 2419 3286 lmmorans
2476 3232 2530 3286 in
2582 3231 2797 3297 littera,
2860 3236 3155 3291 considera
3212 3237 3378 3291 etiam
3440 3237 3687 3307 ipsorum

438 3292 524 3347 nis
570 3302 756 3349 autem
804 3306 1113 3367 peceatum,
1147 3290 1293 3353 Deus
1322 3299 1489 3353 homo
1533 3298 1710 3353 factus
1738 3308 1841 3354 est.
1874 3294 2014 3353 llinc

436 3385 701 3440 caelorum
734 3402 963 3457 regnum
991 3400 1047 3443 et
1080 3389 1222 3444 bona
1247 3400 1450 3445 aeterna
1474 3404 1708 3461 quorum
1735 3401 1928 3446 auctor
1958 3398 2014 3446 et

434 3477 758 3535 conciliator
781 3479 883 3534 fuit
915 3478 1079 3535 nobis
1104 3494 1348 3551 serpens.
1382 3482 1528 3553 Ergo
1559 3499 1630 3537 ne
1659 3499 1763 3555 nos
1792 3496 2012 3553 quoque

436 3568 741 3625 incidamus
768 3571 826 3625 in
854 3586 1046 3635 eorum
1088 3574 1419 3643 impie‘tates,
1447 3575 1770 3644 prophetiae
1810 3574 2014 3629 intelli-

432 3676 625 3732 gamus
655 3660 722 3718 de
756 3663 976 3719 Christo
1007 3675 1061 3719 et
1102 3664 1346 3720 Ecclesia
1375 3682 1717 3737 quaecunque
1746 3664 2010 3722 historice

433 3752 637 3822 scripta
681 3763 807 3808 sunt
838 3762 933 3809 aut
963 3754 1104 3810 facta
1137 3755 1189 3809 in
1223 3756 1499 3825 paradiso,
1529 3757 1773 3827 quaedam
1802 3766 2012 3829 tempo-

433 3844 570 3899 ralia
620 3853 932 3916 temporum
982 3834 1272 3902 intervalla
1327 3850 1382 3903 in
1430 3861 1762 3919 unoquoque
1817 3865 2009 3905 eorum

431 3935 648 3991 diverse
670 3936 1060 4007 intelligentes,
1086 3939 1301 3994 etiamsi
1326 3939 1561 3995 maxime
1589 3942 1771 3995 omnia
1796 3939 1889 3995 illa
1913 3957 2011 3996 au-

432 4029 649 4085 diamus
690 4038 947 4101 tanquam
992 4031 1133 4086 facta
1182 4032 1239 4085 in
1280 4046 1391 4086 uno
1422 4042 1688 4102 tempore.
1719 4033 1883 4088 Aliud
1923 4042 2008 4090 est

431 4121 580 4176 enim
610 4123 743 4177 illud
781 4132 999 4192 tempus
1035 4118 1254 4193 quando
1295 4134 1413 4177 erat
1442 4120 1688 4177 Ecclesia
1724 4139 1836 4178 non
1875 4140 2006 4179 eru-

430 4213 684 4279 bescens,
724 4222 785 4269 ut
806 4216 1120 4284 quae’nuda
1161 4215 1230 4269 ab
1259 4216 1408 4269 omni
1438 4223 1664 4285 peccato
1706 4225 1853 4270 esset
1882 4232 2006 4271 cum

428 4319 534 4377 suo
559 4304 679 4359 viro
705 4323 718 4358 :
745 4310 802 4360 et
823 4302 973 4360 aliud
1003 4315 1199 4361 rursus
1235 4290 1457 4376 tempus
1486 4307 1705 4376 quando
1748 4307 1885 4362 laxis
1911 4307 2008 4362 lia-

432 4398 591 4455 benis
622 4401 743 4456 viro
774 4400 967 4455 relicto
1011 4401 1464 4455 consuetudinem
1499 4398 1695 4455 habuit
1738 4416 1860 4456 cum
1892 4416 2007 4457 ser-

2113 3320 2415 3385 actionem,
2448 3330 2504 3376 et
2535 3338 2718 3391 qumre
2774 3323 2900 3392 quis
2958 3332 3085 3378 cum
3145 3333 3292 3380 esset
3333 3326 3528 3389 Adam,
3553 3327 3688 3397 quid

2114 3414 2295 3469 l‘actus
2350 3424 2437 3470 est
2492 3404 2618 3485 post
2653 3417 3168 3485 transgressionem.
3202 3417 3334 3473 Erat
3365 3420 3512 3473 enim
3539 3427 3688 3475 totus

2108 3504 2330 3563 lucidus
2356 3517 2413 3563 et
2441 3507 2749 3572 deiiormis,
2772 3519 2832 3563 et
2879 3510 3057 3580 imago
3100 3510 3347 3579 quaedam
3386 3510 3467 3578 (ut
3492 3512 3568 3566 ita
3605 3512 3688 3567 di-

2113 3596 2254 3667 cam)
2287 3599 2399 3651 Deo
2423 3594 2637 3652 similis.
2663 3597 2794 3652 Post
2820 3599 3253 3653 inobedientiam
3290 3609 3473 3654 autem
3506 3598 3687 3657 iactus

2111 3694 2196 3741 est
2225 3687 2557 3741 tenebrosus
2585 3696 2641 3742 et
2666 3687 2975 3751 inornatus,
3017 3697 3197 3742 atrurn
3240 3698 3532 3758 peceatum
3562 3706 3684 3744 om-

2114 3779 2245 3833 nino
2284 3779 2533 3833 indutus.
2564 3780 2689 3835 Haec
2720 3796 2855 3850 ergo
2908 3789 3219 3835 evenerunt
3259 3782 3453 3850 primis
3485 3794 3685 3851 paren-

2113 3870 2281 3923 tibus.
2341 3869 2409 3923 Et
2456 3869 2624 3923 David
2676 3880 2869 3939 postea
2898 3869 3106 3925 deﬂens
3134 3869 3386 3925 dicebat:
3428 3871 3545 3926 Dies
3577 3873 3684 3928 diei

2110 3967 2314 4012 eructat
2364 3959 2580 4012 verbum
2635 3969 2683 4012 et
2741 3976 2844 4013 nox
2902 3961 3042 4015 nocti
3093 3961 3381 4014 annuntiat
3433 3963 3686 4033 cognitio-

2109 4067 2229 4104 nem
2246 4050 2315 4103 "‘.

2178 4140 2393 4206 Adhuc,
2421 4141 2620 4210 inquit,
2662 4149 2924 4211 tanquam
2959 4141 3079 4198 dies
3114 4143 3286 4198 lucidi
3322 4151 3480 4199 erant
3516 4140 3683 4214 primi

2107 4242 2385 4301 parentes,
2416 4230 2637 4301 quando
2665 4232 2809 4301 (cum
2841 4247 2906 4288 ex
2944 4233 3097 4303 ligno
3131 4234 3375 4287 nondum
3406 4235 3684 4290 comedis-

2108 4324 2251 4395 sent)
2272 4325 2505 4380 verbum
2539 4325 2756 4379 consilii
2787 4325 3058 4394 serpentis
3084 4342 3114 4380 a
3143 4325 3378 4381 muliere
3408 4326 3474 4380 ad
3502 4328 3681 4381 virum

2109 4417 2353 4470 nondum
2392 4416 2780 4471 transibatzet
2820 4416 2923 4471 sub
2974 4416 3394 4485 intelligentiam
3431 4416 3686 4472 cadentis

436 4500 618 4561 pente,
650 4498 708 4547 et
730 4492 870 4548 facta
899 4501 983 4547 est
1016 4490 1288 4553 adultera.
1317 4492 1482 4547 Aliud
1506 4506 1702 4549 rursus
1739 4493 1846 4548 fuit
1870 4501 2008 4548 tem-
2038 4487 2081 4541 Ι)
2113 4507 2248 4564 solis
2293 4507 2476 4561 radios
2519 4508 2745 4580 penitus
2796 4507 2973 4561 induti
3008 4514 3169 4561 ει-εηι
3215 4503 3471 4576 umquam
3524 4506 3691 4560 veg”.-

432 4599 557 4653 pus,
584 4584 826 4654 quando,
864 4584 1092 4640 dimisso
1135 4593 1390 4655 serpente
1421 4593 1477 4640 et
1516 4587 1567 4641 ei
1612 4586 2007 4641 velutirenun-

434 4678 596 4740 tians,
632 4692 854 4733 reversa
879 4686 963 4733 est
990 4678 1055 4733 ad
1087 4678 1329 4747 priorem
1366 4679 1545 4733 virum
1576 4687 1632 4734 et
1663 4679 2007 4749 spiritualem

429 4765 721 4822 Adamum.
754 4766 870 4823 Hoc
910 4769 1059 4823 enim
1110 4767 1216 4823 fuit
1261 4777 1479 4839 tempus
1507 4773 1727 4839 quando
1752 4771 2010 4841 cognovit

428 4866 486 4912 et
522 4859 743 4929 agnovit
764 4870 822 4915 se
851 4876 973 4916 esse
1003 4861 1204 4915 nudam
1233 4870 1291 4916 et
1314 4860 1621 4917 inornatam
1653 4871 1710 4918 et
1736 4861 2010 4917 deforma-

433 4960 567 5005 tam.
598 4952 712 5008 Hoc
753 4953 859 5008 iuit
889 4964 1104 5025 tempus
1131 4956 1352 5026 quando
1385 4956 1471 5011 vir
1502 4968 1623 5011 eam
1653 4944 1916 5026 suscepit,
1951 4963 2008 5011 et

430 5058 558 5098 cum
603 5059 668 5099 ea
709 5044 948 5100 fructum
984 5047 1117 5117 ligni
1149 5049 1409 5118 gustavit,
1442 5063 1543 5118 pro
1573 5063 1637 5103 ea
1666 5058 1842 5103 morte
1869 5046 2007 5103 alie-

429 5145 553 5189 ctus
580 5146 637 5189 et
682 5132 972 5208 resurgens
1000 5153 1029 5192 a
1063 5138 1314 5195 mortuis.
1342 5139 1610 5206 Quoniam
1640 5151 1823 5195 autem
1863 5154 2010 5197 nunc

428 5242 461 5279 a
494 5228 780 5283 meverba
812 5228 954 5284 ﬁunt
980 5230 1049 5284 ad
1077 5231 1400 5296 Ecclesium,
1433 5247 1543 5286 non
1584 5239 1765 5297 autem
1812 5230 1879 5286 ad
1906 5230 2005 5288 Ju-

429 5316 599 5383 dzeos,
629 5320 782 5387 audi,
815 5320 1015 5387 ﬁdelis,
1049 5332 1106 5377 et
1150 5320 1312 5379 fidem
1342 5323 1485 5379 habe
1524 5320 2002 5415 tanquamjﬁdelis,

428 5411 625 5467 videns
668 5413 1151 5481 indiscriminatim
1194 5416 1357 5489 913
1402 5417 1584 5472 omnia
1618 5433 1740 5489 quae
1775 5411 1904 5473 sunt
1948 5418 2002 5474 in

430 5503 707 5573 paradiso,
738 5522 851 5562 non
872 5507 1121 5563 videntes
1150 5523 1302 5563 etiam
1335 5507 1690 5564 nudationem
1721 5512 2002 5582 protopla-

502 5705 545 5735 "‘
572 5706 725 5760 Joan.
765 5723 800 5774 ι,
829 5709 860 5764 9

433 5789 578 5840 nm,
614 5776 666 5831 5.

959 5711 999 5742 ¹⁹
1043 5711 1171 5766 Luc.
1204 5729 1344 5778 xstv,
1380 5714 1459 5779 l5,
1497 5715 1574 5769 16.
1656 5717 1698 5747 ὀ
1736 5720 1868 5775 ibid.
1907 5719 1992 5771 .59.

2111 4608 2366 4653 mentum.
2399 4598 2507 4653 Sed
2544 4599 2766 4668 quando
2796 4598 2913 4669 ipsa
2933 4612 3203 4668 persuasa
3225 4596 3489 4660 comedit,
3513 4598 3682 4652 etiam

2108 4698 2412 4746 nocturnas
2464 4690 2673 4759 peccati
2709 4691 2968 4744 tenebras
3020 4689 3224 4757 induit,
3257 4698 3519 4759 tanquam
3574 4702 3681 4743 nox

2108 4782 2370 4837 videlicet
2421 4782 2597 4836 oii‘usa
2646 4782 2908 4846 tenebris,
2943 4796 3125 4850 neque
3162 4779 3345 4834 sciens
3388 4780 3523 4849 quid
3564 4780 3683 4834 viro

2107 4874 2378 4938 consulat,
2407 4876 2501 4944 qui
2531 4877 2646 4944 ipse
2677 4891 2897 4944 quoque
2930 4874 3108 4929 iactus
3136 4880 3221 4929 est
3254 4888 3361 4927 non:
3396 4872 3468 4927 ob
3495 4887 3682 4941 parem

2115 4968 2502 5039 ignorantiam,
2554 4976 2601 5020 et
2633 4969 2917 5020 annuntiat
2967 4967 3335 5037 cognitionem,
3385 4980 3585 5034 nempe
3628 4963 3681 5019 id

2113 5059 2260 5128 quod
2307 5059 2564 5129 cognosci
2609 5067 2791 5128 potest
2818 5058 2949 5113 boni
3003 5068 3060 5113 et
3112 5058 3263 5119 mali,
3294 5057 3345 5112 ei
3377 5057 3546 5112 tradit
3581 5072 3674 5111 an-

2117 5152 2399 5206 nuntians.
2423 5151 2527 5207 Sed
2558 5161 2643 5205 est
2663 5151 2826 5204 etiam
2856 5150 3017 5205 aliter
3043 5147 3524 5204 considerandum.
3548 5148 3681 5213 Nam

2113 5252 2272 5298 antea
2301 5242 2547 5313 quidem,
2579 5243 2824 5305 quandiu
2858 5241 3180 5310 priusquam
3212 5239 3531 5293 comederet
3559 5247 3676 5292 tan.

2110 5348 2275 5403 quam
2298 5332 2419 5387 dies
2448 5338 2568 5385 erat
2595 5330 2803 5393 lucida,
2830 5328 3062 5383 verbum
3089 5325 3461 5388 annuntiavit,
3479 5338 3679 5392 nempe

2110 5424 2348 5496 graviter
2365 5439 2428 5477 ac
2461 5437 2691 5477 severe:
2729 5421 2797 5475 de
2834 5420 3118 5473 voluntate
3153 5416 3298 5471 enim
3329 5415 3394 5469 ad
3448 5429 3679 5484 peccan-

2110 5517 2240 5571 dum
2266 5529 2374 5569 non
2399 5513 2617 5568 sinebat
2635 5511 2806 5565 Evam
2828 5507 3066 5579 longiori
3089 5507 3165 5560 uti
3199 5505 3466 5559 oratione.
3488 5504 3670 5570 Quan-

2881 5714 2925 5744 ²³
2952 5710 3133 5764 ΙΤίιιι.
3180 5723 3236 5774 ιι,
3267 5707 3347 5759 H.
3444 5706 3489 5736 ’δ
3525 5704 3672 5759 l‘sal.

2075 5720 2111 5748 ²¹
2152 5715 2284 5770 ibid.
2324 5716 2408 5769 Eii.
2489 5720 2531 5746 τ’
2561 5713 2802 5767 ihid.33.
