4056 6148
379 302 541 363 ’1023

1580 300 1638 360 S.
1678 296 2073 359 ANASI‘ASII
2134 295 2459 363 ΞΙΝΑΙΤιΕ

3503 280 3635 345 1024

399 412 471 468 do
518 418 699 464 autem
739 409 945 465 malum
977 407 1083 466 fuit
1122 421 1430 481 peractum,
1458 420 1513 465 et
1549 424 1709 464 suum
1738 409 1973 465 fruendo
2003 424 2047 473 Α
2075 411 2632 483 contemplationibus
2650 422 2771 479 quae
2807 407 2965 462 dictae
3007 413 3136 460 sunt
3161 417 3258 473 per
3315 400 3632 470 universum

401 501 649 570 implevit
674 500 1036 566 desiderium,
1061 511 1118 558 et
1147 504 1336 560 sedata
1386 512 1470 558 est
1511 502 1710 558 satiata
1767 501 1965 568 libido,

405 605 534 649 tunc
561 595 910 649 annuntiavit
953 597 1346 666 eogn'tionem.
1392 596 1555 660 Ecce,
1615 595 1813 665 inquit,
1866 602 1971 649 nu-

402 680 513 734 dati
538 695 728 735 sumus
771 696 838 737 ex
884 682 1071 750 planta
1128 684 1430 748 virtutibus
1482 692 1538 737 et
1582 683 1966 753 qualitatibus.

396 772 587 840 'Aperti
618 772 767 823 enim
793 780 916 824 sunt
941 771 1140 826 mentis
1174 789 1356 826 eorum
1416 766 1573 834 oculi,
1603 781 1659 827 et
1699 787 1971 842 cognove-

404 870 535 915 runt
596 859 664 914 ad
708 860 854 928 quod
917 863 1120 915 malum
1166 863 1540 922 devenerunt,
1601 873 1657 917 et
1713 872 1961 932 quaenam

403 952 549 1022 passi
586 951 699 1005 sint
727 951 871 1004 inter
900 966 957 1004 se
988 952 1271 1008 docentes.
1302 952 1396 1007 Sic
1424 955 1555 1007 mihi
1578 954 1761 1022 placet
1800 946 1965 1007 intel-

405 1040 574 1112 ligere
600 1046 782 1098 omnia
811 1061 932 1113 quze
956 1044 1159 1112 scripta
1188 1053 1316 1098 sunt
1340 1046 1407 1099 de
1446 1046 1704 1115 paradiso
1757 1053 1812 1099 et
1845 1060 1974 1115 pro-

404 1134 678 1202 tOpIastis.
732 1134 835 1188 Pro
871 1134 1072 1189 Christo
1109 1135 1255 1188 enim
1304 1136 1493 1205 [ungor
1524 1128 1784 1205 legatione
1824 1138 1870 1168 "
1919 1146 1998 1197 et,

404 1242 506 1297 pro
533 1243 651 1281 mea
678 1242 936 1295 germana
968 1237 1161 1289 matre,
1200 1228 1313 1281 Eva
1344 1226 1590 1283 Euc'esia
1620 1229 1767 1290 vita},
1810 1242 1975 1297 quam

2076 505 2183 558 hoc
2208 520 2348 573 opus
2379 519 2473 557 sex
2500 502 2736 565 dierum,
2794 496 2972 552 ﬁdelis
3019 495 3256 565 populus
3305 491 3365 544 ﬁt
3393 498 3637 544 armatus

2073 605 2267 650 contra
2294 593 2669 653 adversarios:
2706 604 2887 659 neque
2910 587 3018 644 erit
3043 601 3181 655 opus
3236 582 3504 637 adversus
3543 596 3638 635 eos

2071 678 2480 757 potentioribus
2543 684 2765 754 tropaais
2826 687 2922 734 aut
2973 681 3158 741 armis,
3205 694 3313 732 non
3363 674 3634 737 Mosaieis,

2072 794 2183 833 non
2207 770 2568 849 prOpheticis,
2594 791 2706 829 non
2763 768 3059 830 Davidicis.
3118 770 3243 824 Haec
3292 769 3438 822 enim
3484 783 3636 819 arma
3682 794 3689 801 ο

2076 877 2270 923 nostri?
2312 868 2515 922 militia:
2561 866 2805 921 carnalia
2850 864 2918 928 “,
2952 878 3055 916 nec
3100 859 3337 929 fragilia,
3376 857 3471 911 sed
3525 856 3637 909 Deo

2074 957 2319 1027 potentia
2356 956 2422 1009 ad
2460 953 2897 1009 destructionem
2944 946 3483 1019 propugnaculorum
3542 942 3638 995 ad-

2074 1040 2449 1103 versariorum
2492 1046 2895 1100 destruentium
2927 1052 3118 1095 eorum
3174 1036 3551 1107 cegitationes,
3584 1042 3638 1088 ct

2076 1149 2295 1187 onmem
2339 1133 2688 1187 altitudinem
2736 1145 2858 1200 qure
2907 1128 3194 1183 extollitur
3236 1120 3504 1179 adversus
3540 1139 3636 1177 co-

2077 1225 2381 1295 gnitionem
2429 1231 2487 1277 et
2524 1221 2687 1276 ﬁdem
2737 1221 2865 1275 Jesu
2904 1218 3111 1274 Christi
3146 1217 3259 1270 veri
3300 1215 3395 1267 Dei
3422 1212 3596 1295 nostri
3621 1228 3652 1264 τ’

404 1292 641 1371 defendo
672 1292 935 1371 adversus
961 1316 1180 1371 Judmos
1195 1330 1250 1370 et
1278 1317 1585 1383 lia-retices,
1613 1318 1754 1370 ﬁdeli
1780 1292 1984 1386 populo
2080 1292 2169 1369 cui
2200 1313 2376 1385 gloria
2396 1321 2452 1367 et
2488 1312 2735 1382 potentia
2774 1312 2939 1365 simul
2984 1324 3107 1364 cum
3152 1308 3313 1362 Patre
3341 1312 3397 1359 et
3444 1292 3639 1358 sancto

403 1420 609 1478 tropaea
664 1409 897 1478 erigens,
916 1414 971 1461 et
1004 1416 1275 1472 statuens,
1308 1416 1365 1463 et
1396 1408 1481 1463 his
1511 1408 1898 1478 intelligentiis
1921 1414 1979 1462 et

2083 1405 2314 1476 Spiritu,
2352 1405 2409 1457 in
2433 1403 2628 1458 saecula
2671 1402 3020 1457 saeculorum.
3059 1402 3252 1454 Amen.

1463 1769 1823 1859 LIBER
1897 1760 2630 1857 UNDECIMUS.

1075 1981 1154 2024 DE
1199 1979 1276 2023 IIS
1316 1978 1457 2032 QUE
1502 1978 1657 2049 PQST
1706 1975 1956 2019 PRIMUM
1987 1974 2321 2017 PECCATUM
2361 1973 2600 2016 SECUTA
2638 1966 2977 2031 PUERUNT,_

2001 2129 2070 2146 ﬂ

473 2266 591 2321 Jam
625 2262 851 2333 quidem
884 2275 917 2315 a
960 2255 1124 2314 nobis
1174 2258 1341 2328 paulo
1375 2265 1504 2313 ante
1553 2265 1639 2313 est
1682 2263 1965 2312 ostensum
2000 2264 2039 2318 Β
2068 2258 2216 2327 nea),
2250 2250 2537 2328 cujusnam
2562 2250 2774 2327 pudore
2809 2250 3018 2322 affecti,
3054 2272 3122 2311 ex
3166 2256 3313 2312 foliis
3340 2254 3476 2314 ﬁcus
3503 2274 3645 2315 0031-.

400 2357 551 2428 quod
582 2364 707 2410 ante
728 2367 910 2408 eseam
943 2361 1167 2421 apertos
1189 2350 1467 2404 habebant
1520 2349 1731 2403 oculos.
1777 2349 1970 2403 Dicere

400 2450 548 2506 enim
572 2435 717 2518 quod
743 2446 870 2500 vidit
910 2441 1099 2497 mulier
1129 2444 1267 2514 quod
1289 2442 1489 2512 tignum
1522 2450 1652 2495 esset
1679 2442 1871 2495 bonum
1903 2441 1971 2494 ad

402 2542 797 2603 comedendum.
825 2538 1069 2594 ostendit
1094 2552 1213 2593 eam
1250 2547 1411 2591 acute
1442 2536 1650 2591 videre.
1697 2535 1811 2591 Nec
1866 2536 1971 2590 hoc

400 2635 604 2697 solum,
653 2632 747 2685 sed
783 2631 889 2684 hoc
935 2642 1155 2697 quoque
1210 2624 1429 2690 dicere,
1476 2625 1624 2694 quod
1659 2624 1969 2696 jucundum

399 2735 486 2781 est
513 2725 580 2779 ad
605 2723 927 2793 videndum,
952 2730 1010 2779 et
1042 2719 1335 2790 pulchrum
1359 2719 1428 2772 ad
1458 2717 1966 2787 contemplandum,

401 2832 502 2886 per
534 2816 635 2870 has
657 2827 768 2869 tres
795 2815 1069 2868 dictiones
1088 2811 1249 2882 plane
1298 2810 1539 2866 dicimus
1594 2811 1967 2881 perSpicacem

399 2908 601 2970 aciem,
642 2907 1031 2974 curiosamque
1065 2913 1121 2959 et
1147 2912 1352 2959 certam
1395 2903 1733 2958 evidentiam
1770 2902 1971 2958 lucida:

400 2994 691 3051 oculorum
749 2996 1003 3050 visionis.
1040 2995 1194 3050 Unde
1248 2996 1413 3048 etiam
1470 2993 1969 3065 Symmachus.pl'o

400 3088 729 3156 aperientur,
776 3087 982 3154 posuit_
1029 3084 1156 3153 fient
1204 3084 1574 3154 intelligentes.
1617 3083 1888 3139 Similiter
1916 3095 1972 3139 et

400 3192 503 3246 pro
535 3176 708 3246 aperti
743 3185 867 3230 sunt
894 3175 1169 3229 amborum
1221 3175 1379 3235 oculi.
1418 3175 1555 3228 dixit
1624 3174 1968 3246 intelligentes

401 3266 529 3336 [acti
558 3274 702 3330 sunt,
729 3267 833 3320 hoc
855 3275 958 3324 est,
988 3264 1118 3318 facti
1151 3273 1282 3318 sunt
1307 3264 1608 3333 sapientes.
1635 3273 1691 3318 et
1713 3265 1780 3319 ad
1812 3265 1968 3335 agni-

403 3360 610 3414 tionem
638 3374 752 3414 sua:
781 3357 1049 3412 nuditatis
1071 3365 1345 3411 venerunt
1376 3356 1730 3412 oculianimaa
1751 3340 1965 3414 eorum.

400 3453 703 3523 Dequibus
732 3452 1008 3526 Propheta
1046 3450 1229 3526 regius
1277 3465 1499 3519 quoque
1546 3450 1656 3505 Deo
1690 3456 1817 3506 vota
1845 3451 1971 3505 fun-

402 3547 589 3609 debat,
622 3546 843 3599 dicens:
869 3543 1061 3599 Revela
1088 3521 1263 3595 oculos
1294 3558 1475 3605 meos,
1495 3544 1746 3612 quoniam
1790 3541 1969 3605 lumen

2071 2356 2304 2403 suerunt
2342 2348 2718 2419 subligacula?
2745 2349 2880 2405 Nam
2903 2351 2949 2404 si
2984 2350 3246 2405 volebant
3300 2360 3490 2421 tegere
3518 2367 3640 2406 cor-

2071 2440 2221 2510 poris
2254 2440 2583 2505 nuditatem,
2651 2442 2820 2496 multa
2882 2443 2988 2496 alia
3025 2444 3338 2512 plantarum
3389 2443 3518 2498 folia
3568 2445 3637 2499 ad

2069 2546 2197 2586 eum
2252 2546 2413 2586 usum
2468 2532 2598 2587 sunt
2649 2548 2747 2586 sua
2791 2540 2991 2588 natura
3031 2535 3532 2589 accommodatiora
3577 2543 3637 2592 et

2071 2622 2316 2685 utiliora,
2349 2623 2654 2694 cuiusmodi
2688 2622 2941 2679 videmus
2979 2624 3106 2678 folia
3147 2625 3450 2699 palmarum
3487 2626 3638 2681 Indi-

2071 2730 2284 2794 carum.
2317 2713 2437 2768 Non
2474 2723 2655 2769 tamen
2705 2715 3016 2779 renuimus,
3066 2702 3243 2786 neque
3295 2716 3637 2785 corporalem

2070 2806 2246 2874 ipsius
2302 2805 2502 2859 divinae
2568 2805 2867 2874 Scriptura:
2910 2805 3199 2860 historiam
3254 2807 3633 2863 dissolvimus.

2070 2897 2284 2951 Rursus
2312 2905 2496 2950 autem
2524 2897 2822 2966 quaerimus
2848 2897 3126 2965 quomodo
3150 2897 3269 2951 haec
3301 2913 3332 2952 e
3378 2896 3482 2952 ﬁcu
3509 2907 3634 2953 nata

2071 2987 2407 3057 subligacula
2434 2988 2501 3042 de
2527 2985 2744 3042 Christo
2773 2986 3086 3042 etEcclesia
3115 2996 3245 3041 sunt
3269 2988 3634 3058 praeﬁgurata,

2070 3077 2339 3146 siquidem
2374 3078 2513 3133 facta
2545 3086 2675 3133 sunt
2700 3079 2885 3132 omnia
2911 3092 3008 3146 per
3059 3078 3240 3147 ipsum
3269 3086 3324 3133 et
3347 3079 3416 3133 ad
3454 3082 3636 3148 ipsum

2071 3170 2441 3238 respicientia.
2469 3169 2539 3223 Et
2555 3178 2871 3224 consuerunt
2897 3168 3025 3238 folia
3050 3169 3203 3237 ﬁcus,
3227 3179 3275 3224 et
3298 3170 3637 3239 feceruntsibi

2067 3253 2467 3331 subligacula,et
2483 3261 2763 3316 audierunt
2780 3277 2952 3315 vocem
2974 3259 3187 3327 Domini
3206 3259 3302 3314 Dei
3320 3259 3651 3315 ambulanti:

2069 3354 2124 3406 in
2158 3351 2405 3423 paradiso
2430 3351 2483 3404 in
2506 3350 2743 3405 meridie.

2139 3444 2235 3499 Est
2262 3458 2577 3506 commune,
2612 3451 2668 3497 et
2689 3451 2885 3498 contra
2939 3442 3088 3512 quod
3126 3441 3267 3495 nihil
3294 3438 3402 3496 dici
3432 3451 3647 3511 potest,

2070 3536 2287 3605 dogma,
2312 3534 2598 3589 meridiem
2623 3535 2763 3589 sexti
2784 3534 2935 3589 illius
2965 3534 3075 3590 diei
3095 3526 3456 3590 hebdomadis
3483 3548 3650 3587 crea-

401 3634 676 3689 oculorum
693 3643 740 3686 et
759 3635 932 3705 ipsum
985 3648 1089 3685 non
1125 3639 1198 3685 est
1230 3647 1432 3684 mecum
1483 3631 1550 3697 ’⁷,
1583 3631 1673 3684 sed
1722 3629 1968 3684 illumina
1996 3601 2038 3656 δ
2074 3627 2259 3691 tionis,
2313 3626 2479 3680 tacite
2529 3626 2847 3697 signiﬁcare
2887 3642 2953 3681 ac
2978 3626 2981 3629 ’
3010 3626 3332 3682 describere
3394 3624 3650 3680 medium

401 3726 575 3780 oculos
632 3742 790 3790 meos,
825 3740 891 3778 ne
943 3740 1178 3794 unquam
1235 3722 1562 3775 obdormiam
1608 3723 1663 3774 in
1702 3729 1869 3775 morte
1901 3720 1966 3781 ’ᾗ

400 3818 618 3887 Peccati
659 3832 792 3887 ergo
826 3816 1163 3886 agnitionem
1191 3824 1249 3870 et
1282 3829 1611 3873 consensum
1648 3814 1712 3867 ad
1741 3828 1972 3867 conver-

401 3909 637 3970 sionem,
688 3906 933 3975 intellige
983 3915 1267 3973 aspectum
1320 3904 1633 3957 oculorum.
1681 3898 1777 3957 Est
1819 3902 1969 3956 enim

402 4001 698 4069 diligenter
752 4007 808 4052 et
851 4007 1108 4053 accurate
1172 3995 1549 4050 adnotandum
1619 3980 1969 4063 quod,icum

402 4093 604 4145 mulier
643 4100 791 4145 esset
830 4106 1000 4159 prope
1034 4100 1371 4160 serpentem,
1400 4099 1455 4143 ct
1490 4097 1744 4158 separata
1781 4102 1811 4140 a
1849 4087 1970 4142 viro

402 4183 519 4252 ipsa
541 4183 711 4253 prima
737 4183 1069 4237 comedisset
1097 4199 1161 4235 ex
1182 4183 1353 4252 ligno,
1379 4198 1489 4235 non
1522 4180 1706 4235 statim
1730 4177 1972 4248 respexit

402 4276 578 4331 donec
598 4291 864 4331 conversa
891 4274 996 4329 fuit
1020 4274 1087 4328 ad
1117 4276 1317 4328 virum.
1347 4273 1483 4328 Cum
1518 4282 1702 4326 autem
1725 4269 1972 4339 accepis-

403 4379 486 4423 set
510 4379 566 4423 et
590 4369 925 4424 comedisset
949 4368 1257 4437 spiritualis
1281 4366 1476 4426 Adam,
1499 4365 1604 4419 hoc
1643 4373 1748 4427 est,
1774 4378 1971 4434 passus

402 4468 549 4513 esset
568 4460 842 4523 Christus,
895 4468 1025 4513 tunc
1068 4473 1163 4525 per
1210 4457 1327 4525 ejus
1353 4455 1664 4524 passionem
1697 4470 1822 4509 cum
1850 4452 1969 4522 ipso

405 4550 646 4618 respexit
675 4551 895 4603 mulier.
934 4548 992 4602 Si
1037 4556 1220 4601 autem
1258 4563 1345 4600 res
1396 4563 1505 4601 non
1542 4547 1621 4600 sic
1676 4543 1965 4613 intelligis,

402 4641 698 4709 Oportebat
723 4640 1032 4701 mulierem,
1077 4653 1200 4690 cum
1235 4638 1410 4706 prima
1465 4636 1819 4700 comedisset,
1857 4634 1971 4706 pri-

406 4745 549 4783 mam
577 4730 872 4797 respicere.

479 4819 771 4873 Videamus
796 4820 906 4888 jam
938 4835 1000 4873 ea
1049 4837 1171 4890 quae
1217 4821 1484 4890 deinceps
1524 4827 1851 4888 sequuntur.
1901 4815 1971 4870 Et

2070 3720 2206 3775 sexti
2250 3717 2359 3773 diei
2390 3718 2821 3795 saeculi,nempe
2861 3717 3159 3787 quinquies
3202 3714 3558 3791 millesimum
3589 3725 3652 3772 et

2069 3809 2568 3879 quingentesimum
2592 3825 2822 3873 annum,
2842 3809 2901 3862 in
2928 3824 3041 3878 quo
3067 3809 3335 3863 Deminus
3366 3807 3511 3861 Deus
3536 3808 3650 3863 ho-

2070 3916 2161 3955 mo
2196 3900 2370 3955 factus
2397 3911 2501 3956 est.
2539 3901 2779 3970 Tempus
2823 3917 2955 3968 ergo
2984 3901 3132 3971 quod
3167 3909 3254 3957 est
3307 3908 3435 3955 ante
3473 3902 3656 3956 meri~

2070 3993 2217 4047 diem
2246 3992 2515 4062 signiﬁcat
2537 3992 2747 4045 cultum
2770 3992 3077 4063 legitimum
3101 3991 3423 4062 Synagogaa,
3452 4002 3512 4046 ut
3545 3992 3649 4062 qui

2071 4084 2268 4138 habeat
2304 4084 2435 4138 folia
2486 4083 2640 4146 ﬁcus,
2673 4098 2873 4154 nempe
2915 4099 3200 4139 sermones
3238 4083 3503 4154 quosdam
3555 4084 3650 4139 in-

2070 4175 2396 4247 frugiferos,
2451 4184 2509 4230 et
2551 4185 2824 4245 praecepta
2893 4175 3181 4254 moderate.
3234 4172 3657 4245 quodammodo

2070 4272 2401 4341 prurientia,
2424 4279 2480 4325 et
2510 4271 2566 4325 in
2609 4271 2905 4341 superﬁcie
2941 4271 3350 4340 quodammodo
3393 4271 3656 4326 radentia

2071 4360 2293 4415 sordida
2312 4360 2598 4413 hominum
2631 4360 2895 4413 vulnera:
2927 4374 3056 4412 nam
3095 4358 3225 4414 folia
3255 4358 3392 4412 ﬁcus
3429 4357 3657 4427 placide

2070 4451 2474 4523 quodammodo
2520 4450 2723 4504 radunt
2747 4450 2941 4505 sordes
2986 4465 3265 4513 vasorum,
3301 4435 3400 4519 per
3431 4450 3657 4504 medio-

2072 4558 2220 4599 crem
2260 4558 2382 4612 qua:
2408 4550 2491 4596 est
2551 4542 2606 4595 in
2640 4543 2724 4595 eis
2758 4541 3138 4610 asperitatem.
3198 4539 3304 4595 Sed
3346 4547 3403 4594 et
3435 4546 3660 4596 natura:

2070 4634 2376 4692 nuditatem
2398 4642 2453 4690 et
2482 4635 2877 4705 turpitudinem
2900 4643 3201 4704 contegunt
3229 4647 3327 4703 per
3357 4631 3660 4703 circumci-

2071 4729 2304 4783 sionem.
2340 4724 2687 4794 Quapropter
2709 4725 2877 4780 etiam
2915 4725 3062 4783 circa
3096 4725 3241 4779 illam
3270 4738 3477 4793 partem
3524 4740 3661 4793 qua:

2073 4800 2317 4887 suscepit
2343 4816 2851 4878 circumcisioncm,
2888 4827 3201 4884 posuerunt
3245 4812 3411 4885 primi
3457 4815 3646 4868 nostri

405 4916 754 4975 cognoverunt
801 4906 938 4976 quod
1000 4917 1151 4961 erant
1210 4909 1355 4970 nudi,
1399 4917 1445 4960 et
1503 4914 1815 4960 consuerunt
1843 4905 1971 4976 folia
2004 4917 2334 4984 Dparentes
2394 4907 2741 4977 subligacula
2801 4922 2866 4960 ex
2924 4905 3073 4959 foliis
3124 4905 3306 4959 ﬁcus:
3357 4904 3461 4959 hoc
3506 4905 3664 4959 forte

404 4998 557 5067 ﬁcus,
610 5007 656 5050 et
690 4997 918 5067 fecerunt
975 4999 1072 5053 sibi
1130 4999 1477 5069 subligat-uta.
1522 4998 1657 5052 Cum
1691 4997 1745 5049 in
1790 4997 1973 5066 priore

406 5091 709 5145 mdatiune
769 5091 1002 5147 dixisset
1067 5093 1302 5162 scriptor
1350 5107 1445 5145 eos
1490 5107 1598 5143 non
1659 5088 1971 5151 erubuisse,

408 5200 555 5238 nunc
580 5184 716 5237 dicit
743 5185 887 5253 quod
913 5187 1144 5239 alterum
1187 5185 1421 5238 alterius
1451 5181 1713 5250 pudebat,
1770 5196 1971 5235 conse-

408 5294 585 5347 quens
619 5279 766 5331 enim
795 5287 917 5332 erat
970 5278 1073 5331 hoc
1104 5278 1307 5332 dicere.
1339 5275 1475 5330 Cum
1515 5283 1697 5328 autem
1750 5273 1818 5327 ad
1866 5290 1973 5327 nu-

411 5369 633 5437 ptialem
693 5370 938 5423 nondum
988 5370 1227 5423 coissent
1280 5368 1751 5436 coniunctionem,
1792 5382 1972 5434 neque

413 5462 621 5515 scirent
653 5472 876 5530 prepter
901 5478 1062 5530 quam
1094 5476 1312 5515 causam
1337 5466 1522 5528 parles
1552 5448 1975 5529 genit.aies:iputl

416 5566 513 5607 eos
539 5564 669 5607 sunt
706 5555 923 5609 diversa
969 5555 1135 5622 ﬁgura
1171 5555 1389 5623 (nempe
1444 5551 1689 5604 mascula
1736 5559 1791 5603 et
1823 5548 1981 5601 {cmi-

495 5690 538 5717 "‘
570 5686 763 5754 Epiics.
799 5705 869 5747 γι,
901 5688 987 5741 9.0.
1068 5689 1111 5719 θα
1137 5688 1173 5740 Η
1204 5688 1326 5743 Car.
1358 5703 1407 5751 κ,
1449 5687 1489 5739 5.

1590 5686 1631 5716 ’7
1678 5684 1829 5738 .Psal.
1861 5680 2131 5745 t‘.\\’lli,i8.

2071 5003 2398 5058 ostendente
2441 5001 2693 5068 exemplo
2742 4997 2889 5068 quod
2947 4998 3000 5051 in
3044 5012 3272 5066 vespera
3333 4996 3444 5050 diei
3494 5012 3659 5049 crea-

2073 5093 2243 5148 tionis
2268 5091 2454 5147 saeculi
2505 5090 2863 5160 cooperietur
2895 5088 3304 5159 quodammodo
3330 5098 3386 5142 et
3438 5088 3665 5142 delebi-

2070 5190 2162 5237 tur
2185 5180 2537 5237 circumcisio
2568 5196 2666 5248 per
2699 5179 2882 5232 velum
2912 5177 3157 5247 pelliceae
3184 5178 3382 5231 tunica:
3416 5176 3660 5231 Christi.

2072 5274 2210 5329 Sunt
2230 5272 2378 5328 enim
2403 5271 2531 5325 folia
2567 5269 2778 5324 umbra:
2804 5268 3117 5323 eﬁicientia.
3146 5267 3257 5321 Lex
3284 5269 3430 5321 enim
3460 5267 3668 5320 habuit

2081 5363 2332 5418 umbram
2386 5370 2785 5431 praeceptorum
2820 5358 3050 5413 .Christi
3075 5362 3141 5411 ’³.
3177 5358 3311 5411 Nam
3374 5358 3473 5412 sub
3503 5357 3669 5411 foliis

2087 5454 2372 5524 tegebatur
2405 5450 2618 5505 fructus
2651 5450 2856 5505 Christi
2895 5449 2948 5502 in
2975 5448 3265 5517 Scriptura
3313 5448 3667 5508 Judmorum,

2087 5547 2181 5616 qui
2218 5546 2287 5599 ab
2312 5544 2525 5598 eisnnn
2558 5542 2852 5597 videbatur
2893 5549 3120 5609 propter
3171 5540 3485 5610 operculum
3538 5562 3679 5598 tur-

2211 5682 2253 5710 “
2289 5678 2425 5732 l’sal.
2471 5694 2560 5736 ϊιι,
2608 5677 2650 5730 ι.
2730 5675 2962 5728 "'llcbr.
3017 5690 3064 5731 ἲ.
3105 5674 3147 5725 l.
