4056 6148
458 388 592 456 10ἒῦ

1518 396 1599 455 IN
1640 390 2185 457 HEXAEMERON.
2213 421 2281 429 --
2312 398 2455 458 ΜΒ.
2496 400 2599 459 XI.

3564 404 3702 468 109.6

456 503 542 558 dis
573 512 629 558 et
652 504 832 577 velum
868 504 1127 561 foliorum
1159 504 1832 563 verborumexteriorum.
1869 505 2025 563 Unde
2059 512 2098 563 Α
2132 506 2295 578 hujus
2328 509 2543 575 litterae,
2564 520 2618 564 ct
2646 510 2816 565 veluti
2842 527 3038 581 magno
3061 512 3297 582 quodam
3324 513 3504 584 lapide
3539 534 3705 589 oper-

452 596 623 650 etiam
650 605 734 650 est
763 599 1079 652 contrarius
1109 599 1255 653 loliis
1284 599 1634 669 Snljustitiae,
1654 614 1717 652 ea
1741 599 2025 654 cxsiccans

451 697 508 742 et
545 689 876 747 emundans.
912 699 969 744 et
1004 691 1239 744 maxime
1268 691 1399 745 folia
1435 692 1599 760 hujus
1624 691 1778 744 licus.
1808 691 2021 744 Etenim

452 778 615 833 ticum
650 795 792 848 sepe
814 782 1056 849 appellat
1095 782 1360 836 Dominus
1390 782 1772 851 infrugilerum
1811 783 2022 835 cultum

452 869 769 941 Synagoger,
796 887 921 925 cum
950 887 1071 926 eam
1113 873 1339 942 quidem
1369 873 1526 944 914
1568 873 1864 942 aliquando
1897 872 2025 926 visi-

453 969 622 1016 tasset
674 978 771 1032 per
790 964 1128 1030 triennium,
1172 976 1239 1021 et
1274 982 1395 1020 eam
1456 966 1759 1035 aspexisset
1809 967 2021 1019 nullum

452 1053 651 1107 alTrrre
681 1052 944 1119 fructum,
980 1065 1037 1110 et
1062 1058 1317 1125 jussisset
1351 1059 1610 1128 agricolae
1670 1065 1731 1111 ut
1768 1072 1889 1111 eam
1922 1073 2022 1111 ex-

450 1143 753 1207 scinderet,
792 1160 860 1199 ne
895 1154 1097 1200 terram
1130 1160 1430 1217 occuparet
1458 1150 1709 1204 otiosam.
1750 1147 1888 1202 Cum
1920 1165 2021 1202 au-

456 1242 566 1287 tem
618 1244 897 1303 postremo
933 1252 1127 1292 rursus
1153 1242 1399 1295 venisset
1426 1242 1692 1310 justitiam
1725 1244 1940 1306 sitiens,
1967 1251 2022 1297 et

448 1325 775 1380 accessisset
822 1326 891 1379 ad
940 1326 1103 1382 ﬁcum
1152 1330 1370 1400 (nempe
1408 1332 1761 1399 Jerusalem),
1811 1342 1867 1387 et
1909 1349 2019 1388 non

450 1416 747 1472 invenisset
826 1419 931 1473 nisi
1014 1421 1166 1484 folia.
1231 1438 1299 1478 ex
1374 1425 1579 1495 quibus
1640 1434 1798 1479 erant
1850 1428 2017 1480 etiam

449 1506 537 1560 illa
573 1500 937 1579 subligacnla,
982 1528 1103 1567 eam
1154 1517 1453 1570 exsiccavit
1489 1517 1713 1572 dicens:
1751 1517 1867 1572 Non
1898 1534 2019 1571 am-

447 1599 584 1669 plius
621 1616 683 1654 ex
709 1609 758 1653 te
784 1612 1039 1656 nascatur
1087 1607 1292 1673 peccati
1329 1607 1530 1675 fructus
1574 1609 1631 1661 in
1661 1618 1916 1663 internum
1949 1609 2015 1662 ³ο.

446 1693 716 1755 Quoniam
747 1701 933 1746 autem
962 1694 1073 1748 iota
1103 1713 1268 1750 unum
1289 1707 1383 1751 aut
1399 1714 1535 1769 apex
1550 1716 1687 1752 unus
1715 1714 1819 1752 non
1835 1708 2018 1753 trans-

430 1784 535 1837 ibit
567 1800 631 1837 ea:
665 1784 776 1856 lege
801 1788 963 1841 donec
1012 1790 1191 1843 omnia
1216 1790 1354 1857 [iant
1383 1792 1424 1823 ⁸¹
1462 1793 1517 1845 in
1555 1790 1799 1857 Christo,
1829 1793 2014 1847 consi-

2132 602 2220 664 tis,
2256 618 2453 672 nempe
2496 604 2834 658 obscuritate
2867 622 2879 656 :
2907 604 3039 669 Quis
3068 604 3228 659 nobis
3278 607 3519 662 revolvet
3571 610 3704 664 eali-

2129 692 2310 760 ginem
2342 693 2562 752 litterae.
2596 704 2656 748 ut
2679 697 2821 748 intra
2848 695 3049 748 nubem
3075 696 3333 750 etdivina
3367 696 3484 752 haec
3518 712 3700 771 adyta,

2130 783 2185 835 in
2222 782 2420 837 Sancta
2449 794 2765 859 sanctorum
2812 788 3111 847 intuentes,
3166 788 3454 842 videamus
3486 794 3702 849 occulta

2129 873 2294 943 hujus
2324 877 2568 945 mysterii
2609 878 2781 946 orgia,
2822 892 2942 947 quas
2987 878 3209 947 quidem
3263 880 3549 949 perspicua
3609 899 3704 937 or-

2132 964 2382 1019 thodoxae
2407 966 2530 1020 fidei
2568 968 2899 1022 rectitudine
2936 984 3044 1022 non
3089 971 3700 1038 comprehenderintus,

2128 1055 2173 1108 si
2203 1055 2462 1111 historice
2490 1057 2713 1111 abducti
2746 1059 3018 1112 fuerimus
3064 1075 3092 1112 a
3143 1059 3405 1114 dictionis
3436 1062 3702 1117 crassitu-

2127 1143 2276 1197 dine.
2309 1145 2455 1199 Deus
2481 1148 2628 1200 enim
2665 1148 2759 1216 qui
2796 1148 3220 1216 impletcwlum
3251 1161 3307 1203 et
3338 1158 3562 1214 terram,
3608 1157 3699 1221 qui

2126 1233 2292 1287 dicit:
2335 1234 2453 1288 Non
2491 1236 2682 1289 videbit
2712 1240 2864 1289 homo
2918 1238 3105 1305 facient
3140 1225 3310 1289 meum
3349 1246 3397 1290 et
3428 1240 3563 1292 viret
3620 1241 3699 1307 ἐς

2126 1324 2405 1392 quomodo
2433 1326 2707 1393 personali
2732 1326 3041 1394 prmsentia,
3080 1334 3136 1378 et
3188 1325 3344 1380 locali
3408 1328 3567 1381 simul
3604 1345 3703 1383 va-

2126 1413 2264 1467 dens
2296 1416 2557 1479 transitn,
2589 1424 2646 1467 et
2672 1416 2828 1469 vocis
2849 1415 3022 1469 edens
3050 1415 3316 1471 sonitum.
3366 1416 3421 1470 in
3470 1418 3702 1473 meridie

2125 1506 2357 1559 accessit
2412 1505 2481 1559 ad
2530 1506 3115 1572 Adamum?Quanam
3173 1516 3357 1561 autem
3410 1509 3479 1562 de
3534 1515 3701 1565 causa

2124 1611 2250 1651 eum
2271 1598 2470 1668 puduit
2492 1598 2697 1652 nudum
2728 1599 2973 1667 conspici
3013 1614 3042 1652 a
3071 1599 3203 1661 Deo.
3236 1615 3361 1654 cum
3393 1602 3577 1654 statim
3628 1603 3701 1656 ab

2126 1688 2287 1743 initio
2314 1690 2547 1767 nudusa
2576 1690 2687 1743 Deo
2713 1690 2910 1745 fuisset
2940 1694 3119 1745 factus
3155 1700 3213 1745 et
3245 1694 3508 1761 apertus?
3542 1694 3702 1764 lgne-

2125 1779 2356 1834 rabatne
2372 1779 2538 1844 Deus,
2567 1781 2658 1850 qui
2682 1781 2891 1835 sciebat
2913 1782 3093 1835 omnia
3125 1794 3251 1836 ante
3272 1793 3453 1837 ortum
3482 1799 3695 1848 eorum,

445 1874 576 1929 dera
604 1892 790 1930 rerum
824 1882 1302 1949 consequentiam,
1337 1880 1591 1937 comedi;
1610 1883 1783 1937 Adam
1832 1884 2016 1939 cibum
2050 1857 2093 1912 Β
2120 1871 2302 1925 locum
2342 1871 2395 1924 in
2441 1886 2551 1940 quo
2582 1872 2787 1925 latebat
2836 1873 3031 1937 Adam,
3078 1883 3135 1927 et
3165 1874 3291 1929 ideo
3333 1877 3692 1933 exclamavit:

446 1968 698 2024 mulieris
738 1970 1100 2028 insidiatricis
1135 1995 1149 2028 :
1185 1974 1389 2030 deinde
1442 1977 1687 2053 seipsmn
1745 1978 2019 2033 succinxit

442 2060 788 2129 subligaculo
817 2075 1103 2134 postquam
1147 2066 1513 2123 comedisset:
1546 2068 1749 2123 deinde
1776 2069 2019 2125 comedit

429 2158 503 2202 'et
536 2150 699 2204 latuit
724 2154 829 2206 sub
850 2154 1078 2223 ligno'in
1105 2157 1385 2223 paradiso,
1411 2165 1470 2211 et
1501 2158 1609 2212 fuit
1647 2161 1933 2229 quaesitus,
1961 2171 2018 2218 et

445 2248 642 2295 caetera
681 2258 803 2310 qum
843 2256 1175 2314 sequuntur.
1233 2247 1325 2303 Sic
1367 2249 1532 2304 etiam
1561 2250 1819 2307 Christus
1873 2269 2017 2324 saepe

440 2332 687 2390 comedit.
715 2350 841 2391 eum
876 2337 994 2392 suis
1042 2338 1330 2410 discipulis
1367 2341 1596 2413 legalem
1627 2342 1813 2397 cibum
1878 2345 2016 2400 insi‘

444 2420 650 2479 oliantis
676 2424 995 2497 Synagogzu,
1021 2440 1078 2483 et
1120 2431 1286 2484 etiam
1324 2434 1546 2502 quando
1569 2448 1803 2503 serpens
1846 2435 2018 2490 Judas

444 2513 574 2568 .eeit
596 2517 969 2584 proditionem
1019 2522 1329 2577 collocutus
1378 2539 1504 2579 cum
1546 2526 1801 2582 adultera
1841 2525 2017 2600 Syna-

445 2621 620 2677 goga:
677 2608 877 2665 deinde
927 2622 1218 2682 postquam
1257 2616 1609 2681 comedisset,
1670 2634 1901 2688 surgens
1948 2635 2016 2673 ex

445 2709 600 2751 cena
647 2697 822 2753 Adam
866 2693 1196 2770 spiritualis,
1251 2705 1523 2761 succinxit
1577 2723 1637 2763 se
1671 2709 2016 2780 subligaculo

444 2785 636 2842 lintei:
672 2789 877 2845 deinde
905 2806 1004 2847 sua
1037 2802 1233 2862 sponte
1260 2795 1399 2867 fugit
1436 2797 1491 2850 in
1526 2798 1771 2865 hortum,
1820 2811 1878 2856 et
1909 2801 2015 2856 fuit

444 2878 726 2945 quaesitus,
766 2890 823 2934 et
839 2896 1093 2951 egressus
1114 2893 1290 2939 estex
1316 2887 1498 2941 horto.
1533 2888 1877 2958 Ego'autem
1912 2891 2016 2945 mi-

444 2981 538 3021 ror
578 2969 881 3025 cecitatem
921 2971 1266 3038 Judaeorum,
1321 2986 1613 3047 propterea
1657 2979 1803 3047 quod
1869 2979 2015 3034 Scri-

442 3068 603 3129 ptura
654 3070 741 3116 est
788 3062 930 3118 adeo
978 3075 1169 3120 exacta
1214 3074 1272 3121 et
1323 3078 1604 3123 accurata.
1668 3070 1887 3125 Etenim
1942 3072 2012 3126 de

437 3150 650 3249 _Adamo
676 3153 944 3249 scriptum
968 3166 1053 3211 est
1076 3157 1222 3249 quod
1260 3158 1503 3228 seipsum
1536 3161 1777 3215 accinxit
1803 3180 1814 3214 :
1859 3162 2011 3216 simi-
2038 3189 2083 3249 ε

426 3243 565 3298 Jiter
594 3245 765 3299 etiam
788 3246 868 3301 de
906 3245 1156 3303 Christo.
1201 3248 1258 3303 Si
1310 3263 1495 3305 autem
1530 3252 1620 3306 vis
1646 3251 1834 3308 videre
1879 3268 2007 3307 eum

437 3335 603 3390 etiam
629 3337 682 3390 in
726 3337 888 3393 horto
910 3340 1215 3405 nudum,et
1234 3342 1408 3397 linteo
1432 3345 1610 3399 solum
1641 3337 2006 3412 succinctum,

438 3428 566 3483 vide
592 3444 718 3483 eum
788 3429 844 3484 in
888 3430 1184 3502 Golgotha,
1238 3434 1585 3506 subligaculo
1620 3446 1834 3492 tantum
1885 3453 2010 3493 suc-

438 3516 677 3571 cinctum
701 3518 1032 3586 pendentem
1064 3521 1121 3575 in
1156 3537 1343 3588 cruce,
1378 3540 1544 3595 supra
1568 3526 1700 3580 Adin
1733 3528 2007 3594 cranium,

424 3622 542 3676 .pro
593 3608 802 3663 Adamo
837 3619 893 3665 et
936 3611 1050 3666 Eva
1086 3613 1409 3682 patientem,
1443 3616 1512 3671 de
1545 3617 1752 3686 quibus
1798 3618 2007 3674 dictum

420 3708 553 3754 oest:
586 3700 654 3754 Et
680 3702 962 3757 audierunt
1018 3720 1194 3759 uocem
1224 3706 1436 3761 Domini
1479 3707 1576 3761 Dei
1618 3709 2009 3764 deambulanti:

402 3794 493 3846 ~-in
515 3794 763 3862 paradiso
793 3797 1030 3858 meridie,
1050 3808 1098 3851 et
1129 3796 1403 3852 latuerunt
1432 3799 1605 3854 Adam
1631 3808 1681 3854 et
1709 3817 1846 3855 uxor
1894 3802 2008 3872 ejus

422 3899 470 3935 .a
493 3884 627 3952 {acie
656 3883 867 3940 Domini
913 3886 1009 3940 Dei
1033 3889 1088 3940 in
1118 3888 1287 3942 medio
1314 3888 1444 3960 ligni
1475 3892 1732 3960 paradisi,
1775 3902 1824 3947 et
1850 3909 2008 3948 voca-

420 3975 508 4027 ;vit
578 3973 834 4028 Dominus
866 3977 999 4030 Deus
1026 3977 1312 4045 Adamum,
1345 3988 1397 4033 et
1426 3981 1559 4035 dixit
1582 3983 1628 4035 ei
1650 3999 1668 4036 :
1702 3983 1897 4048 Adam,
1923 3985 2009 4039 ubi

421 4080 489 4118 tes
502 4064 612 4119 5'th
635 4068 769 4122 dixit
815 4071 862 4122 ei
885 4085 904 4123 :
926 4068 1111 4124 Vocem
1141 4080 1288 4126 tuam
1313 4074 1495 4127 audivi
1527 4073 1915 4145 deambulanti:
1951 4079 2009 4131 in

430 4156 708 4227 paradiso,
728 4168 777 4212 et
801 4160 974 4224 timui,
1000 4163 1127 4232 quia
1152 4163 1323 4215 nudus
1351 4179 1491 4228 sum,
1515 4172 1562 4215 et
1587 4162 1741 4217 latui.
1777 4165 1846 4219 Et
1875 4167 2009 4220 dixit

435 4249 483 4299 ei
524 4247 707 4303 :Deus:
733 4248 859 4314 Quis
913 4252 1006 4304 tibi
1026 4255 1364 4308 annuntiavit
1395 4254 1533 4325 quod
1566 4256 1638 4308 sis
1684 4257 1874 4322 nudus,
1906 4259 2008 4312 nisi

433 4351 500 4389 ex
521 4335 685 4406 ligno,
725 4354 787 4391 ea:
815 4355 918 4409 quo
944 4338 1056 4393 salo
1086 4341 1179 4394 tibi
1206 4343 1458 4397 mandavi
1491 4360 1555 4397 ne
1606 4348 1921 4411 comederes,
1943 4363 2008 4402 ea:

432 4440 495 4478 eo
525 4427 833 4482 comedisse;
859 4430 886 4481 7

2121 1960 2295 2014 Adam
2312 1960 2400 2013 ubi
2433 1976 2486 2014 σε
2507 1961 2559 2038 ἓν
2584 1961 2738 2028 Quod
2802 1971 2888 2016 est
2933 1972 3117 2017 autem
3147 1964 3562 2030 admirabilius,
3599 1980 3700 2021 cur

2122 2065 2229 2105 non
2265 2061 2426 2106 vocat
2468 2062 2755 2121 utrosque,
2787 2061 2845 2106 et
2866 2053 3040 2107 multo
3065 2054 3238 2124 magis
3261 2054 3550 2110 mulierem
3573 2071 3698 2126 qua)

2118 2142 2301 2199 fuerat
2320 2142 2580 2213 decepta:
2631 2144 2803 2198 Adam
2837 2144 2977 2197 enim
3019 2160 3125 2197 non
3183 2154 3260 2199 est
3286 2142 3552 2213 deceptus,
3604 2147 3697 2201 sed

2110 2234 2314 2289 mulier
2352 2236 2454 2305 fuit
2487 2236 2723 2304 decepta.
2752 2234 3036 2301 Quomodo
3078 2244 3261 2290 autem
3295 2251 3403 2290 non
3449 2237 3697 2293 cernitur

2119 2326 2266 2380 Deus
2308 2327 2539 2379 omnino
2588 2324 2761 2379 fuisse
2823 2325 3045 2379 locutus
3094 2322 3222 2380 cum
3284 2327 3520 2380 muliere
3566 2335 3694 2382 ante

2120 2416 2654 2487 transgressionem?
2673 2416 3096 2487 Quoniam-ergo
3121 2429 3210 2471 est
3236 2432 3430 2485 magna
3452 2426 3509 2471 et
3538 2432 3694 2472 com-

2119 2511 2401 2580 prehensu
2452 2508 2694 2563 dilIicilis
2745 2523 2912 2578 super
2971 2509 3158 2563 omnia
3193 2523 3314 2579 quae
3354 2510 3509 2578 prius
3540 2509 3687 2565 dicta

2120 2613 2253 2658 sunt
2278 2618 2404 2657 vera
2431 2617 2626 2656 eorum
2661 2616 2785 2671 quae
2822 2602 3266 2671 suntproposita
3298 2603 3690 2664 consideratio,

2115 2712 2228 2750 non
2277 2695 2452 2751 solum
2483 2695 2550 2748 iis
2594 2694 2689 2764 qui
2741 2702 2872 2748 sunt
2913 2694 3120 2749 nostris
3178 2694 3555 2763 temporibus,
3594 2694 3691 2748 sed

2116 2787 2280 2842 etiam
2308 2787 2376 2840 iis
2409 2786 2505 2856 qui
2554 2784 2743 2841 multis
2786 2791 2913 2838 ante
2960 2782 3177 2839 saeculis
3213 2798 3243 2837 a
3277 2783 3389 2837 Deo
3419 2784 3573 2838 fuere
3606 2784 3690 2839 ai-

2116 2876 2253 2940 llati,
2283 2884 2339 2930 et
2384 2876 2440 2929 in
2472 2875 2538 2929 iis
2559 2882 2687 2929 sunt
2716 2874 2944 2944 pulchre
2970 2874 3198 2938 versati,
3228 2875 3375 2928 sicut
3418 2874 3585 2929 etiam
3611 2874 3691 2928 di-

2116 2969 2193 3024 cit
2220 2968 2563 3023 Adamantus
2586 2966 2792 3021 Christi
2818 2965 3156 3035 indagator:
3214 2964 3328 3018 haec
3373 2979 3592 3034 quoque
3619 2965 3686 3018 ad

2115 3060 2351 3114 aliorum
2409 3056 2830 3112 similitudinem
2876 3070 3189 3124 precemur,
3244 3063 3305 3108 ut
3356 3055 3691 3124 accipiamus

2116 3144 2348 3214 digitum
2375 3142 2469 3211 qui
2502 3143 2681 3211 tetigit
2702 3142 2894 3195 oculos
2916 3140 3044 3195 caeci
3068 3141 3138 3195 ab
3162 3148 3312 3195 ortu.
3334 3139 3438 3206 Qui
3459 3140 3686 3210 quidem

2114 3232 2632 3289 DominusAdamus
2652 3232 2835 3315 statim
2862 3231 2930 3285 ab
2955 3240 3082 3285 ortu
3124 3229 3594 3299 fuitimmorlalis,
3627 3238 3689 3285 ut

2108 3327 2207 3396 qui
2227 3325 2655 3381 fueritoculatus
2676 3340 2708 3378 a
2722 3324 2818 3378 Dei
2832 3323 3058 3387 lumine,
3079 3331 3160 3388 ut,
3179 3338 3304 3379 cum
3320 3323 3691 3393 tetigissetnc-

2113 3431 2257 3475 stros
2267 3420 2481 3482 oculos,
2497 3418 2738 3472 diceret:
2757 3415 3048 3486 Ephpheta,
3063 3415 3200 3482 quod
3213 3423 3306 3472 est.
3322 3414 3604 3483 adaperire
3620 3413 3684 3471 ³⁵.

2110 3510 2299 3567 Nostri
2333 3510 2482 3565 enim
2547 3507 2690 3564 oculi
2727 3515 2987 3561 tenentur
3025 3520 3094 3559 ne
3142 3513 3333 3572 aperte
3361 3512 3684 3573 agnoscant.

2182 3601 2472 3670 Quomodo
2516 3599 2786 3670 propheta
2843 3597 3066 3666 quidem
3115 3595 3319 3658 Moses,
3366 3595 3451 3649 vel
3500 3595 3689 3665 potius

2111 3696 2340 3766 angelus
2367 3693 2462 3763 qui
2511 3692 2756 3761 loquitur
2804 3690 2859 3743 in
2892 3689 3033 3757 ipso,
3069 3702 3169 3756 per
3220 3701 3441 3741 omnem
3498 3696 3685 3740 actum

2111 3777 2331 3860 qui'est
2387 3786 2443 3839 in
2475 3781 2874 3843 inobedientia,
2910 3788 2968 3833 et
3001 3787 3291 3847 peccatum
3322 3776 3480 3846 ligni,
3530 3791 3685 3830 coms-

2110 3894 2310 3935 munes
2332 3878 2464 3932 facit
2522 3884 2579 3929 et
2608 3873 2893 3943 conjungit
2938 3870 3131 3925 ambos
3170 3868 3560 3939 prolaplastos,
3596 3866 3684 3922 vel

2111 3971 2299 4044 potius
2323 3968 2613 4023 mulierem
2641 3965 2814 4019 solam
2837 3961 3081 4017 ostendit
3113 3976 3235 4015 esse
3255 3960 3311 4013 in
3344 3959 3540 4028 culpa:
3564 3958 3682 4029 ipsa

2104 4072 2195 4119 est
2217 4063 2478 4123 allocuta,
2512 4060 2627 4128 ipsa
2666 4064 2753 4111 est
2806 4055 3057 4124 decepta,
3109 4056 3225 4122 ipsa
3261 4052 3525 4115 comedit,
3566 4051 3686 4121 ipsa

2109 4156 2232 4210 viro
2262 4151 2573 4220 dedit,ipsa
2594 4149 2644 4203 ei
2669 4158 2753 4201 cst
2784 4146 3063 4208 insidiata,
3090 4145 3204 4214 ipsa
3227 4142 3333 4198 fuit
3365 4157 3530 4197 causa
3555 4156 3685 4210 pec-

2109 4246 2242 4308 cati,
2286 4242 2588 4304 nuditatis,
2642 4239 2893 4302 timoris,
2944 4235 3456 4307 subligaculorum’,
3511 4234 3681 4303 fugat,

2108 4326 2548 4392 abSconsionisa
2594 4333 2731 4397 Deo,
2756 4345 2953 4401 poenae,
2999 4326 3418 4390 cxsecrationis,
3466 4325 3681 4390 mortis,

2105 4438 2185 4496 et,
2215 4438 2276 4482 ut
2301 4426 2471 4481 semel
2497 4424 2700 4487 dicam,
2740 4423 3008 4477 malorum
3060 4417 3572 4473 innumerabilium.
3616 4416 3685 4471 Et

502 4516 759 4573 Fortasse
782 4535 891 4575 non
933 4530 1020 4576 est
1055 4523 1322 4587 alienum,
1374 4526 1668 4595 quod‘illze
1718 4528 2000 4595 dixerunt,
2026 4518 2082 4579 Ι)
2107 4537 2232 4579 cum
2252 4520 2373 4575 haec
2396 4517 2471 4571 ita
2500 4515 2758 4577 habeant,
2797 4511 3077 4582 quomodo
3126 4510 3273 4565 Deus
3319 4524 3443 4563 cum
3494 4523 3683 4564 accesv

435 4605 606 4661 Maria
640 4616 702 4662 et
748 4608 965 4664 Salome
996 4619 1053 4665 et
1106 4612 1342 4678 Joanna,
1393 4623 1710 4683 quaerentes
1739 4631 1867 4671 eum
1908 4618 2004 4687 qui

416 4698 640 4753 latebat
693 4700 751 4753 in
781 4700 1039 4769 paradiso
1090 4701 1364 4773 Golgotha
1420 4707 1526 4761 sub
1576 4707 1748 4776 ligno,
1805 4723 2004 4779 nempe

436 4789 648 4846 nudum
666 4790 956 4847 Christum
986 4794 1160 4849 Adam
1191 4811 1355 4865 quem
1380 4798 1597 4853 vocavit
1617 4807 1668 4852 et
1696 4800 2008 4855 eduxitDo-

433 4885 621 4940 minus
653 4886 799 4943 Deus
825 4901 892 4940 ex
945 4886 1194 4949 latebris,
1221 4887 1469 4941 excitans
1499 4904 1626 4943 enm
1667 4903 1731 4943 ex
1772 4882 2006 4945 mortuis

431 4976 738 5032 secundum
770 4991 1014 5037 carnem,
1056 4977 1162 5031 hoc
1187 4992 1289 5031 nos
1325 4994 1544 5048 quoque
1591 4980 1779 5035 dicere
1805 4980 1873 5035 de
1901 4981 2006 5036 hoc

433 5067 641 5121 Adamo
668 5066 765 5136 qui
795 5065 1002 5121 latebat
1048 5067 1102 5121 in
1150 5065 1257 5120 hoc
1302 5066 1464 5120 horto
1516 5066 1572 5120 in
1620 5067 1801 5122 medio
1847 5068 2005 5138 ligni;

435 5172 599 5227 quem
621 5171 876 5226 quaerens
902 5157 1050 5213 Deus
1080 5157 1351 5212 suscitare
1373 5156 1428 5209 in
1456 5155 1708 5223 meridie,
1733 5157 1801 5211 ad
1824 5158 2003 5227 ipsum

434 5249 679 5305 advenit.
703 5250 815 5304 lllaa
848 5249 1021 5314 enim,
1056 5264 1256 5318 nempe
1311 5248 1482 5302 Maria
1524 5248 1841 5318 Magdalene
1876 5264 2003 5303 cum

434 5341 654 5396 duabus
676 5342 800 5396 aliis
811 5340 1099 5396 dicebant:
1135 5340 1264 5406 Quis
1288 5339 1514 5394 revolvat
1536 5340 1681 5393 nobis
1702 5339 1933 5409 lapidem
1957 5342 2001 5373 ³³

435 5441 499 5488 ιιι
525 5434 815 5489 videamus
843 5449 971 5487 eum
1002 5434 1096 5502 qui
1125 5433 1275 5487 intus
1307 5433 1477 5486 latet?

420 5560 423 5561 ν
505 5524 772 5580 Similiter
805 5528 951 5580 idem
993 5524 1125 5578 mihi
1151 5538 1373 5593 quoque
1405 5525 1680 5581 succurrit
1711 5524 2005 5581 dicendum

436 5621 491 5674 in
525 5617 831 5688 prepositis
876 5624 935 5671 et
982 5632 1092 5673 non
1150 5617 1674 5685 contemplabilibns
1726 5622 2005 5692 mysteriis

2112 4616 2276 4671 sisset
2301 4612 2399 4667 illo
2429 4607 2664 4664 meridie
2697 4606 2764 4661 ad
2806 4604 3227 4675 inquisitionem
3265 4613 3320 4657 et
3355 4602 3684 4656 velutiexa-

2111 4704 2471 4761 minutionem
2507 4716 2703 4756 eorum
2753 4698 2849 4768 qui
2899 4713 3012 4753 non
3062 4697 3421 4755 obedierunt,
3447 4709 3556 4748 non
3584 4707 3685 4747 νον

2105 4795 2513 4852 catmulierem
2537 4792 2605 4846 ad
2642 4789 3133 4851 examinationem,
3187 4802 3297 4840 non
3348 4800 3468 4839 eam
3503 4783 3685 4854 gravi-

2110 4898 2198 4945 ter
2233 4889 2504 4957 increpat,
2528 4900 2643 4957 non_
2686 4882 2843 4952 ponit
2868 4881 3098 4934 omnino
3148 4879 3204 4932 in
3244 4879 3367 4948 ejus
3394 4890 3556 4946 paena
3588 4889 3684 4930 ex—

2109 4979 2496 5040 secrationem,
2530 4991 2640 5031 non
2672 4974 2767 5028 dat
2798 4973 2851 5027 ei
2898 4980 3105 5026 terram
3154 4969 3221 5023 ad
3257 4965 3683 5031 comedendum,

2106 5087 2216 5126 non
2252 5070 2460 5140 spinas,
2489 5082 2598 5121 non
2645 5065 2908 5129 tribulos,
2936 5078 3048 5117 non
3088 5076 3245 5116 esum
3270 5059 3405 5123 feni,
3448 5073 3558 5112 non
3588 5071 3685 5111 su-

2106 5165 2297 5220 dorem
2337 5163 2546 5222 vultus,
2574 5159 2669 5214 sed
2727 5173 2910 5227 neque
2957 5171 3077 5211 eam
3126 5152 3357 5222 expellit
3386 5159 3680 5205 antexter.

2105 5258 2279 5311 minat
2310 5271 2340 5308 a
2365 5253 2643 5324 paradiso,
2676 5267 2783 5304 non
2826 5249 2875 5302 ei
2909 5248 3136 5302 omnino
3186 5250 3410 5298 revocat
3458 5254 3687 5309 serpen—

2110 5358 2221 5403 tem
2248 5349 2302 5401 in
2341 5345 2686 5407 memoriam,
2724 5357 2833 5395 non
2856 5355 2975 5393 eam
3004 5337 3219 5407 pudore
3244 5333 3430 5395 allicit,
3460 5332 3679 5384 dicens:

2106 5439 2220 5495 Cur
2233 5436 2498 5506 deeepist-i
2516 5432 2821 5489 Adamum?
2843 5429 2947 5483 Sed
2967 5443 3089 5481 cum
3113 5426 3446 5479 ostendisset
3466 5436 3683 5474 onmem

2109 5530 2509 5599 benignitatem
2531 5535 2587 5579 et
2621 5524 2928 5578 bonitatem
2958 5521 3011 5573 in
3060 5517 3350 5571 mulierem
3390 5530 3512 5583 quae
3536 5512 3683 5567 ceci-

2107 5624 2285 5687 derat,
2319 5620 2497 5689 pergit
2523 5618 2589 5670 ad
2614 5616 2917 5675 hominem,
2975 5619 3029 5664 et
3078 5608 3213 5662 dicit
3243 5607 3328 5661 ei:
3363 5606 3555 5667 Adam,
3596 5603 3683 5657 ulti

512 5791 559 5825 ’θ
589 5793 774 5849 Matth.
806 5810 908 5847 ut.
943 5795 1023 5850 l9.
1105 5798 1143 5828 ³¹
1169 5795 1356 5851 Matth.
1380 5811 1435 5872 ιν,
1462 5796 1542 5852 18.
1624 5798 1667 5831 ³¹
1695 5798 1857 5861 Marc,
1898 5816 1999 5869 τινι,

2158 5801 2202 5835 ³³
2236 5797 2407 5855 Exod.
2430 5813 2614 5860 xum,
2647 5794 2734 5848 ΞΟ.
2815 5793 2857 5825 ³⁸
2888 5792 3051 5846 Marc.
3077 5805 3172 5851 γη,
3204 5787 3294 5843 54.
