4056 6148
383 293 521 358 1027

1592 304 1633 361 S
1695 303 2091 365 ANAS'IASII
2131 304 2454 366 SINAITE

3501 303 3634 366 1028

384 450 438 489 es
461 433 487 488 .’
515 431 579 486 Et
606 434 738 489 dixit
769 437 818 489 ei
841 451 861 489 .'
894 434 1089 490 Audivi
1115 450 1288 489 vocem
1331 441 1480 489 tuam
1521 434 1869 500 ambulantis,
1909 443 1961 489 et
1988 424 2034 480 Α
2063 439 2230 503 Deus,
2255 439 2545 494 utvideret
2571 437 2704 508 quid
2731 451 2795 492 ea
2816 445 3037 491 voearet
3065 446 3320 505 tanquam
3342 432 3410 491 ad
3427 450 3632 507 regem,

383 523 540 588 latui,
568 524 822 591 quoniam
862 540 981 578 sum
1034 524 1225 577 nudus.
1283 522 1427 577 Audi
1471 532 1528 578 et
1573 523 1844 593 Adamum
1870 538 1959 580 re-

388 617 752 689 spondentem
784 631 850 670 ea
891 631 1016 685 quae
1052 616 1167 669 Deo
1207 615 1566 672 conveniunt.
1600 615 1763 670 Solus
1807 616 1959 671 enim

381 707 647 777 quarsitus
666 714 725 760 ct
747 714 979 760 vocatus
1002 705 1301 775 respondet
1350 705 1729 776 singulariter,
1765 715 1823 763 et
1846 721 1957 761 non

382 797 672 866 conjunxit
695 795 803 851 sibi
830 797 1142 850 mulierem.
1168 796 1289 850 Non
1306 799 1456 850 enim
1479 795 1636 855 dicit.
1666 795 1958 850 audivimus

379 901 559 940 uocem
598 894 745 940 tuam
798 885 1190 940 deambulantis
1213 887 1266 938 in
1294 885 1568 955 paradiso,
1593 896 1641 940 et
1685 887 1958 941 timuimus

382 980 509 1051 quia
540 978 669 1032 nudi
713 994 914 1041 sumus,
943 987 993 1030 et
1043 976 1320 1042 latuimus,
1372 978 1520 1046 quod
1563 976 1788 1046 quidem
1838 986 1960 1033 erat

381 1085 597 1125 verum.
632 1069 740 1125 Sed
766 1071 1267 1125 mittens-accusare
1292 1079 1692 1133 suamcostam,
1716 1070 1956 1138 seipsum

382 1161 575 1232 prodit
604 1176 704 1231 pro
733 1176 818 1216 ea.
842 1162 966 1215 Haec
987 1174 1111 1214 cum
1132 1175 1532 1230 persequerer,
1558 1161 1804 1230 paradisi
1819 1161 1959 1219 civis

382 1240 597 1309 Paulus'
628 1268 849 1307 rursum
877 1251 1151 1306 accedens
1174 1253 1230 1306 in
1268 1252 1538 1316 medium,
1571 1252 1743 1307 dixit:
1769 1251 1962 1322 Hyste-

383 1344 527 1398 rium
569 1360 823 1413 magnum
866 1351 963 1396 est.
1017 1342 1131 1412 Ego
1167 1351 1352 1398 autem
1402 1358 1527 1401 cum
1576 1343 1696 1413 ipso
1729 1344 1844 1417 dico
1903 1344 1959 1397 in

386 1434 594 1492 Christo
615 1442 662 1488 et
690 1433 929 1488 Ecclesia
950 1434 1019 1499 ³⁵,
1064 1449 1167 1502 pro
1193 1450 1300 1502 qua
1327 1449 1387 1491 se
1421 1434 1576 1488 dedit
1611 1435 1679 1487 ad
1702 1442 1956 1490 mortem.

383 1522 543 1579 Unde
587 1523 755 1575 etiam
797 1538 829 1576 a
876 1522 990 1576 Deo
1033 1530 1229 1576 vocato
1278 1536 1415 1576 vero
1462 1522 1696 1586 Adamo,
1736 1521 1961 1590 quando

384 1614 549 1675 dixit,
580 1614 777 1679 Adam,
813 1613 899 1667 ubi
918 1630 970 1667 es
992 1613 1017 1665 ?
1062 1628 1174 1666 non
1208 1613 1420 1669 dictum
1469 1620 1553 1668 est
1596 1614 1653 1668 in
1673 1612 1962 1684 Scriptura

386 1704 537 1775 quod
568 1703 705 1757 exiit
731 1711 828 1758 aut
880 1703 1034 1757 venit
1089 1703 1157 1756 ad
1191 1703 1387 1769 Deum,
1419 1713 1505 1759 est
1546 1704 1696 1759 enim
1743 1718 1963 1774 semper

385 1796 533 1867 apud
558 1797 731 1851 Deum
770 1794 1156 1871 inseparabilis
1184 1795 1377 1849 Filius.

455 1887 584 1943 Hace
631 1887 1022 1958 praemisimus,
1080 1902 1175 1941 ora
1216 1887 1536 1943 Judaeorum
1581 1886 1958 1952 obstruentes,

384 1994 456 2035 ne
500 1993 608 2035 nos
633 1979 937 2035 audientes
951 1980 1139 2037 omnia
1167 1979 1365 2035 Adami
1409 1979 1479 2034 ad
1508 1978 1789 2037 Christum
1820 1979 1964 2034 refe—

392 2079 605 2137 rentes,
636 2070 957 2126 existiment
981 2086 1107 2126 eum
1132 2071 1303 2127 fuisse
1329 2072 1434 2129 sub
1488 2080 1739 2142 peccato,
1772 2078 1828 2126 et
1853 2070 1964 2127 cri-

386 2161 685 2217 minationi
721 2161 1023 2217 obnoxium
1058 2171 1116 2219 et
1148 2165 1537 2220 exsecrationi.
1578 2162 1790 2221 Subicit
1813 2161 1964 2223 enim

388 2253 797 2313 demonstratio
826 2268 1022 2307 eorum
1053 2269 1177 2323 quae
1198 2270 1350 2309 nunc
1374 2256 1522 2310 dicta
1564 2265 1712 2320 sunt,
1735 2253 1805 2310 ad
1832 2267 1963 2322 per—

386 2344 734 2399 suadendum
764 2345 853 2400 vel
890 2345 1127 2398 maxime
1166 2344 1477 2410 incredulo,
1514 2346 1662 2416 quod
1708 2361 1966 2415 quaecun-

388 2450 499 2505 que
545 2435 771 2506 quidem
817 2436 1038 2505 objecta
1094 2443 1226 2490 sunt
1277 2436 1521 2502 mulieri,
1571 2438 1788 2507 objecta
1835 2444 1966 2491 sunt

388 2531 728 2596 accusando,
771 2546 1114 2600 quaecunque
1162 2539 1346 2585 autem
1371 2530 1543 2585 Adam
1574 2545 1606 2584 a
1654 2531 1768 2585 Deo
1811 2529 1967 2585 audi-

384 2622 494 2689 vit,
512 2623 725 2692 absque
787 2624 1178 2678 criminatione
1217 2637 1317 2681 seu
1356 2622 1730 2685 accusatione,
1784 2637 1850 2677 ea
1897 2621 1966 2676 de

388 2712 618 2769 Christo
645 2712 914 2768 dicuntur
948 2729 1007 2769 se
1030 2713 1380 2769 demittenda
1416 2730 1518 2784 pro
1551 2714 1817 2778 Ecclesia,
1858 2713 1967 2769 sibi

390 2802 752 2861 attribuendo
809 2802 961 2859 illius
1013 2814 1300 2874 peccatum
1344 2812 1403 2858 et
1443 2803 1877 2861 exsecrationem
1911 2814 1969 2859 et

387 2904 651 2953 mortem.
679 2895 984 2963 Propterea
1005 2895 1154 2950 enim
1185 2895 1332 2950 Deus
1351 2895 1487 2951 fecit
1522 2910 1614 2949 res
1646 2894 1841 2949 Adami
1886 2895 1970 2951 di—

389 3006 585 3047 versas
611 2999 667 3047 et
697 2992 1036 3046 excelsiores
1062 3006 1231 3060 supra
1282 2990 1598 3054 mulierem,
1639 2994 1703 3044 ut
1750 3003 1853 3042 nos
1886 2987 1969 3042 di—

2059 539 2116 585 et
2133 530 2227 603 qui
2243 537 2363 585 erat
2379 530 2463 585 eis
2490 527 3203 601 dominaturus.Undelicet
3232 527 3444 592 videre,
3467 527 3632 591 etiam

2058 635 2187 676 vere
2208 621 2486 676 hominem
2507 629 2765 690 tanquam
2790 620 2885 690 qui
2918 618 3087 673 habet
3110 626 3438 688 potestatem
3466 628 3524 672 et
3551 627 3636 674 est

2060 709 2328 765 Dominus
2382 709 2943 781 (nempeChristum)
2981 723 3210 763 uxorem
3240 708 3618 763 nominantem

2057 798 2555 869 915Ecclesiam,
2568 816 2635 859 ex
2654 801 2770 871 ipsa
2787 800 3156 870 appellantem
3174 801 3293 872 ejus
3309 815 3533 867 nomen,
3552 799 3640 856 Vi-

2061 893 2192 943 tam.
2208 890 2348 944 Vere
2383 890 2531 944 enim
2559 889 2800 946 vivilicat
2821 905 2961 960 quos
2980 898 3229 960 generat,
3246 905 3444 959 nempe
3461 890 3639 959 bapti-

2060 996 2256 1043 smate.
2283 986 2352 1040 Et
2381 984 2449 1040 de
2477 985 2598 1040 solo
2624 985 2867 1048 homine,
2891 984 3165 1053 Propheta
3185 984 3322 1039 dicit
3348 985 3460 1039 Deo
3491 1001 3506 1036 :
3537 983 3638 1038 Hi-

2060 1078 2223 1133 nuisti
2251 1093 2369 1130 eum
2404 1077 2564 1147 paulo
2612 1078 2785 1130 minus
2817 1075 2882 1129 ab
2912 1075 3136 1146 angelis,
3165 1074 3337 1145 gloria
3367 1085 3416 1128 et
3443 1077 3639 1129 honore

2060 1169 2328 1223 eoronasti
2369 1183 2510 1231 eum,
2548 1175 2597 1220 et
2625 1167 2941 1221 constituisti
2970 1183 3086 1220 eum
3117 1168 3250 1236 (non
3282 1176 3465 1223 autem
3519 1167 3634 1227 eos)

2058 1275 2219 1328 super
2273 1272 2436 1328 opera
2486 1273 2742 1313 manuum
2788 1264 3025 1321 tuarum,
3077 1265 3129 1310 et
3161 1257 3340 1310 omnia
3375 1257 3640 1328 subjeeisti

2058 1350 2152 1404 sub
2184 1349 2397 1420 pedibus
2427 1348 2682 1419 ejus",et
2696 1348 2891 1410 solius,
2907 1363 3016 1402 non
3038 1355 3222 1401 autem
3248 1347 3518 1417 ipsorum,
3539 1350 3641 1403 hoc

2062 1450 2170 1507 est,
2249 1457 2359 1499 non
2386 1441 2701 1501 amborum,
2746 1440 2843 1495 sed
2876 1440 3050 1496 solius
3073 1438 3291 1505 Adami,
3325 1441 3381 1493 in
3411 1438 3640 1507 ﬁguram

2061 1532 2292 1589 Christi.
2322 1524 2579 1589 Ostendit
2614 1532 2714 1588 tibi
2744 1532 2887 1587 hanc
2912 1547 3164 1603 magnam
3204 1541 3263 1587 et
3293 1532 3642 1603 incompara-

2062 1624 2228 1680 bilem
2259 1623 2626 1680 dill'erentiam
2656 1623 2858 1679 Adami
2903 1623 2972 1677 ab
2997 1624 3110 1678 Eva
3129 1663 3144 1687 ,
3187 1624 3565 1694 honoremque
3588 1633 3647 1679 et

1991 1756 2033 1815 Β
2062 1721 2313 1790 gloriam,
2338 1727 2398 1775 ut
2426 1729 2617 1776 exacte
2651 1727 2709 1774 et
2741 1728 2998 1774 accurate
3030 1718 3212 1773 discas
3232 1716 3455 1786 quando
3488 1715 3644 1770 vide-

2062 1813 2139 1869 ris
2164 1813 2446 1869 hominem
2480 1813 2537 1867 in
2573 1812 2747 1881 ﬁgura
2781 1810 2986 1867 Christi
3016 1826 3075 1865 se
3098 1808 3379 1863 dimittere
3413 1808 3481 1862 ad
3522 1822 3645 1861 mu-

2056 1902 2278 1967 lierem.
2306 1910 2363 1957 et
2412 1903 2576 1958 simul
2607 1914 2733 1957 cum
2778 1917 2843 1957 ea
2884 1900 3178 1956 comedere
3213 1915 3282 1954 ex
3328 1900 3479 1969 ligno
3521 1915 3537 1952 :
3588 1905 3648 1952 et

2061 1995 2229 2053 simul
2257 1994 2469 2058 videre,
2510 2003 2568 2051 et
2612 1994 2775 2049 simul
2821 1992 3046 2058 nudari,
3076 2001 3134 2048 et
3168 1992 3330 2048 simul
3357 2006 3645 2064 ‘consuere

2061 2081 2193 2138 folia
2237 2081 2374 2141 ﬁcus
2405 2083 2551 2141 :boe
2576 2090 2687 2147 est,
2730 2082 3098 2152 praemeditari
3124 2090 3184 2137 et
3203 2096 3558 2153 componere,
3592 2089 3651 2136 et

2064 2175 2228 2230 simul
2278 2176 2437 2231 unire
2491 2175 2723 2231 verbum
2771 2188 2898 2231 cum
2937 2175 3113 2231 verbo
3149 2174 3218 2229 ad
3242 2172 3647 2236 defensionem,

2058 2278 2121 2323 et
2153 2268 2320 2323 simul
2349 2268 2547 2325 audire
2578 2283 2767 2324 vocem
2805 2267 3025 2324 Domini
3052 2266 3149 2322 Dei
3179 2265 3553 2327 ambulantis,
3592 2276 3652 2319 et

2065 2360 2289 2425 timere,
2336 2370 2396 2416 et
2429 2360 2658 2431 fugere,
2699 2350 2754 2416 et
2807 2361 3003 2423 latere,
3036 2365 3094 2415 et
3130 2358 3318 2413 vocari
3353 2357 3530 2412 solum
3579 2356 3649 2411 ad

2062 2451 2552 2515 examinationem,
2589 2460 2648 2509 et
2673 2451 2843 2509 duras
2862 2465 3055 2519 prunas
3096 2465 3199 2519 pro
3224 2449 3321 2503 illa
3343 2448 3648 2518 suscipere.

2065 2550 2122 2599 et
2149 2544 2326 2596 solum
2356 2541 2557 2611 expelli
2588 2557 2655 2599 ex
2703 2540 2985 2611 paradiso,
3020 2549 3077 2595 et
3113 2540 3400 2609 suscipere
3429 2547 3649 2594 senten-

2070 2633 2201 2687 tiam
2235 2632 2453 2691 mortis.
2506 2631 2635 2687 llaec
2684 2632 2870 2687 omnia
2918 2631 3142 2701 quando
3175 2632 3457 2701 aspexeris
3502 2628 3650 2684 Ada-

2066 2740 2219 2779 mum
2260 2733 2316 2779 et
2339 2740 2504 2794 agere
2524 2733 2583 2779 et
2611 2724 2869 2789 suﬂ‘erre,
2898 2725 3175 2795 intelliges
3211 2723 3497 2779 Christum
3526 2721 3651 2792 (per

2069 2809 2324 2880 Paulum)
2356 2810 2456 2869 tibi
2484 2809 2670 2866 dicere
2694 2829 2707 2864 :
2732 2812 2907 2869 Adam
2934 2828 3040 2866 non
3069 2820 3145 2865 est
3176 2811 3421 2880 deceptus
3438 2810 3503 2862 ".
3524 2809 3651 2863 Alio

2068 2900 2217 2957 enim
2249 2900 2412 2955 modo
2437 2901 2680 2956 comedit
2707 2901 2969 2971 antiquus
2994 2902 3087 2957 ille
3116 2901 3170 2955 in
3203 2910 3389 2972 typum
3415 2899 3648 2965 Christi,

2069 2990 2178 3046 alio
2213 3001 2395 3046 autem
2432 2991 2838 3049 modomulier
2875 2993 2928 3048 in
2975 3002 3163 3064 typum
3197 2993 3481 3048 Ecclesiae.
3528 2992 3653 3049 Alio

390 3096 682 3137 acet-emus
728 3089 786 3135 et
846 3080 1182 3135 doceremur
1206 3079 1698 3150 incomparabilem
1762 3077 1969 3133 Christi
1997 3084 2038 3143 ε
2071 3080 2237 3134 modo
2258 3080 2715 3151 estinlelligenda
2735 3080 2931 3137 Adami
2953 3084 3107 3138 visus
3131 3082 3515 3151 recuperatio;
3540 3081 3652 3135 alio

391 3172 765 3227 diﬁ‘erentiam
795 3188 962 3242 supra
1008 3172 1332 3226 Ecclesiam.
1389 3172 1527 3226 Nam
1567 3186 1695 3225 cum
1741 3170 1972 3225 dixisset

391 3265 562 3328 Deus,
586 3263 871 3318 Faciamus
900 3264 1165 3317 hominem
1194 3264 1269 3316 ad
1291 3264 1580 3333 imaginem
1614 3271 1662 3315 et
1716 3261 1969 3317 similituv

390 3355 570 3411 dinem
594 3367 855 3419 nostram,
907 3354 1047 3408 nihil
1099 3355 1376 3424 ejusmodi
1433 3354 1574 3408 dixit
1620 3353 1690 3408 de
1734 3354 1970 3409 muliere

405 3447 632 3516 quando
650 3462 771 3502 eam
802 3455 923 3501 erat
955 3448 1331 3502 labricaturus
1356 3462 1424 3501 ex
1448 3446 1623 3502 latere
1646 3446 1863 3500 Adami.
1905 3444 1974 3500 Et

413 3554 607 3596 rursus
617 3540 809 3595 dicens
827 3556 842 3594 :
862 3540 1004 3593 Fecit
1017 3530 1154 3594 De‘us
1176 3543 1463 3607 hominem;
1480 3539 1549 3594 ad
1568 3539 1854 3610 imaginem
1875 3537 1974 3592 Dei

397 3632 518 3703 fecit
552 3632 707 3685 illum
728 3673 744 3697 ,
778 3648 890 3686 non
916 3632 1056 3687 dicit
1087 3633 1156 3687 de
1186 3648 1272 3697 ea,
1305 3632 1425 3702 fecit
1465 3631 1641 3697 illam,
1674 3631 1771 3687 sed
1817 3637 1973 3700 post-

397 3738 563 3792 quam
595 3723 737 3781 dixit
760 3723 829 3778 de
858 3724 1107 3788 homine,
1131 3724 1251 3793 fecit
1284 3723 1471 3787 illum,
1512 3733 1643 3778 tunc
1665 3723 1971 3793 subjungit,

398 3814 695 3870 masculum
724 3826 772 3868 et
803 3816 1056 3886 feminam
1071 3816 1193 3884 fecit
1218 3814 1360 3870 illos.
1418 3816 1686 3871 Similiter
1707 3816 1875 3869 etiam
1917 3814 1974 3870 in

396 3905 731 3961 fortnatione
758 3907 1020 3970 hominis,
1049 3908 1273 3977 quando
1311 3907 1480 3962 dixit:
1508 3907 1664 3962 Fecit
1701 3912 1839 3960 Deus
1885 3908 1978 3962 lto-

398 4000 594 4053 minem
614 3998 980 4069 limo'aceepto
1000 4008 1211 4064 eterra,
1235 4009 1282 4053 et
1295 4000 1583 4071 insuﬂlauit
1601 4001 1654 4054 in
1671 4001 1847 4069 ipsum
1870 3999 1978 4068 δρίο-

400 4089 564 4141 ritum
585 4088 726 4153 citur,
764 4088 969 4142 nullam
993 4088 1129 4142 fecit
1170 4087 1510 4141 mentionem
1544 4084 1814 4140 mulieris.
1840 4084 1975 4141 Nam

399 4179 548 4251 quod
564 4181 763 4236 attinet
779 4180 845 4235 ad
860 4180 1322 4245 essentiammibil
1340 4178 1791 4234 habuitEcclesia
1811 4192 1876 4231 ex
1890 4175 1978 4229 di-

403 4273 996 4343 vinaesscntimcujus
1026 4274 1132 4328 fuit
1162 4273 1475 4345 symbolum
1501 4269 1979 4339 insumatio,prius

400 4363 721 4436 signiﬁcans
772 4365 869 4420 Dei
904 4365 1073 4420 Verbi
1120 4379 1186 4418 ex
1220 4365 1381 4417 Patre
1427 4362 1479 4417 id
1530 4361 1676 4431 quod
1723 4374 1789 4415 ex
1818 4358 1980 4415 nobis

2073 3170 2260 3235 modo,
2308 3171 2575 3229 mulieris.
2610 3171 2730 3226 Alia
2768 3179 2852 3226 est
2896 3172 3002 3226 viri
3034 3172 3285 3235 nudatio,
3316 3172 3423 3226 alia
3465 3179 3651 3226 autem

2071 3263 2337 3318 mulieris.
2376 3262 2552 3317 Aliter
2585 3264 2739 3319 timet
2762 3264 2934 3319 Adam
2964 3264 3173 3334 quiest
3208 3263 3418 3321 Christi
3451 3264 3649 3334 ﬁgura.

2084 3370 2197 3409 non
2224 3355 2526 3424 deceptus;
2570 3364 2627 3410 et
2651 3357 2814 3410 aliter
2830 3355 2988 3410 timet
3015 3355 3214 3411 mulier
3246 3355 3652 3424 deeepta.,lpsa

2085 3444 2235 3501 enim
2248 3462 2349 3515 per
2366 3445 2821 3511 inobedientiam,
2838 3448 2983 3503 sicut
3000 3448 3265 3513 Ecclesia;
3285 3447 3454 3501 Adam
3466 3457 3653 3503 autem

2070 3538 2294 3608 (nempe
2317 3538 2594 3609 Christus)
2619 3556 2687 3597 eo
2702 3540 2850 3609 quod
2871 3556 2971 3610 pro
2991 3540 3265 3594 ambobus
3287 3524 3339 3594 id
3366 3539 3653 3609 suscipiat.

2073 3630 2191 3685 Hoc
2217 3628 2382 3685 modo
2409 3630 2764 3699 intelligenda
2793 3639 2880 3685 est
2911 3632 3078 3686 etiam
3116 3630 3349 3687 nudatio
3388 3645 3552 3700 quam
3596 3630 3653 3684 in

2073 3719 2324 3776 Calvaria
2347 3721 2633 3786 sustinuit,
2661 3730 2719 3777 et
2740 3722 2890 3791 fuga.
2915 3721 3289 3788 Quamobrem
3315 3737 3415 3791 per
3430 3720 3657 3790 dispen-

2074 3816 2346 3871 sationem
2366 3815 2539 3871 etiam
2571 3814 2712 3885 fugit
2747 3813 2806 3871 in
2837 3812 3165 3885 IEgyptum,
3197 3823 3255 3869 et
3281 3814 3500 3868 vocavit
3525 3828 3656 3873 eum

2075 3906 2345 3962 Dominus
2384 3905 2530 3961 Deus
2548 3906 2813 3961 latentem
2844 3906 2900 3959 in
2934 3905 3193 3976 Egypto.
3219 3905 3405 3972 Quare
3436 3904 3658 3960 dicebat

2075 3996 2245 4051 etiam
2273 4014 2285 4048 :
2322 3995 2406 4050 Ea:
2430 3994 2662 4066 .Egypto
2689 3998 2867 4051 vocavi
2895 3995 3092 4051 Filium
3128 4002 3299 4051 meum
3321 3997 3387 4051 ³⁸.
3416 3996 3575 4063 Quod
3608 3996 3658 4051 si

2076 4088 2163 4143 vis
2190 4087 2361 4143 etiam
2392 4087 2581 4145 videre
2609 4086 2892 4144 Christum
2917 4087 3226 4143 voluntarie
3244 4089 3528 4142 timentem
3555 4103 3659 4157 pro

2077 4179 2344 4244 Ecclesia,
2391 4179 2521 4235 audi
2559 4179 2951 4250 evangelistam
2994 4180 3063 4234 de
3113 4194 3182 4235 eo
3213 4179 3490 4237 dicentem
3543 4198 3556 4234 :
3591 4179 3661 4235 Et

2078 4288 2197 4326 cum
2223 4280 2355 4326 esset
2382 4273 2437 4327 in
2469 4273 2661 4341 agonia
2683 4313 2698 4336 ,
2738 4273 2908 4326 oravit
2941 4273 3200 4327 intensius
3216 4272 3283 4337 ³9,
3313 4280 3368 4326 et
3402 4272 3526 4329 ideo
3561 4272 3660 4340 fuit

2081 4363 2247 4415 tristis
2271 4378 2436 4430 usque
2457 4362 2527 4415 ad
2559 4371 2780 4415 mortem
2798 4362 2843 4394 ⁴⁰
2873 4380 2885 4415 :
2921 4362 3205 4417 medicans
3234 4363 3514 4417 tristitiam
3538 4378 3662 4416 mu-

399 4468 489 4513 est
516 4458 731 4511 luteum
785 4457 1117 4526 ingressum,
1145 4461 1201 4507 et
1246 4452 1640 4506 habitationem
1693 4451 1747 4507 in
1802 4450 1976 4520 hypo—
2008 4458 2053 4514 Β
2082 4451 2257 4515 lieris,
2292 4462 2349 4509 et
2380 4468 2483 4522 pro
2503 4467 2566 4507 ea
2590 4452 2791 4507 ductus
2805 4451 2872 4507 ad
2899 4453 3232 4523 passionem.
3263 4453 3534 4521 Quoniam
3557 4467 3658 4505 au-

403 4548 559 4603 stasi.
605 4547 674 4601 Et
706 4546 831 4599 ideo
859 4560 972 4598 non
1019 4544 1115 4598 dat
1159 4545 1308 4598 Deus
1364 4541 1584 4598 mulieri
1630 4541 1979 4597 essentialem

404 4639 492 4695 sui
518 4637 991 4700 insufﬂationem,
1056 4634 1320 4703 quoniam
1376 4648 1488 4687 non
1534 4642 1621 4688 est
1677 4631 1981 4701 composita

405 4731 608 4787 mulier
634 4745 704 4785 ex
725 4728 1021 4783 divinitate
1044 4734 1102 4780 ct
1129 4724 1497 4788 humanitate,
1559 4725 1704 4783 sicut
1724 4724 1980 4781 Christus

403 4824 613 4881 Adam:
670 4821 767 4877 sed
795 4836 863 4876 ex
891 4835 999 4873 una
1024 4819 1138 4874 sola
1170 4832 1359 4883 carne,
1403 4831 1599 4888 nempe
1648 4817 1821 4869 latere
1872 4814 1979 4868 hu-

406 4916 708 4971 manitatis.
735 4915 911 4969 Porro
927 4921 1110 4967 autem
1134 4911 1188 4964 in
1220 4910 1497 4981 positione
1520 4924 1741 4978 quoque
1786 4916 1848 4961 et
1896 4907 1979 4960 in-

407 5023 599 5080 gressu
665 5006 863 5063 Adami
914 5004 971 5058 in
1026 5004 1373 5075 paradisum,
1429 5016 1542 5055 non
1581 5000 1755 5057 dicit:
1807 4997 1980 5053 Simul

406 5099 558 5170 ponit
582 5113 701 5150 cum
728 5113 788 5149 eo
811 5094 1107 5151 mulierem.
1157 5094 1350 5162 Neque
1378 5105 1513 5144 vero
1551 5089 1605 5143 in
1655 5088 1979 5157 operatione

407 5189 540 5244 facit
595 5187 760 5242 simul
808 5201 935 5240 cum
987 5200 1056 5239 eo
1089 5181 1337 5251 operari,
1396 5194 1577 5248 neque
1623 5178 1678 5232 in
1730 5178 1981 5233 custodia

411 5278 579 5334 simul
635 5293 763 5335 esse
801 5276 1109 5332 custodem.
1151 5272 1260 5327 Sed
1313 5285 1494 5340 neque
1542 5285 1609 5324 ex
1657 5269 1807 5324 omni
1834 5269 1985 5339 ligno

407 5371 557 5441 quod
584 5380 670 5426 est
707 5371 765 5424 in
796 5368 1054 5440 paradiso
1081 5365 1310 5436 iubetur
1347 5361 1645 5419 comedere
1698 5361 1807 5415 nisi
1834 5361 1986 5417 solus

408 5458 683 5515 Christus.
711 5458 819 5515 Sed
852 5472 1030 5526 neque
1057 5454 1293 5524 imponit
1315 5451 1514 5507 mulier
1540 5465 1740 5505 nomen
1792 5451 1987 5506 bestiis

410 5561 468 5608 et
484 5553 804 5607 volucribus
833 5568 846 5604 :
881 5551 950 5605 ad
978 5549 1156 5604 solum
1182 5546 1331 5601 enim
1352 5544 1623 5600 Adamum
1645 5559 1744 5601 eos
1759 5544 1988 5599 adduxit

512 5667 555 5697 ³⁸
590 5666 791 5735 Ephes.
824 5684 877 5733 v,
917 5670 1004 5721 '59..
1113 5667 1157 5698 “
1181 5666 1322 5722 Psal.
1365 5681 1478 5732 vm,
1506 5665 1620 5720 6«8.

416 5749 562 5799 xxvi,
591 5735 678 5790 38.

1733 5664 1824 5720 ³⁷1
1860 5666 2083 5734 Tim.n,
2121 5668 2204 5721 ll.

2081 4550 2194 4599 tem
2224 4544 2545 4607 meridiem,
2592 4544 2689 4598 Dei
2728 4543 2887 4598 Verbi
2932 4542 3231 4598 adventura
3264 4559 3389 4598 esse
3428 4550 3658 4612 paterne

2081 4632 2359 4698 dedimus,
2388 4648 2615 4689 necesse
2631 4641 2719 4689 est
2738 4634 2965 4688 omnino
2976 4633 3165 4688 videre
3181 4633 3461 4703 quomodo
3487 4632 3656 4686 etiam

2083 4725 2152 4781 de
2187 4725 2413 4780 homine
2434 4724 2714 4780 communi
2747 4724 2863 4795 (qui
2894 4733 2980 4779 est
3001 4725 3172 4780 veluti
3205 4725 3432 4794 quidam
3465 4722 3655 4793 Adam)

2081 4828 2140 4873 et
2180 4816 2249 4871 de
2280 4817 2402 4887 ejus
2432 4816 2663 4886 conjuge
2716 4816 2985 4882 Ecclesia,
3013 4816 3170 4886 prius
3220 4824 3353 4871 sunt
3386 4815 3657 4884 descripta

2086 4905 2370 4981 proposita
2397 4908 2634 4978 paradisi
2659 4919 2940 4979 mysteria,
2970 4919 3026 4963 et
3050 4908 3211 4964 linem
3232 4917 3571 4978 acceperunt
3601 4906 3655 4960 in

2085 5001 2270 5056 nobis.
2308 5000 2446 5057 Cum
2490 5016 2624 5070 ergo
2675 5001 3005 5055 comedisset
3033 5000 3232 5055 mulier
3277 5016 3401 5070 quae
3434 5000 3653 5063 dicitur,

2084 5112 2153 5151 ex
2179 5094 2325 5149 malo
2377 5094 2680 5164 impietatis
2721 5094 2901 5149 fructu
2933 5093 3090 5164 ligni,
3130 5101 3286 5148 stans
3331 5107 3509 5163 prope
3551 5104 3658 5145 ser—

2088 5195 2310 5257 pentem
2343 5194 2602 5255 tanquam
2638 5194 2783 5241 esset
2815 5187 2936 5256 ejus
2964 5201 3124 5250 uxor,
3154 5185 3355 5240 deinde
3375 5185 3426 5239 ei
3453 5198 3654 5241 renun-
3710 5229 3729 5237 -

2084 5276 2297 5340 tiasset,
2321 5284 2382 5329 ut
2405 5277 2514 5347 jam
2551 5275 2665 5329 dixi
2696 5288 2875 5339 antea,
2912 5286 2967 5331 et
3000 5276 3067 5330 ad
3100 5277 3358 5329 maritum
3396 5283 3544 5330 esset
3571 5287 3653 5327 re-

2085 5382 2264 5429 versa,
2304 5382 2413 5421 non
2451 5366 2766 5421 invenimus
2786 5383 2907 5421 eam
2931 5368 3169 5435 amplius
3189 5368 3652 5435 appropinquasse

2087 5465 2183 5511 aut
2226 5474 2351 5513 cum
2416 5467 2674 5527 serpente
2711 5459 2940 5512 omnino
2986 5473 3109 5513 esse
3159 5458 3419 5512 locutam.
3469 5454 3652 5512 Omnia

2089 5566 2221 5622 ergo
2246 5566 2368 5619 qute
2402 5550 2633 5605 inerunt
2662 5557 2785 5619 post
2808 5552 2931 5622 ejus
2954 5550 3373 5605 conversionem
3409 5548 3479 5605 ad
3512 5544 3651 5607 Adi-

2307 5668 2348 5698 “
2384 5663 2508 5721 ()se.
2547 5684 2620 5735 χι,
2652 5669 2701 5721 1.
2808 5670 2851 5702 ³⁸
2884 5668 3015 5724 Luc.
3053 5684 3182 5736 xxii,
3212 5668 3298 5723 45.
3400 5669 3444 5698 ⁸ο
3472 5662 3639 5722 hiauit.
