4056 6148
396 387 534 452 1οἓ9

1480 387 1561 447 ΙΝ
1602 380 2153 444 ΗΕΧΑΕἈΞΕΗΟΝ.
2180 407 2250 418 --
2282 382 2424 442 LIB.
2469 384 2572 443 XI.

3521 395 3654 458 1030

387 513 539 553 mum
576 496 705 567 (hoc
731 505 835 560 est,
873 496 1176 560 Christum)
1222 496 1529 567 intelligere
1566 503 1785 564 oportet
1835 493 1976 546 bona
2010 495 2045 549 Α
2080 490 2242 545 lecta.
2271 491 2398 547 Hzrc
2425 491 2610 546 omnia
2644 506 2752 546 non
2784 500 2911 546 sunt
2943 493 3231 549 irascentis
3248 495 3469 566 judicis,
3500 516 3564 555 ex
3591 503 3657 561 ἰέ

382 600 443 645 ct
468 599 604 644 tunc
636 590 988 661 praeﬁgurata
1010 588 1075 642 ad
1102 588 1363 643 Ecclesiae
1396 588 1756 649 beneﬁcium,
1788 595 1842 639 et
1873 601 1971 640 cu-

386 682 616 751 inslihet
635 681 997 757 bominisqui
1029 690 1115 734 est
1137 680 1385 752 ejusdem
1419 683 1577 751 cujus
1595 681 1711 750 ipsa
1730 677 1970 750 generis.

385 772 690 829 Oculorum
726 773 950 844 quidem
989 774 1143 829 visus
1191 776 1704 844 recuperationem,
1762 772 1974 827 Christi

386 866 535 923 verte
564 866 706 921 lucis
732 865 1105 935 agnitionem;
1137 867 1406 921 nuditatis
1440 876 1623 921 autem
1652 866 1971 931 tectionem,

388 959 609 1015 initium
644 972 844 1012 sensus
883 958 952 1011 ad
998 960 1418 1014 correctionem.
1471 959 1607 1015 Nam
1655 959 1971 1029 sapientes,

390 1048 590 1117 inquit,
626 1057 817 1119 tegunt
841 1064 994 1102 suam
1025 1049 1432 1104 verecundiam.
1469 1048 1612 1104 Audi
1637 1049 1786 1103 enim
1824 1047 1973 1118 quod

391 1140 487 1194 ﬂat
534 1148 801 1208 praeterea
851 1147 978 1209 post
1009 1140 1201 1211 induta
1250 1141 1614 1212 subligacula.
1670 1141 1773 1208 Qui
1826 1140 1974 1195 enim

388 1230 547 1299 prius
570 1246 678 1285 non
713 1231 1039 1286 obedierant
1064 1234 1183 1287 voci
1225 1242 1280 1288 et
1308 1235 1566 1289 mandato
1600 1234 1691 1289 Dci
1727 1236 1820 1304 qui
1845 1245 1974 1289 ante

388 1323 675 1377 meridiem
706 1333 1014 1394 temporum
1040 1325 1285 1379 nondum
1313 1326 1631 1389 advenerat,
1657 1335 1712 1381 et
1732 1343 1831 1397 per
1853 1343 1973 1380 car-

388 1429 516 1468 nem
540 1416 702 1469 nobis
744 1430 855 1469 non
888 1408 1379 1487 appropinquat-at,
1416 1426 1472 1473 et
1499 1419 1743 1473 nondum
1781 1420 1972 1473 ambu-

389 1507 541 1562 labat
576 1508 673 1562 Dei
724 1509 1047 1577 praedicatio
1089 1519 1221 1564 tunc
1250 1527 1375 1565 cum
1411 1512 1464 1565 in
1502 1526 1721 1566 onmem
1768 1521 1972 1568 terram

389 1597 562 1651 exivit
594 1612 765 1652 sonus
785 1598 917 1667 ejus’
944 1597 1180 1653 dicentis
1211 1616 1223 1652 :
1254 1598 1624 1653 Paenitentiam
1669 1604 1828 1671 agite,
1879 1620 1974 1672 ap-

389 1690 715 1759 propinquat
767 1690 909 1742 enim
963 1704 1181 1759 regnum
1227 1690 1573 1756 malorum",
1620 1691 1842 1760 quando
1868 1709 1971 1747 vox

388 1780 615 1837 Domini
649 1780 789 1835 facta
823 1790 917 1835 est
939 1797 1106 1852 super
1138 1797 1330 1852 aquas,
1364 1784 1586 1852 quando
1627 1784 1833 1838 tonitru
1877 1800 1974 1838 vo-

2080 597 2201 652 quae
2251 592 2380 638 sunt
2422 584 2817 654 consequentia
2856 584 3123 639 historiae.
3156 585 3291 641 Nam
3349 604 3472 644 cum
3515 592 3659 650 Deus

2078 674 2310 729 dixisset
2339 675 2550 730 Adamo
2596 695 2608 729 :
2636 675 2763 741 Quis
2796 676 2888 729 tibi
2920 679 3244 732 renuntiavit
3270 683 3408 749 quod
3436 684 3507 737 sis
3557 702 3661 741 nu-

2077 768 2194 832 dus,
2228 768 2328 820 nisi
2349 768 2657 822 comedisse:
2686 784 2748 821 ea:
2772 767 2913 837 ligno
2954 770 3091 838 quod
3122 772 3212 823 tibi
3223 772 3368 840 jussi
3401 790 3465 827 ne
3487 782 3660 830 conte-

2077 860 2275 913 deres?
2314 860 2449 915 Vide
2500 860 2646 929 quod
2697 860 2869 914 Adam
2918 862 3029 915 Deo
3076 851 3376 932 respondet
3428 866 3659 924 dicetis:

2075 949 2271 1004 Mulier
2299 966 2461 1020 quam
2498 950 2686 1003 dedisti
2720 951 2846 1003 mihi
2873 967 3094 1016 mecum,
3129 953 3243 1021 ipsa
3276 956 3400 1007 mihi
3429 956 3570 1010 dedit
3595 973 3661 1012 ea:

2078 1041 2241 1113 ligno,
2303 1052 2352 1095 et
2400 1046 2615 1098 comedi.
2670 1043 2886 1099 Audisti
2929 1046 3207 1114 quomodo
3253 1063 3360 1101 non
3413 1052 3660 1119 peccavit

2075 1137 2272 1202 Adam,
2308 1146 2367 1190 ut
2396 1138 2487 1206 qui
2523 1153 2630 1191 non
2659 1136 2828 1191 fuerit
2856 1132 3288 1208 deceptus?non
3313 1141 3611 1198 dicitenim
3642 1163 3657 1202 :

2076 1225 2288 1296 Decepit
2315 1244 2396 1281 me
2430 1228 2638 1282 mulier.
2665 1228 2785 1282 Non
2817 1229 2955 1283 dicit
2989 1247 3002 1283 :
3035 1230 3117 1284 Me
3146 1234 3541 1301 supplantavit,
3567 1242 3665 1291 aut

2074 1333 2139 1372 ea
2181 1318 2316 1372 mibi
2354 1319 2459 1373 iuit
2494 1318 2700 1386 peccati
2736 1320 3083 1373 consiliatrix
3107 1362 3122 1385 ,
3148 1337 3216 1374 ne
3262 1322 3513 1379 conferat
3545 1325 3662 1380 cul-

2075 1426 2199 1479 pam
2225 1411 2277 1464 in
2296 1426 2422 1465 eum
2447 1413 2540 1480 qui
2574 1411 2745 1481 ipsam
2769 1413 2820 1466 ei
2849 1411 3024 1466 dedit.
3058 1413 3443 1470 Poteratenim
3476 1432 3534 1471 sc
3559 1417 3658 1472 de-

2072 1501 2523 1567 fenderc,etDeo
2553 1504 2912 1574 respondere,
2943 1506 3133 1559 dicens
3165 1526 3175 1561 :
3202 1507 3368 1563 Recte
3388 1508 3658 1565 habebam

2074 1611 2198 1650 cum
2245 1596 2402 1665 prius
2441 1612 2619 1652 essem
2662 1599 2846 1663 solus;
2875 1598 2967 1652 sed
2992 1599 3429 1671 adjotrixquam
3456 1602 3659 1661 dedisti

2072 1688 2213 1742 mihi
2253 1703 2361 1741 non
2402 1696 2524 1742 erat
2552 1688 2816 1767 adju-trix,
2844 1689 2938 1743 sed
2965 1690 3189 1745 inimica
3225 1701 3281 1745 et
3322 1692 3656 1748 insidiatrix.

2144 1779 2293 1834 Nihil
2325 1788 2510 1834 autem
2542 1780 2680 1834 dicit
2728 1791 2827 1836 aut
2862 1783 3067 1851 cogitat
3115 1783 3458 1853 hujusmodi.
3515 1785 3661 1843 Dicit

388 1871 474 1926 cis
503 1873 833 1942 evangelicae
858 1874 1062 1927 factum
1087 1882 1170 1927 est
1201 1873 1254 1926 in
1293 1883 1410 1927 rota
1436 1875 1648 1936 mundi,
1678 1875 1969 1930 audierunt
2007 1864 2045 1917 Β
2076 1869 2261 1939 itaque
2294 1889 2307 1923 :
2333 1870 2524 1923 Mulier
2546 1888 2707 1942 quam
2730 1871 2919 1925 dediin
2940 1871 3085 1937 mihi,
3109 1872 3173 1926 ad
3195 1887 3281 1927 me
3303 1875 3657 1940 servandum,

388 1977 581 2018 vocem
629 1964 846 2018 Domini
904 1964 1145 2019 dicentis
1179 1983 1191 2018 :
1224 1964 1354 2020 Ores
1404 1962 1532 2019 inew
1577 1982 1751 2019 vocem
1801 1982 1973 2021 meam

389 2053 614 2109 audiunt
650 2057 715 2115 δ’.
772 2057 1056 2110 audierunt
1086 2034 1263 2110 paceni
1300 2055 1514 2111 Domini
1561 2056 1884 2111 ambulantis
1919 2059 1972 2111 in

384 2147 643 2215 paradiso
672 2146 939 2204 Ecclesiae
968 2147 1337 2202 oleastrorum
1366 2154 1584 2217 (nempe
1615 2149 1881 2220 gentium)
1918 2159 1974 2203 et

389 2236 631 2295 dicentis
674 2239 928 2294 :J’enite
984 2242 1055 2293 ad
1112 2258 1214 2304 me,
1255 2258 1434 2296 omnes
1494 2245 1583 2312 qui
1638 2243 1970 2308 laboratis“,

396 2330 840 2400 quandoquidem
892 2331 1039 2403 ligna
1085 2333 1338 2387 sciuditis
1383 2334 1653 2390 montium
1696 2335 1762 2390 ad
1840 2336 1975 2391 deos

390 2421 583 2476 inanes
612 2423 1040 2493 exsculpendes,
1065 2424 1216 2479 etiis
1253 2426 1471 2480 onerati
1503 2427 1641 2481 estis
1679 2435 1740 2481 ut
1763 2428 1974 2484 abeatis

386 2512 457 2566 ad
483 2515 683 2584 templa
710 2515 1071 2579 exsecranda,
1094 2525 1149 2571 et
1174 2531 1275 2586 ego
1306 2517 1374 2572 ab
1402 2518 1469 2573 iis
1492 2518 1750 2573 omnibus
1769 2536 1867 2575 vos
1899 2521 1974 2575 fa-

391 2600 535 2654 ciam
573 2602 880 2672 qqiesccre.
922 2603 991 2658 Et
1025 2606 1330 2660 timuerunt
1375 2606 1667 2663 Dominum
1696 2611 1791 2679 qui
1821 2611 1976 2680 prius

394 2690 576 2760 ipsum
603 2708 714 2747 non
759 2695 1051 2751 timebant.
1091 2697 1441 2767 Timuerunt,
1476 2701 1607 2770 quia
1648 2717 1758 2756 non
1800 2703 1976 2758 babe~

392 2782 527 2839 bant
566 2786 952 2843 indumentum
994 2791 1271 2859 nuptiale;
1325 2792 1569 2847 nondum
1619 2794 1765 2847 enim
1796 2794 1975 2878 bapti-

395 2876 504 2929 zati
525 2887 685 2932 erant
710 2879 763 2932 in
793 2878 1471 2946 Christum,uthristnm
1502 2876 1975 2941 induerent.Nudi

391 2977 571 3034 erant,
596 2970 747 3024 exuti
789 2973 962 3041 priori
991 2973 1314 3030 indumento
1345 2976 1782 3047 incorruptionis
1800 2988 1855 3033 et
1878 2979 1977 3033 im-

392 3060 765 3117 mortalitatis.
816 3062 924 3119 Sed
963 3067 1187 3135 quando
1252 3068 1553 3124 audierunt
1602 3086 1790 3125 vocem
1857 3073 1977 3141 ejus

391 3149 486 3218 qui
520 3152 723 3220 quierit
745 3167 903 3208 ovem
923 3170 1047 3224 qua:
1067 3158 1330 3225 perierat,
1350 3168 1406 3211 et
1441 3167 1816 3229 tegumentum
1839 3161 1971 3231 ligni

391 3239 525 3291 Viue
547 3238 858 3309 Christiqui
886 3241 1024 3297 dicit
1054 3258 1168 3313 per
1198 3243 1531 3314 Prophetam
1574 3247 1641 3302 de
1669 3248 1829 3302 nobis
1865 3267 1875 3300 :
1906 3247 1971 3302 1η

394 3330 620 3398 tegmine
640 3329 851 3385 alarum
880 3341 1094 3387 tuarum
1119 3345 1357 3407 proteges
1388 3354 1481 3392 nos
1495 3337 1562 3404 "‘,
1578 3355 1695 3392 cum
1717 3340 1971 3409 fuerimus

382 3419 448 3472 in
480 3436 682 3475 arcano
714 3422 889 3477 rebus
928 3426 1025 3479 tui.
1068 3422 1135 3480 Et
1174 3432 1299 3482 etim
1329 3429 1635 3498 accepisset
1678 3430 1971 3502 prodigum

392 3510 551 3567 hunc
574 3512 784 3570 nudum
813 3515 1116 3583 hominem,
1140 3519 1233 3589 qui
1264 3522 1611 3575 extrinsecus
1651 3521 1797 3578 intro
1822 3531 1972 3579 recte
2000 3546 2015 3551 ν-

373 3613 517 3658 'erat
545 3604 849 3676 ingressus,
880 3622 1010 3663 eum
1061 3611 1201 3666 texit
1239 3612 1432 3668 dicens
1466 3613 1702 3684 :Aﬁ'erte
1740 3616 1973 3684 primam

380 3692 584 3750 stolam
604 3697 648 3729 “
672 3699 971 3767 qnam'iste
1001 3698 1215 3757 ferebat
1234 3703 1408 3772 prius,
1443 3718 1641 3773 nempe
1678 3704 1971 3760 indumen-

393 3793 508 3838 tum
544 3784 1002 3858 incorruptionis,
1046 3800 1109 3846 et:
1147 3791 1361 3848 induite
1385 3808 1534 3848 eum.
1572 3793 1803 3861 Quando
1840 3811 1974 3867 ergo

391 3875 557 3932 audis
578 3877 651 3933 de
678 3878 923 3939 Domino
952 3881 1068 3937 Deo
1084 3892 1378 3952 praesente,
1402 3893 1459 3939 et
1479 3886 1697 3941 dicente
1726 3886 1969 3941 Adamn:

396 3966 493 4023 Ubi
526 3983 601 4034 es,
625 3969 683 4024 in
709 3970 917 4027 bunum
944 3972 1193 4045 intellige
1218 3975 1361 4030 hanc
1391 3978 1755 4032 vocationem.
1798 3976 1972 4045 Quem

391 4056 545 4111 enim
582 4062 782 4127 quatit
821 4069 881 4117 et
910 4070 1070 4117 vocat
1099 4064 1167 4117 ad
1212 4078 1272 4119 se
1298 4063 1463 4130 Deus,
1494 4074 1581 4121 est
1618 4066 1973 4136 perspicuum

392 4148 542 4233 quod
566 4150 776 4205 recedit
802 4153 1029 4233 quidem
1054 4170 1085 4209 a
1110 4156 1256 4221 male
1272 4197 1287 4222 ,
1319 4144 1444 4211 cuin
1475 4156 1589 4211 Deo
1616 4165 1802 4212 autem
1819 4157 1972 4213 inve-

393 4232 568 4301 nitur.
624 4234 723 4295 Sin
761 4232 1119 4297 autem’eum
1164 4244 1267 4310 ira,
1300 4253 1356 4299 et
1387 4245 1843 4302 excandescentia
1866 4288 1880 4312 ,
1913 4258 1976 4304 ut

391 4323 618 4394 quidam
651 4328 1000 4398 existimant,
1046 4333 1192 4389 Deus
1234 4335 1465 4389 accessit
1498 4336 1567 4389 ad
1606 4336 1876 4391 Adamum
1914 4347 1975 4397 et

394 4418 566 4475 Evam
604 4421 663 4475 in
699 4420 958 4505 paradiso
985 4424 1057 4479 ad
1095 4440 1192 4481 eos
1216 4425 1529 4495 puniendos
1547 4435 1603 4482 ct
1619 4428 2001 4491 cruciandosa

2083 1967 2139 2033 et
2173 1960 2547 2016 liberandum.
2570 1971 2626 2015 et
2646 1962 3082 2031 suscipiendum,
3100 1962 3311 2016 eamihi
3336 1963 3491 2018 dedit
3514 1979 3660 2019 mor-

2075 2058 2187 2104 tem
2218 2049 2287 2103 ah
2307 2052 2422 2117 ipsa
2457 2048 2782 2117 profectam,
2820 2049 3061 2103 fructum
3094 2050 3258 2122 ligni,
3293 2061 3659 2122 promptaque

2073 2151 2127 2198 et
2157 2142 2323 2197 alacri
2361 2142 2545 2196 animo
2574 2141 2810 2207 comedi,
2849 2142 2989 2197 nihil
3017 2142 3240 2212 penitus
3268 2143 3656 2198 contradicens

2072 2252 2256 2306 neque
2283 2251 2563 2292 recusans.
2595 2237 2898 2306 Pr0pterea
2937 2237 3084 2291 enim
3116 2236 3287 2291 Adam
3314 2237 3515 2292 nullam
3558 2254 3654 2293 co-

2074 2343 2196 2382 rum
2245 2328 2469 2399 penitus
2502 2326 2629 2382 facit
2664 2327 3034 2391 mentionem,
3069 2341 3194 2381 cum
3230 2326 3343 2382 Deo
3379 2328 3612 2397 loquens
3642 2370 3655 2390 ,

2075 2428 2137 2475 ut
2170 2422 2263 2489 qui
2303 2434 2482 2489 neque
2513 2426 2662 2473 esset
2712 2406 3065 2484 inobediens,
3104 2434 3286 2489 neque
3333 2434 3364 2474 a
3399 2429 3659 2489 serpente

2075 2510 2304 2564 omnino
2350 2510 2516 2564 ullam
2552 2497 2870 2579 accepisset
2927 2509 3328 2578 irruptionem,
3379 2526 3556 2579 neque
3590 2510 3658 2564 ad

2074 2616 2200 2656 eum
2241 2601 2469 2656 omnino
2492 2601 2839 2664 accessisset,
2861 2608 2921 2654 ut
2948 2616 3130 2670 neque
3169 2600 3442 2656 Christus.
3468 2600 3659 2671 Neque

2076 2712 2272 2752 rursus
2305 2692 2554 2752 cernitur
2595 2697 2743 2752 Deus
2782 2697 2836 2751 in
2874 2695 2967 2751 illa
3005 2696 3241 2751 terribili
3279 2696 3659 2769 exsecratione

2077 2789 2369 2858 serpentis,
2399 2788 2699 2859 quidquam
2724 2802 2850 2842 cum
2880 2803 3001 2843 esse
3029 2787 3356 2843 criminatus
3381 2788 3449 2842 de
3480 2787 3660 2842 homi-

2076 2870 2171 2943 ne,
2197 2889 2294 2933 aut
2330 2878 2397 2933 de
2424 2879 2634 2934 Adamo
2664 2879 2807 2948 apud
2829 2892 2957 2932 eum
2991 2880 3156 2933 ullam
3198 2878 3395 2933 fecisse
3428 2879 3661 2933 mentic-

2076 2985 2241 3035 nem;
2272 2970 2367 3025 sed
2399 2986 2526 3025 eum
2559 2986 2764 3041 susque
2794 2971 2973 3041 deque
3003 2983 3328 3026 exsecratur
3357 2970 3424 3025 de
3456 2970 3659 3025 mulie-

2078 3077 2159 3122 re,
2194 3069 2250 3115 et
2282 3062 2472 3132 ahjieit
2503 3060 2748 3117 emciens
2787 3070 2848 3116 ut
2894 3062 3116 3141 caderet
3152 3078 3282 3118 casu
3334 3077 3363 3116 a
3404 3078 3514 3131 quo
3546 3077 3656 3116 non

2077 3163 2267 3224 posset
2290 3155 2543 3220 excitari,
2580 3165 2856 3210 ctmterna
2882 3170 3008 3209 eum
3037 3154 3414 3209 condemnans
3436 3154 3658 3209 damna-

2077 3243 2228 3297 tione
2255 3285 2269 3307 ,
2308 3245 2572 3314 quoniam
2616 3245 2899 3298 mulierem
2939 3242 3243 3297 Ecclesium
3298 3243 3494 3302 solam.
3548 3257 3661 3297 non

2074 3343 2256 3389 autem
2287 3335 2556 3390 Adamum
2591 3332 2873 3391 Christum
2899 3334 3140 3404 decepit.
3172 3333 3324 3388 Nunc
3350 3336 3498 3388 enim
3519 3376 3533 3399 ,
3572 3334 3659 3390 in-

2074 3426 2216 3496 quit,
2250 3427 2390 3480 venit
2423 3428 2664 3496 princeps
2692 3426 2875 3480 mundi
2904 3425 3082 3494 hujus,
3119 3432 3167 3475 et
3202 3423 3257 3474 in
3294 3438 3375 3475 me
3404 3419 3541 3475 nihil
3578 3421 3662 3474 in-

2074 3520 2303 3573 venit“.
2354 3518 2512 3573 Unde
2555 3518 2720 3573 etiam
2769 3526 2942 3570 ratam
3007 3524 3065 3569 et
3120 3520 3401 3583 acceptam
3446 3513 3661 3568 habens

2064 3602 2219 3662 'Deus
2246 3608 2487 3662 insontis
2514 3607 2705 3661 Adami
2732 3607 3148 3676 responsionem
3182 3605 3235 3658 in
3260 3604 3484 3677 ﬁguram
3501 3605 3659 3660 Chri-

2076 3698 2145 3753 sti
2165 3694 2259 3767 qui
2283 3712 2394 3752 non
2424 3697 2694 3768 peccavit,
2723 3713 2847 3753 cum
2873 3697 3140 3751 dixisset:
3169 3695 3362 3749 Mulier
3389 3713 3552 3767 quam
3569 3696 3661 3750 de-

2075 3789 2200 3842 disti
2228 3804 2452 3854 mecum,
2473 3805 2537 3842 ea
2565 3790 2691 3842 milii
2723 3789 2865 3842 dedit
2892 3804 2953 3841 ea;
2980 3789 3145 3858 ligno,
3183 3796 3232 3841 et
3260 3789 3483 3854 comedi,
3516 3788 3656 3843 nihil

2075 3880 2312 3949 amplius
2341 3895 2467 3933 eum
2508 3879 2834 3949 interrogat,
2865 3877 2962 3933 sed
2992 3877 3179 3933 statim
3214 3877 3282 3933 ad
3326 3893 3447 3933 eam
3479 3878 3656 3942 vadit,

2075 3967 2211 4024 dicit
2230 3968 2377 4022 enim
2402 3967 2608 4022 Moses:
2636 3966 2705 4020 Et
2722 3967 2769 4020 ei
2802 3966 2936 4021 dixit
2964 3967 3097 4021 Deus
3124 3983 3142 4021 :
3170 3966 3312 4032 Quid
3343 3970 3439 4022 Ιιοιτ
3455 3969 3661 4039 fecisti?

2075 4059 2146 4115 Et
2204 4059 2339 4112 dixit
2396 4057 2627 4112 mulier:
2663 4056 2889 4127 Serpens
2921 4074 3004 4113 mc
3060 4059 3292 4130 decepit,
3346 4070 3396 4114 et
3439 4063 3657 4118 comedi.

2074 4151 2366 4219 Quomodo
2399 4159 2583 4205 autem
2640 4149 2709 4205 de
2739 4148 2909 4204 Adam
2939 4166 2969 4205 a
3003 4151 3117 4205 Deo
3157 4160 3433 4214 accusata,
3462 4152 3532 4207 de
3566 4152 3662 4207 illo

2074 4259 2188 4299 non
2218 4242 2542 4313 respondet,
2571 4240 2667 4295 sed
2706 4240 2777 4295 de
2807 4241 2915 4295 se?
2967 4238 3162 4296 Annon
3192 4250 3277 4297 est
3302 4243 3660 4312 perspicuum

2076 4333 2224 4406 quod
2255 4333 2554 4389 ostendens
2574 4340 2864 4403 peccatum
2895 4347 3004 4387 non
3037 4332 3237 4387 cadere
3268 4334 3322 4387 in
3350 4322 3663 4389 Adamtim?

2076 4425 2310 4497 perinde
2338 4439 2404 4481 ac
2427 4424 2483 4479 si
2508 4424 2724 4479 diceret
2749 4425 2863 4479 Deo
2892 4441 2906 4477 :
2939 4422 3110 4478 Adam
3138 4432 3223 4486 est
3256 4423 3544 4490 innocens,
3562 4441 3662 4496 ego

392 4513 691 4582 oportebat
717 4502 844 4569 eum
880 4515 1067 4570 statim
1099 4532 1325 4588 pergere
1357 4517 1423 4571 ad
1455 4529 1767 4587 serpentem
1797 4528 1853 4575 ct
1878 4537 1978 4591 pu-
2011 4538 2052 4592 υ
2081 4518 2197 4574 sola
2244 4517 2360 4571 Deo
2388 4531 2515 4571 meo
2537 4530 2648 4571 non
2670 4514 2855 4571 obedii
2875 4556 2888 4582 ,
2919 4523 2977 4570 et
3020 4514 3156 4586 fregi
3190 4502 3348 4584 pacta
3391 4527 3663 4572 conventa

394 4601 518 4657 nire
538 4614 829 4661 auctorem
858 4605 1153 4659 malorum.
1180 4605 1484 4675 Oportebat
1512 4607 1800 4662 mulierem
1843 4610 1979 4664 insi-

396 4692 690 4750 diatricem
741 4696 847 4749 viri
890 4697 1293 4761 condemnare,
1326 4707 1381 4754 et
1415 4715 1481 4754 ex
1522 4686 1778 4768 paradiso
1802 4709 1983 4756 exter-

395 4789 651 4854 minare,
697 4800 755 4846 et
798 4793 1165 4847 exsecrationi
1225 4802 1281 4847 et
1330 4795 1495 4848 morti
1545 4794 1841 4865 subjicere.
1884 4795 1982 4851 Hic

394 4889 584 4934 autem
644 4880 706 4936 iit
781 4883 1163 4964 contrarium;
1223 4884 1445 4939 attende
1492 4870 1661 4939 enim.
1699 4884 1832 4939 Eam
1879 4901 1984 4941 nec

394 4979 743 5039 exsecratur,
760 4989 864 5029 nec
879 4974 1229 5041 criminatur,
1243 4991 1420 5046 neque
1438 4987 1613 5032 morte
1628 4978 1980 5044 condemnat;

396 5062 495 5117 sed
518 5071 576 5117 et
622 5075 866 5136 separat,
908 5076 964 5122 et
988 5066 1217 5123 redimit
1246 5069 1314 5123 ab
1346 5064 1670 5125 insidiature
1706 5073 1826 5141 ejus
1865 5087 1984 5126 ser-

394 5164 600 5222 pente,
649 5157 701 5211 ei
737 5157 930 5221 dicens
961 5177 972 5213 :
1000 5159 1207 5215 Portam
1244 5163 1571 5227 inimicitias,
1603 5172 1657 5217 et
1680 5164 1850 5218 veluti
1898 5181 1983 5219 re-

395 5243 633 5312 pudium
650 5249 789 5304 inter
816 5261 865 5304 te
892 5259 941 5303 et
967 5252 1262 5318 mulierem,
1286 5269 1407 5310 eam
1448 5270 1479 5308 a
1516 5264 1568 5309 te
1598 5255 1865 5318 liberans,
1927 5264 1985 5308 et

394 5332 609 5391 faciens
649 5349 791 5395 utea
809 5342 944 5396 mihi
980 5343 1254 5399 adhaereat
1278 5345 1371 5415 qui
1402 5362 1521 5401 sum
1545 5346 1633 5399 vir
1652 5347 1772 5417 ejus
1797 5357 1852 5401 et
1870 5348 1980 5403 Do.

397 5426 604 5492 minus,
641 5437 698 5484 et
722 5446 842 5487 eam
875 5434 1113 5490 induens
1140 5437 1347 5501 tunica,
1373 5452 1569 5507 nempe
1602 5453 1691 5492 me
1735 5437 1827 5507 qui
1852 5453 1971 5492 sum

396 5526 697 5575 contextus
723 5536 791 5576 ex
816 5525 1092 5593 supernis.
1122 5525 1163 5576 A
1186 5532 1243 5580 tc‘
1271 5527 1415 5580 enim
1460 5527 1639 5582 fuerat
1668 5527 1892 5592 nudata,
1920 5540 1976 5583 et

399 5622 519 5663 eam
556 5614 786 5668 nomino
823 5616 1025 5681 Vitam,
1065 5624 1127 5669 ut
1161 5632 1283 5686 qnze
1314 5633 1342 5671 a
1375 5627 1424 5671 te
1461 5618 1639 5673 fuerat
1670 5627 1847 5673 morte
1890 5619 1972 5673 af-

470 5726 729 5800 “}Iattb.
763 5748 840 5797 ιιι,
868 5732 922 5785 9.
998 5734 1041 5765 δ’
1073 5733 1228 5787 Joan.
1283 5750 1334 5791 κ.
1389 5732 1474 5787 l6.
1554 5734 1597 5766 “
1623 5733 1811 5788 Matth.
1846 5751 1920 5800 χι,
1953 5735 2048 5794 28.

393 5817 500 5861 xlv,
531 5797 623 5852 50.

2081 4619 2263 4665 tecum
2300 4610 2459 4673 inita,
2483 4616 2539 4664 ct
2576 4608 2756 4663 erravi
2783 4607 2927 4662 sicut
2954 4607 3075 4661 ovis
3100 4622 3224 4677 qua:
3252 4607 3439 4676 periit,
3466 4607 3662 4663 effecta

2081 4701 2395 4758 errabunda
2428 4717 2492 4757 ac
2522 4701 2656 4756 deos
2689 4701 2896 4766 colens,
2926 4709 2981 4756 et
3007 4715 3175 4770 super
3213 4709 3430 4755 montes
3458 4712 3513 4754 et
3553 4701 3665 4755 col-

2079 4794 2162 4850 les
2200 4793 2350 4849 nuda
2387 4809 2592 4865 vagans
2621 4786 2951 4858 aclluitans,
2987 4802 3043 4847 et
3082 4792 3290 4862 polluta
3313 4791 3552 4847 sordidis
3581 4808 3669 4847 sa-

2083 4886 2421 4941 criﬁciorum
2456 4885 2935 4954 inquinamentis?
2957 4884 3227 4952 Quoniam
3256 4885 3411 4940 vafer
3434 4899 3665 4954 serpens

2086 4995 2174 5033 me
2225 4978 2487 5049 decepit,
2529 4985 2788 5047 tanquam
2845 4977 3155 5047 imperitam
3193 4977 3663 5032 adolescentulam

2086 5071 2451 5141 supplantans
2487 5079 2543 5124 et
2572 5071 2836 5125 aberrare
2872 5069 3101 5124 faciens.
3146 5069 3271 5125 Haec
3308 5085 3432 5124 cum
3464 5068 3667 5122 mulier

2086 5160 2482 5230 propemodum
2541 5160 2687 5230 apud
2740 5161 2913 5215 Deum
2969 5161 3345 5224 conﬁteretur,
3402 5175 3501 5229 per
3560 5158 3666 5214 hoc

2085 5251 2229 5320 quod
2254 5251 2391 5305 dixit
2423 5269 2435 5303 :
2472 5249 2699 5321 Serpens
2736 5267 2817 5304 me
2839 5251 3059 5322 decepit,
3091 5258 3150 5303 ut
3182 5266 3304 5319 qua:
3338 5264 3493 5303 suam
3526 5246 3664 5300 indi-

2086 5353 2266 5398 cassat
2320 5344 2729 5413 paenitentiam,
2795 5352 2851 5398 et
2919 5343 2969 5397 ei
3035 5351 3182 5397 esset
3243 5341 3663 5395 condonatum:

2090 5436 2285 5490 transit
2312 5436 2456 5489 Deus
2481 5434 2547 5488 ad
2574 5435 2778 5488 malum
2808 5433 3125 5497 draconem,
3161 5432 3500 5486 defectorem
3544 5445 3663 5483 ser-

2082 5537 2327 5597 pentem.
2361 5525 2485 5581 etei
2525 5524 2831 5580 dicit:Cur
2867 5527 2962 5579 lioc
3000 5524 3212 5594 fecisti?
3242 5523 3347 5578 Sed
3390 5521 3520 5592 quia
3560 5521 3667 5575 hoc

2082 5620 2280 5685 fecisti,
2316 5627 2372 5672 et
2404 5634 2571 5674 ausus
2609 5635 2669 5674 es
2700 5618 2884 5673 statim
2932 5617 3187 5686 decipere
3221 5616 3386 5688 916
3421 5615 3664 5685 primum

2151 5736 2195 5769 δ”
2230 5737 2373 5793 Psal.
2460 5750 2584 5799 χιιι,
2624 5733 2673 5793 8.
2822 5736 2865 5767 ⁸⁸
2908 5735 3042 5789 an.
3095 5750 3178 5792 xv.
3228 5734 3318 5789 9.2.
3419 5735 3462 5764 ⁸⁸
3507 5733 3663 5791 Joan.
