4056 6148
441 323 570 391 1331

1629 324 1687 382 s.
1730 322 2125 405 ANAS'i‘ASil
2163 318 2488 378 StNAl't‘.~E

3563 314 3699 381 1032

441 442 759 508 ﬁgmentum
791 450 1053 489 manuum
1103 448 1380 491 mearum.
1418 433 1563 502 quod
1596 433 1799 485 tactum
1840 442 1923 489 est
1951 432 2019 486 ad
2051 440 2090 492 Α
2122 446 2391 501 ponantur
2428 431 2715 500 inimicitid’
2748 432 2815 484 ab
2834 431 2941 484 hoc
2966 441 3210 499 tempore
3242 431 3380 509 inter
3408 438 3535 491 teet
3564 436 3700 503 inter

438 541 614 591 meam
651 525 943 595 ‘magmem
972 533 1027 577 et
1053 510 1512 587 simiiitudinem;
1549 532 1603 576 tu
1638 538 1697 576 es
1730 538 2024 576 exsecran-

439 617 542 671 dus
577 616 645 669 ab
682 617 939 670 omnibus
972 616 1276 685 jumentis,
1320 623 1379 668 et
1417 614 1486 668 ab
1530 615 1789 667 omnibus
1828 614 2023 667 bestiis

438 723 560 777 qua:
594 716 723 761 sunt
751 723 917 775 super
939 717 1162 761 terram.
1197 707 1582 761 Exsecrandus
1599 723 1664 761 es
1690 716 1744 760 tu
1770 716 1825 761 et
1851 708 2020 771 solus,

440 800 536 853 sed
573 816 681 851 non
702 799 915 875 Adam;
953 810 1008 852 tu
1046 798 1216 860 solus,
1243 807 1300 851 et
1329 814 1438 852 non
1469 800 1690 853 mulier.
1733 800 1837 855 Sed
1864 810 1918 853 tu
1964 816 2024 854 es

439 890 813 945 exsccrandus
845 888 914 947 ab
953 889 1210 943 onmihus
1252 891 1389 943 meis
1436 877 1704 945 creaturis
1744 908 1865 960 qua:
1894 904 2024 947 sunt

440 997 609 1050 super
646 992 885 1045 terram,
931 996 1041 1034 non
1089 981 1156 1035 ab
1191 987 1259 1034 iis
1292 997 1415 1050 quae
1445 992 1574 1036 sunt
1607 982 1659 1034 in
1692 979 1851 1036 coelo.
1886 983 2022 1035 Nam

438 1075 530 1143 qui
565 1075 619 1126 in
665 1074 758 1127 ilio
803 1080 954 1133 sunt,
1002 1072 1178 1140 angeli
1214 1072 1343 1137 mei,
1382 1082 1509 1149 sunt
1553 1073 1851 1136 benedicti,
1886 1089 2025 1141 quo-

441 1167 589 1219 niam
627 1181 711 1219 me
748 1165 1085 1223 benedicunt
1116 1165 1266 1219 missi
1295 1165 1363 1218 ad
1407 1182 1635 1219 munera
1666 1166 2022 1220 administra-

445 1257 603 1310 toria.
623 1257 702 1309 Tu
728 1256 875 1310 enim
900 1257 1156 1329 sperasti,
1188 1256 1232 1310 si
1262 1265 1584 1325 peccassent
1606 1258 1881 1320 homines,
1906 1257 2023 1312 fieri

441 1338 563 1400 loco
597 1362 789 1399 eorum
830 1361 925 1403 rex
962 1347 1208 1419 omnium
1234 1362 1354 1415 quae
1404 1356 1535 1410 sunt
1588 1346 1756 1416 super
1794 1356 2020 1413 terram,

440 1436 630 1489 dicens
672 1452 685 1488 :
724 1435 828 1488 Ero
866 1424 1079 1492 'similis
1140 1436 1413 1489 Altissimo
1434 1437 1514 1503 ιτς
1548 1437 1644 1491 sed
1692 1446 1783 1491 tua
1819 1454 1916 1506 spe
1963 1454 2025 1493 es

441 1527 741 1581 frustratus
769 1544 780 1578 :
808 1527 892 1581 eis
920 1527 1068 1581 enim
1090 1527 1161 1581 do
1183 1543 1402 1581 omnem
1425 1530 1751 1598 potestatein
1774 1530 2024 1585 calcandi

439 1634 603 1687 supra
647 1627 915 1687 serpentes
953 1626 1010 1672 et
1050 1619 1253 1675 collum
1288 1627 1464 1673 tuum.
1507 1620 1712 1677 Deinde
1753 1637 1878 1674 cum
1909 1621 2026 1675 inec

441 1706 692 1770 dixisset,
720 1707 970 1776 praedicit
993 1709 1043 1762 ei
1075 1708 1240 1762 etiam
1272 1709 1466 1765 vitium
1484 1720 1540 1766 et
1562 1712 1756 1765 malam
1783 1721 2023 1767 mentem

2124 524 2416 576 mulierem.
2444 524 2552 576 Cur
2576 524 2721 577 enim
2757 523 2900 577 facto
2941 523 3144 576 delicto
3174 533 3463 591 oporteret
3512 538 3698 593 postea

2124 615 2316 668 ulcisci
2347 631 2472 670 eum
2514 617 2609 684 qui
2663 616 2829 676 fecit?
2859 614 2963 669 Sed
2996 615 3082 669 his
3122 616 3309 669 verbis
3360 632 3472 670 non
3520 618 3700 671 credit

2121 703 2367 765 Judaeus,
2398 704 2895 758 solam-attendens
2922 705 3179 759 litteram.
3216 705 3426 766 Deinde
3450 723 3575 760 .non
3618 708 3698 761 vi.-

2123 791 2221 847 dcs
2249 793 2348 859 (illi
2379 793 2523 863 dico)
2553 794 2851 861 terribiles
2901 794 3222 849 inimicitias
3276 790 3440 866 hujus
3489 797 3694 852 Christi

2124 884 2314 938 uxoris
2344 884 2626 947 Ecclesize,
2660 900 2799 953 quas
2832 885 2995 938 habet
3029 884 3316 945 adversus.
3338 890 3702 956 serpentem?
3793 949 3796 952 ,

2122 974 2244 1041 Non
2266 976 2420 1031 vides
2449 976 2892 1046 impressionem,
2910 993 3017 1030 non
3035 970 3190 1034 vides
3209 990 3513 1044 certamen,
3534 983 3701 1050 idque

2123 1085 2247 1123 cum
2286 1066 2341 1123 tu
2378 1070 2587 1139 primus
2614 1069 3111 1138 experiaris?Quid
3133 1073 3280 1125 enim
3312 1089 3420 1127 non
3455 1073 3705 1129 moliris?

2124 1161 2281 1227 Quod
2306 1177 2490 1230 genus
2529 1177 2727 1231 pugna:
2754 1177 2865 1215 non
2895 1163 3136 1216 excitus?
3160 1164 3332 1228 Quam
3364 1174 3547 1219 autem
3583 1182 3698 1219 ma-

2128 1268 2256 1308 num
2316 1269 2427 1308 non
2455 1268 2635 1307 armas
2688 1263 2751 1307 ut
2777 1269 2897 1307 eam
2947 1254 3195 1307 obruas?
3230 1255 3337 1309 Sed
3389 1264 3496 1310 stat
3522 1257 3703 1312 adhuc

2128 1339 2300 1408 magis
2337 1338 2491 1392 ﬁrma
2519 1347 2575 1392 et
2603 1340 2823 1407 stabilis
2852 1359 2865 1395 :
2899 1351 2955 1395 et
2980 1342 3288 1411 procedens
3315 1343 3582 1399 adversus
3603 1361 3703 1400 em-

2127 1442 2236 1491 ses,
2261 1426 2540 1485 Christum
2560 1438 2851 1499 nonjnegat
2878 1447 2890 1485 :
2912 1430 2979 1483 Et
2994 1432 3049 1483 in
3071 1433 3149 1486 his
3174 1434 3410 1486 omnibus
3426 1435 3702 1504 superavi-

2129 1519 2324 1583 mus",
2365 1532 2426 1589 ut
2474 1536 2597 1575 cum
2627 1519 2795 1576 Paulo
2824 1521 3097 1577 dicamus.
3130 1522 3250 1577 Non
3280 1514 3623 1589 vides'enses
3646 1532 3703 1580 et

2128 1611 2355 1680 sagittas
2387 1612 2626 1681 potentis
2655 1614 2750 1667 Dei
2778 1624 2992 1677 acutas,
3016 1630 3115 1685 per
3139 1630 3276 1685 quas
3296 1616 3561 1673 adversus
3586 1635 3704 1675 ser.-

2127 1711 2348 1770 pentem
2404 1711 2512 1758 stat
2543 1714 2753 1761 armata
2803 1706 2860 1765 in
2895 1707 3025 1769 acie.
3060 1716 3119 1763 et
3148 1711 3365 1777 pnelio,
3417 1722 3703 1769 armatura

443 1802 606 1871 cujus
636 1773 787 1854 nulla
828 1813 1148 1868 tangeretur
1180 1803 1528 1872 poenitentia,
1561 1804 1773 1867 dicens,
1805 1820 1914 1857 non
1941 1804 2030 1873 ju-
2061 1773 2099 1828 Β
2131 1793 2374 1862 undique
2404 1796 2634 1860 mUDita.
2687 1806 2743 1852 et
2766 1798 3016 1877 accincta
3047 1801 3230 1869 gladio
3254 1802 3512 1872 spiritus,
3544 1807 3704 1876 galea

442 1893 625 1947 bendo
654 1892 748 1947 sed
784 1894 1168 1962 prophetat-ldo
1206 1912 1219 1948 :
1254 1892 1428 1964 Super
1476 1905 1654 1966 pectus
1685 1906 1743 1950 et
1793 1906 2027 1951 ventrem

444 1992 594 2039 tuum
643 1985 747 2039 hoc
767 1994 873 2048 est,
907 1985 963 2039 in
993 1972 1072 2040 ira
1096 1980 1458 2055 et'voluptate
1484 1995 1577 2041 tua
1598 1987 1859 2057 gradieris
1878 1988 2027 2043 nulla

443 2075 749 2129 movendus
782 2075 1125 2144 pmnitentia.
1153 2075 1223 2129 Et
1267 2085 1469 2130 terram
1516 2077 1752 2129 comedas
1787 2075 2028 2130 omnibus

444 2148 621 2220 diebus
645 2170 763 2223 vitae
798 2176 934 2233 tute;
976 2168 1082 2222 hoc
1103 2176 1208 2233 est,
1237 2168 1425 2237 lapsus
1446 2184 1477 2222 a
1507 2167 1715 2223 cmlesti
1759 2167 2030 2237 sapientia

444 2258 837 2327 etcognitione
884 2243 1094 2321 divina,
1146 2267 1457 2314 terrestres
1485 2274 1696 2327 ponens
1729 2273 1953 2323 sensus
1974 2266 2032 2312 et

444 2350 753 2403 materiales
778 2389 792 2414 ,
831 2350 1229 2419 circumageris
1268 2364 1344 2404 'ac
1387 2349 1667 2414 volveris;
1712 2357 1759 2401 et
1808 2349 2033 2402 inimici-

444 2440 545 2494 tias
579 2457 774 2510 ponam
825 2443 964 2495 inter
1011 2449 1059 2494 te
1091 2448 1141 2495 et
1195 2439 1474 2509 nutlierem
1523 2455 1687 2508 quam
1738 2438 2027 2508 deccpisti.

441 2545 641 2605 nempe
671 2548 849 2591 meam
881 2531 1206 2586 Ecclesiam.
1234 2530 1452 2585 Gratias
1475 2531 1686 2595 agimus
1713 2538 1817 2585 tua:
1840 2530 2034 2587 inetia-

441 2620 539 2675 bili
567 2622 1025 2693 (it/inenarrabili
1076 2610 1407 2685 clementia,
1464 2621 1684 2681 Christe
1736 2623 2029 2695 Deus,_qui

440 2727 545 2769 nos
574 2713 842 2778 liberasti,
876 2725 931 2768 et
957 2714 1223 2784 separasti
1263 2730 1292 2772 a
1326 2700 1590 2770 societate
1620 2722 1676 2768 et
1705 2713 2026 2782 dilectione,

442 2812 500 2859 et
534 2805 774 2871 unione,
820 2813 877 2859 et
921 2805 1164 2864 amicitia
1205 2805 1431 2876 maligni
1477 2804 1685 2863 diaboli
1729 2805 2025 2874 serpentis.

444 2893 527 2947 Tu
552 2908 613 2947 es
633 2895 778 2947 Deus
804 2894 897 2965 qui
928 2893 1063 2948 iacis
1089 2895 1240 2948 solus
1274 2893 1550 2948 mirabilia
1581 2908 1779 2962 magna
1800 2892 1847 2924 ’⁸⁸
1883 2910 1895 2946 :
1930 2893 2027 2962 qui

443 2993 676 3055 propter
712 2984 950 3044 tuamin
985 3000 1244 3055 sponsam
1272 2993 1420 3040 tuam
1446 2982 1746 3043 Ecclesiam
1783 2983 2027 3044 Charita-

2128 1885 2264 1953 spei.
2297 1886 2466 1943 lorica
2493 1888 2706 1958 ﬁdei“,
2745 1893 2939 1962 clypeo
2961 1893 3261 1965 baptismi?
3296 1897 3414 1952 Non
3447 1899 3602 1955 vides
3623 1902 3709 1955 in-

2127 1976 2273 2031 victa
2295 1986 2349 2032 et
2376 1979 2607 2036 infracta
2636 1983 2827 2047 arma,‘
2845 1985 2899 2039 in
2924 1987 3129 2055 quibus
3161 1992 3406 2044 conterit
3437 2000 3493 2046 et
3522 1994 3712 2049 aut‘ert

2130 2079 2296 2137 caput
2323 2074 2598 2141 serpentis
2632 2076 2655 2128 ἲ
2684 2074 2916 2132 Crucem
2938 2117 2953 2142 ,
2988 2078 3243 2148 inquam,
3272 2097 3474 2152 corpus
3499 2095 3554 2139 et
3579 2101 3715 2140 san-

2128 2161 2350 2230 guinem
2384 2163 2538 2228 Jesu,
2572 2175 2719 2231 veta,
2770 2183 2984 2237 preces,
3046 2170 3283 2242 vigilias,
3330 2184 3387 2229 et
3435 2176 3541 2230 alia
3583 2193 3714 2245 qua:

2131 2251 2354 2309 molitur
2383 2253 2651 2309 adversus
2680 2264 3017 2328 serpentem,
3046 2249 3100 2314 et
3140 2261 3409 2318 adversus
3429 2280 3555 2321 cum
3595 2276 3713 2321 stat

2130 2342 2184 2394 in
2213 2348 2353 2408 acie,
2382 2360 2452 2399 ne
2485 2346 2725 2415 amplius
2745 2348 2794 2404 ei
2828 2351 3380 2427 serviat?Quocirca,
3409 2355 3476 2410 de
3502 2368 3714 2414 caetero

2130 2449 2256 2487 cum
2284 2450 2352 2490 eo
2383 2452 2580 2507 gerens
2603 2440 2943 2506 inimicitias.
2968 2452 3025 2497 et
3048 2459 3312 2515 conversa
3330 2448 3394 2515 ad
3419 2452 3714 2518 proprium

2131 2527 2309 2581 virum
2335 2530 2553 2599 (nempe
2573 2530 2902 2604 Christum).
2922 2537 3170 2605 quotidie
3201 2538 3344 2595 bello
3371 2541 3654 2597 invaditur
3682 2560 3714 2599 ιι

2132 2619 2468 2679 satellitibus
2498 2625 2776 2694 serpentis
2796 2667 2811 2691 ,
2851 2630 3294 2696 persecutionem
3326 2634 3555 2701 patitur.
3580 2651 3717 2688 ver-

2132 2710 2377 2774 beratur,
2429 2722 2753 2784 torquetur,
2814 2720 3116 2785 occiditur,
3170 2712 3718 2793 vincitur,'injuria

2130 2799 2385 2867 atlic'itur,
2407 2804 2685 2870 esuriens,
2715 2806 2863 2860 nuda
2892 2807 3462 2877 incedens.serviens,
3488 2815 3716 2883 sitiens,
3762 2882 3763 2885 η

2128 2889 2322 2945 liberis
2351 2892 2542 2947 orbata
2572 2903 2628 2948 et
2676 2896 3024 2963 membratim
3064 2899 3372 2968 discerpta,
3414 2918 3545 2956 eum
3589 2920 3721 2958 ser-

2130 2992 2294 3051 pente
2328 2993 2515 3043 autem
2540 3002 2723 3056 neque
2753 2988 2954 3055 fiedus,
2978 3006 3166 3059 neque
3184 2993 3719 3052 amicitiam-iniens.

446 3086 554 3129 tem
587 3077 820 3145 posuisti
848 3076 1163 3130 inimicitias
1182 3077 1325 3130 inter
1346 3076 1827 3136 nosetinimicum
1847 3083 2022 3139 tuum,
2053 3093 2095 3149 ο
2130 3073 2237 3127 Sed
2312 3075 2533 3130 etiamsi
2601 3086 2857 3147 oporteat
2900 3096 2905 3101 '
2948 3080 3152 3136 millies
3208 3082 3396 3138 subire
3451 3076 3719 3153 mortem,

444 3176 510 3229 ut
535 3182 643 3220 non
678 3166 916 3240 amplius
942 3168 993 3221 ei
1032 3168 1360 3233 serviamus.
1386 3168 1481 3223 sed
1510 3168 1607 3222 tibi
1642 3168 1743 3223 soli
1769 3167 1894 3221 vivo
1917 3168 2028 3224 Deo

445 3272 578 3311 vero
603 3297 616 3321 ,
650 3257 745 3327 qui
792 3257 932 3312 dicis
969 3256 1280 3311 insidiatori
1324 3260 1490 3328 hujus
1530 3268 1636 3313 tua:
1674 3259 1924 3328 conjugis
1975 3267 2033 3313 et

445 3364 661 3420 sponsas
692 3349 940 3409 mulieris
976 3367 989 3401 :
1025 3348 1341 3402 Inimicitias
1360 3366 1555 3418 ponam
1582 3351 1722 3403 inter
1754 3359 1802 3402 te
1824 3359 1871 3403 et
1894 3352 2031 3409 inter

447 3434 737 3490 mulierem.
772 3435 979 3489 Ponam
1032 3438 1339 3495 inimicitias
1364 3454 1382 3491 :
1414 3453 1529 3497 rem
1560 3439 1820 3504 futuram,
1843 3448 1901 3493 et
1935 3454 2032 3512 pn-

444 3526 659 3580 ncndas
687 3525 1008 3582 inimicitias
1039 3526 1317 3598 signiﬁcat
1344 3529 1519 3592 illud,
1551 3526 1785 3599 ponam,
1833 3547 1902 3585 eo
1933 3533 2030 3602 qui

447 3614 583 3669 dicit
605 3616 930 3670 ostendente
965 3635 978 3670 :
1008 3618 1122 3689 Ego
1143 3618 1197 3672 in
1226 3619 1543 3683 novissimis
1569 3622 1917 3690 temporibus
1935 3639 2032 3692 po-

447 3724 573 3762 nam
597 3708 918 3765 inimicitias
953 3708 1099 3789 inter
1136 3719 1277 3765 teet
1328 3711 1655 3766 Ecclesiam.
1705 3712 1841 3769 Nam
1881 3727 2031 3768 nunc

447 3801 671 3870 quidem
702 3803 874 3857 amica
902 3811 986 3857 est
1014 3803 1111 3857 tibi
1145 3803 1343 3857 mulier
1365 3844 1378 3867 ,
1410 3820 1557 3859 nunc
1577 3806 1778 3860 esttibi
1806 3808 2027 3875 eonjux,

449 3908 605 3947 nunc
663 3909 785 3947 eam
836 3894 1069 3949 effecisti
1118 3895 1430 3964 captivam,
1488 3912 1639 3951 nunc
1678 3897 1778 3951 tibi
1834 3899 2028 3965 servit,

446 4001 598 4043 nunc
644 3995 730 4041 est
768 3988 867 4044 tibi
906 3988 1158 4059 subjecta
1183 4028 1198 4047 .
1237 4004 1389 4047 nunc
1436 3998 1488 4044 te
1525 3990 1660 4044 colit
1715 3991 2030 4049 sacriﬁcans

446 4078 590 4134 ﬁlios
628 4095 758 4134 suos
792 4090 847 4135 et
885 4080 1025 4139 ﬁlias
1057 4096 1187 4135 suas
1209 4081 1308 4136 tibi
1333 4091 1390 4137 et
1414 4082 1524 4137 tuis
1561 4082 1889 4149 daamoniis;
1929 4084 2026 4139 sed

448 4187 518 4225 ne
546 4172 820 4241 glorieris,
852 4188 1034 4243 neque
1051 4173 1321 4237 eﬂ‘eraris,
1347 4189 1529 4245 neque
1547 4182 1841 4244 propterea
1877 4174 2030 4230 insos-

449 4262 642 4318 lescas.
668 4264 803 4319 Nam
836 4265 986 4318 venit
1009 4264 1167 4329 hora,
1191 4275 1248 4320 et
1269 4280 1419 4320 nunc
1448 4275 1535 4320 est
1558 4265 1778 4335 quando
1808 4266 2027 4321 veniam

448 4371 568 4410 eam
595 4357 826 4411 visitans
862 4356 1117 4421 meridie,
1161 4365 1218 4410 et
1261 4356 1459 4411 faciam
1506 4358 1627 4427 ejus
1656 4357 1942 4422 ultionem,
1973 4367 2031 4412 ct

2134 3176 2393 3234 prompto
2424 3176 2482 3225 et
2524 3167 2693 3223 alacri
2747 3169 2933 3225 animo
2961 3172 3210 3227 membra
3242 3189 3341 3229 sua
3394 3183 3452 3230 et
3501 3174 3724 3232 liberos

2134 3255 2245 3324 igni
2282 3258 2470 3319 tradit,
2501 3266 2562 3312 et-
2600 3259 2819 3329 gladiis,
2876 3270 2933 3316 et
2965 3263 3283 3330 tormentis,
3322 3265 3513 3334 potius
3544 3282 3722 3336 quam

2132 3364 2259 3402 cum
2296 3357 2553 3421 serpente
2582 3349 2765 3407 foedus
2804 3355 3084 3423 percutiat
3116 3364 3173 3409 et
3199 3356 3461 3412 amicitia:
3490 3358 3723 3427 obsides

2130 3437 2183 3491 ei
2210 3447 2307 3493 aut
2335 3438 2429 3492 det
2455 3448 2550 3504 aut
2587 3441 2844 3511 accipiat.
2869 3443 3075 3498 Eorum
3093 3451 3277 3515 autem
3311 3461 3432 3516 qua:
3460 3463 3608 3503 nunc
3635 3449 3726 3504 di-

2131 3538 2337 3585 cuntur
2388 3546 2493 3587 nos
2522 3541 2711 3591 ,testes
2756 3546 2952 3591 sumus
2976 3537 3071 3606 qui
3116 3538 3356 3593 Verbum
3407 3540 3721 3597 audimus:

2130 3636 2232 3690 pro
2264 3621 2371 3677 ﬁde
2421 3623 2589 3694 hujus
2617 3625 2867 3683 mulieris
2901 3626 3137 3693 Christi,
3173 3628 3423 3697 pericula
3463 3632 3722 3701 quotidie

2132 3713 2422 3779 adeuntes,
2454 3718 2695 3786 serpenti
2740 3728 2925 3775 autem
2975 3736 3087 3775 non
3108 3721 3465 3801 ,obedientes.
3520 3723 3720 3781 Testes

2133 3803 2548 3863 inimicitiarum
2595 3819 2726 3863 sunt
2761 3810 2855 3878 qui
2884 3810 2940 3864 in
2970 3810 3306 3881 desertis-et
3340 3814 3635 3883 montibus
3664 3825 3720 3872 et

2132 3884 2411 3964 speluncis
2461 3897 2742 3955 decertant
2798 3900 3066 3957 adversus
3117 3913 3458 3974 serpentem.
3521 3905 3719 3963 Testes

2133 3984 2553 4048 inimicitiarum
2615 3991 2778 4059 hujus
2831 3992 3083 4047 mulieris
3127 4003 3261 4048 sunt
3308 4003 3584 4064 pastores,
3618 3997 3713 4066 qui

2131 4087 2251 4127 eam
2269 4075 2513 4143 pulchre
2541 4076 2741 4131 docent
2764 4078 3019 4147 quotidie
3046 4080 3235 4137 dicere
3261 4082 3577 4139 :chuntio
3618 4084 3723 4139 Sa—

2135 4172 2273 4223 tanae
2305 4168 2451 4223 malo
2498 4171 2767 4239 serpenti,
2820 4179 2877 4227 et
2903 4173 3024 4242 ejus
3048 4173 3221 4229 cultui
3244 4213 3261 4237 .
3308 4185 3365 4229 et
3400 4176 3521 4245 ejus
3544 4177 3714 4232 dece-

2132 4258 2329 4327 ptioni,
2360 4269 2418 4314 et
2444 4261 2564 4330 ejus
2587 4261 2774 4327 idolis,
2800 4273 2857 4317 et
2885 4265 3022 4335 ejus.
3049 4265 3430 4331 facultatibus,
3485 4277 3545 4323 ct
3592 4270 3713 4339 ejus

2132 4349 2516 4416 libaminibus.
2546 4360 2603 4406 et
2623 4355 2744 4422 ejus
2770 4355 3047 4411 servituti.
3086 4357 3272 4435 Testis
3293 4366 3381 4413 est
3413 4373 3444 4412 a
3473 4358 3590 4413 Deo
3612 4359 3710 4414 da-

449 4462 648 4517 ponam
675 4446 993 4503 inimicitias
1015 4449 1291 4503 terribiles
1312 4459 1369 4502 et
1398 4423 1779 4517 implacabiles
1808 4448 1953 4503 inter
1975 4456 2029 4505 te
2064 4423 2104 4477 θ
2136 4448 2315 4497 tarum
2340 4442 2752 4499 inimiCitiarum
2769 4447 2871 4514 pia?
2897 4446 3061 4518 huius
3085 4426 3338 4504 mulieris
3355 4465 3496 4520 quas
3520 4465 3710 4507 susce-
3749 4530 3755 4534 _

2133 4529 2375 4612 pitncum
2430 4540 2709 4601 serpente,
2742 4533 3017 4589 idolorum
3063 4535 3404 4601 destructio,
3460 4537 3707 4607 ipsorum

448 4550 506 4594 et
530 4540 821 4595 titulicrem
862 4540 1189 4601 Ecclesium.
1215 4541 1337 4598 Non
1363 4540 1585 4595 veniam
1634 4539 1784 4596 enim
1810 4548 1944 4594 tunc
1966 4537 2036 4593 ad

449 4629 763 4684 mittendum
811 4630 955 4684 inter
994 4641 1045 4685 te
1094 4642 1151 4686 et
1179 4646 1300 4685 eam
1348 4618 1703 4701 pacem,'sed
1732 4629 1972 4700 gladium
1989 4629 2034 4662 ⁸⁸

450 4722 857 4791 evangelicum,
893 4722 962 4776 ad
994 4722 1354 4779 dividendum
1385 4720 2035 4791 etseparandnmtema-

452 4813 663 4885 lignum
694 4822 751 4868 et
783 4814 1095 4868 adulterum
1138 4815 1318 4867 virum
1360 4821 1678 4882 serpentem
1724 4828 1755 4865 a
1801 4813 2036 4869 muliere

452 4920 616 4973 quam
637 4921 669 4959 a
706 4920 793 4958 me
819 4906 1051 4975 rapuisti
1078 4924 1090 4958 :
1117 4915 1180 4959 ut
1217 4903 1441 4974 quando
1472 4918 1640 4973 super
1667 4918 1860 4958 omnes
1898 4904 2034 4958 alias

455 4995 741 5069 mulieres,
769 5012 1071 5067 synagogas
1099 4997 1418 5060 Persarum,
1456 4994 1738 5061 Indorum,
1767 4993 2032 5061 Arabum,

455 5084 852 5139 lsmaelitarum
888 5095 938 5140 te
971 5087 1186 5150 dilexit,
1219 5088 1295 5141 ita
1323 5102 1486 5155 supra
1518 5101 1711 5140 omnes
1742 5095 1793 5140 te
1817 5085 2032 5140 oderit:

453 5179 538 5232 vel
564 5179 769 5248 potius,
804 5188 862 5233 ut
885 5180 1052 5233 semel
1082 5181 1284 5244 dicam,
1313 5195 1505 5237 omnes
1535 5189 1586 5235 te
1615 5179 1861 5241 oderint,
1880 5182 2033 5250 (num

455 5272 591 5324 enim
625 5271 932 5325 Judazorunt
969 5271 1141 5325 solum
1205 5281 1279 5324 est
1312 5271 1450 5324 Deus
1477 5311 1490 5333 ,
1544 5286 1655 5323 non
1711 5272 1869 5323 etiam
1906 5286 2036 5339 gen-

456 5366 586 5419 tium
607 5366 708 5435 δη)
748 5377 1027 5435 noctuque
1044 5365 1348 5420 ctinterdiu
1372 5381 1433 5418 ea
1458 5364 1723 5419 adversus
1747 5370 1799 5415 te
1824 5373 2035 5416 armata

456 5463 510 5507 et
538 5459 799 5511 resistens
831 5468 881 5512 te
937 5458 1239 5511 interimat.
1279 5455 1336 5509 Si
1387 5456 1503 5509 hznc
1556 5455 1631 5507 ita
1675 5468 1785 5506 non
1823 5453 2034 5522 signiti-

458 5556 603 5608 cant,
633 5550 926 5616 Oportebat
956 5551 1126 5603 Deum
1157 5550 1233 5602 ita
1264 5548 1451 5601 dicere
1482 5544 1729 5614 serpenti
1765 5562 1777 5598 :
1820 5544 1889 5597 Et
1921 5560 2033 5597 ecce

533 5661 696 5729 “fisa.
721 5680 826 5729 MV,
854 5665 938 5718 Η.

1015 5667 1058 5698 ⁸⁸³
1084 5668 1221 5722 Psal.
1254 5684 1428 5732 LXXVI,
1455 5666 1539 5725 iii.

471 5723 512 5756 ⁵³
550 5727 748 5797 it‘plies.
784 5723 833 5797 ι’,
867 5737 947 5787 :3.

1617 5666 1660 5696 ⁵³
1683 5664 1870 5719 Matth.
1895 5681 1945 5729 κ,
1979 5665 2068 5719 ΣΗ.

2135 4617 2466 4684 templorum
2502 4619 2737 4685 eversio,
2764 4627 3070 4682 statuarum
3094 4622 3382 4687 contritio,
3416 4624 3708 4679 columna-

2137 4724 2255 4762 rum
2282 4709 2508 4775 delctio,
2538 4712 2682 4780 apud
2714 4722 2907 4794 gentes
2943 4715 3188 4785 cognitio
3212 4715 3311 4773 Dei
3351 4716 3446 4785 qui
3469 4717 3571 4771 has
3606 4716 3705 4771 bo-
3745 4709 3752 4729 ⁵

2134 4816 2234 4856 nas
2273 4801 2592 4860 inimicitias
2629 4804 3065 4874 praedestinavit.
3119 4806 3187 4860 Et
3227 4806 3375 4863 dixit
3412 4807 3655 4878 serpenti
3687 4824 3702 4860 :

2128 4893 2337 4948 Ponam
2364 4897 2669 4951 inimicitias
2692 4900 2829 4953 inter
2847 4906 2896 4951 te
2910 4907 2959 4951 et
2979 4898 3272 4953 mulierem.
3298 4899 3367 4954 Et
3397 4915 3567 4969 quare
3584 4914 3704 4952 mu-

2129 4984 2343 5047 lierem,
2374 4993 2432 5039 et
2473 5002 2581 5040 non
2620 4989 2806 5056 potius
2847 4989 3062 5042 virum?
3093 4988 3333 5047 Mulieris
3379 4992 3519 5044 enim
3551 4993 3705 5060 caput

2133 5085 2207 5128 est
2224 5079 2304 5131 vir
2327 5079 2393 5139 ³⁸.
2425 5089 2481 5133 et
2503 5080 2681 5150 ipsum
2709 5082 2852 5150 (eum
2879 5082 2951 5137 sit
2984 5081 3268 5136 inimicum
3291 5085 3477 5153 caput)
3505 5082 3703 5137 bellum

2132 5186 2327 5239 gerere
2358 5187 2481 5226 cum
2522 5174 2701 5242 capite
2724 5174 2997 5244 serpentis
3028 5174 3289 5240 decebat;
3332 5176 3429 5230 sed
3461 5174 3594 5229 nihil
3622 5172 3704 5227 dio

2138 5262 2216 5317 cit
2251 5263 2548 5333 ejusmodi,
2575 5244 2833 5335 quoniam
2869 5267 3008 5321 nihil
3032 5275 3113 5321 est
3147 5282 3440 5322 commune
3467 5263 3699 5335 serpenti

2139 5375 2265 5414 cum
2305 5360 2581 5430 spirituali
2623 5361 2851 5424 Adamn,
2884 5375 3080 5429 nempe
3125 5360 3364 5415 Christo.
3421 5361 3556 5416 Dicit
3601 5359 3702 5411 ita-

2136 5470 2244 5522 quc
2288 5471 2300 5508 :
2327 5453 2533 5508 Ponam
2568 5454 2870 5507 inimicitias
2894 5454 3035 5508 inter
3064 5462 3112 5507 te
3134 5466 3182 5508 et
3207 5454 3496 5527 mulierem.
3524 5452 3577 5506 Si
3601 5466 3702 5505 au-

2138 5554 2245 5598 tem
2286 5546 2651 5615 corporaliter
2677 5544 2938 5615 intelligis
2961 5544 3054 5599 Dei
3081 5544 3245 5599 verba
3279 5546 3347 5600 ad
3375 5551 3700 5614 serpentem,

2146 5667 2191 5699 ⁸ο
2211 5666 2368 5721 Rom.
2405 5683 2485 5723 ut.
2513 5666 2601 5720 ‘29.
2680 5667 2720 5696 ⁵¹
2750 5668 2907 5722 l'tum.
2939 5683 3051 5732 vni,
3078 5665 3165 5719 37.
3242 5666 3329 5724 “1
3358 5664 3541 5720 Thess.
3569 5675 3623 5725 ν,
3646 5657 3698 5714 8.

3731 4609 3760 4637 ΐ

3736 4648 3763 4667 αι

3740 4694 3762 4712 ιι
