  <div class='ocr_page' id='page_1' title='image "/cluster/home/n/w/nwhite01/storage/ocr_20150623/89/mdp.39015008868328/544.png"; bbox 0 0 4056 6148; ppageno 0'>
   <div class='ocr_carea' id='block_1_1' title="bbox 416 234 550 300">
    <p class='ocr_par' dir='ltr' id='par_1_1' title="bbox 416 234 550 300">
     <span class='ocr_line' id='line_1_1' title="bbox 416 234 550 300; baseline 0.022 -3"><span class='ocrx_word' id='word_1_1' title='bbox 416 234 550 300; x_wconf 85' lang='lat'><strong>1033</strong></span> 
     </span>
    </p>
   </div>
   <div class='ocr_carea' id='block_1_2' title="bbox 1512 229 2605 296">
    <p class='ocr_par' dir='ltr' id='par_1_2' title="bbox 1512 229 2605 296">
     <span class='ocr_line' id='line_1_2' title="bbox 1512 229 2605 296; baseline -0.003 -2"><span class='ocrx_word' id='word_1_2' title='bbox 1512 235 1595 296; x_wconf 84' lang='grc' dir='ltr'><strong>ΙΝ</strong></span> <span class='ocrx_word' id='word_1_3' title='bbox 1632 229 2186 295; x_wconf 75' lang='grc' dir='ltr'><strong>ΗΕΧΑΕΜΕΒΟΝ.</strong></span> <span class='ocrx_word' id='word_1_4' title='bbox 2216 256 2285 266; x_wconf 89' lang='grc'><strong>--</strong></span> <span class='ocrx_word' id='word_1_5' title='bbox 2314 231 2458 291; x_wconf 81' lang='lat' dir='ltr'><strong>LIB.</strong></span> <span class='ocrx_word' id='word_1_6' title='bbox 2501 231 2605 291; x_wconf 88' lang='lat' dir='ltr'><strong>XI.</strong></span> 
     </span>
    </p>
   </div>
   <div class='ocr_carea' id='block_1_3' title="bbox 3555 231 3692 299">
    <p class='ocr_par' dir='ltr' id='par_1_3' title="bbox 3555 231 3692 299">
     <span class='ocr_line' id='line_1_3' title="bbox 3555 231 3692 299; baseline -0.007 -2"><span class='ocrx_word' id='word_1_7' title='bbox 3555 231 3692 299; x_wconf 63' lang='lat'><strong>103-1</strong></span> 
     </span>
    </p>
   </div>
   <div class='ocr_carea' id='block_1_4' title="bbox 408 338 3689 414">
    <p class='ocr_par' dir='ltr' id='par_1_4' title="bbox 408 338 3689 414">
     <span class='ocr_line' id='line_1_4' title="bbox 408 338 3689 414; baseline 0.001 -15"><span class='ocrx_word' id='word_1_8' title='bbox 408 344 539 399; x_wconf 99' lang='lat' dir='ltr'><strong>vide</strong></span> <span class='ocrx_word' id='word_1_9' title='bbox 574 342 629 397; x_wconf 93' lang='lat' dir='ltr'><strong>in</strong></span> <span class='ocrx_word' id='word_1_10' title='bbox 655 356 822 414; x_wconf 87' lang='lat' dir='ltr'><strong>quam</strong></span> <span class='ocrx_word' id='word_1_11' title='bbox 848 340 1023 399; x_wconf 91' lang='lat' dir='ltr'><strong>multa</strong></span> <span class='ocrx_word' id='word_1_12' title='bbox 1049 341 1253 399; x_wconf 85' lang='lat' dir='ltr'><strong>incidis</strong></span> <span class='ocrx_word' id='word_1_13' title='bbox 1287 341 1531 398; x_wconf 77' lang='lat' dir='ltr'><strong>absurda</strong></span> <span class='ocrx_word' id='word_1_14' title='bbox 1556 342 1637 398; x_wconf 91' lang='lat' dir='ltr'><strong>sic</strong></span> <span class='ocrx_word' id='word_1_15' title='bbox 1660 341 2000 413; x_wconf 78' lang='lat' dir='ltr'><strong>intelligens.</strong></span> <span class='ocrx_word' id='word_1_16' title='bbox 2032 347 2077 404; x_wconf 80' lang='grc' dir='ltr'><strong>Α</strong></span> <span class='ocrx_word' id='word_1_17' title='bbox 2108 338 2273 393; x_wconf 90' lang='lat' dir='ltr'><strong>modo</strong></span> <span class='ocrx_word' id='word_1_18' title='bbox 2306 339 2373 393; x_wconf 90' lang='lat' dir='ltr'><strong>ad</strong></span> <span class='ocrx_word' id='word_1_19' title='bbox 2428 339 2576 394; x_wconf 88' lang='lat' dir='ltr'><strong>mille</strong></span> <span class='ocrx_word' id='word_1_20' title='bbox 2617 339 2939 394; x_wconf 73' lang='lat' dir='ltr'><strong>an&#39;noshmc</strong></span> <span class='ocrx_word' id='word_1_21' title='bbox 2988 348 3137 395; x_wconf 88' lang='lat' dir='ltr'><strong>recte</strong></span> <span class='ocrx_word' id='word_1_22' title='bbox 3183 338 3404 411; x_wconf 86' lang='lat' dir='ltr'><strong>legens,</strong></span> <span class='ocrx_word' id='word_1_23' title='bbox 3444 345 3689 401; x_wconf 90' lang='lat' dir='ltr'><strong>nondum</strong></span> 
     </span>
    </p>
   </div>
   <div class='ocr_carea' id='block_1_5' title="bbox 413 433 2002 513">
    <p class='ocr_par' dir='ltr' id='par_1_5' title="bbox 413 433 2002 513">
     <span class='ocr_line' id='line_1_5' title="bbox 413 433 2002 513; baseline -0.003 -22"><span class='ocrx_word' id='word_1_24' title='bbox 413 435 482 491; x_wconf 81' lang='lat' dir='ltr'><strong>Et</strong></span> <span class='ocrx_word' id='word_1_25' title='bbox 509 434 749 507; x_wconf 87' lang='lat' dir='ltr'><strong>primum</strong></span> <span class='ocrx_word' id='word_1_26' title='bbox 777 436 1026 507; x_wconf 82' lang='lat' dir='ltr'><strong>quidem,</strong></span> <span class='ocrx_word' id='word_1_27' title='bbox 1063 434 1213 506; x_wconf 88' lang='lat' dir='ltr'><strong>quod</strong></span> <span class='ocrx_word' id='word_1_28' title='bbox 1242 435 1391 490; x_wconf 83' lang='lat' dir='ltr'><strong>Deus</strong></span> <span class='ocrx_word' id='word_1_29' title='bbox 1416 433 1622 513; x_wconf 76' lang='lat' dir='ltr'><strong>injuste</strong></span> <span class='ocrx_word' id='word_1_30' title='bbox 1648 447 1776 489; x_wconf 89' lang='lat' dir='ltr'><strong>eum</strong></span> <span class='ocrx_word' id='word_1_31' title='bbox 1800 441 1886 488; x_wconf 90' lang='lat' dir='ltr'><strong>est</strong></span> <span class='ocrx_word' id='word_1_32' title='bbox 1904 448 2002 487; x_wconf 85' lang='lat' dir='ltr'><strong>ex-</strong></span> 
     </span>
    </p>
   </div>
   <div class='ocr_carea' id='block_1_6' title="bbox 415 525 2000 605">
    <p class='ocr_par' dir='ltr' id='par_1_6' title="bbox 415 525 2000 605">
     <span class='ocr_line' id='line_1_6' title="bbox 415 525 2000 605; baseline -0.003 -21"><span class='ocrx_word' id='word_1_33' title='bbox 415 534 685 584; x_wconf 90' lang='lat' dir='ltr'><strong>secratus.</strong></span> <span class='ocrx_word' id='word_1_34' title='bbox 713 528 1016 594; x_wconf 84' lang='lat' dir='ltr'><strong>Nam,cum</strong></span> <span class='ocrx_word' id='word_1_35' title='bbox 1044 528 1261 605; x_wconf 78' lang='lat' dir='ltr'><strong>ratione</strong></span> <span class='ocrx_word' id='word_1_36' title='bbox 1286 537 1504 583; x_wconf 85' lang='lat' dir='ltr'><strong>careret</strong></span> <span class='ocrx_word' id='word_1_37' title='bbox 1535 535 1592 582; x_wconf 93' lang='lat' dir='ltr'><strong>et</strong></span> <span class='ocrx_word' id='word_1_38' title='bbox 1614 525 2000 597; x_wconf 73' lang='lat' dir='ltr'><strong>intelligentia,</strong></span> 
     </span>
    </p>
   </div>
   <div class='ocr_carea' id='block_1_7' title="bbox 415 617 2005 688">
    <p class='ocr_par' dir='ltr' id='par_1_7' title="bbox 415 617 2005 688">
     <span class='ocr_line' id='line_1_7' title="bbox 415 617 2005 688; baseline -0.001 -15"><span class='ocrx_word' id='word_1_39' title='bbox 415 619 625 674; x_wconf 85' lang='lat' dir='ltr'><strong>invitus</strong></span> <span class='ocrx_word' id='word_1_40' title='bbox 662 619 767 674; x_wconf 81' lang='lat' dir='ltr'><strong>fuit</strong></span> <span class='ocrx_word' id='word_1_41' title='bbox 822 620 1261 675; x_wconf 83' lang='lat' dir='ltr'><strong>instrumentum</strong></span> <span class='ocrx_word' id='word_1_42' title='bbox 1302 619 1536 686; x_wconf 83' lang='lat' dir='ltr'><strong>diaboli;</strong></span> <span class='ocrx_word' id='word_1_43' title='bbox 1579 634 1683 674; x_wconf 89' lang='lat' dir='ltr'><strong>nec</strong></span> <span class='ocrx_word' id='word_1_44' title='bbox 1713 617 2005 688; x_wconf 85' lang='lat' dir='ltr'><strong>oportebat</strong></span> 
     </span>
    </p>
   </div>
   <div class='ocr_carea' id='block_1_8' title="bbox 416 708 2005 782">
    <p class='ocr_par' dir='ltr' id='par_1_8' title="bbox 416 708 2005 782">
     <span class='ocr_line' id='line_1_8' title="bbox 416 708 2005 782; baseline -0.001 -17"><span class='ocrx_word' id='word_1_45' title='bbox 416 711 580 767; x_wconf 84' lang='lat' dir='ltr'><strong>irasci</strong></span> <span class='ocrx_word' id='word_1_46' title='bbox 622 714 991 766; x_wconf 89' lang='lat' dir='ltr'><strong>instrumento</strong></span> <span class='ocrx_word' id='word_1_47' title='bbox 1021 712 1234 782; x_wconf 78' lang='lat' dir='ltr'><strong>experti</strong></span> <span class='ocrx_word' id='word_1_48' title='bbox 1259 712 1509 766; x_wconf 88' lang='lat' dir='ltr'><strong>rationis.</strong></span> <span class='ocrx_word' id='word_1_49' title='bbox 1542 710 1821 776; x_wconf 88' lang='lat' dir='ltr'><strong>Secundo,</strong></span> <span class='ocrx_word' id='word_1_50' title='bbox 1853 708 2005 781; x_wconf 89' lang='lat' dir='ltr'><strong>quod</strong></span> 
     </span>
    </p>
   </div>
   <div class='ocr_carea' id='block_1_9' title="bbox 415 803 2005 873">
    <p class='ocr_par' dir='ltr' id='par_1_9' title="bbox 415 803 2005 873">
     <span class='ocr_line' id='line_1_9' title="bbox 415 803 2005 873; baseline -0.002 -14"><span class='ocrx_word' id='word_1_51' title='bbox 415 803 463 859; x_wconf 88' lang='lat' dir='ltr'><strong>si</strong></span> <span class='ocrx_word' id='word_1_52' title='bbox 504 803 795 859; x_wconf 89' lang='lat' dir='ltr'><strong>mulierem</strong></span> <span class='ocrx_word' id='word_1_53' title='bbox 816 805 989 863; x_wconf 89' lang='lat' dir='ltr'><strong>solam</strong></span> <span class='ocrx_word' id='word_1_54' title='bbox 1014 805 1133 859; x_wconf 86' lang='lat' dir='ltr'><strong>vult</strong></span> <span class='ocrx_word' id='word_1_55' title='bbox 1163 803 1484 858; x_wconf 87' lang='lat' dir='ltr'><strong>inimicitias</strong></span> <span class='ocrx_word' id='word_1_56' title='bbox 1515 816 1706 873; x_wconf 79' lang='lat' dir='ltr'><strong>gerere</strong></span> <span class='ocrx_word' id='word_1_57' title='bbox 1728 818 1853 858; x_wconf 92' lang='lat' dir='ltr'><strong>cum</strong></span> <span class='ocrx_word' id='word_1_58' title='bbox 1884 817 2005 856; x_wconf 84' lang='lat' dir='ltr'><strong>ma-</strong></span> 
     </span>
    </p>
   </div>
   <div class='ocr_carea' id='block_1_10' title="bbox 415 892 2043 969">
    <p class='ocr_par' dir='ltr' id='par_1_10' title="bbox 415 892 2043 969">
     <span class='ocr_line' id='line_1_10' title="bbox 415 892 2043 969; baseline -0.001 -22"><span class='ocrx_word' id='word_1_59' title='bbox 415 892 587 965; x_wconf 85' lang='lat' dir='ltr'><strong>ligno,</strong></span> <span class='ocrx_word' id='word_1_60' title='bbox 634 901 721 947; x_wconf 82' lang='lat' dir='ltr'><strong>est</strong></span> <span class='ocrx_word' id='word_1_61' title='bbox 779 895 1142 964; x_wconf 86' lang='lat' dir='ltr'><strong>perspicuum</strong></span> <span class='ocrx_word' id='word_1_62' title='bbox 1186 894 1337 964; x_wconf 91' lang='lat' dir='ltr'><strong>quod</strong></span> <span class='ocrx_word' id='word_1_63' title='bbox 1375 895 1496 949; x_wconf 87' lang='lat' dir='ltr'><strong>vult</strong></span> <span class='ocrx_word' id='word_1_64' title='bbox 1525 894 1707 948; x_wconf 91' lang='lat' dir='ltr'><strong>virum</strong></span> <span class='ocrx_word' id='word_1_65' title='bbox 1736 909 1857 948; x_wconf 85' lang='lat' dir='ltr'><strong>esse</strong></span> <span class='ocrx_word' id='word_1_66' title='bbox 1899 909 2043 969; x_wconf 32' lang='lat' dir='ltr'><strong>serg</strong></span> 
     </span>
    </p>
   </div>
   <div class='ocr_carea' id='block_1_11' title="bbox 416 986 2006 1059">
    <p class='ocr_par' dir='ltr' id='par_1_11' title="bbox 416 986 2006 1059">
     <span class='ocr_line' id='line_1_11' title="bbox 416 986 2006 1059; baseline 0.001 -19"><span class='ocrx_word' id='word_1_67' title='bbox 416 987 602 1057; x_wconf 89' lang='lat' dir='ltr'><strong>pentis</strong></span> <span class='ocrx_word' id='word_1_68' title='bbox 636 986 925 1043; x_wconf 90' lang='lat' dir='ltr'><strong>dilectum.</strong></span> <span class='ocrx_word' id='word_1_69' title='bbox 954 987 1165 1054; x_wconf 90' lang='lat' dir='ltr'><strong>Tertio,</strong></span> <span class='ocrx_word' id='word_1_70' title='bbox 1199 987 1349 1058; x_wconf 86' lang='lat' dir='ltr'><strong>quod</strong></span> <span class='ocrx_word' id='word_1_71' title='bbox 1394 988 1441 1043; x_wconf 90' lang='lat' dir='ltr'><strong>si</strong></span> <span class='ocrx_word' id='word_1_72' title='bbox 1480 988 1631 1043; x_wconf 89' lang='lat' dir='ltr'><strong>inter</strong></span> <span class='ocrx_word' id='word_1_73' title='bbox 1660 988 2006 1059; x_wconf 88' lang='lat' dir='ltr'><strong>corporalem</strong></span> 
     </span>
    </p>
   </div>
   <div class='ocr_carea' id='block_1_12' title="bbox 418 1075 2006 1147">
    <p class='ocr_par' dir='ltr' id='par_1_12' title="bbox 418 1075 2006 1147">
     <span class='ocr_line' id='line_1_12' title="bbox 418 1075 2006 1147; baseline -0.001 -14"><span class='ocrx_word' id='word_1_74' title='bbox 418 1088 732 1147; x_wconf 80' lang='lat' dir='ltr'><strong>serpentem</strong></span> <span class='ocrx_word' id='word_1_75' title='bbox 773 1085 830 1131; x_wconf 90' lang='lat' dir='ltr'><strong>et</strong></span> <span class='ocrx_word' id='word_1_76' title='bbox 867 1078 1149 1132; x_wconf 87' lang='lat' dir='ltr'><strong>carnalem</strong></span> <span class='ocrx_word' id='word_1_77' title='bbox 1184 1086 1431 1132; x_wconf 90' lang='lat' dir='ltr'><strong>nostram</strong></span> <span class='ocrx_word' id='word_1_78' title='bbox 1477 1077 1769 1132; x_wconf 88' lang='lat' dir='ltr'><strong>mulierem</strong></span> <span class='ocrx_word' id='word_1_79' title='bbox 1817 1075 2006 1146; x_wconf 89' lang='lat' dir='ltr'><strong>posuit</strong></span> 
     </span>
    </p>
   </div>
   <div class='ocr_carea' id='block_1_13' title="bbox 418 1168 2007 1239">
    <p class='ocr_par' dir='ltr' id='par_1_13' title="bbox 418 1168 2007 1239">
     <span class='ocr_line' id='line_1_13' title="bbox 418 1168 2007 1239; baseline -0.002 -15"><span class='ocrx_word' id='word_1_80' title='bbox 418 1170 566 1224; x_wconf 90' lang='lat' dir='ltr'><strong>Deus</strong></span> <span class='ocrx_word' id='word_1_81' title='bbox 595 1168 940 1233; x_wconf 75' lang='lat' dir='ltr'><strong>inimicitias,</strong></span> <span class='ocrx_word' id='word_1_82' title='bbox 963 1169 1019 1222; x_wconf 92' lang='lat' dir='ltr'><strong>in</strong></span> <span class='ocrx_word' id='word_1_83' title='bbox 1060 1184 1171 1224; x_wconf 92' lang='lat' dir='ltr'><strong>uno</strong></span> <span class='ocrx_word' id='word_1_84' title='bbox 1196 1179 1479 1224; x_wconf 91' lang='lat' dir='ltr'><strong>momento</strong></span> <span class='ocrx_word' id='word_1_85' title='bbox 1512 1168 1779 1239; x_wconf 90' lang='lat' dir='ltr'><strong>temporis</strong></span> <span class='ocrx_word' id='word_1_86' title='bbox 1804 1183 2007 1223; x_wconf 91' lang='lat' dir='ltr'><strong>consu-</strong></span> 
     </span>
    </p>
   </div>
   <div class='ocr_carea' id='block_1_14' title="bbox 418 1259 2010 1330">
    <p class='ocr_par' dir='ltr' id='par_1_14' title="bbox 418 1259 2010 1330">
     <span class='ocr_line' id='line_1_14' title="bbox 418 1259 2010 1330; baseline -0.001 -16"><span class='ocrx_word' id='word_1_87' title='bbox 418 1268 637 1315; x_wconf 88' lang='lat' dir='ltr'><strong>merent</strong></span> <span class='ocrx_word' id='word_1_88' title='bbox 676 1268 970 1330; x_wconf 88' lang='lat' dir='ltr'><strong>serpentes</strong></span> <span class='ocrx_word' id='word_1_89' title='bbox 989 1275 1185 1315; x_wconf 92' lang='lat' dir='ltr'><strong>omnes</strong></span> <span class='ocrx_word' id='word_1_90' title='bbox 1208 1260 1472 1316; x_wconf 88' lang='lat' dir='ltr'><strong>mulieres</strong></span> <span class='ocrx_word' id='word_1_91' title='bbox 1493 1300 1508 1326; x_wconf 91' lang='lat'><strong>,</strong></span> <span class='ocrx_word' id='word_1_92' title='bbox 1526 1267 1584 1315; x_wconf 93' lang='lat' dir='ltr'><strong>et</strong></span> <span class='ocrx_word' id='word_1_93' title='bbox 1620 1259 1858 1314; x_wconf 80' lang='lat' dir='ltr'><strong>maxime</strong></span> <span class='ocrx_word' id='word_1_94' title='bbox 1887 1274 2010 1329; x_wconf 63' lang='lat' dir='ltr'><strong>quae</strong></span> 
     </span>
    </p>
   </div>
   <div class='ocr_carea' id='block_1_15' title="bbox 418 1340 2010 1422">
    <p class='ocr_par' dir='ltr' id='par_1_15' title="bbox 418 1340 2010 1422">
     <span class='ocr_line' id='line_1_15' title="bbox 418 1340 2010 1422; baseline -0.001 -15"><span class='ocrx_word' id='word_1_95' title='bbox 418 1368 530 1407; x_wconf 88' lang='lat' dir='ltr'><strong>non</strong></span> <span class='ocrx_word' id='word_1_96' title='bbox 562 1360 692 1407; x_wconf 91' lang='lat' dir='ltr'><strong>sunt</strong></span> <span class='ocrx_word' id='word_1_97' title='bbox 726 1352 783 1406; x_wconf 90' lang='lat' dir='ltr'><strong>in</strong></span> <span class='ocrx_word' id='word_1_98' title='bbox 809 1351 1045 1407; x_wconf 86' lang='lat' dir='ltr'><strong>urbibus</strong></span> <span class='ocrx_word' id='word_1_99' title='bbox 1066 1340 1216 1406; x_wconf 47' lang='lat' dir='ltr'><strong>&#39;dum</strong></span> <span class='ocrx_word' id='word_1_100' title='bbox 1247 1352 1551 1407; x_wconf 91' lang='lat' dir='ltr'><strong>dormiunt.</strong></span> <span class='ocrx_word' id='word_1_101' title='bbox 1596 1352 1835 1419; x_wconf 88' lang='lat' dir='ltr'><strong>Quarto,</strong></span> <span class='ocrx_word' id='word_1_102' title='bbox 1861 1351 2010 1422; x_wconf 91' lang='lat' dir='ltr'><strong>quod</strong></span> 
     </span>
    </p>
   </div>
   <div class='ocr_carea' id='block_1_16' title="bbox 419 1442 2008 1514">
    <p class='ocr_par' dir='ltr' id='par_1_16' title="bbox 419 1442 2008 1514">
     <span class='ocr_line' id='line_1_16' title="bbox 419 1442 2008 1514; baseline -0.001 -16"><span class='ocrx_word' id='word_1_103' title='bbox 419 1445 673 1514; x_wconf 87' lang='lat' dir='ltr'><strong>plurimae</strong></span> <span class='ocrx_word' id='word_1_104' title='bbox 710 1444 879 1498; x_wconf 91' lang='lat' dir='ltr'><strong>etiam</strong></span> <span class='ocrx_word' id='word_1_105' title='bbox 935 1443 1057 1498; x_wconf 84' lang='lat' dir='ltr'><strong>aliae</strong></span> <span class='ocrx_word' id='word_1_106' title='bbox 1093 1442 1285 1499; x_wconf 66' lang='lat' dir='ltr'><strong>bestia:</strong></span> <span class='ocrx_word' id='word_1_107' title='bbox 1345 1455 1477 1499; x_wconf 90' lang='lat' dir='ltr'><strong>sunt</strong></span> <span class='ocrx_word' id='word_1_108' title='bbox 1519 1443 1682 1499; x_wconf 89' lang='lat' dir='ltr'><strong>nobis</strong></span> <span class='ocrx_word' id='word_1_109' title='bbox 1750 1443 2008 1505; x_wconf 73' lang='lat' dir='ltr'><strong>inimicae.</strong></span> 
     </span>
    </p>
   </div>
   <div class='ocr_carea' id='block_1_17' title="bbox 419 1535 2008 1608">
    <p class='ocr_par' dir='ltr' id='par_1_17' title="bbox 419 1535 2008 1608">
     <span class='ocr_line' id='line_1_17' title="bbox 419 1535 2008 1608; baseline -0.001 -16"><span class='ocrx_word' id='word_1_110' title='bbox 419 1535 528 1592; x_wconf 86' lang='lat' dir='ltr'><strong>Sed</strong></span> <span class='ocrx_word' id='word_1_111' title='bbox 571 1553 752 1608; x_wconf 90' lang='lat' dir='ltr'><strong>neque</strong></span> <span class='ocrx_word' id='word_1_112' title='bbox 798 1545 1005 1592; x_wconf 88' lang='lat' dir='ltr'><strong>terram</strong></span> <span class='ocrx_word' id='word_1_113' title='bbox 1033 1537 1285 1607; x_wconf 89' lang='lat' dir='ltr'><strong>quotidie</strong></span> <span class='ocrx_word' id='word_1_114' title='bbox 1331 1536 1575 1592; x_wconf 83' lang='lat' dir='ltr'><strong>comedit</strong></span> <span class='ocrx_word' id='word_1_115' title='bbox 1598 1552 1830 1608; x_wconf 88' lang='lat' dir='ltr'><strong>serpens</strong></span> <span class='ocrx_word' id='word_1_116' title='bbox 1855 1577 1870 1601; x_wconf 91' lang='lat'><strong>,</strong></span> <span class='ocrx_word' id='word_1_117' title='bbox 1909 1536 2008 1592; x_wconf 89' lang='lat' dir='ltr'><strong>sed</strong></span> 
     </span>
    </p>
   </div>
   <div class='ocr_carea' id='block_1_18' title="bbox 419 1626 2006 1701">
    <p class='ocr_par' dir='ltr' id='par_1_18' title="bbox 419 1626 2006 1701">
     <span class='ocr_line' id='line_1_18' title="bbox 419 1626 2006 1701; baseline 0 -17"><span class='ocrx_word' id='word_1_118' title='bbox 419 1628 588 1684; x_wconf 88' lang='lat' dir='ltr'><strong>etiam</strong></span> <span class='ocrx_word' id='word_1_119' title='bbox 624 1626 761 1683; x_wconf 91' lang='lat' dir='ltr'><strong>alias</strong></span> <span class='ocrx_word' id='word_1_120' title='bbox 792 1640 950 1684; x_wconf 84' lang='lat' dir='ltr'><strong>escas</strong></span> <span class='ocrx_word' id='word_1_121' title='bbox 986 1628 1263 1684; x_wconf 91' lang='lat' dir='ltr'><strong>carnium.</strong></span> <span class='ocrx_word' id='word_1_122' title='bbox 1305 1627 1412 1685; x_wconf 89' lang='lat' dir='ltr'><strong>Sed</strong></span> <span class='ocrx_word' id='word_1_123' title='bbox 1448 1644 1634 1700; x_wconf 90' lang='lat' dir='ltr'><strong>neque</strong></span> <span class='ocrx_word' id='word_1_124' title='bbox 1658 1631 1753 1701; x_wconf 90' lang='lat' dir='ltr'><strong>qui</strong></span> <span class='ocrx_word' id='word_1_125' title='bbox 1784 1630 1887 1685; x_wconf 91' lang='lat' dir='ltr'><strong>sub</strong></span> <span class='ocrx_word' id='word_1_126' title='bbox 1919 1630 2006 1684; x_wconf 91' lang='lat' dir='ltr'><strong>in-</strong></span> 
     </span>
    </p>
   </div>
   <div class='ocr_carea' id='block_1_19' title="bbox 2106 428 3691 500">
    <p class='ocr_par' dir='ltr' id='par_1_19' title="bbox 2106 428 3691 500">
     <span class='ocr_line' id='line_1_19' title="bbox 2106 428 3691 500; baseline 0.006 -18"><span class='ocrx_word' id='word_1_127' title='bbox 2106 428 2415 499; x_wconf 81' lang='lat' dir='ltr'><strong>cognovisti</strong></span> <span class='ocrx_word' id='word_1_128' title='bbox 2444 438 2566 484; x_wconf 85' lang='lat' dir='ltr'><strong>eam</strong></span> <span class='ocrx_word' id='word_1_129' title='bbox 2605 438 2727 500; x_wconf 66' lang='lat' dir='ltr'><strong>quae</strong></span> <span class='ocrx_word' id='word_1_130' title='bbox 2755 439 2839 484; x_wconf 82' lang='lat' dir='ltr'><strong>est</strong></span> <span class='ocrx_word' id='word_1_131' title='bbox 2880 430 2932 484; x_wconf 84' lang='lat' dir='ltr'><strong>in</strong></span> <span class='ocrx_word' id='word_1_132' title='bbox 2972 429 3106 500; x_wconf 81' lang='lat' dir='ltr'><strong>ipsis</strong></span> <span class='ocrx_word' id='word_1_133' title='bbox 3138 431 3449 497; x_wconf 87' lang='lat' dir='ltr'><strong>veritatem,</strong></span> <span class='ocrx_word' id='word_1_134' title='bbox 3475 448 3601 489; x_wconf 89' lang='lat' dir='ltr'><strong>cum</strong></span> <span class='ocrx_word' id='word_1_135' title='bbox 3630 448 3691 492; x_wconf 91' lang='lat' dir='ltr'><strong>tu</strong></span> 
     </span>
    </p>
   </div>
   <div class='ocr_carea' id='block_1_20' title="bbox 2106 518 3692 594">
    <p class='ocr_par' dir='ltr' id='par_1_20' title="bbox 2106 518 3692 594">
     <span class='ocr_line' id='line_1_20' title="bbox 2106 518 3692 594; baseline 0.004 -20"><span class='ocrx_word' id='word_1_136' title='bbox 2106 536 2193 575; x_wconf 90' lang='lat' dir='ltr'><strong>me</strong></span> <span class='ocrx_word' id='word_1_137' title='bbox 2224 521 2409 591; x_wconf 90' lang='lat' dir='ltr'><strong>potius</strong></span> <span class='ocrx_word' id='word_1_138' title='bbox 2459 521 2693 577; x_wconf 85' lang='lat' dir='ltr'><strong>deberes</strong></span> <span class='ocrx_word' id='word_1_139' title='bbox 2722 521 2778 575; x_wconf 91' lang='lat' dir='ltr'><strong>in</strong></span> <span class='ocrx_word' id='word_1_140' title='bbox 2811 521 2898 576; x_wconf 87' lang='lat' dir='ltr'><strong>his</strong></span> <span class='ocrx_word' id='word_1_141' title='bbox 2932 518 3265 587; x_wconf 86' lang='lat' dir='ltr'><strong>illuminare,</strong></span> <span class='ocrx_word' id='word_1_142' title='bbox 3310 528 3371 578; x_wconf 91' lang='lat' dir='ltr'><strong>ut</strong></span> <span class='ocrx_word' id='word_1_143' title='bbox 3422 526 3514 594; x_wconf 87' lang='lat' dir='ltr'><strong>qui</strong></span> <span class='ocrx_word' id='word_1_144' title='bbox 3567 541 3630 581; x_wconf 87' lang='lat' dir='ltr'><strong>ea</strong></span> <span class='ocrx_word' id='word_1_145' title='bbox 3661 545 3692 582; x_wconf 92' lang='lat' dir='ltr'><strong>a</strong></span> 
     </span>
    </p>
   </div>
   <div class='ocr_carea' id='block_1_21' title="bbox 2105 612 3692 683">
    <p class='ocr_par' dir='ltr' id='par_1_21' title="bbox 2105 612 3692 683">
     <span class='ocr_line' id='line_1_21' title="bbox 2105 612 3692 683; baseline 0.004 -17"><span class='ocrx_word' id='word_1_146' title='bbox 2105 612 2219 666; x_wconf 89' lang='lat' dir='ltr'><strong>Deo</strong></span> <span class='ocrx_word' id='word_1_147' title='bbox 2252 613 2553 683; x_wconf 83' lang='lat' dir='ltr'><strong>acceperis,</strong></span> <span class='ocrx_word' id='word_1_148' title='bbox 2584 622 2640 667; x_wconf 87' lang='lat' dir='ltr'><strong>et</strong></span> <span class='ocrx_word' id='word_1_149' title='bbox 2677 614 2765 669; x_wconf 88' lang='lat' dir='ltr'><strong>cui</strong></span> <span class='ocrx_word' id='word_1_150' title='bbox 2799 628 2864 669; x_wconf 86' lang='lat' dir='ltr'><strong>ea</strong></span> <span class='ocrx_word' id='word_1_151' title='bbox 2901 623 3031 668; x_wconf 87' lang='lat' dir='ltr'><strong>sunt</strong></span> <span class='ocrx_word' id='word_1_152' title='bbox 3086 614 3318 668; x_wconf 86' lang='lat' dir='ltr'><strong>credita.</strong></span> <span class='ocrx_word' id='word_1_153' title='bbox 3356 614 3432 669; x_wconf 89' lang='lat' dir='ltr'><strong>De</strong></span> <span class='ocrx_word' id='word_1_154' title='bbox 3467 624 3692 683; x_wconf 68' lang='lat' dir='ltr'><strong>cmtero,</strong></span> 
     </span>
    </p>
   </div>
   <div class='ocr_carea' id='block_1_22' title="bbox 2106 703 3693 771">
    <p class='ocr_par' dir='ltr' id='par_1_22' title="bbox 2106 703 3693 771">
     <span class='ocr_line' id='line_1_22' title="bbox 2106 703 3693 771; baseline 0.005 -15"><span class='ocrx_word' id='word_1_155' title='bbox 2106 704 2136 756; x_wconf 88' lang='lat' dir='ltr'><strong>a</strong></span> <span class='ocrx_word' id='word_1_156' title='bbox 2172 718 2257 756; x_wconf 92' lang='lat' dir='ltr'><strong>me</strong></span> <span class='ocrx_word' id='word_1_157' title='bbox 2284 704 2376 771; x_wconf 89' lang='lat' dir='ltr'><strong>qui</strong></span> <span class='ocrx_word' id='word_1_158' title='bbox 2411 718 2531 758; x_wconf 91' lang='lat' dir='ltr'><strong>sum</strong></span> <span class='ocrx_word' id='word_1_159' title='bbox 2566 703 2834 759; x_wconf 85' lang='lat' dir='ltr'><strong>barbarus</strong></span> <span class='ocrx_word' id='word_1_160' title='bbox 2855 714 2910 759; x_wconf 92' lang='lat' dir='ltr'><strong>et</strong></span> <span class='ocrx_word' id='word_1_161' title='bbox 2933 705 3109 761; x_wconf 82' lang='lat' dir='ltr'><strong>bestia</strong></span> <span class='ocrx_word' id='word_1_162' title='bbox 3133 707 3285 762; x_wconf 88' lang='lat' dir='ltr'><strong>disce</strong></span> <span class='ocrx_word' id='word_1_163' title='bbox 3318 722 3538 762; x_wconf 86' lang='lat' dir='ltr'><strong>sensum</strong></span> <span class='ocrx_word' id='word_1_164' title='bbox 3572 718 3693 763; x_wconf 85' lang='lat' dir='ltr'><strong>tua-</strong></span> 
     </span>
    </p>
   </div>
   <div class='ocr_carea' id='block_1_23' title="bbox 2109 791 3698 868">
    <p class='ocr_par' dir='ltr' id='par_1_23' title="bbox 2109 791 3698 868">
     <span class='ocr_line' id='line_1_23' title="bbox 2109 791 3698 868; baseline 0.006 -24"><span class='ocrx_word' id='word_1_165' title='bbox 2109 806 2231 846; x_wconf 91' lang='lat' dir='ltr'><strong>rum</strong></span> <span class='ocrx_word' id='word_1_166' title='bbox 2257 792 2459 862; x_wconf 80' lang='lat' dir='ltr'><strong>legum.</strong></span> <span class='ocrx_word' id='word_1_167' title='bbox 2499 791 2678 863; x_wconf 77' lang='lat' dir='ltr'><strong>Atque</strong></span> <span class='ocrx_word' id='word_1_168' title='bbox 2711 802 2772 848; x_wconf 91' lang='lat' dir='ltr'><strong>ut</strong></span> <span class='ocrx_word' id='word_1_169' title='bbox 2802 795 3044 865; x_wconf 84' lang='lat' dir='ltr'><strong>maligno</strong></span> <span class='ocrx_word' id='word_1_170' title='bbox 3090 797 3316 867; x_wconf 90' lang='lat' dir='ltr'><strong>quidem</strong></span> <span class='ocrx_word' id='word_1_171' title='bbox 3344 800 3593 868; x_wconf 84' lang='lat' dir='ltr'><strong>serpenti</strong></span> <span class='ocrx_word' id='word_1_172' title='bbox 3625 802 3698 854; x_wconf 85' lang='lat' dir='ltr'><strong>sit</strong></span> 
     </span>
    </p>
   </div>
   <div class='ocr_carea' id='block_1_24' title="bbox 2108 880 3697 950">
    <p class='ocr_par' dir='ltr' id='par_1_24' title="bbox 2108 880 3697 950">
     <span class='ocr_line' id='line_1_24' title="bbox 2108 880 3697 950; baseline 0.004 -15"><span class='ocrx_word' id='word_1_173' title='bbox 2108 880 2333 935; x_wconf 87' lang='lat' dir='ltr'><strong>inimica</strong></span> <span class='ocrx_word' id='word_1_174' title='bbox 2368 882 2493 936; x_wconf 91' lang='lat' dir='ltr'><strong>etei</strong></span> <span class='ocrx_word' id='word_1_175' title='bbox 2518 898 2627 936; x_wconf 89' lang='lat' dir='ltr'><strong>non</strong></span> <span class='ocrx_word' id='word_1_176' title='bbox 2657 883 2900 950; x_wconf 90' lang='lat' dir='ltr'><strong>obediat,</strong></span> <span class='ocrx_word' id='word_1_177' title='bbox 2924 885 3146 940; x_wconf 78' lang='lat' dir='ltr'><strong>mulieri</strong></span> <span class='ocrx_word' id='word_1_178' title='bbox 3174 895 3229 942; x_wconf 88' lang='lat' dir='ltr'><strong>et</strong></span> <span class='ocrx_word' id='word_1_179' title='bbox 3258 888 3517 945; x_wconf 74' lang='lat' dir='ltr'><strong>Ecclesia:</strong></span> <span class='ocrx_word' id='word_1_180' title='bbox 3541 889 3697 945; x_wconf 85' lang='lat' dir='ltr'><strong>dedit</strong></span> 
     </span>
    </p>
   </div>
   <div class='ocr_carea' id='block_1_25' title="bbox 2107 962 3695 1052">
    <p class='ocr_par' dir='ltr' id='par_1_25' title="bbox 2107 962 3695 1052">
     <span class='ocr_line' id='line_1_25' title="bbox 2107 962 3695 1052; baseline 0.006 -26"><span class='ocrx_word' id='word_1_181' title='bbox 2107 962 2289 1038; x_wconf 86' lang='lat' dir='ltr'><strong>Deus;</strong></span> <span class='ocrx_word' id='word_1_182' title='bbox 2323 973 2622 1029; x_wconf 87' lang='lat' dir='ltr'><strong>observare</strong></span> <span class='ocrx_word' id='word_1_183' title='bbox 2659 980 2877 1039; x_wconf 83' lang='lat' dir='ltr'><strong>autem,</strong></span> <span class='ocrx_word' id='word_1_184' title='bbox 2920 991 3018 1030; x_wconf 86' lang='lat' dir='ltr'><strong>seu</strong></span> <span class='ocrx_word' id='word_1_185' title='bbox 3052 992 3177 1031; x_wconf 92' lang='lat' dir='ltr'><strong>cum</strong></span> <span class='ocrx_word' id='word_1_186' title='bbox 3208 979 3428 1034; x_wconf 87' lang='lat' dir='ltr'><strong>insidiis</strong></span> <span class='ocrx_word' id='word_1_187' title='bbox 3450 982 3572 1052; x_wconf 86' lang='lat' dir='ltr'><strong>ejus</strong></span> <span class='ocrx_word' id='word_1_188' title='bbox 3600 995 3695 1035; x_wconf 89' lang='lat' dir='ltr'><strong>ca-</strong></span> 
     </span>
    </p>
   </div>
   <div class='ocr_carea' id='block_1_26' title="bbox 2108 1069 3192 1136">
    <p class='ocr_par' dir='ltr' id='par_1_26' title="bbox 2108 1069 3192 1136">
     <span class='ocr_line' id='line_1_26' title="bbox 2108 1069 3192 1136; baseline 0.006 -19"><span class='ocrx_word' id='word_1_189' title='bbox 2108 1072 2208 1134; x_wconf 88' lang='lat' dir='ltr'><strong>put</strong></span> <span class='ocrx_word' id='word_1_190' title='bbox 2233 1071 2546 1128; x_wconf 82' lang='lat' dir='ltr'><strong>conterere,</strong></span> <span class='ocrx_word' id='word_1_191' title='bbox 2572 1081 2683 1119; x_wconf 91' lang='lat' dir='ltr'><strong>non</strong></span> <span class='ocrx_word' id='word_1_192' title='bbox 2724 1075 2906 1136; x_wconf 86' lang='lat' dir='ltr'><strong>potest</strong></span> <span class='ocrx_word' id='word_1_193' title='bbox 2926 1069 3192 1124; x_wconf 71' lang='lat' dir='ltr'><strong>Ecélesia.</strong></span> 
     </span>
    </p>
   </div>
   <div class='ocr_carea' id='block_1_27' title="bbox 2180 1155 3697 1236">
    <p class='ocr_par' dir='ltr' id='par_1_27' title="bbox 2180 1155 3697 1236">
     <span class='ocr_line' id='line_1_27' title="bbox 2180 1155 3697 1236; baseline 0.008 -28"><span class='ocrx_word' id='word_1_194' title='bbox 2180 1155 2247 1209; x_wconf 88' lang='lat' dir='ltr'><strong>Et</strong></span> <span class='ocrx_word' id='word_1_195' title='bbox 2297 1162 2591 1225; x_wconf 84' lang='lat' dir='ltr'><strong>propterea</strong></span> <span class='ocrx_word' id='word_1_196' title='bbox 2646 1173 2677 1211; x_wconf 89' lang='lat' dir='ltr'><strong>a</strong></span> <span class='ocrx_word' id='word_1_197' title='bbox 2721 1159 2955 1215; x_wconf 87' lang='lat' dir='ltr'><strong>muliere</strong></span> <span class='ocrx_word' id='word_1_198' title='bbox 3015 1162 3084 1215; x_wconf 88' lang='lat' dir='ltr'><strong>ad</strong></span> <span class='ocrx_word' id='word_1_199' title='bbox 3137 1163 3420 1218; x_wconf 88' lang='lat' dir='ltr'><strong>hominem</strong></span> <span class='ocrx_word' id='word_1_200' title='bbox 3476 1163 3697 1236; x_wconf 86' lang='lat' dir='ltr'><strong>(nempe</strong></span> 
     </span>
    </p>
   </div>
   <div class='ocr_carea' id='block_1_28' title="bbox 2108 1246 3697 1320">
    <p class='ocr_par' dir='ltr' id='par_1_28' title="bbox 2108 1246 3697 1320">
     <span class='ocr_line' id='line_1_28' title="bbox 2108 1246 3697 1320; baseline 0.007 -18"><span class='ocrx_word' id='word_1_201' title='bbox 2108 1246 2412 1318; x_wconf 86' lang='lat' dir='ltr'><strong>Christum)</strong></span> <span class='ocrx_word' id='word_1_202' title='bbox 2467 1250 2715 1305; x_wconf 82' lang='lat' dir='ltr'><strong>traduxit</strong></span> <span class='ocrx_word' id='word_1_203' title='bbox 2762 1251 2906 1307; x_wconf 87' lang='lat' dir='ltr'><strong>Deus</strong></span> <span class='ocrx_word' id='word_1_204' title='bbox 2947 1255 3280 1320; x_wconf 89' lang='lat' dir='ltr'><strong>orationem,</strong></span> <span class='ocrx_word' id='word_1_205' title='bbox 3342 1255 3535 1312; x_wconf 90' lang='lat' dir='ltr'><strong>dicens</strong></span> <span class='ocrx_word' id='word_1_206' title='bbox 3577 1271 3697 1312; x_wconf 88' lang='lat' dir='ltr'><strong>ser-</strong></span> 
     </span>
    </p>
   </div>
   <div class='ocr_carea' id='block_1_29' title="bbox 2110 1336 3696 1419">
    <p class='ocr_par' dir='ltr' id='par_1_29' title="bbox 2110 1336 3696 1419">
     <span class='ocr_line' id='line_1_29' title="bbox 2110 1336 3696 1419; baseline 0.006 -23"><span class='ocrx_word' id='word_1_207' title='bbox 2110 1341 2263 1414; x_wconf 90' lang='lat' dir='ltr'><strong>penti</strong></span> <span class='ocrx_word' id='word_1_208' title='bbox 2285 1361 2297 1397; x_wconf 91' lang='lat'>:</span> <span class='ocrx_word' id='word_1_209' title='bbox 2317 1336 2436 1412; x_wconf 80' lang='lat' dir='ltr'><strong>Ipse</strong></span> <span class='ocrx_word' id='word_1_210' title='bbox 2460 1343 2751 1399; x_wconf 84' lang='lat' dir='ltr'><strong>observabit</strong></span> <span class='ocrx_word' id='word_1_211' title='bbox 2773 1356 2935 1415; x_wconf 85' lang='lat' dir='ltr'><strong>caput</strong></span> <span class='ocrx_word' id='word_1_212' title='bbox 2966 1355 3136 1419; x_wconf 74' lang='lat' dir='ltr'><strong>tuum,</strong></span> <span class='ocrx_word' id='word_1_213' title='bbox 3172 1356 3223 1403; x_wconf 91' lang='lat' dir='ltr'><strong>te</strong></span> <span class='ocrx_word' id='word_1_214' title='bbox 3254 1360 3549 1405; x_wconf 87' lang='lat' dir='ltr'><strong>conterens</strong></span> <span class='ocrx_word' id='word_1_215' title='bbox 3570 1343 3696 1406; x_wconf 87' lang='lat' dir='ltr'><strong>cum</strong></span> 
     </span>
    </p>
   </div>
   <div class='ocr_carea' id='block_1_30' title="bbox 2111 1433 3692 1508">
    <p class='ocr_par' dir='ltr' id='par_1_30' title="bbox 2111 1433 3692 1508">
     <span class='ocr_line' id='line_1_30' title="bbox 2111 1433 3692 1508; baseline 0.006 -20"><span class='ocrx_word' id='word_1_216' title='bbox 2111 1433 2335 1489; x_wconf 86' lang='lat' dir='ltr'><strong>insidiis</strong></span> <span class='ocrx_word' id='word_1_217' title='bbox 2366 1452 2379 1487; x_wconf 88' lang='lat'><strong>:</strong></span> <span class='ocrx_word' id='word_1_218' title='bbox 2415 1443 2463 1487; x_wconf 85' lang='lat' dir='ltr'><strong>et</strong></span> <span class='ocrx_word' id='word_1_219' title='bbox 2507 1442 2563 1487; x_wconf 86' lang='lat' dir='ltr'><strong>tu</strong></span> <span class='ocrx_word' id='word_1_220' title='bbox 2590 1434 2885 1490; x_wconf 81' lang='lat' dir='ltr'><strong>observabis</strong></span> <span class='ocrx_word' id='word_1_221' title='bbox 2918 1438 3031 1507; x_wconf 82' lang='lat' dir='ltr'><strong>ejus</strong></span> <span class='ocrx_word' id='word_1_222' title='bbox 3060 1438 3392 1505; x_wconf 84' lang='lat' dir='ltr'><strong>calcaneum,</strong></span> <span class='ocrx_word' id='word_1_223' title='bbox 3442 1441 3549 1497; x_wconf 90' lang='lat' dir='ltr'><strong>hoc</strong></span> <span class='ocrx_word' id='word_1_224' title='bbox 3587 1451 3692 1508; x_wconf 84' lang='lat' dir='ltr'><strong>est,</strong></span> 
     </span>
    </p>
   </div>
   <div class='ocr_carea' id='block_1_31' title="bbox 2111 1528 3699 1605">
    <p class='ocr_par' dir='ltr' id='par_1_31' title="bbox 2111 1528 3699 1605">
     <span class='ocr_line' id='line_1_31' title="bbox 2111 1528 3699 1605; baseline 0.007 -25"><span class='ocrx_word' id='word_1_225' title='bbox 2111 1532 2360 1582; x_wconf 79' lang='lat' dir='ltr'><strong>extrema</strong></span> <span class='ocrx_word' id='word_1_226' title='bbox 2414 1528 2587 1583; x_wconf 73' lang='lat' dir='ltr'><strong>totids</strong></span> <span class='ocrx_word' id='word_1_227' title='bbox 2636 1530 2893 1598; x_wconf 86' lang='lat' dir='ltr'><strong>corporis</strong></span> <span class='ocrx_word' id='word_1_228' title='bbox 2938 1529 3148 1586; x_wconf 83' lang='lat' dir='ltr'><strong>Christi</strong></span> <span class='ocrx_word' id='word_1_229' title='bbox 3192 1532 3320 1605; x_wconf 90' lang='lat' dir='ltr'><strong>(hoc</strong></span> <span class='ocrx_word' id='word_1_230' title='bbox 3380 1544 3567 1590; x_wconf 88' lang='lat' dir='ltr'><strong>autem</strong></span> <span class='ocrx_word' id='word_1_231' title='bbox 3611 1544 3699 1592; x_wconf 83' lang='lat' dir='ltr'><strong>est</strong></span> 
     </span>
    </p>
   </div>
   <div class='ocr_carea' id='block_1_32' title="bbox 2113 1618 3693 1694">
    <p class='ocr_par' dir='ltr' id='par_1_32' title="bbox 2113 1618 3693 1694">
     <span class='ocr_line' id='line_1_32' title="bbox 2113 1618 3693 1694; baseline 0.006 -21"><span class='ocrx_word' id='word_1_232' title='bbox 2113 1618 2384 1690; x_wconf 87' lang='lat' dir='ltr'><strong>Ecclesia)</strong></span> <span class='ocrx_word' id='word_1_233' title='bbox 2438 1621 2497 1675; x_wconf 88' lang='lat' dir='ltr'><strong>in</strong></span> <span class='ocrx_word' id='word_1_234' title='bbox 2544 1622 2813 1678; x_wconf 80' lang='lat' dir='ltr'><strong>extremis</strong></span> <span class='ocrx_word' id='word_1_235' title='bbox 2858 1626 3205 1694; x_wconf 86' lang='lat' dir='ltr'><strong>temporibus</strong></span> <span class='ocrx_word' id='word_1_236' title='bbox 3248 1642 3371 1681; x_wconf 89' lang='lat' dir='ltr'><strong>eam</strong></span> <span class='ocrx_word' id='word_1_237' title='bbox 3421 1628 3693 1683; x_wconf 81' lang='lat' dir='ltr'><strong>crihrans.</strong></span> 
     </span>
    </p>
   </div>
   <div class='ocr_carea' id='block_1_33' title="bbox 420 1709 2009 1792">
    <p class='ocr_par' dir='ltr' id='par_1_33' title="bbox 420 1720 1996 1792">
     <span class='ocr_line' id='line_1_33' title="bbox 420 1720 1996 1792; baseline 0.001 -15"><span class='ocrx_word' id='word_1_238' title='bbox 420 1721 784 1792; x_wconf 81' lang='lat' dir='ltr'><strong>telligentiam</strong></span> <span class='ocrx_word' id='word_1_239' title='bbox 839 1720 989 1775; x_wconf 88' lang='lat' dir='ltr'><strong>cadit</strong></span> <span class='ocrx_word' id='word_1_240' title='bbox 1037 1736 1302 1791; x_wconf 88' lang='lat' dir='ltr'><strong>serpens,</strong></span> <span class='ocrx_word' id='word_1_241' title='bbox 1344 1738 1472 1777; x_wconf 92' lang='lat' dir='ltr'><strong>cum</strong></span> <span class='ocrx_word' id='word_1_242' title='bbox 1521 1723 1595 1778; x_wconf 91' lang='lat' dir='ltr'><strong>sit</strong></span> <span class='ocrx_word' id='word_1_243' title='bbox 1645 1723 1996 1787; x_wconf 87' lang='lat' dir='ltr'><strong>immortalis,</strong></span> 
     </span>
    </p>
   </div>
   <div class='ocr_carea' id='block_1_34' title="bbox 2113 1709 3698 1792">
    <p class='ocr_par' dir='ltr' id='par_1_34' title="bbox 2113 1709 3698 1783">
     <span class='ocr_line' id='line_1_34' title="bbox 2113 1709 3698 1783; baseline 0.006 -18"><span class='ocrx_word' id='word_1_244' title='bbox 2113 1709 2408 1766; x_wconf 76' lang='lat' dir='ltr'><strong>Calcaneus</strong></span> <span class='ocrx_word' id='word_1_245' title='bbox 2431 1720 2618 1767; x_wconf 90' lang='lat' dir='ltr'><strong>autem</strong></span> <span class='ocrx_word' id='word_1_246' title='bbox 2650 1714 2772 1783; x_wconf 85' lang='lat' dir='ltr'><strong>ejus</strong></span> <span class='ocrx_word' id='word_1_247' title='bbox 2798 1721 2854 1768; x_wconf 90' lang='lat' dir='ltr'><strong>et</strong></span> <span class='ocrx_word' id='word_1_248' title='bbox 2881 1723 3216 1781; x_wconf 80' lang='lat' dir='ltr'><strong>extremum,</strong></span> <span class='ocrx_word' id='word_1_249' title='bbox 3257 1726 3343 1772; x_wconf 88' lang='lat' dir='ltr'><strong>est</strong></span> <span class='ocrx_word' id='word_1_250' title='bbox 3366 1719 3698 1775; x_wconf 84' lang='lat' dir='ltr'><strong>Antichristi</strong></span> 
     </span>
    </p>
   </div>
   <div class='ocr_carea' id='block_1_35' title="bbox 423 1812 2009 1877">
    <p class='ocr_par' dir='ltr' id='par_1_35' title="bbox 423 1812 2009 1877">
     <span class='ocr_line' id='line_1_35' title="bbox 423 1812 2009 1877; baseline 0.001 -10"><span class='ocrx_word' id='word_1_251' title='bbox 423 1819 623 1867; x_wconf 89' lang='lat' dir='ltr'><strong>terram</strong></span> <span class='ocrx_word' id='word_1_252' title='bbox 652 1812 917 1877; x_wconf 85' lang='lat' dir='ltr'><strong>comedit,</strong></span> <span class='ocrx_word' id='word_1_253' title='bbox 940 1813 1200 1868; x_wconf 89' lang='lat' dir='ltr'><strong>omnibus</strong></span> <span class='ocrx_word' id='word_1_254' title='bbox 1229 1813 1430 1870; x_wconf 91' lang='lat' dir='ltr'><strong>diebus</strong></span> <span class='ocrx_word' id='word_1_255' title='bbox 1471 1817 1600 1871; x_wconf 74' lang='lat' dir='ltr'><strong>vitae</strong></span> <span class='ocrx_word' id='word_1_256' title='bbox 1652 1830 1765 1871; x_wconf 71' lang='lat' dir='ltr'><strong>suae</strong></span> <span class='ocrx_word' id='word_1_257' title='bbox 1807 1815 2009 1870; x_wconf 88' lang='lat' dir='ltr'><strong>missus</strong></span> 
     </span>
    </p>
   </div>
   <div class='ocr_carea' id='block_1_36' title="bbox 422 1896 2008 1978">
    <p class='ocr_par' dir='ltr' id='par_1_36' title="bbox 422 1896 2008 1978">
     <span class='ocr_line' id='line_1_36' title="bbox 422 1896 2008 1978; baseline 0.001 -19"><span class='ocrx_word' id='word_1_258' title='bbox 422 1905 480 1959; x_wconf 91' lang='lat' dir='ltr'><strong>in</strong></span> <span class='ocrx_word' id='word_1_259' title='bbox 528 1904 709 1976; x_wconf 82' lang='lat' dir='ltr'><strong>ignem</strong></span> <span class='ocrx_word' id='word_1_260' title='bbox 746 1915 1037 1959; x_wconf 74' lang='lat' dir='ltr'><strong>aeternum.</strong></span> <span class='ocrx_word' id='word_1_261' title='bbox 1086 1896 1163 1960; x_wconf 84' lang='lat' dir='ltr'><strong>De</strong></span> <span class='ocrx_word' id='word_1_262' title='bbox 1216 1904 1336 1975; x_wconf 91' lang='lat' dir='ltr'><strong>ipso</strong></span> <span class='ocrx_word' id='word_1_263' title='bbox 1367 1914 1553 1961; x_wconf 89' lang='lat' dir='ltr'><strong>tamen</strong></span> <span class='ocrx_word' id='word_1_264' title='bbox 1610 1916 1871 1978; x_wconf 90' lang='lat' dir='ltr'><strong>serpente</strong></span> <span class='ocrx_word' id='word_1_265' title='bbox 1911 1906 2008 1977; x_wconf 88' lang='lat' dir='ltr'><strong>qui</strong></span> 
     </span>
    </p>
   </div>
   <div class='ocr_carea' id='block_1_37' title="bbox 421 1992 2008 2069">
    <p class='ocr_par' dir='ltr' id='par_1_37' title="bbox 421 1992 2008 2069">
     <span class='ocr_line' id='line_1_37' title="bbox 421 1992 2008 2069; baseline 0.001 -19"><span class='ocrx_word' id='word_1_266' title='bbox 421 1995 571 2050; x_wconf 88' lang='lat' dir='ltr'><strong>cadit</strong></span> <span class='ocrx_word' id='word_1_267' title='bbox 616 1992 721 2050; x_wconf 87' lang='lat' dir='ltr'><strong>sub</strong></span> <span class='ocrx_word' id='word_1_268' title='bbox 776 1994 1221 2065; x_wconf 86' lang='lat' dir='ltr'><strong>intelligentiam,</strong></span> <span class='ocrx_word' id='word_1_269' title='bbox 1251 1998 1309 2051; x_wconf 87' lang='lat' dir='ltr'><strong>et</strong></span> <span class='ocrx_word' id='word_1_270' title='bbox 1358 1996 1427 2051; x_wconf 92' lang='lat' dir='ltr'><strong>de</strong></span> <span class='ocrx_word' id='word_1_271' title='bbox 1467 1996 1715 2053; x_wconf 87' lang='lat' dir='ltr'><strong>Ecclesia</strong></span> <span class='ocrx_word' id='word_1_272' title='bbox 1764 1998 2008 2069; x_wconf 80' lang='lat' dir='ltr'><strong>intellige</strong></span> 
     </span>
    </p>
   </div>
   <div class='ocr_carea' id='block_1_38' title="bbox 422 2085 2009 2156">
    <p class='ocr_par' dir='ltr' id='par_1_38' title="bbox 422 2085 2009 2156">
     <span class='ocr_line' id='line_1_38' title="bbox 422 2085 2009 2156; baseline 0.003 -16"><span class='ocrx_word' id='word_1_273' title='bbox 422 2085 671 2141; x_wconf 87' lang='lat' dir='ltr'><strong>divinum</strong></span> <span class='ocrx_word' id='word_1_274' title='bbox 723 2086 1006 2156; x_wconf 86' lang='lat' dir='ltr'><strong>eloquium</strong></span> <span class='ocrx_word' id='word_1_275' title='bbox 1053 2088 1202 2156; x_wconf 89' lang='lat' dir='ltr'><strong>quod</strong></span> <span class='ocrx_word' id='word_1_276' title='bbox 1233 2088 1371 2143; x_wconf 90' lang='lat' dir='ltr'><strong>dicit</strong></span> <span class='ocrx_word' id='word_1_277' title='bbox 1404 2107 1417 2143; x_wconf 91' lang='lat'><strong>:</strong></span> <span class='ocrx_word' id='word_1_278' title='bbox 1458 2089 1667 2144; x_wconf 73' lang='lat' dir='ltr'><strong>Ponant</strong></span> <span class='ocrx_word' id='word_1_279' title='bbox 1705 2091 2009 2145; x_wconf 82' lang='lat' dir='ltr'><strong>inimicitias</strong></span> 
     </span>
    </p>
   </div>
   <div class='ocr_carea' id='block_1_39' title="bbox 421 2179 2009 2254">
    <p class='ocr_par' dir='ltr' id='par_1_39' title="bbox 421 2179 2009 2254">
     <span class='ocr_line' id='line_1_39' title="bbox 421 2179 2009 2254; baseline 0.003 -21"><span class='ocrx_word' id='word_1_280' title='bbox 421 2180 563 2233; x_wconf 85' lang='lat' dir='ltr'><strong>inter</strong></span> <span class='ocrx_word' id='word_1_281' title='bbox 595 2179 880 2235; x_wconf 88' lang='lat' dir='ltr'><strong>diabolum</strong></span> <span class='ocrx_word' id='word_1_282' title='bbox 910 2190 958 2235; x_wconf 87' lang='lat' dir='ltr'><strong>et</strong></span> <span class='ocrx_word' id='word_1_283' title='bbox 1008 2182 1306 2237; x_wconf 73' lang='lat' dir='ltr'><strong>mulierem.</strong></span> <span class='ocrx_word' id='word_1_284' title='bbox 1350 2184 1518 2238; x_wconf 88' lang='lat' dir='ltr'><strong>Beata</strong></span> <span class='ocrx_word' id='word_1_285' title='bbox 1554 2189 1641 2238; x_wconf 89' lang='lat' dir='ltr'><strong>est</strong></span> <span class='ocrx_word' id='word_1_286' title='bbox 1690 2197 1823 2254; x_wconf 90' lang='lat' dir='ltr'><strong>ergo</strong></span> <span class='ocrx_word' id='word_1_287' title='bbox 1858 2183 2009 2238; x_wconf 85' lang='lat' dir='ltr'><strong>inter</strong></span> 
     </span>
    </p>
   </div>
   <div class='ocr_carea' id='block_1_40' title="bbox 421 2272 2011 2333">
    <p class='ocr_par' dir='ltr' id='par_1_40' title="bbox 421 2272 2011 2333">
     <span class='ocr_line' id='line_1_40' title="bbox 421 2272 2011 2333; baseline 0.003 -7"><span class='ocrx_word' id='word_1_288' title='bbox 421 2272 691 2327; x_wconf 88' lang='lat' dir='ltr'><strong>mulieres</strong></span> <span class='ocrx_word' id='word_1_289' title='bbox 710 2273 830 2327; x_wconf 88' lang='lat' dir='ltr'><strong>sola</strong></span> <span class='ocrx_word' id='word_1_290' title='bbox 851 2273 970 2329; x_wconf 69' lang='lat' dir='ltr'><strong>haec</strong></span> <span class='ocrx_word' id='word_1_291' title='bbox 1000 2276 1222 2329; x_wconf 89' lang='lat' dir='ltr'><strong>mulier.</strong></span> <span class='ocrx_word' id='word_1_292' title='bbox 1254 2274 1396 2330; x_wconf 87' lang='lat' dir='ltr'><strong>Hinc</strong></span> <span class='ocrx_word' id='word_1_293' title='bbox 1434 2276 1583 2331; x_wconf 90' lang='lat' dir='ltr'><strong>enim</strong></span> <span class='ocrx_word' id='word_1_294' title='bbox 1607 2274 1874 2333; x_wconf 90' lang='lat' dir='ltr'><strong>discimus</strong></span> <span class='ocrx_word' id='word_1_295' title='bbox 1896 2290 2011 2331; x_wconf 61' lang='grc' dir='ltr'><strong>ηιθ-</strong></span> 
     </span>
    </p>
   </div>
   <div class='ocr_carea' id='block_1_41' title="bbox 421 2355 2011 2432">
    <p class='ocr_par' dir='ltr' id='par_1_41' title="bbox 421 2355 2011 2432">
     <span class='ocr_line' id='line_1_41' title="bbox 421 2355 2011 2432; baseline 0.003 -19"><span class='ocrx_word' id='word_1_296' title='bbox 421 2373 591 2429; x_wconf 85' lang='lat' dir='ltr'><strong>gnum</strong></span> <span class='ocrx_word' id='word_1_297' title='bbox 628 2359 828 2430; x_wconf 85' lang='lat' dir='ltr'><strong>dogma</strong></span> <span class='ocrx_word' id='word_1_298' title='bbox 868 2360 937 2415; x_wconf 90' lang='lat' dir='ltr'><strong>de</strong></span> <span class='ocrx_word' id='word_1_299' title='bbox 955 2362 1094 2430; x_wconf 87' lang='lat' dir='ltr'><strong>ipsa,</strong></span> <span class='ocrx_word' id='word_1_300' title='bbox 1119 2361 1290 2417; x_wconf 84' lang='lat' dir='ltr'><strong>etiam</strong></span> <span class='ocrx_word' id='word_1_301' title='bbox 1318 2362 1454 2432; x_wconf 90' lang='lat' dir='ltr'><strong>ipsis</strong></span> <span class='ocrx_word' id='word_1_302' title='bbox 1478 2362 1634 2418; x_wconf 72' lang='lat' dir='ltr'><strong>cmlis</strong></span> <span class='ocrx_word' id='word_1_303' title='bbox 1652 2355 1932 2422; x_wconf 75' lang='lat' dir='ltr'><strong>excelsius.</strong></span> <span class='ocrx_word' id='word_1_304' title='bbox 1954 2370 2011 2417; x_wconf 84' lang='lat' dir='ltr'><strong>et</strong></span> 
     </span>
    </p>
   </div>
   <div class='ocr_carea' id='block_1_42' title="bbox 422 2450 2008 2531">
    <p class='ocr_par' dir='ltr' id='par_1_42' title="bbox 422 2450 2008 2531">
     <span class='ocr_line' id='line_1_42' title="bbox 422 2450 2008 2531; baseline 0.003 -24"><span class='ocrx_word' id='word_1_305' title='bbox 422 2451 795 2521; x_wconf 67' lang='lat' dir='ltr'><strong>praestantius.</strong></span> <span class='ocrx_word' id='word_1_306' title='bbox 844 2450 1136 2519; x_wconf 82' lang='lat' dir='ltr'><strong>Quodnam</strong></span> <span class='ocrx_word' id='word_1_307' title='bbox 1185 2455 1474 2510; x_wconf 80' lang='lat' dir='ltr'><strong>esthoc?</strong></span> <span class='ocrx_word' id='word_1_308' title='bbox 1507 2455 1642 2510; x_wconf 88' lang='lat' dir='ltr'><strong>Dico</strong></span> <span class='ocrx_word' id='word_1_309' title='bbox 1692 2455 1839 2531; x_wconf 88' lang='lat' dir='ltr'><strong>quod</strong></span> <span class='ocrx_word' id='word_1_310' title='bbox 1892 2456 2008 2511; x_wconf 87' lang='lat' dir='ltr'><strong>sola</strong></span> 
     </span>
    </p>
   </div>
   <div class='ocr_carea' id='block_1_43' title="bbox 422 2542 2009 2614">
    <p class='ocr_par' dir='ltr' id='par_1_43' title="bbox 422 2542 2009 2614">
     <span class='ocr_line' id='line_1_43' title="bbox 422 2542 2009 2614; baseline 0.004 -16"><span class='ocrx_word' id='word_1_311' title='bbox 422 2559 544 2614; x_wconf 70' lang='lat' dir='ltr'><strong>qua:</strong></span> <span class='ocrx_word' id='word_1_312' title='bbox 571 2552 663 2601; x_wconf 86' lang='lat' dir='ltr'><strong>est</strong></span> <span class='ocrx_word' id='word_1_313' title='bbox 684 2542 1131 2601; x_wconf 86' lang='lat' dir='ltr'><strong>Christianorum</strong></span> <span class='ocrx_word' id='word_1_314' title='bbox 1160 2547 1410 2604; x_wconf 86' lang='lat' dir='ltr'><strong>Ecclesia</strong></span> <span class='ocrx_word' id='word_1_315' title='bbox 1434 2546 1677 2612; x_wconf 86' lang='lat' dir='ltr'><strong>Christi,</strong></span> <span class='ocrx_word' id='word_1_316' title='bbox 1708 2557 1793 2603; x_wconf 87' lang='lat' dir='ltr'><strong>est</strong></span> <span class='ocrx_word' id='word_1_317' title='bbox 1829 2547 2009 2604; x_wconf 86' lang='lat' dir='ltr'><strong>hostis</strong></span> 
     </span>
    </p>
   </div>
   <div class='ocr_carea' id='block_1_44' title="bbox 421 2634 2011 2710">
    <p class='ocr_par' dir='ltr' id='par_1_44' title="bbox 421 2634 2011 2710">
     <span class='ocr_line' id='line_1_44' title="bbox 421 2634 2011 2710; baseline 0.002 -18"><span class='ocrx_word' id='word_1_318' title='bbox 421 2641 480 2692; x_wconf 87' lang='lat' dir='ltr'><strong>et</strong></span> <span class='ocrx_word' id='word_1_319' title='bbox 510 2634 736 2691; x_wconf 88' lang='lat' dir='ltr'><strong>inimica</strong></span> <span class='ocrx_word' id='word_1_320' title='bbox 798 2638 1074 2707; x_wconf 83' lang='lat' dir='ltr'><strong>serpenti;</strong></span> <span class='ocrx_word' id='word_1_321' title='bbox 1127 2638 1357 2708; x_wconf 81' lang='lat' dir='ltr'><strong>reliquae</strong></span> <span class='ocrx_word' id='word_1_322' title='bbox 1412 2646 1599 2693; x_wconf 90' lang='lat' dir='ltr'><strong>autem</strong></span> <span class='ocrx_word' id='word_1_323' title='bbox 1642 2653 1835 2694; x_wconf 86' lang='lat' dir='ltr'><strong>omnes</strong></span> <span class='ocrx_word' id='word_1_324' title='bbox 1888 2654 2011 2710; x_wconf 76' lang='lat' dir='ltr'><strong>quae</strong></span> 
     </span>
    </p>
   </div>
   <div class='ocr_carea' id='block_1_45' title="bbox 423 2724 2010 2807">
    <p class='ocr_par' dir='ltr' id='par_1_45' title="bbox 423 2724 2010 2807">
     <span class='ocr_line' id='line_1_45' title="bbox 423 2724 2010 2807; baseline 0.004 -28"><span class='ocrx_word' id='word_1_325' title='bbox 423 2735 554 2780; x_wconf 86' lang='lat' dir='ltr'><strong>sunt</strong></span> <span class='ocrx_word' id='word_1_326' title='bbox 590 2724 649 2780; x_wconf 92' lang='lat' dir='ltr'><strong>in</strong></span> <span class='ocrx_word' id='word_1_327' title='bbox 711 2726 923 2807; x_wconf 82' lang='lat' dir='ltr'><strong>mundo</strong></span> <span class='ocrx_word' id='word_1_328' title='bbox 981 2728 1278 2799; x_wconf 81' lang='lat' dir='ltr'><strong>religiones</strong></span> <span class='ocrx_word' id='word_1_329' title='bbox 1332 2737 1389 2785; x_wconf 90' lang='lat' dir='ltr'><strong>et</strong></span> <span class='ocrx_word' id='word_1_330' title='bbox 1418 2730 1554 2786; x_wconf 89' lang='lat' dir='ltr'><strong>lides</strong></span> <span class='ocrx_word' id='word_1_331' title='bbox 1594 2731 1841 2801; x_wconf 84' lang='lat' dir='ltr'><strong>gentium</strong></span> <span class='ocrx_word' id='word_1_332' title='bbox 1877 2731 2010 2801; x_wconf 84' lang='lat' dir='ltr'><strong>(tam</strong></span> 
     </span>
    </p>
   </div>
   <div class='ocr_carea' id='block_1_46' title="bbox 421 2813 2011 2891">
    <p class='ocr_par' dir='ltr' id='par_1_46' title="bbox 421 2813 2011 2891">
     <span class='ocr_line' id='line_1_46' title="bbox 421 2813 2011 2891; baseline 0.003 -19"><span class='ocrx_word' id='word_1_333' title='bbox 421 2813 739 2872; x_wconf 74' lang='lat' dir='ltr'><strong>Judteorum</strong></span> <span class='ocrx_word' id='word_1_334' title='bbox 762 2833 927 2888; x_wconf 89' lang='lat' dir='ltr'><strong>quam</strong></span> <span class='ocrx_word' id='word_1_335' title='bbox 950 2818 1341 2891; x_wconf 81' lang='lat' dir='ltr'><strong>Barbarorum)</strong></span> <span class='ocrx_word' id='word_1_336' title='bbox 1369 2829 1500 2875; x_wconf 91' lang='lat' dir='ltr'><strong>sunt</strong></span> <span class='ocrx_word' id='word_1_337' title='bbox 1515 2821 1705 2877; x_wconf 66' lang='lat' dir='ltr'><strong>amice</strong></span> <span class='ocrx_word' id='word_1_338' title='bbox 1727 2828 1784 2876; x_wconf 90' lang='lat' dir='ltr'><strong>et</strong></span> <span class='ocrx_word' id='word_1_339' title='bbox 1806 2831 2011 2877; x_wconf 87' lang='lat' dir='ltr'><strong>contu-</strong></span> 
     </span>
    </p>
   </div>
   <div class='ocr_carea' id='block_1_47' title="bbox 425 2907 2007 2994">
    <p class='ocr_par' dir='ltr' id='par_1_47' title="bbox 425 2907 2007 2994">
     <span class='ocr_line' id='line_1_47' title="bbox 425 2907 2007 2994; baseline 0.003 -31"><span class='ocrx_word' id='word_1_340' title='bbox 425 2907 703 2973; x_wconf 80' lang='lat' dir='ltr'><strong>bernales,</strong></span> <span class='ocrx_word' id='word_1_341' title='bbox 729 2917 787 2965; x_wconf 91' lang='lat' dir='ltr'><strong>et</strong></span> <span class='ocrx_word' id='word_1_342' title='bbox 812 2911 1099 2982; x_wconf 82' lang='lat' dir='ltr'><strong>conjuges,</strong></span> <span class='ocrx_word' id='word_1_343' title='bbox 1121 2920 1177 2967; x_wconf 86' lang='lat' dir='ltr'><strong>et</strong></span> <span class='ocrx_word' id='word_1_344' title='bbox 1200 2913 1441 2983; x_wconf 60' lang='lat' dir='ltr'><strong>propria;</strong></span> <span class='ocrx_word' id='word_1_345' title='bbox 1472 2912 1679 2968; x_wconf 89' lang='lat' dir='ltr'><strong>diaboli</strong></span> <span class='ocrx_word' id='word_1_346' title='bbox 1700 2913 2007 2994; x_wconf 88' lang='lat' dir='ltr'><strong>serpentis:</strong></span> 
     </span>
    </p>
   </div>
   <div class='ocr_carea' id='block_1_48' title="bbox 421 3004 2010 3074">
    <p class='ocr_par' dir='ltr' id='par_1_48' title="bbox 421 3004 2010 3074">
     <span class='ocr_line' id='line_1_48' title="bbox 421 3004 2010 3074; baseline 0.003 -19"><span class='ocrx_word' id='word_1_347' title='bbox 421 3013 493 3055; x_wconf 78' lang='lat' dir='ltr'><strong>ex</strong></span> <span class='ocrx_word' id='word_1_348' title='bbox 528 3016 597 3055; x_wconf 92' lang='lat' dir='ltr'><strong>eo</strong></span> <span class='ocrx_word' id='word_1_349' title='bbox 629 3010 790 3067; x_wconf 82' lang='lat' dir='ltr'><strong>natae,</strong></span> <span class='ocrx_word' id='word_1_350' title='bbox 823 3009 881 3058; x_wconf 88' lang='lat' dir='ltr'><strong>et</strong></span> <span class='ocrx_word' id='word_1_351' title='bbox 916 3017 1042 3072; x_wconf 67' lang='lat' dir='ltr'><strong>quae</strong></span> <span class='ocrx_word' id='word_1_352' title='bbox 1070 3019 1139 3057; x_wconf 84' lang='lat' dir='ltr'><strong>ex</strong></span> <span class='ocrx_word' id='word_1_353' title='bbox 1175 3017 1245 3058; x_wconf 87' lang='lat' dir='ltr'><strong>eo</strong></span> <span class='ocrx_word' id='word_1_354' title='bbox 1283 3012 1662 3074; x_wconf 74' lang='lat' dir='ltr'><strong>conceperant</strong></span> <span class='ocrx_word' id='word_1_355' title='bbox 1690 3004 2010 3059; x_wconf 87' lang='lat' dir='ltr'><strong>malum.se-</strong></span> 
     </span>
    </p>
   </div>
   <div class='ocr_carea' id='block_1_49' title="bbox 423 3093 2008 3167">
    <p class='ocr_par' dir='ltr' id='par_1_49' title="bbox 423 3093 2008 3167">
     <span class='ocr_line' id='line_1_49' title="bbox 423 3093 2008 3167; baseline 0.003 -21"><span class='ocrx_word' id='word_1_356' title='bbox 423 3107 550 3147; x_wconf 90' lang='lat' dir='ltr'><strong>men</strong></span> <span class='ocrx_word' id='word_1_357' title='bbox 576 3095 1049 3150; x_wconf 79' lang='lat' dir='ltr'><strong>exsecrandorum</strong></span> <span class='ocrx_word' id='word_1_358' title='bbox 1087 3093 1429 3167; x_wconf 87' lang='lat' dir='ltr'><strong>dogmatum,</strong></span> <span class='ocrx_word' id='word_1_359' title='bbox 1476 3098 1614 3152; x_wconf 91' lang='lat' dir='ltr'><strong>adeo</strong></span> <span class='ocrx_word' id='word_1_360' title='bbox 1650 3105 1712 3152; x_wconf 87' lang='lat' dir='ltr'><strong>ut</strong></span> <span class='ocrx_word' id='word_1_361' title='bbox 1749 3097 1831 3152; x_wconf 90' lang='lat' dir='ltr'><strong>eis</strong></span> <span class='ocrx_word' id='word_1_362' title='bbox 1864 3096 2008 3151; x_wconf 89' lang='lat' dir='ltr'><strong>idem</strong></span> 
     </span>
    </p>
   </div>
   <div class='ocr_carea' id='block_1_50' title="bbox 422 3184 2012 3266">
    <p class='ocr_par' dir='ltr' id='par_1_50' title="bbox 422 3184 2012 3266">
     <span class='ocr_line' id='line_1_50' title="bbox 422 3184 2012 3266; baseline 0.003 -26"><span class='ocrx_word' id='word_1_363' title='bbox 422 3184 498 3240; x_wconf 80' lang='lat' dir='ltr'><strong>sit</strong></span> <span class='ocrx_word' id='word_1_364' title='bbox 537 3194 595 3240; x_wconf 90' lang='lat' dir='ltr'><strong>et</strong></span> <span class='ocrx_word' id='word_1_365' title='bbox 622 3194 781 3255; x_wconf 81' lang='lat' dir='ltr'><strong>pater</strong></span> <span class='ocrx_word' id='word_1_366' title='bbox 808 3194 866 3240; x_wconf 92' lang='lat' dir='ltr'><strong>et</strong></span> <span class='ocrx_word' id='word_1_367' title='bbox 891 3185 999 3257; x_wconf 85' lang='lat' dir='ltr'><strong>vir,</strong></span> <span class='ocrx_word' id='word_1_368' title='bbox 1031 3187 1127 3257; x_wconf 88' lang='lat' dir='ltr'><strong>qui</strong></span> <span class='ocrx_word' id='word_1_369' title='bbox 1155 3188 1465 3244; x_wconf 76' lang='lat' dir='ltr'><strong>introduxit</strong></span> <span class='ocrx_word' id='word_1_370' title='bbox 1497 3189 1891 3246; x_wconf 86' lang='lat' dir='ltr'><strong>exsecrandam</strong></span> <span class='ocrx_word' id='word_1_371' title='bbox 1922 3191 2012 3266; x_wconf 89' lang='lat' dir='ltr'><strong>sui</strong></span> 
     </span>
    </p>
   </div>
   <div class='ocr_carea' id='block_1_51' title="bbox 422 3276 2012 3352">
    <p class='ocr_par' dir='ltr' id='par_1_51' title="bbox 422 3276 2012 3352">
     <span class='ocr_line' id='line_1_51' title="bbox 422 3276 2012 3352; baseline 0.006 -24"><span class='ocrx_word' id='word_1_372' title='bbox 422 3276 569 3329; x_wconf 89' lang='lat' dir='ltr'><strong>inter</strong></span> <span class='ocrx_word' id='word_1_373' title='bbox 598 3290 657 3329; x_wconf 92' lang='lat' dir='ltr'><strong>se</strong></span> <span class='ocrx_word' id='word_1_374' title='bbox 684 3277 1101 3346; x_wconf 89' lang='lat' dir='ltr'><strong>corruptionem</strong></span> <span class='ocrx_word' id='word_1_375' title='bbox 1143 3294 1157 3331; x_wconf 89' lang='lat'><strong>:</strong></span> <span class='ocrx_word' id='word_1_376' title='bbox 1190 3278 1297 3334; x_wconf 91' lang='lat' dir='ltr'><strong>hoc</strong></span> <span class='ocrx_word' id='word_1_377' title='bbox 1322 3281 1470 3335; x_wconf 87' lang='lat' dir='ltr'><strong>enim</strong></span> <span class='ocrx_word' id='word_1_378' title='bbox 1505 3281 1819 3352; x_wconf 85' lang='lat' dir='ltr'><strong>signiﬁcant</strong></span> <span class='ocrx_word' id='word_1_379' title='bbox 1842 3283 2012 3338; x_wconf 87' lang='lat' dir='ltr'><strong>etiam</strong></span> 
     </span>
    </p>
   </div>
   <div class='ocr_carea' id='block_1_52' title="bbox 420 3364 2012 3443">
    <p class='ocr_par' dir='ltr' id='par_1_52' title="bbox 420 3364 2012 3443">
     <span class='ocr_line' id='line_1_52' title="bbox 420 3364 2012 3443; baseline 0.007 -25"><span class='ocrx_word' id='word_1_380' title='bbox 420 3380 545 3434; x_wconf 71' lang='lat' dir='ltr'><strong>quae</strong></span> <span class='ocrx_word' id='word_1_381' title='bbox 575 3364 841 3436; x_wconf 90' lang='lat' dir='ltr'><strong>deinceps</strong></span> <span class='ocrx_word' id='word_1_382' title='bbox 876 3375 1192 3437; x_wconf 90' lang='lat' dir='ltr'><strong>sequuntur</strong></span> <span class='ocrx_word' id='word_1_383' title='bbox 1219 3369 1316 3425; x_wconf 88' lang='lat' dir='ltr'><strong>Dei</strong></span> <span class='ocrx_word' id='word_1_384' title='bbox 1344 3371 1515 3427; x_wconf 90' lang='lat' dir='ltr'><strong>verba</strong></span> <span class='ocrx_word' id='word_1_385' title='bbox 1555 3372 1624 3427; x_wconf 91' lang='lat' dir='ltr'><strong>ad</strong></span> <span class='ocrx_word' id='word_1_386' title='bbox 1667 3372 1849 3443; x_wconf 89' lang='lat' dir='ltr'><strong>ipsum</strong></span> <span class='ocrx_word' id='word_1_387' title='bbox 1893 3388 2012 3429; x_wconf 85' lang='lat' dir='ltr'><strong>ser-</strong></span> 
     </span>
    </p>
   </div>
   <div class='ocr_carea' id='block_1_53' title="bbox 419 3457 2012 3527">
    <p class='ocr_par' dir='ltr' id='par_1_53' title="bbox 419 3457 2012 3527">
     <span class='ocr_line' id='line_1_53' title="bbox 419 3457 2012 3527; baseline 0.006 -16"><span class='ocrx_word' id='word_1_388' title='bbox 419 3465 666 3527; x_wconf 87' lang='lat' dir='ltr'><strong>pentem.</strong></span> <span class='ocrx_word' id='word_1_389' title='bbox 693 3457 828 3512; x_wconf 86' lang='lat' dir='ltr'><strong>Nam</strong></span> <span class='ocrx_word' id='word_1_390' title='bbox 856 3474 979 3514; x_wconf 88' lang='lat' dir='ltr'><strong>cum</strong></span> <span class='ocrx_word' id='word_1_391' title='bbox 1007 3459 1238 3517; x_wconf 80' lang='lat' dir='ltr'><strong>dixisset</strong></span> <span class='ocrx_word' id='word_1_392' title='bbox 1268 3461 1509 3518; x_wconf 86' lang='lat' dir='ltr'><strong>:Ponam</strong></span> <span class='ocrx_word' id='word_1_393' title='bbox 1534 3465 1842 3521; x_wconf 86' lang='lat' dir='ltr'><strong>inimicitias</strong></span> <span class='ocrx_word' id='word_1_394' title='bbox 1870 3467 2012 3521; x_wconf 87' lang='lat' dir='ltr'><strong>inter</strong></span> 
     </span>
    </p>
   </div>
   <div class='ocr_carea' id='block_1_54' title="bbox 424 3546 2007 3621">
    <p class='ocr_par' dir='ltr' id='par_1_54' title="bbox 424 3546 2007 3621">
     <span class='ocr_line' id='line_1_54' title="bbox 424 3546 2007 3621; baseline 0.009 -24"><span class='ocrx_word' id='word_1_395' title='bbox 424 3553 475 3598; x_wconf 83' lang='lat' dir='ltr'><strong>te</strong></span> <span class='ocrx_word' id='word_1_396' title='bbox 502 3553 554 3598; x_wconf 85' lang='lat' dir='ltr'><strong>et</strong></span> <span class='ocrx_word' id='word_1_397' title='bbox 582 3546 857 3601; x_wconf 83' lang='lat' dir='ltr'><strong>mulierem</strong></span> <span class='ocrx_word' id='word_1_398' title='bbox 877 3589 892 3612; x_wconf 93' lang='lat'><strong>,</strong></span> <span class='ocrx_word' id='word_1_399' title='bbox 924 3549 1242 3621; x_wconf 79' lang='lat' dir='ltr'><strong>subjunx&#39;it,</strong></span> <span class='ocrx_word' id='word_1_400' title='bbox 1271 3551 1466 3608; x_wconf 89' lang='lat' dir='ltr'><strong>dicens</strong></span> <span class='ocrx_word' id='word_1_401' title='bbox 1500 3571 1513 3607; x_wconf 88' lang='lat'><strong>:</strong></span> <span class='ocrx_word' id='word_1_402' title='bbox 1542 3550 1617 3607; x_wconf 83' lang='lat' dir='ltr'><strong>Et</strong></span> <span class='ocrx_word' id='word_1_403' title='bbox 1646 3556 1786 3609; x_wconf 81' lang='lat' dir='ltr'><strong>inter</strong></span> <span class='ocrx_word' id='word_1_404' title='bbox 1830 3570 2007 3612; x_wconf 85' lang='lat' dir='ltr'><strong>semen</strong></span> 
     </span>
    </p>
   </div>
   <div class='ocr_carea' id='block_1_55' title="bbox 422 3636 2008 3722">
    <p class='ocr_par' dir='ltr' id='par_1_55' title="bbox 422 3636 2008 3722">
     <span class='ocr_line' id='line_1_55' title="bbox 422 3636 2008 3722; baseline 0.011 -33"><span class='ocrx_word' id='word_1_405' title='bbox 422 3637 559 3708; x_wconf 81' lang='lat' dir='ltr'><strong>ejus.</strong></span> <span class='ocrx_word' id='word_1_406' title='bbox 600 3636 766 3709; x_wconf 83' lang='lat' dir='ltr'><strong>Atqui</strong></span> <span class='ocrx_word' id='word_1_407' title='bbox 820 3640 1057 3696; x_wconf 88' lang='lat' dir='ltr'><strong>debebat</strong></span> <span class='ocrx_word' id='word_1_408' title='bbox 1093 3643 1280 3699; x_wconf 91' lang='lat' dir='ltr'><strong>dicere</strong></span> <span class='ocrx_word' id='word_1_409' title='bbox 1317 3661 1332 3698; x_wconf 90' lang='lat'><strong>:</strong></span> <span class='ocrx_word' id='word_1_410' title='bbox 1382 3645 1453 3700; x_wconf 85' lang='lat' dir='ltr'><strong>Et</strong></span> <span class='ocrx_word' id='word_1_411' title='bbox 1482 3647 1622 3701; x_wconf 86' lang='lat' dir='ltr'><strong>inter</strong></span> <span class='ocrx_word' id='word_1_412' title='bbox 1663 3648 1802 3717; x_wconf 81' lang='lat' dir='ltr'><strong>fetus</strong></span> <span class='ocrx_word' id='word_1_413' title='bbox 1851 3652 2008 3722; x_wconf 88' lang='lat' dir='ltr'><strong>ejus:</strong></span> 
     </span>
    </p>
   </div>
   <div class='ocr_carea' id='block_1_56' title="bbox 422 3728 2009 3812">
    <p class='ocr_par' dir='ltr' id='par_1_56' title="bbox 422 3728 2009 3812">
     <span class='ocr_line' id='line_1_56' title="bbox 422 3728 2009 3812; baseline 0.009 -29"><span class='ocrx_word' id='word_1_414' title='bbox 422 3728 468 3783; x_wconf 90' lang='lat' dir='ltr'><strong>si</strong></span> <span class='ocrx_word' id='word_1_415' title='bbox 503 3728 571 3783; x_wconf 88' lang='lat' dir='ltr'><strong>ad</strong></span> <span class='ocrx_word' id='word_1_416' title='bbox 607 3732 950 3801; x_wconf 88' lang='lat' dir='ltr'><strong>corporalem</strong></span> <span class='ocrx_word' id='word_1_417' title='bbox 983 3745 1301 3806; x_wconf 90' lang='lat' dir='ltr'><strong>serpentem</strong></span> <span class='ocrx_word' id='word_1_418' title='bbox 1327 3746 1385 3791; x_wconf 91' lang='lat' dir='ltr'><strong>et</strong></span> <span class='ocrx_word' id='word_1_419' title='bbox 1410 3738 1700 3794; x_wconf 91' lang='lat' dir='ltr'><strong>mulierem</strong></span> <span class='ocrx_word' id='word_1_420' title='bbox 1738 3745 2009 3812; x_wconf 86' lang='lat' dir='ltr'><strong>corpora-</strong></span> 
     </span>
    </p>
   </div>
   <div class='ocr_carea' id='block_1_57' title="bbox 420 3821 2009 3919">
    <p class='ocr_par' dir='ltr' id='par_1_57' title="bbox 420 3821 2009 3919">
     <span class='ocr_line' id='line_1_57' title="bbox 420 3821 2009 3919; baseline 0.008 -42"><span class='ocrx_word' id='word_1_421' title='bbox 420 3821 532 3877; x_wconf 91' lang='lat' dir='ltr'><strong>lem</strong></span> <span class='ocrx_word' id='word_1_422' title='bbox 565 3824 737 3879; x_wconf 90' lang='lat' dir='ltr'><strong>solam</strong></span> <span class='ocrx_word' id='word_1_423' title='bbox 775 3834 1073 3909; x_wconf 72' lang='lat' dir='ltr'><strong>essentea</strong></span> <span class='ocrx_word' id='word_1_424' title='bbox 1128 3844 1270 3919; x_wconf 49' lang='lat' dir='ltr'><strong>quze‘</strong></span> <span class='ocrx_word' id='word_1_425' title='bbox 1295 3829 1580 3904; x_wconf 86' lang='lat' dir='ltr'><strong>dicuntur.</strong></span> <span class='ocrx_word' id='word_1_426' title='bbox 1632 3828 1830 3890; x_wconf 83' lang='lat' dir='ltr'><strong>Mulier</strong></span> <span class='ocrx_word' id='word_1_427' title='bbox 1860 3836 2009 3890; x_wconf 91' lang='lat' dir='ltr'><strong>enim</strong></span> 
     </span>
    </p>
   </div>
   <div class='ocr_carea' id='block_1_58' title="bbox 421 3916 2007 3995">
    <p class='ocr_par' dir='ltr' id='par_1_58' title="bbox 421 3916 2007 3995">
     <span class='ocr_line' id='line_1_58' title="bbox 421 3916 2007 3995; baseline 0.009 -28"><span class='ocrx_word' id='word_1_428' title='bbox 421 3928 535 3968; x_wconf 90' lang='lat' dir='ltr'><strong>non</strong></span> <span class='ocrx_word' id='word_1_429' title='bbox 574 3916 780 3970; x_wconf 89' lang='lat' dir='ltr'><strong>emittit</strong></span> <span class='ocrx_word' id='word_1_430' title='bbox 819 3932 1038 3982; x_wconf 90' lang='lat' dir='ltr'><strong>semen;</strong></span> <span class='ocrx_word' id='word_1_431' title='bbox 1073 3919 1169 3974; x_wconf 91' lang='lat' dir='ltr'><strong>sed</strong></span> <span class='ocrx_word' id='word_1_432' title='bbox 1217 3916 1342 3974; x_wconf 81' lang='lat' dir='ltr'><strong>curn</strong></span> <span class='ocrx_word' id='word_1_433' title='bbox 1372 3923 1687 3992; x_wconf 87' lang='lat' dir='ltr'><strong>acceperit,</strong></span> <span class='ocrx_word' id='word_1_434' title='bbox 1730 3925 1876 3995; x_wconf 89' lang='lat' dir='ltr'><strong>parit</strong></span> <span class='ocrx_word' id='word_1_435' title='bbox 1923 3925 2007 3982; x_wconf 84' lang='lat' dir='ltr'><strong>fe-</strong></span> 
     </span>
    </p>
   </div>
   <div class='ocr_carea' id='block_1_59' title="bbox 422 4002 2012 4088">
    <p class='ocr_par' dir='ltr' id='par_1_59' title="bbox 422 4002 2012 4088">
     <span class='ocr_line' id='line_1_59' title="bbox 422 4002 2012 4088; baseline 0.01 -30"><span class='ocrx_word' id='word_1_436' title='bbox 422 4011 564 4060; x_wconf 84' lang='lat' dir='ltr'><strong>tum.</strong></span> <span class='ocrx_word' id='word_1_437' title='bbox 598 4007 822 4063; x_wconf 86' lang='lat' dir='ltr'><strong>Semina</strong></span> <span class='ocrx_word' id='word_1_438' title='bbox 873 4024 1005 4081; x_wconf 82' lang='lat' dir='ltr'><strong>ergo</strong></span> <span class='ocrx_word' id='word_1_439' title='bbox 1055 4010 1320 4067; x_wconf 67' lang='lat' dir='ltr'><strong>Ecclesiae</strong></span> <span class='ocrx_word' id='word_1_440' title='bbox 1367 4022 1499 4068; x_wconf 90' lang='lat' dir='ltr'><strong>sunt</strong></span> <span class='ocrx_word' id='word_1_441' title='bbox 1536 4015 1628 4085; x_wconf 89' lang='lat' dir='ltr'><strong>pia</strong></span> <span class='ocrx_word' id='word_1_442' title='bbox 1656 4002 1927 4088; x_wconf 80' lang='lat' dir='ltr'><strong>dogmata</strong></span> <span class='ocrx_word' id='word_1_443' title='bbox 1952 4030 2012 4074; x_wconf 89' lang='lat' dir='ltr'><strong>et</strong></span> 
     </span>
    </p>
   </div>
   <div class='ocr_carea' id='block_1_60' title="bbox 422 4095 2006 4175">
    <p class='ocr_par' dir='ltr' id='par_1_60' title="bbox 422 4095 2006 4175">
     <span class='ocr_line' id='line_1_60' title="bbox 422 4095 2006 4175; baseline 0.011 -25"><span class='ocrx_word' id='word_1_444' title='bbox 422 4095 733 4166; x_wconf 66' lang='lat' dir='ltr'><strong>disciplinae</strong></span> <span class='ocrx_word' id='word_1_445' title='bbox 769 4110 905 4169; x_wconf 82' lang='lat' dir='ltr'><strong>quas</strong></span> <span class='ocrx_word' id='word_1_446' title='bbox 963 4102 1255 4158; x_wconf 85' lang='lat' dir='ltr'><strong>seminavit</strong></span> <span class='ocrx_word' id='word_1_447' title='bbox 1309 4104 1400 4160; x_wconf 87' lang='lat' dir='ltr'><strong>ille</strong></span> <span class='ocrx_word' id='word_1_448' title='bbox 1429 4107 1704 4175; x_wconf 83' lang='lat' dir='ltr'><strong>agricola,</strong></span> <span class='ocrx_word' id='word_1_449' title='bbox 1758 4109 1950 4166; x_wconf 90' lang='lat' dir='ltr'><strong>dicens</strong></span> <span class='ocrx_word' id='word_1_450' title='bbox 1990 4129 2006 4167; x_wconf 90' lang='lat'><strong>:</strong></span> 
     </span>
    </p>
   </div>
   <div class='ocr_carea' id='block_1_61' title="bbox 421 4184 2009 4272">
    <p class='ocr_par' dir='ltr' id='par_1_61' title="bbox 421 4184 2009 4272">
     <span class='ocr_line' id='line_1_61' title="bbox 421 4184 2009 4272; baseline 0.01 -31"><span class='ocrx_word' id='word_1_451' title='bbox 421 4186 572 4241; x_wconf 74' lang='lat' dir='ltr'><strong>Exiit</strong></span> <span class='ocrx_word' id='word_1_452' title='bbox 606 4191 697 4259; x_wconf 85' lang='lat' dir='ltr'><strong>qui</strong></span> <span class='ocrx_word' id='word_1_453' title='bbox 723 4192 951 4246; x_wconf 78' lang='lat' dir='ltr'><strong>seminat</strong></span> <span class='ocrx_word' id='word_1_454' title='bbox 980 4193 1049 4247; x_wconf 84' lang='lat' dir='ltr'><strong>ad</strong></span> <span class='ocrx_word' id='word_1_455' title='bbox 1070 4194 1525 4250; x_wconf 74' lang='lat' dir='ltr'><strong>seminandum“.</strong></span> <span class='ocrx_word' id='word_1_456' title='bbox 1552 4184 1765 4255; x_wconf 75' lang='lat' dir='ltr'><strong>Rursus</strong></span> <span class='ocrx_word' id='word_1_457' title='bbox 1781 4216 2009 4272; x_wconf 83' lang='lat' dir='ltr'><strong>serpen-</strong></span> 
     </span>
    </p>
   </div>
   <div class='ocr_carea' id='block_1_62' title="bbox 424 4277 2010 4357">
    <p class='ocr_par' dir='ltr' id='par_1_62' title="bbox 424 4277 2010 4357">
     <span class='ocr_line' id='line_1_62' title="bbox 424 4277 2010 4357; baseline 0.011 -26"><span class='ocrx_word' id='word_1_458' title='bbox 424 4277 495 4332; x_wconf 92' lang='lat' dir='ltr'><strong>tis</strong></span> <span class='ocrx_word' id='word_1_459' title='bbox 517 4288 647 4334; x_wconf 90' lang='lat' dir='ltr'><strong>sunt</strong></span> <span class='ocrx_word' id='word_1_460' title='bbox 670 4281 810 4335; x_wconf 89' lang='lat' dir='ltr'><strong>mala</strong></span> <span class='ocrx_word' id='word_1_461' title='bbox 840 4282 1050 4337; x_wconf 85' lang='lat' dir='ltr'><strong>semina</strong></span> <span class='ocrx_word' id='word_1_462' title='bbox 1081 4293 1137 4338; x_wconf 90' lang='lat' dir='ltr'><strong>et</strong></span> <span class='ocrx_word' id='word_1_463' title='bbox 1161 4284 1349 4355; x_wconf 83' lang='lat' dir='ltr'><strong>impia,</strong></span> <span class='ocrx_word' id='word_1_464' title='bbox 1382 4285 1767 4344; x_wconf 83' lang='lat' dir='ltr'><strong>haereticorum</strong></span> <span class='ocrx_word' id='word_1_465' title='bbox 1799 4291 2010 4357; x_wconf 77' lang='lat' dir='ltr'><strong>zizania</strong></span> 
     </span>
    </p>
   </div>
   <div class='ocr_carea' id='block_1_63' title="bbox 2108 1804 3696 1881">
    <p class='ocr_par' dir='ltr' id='par_1_63' title="bbox 2108 1804 3696 1881">
     <span class='ocr_line' id='line_1_63' title="bbox 2108 1804 3696 1881; baseline 0.006 -23"><span class='ocrx_word' id='word_1_466' title='bbox 2108 1805 2402 1876; x_wconf 79' lang='lat' dir='ltr'><strong>praesentia</strong></span> <span class='ocrx_word' id='word_1_467' title='bbox 2428 1816 2554 1874; x_wconf 83' lang='lat' dir='ltr'><strong>quae</strong></span> <span class='ocrx_word' id='word_1_468' title='bbox 2594 1804 2783 1860; x_wconf 76' lang='lat' dir='ltr'><strong>futura</strong></span> <span class='ocrx_word' id='word_1_469' title='bbox 2815 1814 2903 1862; x_wconf 89' lang='lat' dir='ltr'><strong>est</strong></span> <span class='ocrx_word' id='word_1_470' title='bbox 2930 1807 2986 1861; x_wconf 83' lang='lat' dir='ltr'><strong>in</strong></span> <span class='ocrx_word' id='word_1_471' title='bbox 3014 1808 3281 1864; x_wconf 80' lang='lat' dir='ltr'><strong>extremis</strong></span> <span class='ocrx_word' id='word_1_472' title='bbox 3315 1811 3696 1881; x_wconf 83' lang='lat' dir='ltr'><strong>temporibus;</strong></span> 
     </span>
    </p>
   </div>
   <div class='ocr_carea' id='block_1_64' title="bbox 2108 1896 3702 1971">
    <p class='ocr_par' dir='ltr' id='par_1_64' title="bbox 2108 1896 3702 1971">
     <span class='ocr_line' id='line_1_64' title="bbox 2108 1896 3702 1971; baseline 0.007 -21"><span class='ocrx_word' id='word_1_473' title='bbox 2108 1897 2229 1967; x_wconf 90' lang='lat' dir='ltr'><strong>ejus</strong></span> <span class='ocrx_word' id='word_1_474' title='bbox 2259 1897 2408 1951; x_wconf 81' lang='lat' dir='ltr'><strong>enim</strong></span> <span class='ocrx_word' id='word_1_475' title='bbox 2442 1906 2664 1969; x_wconf 90' lang='lat' dir='ltr'><strong>tempus</strong></span> <span class='ocrx_word' id='word_1_476' title='bbox 2692 1896 2955 1955; x_wconf 79' lang='lat' dir='ltr'><strong>observat</strong></span> <span class='ocrx_word' id='word_1_477' title='bbox 2983 1906 3042 1956; x_wconf 89' lang='lat' dir='ltr'><strong>et</strong></span> <span class='ocrx_word' id='word_1_478' title='bbox 3064 1910 3351 1971; x_wconf 81' lang='lat' dir='ltr'><strong>exspectat</strong></span> <span class='ocrx_word' id='word_1_479' title='bbox 3373 1905 3554 1960; x_wconf 87' lang='lat' dir='ltr'><strong>malus</strong></span> <span class='ocrx_word' id='word_1_480' title='bbox 3582 1921 3702 1961; x_wconf 88' lang='lat' dir='ltr'><strong>ser-</strong></span> 
     </span>
    </p>
   </div>
   <div class='ocr_carea' id='block_1_65' title="bbox 2108 1994 3699 2069">
    <p class='ocr_par' dir='ltr' id='par_1_65' title="bbox 2108 1994 3699 2069">
     <span class='ocr_line' id='line_1_65' title="bbox 2108 1994 3699 2069; baseline 0.007 -27"><span class='ocrx_word' id='word_1_481' title='bbox 2108 2004 2267 2060; x_wconf 89' lang='lat' dir='ltr'><strong>pens,</strong></span> <span class='ocrx_word' id='word_1_482' title='bbox 2318 2004 2430 2059; x_wconf 92' lang='lat' dir='ltr'><strong>quo</strong></span> <span class='ocrx_word' id='word_1_483' title='bbox 2466 1998 2662 2069; x_wconf 2' lang='lat' dir='ltr'><strong>putetur</strong></span> <span class='ocrx_word' id='word_1_484' title='bbox 2704 1996 2965 2062; x_wconf 85' lang='lat' dir='ltr'><strong>tanquam</strong></span> <span class='ocrx_word' id='word_1_485' title='bbox 3013 1994 3412 2064; x_wconf 89' lang='lat' dir='ltr'><strong>instrumento,</strong></span> <span class='ocrx_word' id='word_1_486' title='bbox 3459 1997 3530 2051; x_wconf 91' lang='lat' dir='ltr'><strong>ad</strong></span> <span class='ocrx_word' id='word_1_487' title='bbox 3565 2013 3699 2069; x_wconf 86' lang='lat' dir='ltr'><strong>sup-</strong></span> 
     </span>
    </p>
   </div>
   <div class='ocr_carea' id='block_1_66' title="bbox 2108 2068 3699 2160">
    <p class='ocr_par' dir='ltr' id='par_1_66' title="bbox 2108 2068 3699 2160">
     <span class='ocr_line' id='line_1_66' title="bbox 2108 2068 3699 2160; baseline 0.008 -29"><span class='ocrx_word' id='word_1_488' title='bbox 2108 2068 2469 2147; x_wconf 87' lang='lat' dir='ltr'><strong>plantandum</strong></span> <span class='ocrx_word' id='word_1_489' title='bbox 2505 2088 2704 2136; x_wconf 86' lang='lat' dir='ltr'><strong>rursus</strong></span> <span class='ocrx_word' id='word_1_490' title='bbox 2742 2098 2844 2152; x_wconf 89' lang='lat' dir='ltr'><strong>per</strong></span> <span class='ocrx_word' id='word_1_491' title='bbox 2890 2083 3076 2138; x_wconf 90' lang='lat' dir='ltr'><strong>cibum</strong></span> <span class='ocrx_word' id='word_1_492' title='bbox 3109 2084 3418 2142; x_wconf 87' lang='lat' dir='ltr'><strong>Ecclesiam</strong></span> <span class='ocrx_word' id='word_1_493' title='bbox 3465 2106 3477 2142; x_wconf 90' lang='lat'>:</span> <span class='ocrx_word' id='word_1_494' title='bbox 3528 2068 3699 2160; x_wconf 88' lang='lat' dir='ltr'><strong>idque</strong></span> 
     </span>
    </p>
   </div>
   <div class='ocr_carea' id='block_1_67' title="bbox 2110 2171 3704 2240">
    <p class='ocr_par' dir='ltr' id='par_1_67' title="bbox 2110 2171 3704 2240">
     <span class='ocr_line' id='line_1_67' title="bbox 2110 2171 3704 2240; baseline 0.008 -17"><span class='ocrx_word' id='word_1_495' title='bbox 2110 2185 2237 2224; x_wconf 89' lang='lat' dir='ltr'><strong>cum</strong></span> <span class='ocrx_word' id='word_1_496' title='bbox 2291 2180 2421 2226; x_wconf 91' lang='lat' dir='ltr'><strong>tunc</strong></span> <span class='ocrx_word' id='word_1_497' title='bbox 2465 2173 2538 2227; x_wconf 89' lang='lat' dir='ltr'><strong>sit</strong></span> <span class='ocrx_word' id='word_1_498' title='bbox 2586 2171 2771 2227; x_wconf 79' lang='lat' dir='ltr'><strong>futura</strong></span> <span class='ocrx_word' id='word_1_499' title='bbox 2819 2173 3015 2240; x_wconf 86' lang='lat' dir='ltr'><strong>fames,</strong></span> <span class='ocrx_word' id='word_1_500' title='bbox 3067 2175 3213 2231; x_wconf 88' lang='lat' dir='ltr'><strong>sicut</strong></span> <span class='ocrx_word' id='word_1_501' title='bbox 3245 2178 3415 2233; x_wconf 88' lang='lat' dir='ltr'><strong>etiam</strong></span> <span class='ocrx_word' id='word_1_502' title='bbox 3470 2180 3704 2235; x_wconf 86' lang='lat' dir='ltr'><strong>tradidi-</strong></span> 
     </span>
    </p>
   </div>
   <div class='ocr_carea' id='block_1_68' title="bbox 2111 2260 3704 2334">
    <p class='ocr_par' dir='ltr' id='par_1_68' title="bbox 2111 2260 3704 2334">
     <span class='ocr_line' id='line_1_68' title="bbox 2111 2260 3704 2334; baseline 0.01 -21"><span class='ocrx_word' id='word_1_503' title='bbox 2111 2276 2238 2315; x_wconf 89' lang='lat' dir='ltr'><strong>mus</strong></span> <span class='ocrx_word' id='word_1_504' title='bbox 2277 2260 2332 2314; x_wconf 88' lang='lat' dir='ltr'><strong>in</strong></span> <span class='ocrx_word' id='word_1_505' title='bbox 2379 2262 2526 2316; x_wconf 89' lang='lat' dir='ltr'><strong>libro</strong></span> <span class='ocrx_word' id='word_1_506' title='bbox 2576 2264 2948 2333; x_wconf 70' lang='lat' dir='ltr'><strong>praecedente.</strong></span> <span class='ocrx_word' id='word_1_507' title='bbox 2997 2265 3155 2334; x_wconf 86' lang='lat' dir='ltr'><strong>Quod</strong></span> <span class='ocrx_word' id='word_1_508' title='bbox 3210 2277 3398 2324; x_wconf 89' lang='lat' dir='ltr'><strong>autem</strong></span> <span class='ocrx_word' id='word_1_509' title='bbox 3446 2266 3704 2329; x_wconf 87' lang='lat' dir='ltr'><strong>Christus</strong></span> 
     </span>
    </p>
   </div>
   <div class='ocr_carea' id='block_1_69' title="bbox 2110 2350 3704 2428">
    <p class='ocr_par' dir='ltr' id='par_1_69' title="bbox 2110 2350 3704 2428">
     <span class='ocr_line' id='line_1_69' title="bbox 2110 2350 3704 2428; baseline 0.009 -24"><span class='ocrx_word' id='word_1_510' title='bbox 2110 2350 2282 2406; x_wconf 80' lang='lat' dir='ltr'><strong>fuerit</strong></span> <span class='ocrx_word' id='word_1_511' title='bbox 2319 2361 2509 2407; x_wconf 90' lang='lat' dir='ltr'><strong>custos</strong></span> <span class='ocrx_word' id='word_1_512' title='bbox 2549 2353 2834 2421; x_wconf 80' lang='lat' dir='ltr'><strong>Ecclesiae,</strong></span> <span class='ocrx_word' id='word_1_513' title='bbox 2880 2368 2993 2412; x_wconf 89' lang='lat' dir='ltr'><strong>non</strong></span> <span class='ocrx_word' id='word_1_514' title='bbox 3034 2356 3181 2428; x_wconf 79' lang='lat' dir='ltr'><strong>&#39;opus</strong></span> <span class='ocrx_word' id='word_1_515' title='bbox 3227 2360 3338 2414; x_wconf 88' lang='lat' dir='ltr'><strong>erit</strong></span> <span class='ocrx_word' id='word_1_516' title='bbox 3381 2360 3451 2416; x_wconf 91' lang='lat' dir='ltr'><strong>de</strong></span> <span class='ocrx_word' id='word_1_517' title='bbox 3500 2378 3569 2417; x_wconf 92' lang='lat' dir='ltr'><strong>eo</strong></span> <span class='ocrx_word' id='word_1_518' title='bbox 3596 2363 3704 2418; x_wconf 85' lang='lat' dir='ltr'><strong>alia</strong></span> 
     </span>
    </p>
   </div>
   <div class='ocr_carea' id='block_1_70' title="bbox 2111 2442 3703 2525">
    <p class='ocr_par' dir='ltr' id='par_1_70' title="bbox 2111 2442 3703 2525">
     <span class='ocr_line' id='line_1_70' title="bbox 2111 2442 3703 2525; baseline 0.009 -30"><span class='ocrx_word' id='word_1_519' title='bbox 2111 2442 2308 2511; x_wconf 85' lang='lat' dir='ltr'><strong>majori</strong></span> <span class='ocrx_word' id='word_1_520' title='bbox 2340 2443 2672 2513; x_wconf 84' lang='lat' dir='ltr'><strong>probatione</strong></span> <span class='ocrx_word' id='word_1_521' title='bbox 2714 2460 2882 2517; x_wconf 87' lang='lat' dir='ltr'><strong>quam</strong></span> <span class='ocrx_word' id='word_1_522' title='bbox 2927 2456 2992 2503; x_wconf 89' lang='lat' dir='ltr'><strong>e’a</strong></span> <span class='ocrx_word' id='word_1_523' title='bbox 3025 2449 3143 2504; x_wconf 89' lang='lat' dir='ltr'><strong>sola</strong></span> <span class='ocrx_word' id='word_1_524' title='bbox 3169 2466 3293 2520; x_wconf 77' lang='lat' dir='ltr'><strong>quae</strong></span> <span class='ocrx_word' id='word_1_525' title='bbox 3318 2450 3458 2507; x_wconf 88' lang='lat' dir='ltr'><strong>dicit</strong></span> <span class='ocrx_word' id='word_1_526' title='bbox 3490 2454 3544 2507; x_wconf 91' lang='lat' dir='ltr'><strong>in</strong></span> <span class='ocrx_word' id='word_1_527' title='bbox 3574 2470 3703 2525; x_wconf 84' lang='lat' dir='ltr'><strong>per-</strong></span> 
     </span>
    </p>
   </div>
   <div class='ocr_carea' id='block_1_71' title="bbox 2112 2535 3703 2613">
    <p class='ocr_par' dir='ltr' id='par_1_71' title="bbox 2112 2535 3703 2613">
     <span class='ocr_line' id='line_1_71' title="bbox 2112 2535 3703 2613; baseline 0.008 -24"><span class='ocrx_word' id='word_1_528' title='bbox 2112 2546 2249 2589; x_wconf 87' lang='lat' dir='ltr'><strong>sona</strong></span> <span class='ocrx_word' id='word_1_529' title='bbox 2299 2535 2511 2591; x_wconf 89' lang='lat' dir='ltr'><strong>Christi</strong></span> <span class='ocrx_word' id='word_1_530' title='bbox 2556 2556 2568 2591; x_wconf 89' lang='lat'><strong>:</strong></span> <span class='ocrx_word' id='word_1_531' title='bbox 2610 2538 2680 2592; x_wconf 87' lang='lat' dir='ltr'><strong>Et</strong></span> <span class='ocrx_word' id='word_1_532' title='bbox 2716 2541 2917 2612; x_wconf 86' lang='lat' dir='ltr'><strong>accepit</strong></span> <span class='ocrx_word' id='word_1_533' title='bbox 2957 2538 3212 2596; x_wconf 77' lang='lat' dir='ltr'><strong>Dominus</strong></span> <span class='ocrx_word' id='word_1_534' title='bbox 3243 2542 3382 2598; x_wconf 86' lang='lat' dir='ltr'><strong>Deus</strong></span> <span class='ocrx_word' id='word_1_535' title='bbox 3414 2540 3703 2613; x_wconf 78' lang='lat' dir='ltr'><strong>Adamum,</strong></span> 
     </span>
    </p>
   </div>
   <div class='ocr_carea' id='block_1_72' title="bbox 2111 2630 3704 2708">
    <p class='ocr_par' dir='ltr' id='par_1_72' title="bbox 2111 2630 3704 2708">
     <span class='ocr_line' id='line_1_72' title="bbox 2111 2630 3704 2708; baseline 0.009 -28"><span class='ocrx_word' id='word_1_536' title='bbox 2111 2632 2162 2680; x_wconf 83' lang='lat' dir='ltr'><strong>e‘t</strong></span> <span class='ocrx_word' id='word_1_537' title='bbox 2215 2631 2387 2698; x_wconf 80' lang='lat' dir='ltr'><strong>posuit</strong></span> <span class='ocrx_word' id='word_1_538' title='bbox 2441 2645 2562 2684; x_wconf 91' lang='lat' dir='ltr'><strong>eum</strong></span> <span class='ocrx_word' id='word_1_539' title='bbox 2593 2630 2648 2684; x_wconf 86' lang='lat' dir='ltr'><strong>in</strong></span> <span class='ocrx_word' id='word_1_540' title='bbox 2677 2632 2929 2702; x_wconf 83' lang='lat' dir='ltr'><strong>paradiso</strong></span> <span class='ocrx_word' id='word_1_541' title='bbox 2988 2635 3059 2688; x_wconf 82' lang='lat' dir='ltr'><strong>ad</strong></span> <span class='ocrx_word' id='word_1_542' title='bbox 3105 2651 3226 2689; x_wconf 89' lang='lat' dir='ltr'><strong>eum</strong></span> <span class='ocrx_word' id='word_1_543' title='bbox 3271 2638 3603 2708; x_wconf 77' lang='lat' dir='ltr'><strong>operandam</strong></span> <span class='ocrx_word' id='word_1_544' title='bbox 3655 2650 3704 2695; x_wconf 83' lang='lat' dir='ltr'><strong>et</strong></span> 
     </span>
    </p>
   </div>
   <div class='ocr_carea' id='block_1_73' title="bbox 2111 2718 2533 2775">
    <p class='ocr_par' dir='ltr' id='par_1_73' title="bbox 2111 2718 2533 2775">
     <span class='ocr_line' id='line_1_73' title="bbox 2111 2718 2533 2775; baseline 0.007 -3"><span class='ocrx_word' id='word_1_545' title='bbox 2111 2718 2533 2775; x_wconf 84' lang='lat' dir='ltr'><strong>custodiendum.</strong></span> 
     </span>
    </p>
   </div>
   <div class='ocr_carea' id='block_1_74' title="bbox 2182 2808 3704 2884">
    <p class='ocr_par' dir='ltr' id='par_1_74' title="bbox 2182 2808 3704 2884">
     <span class='ocr_line' id='line_1_74' title="bbox 2182 2808 3704 2884; baseline 0.009 -22"><span class='ocrx_word' id='word_1_546' title='bbox 2182 2808 2250 2862; x_wconf 87' lang='lat' dir='ltr'><strong>Et</strong></span> <span class='ocrx_word' id='word_1_547' title='bbox 2279 2809 2408 2864; x_wconf 91' lang='lat' dir='ltr'><strong>ideo</strong></span> <span class='ocrx_word' id='word_1_548' title='bbox 2443 2811 2629 2880; x_wconf 90' lang='lat' dir='ltr'><strong>posuit</strong></span> <span class='ocrx_word' id='word_1_549' title='bbox 2650 2811 2908 2869; x_wconf 86' lang='lat' dir='ltr'><strong>Christus</strong></span> <span class='ocrx_word' id='word_1_550' title='bbox 2940 2815 3255 2884; x_wconf 87' lang='lat' dir='ltr'><strong>cherubim,</strong></span> <span class='ocrx_word' id='word_1_551' title='bbox 3298 2827 3357 2874; x_wconf 91' lang='lat' dir='ltr'><strong>et</strong></span> <span class='ocrx_word' id='word_1_552' title='bbox 3394 2819 3704 2876; x_wconf 81' lang='lat' dir='ltr'><strong>ﬂammeam</strong></span> 
     </span>
    </p>
   </div>
   <div class='ocr_carea' id='block_1_75' title="bbox 2110 2893 3704 2977">
    <p class='ocr_par' dir='ltr' id='par_1_75' title="bbox 2110 2893 3704 2977">
     <span class='ocr_line' id='line_1_75' title="bbox 2110 2893 3704 2977; baseline 0.007 -22"><span class='ocrx_word' id='word_1_553' title='bbox 2110 2900 2487 2972; x_wconf 75' lang='lat' dir='ltr'><strong>rhomphteam</strong></span> <span class='ocrx_word' id='word_1_554' title='bbox 2513 2893 2994 2977; x_wconf 71' lang='lat' dir='ltr'><strong>vers‘atilem,qu:e</strong></span> <span class='ocrx_word' id='word_1_555' title='bbox 3024 2906 3081 2962; x_wconf 91' lang='lat' dir='ltr'><strong>in</strong></span> <span class='ocrx_word' id='word_1_556' title='bbox 3110 2909 3301 2964; x_wconf 89' lang='lat' dir='ltr'><strong>orbem</strong></span> <span class='ocrx_word' id='word_1_557' title='bbox 3328 2910 3577 2967; x_wconf 89' lang='lat' dir='ltr'><strong>custodit</strong></span> <span class='ocrx_word' id='word_1_558' title='bbox 3599 2914 3704 2969; x_wconf 75' lang='lat' dir='ltr'><strong>Ee-</strong></span> 
     </span>
    </p>
   </div>
   <div class='ocr_carea' id='block_1_76' title="bbox 2112 2990 3706 3073">
    <p class='ocr_par' dir='ltr' id='par_1_76' title="bbox 2112 2990 3706 3073">
     <span class='ocr_line' id='line_1_76' title="bbox 2112 2990 3706 3073; baseline 0.009 -26"><span class='ocrx_word' id='word_1_559' title='bbox 2112 2990 2361 3061; x_wconf 28' lang='lat' dir='ltr'><strong>clesiam‘,</strong></span> <span class='ocrx_word' id='word_1_560' title='bbox 2406 3011 2478 3051; x_wconf 88' lang='lat' dir='ltr'><strong>ne</strong></span> <span class='ocrx_word' id='word_1_561' title='bbox 2512 2996 2661 3051; x_wconf 90' lang='lat' dir='ltr'><strong>intro</strong></span> <span class='ocrx_word' id='word_1_562' title='bbox 2703 2998 2902 3054; x_wconf 91' lang='lat' dir='ltr'><strong>subeat</strong></span> <span class='ocrx_word' id='word_1_563' title='bbox 2930 3011 3098 3071; x_wconf 88' lang='lat' dir='ltr'><strong>caput</strong></span> <span class='ocrx_word' id='word_1_564' title='bbox 3122 3004 3413 3073; x_wconf 84' lang='lat' dir='ltr'><strong>serpentis.</strong></span> <span class='ocrx_word' id='word_1_565' title='bbox 3449 2998 3706 3062; x_wconf 78' lang='lat' dir='ltr'><strong>Fortasse</strong></span> 
     </span>
    </p>
   </div>
   <div class='ocr_carea' id='block_1_77' title="bbox 2113 3088 3702 3161">
    <p class='ocr_par' dir='ltr' id='par_1_77' title="bbox 2113 3088 3702 3161">
     <span class='ocr_line' id='line_1_77' title="bbox 2113 3088 3702 3161; baseline 0.012 -23"><span class='ocrx_word' id='word_1_566' title='bbox 2113 3094 2298 3140; x_wconf 89' lang='lat' dir='ltr'><strong>autem</strong></span> <span class='ocrx_word' id='word_1_567' title='bbox 2349 3103 2542 3144; x_wconf 88' lang='lat' dir='ltr'><strong>rursus</strong></span> <span class='ocrx_word' id='word_1_568' title='bbox 2600 3090 2768 3146; x_wconf 87' lang='lat' dir='ltr'><strong>etiam</strong></span> <span class='ocrx_word' id='word_1_569' title='bbox 2814 3108 2879 3148; x_wconf 92' lang='lat' dir='ltr'><strong>ea</strong></span> <span class='ocrx_word' id='word_1_570' title='bbox 2924 3088 2992 3149; x_wconf 91' lang='lat' dir='ltr'><strong>de</strong></span> <span class='ocrx_word' id='word_1_571' title='bbox 3040 3110 3229 3161; x_wconf 87' lang='lat' dir='ltr'><strong>causa,</strong></span> <span class='ocrx_word' id='word_1_572' title='bbox 3274 3114 3306 3152; x_wconf 88' lang='lat' dir='ltr'><strong>a</strong></span> <span class='ocrx_word' id='word_1_573' title='bbox 3353 3100 3589 3156; x_wconf 89' lang='lat' dir='ltr'><strong>muliere</strong></span> <span class='ocrx_word' id='word_1_574' title='bbox 3635 3103 3702 3156; x_wconf 83' lang='lat' dir='ltr'><strong>ad</strong></span> 
     </span>
    </p>
   </div>
   <div class='ocr_carea' id='block_1_78' title="bbox 2114 3177 3704 3261">
    <p class='ocr_par' dir='ltr' id='par_1_78' title="bbox 2114 3177 3704 3261">
     <span class='ocr_line' id='line_1_78' title="bbox 2114 3177 3704 3261; baseline 0.011 -32"><span class='ocrx_word' id='word_1_575' title='bbox 2114 3177 2299 3231; x_wconf 87' lang='lat' dir='ltr'><strong>virum</strong></span> <span class='ocrx_word' id='word_1_576' title='bbox 2354 3179 2950 3239; x_wconf 83' lang='lat' dir='ltr'><strong>traduxitdictionem</strong></span> <span class='ocrx_word' id='word_1_577' title='bbox 2998 3182 3163 3251; x_wconf 89' lang='lat' dir='ltr'><strong>Deus,</strong></span> <span class='ocrx_word' id='word_1_578' title='bbox 3222 3188 3417 3244; x_wconf 86' lang='lat' dir='ltr'><strong>dicens</strong></span> <span class='ocrx_word' id='word_1_579' title='bbox 3458 3194 3704 3261; x_wconf 88' lang='lat' dir='ltr'><strong>serpenti</strong></span> 
     </span>
    </p>
   </div>
   <div class='ocr_carea' id='block_1_79' title="bbox 2113 3268 3706 3356">
    <p class='ocr_par' dir='ltr' id='par_1_79' title="bbox 2113 3268 3706 3356">
     <span class='ocr_line' id='line_1_79' title="bbox 2113 3268 3706 3356; baseline 0.011 -32"><span class='ocrx_word' id='word_1_580' title='bbox 2113 3269 2184 3325; x_wconf 84' lang='lat' dir='ltr'><strong>de</strong></span> <span class='ocrx_word' id='word_1_581' title='bbox 2229 3268 2459 3327; x_wconf 88' lang='lat' dir='ltr'><strong>Christo</strong></span> <span class='ocrx_word' id='word_1_582' title='bbox 2492 3292 2504 3327; x_wconf 90' lang='lat'><strong>:</strong></span> <span class='ocrx_word' id='word_1_583' title='bbox 2536 3273 2655 3345; x_wconf 85' lang='lat' dir='ltr'><strong>Ipse</strong></span> <span class='ocrx_word' id='word_1_584' title='bbox 2704 3274 2997 3332; x_wconf 82' lang='lat' dir='ltr'><strong>observabit</strong></span> <span class='ocrx_word' id='word_1_585' title='bbox 3036 3293 3195 3349; x_wconf 87' lang='lat' dir='ltr'><strong>caput</strong></span> <span class='ocrx_word' id='word_1_586' title='bbox 3230 3289 3377 3337; x_wconf 86' lang='lat' dir='ltr'><strong>tuum</strong></span> <span class='ocrx_word' id='word_1_587' title='bbox 3414 3300 3433 3339; x_wconf 90' lang='lat'><strong><em>:</em></strong></span> <span class='ocrx_word' id='word_1_588' title='bbox 3477 3296 3706 3356; x_wconf 85' lang='lat' dir='ltr'><strong>propter</strong></span> 
     </span>
    </p>
   </div>
   <div class='ocr_carea' id='block_1_80' title="bbox 2113 3368 3708 3445">
    <p class='ocr_par' dir='ltr' id='par_1_80' title="bbox 2113 3368 3708 3445">
     <span class='ocr_line' id='line_1_80' title="bbox 2113 3368 3708 3445; baseline 0.009 -25"><span class='ocrx_word' id='word_1_589' title='bbox 2113 3380 2309 3421; x_wconf 88' lang='lat' dir='ltr'><strong>vocem</strong></span> <span class='ocrx_word' id='word_1_590' title='bbox 2359 3368 2511 3425; x_wconf 90' lang='lat' dir='ltr'><strong>illam</strong></span> <span class='ocrx_word' id='word_1_591' title='bbox 2556 3382 2679 3438; x_wconf 86' lang='lat' dir='ltr'><strong>quae</strong></span> <span class='ocrx_word' id='word_1_592' title='bbox 2710 3379 2975 3441; x_wconf 88' lang='lat' dir='ltr'><strong>utrosque</strong></span> <span class='ocrx_word' id='word_1_593' title='bbox 3007 3374 3296 3445; x_wconf 81' lang='lat' dir='ltr'><strong>conjungit</strong></span> <span class='ocrx_word' id='word_1_594' title='bbox 3326 3376 3593 3433; x_wconf 89' lang='lat' dir='ltr'><strong>societate</strong></span> <span class='ocrx_word' id='word_1_595' title='bbox 3620 3379 3708 3433; x_wconf 91' lang='lat' dir='ltr'><strong>di-</strong></span> 
     </span>
    </p>
   </div>
   <div class='ocr_carea' id='block_1_81' title="bbox 2111 3457 3702 3538">
    <p class='ocr_par' dir='ltr' id='par_1_81' title="bbox 2111 3457 3702 3538">
     <span class='ocr_line' id='line_1_81' title="bbox 2111 3457 3702 3538; baseline 0.01 -27"><span class='ocrx_word' id='word_1_596' title='bbox 2111 3472 2248 3513; x_wconf 89' lang='lat' dir='ltr'><strong>cens</strong></span> <span class='ocrx_word' id='word_1_597' title='bbox 2280 3476 2294 3512; x_wconf 90' lang='lat'><strong>:</strong></span> <span class='ocrx_word' id='word_1_598' title='bbox 2324 3457 2401 3513; x_wconf 80' lang='lat' dir='ltr'><strong>Et</strong></span> <span class='ocrx_word' id='word_1_599' title='bbox 2423 3469 2576 3513; x_wconf 85' lang='lat' dir='ltr'><strong>erunt</strong></span> <span class='ocrx_word' id='word_1_600' title='bbox 2602 3465 2705 3515; x_wconf 87' lang='lat' dir='ltr'><strong>duo</strong></span> <span class='ocrx_word' id='word_1_601' title='bbox 2737 3462 2793 3515; x_wconf 83' lang='lat' dir='ltr'><strong>in</strong></span> <span class='ocrx_word' id='word_1_602' title='bbox 2835 3480 2997 3517; x_wconf 86' lang='lat' dir='ltr'><strong>carne</strong></span> <span class='ocrx_word' id='word_1_603' title='bbox 3034 3482 3144 3519; x_wconf 83' lang='lat' dir='ltr'><strong>una</strong></span> <span class='ocrx_word' id='word_1_604' title='bbox 3175 3465 3241 3529; x_wconf 80' lang='grc'><strong>⁸⁸,</strong></span> <span class='ocrx_word' id='word_1_605' title='bbox 3276 3475 3338 3521; x_wconf 90' lang='lat' dir='ltr'><strong>ut</strong></span> <span class='ocrx_word' id='word_1_606' title='bbox 3380 3484 3481 3538; x_wconf 88' lang='lat' dir='ltr'><strong>per</strong></span> <span class='ocrx_word' id='word_1_607' title='bbox 3510 3486 3702 3527; x_wconf 88' lang='lat' dir='ltr'><strong>vocem</strong></span> 
     </span>
    </p>
   </div>
   <div class='ocr_carea' id='block_1_82' title="bbox 2111 3544 3700 3616">
    <p class='ocr_par' dir='ltr' id='par_1_82' title="bbox 2111 3544 3700 3616">
     <span class='ocr_line' id='line_1_82' title="bbox 2111 3544 3700 3616; baseline 0.009 -15"><span class='ocrx_word' id='word_1_608' title='bbox 2111 3544 2435 3604; x_wconf 80' lang='lat' dir='ltr'><strong>femininam</strong></span> <span class='ocrx_word' id='word_1_609' title='bbox 2486 3551 2652 3605; x_wconf 88' lang='lat' dir='ltr'><strong>simul</strong></span> <span class='ocrx_word' id='word_1_610' title='bbox 2682 3566 2747 3605; x_wconf 89' lang='lat' dir='ltr'><strong>ac</strong></span> <span class='ocrx_word' id='word_1_611' title='bbox 2790 3553 3009 3609; x_wconf 82' lang='lat' dir='ltr'><strong>virilem</strong></span> <span class='ocrx_word' id='word_1_612' title='bbox 3041 3571 3145 3610; x_wconf 91' lang='lat' dir='ltr'><strong>nos</strong></span> <span class='ocrx_word' id='word_1_613' title='bbox 3186 3555 3384 3612; x_wconf 86' lang='lat' dir='ltr'><strong>doceat</strong></span> <span class='ocrx_word' id='word_1_614' title='bbox 3416 3558 3700 3616; x_wconf 89' lang='lat' dir='ltr'><strong>Christum</strong></span> 
     </span>
    </p>
   </div>
   <div class='ocr_carea' id='block_1_83' title="bbox 2112 3638 3702 3720">
    <p class='ocr_par' dir='ltr' id='par_1_83' title="bbox 2112 3638 3702 3720">
     <span class='ocr_line' id='line_1_83' title="bbox 2112 3638 3702 3720; baseline 0.008 -27"><span class='ocrx_word' id='word_1_615' title='bbox 2112 3647 2172 3694; x_wconf 90' lang='lat' dir='ltr'><strong>et</strong></span> <span class='ocrx_word' id='word_1_616' title='bbox 2192 3638 2501 3695; x_wconf 90' lang='lat' dir='ltr'><strong>Ecclesiam</strong></span> <span class='ocrx_word' id='word_1_617' title='bbox 2520 3656 2643 3696; x_wconf 92' lang='lat' dir='ltr'><strong>esse</strong></span> <span class='ocrx_word' id='word_1_618' title='bbox 2673 3638 3021 3698; x_wconf 90' lang='lat' dir='ltr'><strong>individuum</strong></span> <span class='ocrx_word' id='word_1_619' title='bbox 3047 3645 3311 3715; x_wconf 88' lang='lat' dir='ltr'><strong>quiddam</strong></span> <span class='ocrx_word' id='word_1_620' title='bbox 3334 3646 3702 3720; x_wconf 87' lang='lat' dir='ltr'><strong>ejusdemque</strong></span> 
     </span>
    </p>
   </div>
   <div class='ocr_carea' id='block_1_84' title="bbox 2113 3732 3703 3808">
    <p class='ocr_par' dir='ltr' id='par_1_84' title="bbox 2113 3732 3703 3808">
     <span class='ocr_line' id='line_1_84' title="bbox 2113 3732 3703 3808; baseline 0.007 -23"><span class='ocrx_word' id='word_1_621' title='bbox 2113 3739 2349 3798; x_wconf 71' lang='lat' dir='ltr'><strong>naturae,</strong></span> <span class='ocrx_word' id='word_1_622' title='bbox 2374 3732 2734 3803; x_wconf 85' lang='lat' dir='ltr'><strong>ejusdemque</strong></span> <span class='ocrx_word' id='word_1_623' title='bbox 2757 3733 2961 3799; x_wconf 89' lang='lat' dir='ltr'><strong>carnis,</strong></span> <span class='ocrx_word' id='word_1_624' title='bbox 2991 3746 3048 3791; x_wconf 91' lang='lat' dir='ltr'><strong>et</strong></span> <span class='ocrx_word' id='word_1_625' title='bbox 3069 3739 3486 3808; x_wconf 87' lang='lat' dir='ltr'><strong>concorporale,</strong></span> <span class='ocrx_word' id='word_1_626' title='bbox 3510 3749 3569 3795; x_wconf 86' lang='lat' dir='ltr'><strong>et</strong></span> <span class='ocrx_word' id='word_1_627' title='bbox 3589 3741 3703 3796; x_wconf 86' lang='lat' dir='ltr'><strong>sin-</strong></span> 
     </span>
    </p>
   </div>
   <div class='ocr_carea' id='block_1_85' title="bbox 2109 3822 3701 3895">
    <p class='ocr_par' dir='ltr' id='par_1_85' title="bbox 2109 3822 3701 3895">
     <span class='ocr_line' id='line_1_85' title="bbox 2109 3822 3701 3895; baseline 0.007 -18"><span class='ocrx_word' id='word_1_628' title='bbox 2109 3822 2319 3894; x_wconf 86' lang='lat' dir='ltr'><strong>gulare.</strong></span> <span class='ocrx_word' id='word_1_629' title='bbox 2352 3822 2632 3879; x_wconf 86' lang='lat' dir='ltr'><strong>Conserva</strong></span> <span class='ocrx_word' id='word_1_630' title='bbox 2656 3825 2816 3889; x_wconf 91' lang='lat' dir='ltr'><strong>mihi,</strong></span> <span class='ocrx_word' id='word_1_631' title='bbox 2842 3841 2876 3881; x_wconf 95' lang='lat' dir='ltr'><strong>o</strong></span> <span class='ocrx_word' id='word_1_632' title='bbox 2900 3825 3081 3881; x_wconf 83' lang='lat' dir='ltr'><strong>ﬁdelis</strong></span> <span class='ocrx_word' id='word_1_633' title='bbox 3100 3837 3158 3883; x_wconf 90' lang='lat' dir='ltr'><strong>et</strong></span> <span class='ocrx_word' id='word_1_634' title='bbox 3180 3844 3336 3885; x_wconf 86' lang='lat' dir='ltr'><strong>sacer</strong></span> <span class='ocrx_word' id='word_1_635' title='bbox 3357 3840 3552 3895; x_wconf 81' lang='lat' dir='ltr'><strong>ccetus,</strong></span> <span class='ocrx_word' id='word_1_636' title='bbox 3584 3834 3701 3888; x_wconf 68' lang='lat' dir='ltr'><strong>haec</strong></span> 
     </span>
    </p>
   </div>
   <div class='ocr_carea' id='block_1_86' title="bbox 2114 3914 3700 3995">
    <p class='ocr_par' dir='ltr' id='par_1_86' title="bbox 2114 3914 3700 3995">
     <span class='ocr_line' id='line_1_86' title="bbox 2114 3914 3700 3995; baseline 0.006 -26"><span class='ocrx_word' id='word_1_637' title='bbox 2114 3914 2338 3969; x_wconf 89' lang='lat' dir='ltr'><strong>assidue</strong></span> <span class='ocrx_word' id='word_1_638' title='bbox 2390 3918 2449 3970; x_wconf 92' lang='lat' dir='ltr'><strong>in</strong></span> <span class='ocrx_word' id='word_1_639' title='bbox 2496 3918 2784 3982; x_wconf 89' lang='lat' dir='ltr'><strong>memoria,</strong></span> <span class='ocrx_word' id='word_1_640' title='bbox 2815 3932 2938 3986; x_wconf 66' lang='lat' dir='ltr'><strong>quae</strong></span> <span class='ocrx_word' id='word_1_641' title='bbox 2967 3914 3113 3972; x_wconf 87' lang='lat' dir='ltr'><strong>dicta</strong></span> <span class='ocrx_word' id='word_1_642' title='bbox 3151 3927 3280 3973; x_wconf 89' lang='lat' dir='ltr'><strong>sunt</strong></span> <span class='ocrx_word' id='word_1_643' title='bbox 3323 3920 3595 3995; x_wconf 87' lang='lat' dir='ltr'><strong>(inquam)</strong></span> <span class='ocrx_word' id='word_1_644' title='bbox 3630 3923 3700 3979; x_wconf 89' lang='lat' dir='ltr'><strong>de</strong></span> 
     </span>
    </p>
   </div>
   <div class='ocr_carea' id='block_1_87' title="bbox 2112 4005 3702 4079">
    <p class='ocr_par' dir='ltr' id='par_1_87' title="bbox 2112 4005 3702 4079">
     <span class='ocr_line' id='line_1_87' title="bbox 2112 4005 3702 4079; baseline 0.007 -19"><span class='ocrx_word' id='word_1_645' title='bbox 2112 4021 2249 4061; x_wconf 89' lang='lat' dir='ltr'><strong>voce</strong></span> <span class='ocrx_word' id='word_1_646' title='bbox 2288 4005 2479 4062; x_wconf 88' lang='lat' dir='ltr'><strong>divina</strong></span> <span class='ocrx_word' id='word_1_647' title='bbox 2524 4012 2651 4077; x_wconf 85' lang='lat' dir='ltr'><strong>quae</strong></span> <span class='ocrx_word' id='word_1_648' title='bbox 2679 4006 2815 4061; x_wconf 90' lang='lat' dir='ltr'><strong>dicit</strong></span> <span class='ocrx_word' id='word_1_649' title='bbox 2843 4009 3088 4079; x_wconf 87' lang='lat' dir='ltr'><strong>serpenti</strong></span> <span class='ocrx_word' id='word_1_650' title='bbox 3121 4006 3364 4065; x_wconf 87' lang='lat' dir='ltr'><strong>:Ponam</strong></span> <span class='ocrx_word' id='word_1_651' title='bbox 3395 4014 3702 4070; x_wconf 81' lang='lat' dir='ltr'><strong>inimicitias</strong></span> 
     </span>
    </p>
   </div>
   <div class='ocr_carea' id='block_1_88' title="bbox 2110 4094 3704 4163">
    <p class='ocr_par' dir='ltr' id='par_1_88' title="bbox 2110 4094 3704 4163">
     <span class='ocr_line' id='line_1_88' title="bbox 2110 4094 3704 4163; baseline 0.008 -12"><span class='ocrx_word' id='word_1_652' title='bbox 2110 4094 2251 4152; x_wconf 78' lang='lat' dir='ltr'><strong>inter</strong></span> <span class='ocrx_word' id='word_1_653' title='bbox 2295 4104 2345 4152; x_wconf 89' lang='lat' dir='ltr'><strong>te</strong></span> <span class='ocrx_word' id='word_1_654' title='bbox 2384 4108 2433 4152; x_wconf 83' lang='lat' dir='ltr'><strong>et</strong></span> <span class='ocrx_word' id='word_1_655' title='bbox 2479 4099 2755 4154; x_wconf 80' lang='lat' dir='ltr'><strong>mulierem</strong></span> <span class='ocrx_word' id='word_1_656' title='bbox 2790 4115 2956 4154; x_wconf 90' lang='lat' dir='ltr'><strong>unam</strong></span> <span class='ocrx_word' id='word_1_657' title='bbox 2995 4108 3052 4156; x_wconf 89' lang='lat' dir='ltr'><strong>et</strong></span> <span class='ocrx_word' id='word_1_658' title='bbox 3074 4100 3247 4156; x_wconf 89' lang='lat' dir='ltr'><strong>solam</strong></span> <span class='ocrx_word' id='word_1_659' title='bbox 3288 4094 3303 4156; x_wconf 71' lang='grc' dir='ltr'><strong><em>ἑ</em></strong></span> <span class='ocrx_word' id='word_1_660' title='bbox 3336 4113 3393 4159; x_wconf 92' lang='lat' dir='ltr'><strong>et</strong></span> <span class='ocrx_word' id='word_1_661' title='bbox 3425 4104 3551 4161; x_wconf 91' lang='lat' dir='ltr'><strong>ideo</strong></span> <span class='ocrx_word' id='word_1_662' title='bbox 3591 4122 3704 4163; x_wconf 87' lang='lat' dir='ltr'><strong>non</strong></span> 
     </span>
    </p>
   </div>
   <div class='ocr_carea' id='block_1_89' title="bbox 2113 4192 3705 4271">
    <p class='ocr_par' dir='ltr' id='par_1_89' title="bbox 2113 4192 3705 4271">
     <span class='ocr_line' id='line_1_89' title="bbox 2113 4192 3705 4271; baseline 0.008 -25"><span class='ocrx_word' id='word_1_663' title='bbox 2113 4192 2272 4259; x_wconf 91' lang='lat' dir='ltr'><strong>dicit,</strong></span> <span class='ocrx_word' id='word_1_664' title='bbox 2299 4194 2588 4261; x_wconf 85' lang='lat' dir='ltr'><strong>mulieres;</strong></span> <span class='ocrx_word' id='word_1_665' title='bbox 2635 4196 2896 4266; x_wconf 91' lang='lat' dir='ltr'><strong>quoniam</strong></span> <span class='ocrx_word' id='word_1_666' title='bbox 2949 4205 3162 4252; x_wconf 64' lang='lat' dir='ltr'><strong>caeteras</strong></span> <span class='ocrx_word' id='word_1_667' title='bbox 3188 4214 3382 4255; x_wconf 90' lang='lat' dir='ltr'><strong>omnes</strong></span> <span class='ocrx_word' id='word_1_668' title='bbox 3422 4217 3545 4271; x_wconf 68' lang='lat' dir='ltr'><strong>qua:</strong></span> <span class='ocrx_word' id='word_1_669' title='bbox 3573 4214 3705 4259; x_wconf 90' lang='lat' dir='ltr'><strong>sunt</strong></span> 
     </span>
    </p>
   </div>
   <div class='ocr_carea' id='block_1_90' title="bbox 2116 4274 3703 4371">
    <p class='ocr_par' dir='ltr' id='par_1_90' title="bbox 2116 4274 3703 4371">
     <span class='ocr_line' id='line_1_90' title="bbox 2116 4274 3703 4371; baseline 0.008 -33"><span class='ocrx_word' id='word_1_670' title='bbox 2116 4274 2175 4338; x_wconf 85' lang='lat' dir='ltr'><strong>in</strong></span> <span class='ocrx_word' id='word_1_671' title='bbox 2227 4286 2439 4341; x_wconf 91' lang='lat' dir='ltr'><strong>mundo</strong></span> <span class='ocrx_word' id='word_1_672' title='bbox 2474 4284 2868 4371; x_wconf 17' lang='lat' dir='ltr'><strong>ﬂdes,ﬁpra3ter</strong></span> <span class='ocrx_word' id='word_1_673' title='bbox 2900 4304 3067 4343; x_wconf 89' lang='lat' dir='ltr'><strong>unam</strong></span> <span class='ocrx_word' id='word_1_674' title='bbox 3099 4299 3157 4345; x_wconf 93' lang='lat' dir='ltr'><strong>et</strong></span> <span class='ocrx_word' id='word_1_675' title='bbox 3190 4289 3334 4344; x_wconf 88' lang='lat' dir='ltr'><strong>hanc</strong></span> <span class='ocrx_word' id='word_1_676' title='bbox 3362 4290 3568 4348; x_wconf 88' lang='lat' dir='ltr'><strong>Christi</strong></span> <span class='ocrx_word' id='word_1_677' title='bbox 3610 4309 3703 4350; x_wconf 85' lang='lat' dir='ltr'><strong>so-</strong></span> 
     </span>
    </p>
   </div>
   <div class='ocr_carea' id='block_1_91' title="bbox 421 4370 3707 4460">
    <p class='ocr_par' dir='ltr' id='par_1_91' title="bbox 421 4370 3707 4460">
     <span class='ocr_line' id='line_1_91' title="bbox 421 4370 3707 4460; baseline 0.007 -38"><span class='ocrx_word' id='word_1_678' title='bbox 421 4378 480 4423; x_wconf 85' lang='lat' dir='ltr'><strong>et</strong></span> <span class='ocrx_word' id='word_1_679' title='bbox 536 4371 979 4439; x_wconf 77' lang='lat' dir='ltr'><strong>praedicationes.</strong></span> <span class='ocrx_word' id='word_1_680' title='bbox 1039 4374 1173 4441; x_wconf 87' lang='lat' dir='ltr'><strong>Quae</strong></span> <span class='ocrx_word' id='word_1_681' title='bbox 1226 4377 1453 4448; x_wconf 89' lang='lat' dir='ltr'><strong>quidem</strong></span> <span class='ocrx_word' id='word_1_682' title='bbox 1510 4379 1710 4436; x_wconf 87' lang='lat' dir='ltr'><strong>videns</strong></span> <span class='ocrx_word' id='word_1_683' title='bbox 1759 4382 2018 4443; x_wconf 88' lang='lat' dir='ltr'><strong>Christus</strong></span> <span class='ocrx_word' id='word_1_684' title='bbox 2048 4370 2232 4450; x_wconf 73' lang='lat' dir='ltr'><strong>Diam</strong></span> <span class='ocrx_word' id='word_1_685' title='bbox 2283 4398 2514 4440; x_wconf 77' lang='lat' dir='ltr'><strong>uxorem</strong></span> <span class='ocrx_word' id='word_1_686' title='bbox 2563 4370 3105 4442; x_wconf 86' lang='lat' dir='ltr'><strong>etChristianorum</strong></span> <span class='ocrx_word' id='word_1_687' title='bbox 3176 4386 3481 4460; x_wconf 85' lang='lat' dir='ltr'><strong>Ecclesiam</strong></span> <span class='ocrx_word' id='word_1_688' title='bbox 3517 4430 3533 4453; x_wconf 89' lang='lat'><strong>,</strong></span> <span class='ocrx_word' id='word_1_689' title='bbox 3577 4400 3707 4446; x_wconf 85' lang='lat' dir='ltr'><strong>sunt</strong></span> 
     </span>
    </p>
   </div>
   <div class='ocr_carea' id='block_1_92' title="bbox 422 4461 3708 4552">
    <p class='ocr_par' dir='ltr' id='par_1_92' title="bbox 422 4461 3708 4552">
     <span class='ocr_line' id='line_1_92' title="bbox 422 4461 3708 4552; baseline 0.008 -39"><span class='ocrx_word' id='word_1_690' title='bbox 422 4461 790 4530; x_wconf 88' lang='lat' dir='ltr'><strong>germinantia</strong></span> <span class='ocrx_word' id='word_1_691' title='bbox 835 4463 891 4518; x_wconf 90' lang='lat' dir='ltr'><strong>in</strong></span> <span class='ocrx_word' id='word_1_692' title='bbox 927 4464 1111 4520; x_wconf 89' lang='lat' dir='ltr'><strong>medio</strong></span> <span class='ocrx_word' id='word_1_693' title='bbox 1130 4465 1396 4531; x_wconf 84' lang='lat' dir='ltr'><strong>frumenti</strong></span> <span class='ocrx_word' id='word_1_694' title='bbox 1424 4510 1439 4535; x_wconf 87' lang='lat'><strong>,</strong></span> <span class='ocrx_word' id='word_1_695' title='bbox 1481 4470 1702 4528; x_wconf 89' lang='lat' dir='ltr'><strong>dicebat</strong></span> <span class='ocrx_word' id='word_1_696' title='bbox 1731 4466 2023 4532; x_wconf 83' lang='lat' dir='ltr'><strong>:Iuimicus</strong></span> <span class='ocrx_word' id='word_1_697' title='bbox 2122 4476 2316 4532; x_wconf 84' lang='lat' dir='ltr'><strong>amicae</strong></span> <span class='ocrx_word' id='word_1_698' title='bbox 2341 4478 2637 4546; x_wconf 89' lang='lat' dir='ltr'><strong>serpentis.</strong></span> <span class='ocrx_word' id='word_1_699' title='bbox 2673 4478 2749 4533; x_wconf 92' lang='lat' dir='ltr'><strong>De</strong></span> <span class='ocrx_word' id='word_1_700' title='bbox 2779 4489 2978 4535; x_wconf 62' lang='lat' dir='ltr'><strong>caetero</strong></span> <span class='ocrx_word' id='word_1_701' title='bbox 3007 4487 3217 4546; x_wconf 83' lang='lat' dir='ltr'><strong>autem,</strong></span> <span class='ocrx_word' id='word_1_702' title='bbox 3245 4480 3468 4552; x_wconf 86' lang='lat' dir='ltr'><strong>quando</strong></span> <span class='ocrx_word' id='word_1_703' title='bbox 3495 4482 3708 4539; x_wconf 83' lang='lat' dir='ltr'><strong>videris</strong></span> 
     </span>
    </p>
   </div>
   <div class='ocr_carea' id='block_1_93' title="bbox 421 4548 3706 4640">
    <p class='ocr_par' dir='ltr' id='par_1_93' title="bbox 421 4548 3706 4640">
     <span class='ocr_line' id='line_1_93' title="bbox 421 4548 3706 4640; baseline 0.007 -37"><span class='ocrx_word' id='word_1_704' title='bbox 421 4548 578 4603; x_wconf 72' lang='lat' dir='ltr'><strong>homo</strong></span> <span class='ocrx_word' id='word_1_705' title='bbox 629 4550 740 4603; x_wconf 68' lang='lat' dir='ltr'><strong>haec</strong></span> <span class='ocrx_word' id='word_1_706' title='bbox 766 4552 1142 4621; x_wconf 83' lang='lat' dir='ltr'><strong>seminavit&quot;;</strong></span> <span class='ocrx_word' id='word_1_707' title='bbox 1198 4555 1304 4611; x_wconf 91' lang='lat' dir='ltr'><strong>hoc</strong></span> <span class='ocrx_word' id='word_1_708' title='bbox 1340 4565 1427 4613; x_wconf 89' lang='lat' dir='ltr'><strong>est</strong></span> <span class='ocrx_word' id='word_1_709' title='bbox 1462 4560 1644 4615; x_wconf 90' lang='lat' dir='ltr'><strong>malus</strong></span> <span class='ocrx_word' id='word_1_710' title='bbox 1675 4576 1928 4635; x_wconf 87' lang='lat' dir='ltr'><strong>serpens,</strong></span> <span class='ocrx_word' id='word_1_711' title='bbox 1966 4577 2026 4623; x_wconf 84' lang='lat' dir='ltr'><strong>et</strong></span> <span class='ocrx_word' id='word_1_712' title='bbox 2122 4564 2371 4635; x_wconf 87' lang='lat' dir='ltr'><strong>reliquas</strong></span> <span class='ocrx_word' id='word_1_713' title='bbox 2415 4565 2681 4621; x_wconf 90' lang='lat' dir='ltr'><strong>mulieres</strong></span> <span class='ocrx_word' id='word_1_714' title='bbox 2713 4577 2768 4621; x_wconf 92' lang='lat' dir='ltr'><strong>et</strong></span> <span class='ocrx_word' id='word_1_715' title='bbox 2814 4564 2969 4632; x_wconf 85' lang='lat' dir='ltr'><strong>lldes,</strong></span> <span class='ocrx_word' id='word_1_716' title='bbox 3013 4548 3444 4640; x_wconf 29' lang='lat' dir='ltr'><strong>Judmoru’mque</strong></span> <span class='ocrx_word' id='word_1_717' title='bbox 3480 4579 3537 4625; x_wconf 92' lang='lat' dir='ltr'><strong>et</strong></span> <span class='ocrx_word' id='word_1_718' title='bbox 3570 4571 3706 4627; x_wconf 87' lang='lat' dir='ltr'><strong>Bar-</strong></span> 
     </span>
    </p>
   </div>
   <div class='ocr_carea' id='block_1_94' title="bbox 422 4642 3709 4729">
    <p class='ocr_par' dir='ltr' id='par_1_94' title="bbox 422 4642 3709 4729">
     <span class='ocr_line' id='line_1_94' title="bbox 422 4642 3709 4729; baseline 0.008 -37"><span class='ocrx_word' id='word_1_719' title='bbox 422 4645 723 4708; x_wconf 83' lang='lat' dir='ltr'><strong>propterea</strong></span> <span class='ocrx_word' id='word_1_720' title='bbox 746 4648 1006 4713; x_wconf 88' lang='lat' dir='ltr'><strong>tanquam</strong></span> <span class='ocrx_word' id='word_1_721' title='bbox 1034 4642 1251 4700; x_wconf 90' lang='lat' dir='ltr'><strong>hostem</strong></span> <span class='ocrx_word' id='word_1_722' title='bbox 1280 4644 1544 4704; x_wconf 86' lang='lat' dir='ltr'><strong>Ecclesiae</strong></span> <span class='ocrx_word' id='word_1_723' title='bbox 1572 4653 2022 4725; x_wconf 83' lang='lat' dir='ltr'><strong>eum-alloquens</strong></span> <span class='ocrx_word' id='word_1_724' title='bbox 2121 4656 2383 4712; x_wconf 89' lang='lat' dir='ltr'><strong>barorum</strong></span> <span class='ocrx_word' id='word_1_725' title='bbox 2433 4673 2770 4729; x_wconf 78' lang='lat' dir='ltr'><strong>synagogas,</strong></span> <span class='ocrx_word' id='word_1_726' title='bbox 2821 4660 3154 4729; x_wconf 85' lang='lat' dir='ltr'><strong>psallentes,</strong></span> <span class='ocrx_word' id='word_1_727' title='bbox 3207 4663 3530 4728; x_wconf 88' lang='lat' dir='ltr'><strong>clamantes,</strong></span> <span class='ocrx_word' id='word_1_728' title='bbox 3588 4663 3709 4719; x_wconf 81' lang='lat' dir='ltr'><strong>dies</strong></span> 
     </span>
    </p>
   </div>
   <div class='ocr_carea' id='block_1_95' title="bbox 422 4728 2017 4810">
    <p class='ocr_par' dir='ltr' id='par_1_95' title="bbox 422 4728 2017 4810">
     <span class='ocr_line' id='line_1_95' title="bbox 422 4728 2017 4810; baseline 0.011 -28"><span class='ocrx_word' id='word_1_729' title='bbox 422 4728 646 4785; x_wconf 73' lang='lat' dir='ltr'><strong>(licebat</strong></span> <span class='ocrx_word' id='word_1_730' title='bbox 680 4749 694 4784; x_wconf 89' lang='lat'><strong>:</strong></span> <span class='ocrx_word' id='word_1_731' title='bbox 735 4732 945 4809; x_wconf 84' lang='lat' dir='ltr'><strong>Ponant</strong></span> <span class='ocrx_word' id='word_1_732' title='bbox 977 4735 1283 4791; x_wconf 75' lang='lat' dir='ltr'><strong>inimicitias</strong></span> <span class='ocrx_word' id='word_1_733' title='bbox 1304 4738 1445 4792; x_wconf 82' lang='lat' dir='ltr'><strong>inter</strong></span> <span class='ocrx_word' id='word_1_734' title='bbox 1466 4746 1515 4793; x_wconf 85' lang='lat' dir='ltr'><strong>te</strong></span> <span class='ocrx_word' id='word_1_735' title='bbox 1544 4749 1594 4794; x_wconf 85' lang='lat' dir='ltr'><strong>et</strong></span> <span class='ocrx_word' id='word_1_736' title='bbox 1617 4741 1927 4810; x_wconf 81' lang='lat' dir='ltr'><strong>mulierem,</strong></span> <span class='ocrx_word' id='word_1_737' title='bbox 1967 4756 2017 4800; x_wconf 89' lang='lat' dir='ltr'><strong>et</strong></span> 
     </span>
    </p>
   </div>
   <div class='ocr_carea' id='block_1_96' title="bbox 421 4821 2017 4903">
    <p class='ocr_par' dir='ltr' id='par_1_96' title="bbox 421 4821 2017 4903">
     <span class='ocr_line' id='line_1_96' title="bbox 421 4821 2017 4903; baseline 0.011 -30"><span class='ocrx_word' id='word_1_738' title='bbox 421 4821 561 4874; x_wconf 85' lang='lat' dir='ltr'><strong>inter</strong></span> <span class='ocrx_word' id='word_1_739' title='bbox 613 4836 793 4878; x_wconf 86' lang='lat' dir='ltr'><strong>semen</strong></span> <span class='ocrx_word' id='word_1_740' title='bbox 843 4834 994 4880; x_wconf 84' lang='lat' dir='ltr'><strong>tuum</strong></span> <span class='ocrx_word' id='word_1_741' title='bbox 1028 4832 1080 4880; x_wconf 86' lang='lat' dir='ltr'><strong>et</strong></span> <span class='ocrx_word' id='word_1_742' title='bbox 1128 4842 1307 4882; x_wconf 84' lang='lat' dir='ltr'><strong>semen</strong></span> <span class='ocrx_word' id='word_1_743' title='bbox 1348 4830 1498 4901; x_wconf 78' lang='lat' dir='ltr'><strong>ejus,</strong></span> <span class='ocrx_word' id='word_1_744' title='bbox 1554 4833 1666 4903; x_wconf 88' lang='lat' dir='ltr'><strong>ipse</strong></span> <span class='ocrx_word' id='word_1_745' title='bbox 1720 4834 2017 4891; x_wconf 84' lang='lat' dir='ltr'><strong>observabit</strong></span> 
     </span>
    </p>
   </div>
   <div class='ocr_carea' id='block_1_97' title="bbox 421 4918 2009 4991">
    <p class='ocr_par' dir='ltr' id='par_1_97' title="bbox 421 4918 2009 4991">
     <span class='ocr_line' id='line_1_97' title="bbox 421 4918 2009 4991; baseline 0.011 -25"><span class='ocrx_word' id='word_1_746' title='bbox 421 4920 604 4983; x_wconf 75' lang='lat' dir='ltr'><strong>eaput,</strong></span> <span class='ocrx_word' id='word_1_747' title='bbox 643 4922 694 4969; x_wconf 89' lang='lat' dir='ltr'><strong>et</strong></span> <span class='ocrx_word' id='word_1_748' title='bbox 729 4924 784 4971; x_wconf 84' lang='lat' dir='ltr'><strong>tu</strong></span> <span class='ocrx_word' id='word_1_749' title='bbox 824 4918 1118 4974; x_wconf 81' lang='lat' dir='ltr'><strong>observabis</strong></span> <span class='ocrx_word' id='word_1_750' title='bbox 1153 4921 1268 4991; x_wconf 83' lang='lat' dir='ltr'><strong>ejus</strong></span> <span class='ocrx_word' id='word_1_751' title='bbox 1295 4921 1627 4978; x_wconf 86' lang='lat' dir='ltr'><strong>calcaneum.</strong></span> <span class='ocrx_word' id='word_1_752' title='bbox 1670 4925 1750 4981; x_wconf 90' lang='lat' dir='ltr'><strong>De</strong></span> <span class='ocrx_word' id='word_1_753' title='bbox 1775 4928 2009 4984; x_wconf 89' lang='lat' dir='ltr'><strong>muliere</strong></span> 
     </span>
    </p>
   </div>
   <div class='ocr_carea' id='block_1_98' title="bbox 420 5002 2009 5085">
    <p class='ocr_par' dir='ltr' id='par_1_98' title="bbox 420 5002 2009 5085">
     <span class='ocr_line' id='line_1_98' title="bbox 420 5002 2009 5085; baseline 0.011 -26"><span class='ocrx_word' id='word_1_754' title='bbox 420 5002 661 5074; x_wconf 81' lang='lat' dir='ltr'><strong>loquens</strong></span> <span class='ocrx_word' id='word_1_755' title='bbox 708 5011 935 5081; x_wconf 78' lang='lat' dir='ltr'><strong>etejus</strong></span> <span class='ocrx_word' id='word_1_756' title='bbox 981 5013 1214 5080; x_wconf 86' lang='lat' dir='ltr'><strong>semine,</strong></span> <span class='ocrx_word' id='word_1_757' title='bbox 1244 5012 1525 5085; x_wconf 89' lang='lat' dir='ltr'><strong>quomodo</strong></span> <span class='ocrx_word' id='word_1_758' title='bbox 1566 5017 1634 5072; x_wconf 88' lang='lat' dir='ltr'><strong>ad</strong></span> <span class='ocrx_word' id='word_1_759' title='bbox 1704 5021 2009 5076; x_wconf 88' lang='lat' dir='ltr'><strong>masculum</strong></span> 
     </span>
    </p>
   </div>
   <div class='ocr_carea' id='block_1_99' title="bbox 421 5095 2010 5183">
    <p class='ocr_par' dir='ltr' id='par_1_99' title="bbox 421 5095 2010 5183">
     <span class='ocr_line' id='line_1_99' title="bbox 421 5095 2010 5183; baseline 0.011 -36"><span class='ocrx_word' id='word_1_760' title='bbox 421 5095 673 5153; x_wconf 81' lang='lat' dir='ltr'><strong>traduxit</strong></span> <span class='ocrx_word' id='word_1_761' title='bbox 699 5104 1010 5158; x_wconf 88' lang='lat' dir='ltr'><strong>orationem</strong></span> <span class='ocrx_word' id='word_1_762' title='bbox 1030 5144 1045 5170; x_wconf 90' lang='lat'><strong>,</strong></span> <span class='ocrx_word' id='word_1_763' title='bbox 1076 5103 1270 5160; x_wconf 90' lang='lat' dir='ltr'><strong>dicens</strong></span> <span class='ocrx_word' id='word_1_764' title='bbox 1307 5123 1320 5161; x_wconf 90' lang='lat'>:</span> <span class='ocrx_word' id='word_1_765' title='bbox 1345 5105 1468 5177; x_wconf 82' lang='lat' dir='ltr'><strong>Ipse</strong></span> <span class='ocrx_word' id='word_1_766' title='bbox 1500 5108 1793 5165; x_wconf 83' lang='lat' dir='ltr'><strong>observabit</strong></span> <span class='ocrx_word' id='word_1_767' title='bbox 1822 5118 2010 5183; x_wconf 85' lang='lat' dir='ltr'><strong>caput,</strong></span> 
     </span>
    </p>
   </div>
   <div class='ocr_carea' id='block_1_100' title="bbox 422 5184 2015 5273">
    <p class='ocr_par' dir='ltr' id='par_1_100' title="bbox 422 5184 2015 5273">
     <span class='ocr_line' id='line_1_100' title="bbox 422 5184 2015 5273; baseline 0.011 -34"><span class='ocrx_word' id='word_1_768' title='bbox 422 5194 477 5240; x_wconf 86' lang='lat' dir='ltr'><strong>et</strong></span> <span class='ocrx_word' id='word_1_769' title='bbox 527 5195 582 5240; x_wconf 75' lang='lat' dir='ltr'><strong>tu</strong></span> <span class='ocrx_word' id='word_1_770' title='bbox 631 5190 926 5249; x_wconf 61' lang='lat' dir='ltr'><strong>observatis</strong></span> <span class='ocrx_word' id='word_1_771' title='bbox 958 5184 1271 5250; x_wconf 77' lang='lat' dir='ltr'><strong>calcaneum</strong></span> <span class='ocrx_word' id='word_1_772' title='bbox 1316 5197 1429 5268; x_wconf 84' lang='lat' dir='ltr'><strong>ejus</strong></span> <span class='ocrx_word' id='word_1_773' title='bbox 1470 5200 1497 5254; x_wconf 80' lang='lat'><strong><em>?</em></strong></span> <span class='ocrx_word' id='word_1_774' title='bbox 1556 5198 1687 5271; x_wconf 85' lang='lat' dir='ltr'><strong>Ejus</strong></span> <span class='ocrx_word' id='word_1_775' title='bbox 1723 5201 1749 5253; x_wconf 83' lang='lat'><strong>.’</strong></span> <span class='ocrx_word' id='word_1_776' title='bbox 1811 5202 2015 5273; x_wconf 90' lang='lat' dir='ltr'><strong>Cujus,</strong></span> 
     </span>
    </p>
   </div>
   <div class='ocr_carea' id='block_1_101' title="bbox 432 5279 2016 5367">
    <p class='ocr_par' dir='ltr' id='par_1_101' title="bbox 432 5279 2016 5367">
     <span class='ocr_line' id='line_1_101' title="bbox 432 5279 2016 5367; baseline 0.011 -36"><span class='ocrx_word' id='word_1_777' title='bbox 432 5279 690 5367; x_wconf 76' lang='lat' dir='ltr'><strong>nunquid</strong></span> <span class='ocrx_word' id='word_1_778' title='bbox 723 5284 1009 5341; x_wconf 86' lang='lat' dir='ltr'><strong>mulieris?</strong></span> <span class='ocrx_word' id='word_1_779' title='bbox 1038 5286 1235 5344; x_wconf 80' lang='lat' dir='ltr'><strong>Absitl</strong></span> <span class='ocrx_word' id='word_1_780' title='bbox 1292 5288 1412 5344; x_wconf 89' lang='lat' dir='ltr'><strong>Non</strong></span> <span class='ocrx_word' id='word_1_781' title='bbox 1467 5289 1636 5345; x_wconf 89' lang='lat' dir='ltr'><strong>habet</strong></span> <span class='ocrx_word' id='word_1_782' title='bbox 1673 5292 1822 5367; x_wconf 85' lang='lat' dir='ltr'><strong>enim</strong></span> <span class='ocrx_word' id='word_1_783' title='bbox 1867 5295 2016 5363; x_wconf 90' lang='lat' dir='ltr'><strong>quod</strong></span> 
     </span>
    </p>
   </div>
   <div class='ocr_carea' id='block_1_102' title="bbox 325 5366 2017 5457">
    <p class='ocr_par' dir='ltr' id='par_1_102' title="bbox 325 5366 2017 5457">
     <span class='ocr_line' id='line_1_102' title="bbox 325 5366 2017 5457; baseline 0.013 -37"><span class='ocrx_word' id='word_1_784' title='bbox 325 5396 331 5400; x_wconf 97' lang='lat'><strong><em>-</em></strong></span> <span class='ocrx_word' id='word_1_785' title='bbox 423 5366 642 5423; x_wconf 84' lang='lat' dir='ltr'><strong>dictum</strong></span> <span class='ocrx_word' id='word_1_786' title='bbox 688 5368 852 5444; x_wconf 78' lang='lat'><strong>917</strong></span> <span class='ocrx_word' id='word_1_787' title='bbox 876 5383 984 5444; x_wconf 86' lang='lat' dir='ltr'><strong>est,</strong></span> <span class='ocrx_word' id='word_1_788' title='bbox 1016 5384 1263 5434; x_wconf 70' lang='lat' dir='ltr'><strong>Sensum.</strong></span> <span class='ocrx_word' id='word_1_789' title='bbox 1298 5380 1579 5445; x_wconf 89' lang='lat' dir='ltr'><strong>Dissecor,</strong></span> <span class='ocrx_word' id='word_1_790' title='bbox 1608 5392 1664 5457; x_wconf 84' lang='lat' dir='ltr'><strong>et</strong></span> <span class='ocrx_word' id='word_1_791' title='bbox 1712 5366 1794 5438; x_wconf 89' lang='lat' dir='ltr'><strong>tui</strong></span> <span class='ocrx_word' id='word_1_792' title='bbox 1822 5401 2017 5442; x_wconf 89' lang='lat' dir='ltr'><strong>rursus</strong></span> 
     </span>
    </p>
   </div>
   <div class='ocr_carea' id='block_1_103' title="bbox 422 5465 2015 5550">
    <p class='ocr_par' dir='ltr' id='par_1_103' title="bbox 422 5465 2015 5550">
     <span class='ocr_line' id='line_1_103' title="bbox 422 5465 2015 5550; baseline 0.013 -37"><span class='ocrx_word' id='word_1_793' title='bbox 422 5465 623 5516; x_wconf 86' lang='lat' dir='ltr'><strong>teneor</strong></span> <span class='ocrx_word' id='word_1_794' title='bbox 660 5465 1029 5525; x_wconf 88' lang='lat' dir='ltr'><strong>admiratione</strong></span> <span class='ocrx_word' id='word_1_795' title='bbox 1073 5472 1199 5543; x_wconf 91' lang='lat' dir='ltr'><strong>(tibi</strong></span> <span class='ocrx_word' id='word_1_796' title='bbox 1226 5472 1419 5529; x_wconf 80' lang='lat' dir='ltr'><strong>Judan</strong></span> <span class='ocrx_word' id='word_1_797' title='bbox 1458 5491 1651 5531; x_wconf 87' lang='lat' dir='ltr'><strong>rursus</strong></span> <span class='ocrx_word' id='word_1_798' title='bbox 1694 5477 1845 5549; x_wconf 90' lang='lat' dir='ltr'><strong>dico)</strong></span> <span class='ocrx_word' id='word_1_799' title='bbox 1877 5495 2015 5550; x_wconf 89' lang='lat' dir='ltr'><strong>quo-</strong></span> 
     </span>
    </p>
   </div>
   <div class='ocr_carea' id='block_1_104' title="bbox 2117 4748 3709 4825">
    <p class='ocr_par' dir='ltr' id='par_1_104' title="bbox 2117 4748 3709 4825">
     <span class='ocr_line' id='line_1_104' title="bbox 2117 4748 3709 4825; baseline 0.004 -23"><span class='ocrx_word' id='word_1_800' title='bbox 2117 4748 2288 4805; x_wconf 86' lang='lat' dir='ltr'><strong>l&#39;estos</strong></span> <span class='ocrx_word' id='word_1_801' title='bbox 2310 4748 2676 4816; x_wconf 85' lang='lat' dir='ltr'><strong>celebrantes,</strong></span> <span class='ocrx_word' id='word_1_802' title='bbox 2696 4751 3009 4823; x_wconf 82' lang='lat' dir='ltr'><strong>vigilantes,</strong></span> <span class='ocrx_word' id='word_1_803' title='bbox 3033 4754 3369 4825; x_wconf 86' lang='lat' dir='ltr'><strong>jejunantes,</strong></span> <span class='ocrx_word' id='word_1_804' title='bbox 3389 4753 3709 4811; x_wconf 82' lang='lat' dir='ltr'><strong>sacriﬁcan-</strong></span> 
     </span>
    </p>
   </div>
   <div class='ocr_carea' id='block_1_105' title="bbox 2120 4843 3711 4919">
    <p class='ocr_par' dir='ltr' id='par_1_105' title="bbox 2120 4843 3711 4919">
     <span class='ocr_line' id='line_1_105' title="bbox 2120 4843 3711 4919; baseline 0.006 -25"><span class='ocrx_word' id='word_1_805' title='bbox 2120 4848 2223 4906; x_wconf 84' lang='lat' dir='ltr'><strong>tes,</strong></span> <span class='ocrx_word' id='word_1_806' title='bbox 2269 4843 2600 4908; x_wconf 89' lang='lat' dir='ltr'><strong>adorantes,</strong></span> <span class='ocrx_word' id='word_1_807' title='bbox 2655 4844 2828 4900; x_wconf 90' lang='lat' dir='ltr'><strong>Deum</strong></span> <span class='ocrx_word' id='word_1_808' title='bbox 2875 4846 3262 4907; x_wconf 73' lang='lat' dir='ltr'><strong>nominantes,</strong></span> <span class='ocrx_word' id='word_1_809' title='bbox 3299 4847 3462 4902; x_wconf 75' lang='lat' dir='ltr'><strong>{idem</strong></span> <span class='ocrx_word' id='word_1_810' title='bbox 3507 4848 3711 4919; x_wconf 61' lang='lat' dir='ltr'><strong>praedi-</strong></span> 
     </span>
    </p>
   </div>
   <div class='ocr_carea' id='block_1_106' title="bbox 2115 4935 3705 5012">
    <p class='ocr_par' dir='ltr' id='par_1_106' title="bbox 2115 4935 3705 5012">
     <span class='ocr_line' id='line_1_106' title="bbox 2115 4935 3705 5012; baseline 0.006 -26"><span class='ocrx_word' id='word_1_811' title='bbox 2115 4938 2329 4997; x_wconf 79' lang='lat' dir='ltr'><strong>cantes,</strong></span> <span class='ocrx_word' id='word_1_812' title='bbox 2380 4935 2638 5008; x_wconf 87' lang='lat' dir='ltr'><strong>dogmata</strong></span> <span class='ocrx_word' id='word_1_813' title='bbox 2690 4947 3020 5007; x_wconf 83' lang='lat' dir='ltr'><strong>statuentes,</strong></span> <span class='ocrx_word' id='word_1_814' title='bbox 3081 4940 3399 5012; x_wconf 86' lang='lat' dir='ltr'><strong>Seripturas</strong></span> <span class='ocrx_word' id='word_1_815' title='bbox 3437 4943 3705 5012; x_wconf 82' lang='lat' dir='ltr'><strong>legentes,</strong></span> 
     </span>
    </p>
   </div>
   <div class='ocr_carea' id='block_1_107' title="bbox 2119 5024 3709 5105">
    <p class='ocr_par' dir='ltr' id='par_1_107' title="bbox 2119 5024 3709 5105">
     <span class='ocr_line' id='line_1_107' title="bbox 2119 5024 3709 5105; baseline 0.006 -26"><span class='ocrx_word' id='word_1_816' title='bbox 2119 5024 2403 5083; x_wconf 89' lang='lat' dir='ltr'><strong>Christum</strong></span> <span class='ocrx_word' id='word_1_817' title='bbox 2445 5037 2632 5085; x_wconf 89' lang='lat' dir='ltr'><strong>autem</strong></span> <span class='ocrx_word' id='word_1_818' title='bbox 2682 5032 2863 5105; x_wconf 85' lang='lat' dir='ltr'><strong>Deum</strong></span> <span class='ocrx_word' id='word_1_819' title='bbox 2910 5049 3103 5089; x_wconf 91' lang='lat' dir='ltr'><strong>verum</strong></span> <span class='ocrx_word' id='word_1_820' title='bbox 3146 5052 3212 5089; x_wconf 82' lang='lat' dir='ltr'><strong>cx</strong></span> <span class='ocrx_word' id='word_1_821' title='bbox 3260 5037 3372 5090; x_wconf 91' lang='lat' dir='ltr'><strong>Deo</strong></span> <span class='ocrx_word' id='word_1_822' title='bbox 3406 5051 3540 5091; x_wconf 90' lang='lat' dir='ltr'><strong>vero</strong></span> <span class='ocrx_word' id='word_1_823' title='bbox 3594 5051 3709 5089; x_wconf 87' lang='lat' dir='ltr'><strong>non</strong></span> 
     </span>
    </p>
   </div>
   <div class='ocr_carea' id='block_1_108' title="bbox 2119 5116 3709 5196">
    <p class='ocr_par' dir='ltr' id='par_1_108' title="bbox 2119 5116 3709 5196">
     <span class='ocr_line' id='line_1_108' title="bbox 2119 5116 3709 5196; baseline 0.007 -27"><span class='ocrx_word' id='word_1_824' title='bbox 2119 5116 2474 5185; x_wconf 83' lang='lat' dir='ltr'><strong>conﬁtentes,</strong></span> <span class='ocrx_word' id='word_1_825' title='bbox 2501 5131 2657 5179; x_wconf 90' lang='lat' dir='ltr'><strong>certo</strong></span> <span class='ocrx_word' id='word_1_826' title='bbox 2690 5124 2833 5180; x_wconf 85' lang='lat' dir='ltr'><strong>scias</strong></span> <span class='ocrx_word' id='word_1_827' title='bbox 2857 5125 3006 5196; x_wconf 90' lang='lat' dir='ltr'><strong>quod</strong></span> <span class='ocrx_word' id='word_1_828' title='bbox 3029 5142 3109 5190; x_wconf 46' lang='lat' dir='ltr'><strong>ear</strong></span> <span class='ocrx_word' id='word_1_829' title='bbox 3135 5143 3326 5181; x_wconf 87' lang='lat' dir='ltr'><strong>omnes</strong></span> <span class='ocrx_word' id='word_1_830' title='bbox 3355 5135 3487 5183; x_wconf 88' lang='lat' dir='ltr'><strong>sunt</strong></span> <span class='ocrx_word' id='word_1_831' title='bbox 3514 5127 3709 5182; x_wconf 71' lang='lat' dir='ltr'><strong>amica:</strong></span> 
     </span>
    </p>
   </div>
   <div class='ocr_carea' id='block_1_109' title="bbox 2118 5203 3709 5286">
    <p class='ocr_par' dir='ltr' id='par_1_109' title="bbox 2118 5203 3709 5286">
     <span class='ocr_line' id='line_1_109' title="bbox 2118 5203 3709 5286; baseline 0.006 -26"><span class='ocrx_word' id='word_1_832' title='bbox 2118 5203 2324 5264; x_wconf 85' lang='lat' dir='ltr'><strong>diaboli</strong></span> <span class='ocrx_word' id='word_1_833' title='bbox 2376 5210 2597 5283; x_wconf 88' lang='lat' dir='ltr'><strong>(nempe</strong></span> <span class='ocrx_word' id='word_1_834' title='bbox 2641 5217 2944 5286; x_wconf 88' lang='lat' dir='ltr'><strong>serpentis)</strong></span> <span class='ocrx_word' id='word_1_835' title='bbox 2990 5226 3047 5272; x_wconf 86' lang='lat' dir='ltr'><strong>et</strong></span> <span class='ocrx_word' id='word_1_836' title='bbox 3091 5218 3244 5272; x_wconf 86' lang='lat' dir='ltr'><strong>nulla</strong></span> <span class='ocrx_word' id='word_1_837' title='bbox 3275 5234 3341 5272; x_wconf 82' lang='lat' dir='ltr'><strong>ex</strong></span> <span class='ocrx_word' id='word_1_838' title='bbox 3387 5218 3454 5271; x_wconf 93' lang='lat' dir='ltr'><strong>iis</strong></span> <span class='ocrx_word' id='word_1_839' title='bbox 3480 5226 3568 5272; x_wconf 85' lang='lat' dir='ltr'><strong>est</strong></span> <span class='ocrx_word' id='word_1_840' title='bbox 3602 5217 3709 5271; x_wconf 83' lang='lat' dir='ltr'><strong>ini-</strong></span> 
     </span>
    </p>
   </div>
   <div class='ocr_carea' id='block_1_110' title="bbox 2117 5301 3706 5379">
    <p class='ocr_par' dir='ltr' id='par_1_110' title="bbox 2117 5301 3706 5379">
     <span class='ocr_line' id='line_1_110' title="bbox 2117 5301 3706 5379; baseline 0.005 -24"><span class='ocrx_word' id='word_1_841' title='bbox 2117 5301 2261 5356; x_wconf 92' lang='lat' dir='ltr'><strong>mica</strong></span> <span class='ocrx_word' id='word_1_842' title='bbox 2302 5312 2361 5358; x_wconf 90' lang='lat' dir='ltr'><strong>et</strong></span> <span class='ocrx_word' id='word_1_843' title='bbox 2392 5304 2463 5359; x_wconf 88' lang='lat' dir='ltr'><strong>ab</strong></span> <span class='ocrx_word' id='word_1_844' title='bbox 2496 5321 2565 5360; x_wconf 93' lang='lat' dir='ltr'><strong>eo</strong></span> <span class='ocrx_word' id='word_1_845' title='bbox 2603 5307 2810 5373; x_wconf 87' lang='lat' dir='ltr'><strong>aliena,</strong></span> <span class='ocrx_word' id='word_1_846' title='bbox 2844 5309 2952 5364; x_wconf 90' lang='lat' dir='ltr'><strong>nisi</strong></span> <span class='ocrx_word' id='word_1_847' title='bbox 2986 5309 3103 5378; x_wconf 86' lang='lat' dir='ltr'><strong>ipsa</strong></span> <span class='ocrx_word' id='word_1_848' title='bbox 3147 5324 3324 5379; x_wconf 87' lang='lat' dir='ltr'><strong>eaque</strong></span> <span class='ocrx_word' id='word_1_849' title='bbox 3358 5309 3472 5362; x_wconf 87' lang='lat' dir='ltr'><strong>sola</strong></span> <span class='ocrx_word' id='word_1_850' title='bbox 3501 5307 3706 5363; x_wconf 81' lang='lat' dir='ltr'><strong>Christi</strong></span> 
     </span>
    </p>
   </div>
   <div class='ocr_carea' id='block_1_111' title="bbox 2114 5392 3707 5470">
    <p class='ocr_par' dir='ltr' id='par_1_111' title="bbox 2114 5392 3707 5470">
     <span class='ocr_line' id='line_1_111' title="bbox 2114 5392 3707 5470; baseline 0.004 -23"><span class='ocrx_word' id='word_1_851' title='bbox 2114 5392 2386 5463; x_wconf 86' lang='lat' dir='ltr'><strong>Ecclesia,</strong></span> <span class='ocrx_word' id='word_1_852' title='bbox 2423 5406 2480 5452; x_wconf 88' lang='lat' dir='ltr'><strong>et</strong></span> <span class='ocrx_word' id='word_1_853' title='bbox 2502 5398 2622 5470; x_wconf 87' lang='lat' dir='ltr'><strong>ejus</strong></span> <span class='ocrx_word' id='word_1_854' title='bbox 2650 5415 2861 5454; x_wconf 88' lang='lat' dir='ltr'><strong>semen.</strong></span> <span class='ocrx_word' id='word_1_855' title='bbox 2902 5400 3009 5456; x_wconf 86' lang='lat' dir='ltr'><strong>Illae</strong></span> <span class='ocrx_word' id='word_1_856' title='bbox 3035 5401 3183 5455; x_wconf 90' lang='lat' dir='ltr'><strong>enim</strong></span> <span class='ocrx_word' id='word_1_857' title='bbox 3210 5416 3403 5455; x_wconf 87' lang='lat' dir='ltr'><strong>omnes</strong></span> <span class='ocrx_word' id='word_1_858' title='bbox 3427 5411 3559 5456; x_wconf 90' lang='lat' dir='ltr'><strong>sunt</strong></span> <span class='ocrx_word' id='word_1_859' title='bbox 3591 5401 3707 5455; x_wconf 83' lang='lat' dir='ltr'><strong>for-</strong></span> 
     </span>
    </p>
   </div>
   <div class='ocr_carea' id='block_1_112' title="bbox 2115 5486 3711 5562">
    <p class='ocr_par' dir='ltr' id='par_1_112' title="bbox 2115 5486 3711 5562">
     <span class='ocr_line' id='line_1_112' title="bbox 2115 5486 3711 5562; baseline 0.005 -21"><span class='ocrx_word' id='word_1_860' title='bbox 2115 5486 2425 5545; x_wconf 89' lang='lat' dir='ltr'><strong>nicationes</strong></span> <span class='ocrx_word' id='word_1_861' title='bbox 2452 5500 2508 5546; x_wconf 91' lang='lat' dir='ltr'><strong>et</strong></span> <span class='ocrx_word' id='word_1_862' title='bbox 2538 5491 2828 5558; x_wconf 65' lang='lat' dir='ltr'><strong>adulterte,</strong></span> <span class='ocrx_word' id='word_1_863' title='bbox 2860 5501 2913 5548; x_wconf 81' lang='lat' dir='ltr'><strong>et</strong></span> <span class='ocrx_word' id='word_1_864' title='bbox 2946 5508 3011 5547; x_wconf 85' lang='lat' dir='ltr'><strong>ex</strong></span> <span class='ocrx_word' id='word_1_865' title='bbox 3040 5493 3252 5549; x_wconf 88' lang='lat' dir='ltr'><strong>semine</strong></span> <span class='ocrx_word' id='word_1_866' title='bbox 3276 5493 3555 5562; x_wconf 86' lang='lat' dir='ltr'><strong>serpentis</strong></span> <span class='ocrx_word' id='word_1_867' title='bbox 3577 5510 3711 5549; x_wconf 85' lang='lat' dir='ltr'><strong>con-</strong></span> 
     </span>
    </p>
   </div>
   <div class='ocr_carea' id='block_1_113' title="bbox 493 5657 2965 5763">
    <p class='ocr_par' dir='ltr' id='par_1_113' title="bbox 493 5657 2965 5763">
     <span class='ocr_line' id='line_1_113' title="bbox 493 5657 2965 5763; baseline 0.014 -47"><span class='ocrx_word' id='word_1_868' title='bbox 493 5657 541 5690; x_wconf 79' lang='lat'>”</span> <span class='ocrx_word' id='word_1_869' title='bbox 584 5663 777 5721; x_wconf 75' lang='lat' dir='ltr'><strong>Matth.</strong></span> <span class='ocrx_word' id='word_1_870' title='bbox 815 5686 929 5735; x_wconf 83' lang='lat' dir='ltr'><strong>xm,</strong></span> <span class='ocrx_word' id='word_1_871' title='bbox 959 5673 1010 5727; x_wconf 80' lang='grc'><strong>5.</strong></span> <span class='ocrx_word' id='word_1_872' title='bbox 1089 5674 1290 5735; x_wconf 78' lang='lat' dir='ltr'><strong>&quot;ibid.</strong></span> <span class='ocrx_word' id='word_1_873' title='bbox 1317 5676 1409 5733; x_wconf 75' lang='grc'><strong>28.</strong></span> <span class='ocrx_word' id='word_1_874' title='bbox 1485 5679 1532 5710; x_wconf 81' lang='grc'><strong>⁸⁸</strong></span> <span class='ocrx_word' id='word_1_875' title='bbox 1572 5679 1709 5735; x_wconf 76' lang='lat' dir='ltr'><strong>Gen.</strong></span> <span class='ocrx_word' id='word_1_876' title='bbox 1771 5697 1828 5748; x_wconf 86' lang='lat' dir='ltr'><strong>ll,</strong></span> <span class='ocrx_word' id='word_1_877' title='bbox 1869 5683 1973 5752; x_wconf 64' lang='lat'><strong>24;</strong></span> <span class='ocrx_word' id='word_1_878' title='bbox 2020 5686 2209 5744; x_wconf 81' lang='lat' dir='ltr'><strong>Matth.</strong></span> <span class='ocrx_word' id='word_1_879' title='bbox 2252 5708 2359 5757; x_wconf 75' lang='lat' dir='ltr'><strong>xix,</strong></span> <span class='ocrx_word' id='word_1_880' title='bbox 2412 5694 2474 5758; x_wconf 82' lang='lat'><strong>5;</strong></span> <span class='ocrx_word' id='word_1_881' title='bbox 2512 5693 2713 5763; x_wconf 79' lang='lat' dir='ltr'><strong>Ephcs.</strong></span> <span class='ocrx_word' id='word_1_882' title='bbox 2770 5712 2825 5763; x_wconf 86' lang='lat' dir='ltr'><strong>v,</strong></span> <span class='ocrx_word' id='word_1_883' title='bbox 2876 5696 2965 5750; x_wconf 73' lang='grc'><strong>51.</strong></span> 
     </span>
    </p>
   </div>
   <div class='ocr_carea' id='block_1_114' title="bbox 749 5762 1564 5836">
    <p class='ocr_par' dir='ltr' id='par_1_114' title="bbox 749 5762 1564 5836">
     <span class='ocr_line' id='line_1_114' title="bbox 749 5762 1564 5836; baseline 0.018 -15"><span class='ocrx_word' id='word_1_884' title='bbox 749 5762 1024 5825; x_wconf 70' lang='lat' dir='ltr'><strong>Pnaot.</strong></span> <span class='ocrx_word' id='word_1_885' title='bbox 1061 5766 1176 5827; x_wconf 76' lang='lat' dir='ltr'><strong>Gn.</strong></span> <span class='ocrx_word' id='word_1_886' title='bbox 1214 5770 1315 5829; x_wconf 71' lang='lat' dir='ltr'>LX</span> <span class='ocrx_word' id='word_1_887' title='bbox 1332 5773 1564 5836; x_wconf 53' lang='lat' dir='ltr'><strong>XXIX.</strong></span> 
     </span>
    </p>
   </div>
   <div class='ocr_carea' id='block_1_115' title="bbox 3317 5793 3392 5855">
    <p class='ocr_par' dir='ltr' id='par_1_115' title="bbox 3317 5793 3392 5855">
     <span class='ocr_line' id='line_1_115' title="bbox 3317 5793 3392 5855; baseline 0.067 -5"><span class='ocrx_word' id='word_1_888' title='bbox 3317 5793 3392 5855; x_wconf 81' lang='lat'><strong>33</strong></span> 
     </span>
    </p>
   </div>
  </div>
