4056 6148
400 172 535 242 1035

1598 174 1659 234 S.
1712 174 2114 235 ANASTASII
2164 176 2488 241 SINAITA!

3524 172 3661 237 1036

396 290 667 363 cipientes
716 296 774 346 et
815 289 1130 361 parientes,
1179 245 1415 344 iortasse
1471 297 1658 344 autem
1710 289 1981 345 habentes
2012 298 2052 352 Α
2084 290 2151 344 ad
2187 292 2381 362 ipsam,
2422 307 2587 363 quem
2637 299 2828 362 aperte
2878 290 3036 362 prius
3074 288 3370 361 descripsit
3413 305 3478 345 ac
3523 290 3663 362 ligu-

395 383 564 438 etiam
596 382 884 454 proprium
914 391 973 439 et
1004 382 1255 438 innatum
1287 397 1475 437 semen
1521 391 1777 453 serpente
1821 382 1979 437 dete-

398 478 517 533 rius
547 495 561 531 :
597 476 689 531 ille
721 476 871 531 enim
896 485 953 531 et
984 475 1080 546 qui
1113 491 1239 543 cum
1267 490 1334 531 eo
1369 482 1498 529 sunt
1529 474 1808 529 daemones
1836 488 1979 544 saepe

396 570 633 627 confessi
662 577 793 624 sunt
819 575 876 624 et
917 568 1295 638 praedicarunt
1336 564 1620 621 Christum
1650 560 1861 620 Filium'
1880 564 1978 620 Dei

397 661 674 719 altissimi.
712 660 875 716 Unde
905 661 1073 716 etiam
1105 660 1161 714 in
1205 660 1510 714 tentatione
1533 658 1585 713 ei
1614 658 1836 714 dicebat
1863 674 1982 714 ser-

397 769 535 823 pens
552 763 812 821 tanquam
827 750 969 806 Filio
989 748 1115 804 Dei:
1136 747 1230 803 Dic
1252 756 1308 801 ut
1333 746 1533 819 lapides
1558 762 1723 818 panes
1748 745 1977 819 ﬁant";

394 849 450 895 et
474 852 733 914 tanquam
760 840 899 895 Filio
930 839 1027 895 Dei
1061 838 1284 893 dicebat
1308 855 1321 891 :
1342 836 1518 907 Dejice
1542 846 1591 893 te
1617 838 1790 908 ipsum
1816 836 1978 890 'deor-

394 951 512 988 sum
555 934 601 965 "
625 948 694 988 ex
734 932 940 1002 templo
973 940 1070 986 :et
1101 940 1360 1000 tanquam
1401 929 1514 985 Deo
1541 929 1979 1000 deprecabantur

396 1041 591 1082 omnes
630 1040 703 1081 ne
744 1041 842 1080 eos
888 1023 1137 1079 mitteret
1188 1024 1242 1077 in
1290 1022 1571 1094 abyssum,
1625 1029 1681 1076 et
1718 1028 1978 1093 tanquam

396 1120 509 1175 Deo
553 1130 610 1174 et
653 1118 890 1173 Domino
931 1118 1181 1170 omnium
1207 1114 1432 1171 Christo
1477 1113 1881 1184 supplicabant,
1919 1120 1980 1166 ut

395 1214 480 1269 eis
517 1211 867 1284 permitteret
905 1212 1114 1264 intrare
1162 1209 1219 1262 in
1269 1224 1455 1279 porcos
1499 1207 1568 1272 ",
1608 1200 1669 1262 et
1714 1214 1977 1276 tanquam

394 1307 568 1363 Deum
598 1321 725 1361 eum
750 1303 1041 1375 adjurabat
1063 1301 1397 1357 daemonium
1430 1314 1501 1354 ne
1538 1300 1718 1370 ipsum
1752 1308 1978 1369 torque-

396 1411 503 1454 ret.
551 1396 699 1453 Nulli
747 1395 898 1451 enim
940 1397 1218 1466 justorum
1266 1393 1363 1463 qui
1404 1392 1630 1447 fuerunt
1678 1408 1709 1446 a
1751 1391 1975 1457 saeculo,

397 1492 557 1548 tales’
583 1505 779 1562 preces
820 1496 1122 1544 trementes
1151 1487 1301 1542 eﬂati
1346 1494 1476 1541 sunt
1517 1472 1817 1550 daemones,
1870 1484 1977 1540 nisi

395 1582 501 1638 soli
547 1581 770 1638 Christo
802 1581 937 1643 Deo.
989 1578 1256 1634 Sciebant
1289 1578 1439 1633 enim
1482 1594 1549 1633 ex
1593 1577 1662 1633 iis
1709 1592 1831 1647 quae
1878 1591 1976 1645 pa-

395 1672 697 1735 tiebantur,
734 1670 884 1741 quod
931 1669 999 1724 ad
1032 1683 1228 1724 eorum
1269 1667 1576 1739 perniciem
1606 1676 1662 1723 et
1692 1667 1976 1721 interitum
2011 1653 2051 1707 Β

395 1773 452 1820 et
494 1764 754 1820 draconis
789 1779 984 1833 eorum
1018 1762 1309 1832 principis,
1358 1761 1513 1816 venit
1548 1760 1719 1831 judex
1752 1759 1819 1813 ad
1853 1775 1977 1828 mu-

306 1922 313 1935 τ
394 1857 591 1913 lierem
625 1866 684 1912 et
728 1856 1012 1910 hominem
1056 1854 1153 1924 qui
1199 1861 1584 1924 peccaverant,
1632 1868 1745 1907 non
1783 1859 1844 1907 ut
1884 1866 1980 1907 eos

392 1947 673 2018 iudicaret
698 1954 795 2000 aut
834 1952 1241 2009 exsecraretur,
1287 1943 1383 1999 sed
1419 1954 1481 1999 ut
1524 1950 1792 2008 servaret,
1838 1942 1981 1997 sicut

290 2026 311 2039 ’
398 2039 515 2109 ipse
565 2037 823 2093 Servator
852 2036 991 2092 dicit
1017 2054 1030 2091 :
1057 2036 1174 2093 Non
1212 2039 1330 2090 veni
1360 2044 1417 2089 ut
1436 2036 1673 2106 judicent
1705 2035 1977 2101 mundum,

397 2126 490 2181 sed
520 2135 575 2180 ut
599 2126 892 2201 servem“.
919 2124 1068 2180 Venit
1098 2127 1238 2179 enim
1282 2122 1443 2179 Filius
1476 2123 1700 2176 hominis
1735 2121 1806 2176 ad
1834 2114 1982 2192 qua:-

399 2216 624 2271 rendum
667 2225 717 2271 et
756 2216 1079 2271 servandum
1122 2213 1262 2286 quod
1304 2215 1535 2285 perierat
1572 2214 1648 2280 “;
1697 2230 1801 2267 non
1842 2216 1983 2267 enim

398 2312 541 2365 venit
581 2311 652 2364 ad
692 2311 988 2365 vocandum
1018 2311 1223 2381 justas,
1255 2309 1343 2362 sed
1384 2316 1679 2379 peccatores
1710 2307 1780 2361 ad
1822 2307 1985 2377 perni-

400 2404 623 2457 tentiam
650 2402 717 2468 ",
751 2401 1015 2472 quoniam
1056 2417 1161 2454 non
1205 2416 1335 2471 opus
1374 2400 1568 2454 habent
1599 2399 1690 2469 qui
1715 2398 1837 2452 sani
1860 2403 1985 2450 sunt

399 2497 622 2561 medico,
654 2495 746 2550 sed
764 2497 853 2564 qui
880 2493 1022 2549 male
1048 2510 1103 2548 se
1130 2494 1324 2548 habent
1365 2494 1433 2546 ⁸³.
1477 2491 1534 2546 Si
1584 2506 1715 2561 ergo
1760 2499 1985 2561 propter

399 2588 824 2658 benignitatem,
870 2596 927 2642 et
968 2584 1341 2651 clementiam,
1374 2591 1431 2638 et
1457 2592 1810 2653 peccatorum
1847 2597 1983 2654 con-

400 2680 759 2735 donationem
794 2677 951 2732 venit
993 2676 1050 2731 in
1099 2676 1272 2731 vitam
1321 2674 1600 2738 Christus,
1637 2672 1819 2744 Agnus
1854 2671 1982 2747 Dei,

401 2770 491 2842 qui
542 2770 679 2824 tollit
713 2779 934 2841 peccata
986 2767 1171 2823 mundi
1207 2766 1249 2797 “
1289 2782 1302 2820 :
1336 2766 1457 2836 ejus
1497 2774 1682 2820 autem
1714 2765 1987 2818 adventus

401 2859 459 2914 in
503 2858 842 2929 paradisum,
875 2858 971 2928 qui
1001 2857 1107 2912 fuit
1138 2855 1207 2911 ad
1245 2871 1343 2911 eos
1383 2855 1478 2926 qui
1507 2864 1830 2925 peccarunt,
1866 2859 1987 2908 erat

400 2966 568 3007 verus
601 2960 764 3022 typus
798 2951 917 3020 ejus
959 2949 1232 3004 adventus
1267 2948 1335 3002 ad
1380 2948 1670 3002 mulierem
1720 2961 1843 3015 quae
1886 2944 1986 3000 dé-
2015 2988 2065 3050 C.

403 3052 561 3113 cepta
582 3042 782 3106 fuerat,
810 3040 999 3104 Etiam,
1028 3039 1352 3105 Ecclesiam,
1373 3049 1631 3094 naturam
1657 3038 1984 3104 humanam;

407 3130 680 3200 intelligat
710 3128 946 3198 quilibet
989 3128 1157 3182 homo
1184 3128 1389 3195 ﬁdelis,
1423 3128 1567 3198 quod
1597 3143 1708 3181 non
1738 3126 1806 3181 ad
1853 3142 1987 3197 sup-

406 3220 636 3292 plicium
678 3202 1059 3290 irrogandum,
1089 3234 1268 3288 neque
1296 3218 1363 3272 ad
1389 3233 1609 3288 pinnam
1637 3217 1984 3284 sumendam,

403 3325 586 3382 neque
625 3309 694 3364 ad
741 3307 1246 3372 exterminandum,
1286 3321 1464 3376 neque
1487 3304 1985 3363 adcxse‘crandum

406 3411 539 3459 tunc
590 3402 746 3458 venit
788 3402 935 3456 Deus
966 3400 1035 3456 ad
1077 3391 1349 3454 Adamum
1385 3408 1441 3454 et
1473 3398 1667 3454 Evam:
1696 3397 1815 3453 Ovis
1840 3399 1990 3453 enim

410 3514 529 3568 quis
567 3499 799 3568 perierat
833 3495 877 3527 ⁸⁸
920 3502 1041 3549 crat
1072 3495 1352 3564 exemplar
1394 3491 1612 3557 Adami,
1643 3507 1823 3562 neque
1862 3507 1990 3547 cum

410 3592 492 3645 ira
547 3590 722 3660 ipsam
785 3587 1039 3659 quaesivit
1091 3587 1286 3642 Pastor
1337 3587 1539 3652 bonus,
1604 3586 1701 3640 sed
1750 3585 1988 3657 gestavit

405 3681 679 3737 humeris:
699 3689 756 3736 et
776 3681 1000 3750 dragma
1025 3695 1147 3748 qua:
1168 3678 1449 3733 ceciderat
1470 3694 1537 3732 ex
1556 3674 1771 3742 decem,
1790 3693 1990 3748 nempe

402 3773 538 3837 Eva,
584 3780 703 3827 erat
731 3768 1004 3832 Ecclesia,
1035 3784 1218 3839 neque
1251 3785 1374 3823 cum
1412 3767 1495 3823 ira
1542 3769 1800 3839 quaesivit
1826 3778 1882 3824 et
1907 3770 1992 3825 in-

405 3865 558 3920 venit
587 3879 708 3920 eam
756 3863 854 3919 Dei
894 3862 1251 3933 benignitas:
1283 3870 1339 3917 et
1371 3862 1538 3917 homo
1579 3862 1674 3932 qui
1711 3862 1908 3918 incidit
1934 3848 1989 3918 in

404 3954 672 4022 latrones,
721 3956 829 4010 fuit
852 3955 1230 4025 protoplastus
1256 3954 1459 4020 Adam;
1491 3940 1673 4024 neque
1699 3969 1824 4008 cum
1864 3953 1992 4010 ullis

406 4052 573 4106 minis
617 4067 743 4106 eum
778 4049 994 4105 curavit
1015 4049 1351 4125 etgestavit
1382 4049 1631 4104 humeris
1656 4048 1700 4079 ‘°
1724 4088 1740 4113 ,
1790 4047 1874 4103 uti
1905 4049 1993 4104 Je-

406 4153 506 4196 sus
554 4155 795 4196 crucem.
844 4141 1016 4194 Porro
1042 4148 1228 4194 autem
1263 4139 1445 4194 bonus
1471 4154 1693 4209 quoque
1722 4138 1863 4193 latro
1897 4153 1994 4193 ex-

408 4232 682 4302 primebat
728 4231 1041 4287 evidentem
1073 4240 1263 4304 typum
1295 4229 1513 4298 Adami,
1560 4228 1617 4285 et
1650 4229 1858 4285 donum
1891 4247 1991 4301 pa-

2082 383 2225 437 ravit
2271 383 2369 438 Dei
2423 384 2694 440 adventus
2741 383 2796 439 in
2836 383 3099 454 paradiso
3147 383 3205 438 in
3262 383 3356 438 illo
3402 384 3659 439 meridie.

2080 471 2207 531 Haec
2254 477 2570 533 necessario
2617 492 2737 532 sum
2775 476 3054 548 praefatus,
3085 484 3143 531 et
3170 475 3457 547 pra:munii
3505 475 3663 531 audi-

2083 575 2257 622 torem
2288 583 2358 623 ne
2391 584 2535 640 regre
2564 567 2724 634 ferat,
2757 579 2853 622 aut
2886 583 2954 622 ne
2982 566 3140 637 put'et
3169 566 3362 623 audire
3389 566 3573 621 aliena
3604 566 3662 622 in

2081 659 2150 715 iis
2171 676 2308 730 quas
2325 660 2529 715 dicturi
2564 675 2755 715 sumus
2777 659 3339 729 contemplationibus
3370 658 3503 712 dum
3535 674 3663 729 age-

2080 767 2205 806 mus
2251 752 2320 807 de
2363 752 2565 822 pinnis,
2616 760 2676 806 ut
2711 767 2834 821 quae
2860 752 2973 805 sint
3012 765 3191 815 novae,
3222 750 3439 813 alienae,
3486 758 3543 804 et
3573 750 3659 804 in-

2080 843 2393 899 credibiles.
2423 844 2543 897 Non
2567 852 2747 897 cessat
2768 843 2916 897 enim
2952 857 3194 911 unquam
3218 842 3393 895 sancti
3418 840 3665 910 Spiritus

2078 935 2254 1006 gratia
2299 950 2501 989 ornare
2540 943 2596 989 et
2627 949 2895 991 coronare
2922 932 3240 1004 paradisum
3267 926 3532 988 Ecclesiae
3562 950 3663 990 no-

2078 1014 2163 1080 vis
2204 1023 2435 1080 tioribus
2468 1024 2874 1095 intelligentiis.
2898 1024 3033 1079 Nam
3061 1025 3205 1079 sicut
3226 1026 3338 1095 jam
3360 1025 3472 1079 dixi
3500 1033 3664 1081 antea

2078 1118 2232 1172 mille
2266 1125 2474 1173 exortae
2519 1125 2650 1171 sunt
2687 1116 2927 1172 haereses
2962 1132 3085 1186 quae
3120 1116 3663 1186 audierantquidem

2080 1211 2148 1265 de
2177 1209 2435 1279 paradiso
2467 1218 2523 1263 et
2554 1210 2933 1279 protoplastis,
2975 1208 3114 1262 nihil
3145 1218 3330 1263 autem
3376 1209 3663 1278 spirituale

2078 1299 2136 1352 in
2169 1298 2251 1353 eis
2293 1298 2703 1352 intellexerant.
2748 1298 2882 1353 Nam
2924 1297 3258 1352 Samaritani
3306 1298 3555 1367 quidem,
3594 1315 3664 1355 ex

2050 1398 2145 1446 ‘eo
2180 1389 2326 1460 quod
2356 1389 2496 1444 dixit
2526 1408 2538 1443 :
2569 1389 2733 1444 Terra
2770 1406 2856 1465 es,
2878 1397 2927 1443 et
2960 1391 3016 1443 in
3042 1398 3244 1443 terram
3274 1391 3550 1443 reverteris
3574 1391 3615 1421 ⁸⁷
3640 1399 3658 1437 :

2079 1484 2329 1538 arbitrati
2367 1490 2541 1561 totum
2574 1481 2853 1536 hominem
2885 1498 3006 1537 esse
3050 1482 3341 1536 mortalem
3370 1490 3664 1552 propterea

2078 1574 2227 1645 quod
2266 1572 2338 1629 sit
2386 1573 2890 1649 terrestrisanima
2931 1590 3155 1644 quoque
3206 1589 3333 1629 cum
3387 1589 3661 1644 corpore,

2082 1673 2358 1736 negarunt
2399 1654 2884 1719 resurrectionem.
2922 1663 3195 1735 Origenes
3224 1674 3409 1719 autem
3447 1664 3661 1733 infelix,

2082 1770 2208 1810 cum
2233 1755 2421 1810 nescio
2446 1754 2724 1825 quomodo
2742 1755 3023 1810 diceretur
3045 1762 3167 1811 esse
3190 1757 3432 1827 sapiens,
3460 1759 3665 1812 stultus

2081 1844 2261 1900 factus
2298 1853 2415 1908 est,
2456 1845 2826 1915 prostibulum
2862 1844 3035 1900 fuisse
3071 1847 3438 1915 pronuntians
3480 1848 3665 1902 locum

2084 1936 2541 2007 incorruptionis,
2604 1938 2810 1992 coitum
2870 1938 3125 1993 mulieris
3179 1954 3314 1999 esse.
3359 1940 3667 1997 decernens

2086 2032 2376 2101 pulchrum
2410 2031 2650 2087 fructum
2703 2032 2837 2105 ligni
2885 2031 3292 2089 inobedientiae.

2156 2165 2491 2221 Manichacus
2535 2174 2721 2220 autem
2749 2165 3085 2221 existimavit
3113 2165 3255 2221 duas
3282 2181 3404 2221 esse
3439 2172 3668 2221 contra-

2084 2255 2199 2310 rias
2246 2248 2553 2325 potestates
2585 2256 2920 2320 divinitatis,
2952 2266 3266 2328 serpentem
3294 2268 3351 2313 et
3377 2257 3666 2328 Opiﬁcem,

2085 2362 2208 2416 qua:
2257 2346 2313 2401 in
2370 2346 2489 2401 acie
2526 2347 2672 2401 inter
2705 2362 2764 2402 se
2802 2348 3145 2405 decertarint
3192 2350 3249 2404 in
3280 2350 3575 2420 paradiso:
3608 2361 3664 2408 et

2085 2438 2293 2494 bonum
2338 2439 2561 2508 quidem
2594 2440 2767 2494 Deum
2799 2456 2920 2495 esse
2968 2450 3273 2497 creatorem
3313 2443 3532 2507 animae,
3569 2446 3668 2512 qui

2084 2539 2170 2585 est
2194 2530 2361 2586 etiam
2401 2532 2568 2603 homo
2602 2532 2669 2586 ad
2710 2532 2807 2593 Dei
2859 2532 3186 2604 imaginem;
3230 2535 3439 2588 malum
3482 2543 3665 2589 autem

2087 2622 2261 2678 Deum
2286 2638 2407 2679 esse
2432 2623 2751 2678 eil‘ectorem
2798 2626 3068 2694 corporis,
3100 2625 3249 2696 quod
3291 2626 3499 2681 bellum
3527 2627 3671 2696 gerit

2087 2715 2353 2771 adversus
2397 2718 2659 2771 animam.
2689 2718 2764 2772 De
2797 2734 2909 2788 quo
2944 2720 3110 2775 etiam
3144 2721 3413 2789 scriptum
3444 2729 3549 2785 est,
3587 2720 3674 2774 in-

2089 2809 2211 2878 quit
2240 2828 2253 2863 :
2286 2810 2356 2864 Et
2383 2810 2539 2879 finxit
2562 2811 2707 2864 Deus
2744 2813 3007 2866 homian
3032 2813 3156 2867 limo
3180 2822 3392 2885 accepto
3422 2829 3449 2867 e
3503 2823 3668 2869 terra.

2091 2900 2329 2977 Hoieresis
2370 2912 2555 2957 autem
2581 2918 2704 2971 qua:
2725 2902 2934 2958 dicitur
2963 2905 3398 2971 Encratitarum,
3428 2904 3673 2961 abstinet

2092 3009 2123 3047 a
2166 2986 2377 3063 nuptiis
2423 3004 2481 3049 et
2518 2992 2789 3062 muliere,
2847 3007 3105 3066 tanquam
3140 3011 3171 3050 a
3200 3012 3260 3051 re
3284 2997 3428 3051 mala
3453 3008 3511 3053 et
3537 2999 3675 3053 insi-

2061 3086 2275 3153 ,diosa;
2320 3087 2584 3143 similiter
2632 3088 2800 3144 etiam
2850 3089 2920 3144 ab
2956 3089 3216 3144 arborum
3262 3090 3559 3155 fructibus,
3613 3098 3675 3145 ut

2091 3179 2189 3249 qui
2228 3179 2341 3235 sint
2388 3180 2595 3249 peccati
2636 3181 2961 3249 efﬁcientes,
2995 3192 3220 3253 propter
3249 3183 3501 3238 arborem
3553 3199 3676 3253 qua:

2094 3269 2300 3325 dicitur
2341 3270 2756 3326 inobedientiaa.

2160 3404 2275 3489 Nec
2312 3404 2420 3460 hoc
2468 3407 2669 3471 solum,
2708 3406 2803 3462 sed
2851 3400 3018 3462 etiam
3065 3408 3289 3478 plurimi
3329 3425 3397 3464 ex
3427 3410 3676 3469 Ecclesia

2092 3503 2497 3550 convertuntur
2534 3496 2601 3550 ad
2652 3497 2847 3567 impias
2874 3499 2949 3567 de
2992 3499 3105 3553 Deo
3140 3501 3520 3572 cogitationes,
3555 3501 3675 3557 cor-

2092 3586 2357 3655 poraliter
2407 3596 2465 3643 et
2520 3603 2704 3644 crasse
2753 3590 3045 3647 audientes
3099 3608 3163 3647 ea
3198 3610 3322 3663 quae
3360 3594 3503 3649 facta
3546 3602 3675 3649 sunt

2093 3679 2151 3733 in
2198 3681 2477 3750 paradiso.
2526 3678 2592 3737 Si
2636 3682 2786 3737 enim
2823 3686 3170 3753 prmscieliat,
3215 3686 3494 3756 inquiunt,
3528 3688 3674 3743 Deus

2094 3770 2149 3825 id
2190 3773 2341 3842 quod
2384 3772 2737 3839 eventurum,
2775 3776 2891 3845 ipse
2944 3786 3029 3832 est
3069 3782 3190 3849 ejus
3222 3789 3447 3845 auctor;
3489 3788 3548 3835 ut
3579 3780 3672 3851 qui

2093 3864 2341 3932 serpenti
2368 3867 2709 3919 concesserit
2728 3868 2911 3921 statim
2930 3883 3288 3939 corrumpere
3314 3872 3495 3940 primo
3521 3888 3675 3927 crea-

2094 3959 2211 4005 tum
2259 3968 2399 4023 opus
2431 3970 2693 4008 manuum
2728 3957 2847 4011 Dei.
2888 3958 3028 4023 Quid
3072 3960 3221 4013 enim
3250 3976 3390 4030 opus
3412 3970 3535 4015 erat
3562 3976 3675 4018 om-

2093 4034 2248 4109 nino,
2282 4054 2343 4099 ut
2386 4046 2478 4100 ille
2512 4038 2728 4101 daemon
2764 4049 2928 4103 simul
2959 4066 3084 4105 cum
3123 4053 3206 4107 eis
3231 4051 3459 4123 degeret
3488 4055 3543 4108 in
3580 4069 3674 4125 pa-

2094 4136 2321 4191 radiso?
2349 4124 2597 4202 Quidam,
2629 4147 2813 4193 autem
2865 4139 3183 4196 inciderunt
3223 4144 3392 4197 etiam
3437 4143 3493 4197 in
3540 4124 3675 4199 alias

2094 4225 2449 4282 absurdiores
2508 4230 2909 4298 cogitationes,
2962 4248 3130 4302 quas,
3186 4250 3255 4289 ne
3324 4235 3674 4292 oll‘endantur

409 4325 577 4381 radisi
602 4323 766 4379 nobis
797 4323 1053 4380 Christus
1080 4340 1179 4394 per
1203 4325 1384 4393 ipsum
1414 4322 1656 4392 aperuit.
1692 4323 1768 4377 De
1793 4333 1993 4378 cancro
2023 4330 2068 4386 ι)
2096 4317 2489 4395 simpliciores,
2541 4337 2653 4375 non
2701 4332 2787 4377 est
2816 4339 3042 4380 necesse
3083 4327 3288 4382 dicere.
3325 4328 3482 4385 Unde
3511 4332 3674 4385 etiam

406 4419 520 4472 noli
540 4434 654 4481 non
690 4417 938 4481 credere,
961 4416 1110 4486 quod
1134 4417 1299 4471 ctiam
1322 4415 1590 4471 adversus
1623 4417 1994 4485 protoplastos

408 4510 505 4579 qui
553 4517 882 4579 peccarunt,
932 4517 1066 4562 tunc
1120 4508 1265 4562 Deus
1314 4504 1545 4562 multam
1586 4507 1835 4561 ostendit
1885 4506 1997 4561 cle-

407 4600 674 4654 mentiam
726 4600 782 4654 in
830 4600 1012 4669 pinnis
1059 4615 1181 4671 qua:
1207 4599 1276 4655 ab
1316 4600 1436 4670 ipso
1460 4599 1741 4655 adversus
1770 4613 1867 4653 eos
1894 4597 1994 4653 de-

410 4692 807 4756 cernebantur,
842 4694 898 4747 in
940 4692 1144 4762 quibus
1192 4691 1360 4748 verba
1410 4692 1633 4762 quidem
1690 4690 1994 4745 adumbra-

415 4785 491 4840 vit
519 4786 694 4840 instar
742 4786 1106 4856 quarumdam
1148 4786 1591 4842 cxsecrationum
1621 4784 1687 4838 ad
1724 4792 1993 4838 terrorem

410 4879 659 4935 scelesta:
701 4880 884 4949 gentis
925 4879 1265 4946 Iudaeorum,
1317 4878 1540 4951 quando
1592 4878 1768 4948 legem
1828 4893 1996 4949 expo-

413 4970 597 5026 nebat.
1934 4969 1941 4976 '

486 5063 563 5118 Ea
592 5075 799 5129 autem,
831 5066 1186 5135 praedicendo
1213 5068 1322 5120 non
1354 5064 1638 5135 puniendo
1673 5075 1802 5120 sunt
1831 5067 2001 5123 inter-

416 5165 655 5226 pretata,
694 5166 753 5211 ut
788 5156 1099 5211 referantur
1126 5157 1193 5211 ad
1227 5157 1498 5211 Adamum
1532 5164 1587 5209 et
1613 5156 1804 5222 Evam,
1833 5155 1901 5211 dc
1934 5158 2002 5213 iis

416 5263 539 5317 quae
584 5256 745 5302 erant
778 5257 1047 5303 eventura
1099 5247 1382 5314 Ecclesiae,
1431 5234 1655 5317 quando
1700 5249 1754 5302 in
1806 5265 2000 5305 errore

414 5339 647 5413 degebat
675 5340 820 5410 apud
858 5348 1178 5410 serpentem
1206 5349 1333 5393 ante
1379 5340 1674 5395 adventum
1706 5341 1800 5395 Dei
1835 5341 2000 5399 Verbi

1110 5542 1155 5573 ”
1198 5541 1334 5594 iliid.
1378 5544 1431 5596 6.

716 5612 759 5640 ⁶⁴¹
802 5612 965 5663 Marc.
1010 5629 1065 5671 Ii,
1096 5615 1178 5667 l7.
1240 5616 1280 5642 δ”
1316 5613 1473 5666 .luan.
1518 5630 1556 5677 ι,
1597 5616 1686 5667 29.

526 5540 570 5571 ⁵⁷
614 5539 805 5595 Matth.
848 5557 922 5601 IV,
980 5540 1032 5594 5.

454 5625 508 5674 v,
549 5612 637 5663 39..

1512 5544 1558 5575 ⁵⁹
1601 5542 1791 5597 Matth.
1834 5558 1946 5606 vni,
2002 5546 2091 5600 31.

1765 5616 1808 5645 ⁸⁵
1852 5616 1985 5669 Luc.
2030 5634 2117 5681 xv,
2164 5618 2216 5671 6.

2096 4427 2191 4467 eas
2225 4412 2447 4470 solvens
2495 4406 2727 4486 magnus
2761 4416 2850 4472 ille
2878 4418 3208 4475 Ambrosius
3236 4422 3413 4491 audiit
3461 4440 3525 4479 ea
3557 4440 3677 4495 quae

2094 4505 2358 4561 dicuntur
2384 4507 2452 4563 de
2485 4508 2859 4566 inobedientia
2904 4520 2961 4565 et
3008 4515 3288 4583 paradiso,
3326 4528 3381 4570 et
3406 4516 3593 4587 lignis,
3623 4527 3679 4574 et

2094 4598 2293 4668 poenis,
2330 4608 2608 4668 etmorte,
2637 4618 2746 4657 non
2803 4619 2926 4663 esse
2983 4614 3242 4676 tanquam
3293 4624 3361 4663 ex
3407 4618 3679 4680 potestate

2096 4692 2385 4755 daemonis,
2429 4695 2527 4750 sed
2579 4711 2703 4750 esse
2756 4705 3015 4767 tanquam
3060 4716 3126 4755 ex
3173 4702 3403 4773 mystica
3442 4704 3680 4773 quadam

2098 4784 2538 4855 dispensatione.
2591 4789 2667 4843 De
2713 4800 2923 4865 caetero.
2952 4801 3137 4847 autem
3193 4803 3412 4865 tempus
3441 4805 3527 4851 est
3554 4812 3683 4851 eon-

2099 4877 2347 4941 siderare
2392 4880 2561 4934 verba
2608 4898 2731 4948 qua:
2777 4898 2807 4937 a
2858 4885 2972 4940 Deo
3013 4886 3162 4941 dicta
3211 4897 3343 4942 sunt
3376 4889 3596 4944 mulieri
3628 4895 3683 4942 et

2099 4970 2331 5025 Adamo.
2362 4971 2494 5038 Quze
2515 4975 2742 5043 quidem
2772 4977 3024 5041 nonnulli
3061 4979 3382 5034 existimant
3406 4996 3529 5035 esse
3563 4996 3685 5036 seu-

2101 5064 2307 5119 tentias
2350 5074 2407 5119 et
2441 5067 2936 5125 condcmnationes
2980 5071 3452 5126 exsecrationum.
3494 5071 3683 5126 Prius-
3776 5112 3793 5127 .

2098 5174 2263 5228 quam
2289 5169 2474 5215 autem
2500 5177 2564 5215 ea
2588 5160 2907 5241 dissolvam,
2941 5163 3186 5219 auditori
3234 5178 3440 5219 revoco
3465 5164 3520 5218 in
3567 5177 3683 5217 me-

2098 5255 2355 5318 moriam,
2386 5256 2535 5324 quod
2582 5250 2727 5325 apud
2751 5272 2879 5311 eum
2904 5257 2974 5312 de
2999 5258 3202 5327 quinto
3226 5258 3317 5314 die
3346 5258 3691 5328 disserentes.

2100 5347 2342 5401 diximus
2370 5347 2439 5402 de
2472 5348 2860 5407 benedictione
2883 5350 3120 5420 piscium
3144 5350 3287 5406 facta
3318 5367 3347 5405 a
3370 5352 3512 5416 Deo;
3537 5348 3681 5421 quod

2204 5550 2248 5580 ⁶⁰
2287 5516 2445 5603 Joan.
2485 5566 2578 5613 xu,
2622 5552 2708 5605 47.
2788 5554 2829 5584 θ¹
2873 5552 3065 5607 Matth.
3107 5570 3257 5618 xviii,
3301 5554 3387 5607 Η.
3464 5552 3510 5585 ⁸³
3548 5552 3673 5606 Luc.

2300 5619 2346 5650 “
2386 5620 2518 5675 Luc.
2559 5639 2612 5683 κ,
2652 5624 2720 5675 50
2759 5638 2914 5694 seqq,
2993 5624 3036 5655 "
3079 5623 3218 5679 Gen.
3263 5640 3339 5689 in,
3390 5624 3469 5677 l9.
