4056 6148
353 213 489 280 1630

1547 227 1615 292 S.
1655 226 2052 287 ANASTASII
2107 229 2435 292 SINAIT/E

3496 230 3633 297 1040

351 330 640 391 doloribus
670 328 857 402 paries
884 332 1059 389 malos
1102 332 1266 400 ﬁlios,
1288 333 1605 392 emcientes
1639 337 1853 407 peccati
1887 343 1943 391 et
1971 341 2017 396 Α
2046 338 2245 394 mulier
2272 356 2395 411 qua
2425 340 2649 398 diccbat
2680 341 2818 398 Osee
2848 341 3137 413 prophetae
3165 361 3178 396 :
3204 342 3297 397 Ibo
3321 350 3369 396 et
3398 351 3635 398 revertar

354 424 717 498 impudicitia
738 432 796 480 et
839 423 1151 497 iniquitatis
1202 435 1259 483 et
1285 426 1629 486 idololatriae.
1660 430 1769 486 Sed
1793 431 1941 486 bono

353 527 476 576 esto
512 518 723 585 animo,
769 532 956 590 neque
994 518 1235 574 animam
1269 518 1642 590 despondeas,
1684 538 1790 578 nec
1840 521 1940 578 de-

352 625 567 682 speres,
618 626 800 682 neque
859 611 1062 666 bonam
1099 625 1255 681 spem
1300 613 1599 668 contrahas
1631 632 1643 667 :
1676 615 1942 684 quoniam

352 711 479 773 post
515 704 639 759 illos
660 704 868 760 multos
888 719 1029 775 quos
1053 721 1157 776 ego
1188 705 1291 761 tibi
1333 705 1507 761 affero
1531 707 1754 763 dolores
1773 747 1787 769 ,
1820 716 1945 779 post

354 797 563 852 multos
610 797 852 869 gemitus
895 812 1036 868 quos
1080 798 1148 854 ad
1194 813 1283 854 me
1330 799 1574 866 emittes,
1616 810 1743 870 post
1773 802 1943 856 casti-

353 889 607 961 gationes
657 899 714 946 et
746 888 949 946 famem
977 906 1042 946 ac
1075 892 1486 956 necessitatem,
1519 893 1792 948 annuntio
1839 891 1944 947 tibi

354 983 616 1051 gaudium
664 994 923 1054 maguum
969 984 1120 1054 quod
1167 984 1277 1040 erit
1332 983 1486 1039 omni
1543 986 1749 1056 populo
1797 994 1938 1041 tuo:

356 1082 649 1145 postquam
702 1073 801 1128 tibi
839 1073 1007 1129 fuerit
1052 1073 1308 1145 adempta
1355 1075 1537 1131 omnis
1576 1075 1665 1131 via
1705 1083 1763 1132 et
1803 1076 1945 1131 ratio

357 1166 586 1221 humani
639 1166 853 1231 auxilii,
901 1166 971 1222 ad
1005 1167 1186 1222 virum
1228 1175 1387 1223 tuum
1418 1166 1767 1238 Spiritualem
1792 1167 1942 1223 Ada-

360 1264 513 1308 mum
540 1257 758 1326 (nempe
781 1253 1088 1328 Christum)
1120 1255 1230 1311 erit
1252 1257 1542 1313 conversio
1580 1265 1696 1323 tua,
1743 1266 1799 1313 et
1827 1258 1945 1328 ipse

362 1346 461 1402 tibi
498 1346 875 1404 dominabitur
921 1364 951 1403 a
987 1349 1123 1405 mari
1165 1365 1340 1422 usque
1370 1350 1441 1405 ad
1472 1365 1645 1417 mare,
1684 1360 1740 1407 et
1763 1365 1811 1427 ag
1838 1351 1945 1406 flu-

359 1439 605 1495 minibus
634 1456 810 1511 usque
837 1440 905 1497 ad
934 1439 1071 1498 lines
1100 1442 1252 1498 orbis
1285 1450 1445 1498 terrae
1477 1438 1761 1507 Ecclesia,
1793 1442 1941 1509 Evae,

359 1534 487 1588 vitae
526 1542 631 1589 tuae
675 1549 800 1604 quae
848 1532 1058 1590 dicitur
1101 1535 1325 1590 mulier.
1374 1533 1767 1590 Benedicimus
1819 1534 1942 1601 tibi,

356 1624 598 1691 Christe,
631 1627 728 1698 qui
772 1628 980 1683 vocasti
1028 1643 1152 1694 nos,
1203 1636 1260 1684 et
1306 1628 1377 1684 ab
1427 1640 1620 1684 errore
1649 1622 1833 1684 fecisti
1875 1627 1945 1683 ad

358 1730 460 1771 nos
502 1732 533 1772 a
592 1724 645 1772 te
699 1717 1143 1774 conversionem.
1197 1716 1511 1774 Adoramus
1560 1726 1614 1775 te
1648 1719 1745 1790 qui
1774 1719 1951 1775 domi-

358 1818 525 1864 natus
557 1825 618 1864 es
651 1810 834 1876 nobis,
871 1819 1131 1881 tanquam
1181 1810 1472 1867 Dominum
1504 1812 1945 1868 dominantium:

358 1917 429 1957 ne
468 1903 590 1973 ipsa
632 1909 728 1957 tua
776 1904 980 1975 conjux
1009 1903 1212 1958 mulier
1247 1910 1305 1960 et
1354 1919 1558 1975 sponsa
1601 1906 1950 1977 opprimatur

280 1988 299 1997 ”
359 1995 648 2051 dominatu
708 1995 839 2051 mali
894 1996 1193 2067 serpentis.
1255 1997 1333 2052 De
1387 2006 1587 2053 caetero
1644 1998 1841 2068 psallat
1894 2006 1951 2056 et

358 2102 555 2159 magna
579 2102 713 2165 voce
727 2088 1061 2144 clamethaac
1085 2087 1200 2144 vita
1218 2089 1420 2145 mulier
1442 2105 1569 2146 cum
1596 2090 1689 2146 illa
1714 2090 1950 2147 muliere

357 2193 482 2248 quae
536 2185 622 2233 est.
668 2192 801 2234 vere
850 2176 972 2234 vita
1008 2186 1065 2234 et
1110 2191 1234 2250 quae
1277 2179 1450 2235 vitam
1501 2178 1644 2246 fert,
1694 2190 1754 2236 et
1801 2182 1952 2252 parit

357 2271 549 2337 vitam,
579 2271 770 2326 dicens
798 2289 816 2325 :
848 2271 1160 2344 Magniﬁcat
1199 2275 1382 2331 anima
1424 2289 1544 2327 mea
1571 2287 1700 2328 eum
1734 2274 1830 2343 qui
1865 2281 1953 2329 est

357 2362 497 2419 mihi
547 2360 888 2432 dominatus,
929 2364 1218 2436 quae'sum
1256 2366 1507 2422 Ecclesia
1550 2382 1619 2422 ex
1647 2367 1947 2439 gentibus:

360 2452 430 2509 Et
478 2455 765 2511 exsultavit
792 2458 1013 2528 spiritus
1065 2474 1210 2514 meus
1267 2460 1324 2513 in
1382 2458 1492 2513 Deo
1539 2458 1769 2514 salutari
1813 2476 1947 2514 meo.

358 2543 497 2612 Quia
539 2550 766 2619 respexit
802 2548 1158 2606 humilitatem
1213 2551 1424 2607 ancilla:
1471 2567 1601 2608 sure.
1640 2550 1774 2608 Ecce
1809 2553 1951 2607 enim

358 2641 545 2696 abhinc
590 2641 801 2696 beatam
836 2660 917 2698 me
949 2642 1122 2699 dicen!
1155 2661 1336 2699 omnes
1377 2646 1762 2716 generationes.
1808 2644 1952 2712 Quo-

359 2733 506 2786 niam
546 2733 667 2802 ferit
696 2736 992 2803 potentiam
1015 2735 1070 2789 in
1102 2735 1314 2791 brachio
1348 2736 1489 2792 Filio
1517 2753 1639 2803 suo,
1665 2720 1949 2809 et'disper-

357 2825 425 2877 sit
468 2825 715 2894 superbos
769 2825 993 2882 Judazos
1027 2822 1089 2881 ea:
1139 2828 1294 2889 corde
1350 2831 1538 2884 mentis
1596 2845 1728 2895 suat,
1791 2839 1852 2885 et
1893 2831 1951 2885 in

367 2912 541 2968 altum
587 2914 776 2970 extulit
814 2932 918 2972 nos
966 2917 1210 2973 humiles.
1252 2918 1559 2975 Esurientes
1609 2936 1775 2976 canes
1819 2937 1953 2994 genv

363 3007 502 3062 tium
548 3007 886 3077 populorum
931 3008 1174 3080 implevit
1229 3010 1378 3065 bonis
1426 3012 1585 3079 panis
1612 3014 1763 3078 vitae,
1793 3023 1843 3067 et
1870 3014 1951 3068 di-

359 3110 487 3155 vites
518 3101 575 3156 in
609 3099 902 3157 sacriﬁciis
948 3111 1005 3156 et
1042 3100 1403 3159 libaminibus
1432 3104 1630 3158 dimisit
1667 3106 1856 3159 inanes
1879 3107 1947 3171 7°,

361 3210 430 3247 ne
465 3193 704 3263 amplius
728 3193 783 3248 in
814 3194 898 3249 eis
921 3190 1108 3249 colant
1139 3203 1199 3270 et
1231 3194 1468 3252 adorent
1498 3199 1709 3268 templo
1738 3198 1948 3256 diruto.

364 3282 732 3343 Excandescit
767 3296 824 3342 et
870 3287 1214 3358 discerpitur
1257 3289 1379 3344 haec
1423 3289 1658 3345 audiens
1705 3289 1949 3357 Iudaeus,

362 3364 552 3436 ct'non
592 3388 778 3451 potest
817 3379 952 3435 falsa
991 3380 1313 3437 ostendere.
1352 3379 1408 3437 Si
1438 3390 1623 3437 autem
1652 3398 1765 3437 non
1793 3385 1865 3438 ita
1894 3400 1953 3439 se

363 3474 532 3530 habet
606 3490 795 3530 rerum
847 3473 1074 3539 veritas,
1128 3474 1612 3546 quemadmodum
1660 3475 1720 3531 in
1766 3477 1955 3532 verbis

363 3564 462 3622 Dei
516 3566 584 3623 ad
628 3568 925 3623 mulierem
988 3567 1337 3638 interpretati
1383 3584 1615 3624 sumus:
1660 3567 1809 3624 dicat
1852 3569 1953 3624 Ju-

363 3662 537 3725 dzeus,
584 3660 703 3725 ubi,
746 3677 872 3717 cum
908 3661 1207 3717 avertisset
1235 3661 1347 3717 Eva
1402 3670 1500 3717 aut
1530 3673 1784 3733 separata
1815 3662 1955 3718 fuis-

364 3743 552 3809 set'ah
593 3752 827 3818 Adamo,
874 3753 1019 3808 dixit
1062 3754 1113 3809 ei
1146 3744 1293 3809 Deus
1335 3754 1459 3809 :Ad
1496 3756 1670 3809 virum
1707 3763 1855 3809 tuum
1880 3765 1957 3809 est

364 3847 631 3900 conversio
666 3853 759 3901 tua
784 3847 808 3899 ?
833 3846 904 3900 Et
946 3861 1186 3916 quonam
1234 3846 1286 3900 ei
1319 3844 1640 3902 dominante
1695 3847 1831 3902 dicit
1860 3848 1910 3902 ei
1938 3866 1953 3902 τ

370 3934 460 4011 Vir
500 3938 591 3991 tibi
640 3937 1046 4011 dominabitur?
1090 3943 1355 4007 tanquam
1395 3937 1607 3993 scilicet
1656 3937 1705 3992 ei
1754 3938 1958 4008 aliquis

365 4010 691 4084 insultasset
741 4037 798 4084 et
844 4010 897 4084 ei
956 4036 1107 4083 esset
1155 4028 1459 4085 dominata.
1507 4028 1643 4083 Nam
1698 4029 1958 4085 omnibus

367 4119 546 4175 modis
601 4120 851 4179 cernitur
897 4121 1017 4177 hrec
1061 4121 1263 4177 mulier
1300 4138 1332 4177 a
1382 4122 1505 4176 viro
1562 4129 1838 4191 separata,
1900 4129 1958 4197 et

365 4213 570 4269 deinde
619 4213 687 4268 ad
735 4229 862 4269 eum
895 4230 1090 4270 rursus
1136 4229 1425 4279 conversa.
1460 4213 1599 4269 Nam
1643 4213 1739 4283 qui
1766 4228 1956 4268 rever—

364 4304 524 4371 titur,
570 4314 655 4361 est
686 4306 1043 4377 perspicuum
1091 4308 1240 4377 quod
1285 4306 1421 4369 illuc
1459 4307 1760 4361 revertitur
1808 4305 1957 4361 unde

2048 429 2121 483 ad
2155 431 2330 485 virum
2373 448 2549 487 meum
2588 433 2844 503 priorem,
2900 434 3156 504 quoniam
3199 442 3323 486 tunc
3355 432 3484 486 mihi
3518 434 3636 485 erat

2046 520 2232 577 melius
2265 538 2428 594 quam
2458 540 2599 578 nunc
2628 524 2696 577 τί.
2729 516 2799 579 Et
2823 533 3118 594 propterea
3160 523 3292 579 dicit
3324 518 3474 578 Deus
3503 521 3637 577 huic

2044 613 2303 669 Ecclesiae
2330 629 2454 684 qua:
2512 612 2723 671 dicitur
2752 614 2952 669 mulier
3000 631 3013 668 :
3053 611 3120 668 Et
3162 615 3232 668 ad
3260 614 3440 669 virum
3483 622 3634 668 tuum

2045 706 2306 760 conversio
2355 716 2471 772 tua,
2524 712 2576 761 et
2620 709 2732 778 ipse
2767 706 2859 761 tibi
2897 706 3275 761 dominabitur.

2116 790 2259 854 Hinc
2299 798 2563 854 discimus
2618 808 2852 870 propter
2898 811 3022 853 eam
3065 811 3231 867 quam
3269 794 3322 850 in
3370 793 3636 849 extremis

2047 890 2391 961 temporibus
2454 890 2624 946 habet
2671 890 2818 946 Deus
2843 890 2900 945 in
2921 889 3213 945 mulierem
3239 929 3255 954 ,
3299 886 3636 942 dominatio-

2050 995 2177 1037 nem
2199 998 2213 1036 :
2235 981 2384 1053 quod
2406 986 2534 1038 cum
2556 981 2799 1052 primum
2820 981 3093 1050 plantavit
3111 980 3258 1034 Deus
3282 978 3622 1049 paradisum,

2046 1084 2238 1147 typum
2266 1073 2546 1139 Ecclesiae,
2597 1073 2906 1129 nominavit
2935 1073 3223 1143 Scriptura
3270 1071 3445 1127 Deum
3503 1090 3517 1125 :
3563 1078 3625 1127 et
3669 1088 3678 1149 ἐ

2046 1166 2279 1231 addens,
2302 1166 2620 1222 Dominum.
2647 1165 2771 1221 Non
2798 1163 2949 1221 enim
3006 1166 3259 1223 invenies
3288 1166 3470 1236 ipsum
3501 1174 3632 1220 ante
3670 1188 3674 1200 ι

2047 1258 2364 1330 paradisum
2384 1257 2662 1314 nominari
2684 1258 2978 1314 Dominum
3000 1267 3057 1315 et
3075 1259 3247 1315 Deum
3273 1277 3287 1312 :
3310 1257 3407 1313 sed
3429 1258 3631 1321 solum,

2045 1351 2242 1408 Deum.
2295 1350 2353 1407 Si
2393 1360 2578 1406 autem
2608 1352 2677 1406 ab
2729 1351 2854 1408 aliis
2907 1352 2976 1407 ad
3009 1352 3145 1408 alias
3177 1351 3451 1423 gradatim
3483 1361 3635 1406 tran-

2046 1444 2320 1500 scendens
2359 1443 2884 1511 demonstrationes,
2932 1460 3044 1500 non
3095 1446 3405 1501 satietatem
3464 1444 3637 1499 affero

2046 1537 2241 1593 lectori
2268 1537 2440 1592 multa
2469 1537 2705 1594 dicens:
2741 1538 2794 1593 ei
2847 1537 3138 1593 ostendam
3190 1537 3355 1593 falsas
3413 1553 3636 1609 quoque

2050 1628 2442 1684 similitudines
2474 1644 2540 1684 ac
2577 1628 2843 1699 paritates
2896 1627 3108 1683 erroris
3164 1628 3420 1684 mulieris
3447 1637 3502 1683 et
3533 1627 3638 1688 Eo-

1980 1716 2024 1772 Β
2051 1725 2254 1781 clesize.
2289 1723 2535 1779 Primum
2564 1722 2712 1779 enim
2738 1722 3021 1795 quomodo
3044 1723 3246 1779 mulier
3283 1722 3337 1777 in
3372 1720 3638 1792 paradiso

2050 1833 2082 1873 a
2105 1824 2361 1888 serpente
2386 1816 2643 1881 seducta;
2662 1831 2823 1886 passa
2852 1824 2937 1872 est
2962 1831 3062 1887 per
3083 1815 3279 1871 oculos
3308 1830 3436 1869 cum
3463 1812 3637 1869 vidis-

2050 1919 2136 1966 set
2173 1908 2321 1981 quod
2351 1909 2560 1981 lignum
2619 1909 2829 1964 bonum
2866 1918 2954 1965 est
2997 1907 3067 1965 ad
3111 1905 3538 1971 comedendum,
3579 1913 3637 1960 et

2050 2012 2267 2077 gratum
2290 1994 2468 2058 oculis
2494 2001 2561 2057 ad
2599 2001 2926 2067 videndum,
2964 2008 3023 2058 et
3066 2001 3375 2071 speciosum
3401 1996 3470 2055 ad
3492 2013 3628 2054 con-

2051 2092 2408 2148 siderandum
2432 2109 2448 2159 ;
2473 2091 2721 2147 secundo
2748 2101 2940 2147 autem
2978 2090 3176 2147 aﬂecta
3221 2098 3308 2146 est
3339 2089 3636 2145 all'ectione

2048 2200 2150 2255 per
2199 2191 2519 2241 contactum
2568 2199 2768 2239 manus
2812 2184 2994 2239 fructu
3046 2189 3319 2253 accepto;
3367 2189 3424 2237 et
3462 2179 3637 2236 tertio

2052 2291 2250 2332 rursus
2278 2290 2376 2346 per
2427 2290 2583 2331 esum
2610 2292 2631 2328 νε
2658 2275 2739 2330 sic
2770 2274 2906 2329 mihi
2937 2274 3197 2343 deinceps
3222 2273 3291 2328 ab
3338 2289 3404 2327 ea
3434 2270 3637 2327 accede

2051 2368 2119 2424 ad
2151 2367 2479 2423 catholicam
2519 2366 2807 2422 hominum
2837 2365 3165 2432 Ecclesiam,
3203 2374 3261 2420 et
3291 2363 3510 2420 videbis
3544 2379 3639 2418 ea-

2051 2459 2177 2516 dem
2201 2475 2422 2530 quoque
2454 2459 2505 2515 ei
2540 2459 2592 2514 in
2621 2459 2819 2530 primis
2851 2458 3144 2515 accidisse.
3179 2456 3316 2512 Nam
3350 2472 3476 2512 cum
3513 2455 3638 2511 dua:

2051 2562 2186 2609 tunc
2206 2562 2394 2609 essent
2420 2553 2810 2627 generationes
2836 2551 3130 2607 hominum
3170 2551 3225 2604 iu
3256 2549 3531 2620 principio
3578 2547 3635 2604 in

2052 2647 2281 2712 mundo,
2317 2647 2412 2717 qui
2441 2646 2494 2701 in
2522 2645 2802 2717 propriam
2847 2654 2905 2700 et
2953 2652 3261 2715 separatam
3315 2641 3637 2698 refereban-

2052 2749 2143 2795 tur
2193 2739 2590 2811 genealogiam,
2640 2746 2914 2808 erantque
2966 2735 3340 2808 prteliguratio
3396 2737 3636 2789 duorum

2050 2832 2379 2903 populorum
2414 2838 2508 2886 :et
2536 2829 2880 2908 aliiquidem
2930 2829 2999 2884 ab
3023 2828 3256 2893 Adamo,
3305 2826 3395 2883 alii
3446 2840 3576 2881 vero
3603 2839 3636 2880 a

2049 2923 2185 2980 Cain
2210 2924 2483 2994 parricida
2511 2920 2928 2995 procedebant:
2950 2922 3047 2994 qui
3079 2921 3149 2982 ab
3178 2923 3389 2977 Adamn
3409 2920 3635 2992 quidem

2052 3010 2447 3086 procedebant,
2477 3017 2533 3071 in
2572 3016 2803 3087 ﬁguram
2848 3014 3040 3085 populi
3095 3012 3305 3070 Christi
3357 3013 3639 3069 habebant

2052 3109 2347 3179 quamdam
2415 3110 2651 3180 gratiam
2706 3102 2881 3165 sancti
2940 3108 3185 3177 Spiritus
3233 3107 3288 3162 in
3322 3108 3479 3162 vultu
3510 3122 3634 3164 sun.

2052 3220 2174 3275 qua:
2202 3219 2300 3259 eos
2333 3203 2661 3259 ostendebat
2684 3213 2746 3271 et
2798 3203 3093 3273 separabat
3120 3218 3151 3257 a
3174 3186 3394 3276 'populo
3420 3200 3581 3257 Caini
3615 3219 3628 3253 :

2054 3304 2110 3351 ct
2141 3291 2374 3352 maxime
2396 3296 2529 3352 Seth
2566 3312 2729 3367 quem
2764 3296 2960 3367 genuit
3004 3294 3178 3365 Adam
3207 3295 3273 3349 ad
3314 3309 3472 3349 suam
3511 3308 3638 3363 spe-

2054 3389 2194 3444 ciem
2218 3400 2275 3445 et
2303 3389 2621 3461 imaginem,
2650 3397 2713 3443 ut
2737 3389 2873 3444 dicit
2912 3388 3220 3458 Scriptura.
3266 3385 3639 3453 Quamobrem

2055 3480 2310 3536 homines
2335 3480 2430 3550 qui
2453 3488 2615 3535 erant
2639 3479 2693 3534 in
2730 3479 2826 3535 illo
2852 3488 3120 3550 tempore,
3147 3477 3301 3532 illum
3327 3477 3499 3531 Deum
3544 3490 3643 3546 ap-

2056 3571 2358 3642 pellabant.
2391 3570 2495 3638 Qui
2521 3578 2706 3626 autem
2729 3571 3102 3627 nascebantur
3126 3585 3195 3624 ex
3225 3569 3437 3624 semine
3459 3566 3637 3631 Caini,

2056 3665 2113 3718 in
2146 3674 2332 3736 typqu
2353 3664 2546 3734 populi
2575 3663 2818 3727 Israelis,
2842 3674 3000 3717 erant
3026 3661 3279 3732 liOSpites
3302 3670 3357 3715 et
3378 3659 3543 3715 alicui
3568 3658 3643 3715 ab

2056 3757 2151 3812 illa
2182 3756 2358 3827 gratia
2387 3765 2444 3811 et
2462 3755 2867 3811 illuminatione
2890 3769 3014 3823 qua:
3032 3761 3153 3808 erat
3182 3751 3239 3807 in
3265 3751 3445 3817 vultu,
3467 3759 3529 3806 ut
3543 3749 3639 3821 qui

2056 3849 2327 3920 originem
2361 3847 2650 3904 duxissent
2678 3864 2708 3902 a
2735 3846 3031 3918 parricida.
3059 3836 3429 3913 Quamobrem
3458 3845 3527 3899 iis
3543 3841 3640 3913 qui

2057 3948 2308 3996 erantex
2329 3939 2540 3996 semine
2562 3939 2736 3994 Adam
2772 3938 2888 4011 (qui
2916 3945 3039 3993 erat
3060 3945 3228 4010 typus
3263 3936 3519 4000 Christil,
3545 3933 3641 4006 qui

2056 4030 2491 4086 nominabantur
2515 4029 2615 4085 lilii
2659 4028 2781 4094 Dei,
2824 4028 2862 4082 ii
2893 4027 2988 4098 qui
3014 4034 3177 4085 erant
3203 4042 3275 4083 ex
3311 4024 3470 4090 Cain,
3501 4025 3645 4080 invi-

2058 4122 2262 4179 debant
2305 4128 2533 4192 propter
2564 4120 2923 4192 splendorem
2973 4119 3068 4189 qui
3122 4119 3207 4174 eis
3259 4118 3541 4174 eminebat
3585 4116 3642 4172 in

2059 4218 2239 4277 vultu.
2265 4216 2307 4271 li
2329 4229 2460 4287 ergo
2481 4213 2577 4285 qui
2603 4213 2932 4269 dicebantur
2959 4212 3063 4281 ﬁlii
3088 4212 3202 4276 Dei,
3232 4221 3294 4266 ut
3339 4210 3436 4281 qui
3459 4220 3643 4265 essent

2061 4309 2157 4364 filii
2192 4308 2321 4364 Em
2342 4314 2593 4372 amatre,
2627 4320 2728 4376 per
2771 4304 2966 4359 oculos
2995 4304 3231 4374 primam
3282 4307 3646 4392 susceperunt

362 4402 519 4470 prius
561 4401 794 4481 exierat.
842 4394 975 4456 Mihi
1003 4400 1153 4455 enim
1200 4401 1380 4471 cogita
1408 4398 1755 4455 individuam
1792 4399 1958 4455 unio-
1987 4393 2450 4459 Daﬂ‘ectionem:
2480 4397 2682 4454 deinde
2732 4396 2989 4460 alteram,
3046 4411 3146 4465 per
3197 4405 3401 4450 tactum
3438 4404 3495 4449 ct
3540 4408 3643 4463 gu-

362 4508 490 4547 nem
520 4492 626 4545 viri
667 4503 723 4546 et
754 4490 1025 4556 mulieris,
1062 4490 1211 4560 quod
1238 4498 1324 4545 est
1350 4504 1575 4559 corpus,
1614 4488 1953 4556 membrum,

361 4593 418 4639 et
462 4596 616 4639 costa
649 4585 789 4655 ejus.
821 4583 1194 4650 Quamobrem
1222 4584 1291 4638 de
1319 4598 1385 4639 ea
1431 4599 1653 4655 quoque
1684 4583 1953 4639 dicebat:

364 4676 474 4731 Hoc
505 4693 644 4730 nunc
670 4692 727 4730 os
756 4692 821 4732 ea:
849 4676 1050 4731 ossibus
1083 4676 1230 4742 meis,
1258 4685 1309 4731 et
1340 4693 1468 4731 caro
1498 4693 1562 4731 ea:
1599 4694 1763 4732 carne
1792 4694 1906 4733 mea
1936 4695 1957 4742 ;

364 4769 731 4839 quamobrem
762 4784 956 4825 sumus
977 4769 1088 4825 duo
1122 4769 1178 4825 in
1202 4785 1423 4827 carnem
1452 4786 1639 4826 unam.
1667 4770 1958 4837 Quomodo

362 4877 495 4934 ergo
540 4877 665 4917 cum
703 4878 809 4917 una
859 4879 990 4919 caro
1028 4863 1513 4947 sitconglutinata
1553 4874 1612 4920 et
1659 4879 1833 4918 unum
1866 4879 1951 4931 os,

364 4957 476 5012 duo
521 4958 633 5013 sint
679 4958 986 5033 individue,
1026 4960 1171 5017 Deus
1198 4977 1351 5017 nunc
1392 4960 1530 5017 dicit
1575 4960 1794 5015 mulieri
1828 4977 1841 5014 :
1874 4961 1957 5017 Ad

364 5051 534 5105 virum
580 5059 733 5105 tuum
777 5053 878 5107 erit
913 5054 1178 5109 conversio
1204 5061 1320 5120 tua,
1355 5061 1404 5107 et
1439 5053 1550 5123 ipse
1595 5053 1672 5106 tui
1706 5052 1955 5108 domina-

363 5142 550 5198 bitur?
582 5142 873 5211 Quomodo
910 5161 973 5201 os
1001 5156 1058 5202 et
1091 5161 1222 5202 caro
1248 5159 1375 5200 cum
1407 5144 1479 5199 sit
1500 5145 1642 5215 ejus,
1679 5144 1746 5199 ad
1776 5144 1955 5214 ipsum

364 5235 749 5293 convertitur?
774 5238 918 5309 Ergo
941 5253 1042 5309 per
1080 5237 1268 5293 omnia
1292 5252 1415 5307 qua:
1444 5236 1593 5291 dicta
1629 5245 1759 5292 sunt
1788 5236 1958 5292 disci-

365 5342 489 5382 mus
517 5327 667 5398 quod
707 5337 864 5385 extra
912 5329 1096 5383 virum
1142 5314 1306 5382 suum
1352 5326 1626 5383 abscessit
1655 5327 1960 5392 mulier,et

364 5416 565 5476 deinde
608 5436 833 5476 reversa
879 5429 964 5476 est
1007 5418 1076 5474 ad
1130 5419 1333 5490 ipsum,
1375 5428 1433 5475 et
1476 5436 1672 5475 rursus
1704 5419 1846 5474 facta
1870 5428 1959 5475 est

363 5508 484 5580 ejus
527 5523 678 5567 costa
718 5521 776 5567 et
816 5510 1099 5583 mulierlet
1134 5527 1281 5568 caro.
1327 5512 1450 5583 Ipsa
1493 5512 1662 5584 919
1688 5524 1773 5568 cst
1808 5512 1958 5566 enim

438 5688 484 5719 "°
538 5687 673 5743 Luc.
710 5707 749 5755 ι,
791 5691 981 5748 4755.
1057 5692 1099 5724 τ’
1143 5692 1279 5749 Osee
1323 5711 1378 5759 ιι,
1412 5695 1463 5749 7.
1543 5695 1587 5726 "
1619 5693 1756 5749 Gen.
1792 5710 1861 5761 γι,
1888 5694 1947 5748 2.

2057 4501 2224 4548 stum.
2248 4491 2536 4560 Quomodo
2560 4488 2707 4544 enim
2737 4487 2806 4542 de
2834 4502 2899 4542 ea
2948 4487 3157 4541 dictum
3183 4495 3270 4543 est
3302 4485 3453 4556 quod
3503 4483 3643 4539 vidit

2052 4583 2264 4654 lignum
2297 4584 2501 4638 bonum
2538 4580 2606 4637 ad
2637 4579 3065 4644 comedendum,
3106 4587 3164 4634 et
3210 4579 3391 4634 oculis
3426 4587 3644 4650 gratum

2058 4676 2127 4731 ad
2151 4675 2473 4741 videndum,
2502 4683 2560 4731 et
2580 4673 2875 4744 pulchrum
2931 4670 3000 4726 ad
3041 4670 3533 4734 considerandum,
3569 4670 3645 4725 ita

2058 4768 2225 4824 etiam
2257 4768 2526 4837 scriptum
2558 4773 2644 4822 est
2680 4766 2749 4821 de
2785 4764 2913 4819 ﬁliis
2941 4765 3062 4836 ejus
3096 4782 3110 4817 :
3140 4762 3210 4818 Et
3254 4764 3499 4818 viderunt
3545 4762 3645 4832 ﬁlii

2058 4861 2175 4926 Dei,
2208 4861 2315 4916 hoc
2339 4868 2445 4925 est,
2477 4858 2573 4930 qui
2628 4858 2899 4929 originem
2942 4855 3225 4911 duxerunt
3266 4856 3336 4926 ab
3383 4855 3595 4910 Adamo
3622 4895 3641 4921 ,

2059 4955 2202 5023 ﬁlias
2245 4954 2541 5015 hominum,
2566 4966 2766 5020 nempe
2815 4965 3011 5005 corum
3041 4949 3135 5020 qui
3177 4948 3588 5005 descenderunt
3612 4963 3645 5005 a

2057 5047 2230 5103 Caino
2256 5089 2271 5109 .
2303 5046 2443 5119 quod
2481 5047 2587 5100 sint
2621 5043 2873 5115 pulchra‘,
2917 5051 2969 5097 et
3006 5053 3321 5115 acceperunt
3382 5059 3474 5097 eas
3515 5058 3646 5097 uxo-

2061 5158 2142 5196 res
2162 5142 2229 5194 τ’.
2269 5140 2412 5195 Ecce
2438 5137 2970 5195 aﬂ'cctionenuisus
2992 5144 3050 5190 et
3092 5143 3293 5191 tactus.
3321 5135 3521 5190 Postea
3549 5149 3648 5189 au-

2061 5244 2168 5290 tem
2211 5232 2574 5289 comederunt
2632 5230 2836 5284 malum
2870 5228 3136 5293 fructum,
3202 5243 3398 5299 nempe
3453 5240 3648 5282 carnes

2060 5327 2459 5401 sacriﬁciorum
2490 5323 2918 5390 daemoniorum.
2971 5321 3079 5378 Sed
3110 5321 3231 5378 haec
3258 5321 3485 5392 quidem
3517 5328 3646 5375 sunt

2060 5419 2436 5475 inobedicntia
2504 5425 2713 5475 natura:
2766 5416 3038 5472 mulieris.
3100 5414 3373 5484 Deinceps
3429 5412 3644 5483 primus

2058 5514 2177 5583 ejus
2208 5511 2366 5565 dolor
2396 5520 2452 5566 et
2482 5509 2720 5581 gemitus
2745 5507 2847 5563 fuit
2877 5506 3051 5563 totius
3080 5505 3271 5561 mundi
3310 5504 3601 5561 inundatio
3628 5519 3644 5558 :
