4056 6148
530 424 663 491 1041
1626 430 1710 492 ΙΝ
1745 433 2132 493 HEXAEME!

2207 433 2296 493 lN.
2335 436 2571 494 -LlB.
2608 436 2712 495 XI.
3663 432 3809 498 1042

526 552 584 601 et
608 551 735 615 post
767 539 917 595 illam
943 539 1164 596 dolores
1214 548 1271 594 et
1299 540 1538 612 gemitus
1579 540 1675 611 qui
1713 556 1837 596 eam
1866 543 2109 613 adduce-7
2138 548 2177 601 Α
2211 542 2313 606 cis,
2358 558 2484 599 cum
2517 542 2788 601 deberent
2854 544 3037 616 potius
3084 545 3208 600 exui
3260 543 3316 599 in
3366 544 3799 609 examinatione,

526 634 661 691 bant
718 631 789 686 ad
851 629 1258 701 paenitentiam.
1310 630 1609 700 Propterea
1662 646 1796 702 ergo
1860 647 1965 687 nec
2012 647 2113 703 po-
2217 644 2589 703 congruenter
2622 637 2805 692 ordini
2861 636 3199 709 judiciorum
3232 635 3461 691 mundi?
3510 634 3803 702 Quomodo

529 727 670 783 situs
719 722 944 795 quidem
987 729 1073 777 est
1126 723 1183 778 in
1227 729 1485 793 serpente
1528 722 1688 776 dolor
1716 738 1818 778 nec
1850 725 2115 794 gemitus,
2215 726 2262 780 si
2293 741 2421 781 reus
2449 736 2591 783 astat
2639 730 2811 785 Adam
2866 732 2950 798 (ut
3000 729 3097 800 qui
3129 729 3399 798 deceptus
3458 743 3490 783 a
3546 728 3801 797 muliere)

525 814 676 887 quod
733 814 779 870 is
830 813 981 868 nulla
1042 813 1173 868 duci
1215 814 1391 884 possit
1453 813 1801 884 pmnitentia.
1852 814 1960 870 Sed
2018 830 2116 869 ne-
2214 818 2615 874 condemnatus
2638 820 2694 874 in
2727 820 2844 890 ipsa
2866 820 3301 883 examinatione,
3332 819 3514 875 Vitam
3546 809 3805 874 nomina-

526 923 637 980 que
670 907 726 962 in
750 922 821 961 eo
852 905 1003 962 dicta
1030 920 1114 962 est
1131 907 1421 973 conversio,
1451 908 1597 962 sicut
1623 906 1679 961 in
1713 906 1986 974 muliere;
2012 922 2112 961 ne-
2214 909 2294 962 vit
2345 909 2681 965 mulierem?
2707 910 2993 976 Quomodo
3047 912 3214 967 homo
3263 910 3383 980 qui,
3426 917 3487 964 ut
3540 917 3613 966 tu.
3639 908 3803 972 dicis,

529 1017 639 1072 que
681 1015 877 1055 rursus
906 999 965 1054 in
1008 999 1232 1055 homine
1285 999 1467 1055 dictus
1496 1009 1582 1055 est
1610 999 1849 1070 gemitus
1875 1018 1890 1067 ;
1930 1015 2113 1070 neque
2212 998 2392 1056 lactus
2420 1000 2526 1055 fuit
2551 1001 2654 1056 sub
2678 1001 3001 1067 maledicto,
3027 1001 3211 1072 potuit
3257 1017 3355 1070 per
3380 1000 3648 1071 Spiritum
3680 1016 3808 1056 san-

528 1091 676 1147 enim
717 1090 1050 1161 poenitentia
1080 1089 1290 1160 indiget
1314 1089 1487 1145 Adam
1518 1088 1845 1159 spiritualis,
1896 1099 1959 1142 ut
2015 1089 2112 1160 qui
2213 1098 2364 1145 ctum
2403 1090 2737 1160 prophetare
2771 1090 2828 1145 in
2871 1091 2988 1160 ipsa
3022 1091 3159 1146 hora
3211 1089 3643 1154 maledictionis,
3683 1104 3805 1158 qua:

529 1199 642 1239 non
677 1182 748 1239 sit
776 1182 1062 1253 deceptus.
1091 1181 1248 1239 Unde
1279 1198 1383 1237 nec
1412 1183 1469 1236 in
1516 1197 1583 1236 eo
1647 1182 1832 1253 posita
1867 1190 1953 1237 est
1980 1196 2115 1237 eon-
2214 1179 2398 1235 futura
2426 1189 2587 1235 erant
2608 1188 2732 1251 post
2756 1181 2947 1236 nescio
2975 1188 3112 1252 quot
3158 1179 3333 1235 millia
3365 1193 3662 1243 annorum,
3716 1176 3802 1231 di-

529 1276 737 1341 versio,
767 1290 949 1346 neque
978 1274 1128 1330 enim
1176 1273 1281 1328 l‘uit
1334 1289 1574 1344 unquam
1621 1273 1918 1344 deceptus.
1973 1272 2114 1327 Hinc
2213 1287 2345 1328 cens
2373 1272 2443 1328 de
2468 1273 2733 1329 muliere:
2756 1273 2884 1345 Ipsa
2902 1275 3000 1328 erit
3023 1281 3196 1328 mater
3216 1274 3452 1327 omnium
3475 1273 3759 1326 viventium
3778 1270 3805 1323 .9

500 1362 503 1363 ⁷
529 1369 679 1425 enim
719 1384 901 1439 neque
928 1367 1135 1438 aliquis
1167 1366 1217 1421 ei
1242 1366 1450 1421 dicitur
1473 1365 1747 1421 dominari
1799 1366 1945 1420 sicut
1992 1381 2115 1419 mu-
2213 1362 2500 1437 Quomodo
2523 1373 2708 1420 autem
2742 1378 2938 1419 rursus
2968 1370 3262 1433 postquam
3289 1377 3388 1417 eos
3419 1352 3622 1425 induit,
3656 1359 3802 1417 Deus

528 1462 676 1526 lieri,
703 1477 829 1517 cum
866 1460 985 1530 ipse
1014 1460 1087 1515 sit
1142 1458 1399 1514 Dominus
1442 1457 1841 1523 Dominantium
1873 1457 1937 1512 ⁷³.
1973 1456 2112 1513 Vide
2212 1457 2484 1513 Adamum
2531 1459 2884 1514 subsannans
2911 1464 2970 1513 et
2995 1455 3191 1515 dicens
3218 1472 3233 1508 :
3246 1454 3398 1538 1Εσιςιε
3427 1453 3599 1509 Adam
3631 1453 3800 1523 factus

529 1560 711 1606 autem
730 1551 1009 1622 quomodo
1039 1565 1141 1606 nec
1170 1550 1451 1605 hominem
1482 1549 1706 1621 subjicit
1755 1549 1807 1605 ei
1840 1564 1963 1622 qua:
2011 1564 2113 1620 pro
2213 1559 2289 1606 est
2305 1552 2438 1605 sicut
2467 1566 2683 1606 unusex
2715 1550 2884 1615 nobis,
2908 1564 3020 1604 non
3048 1548 3215 1604 simul
3241 1547 3409 1602 etiam
3448 1545 3656 1616 probro
3689 1544 3804 1601 alli-

530 1642 648 1712 ipsa
671 1651 756 1698 est
778 1658 974 1712 pusum,
1002 1642 1181 1698 donec
1213 1643 1333 1714 ejus
1365 1642 1434 1696 ad
1465 1641 1648 1712 ipsum
1686 1640 1821 1696 fecit
1868 1656 2109 1696 eonvcr-
2213 1645 2288 1701 cit
2311 1644 2602 1700 mulierem
2631 1636 2756 1714 qua:
2779 1650 2898 1698 erat
2926 1641 3099 1714 magis
3131 1642 3188 1695 in
3207 1642 3369 1710 culpa
3395 1654 3561 1711 quam
3582 1637 3802 1695 Adam?

530 1735 764 1800 sionem,
796 1734 1026 1790 dicens:
1054 1734 1125 1790 Et
1170 1735 1239 1789 ad
1267 1736 1442 1790 virum
1500 1742 1650 1789 tuum
1681 1728 1946 1789 conversio
1993 1743 2108 1793 tua.
2213 1740 2323 1797 Sed
2350 1755 2455 1796 nec
2481 1754 2603 1794 eam
2635 1738 2799 1793 simul
2836 1751 2961 1791 cum
2988 1736 3108 1807 ipso
3137 1734 3399 1790 amandat
3421 1748 3487 1788 ex
3519 1730 3799 1803 ρει-διεξίω,

529 1835 579 1881 et
601 1829 712 1899 ipse
750 1827 840 1882 (ibi
873 1828 1255 1883 dominabitur.
1301 1827 1572 1896 Quoniam
1620 1843 1753 1900 ergo
1787 1843 1968 1883 sermo
2011 1828 2110 1883 Dei
2144 1891 2184 1906 ﬁ
2215 1850 2396 1906 neque
2426 1834 2479 1890 ei
2505 1832 2645 1888 dicit
2678 1850 2692 1886 :
2710 1831 2994 1887 Maledicta
3009 1838 3087 1884 est
3108 1837 3251 1883 terra
3274 1831 3330 1883 in
3389 1828 3633 1899 operibus
3660 1827 3799 1880 tuis:

526 1891 895 1991 est'operans,
929 1928 1195 1991 tanquam
1216 1935 1281 1976 ea
1309 1891 1599 1987 conversa,
1643 1891 1714 1977 et
1731 1920 1961 1992 proprio
1986 1921 2110 1975 viro
2143 1891 2185 1946 Β
2213 1891 2595 1999 quodquidem
2617 1925 2668 1981 ei
2687 1925 2861 1997 magis
2874 1924 3166 1995 oportebat
3185 1922 3371 1977 dicere
3389 1891 3552 1991 quam
3566 1918 3799 1977 Adamo.

526 2011 576 2068 ei
607 2013 767 2069 unito
798 2028 900 2083 per
928 2014 1191 2069 unionem
1225 2014 1279 2068 in
1313 2013 1595 2086 hypostasi
1632 2020 1794 2084 :post
1842 2014 2110 2069 unionem
2284 2020 2429 2091 Ergo
2454 2019 2499 2075 si
2531 2017 2717 2075 ﬁdelis
2738 2016 2888 2089 apud
2931 2026 2989 2073 te
3045 2015 3325 2079 videatur,
3380 2014 3476 2084 qui
3511 2011 3801 2068 Christum

525 2121 653 2165 cum
674 2107 861 2163 statim
899 2107 1115 2163 inducit
1135 2109 1280 2164 Deus
1318 2123 1418 2179 pro
1439 2107 1560 2178 ipsa
1595 2107 1920 2178 patientem.
1966 2107 2112 2162 Dicit
2210 2114 2381 2169 habet
2425 2114 2481 2168 in
2526 2128 2587 2169 se
2627 2113 2951 2183 loquentem
2989 2108 3195 2165 Paulus
3231 2107 3423 2162 dicens
3455 2094 3665 2161 :Adam
3695 2119 3800 2157 non

523 2199 671 2259 enim
723 2210 1130 2271 consequenter
1177 2220 1191 2256 :
1235 2200 1307 2257 Et
1356 2202 1489 2257 dixit
1517 2201 1729 2258 Adamo
1772 2221 1786 2256 :
1844 2201 2109 2269 Quoniam
2208 2215 2289 2262 est
2314 2207 2555 2278 deceptus
2584 2206 2653 2270 ",
2705 2212 2793 2261 est
2835 2202 3192 2274 perspicuum
3243 2198 3393 2269 quod
3446 2213 3552 2253 nec
3586 2196 3691 2252 fuit
3744 2195 3800 2249 in

525 2292 771 2353 audivisti
799 2309 975 2349 vocem
1018 2294 1196 2349 uxoris
1225 2301 1331 2349 tua!
1363 2302 1414 2349 et
1467 2295 1736 2351 comedisti
1772 2310 1835 2349 ex
1860 2293 2003 2366 ligno
2047 2295 2111 2349 de
2208 2314 2338 2356 eum
2362 2299 2573 2354 crimen
2604 2298 2961 2353 intentatum.
2988 2294 3088 2350 Sin
3117 2299 3303 2348 autem
3339 2290 3447 2346 fuit
3476 2290 3689 2346 crimen
3714 2288 3799 2342 in-

523 2400 627 2453 quo
647 2384 760 2441 solo
778 2384 1020 2456 tibijussi
1044 2402 1109 2440 ne
1131 2385 1447 2452 comederes,
1472 2386 1757 2443 maledicta
1780 2396 1857 2442 est
1886 2389 2109 2443 terrain
2208 2399 2512 2452 tentatum,
2540 2389 2743 2461 injuria
2768 2387 2998 2453 omnino
3023 2385 3132 2443 fuit
3152 2384 3389 2440 allectus
3416 2382 3490 2438 ob
3514 2382 3665 2436 illam
3685 2380 3796 2436 cri-

522 2476 787 2547 eperibus.
827 2476 895 2533 In
923 2477 1201 2535 laboribus
1223 2494 1343 2534 eam
1387 2480 1623 2539 comedes
1652 2480 1892 2535 omnibus
1927 2480 2107 2537 diebus
2207 2483 2594 2539 minationem.
2631 2481 2690 2539 Si
2721 2490 2909 2537 autem
2931 2494 3044 2535 non
3068 2477 3177 2534 fuit
3199 2476 3403 2547 injuria
3424 2474 3681 2539 allectus,
3712 2484 3798 2528 est

520 2571 766 2631 nitwtua:
797 2587 817 2625 :
839 2572 1023 2641 spinas
1054 2578 1104 2625 et
1139 2571 1357 2626 tribulos
1380 2570 1629 2643 producet
1656 2572 1770 2637 tibi,
1798 2579 1847 2626 et
1871 2573 2107 2633 comedes
2209 2576 2567 2648 perspicuum
2589 2574 2736 2646 quod
2764 2588 2870 2629 nec
2901 2571 3007 2629 luit
3055 2568 3408 2628 maledictus.
3464 2564 3575 2625 Sed
3625 2581 3797 2621 uxore.

521 2677 715 2731 panem
734 2669 912 2729 tuum,
936 2663 1097 2717 donec
1120 2665 1403 2719 revertaris
1431 2665 1487 2717 in
1512 2673 1712 2718 terram
1737 2679 1803 2719 ea;
1829 2681 1932 2735 qua
1956 2681 2107 2719 sum-
2207 2687 2310 2737 sua
2334 2671 2405 2726 ad
2435 2670 2614 2742 ipsun]
2634 2683 2877 2732 reversa,
2895 2667 3013 2737 ipse
3038 2680 3152 2721 non
3186 2665 3456 2733 deceptus
3477 2660 3643 2733 (sicut
3666 2658 3795 2714 mu-

521 2758 644 2824 plus
665 2769 740 2821 es,
793 2758 1045 2825 quoniam
1092 2764 1236 2813 terra
1286 2773 1359 2821 es,
1396 2766 1445 2810 et
1488 2758 1543 2811 in
1577 2764 1779 2813 terram
1807 2758 2103 2817 reverteris.
2204 2765 2312 2819 iies
2339 2764 2452 2834 jam
2498 2760 2761 2831 diximus)
2789 2760 2845 2814 in
2873 2774 2935 2814 se
2978 2757 3228 2827 suscepit
3260 2770 3503 2827 poenam.
3561 2752 3625 2806 Et
3657 2766 3798 2820 quo-

521 2843 651 2901 Baac
682 2861 807 2901 cum
843 2863 874 2901 a
900 2847 1015 2905 Deo
1064 2848 1372 2907 audivisset
1420 2847 1619 2915 Adam,
1657 2848 1843 2907 statim
1888 2849 2109 2909 vocavit

2208 2856 2359 2912 niam
2395 2853 2691 2909 universus
2722 2859 2933 2909 nostrae
2960 2849 3237 2911 orationis
3254 2864 3460 2918 scopus
3485 2853 3572 2901 est
3595 2842 3796 2899 adver-

520 2953 722 2994 nomen
754 2941 1089 3001 uxorissum
1109 2941 1311 2999 Vitam.
1350 2939 1618 3009 Quoniam
1648 2957 1709 2996 ea
1771 2951 1867 3006 est,
1902 2941 2104 3013 inquit,

2206 2962 2305 3005 sus
2339 2948 2581 3008 Iudaeos,
2606 2946 2678 3001 ad
2705 2943 3110 3001 obstruendum
3134 2957 3241 2999 ora
3268 2940 3491 2997 illorum
3529 2934 3794 2997 dicentia.

521 3035 698 3082 mater
719 3030 954 3086 omnium
970 3032 1274 3091 viventium
1309 3030 1452 3099 Quid
1476 3032 1639 3098 dicis,
1675 3048 1710 3088 ο
1741 3032 1940 3088 homo?
1975 3033 2109 3089 Ter-
2207 3042 2358 3113 quod
2386 3040 2432 3096 si
2460 3022 2729 3096 Christus,
2771 3037 2876 3092 fuit
2908 3035 3257 3097 maledictum
3316 3040 3375 3088 et
3403 3031 3457 3085 in
3513 3027 3797 3084 Christum

521 3121 719 3177 ribiles
744 3136 777 3177 a
815 3123 929 3181 Deo
985 3124 1405 3183 criminationes
1448 3132 1579 3181 sunt
1630 3125 1686 3181 in
1728 3133 1782 3185 te
1818 3125 2105 3185 intentata:
2209 3131 2563 3188 maledictum
2587 3136 2772 3199 sperat
2810 3126 3109 3183 multitudo
3155 3123 3646 3185 Christianorum:
3675 3133 3797 3177 om,

521 3222 752 3284 propter
790 3215 1102 3283 mulierem,
1153 3225 1211 3274 et
1260 3217 1694 3283 exsecrationes,
1719 3225 1777 3273 et
1816 3232 2016 3288 pcenae,
2047 3228 2106 3277 et
2131 3241 2175 3302 (ς
2207 3226 2345 3281 niue
2364 3238 2589 3281 necesse
2630 3231 2716 3277 est
2740 3236 2840 3275 uos
2889 3220 3056 3276 etiam
3096 3233 3164 3275 ex
3193 3217 3531 3277 documento
3562 3213 3802 3287 prophe.

519 3308 833 3375 sententiae,
875 3317 933 3364 et
962 3324 1133 3373 mors,
1169 3318 1225 3365 et
1254 3307 1666 3373 exterminatio,
1687 3317 1747 3364 et
1775 3308 2018 3375 dolores,
2048 3317 2106 3365 et
2209 3317 2323 3374 tico
2368 3315 2680 3372 ostendere.
2712 3314 2924 3380 Judwo,
2983 3312 3137 3383 quod
3167 3326 3272 3382 pro
3318 3309 3571 3369 Ecclesia
3601 3322 3799 3378 passus

520 3413 722 3469 pinnae,
744 3409 801 3457 et
829 3401 1040 3464 tribuli.
1064 3412 1121 3456 et
1146 3401 1403 3466 sudores,
1432 3409 1490 3458 et
1512 3403 1632 3467 irae,
1664 3409 1722 3458 et
1757 3418 2106 3475 quiscunque
2206 3416 2292 3465 est
2321 3406 2597 3470 Christus,
2638 3420 2751 3461 non
2783 3414 2970 3463 autem
3004 3419 3105 3475 pro
3132 3404 3249 3463 suis
3276 3401 3541 3473 peccatis.
3591 3398 3799 3455 Scribit

520 3497 654 3547 Sunt
683 3491 912 3562 gravia:
948 3500 1004 3546 et
1026 3508 1149 3548 eam
1177 3508 1301 3562 qua:
1333 3491 1434 3547 tibi
1461 3494 1712 3549 omnium
1751 3493 1949 3553 horum
2001 3492 2107 3548 l‘uit
2206 3502 2430 3573 quidem
2456 3509 2609 3557 certe
2629 3500 2797 3556 lsaias
2813 3499 3060 3555 clamans
3085 3494 3681 3553 adversusludasorum
3713 3492 3798 3547 in-

519 3599 685 3643 ﬁallsa
728 3586 911 3648 Vitam
956 3589 1245 3658 appellas!
1287 3605 1411 3645 eam
1457 3605 1590 3661 ergo
1633 3587 1820 3661 potius
1879 3588 2106 3645 nomina
2206 3591 2892 3653 credulitatemtbomiue,
2911 3592 3028 3661 quis
3044 3587 3267 3643 credidit
3285 3587 3498 3645 audiui
3524 3590 3725 3651 nostro,
3747 3592 3797 3637 et

518 3685 779 3741 mortem,
807 3678 1235 3743 insidiatricem,
1259 3680 1648 3751 proditricem,
1671 3687 1729 3736 et
1747 3680 1918 3737 totius
1946 3696 2110 3751 mun-
2205 3687 2477 3743 brachium
2490 3684 2727 3747 Domini,
2748 3696 2947 3751 nempe
2962 3679 3239 3743 Christus,
3266 3679 3351 3733 cui
3373 3685 3449 3733 est
3467 3675 3752 3731 revelatum
3773 3675 3799 3728 ?

517 3767 578 3823 di
604 3768 926 3827 scandalum
974 3779 1033 3826 et
1060 3772 1408 3844 naufragium
1444 3791 1456 3827 :
1491 3781 1552 3828 ut
1606 3788 1730 3843 qua:
1784 3788 1894 3829 non
1923 3772 2109 3829 feren-
2205 3778 2598 3836 Annuntiamus
2628 3791 2811 3829 coram
2834 3775 2969 3844 ipso,
3001 3779 3263 3842 tauquam
3307 3784 3439 3841 puer
3462 3776 3514 3823 et
3536 3775 3797 3838 tanquam

518 3859 717 3915 dorum
751 3863 1021 3921 malorum
1055 3865 1128 3919 sit
1167 3864 1376 3920 mundo
1409 3865 1777 3930 conciliatrix,
1806 3873 1868 3922 ut
1889 3881 2013 3936 qua
2034 3866 2108 3922 sit
2207 3871 2363 3924 radix
2390 3871 2445 3924 in
2465 3877 2609 3922 terra
2641 3866 2841 3921 sitienti
2871 3873 2964 3919 :et
2989 3862 3216 3918 vidimus
3244 3863 3442 3931 ipsum,
3470 3867 3522 3914 et
3560 3875 3671 3914 non
3699 3858 3799 3913 ha-

516 3955 780 4013 omnibus
810 3956 1090 4024 insidiata,
1120 3965 1345 4028 utque.
1369 3974 1571 4015 omnes
1594 3958 1846 4015 aﬂ’ecerit
1878 3959 2103 4033 injuria,
2205 3961 2357 4019 hebat
2395 3960 2617 4031 speciem
2648 3974 2743 4012 nec
2790 3952 3390 4028 putchritudinem:sed
3435 3953 3630 4023 species
3681 3950 3795 4022 ejus

520 4058 583 4104 ut
603 4064 726 4119 quas
750 4050 1014 4106 omnibus
1034 4051 1325 4107 interitum
1351 4051 1621 4118 attulerit,
1648 4061 1706 4107 et
1734 4067 1931 4109 omnes
1979 4068 2109 4124 per-
2204 4054 2476 4117 indecora,
2506 4049 2756 4120 deﬁciens
2794 4057 2989 4121 prwter
3014 4046 3154 4117 ﬁlios
3186 4046 3455 4101 hominum
3477 4045 3544 4099 ⁷⁷.
3577 4044 3637 4099 1η
3667 4057 3796 4115 pas-

518 4140 748 4196 diderit.
778 4141 945 4207 Siste,
976 4142 1178 4213 inquit,
1222 4142 1390 4201 homo
1440 4143 1534 4214 qui
1574 4144 1699 4200 hac
1739 4144 1882 4201 dicis
1916 4163 1927 4199 :
1965 4144 2120 4200 Deus.
2206 4146 2363 4205 sione
2400 4145 2587 4201 crucis
2614 4158 2745 4199 eum
2764 4158 2877 4199 non
2913 4140 3122 4196 habere
3168 4138 3410 4209 speciem
3441 4153 3623 4208 neque
3671 4138 3797 4208 pul-

516 4240 593 4285 est
635 4232 726 4301 qui
761 4231 1049 4302 justiﬁeat,
1093 4233 1211 4305 quis
1256 4242 1343 4288 est
1385 4235 1477 4304 qui
1525 4234 1833 4290 condemnet
1855 4234 1903 4267 ⁷⁸
1931 4234 1955 4288 ?
1984 4234 2106 4291 Non
2205 4238 2582 4295 chritudinem
2612 4236 2892 4299 audimus,
2922 4233 3189 4305 quoniam
3221 4232 3422 4289 malam
3474 4229 3794 4300 pulchritu-

515 4323 668 4379 enim
720 4324 830 4382 fuit
896 4325 1141 4385 hominis
1199 4325 1423 4397 adjutor
1488 4327 1610 4398 ejus
1666 4326 1959 4394 inimicus,
2011 4342 2109 4384 ne-
2204 4332 2391 4388 dinem
2413 4332 2564 4387 illius
2590 4331 2727 4401 ligni
2752 4329 2909 4400 quod,
2932 4326 3152 4397 aspexit
3172 4323 3379 4381 mulier
3408 4322 3706 4393 pulchrum
3729 4322 3795 4376 ad

520 4428 632 4482 que
666 4414 778 4471 erit
805 4431 1073 4482 unquam.
1114 4416 1191 4474 De
1225 4426 1428 4473 caetero
1455 4431 1526 4473 ne
1552 4416 1701 4472 nuda
1734 4417 1901 4477 verba
1922 4427 2108 4474 atten—
2205 4423 2507 4479 videndum
2531 4428 2589 4476 et
2620 4420 2906 4490 pulchram
2934 4417 3146 4477 habens
3166 4413 3436 4485 speciem,
3460 4413 3623 4468 Jesus
3648 4411 3799 4471 dele-

517 4507 638 4573 das,
678 4506 773 4563 sed
808 4506 1050 4577 aspicias
1073 4507 1141 4563 ad
1186 4523 1376 4564 rerum
1411 4516 1688 4567 naturam.
1735 4507 1875 4564 Nam
1902 4509 1950 4565 si
1985 4509 2104 4566 haec
2209 4515 2289 4571 vit
2319 4515 2375 4570 in
2391 4514 2569 4569 forma
2607 4511 2830 4583 propria
2871 4526 2969 4581 per
2993 4509 3204 4579 lignum
3233 4498 3442 4571 crucis,
3476 4504 3625 4576 quod
3677 4520 3799 4560 sus-

517 4600 746 4670 quidem
790 4600 1116 4657 dicerentur
1160 4599 1231 4655 de
1257 4600 1406 4657 nuda
1439 4601 1691 4666 muliere,
1722 4602 1884 4672 justas
1911 4610 2103 4659 essent
2131 4584 2178 4641 Ι)
2204 4608 2351 4679 cepit
2383 4622 2484 4679 pro
2525 4605 2803 4677 spirituali
2850 4619 2952 4661 sua
2991 4599 3281 4658 Ecclesia,"
3303 4598 3605 4669 Subjunxit
3646 4597 3808 4653 enim.

518 4702 631 4749 tuae
673 4694 1139 4764 reprehensiones
1176 4712 1189 4748 :
1235 4709 1362 4751 cum
1407 4705 1599 4750 autem
1643 4693 1807 4750 nobis
1851 4693 1998 4750 adsit
2045 4705 2104 4755 et
2201 4701 2473 4773 propheta
2501 4699 2572 4756 de
2595 4713 2663 4756 eo
2699 4696 2941 4754 dicens:
3072 4724 3073 4727 η
3656 4700 3661 4703 ‘

517 4795 786 4856 sequatur
824 4787 1233 4856 inseparabilis,
1290 4787 1346 4840 in
1395 4802 1464 4841 eo
1489 4787 1637 4857 quod
1683 4786 1821 4843 dicit
1849 4786 1919 4844 de
1962 4786 2108 4846 Ada-

2269 4801 2573 4874 Ignominia
2609 4808 2686 4853 est
2713 4800 2926 4871 eiectus
2956 4804 3005 4850 et
3049 4810 3155 4849 non
3208 4799 3285 4847 est
3317 4798 3635 4863 reputatus;
3691 4790 3795 4845 hoc

520 4892 615 4932 ¹¹¹⁰
644 4886 701 4932 οι
747 4878 883 4944 Eva,
916 4877 1324 4934 εθοηίίεείωυε
1366 4877 1592 4944 Pam”,
1648 4888 1707 4935 θι
1736 4895 1936 4951 ωλϐηδ
1961 4896 2102 4937 νοοε
2200 4904 2288 4951 est
2321 4913 2334 4949 :
2366 4893 2413 4950 Α
2437 4895 2553 4950 Deo
2584 4890 2825 4947 traditus
2860 4889 2969 4945 fuit
2998 4895 3229 4959 propter
3271 4900 3395 4950 nos,
3427 4892 3485 4939 et
3513 4884 3797 4954 subjectus

519 4970 722 5025 clamet
747 4987 762 5024 :
801 4971 1110 5043 Mysterium
1142 4973 1517 5043 hoc-magnum
1540 4979 1638 5037 est,
1656 4990 1751 5044 ego
1781 4980 1965 5029 autem
1988 4974 2104 5030 dico
2200 4982 2308 5039 fuit
2333 4998 2509 5054 pana;
2531 4989 2760 5052 propter
2788 4978 3106 5042 mulierem,
3132 4986 3191 5032 et
3236 4990 3349 5033 non
3374 4984 3667 5045 reputatus
3694 4974 3799 5028 fuit

520 5063 577 5116 in
604 5061 812 5118 Christo
829 5072 879 5118 et
905 5064 1147 5119 Ecclesia
1168 5066 1253 5129 7';
1294 5063 1522 5120 omnino
1546 5076 1775 5122 necesse
1802 5074 1889 5122 est
1912 5076 1976 5122 ut
1999 5082 2103 5123 nos
2209 5076 2322 5146 pati
2352 5081 2579 5146 propter
2593 5088 2675 5129 se.
2697 5072 2817 5139 Ipse
2840 5072 3002 5135 enim,
3036 5067 3240 5138 inquit,
3269 5065 3379 5122 l'ert
3408 5075 3635 5136 peccata
3696 5082 3797 5120 no-

519 5168 698 5223 ιιείιυε
723 5152 793 5209 δά
821 5169 993 5209 unum
1019 5154 1133 5209 ίοω
1179 5162 1237 5208 ει
1261 5169 1431 5208 unum
1471 5155 1707 5224 apicem.
1749 5156 1938 5212 omnia
1979 5171 2104 5228 quae
2210 5177 2346 5234 stra,
2394 5176 2453 5222 et
2482 5182 2582 5238 pro
2622 5165 2789 5221 nobis
2835 5164 2990 5220 dolet
3038 5160 3321 5218 audiens:
3386 5158 3673 5213 Maledicta
3721 5165 3810 5210 est'

520 5247 724 5316 scripta
750 5257 881 5303 sunt
901 5248 971 5302 de
1000 5247 1348 5317 Protoplasto
1390 5246 1602 5303 Adamn
1663 5257 1721 5304 et
1739 5249 1877 5315 Eva,
1932 5251 2101 5307 iutel~
2208 5267 2377 5321 serra,
2409 5257 2521 5312 hoc
2547 5265 2656 5323 est,
2684 5265 2911 5312 terrena
2940 5264 3036 5311 tua
3087 5253 3221 5318 vita,
3272 5250 3417 5321 apud
3444 5249 3670 5309 Judaws
3700 5248 3796 5316 (ιυί

519 5336 757 5408 ligamus
774 5339 843 5394 de
878 5337 1104 5395 Christo
1127 5346 1184 5394 et
1212 5340 1482 5397 Ecclesia.
1513 5339 1570 5396 Si
1608 5349 1794 5397 autem
1825 5357 2103 5415 repugnas
2204 5347 2287 5403 sic
2308 5346 2559 5419 iudicant
2589 5347 2646 5403 in
2675 5346 2942 5417 operibus
2972 5343 3086 5400 tuis
3110 5386 3111 5389 η
3131 5339 3534 5400 ineﬂ'abilihus.
3566 5336 3806 5393 Maledi-

522 5430 595 5487 iis
618 5446 743 5502 quae
768 5432 919 5488 dicta
937 5441 1101 5488 sunt:
1129 5432 1220 5488 die
1239 5433 1400 5499 mihi,
1425 5449 1633 5505 quaso,
1663 5435 1947 5505 quomodo
1966 5437 2101 5493 nudi
2206 5449 2360 5494 ctum
2411 5438 2561 5494 enim
2592 5438 2913 5493 nominatus
2938 5450 3003 5491 es
3057 5450 3088 5488 a
3125 5434 3276 5489 Mosc
3318 5429 3591 5489 dicente":
3631 5428 3800 5485 Hale-

520 5539 552 5577 a
582 5523 927 5595 subligaculo
954 5525 1011 5579 in
1037 5526 1444 5582 examinatione
1482 5526 1715 5599 ingressi
1748 5528 2100 5598 protoplasti,
2205 5532 2375 5587 dictus
2405 5540 2481 5586 est
2496 5531 2666 5586 omnis
2700 5529 2792 5598 qui
2844 5527 3036 5599 pendet
3076 5528 3149 5580 in.
3184 5525 3329 5597 ligno
3365 5523 3435 5578 ⁷⁸.
3473 5522 3545 5581 Et
3571 5521 3747 5578 Judaei
3782 5540 3796 5576 :

522 5613 827 5686 injudicio,
859 5631 890 5672 a
922 5617 1035 5672 Deo
1062 5616 1242 5673 induti
1278 5626 1410 5673 sunt
1435 5626 1493 5674 et
1520 5618 1926 5691 tectipelliceis
1951 5620 2103 5676 tuni-
2208 5621 2313 5676 iste
2342 5622 2496 5677 homo
2555 5627 2630 5675 est
2678 5617 3010 5681 maledictus,
3060 5617 3315 5687 quoniam
3364 5611 3661 5671 Sabbatum
3691 5628 3795 5666 non

526 5815 640 5948 πεῖ
661 5813 850 5942 £331..
872 5832 958 5954 In:
1149 5818 1195 5850 τι
1227 5818 1385 5874 Rom.
1415 5835 1527 5883 vm,
1551 5818 1639 5885 55,
1674 5819 1762 5873 51.
1840 5819 1885 5850 "
1918 5818 2119 5889 Ephes.
2152 5834 2203 5883 ν,
2228 5818 2316 5872 32.
2386 5818 2631 5873 "lTim.
2659 5836 2717 5886 ιι,
2755 5821 2834 5875 ιι.
2892 5820 2935 5851 ⁷⁷
2965 5819 3067 5875 Isa.
3101 5834 3208 5886 mu,
3239 5816 3367 5875 1-5.’
3424 5819 3659 5874 "Deut.
3686 5833 3794 5881 xxi,
