4056 6148
526 432 660 499 1045

1500 408 1521 431 ’
1606 432 1689 494 IN
1729 430 2278 493 HEXAEMERON.
2316 455 2385 465 —-
2414 430 2558 490 LIB.
2599 432 2705 491 xr.

3652 436 3786 500 tots

519 553 648 599 ante
677 538 997 608 hominem;
1034 550 1090 596 et
1124 556 1191 594 ex
1216 549 1413 596 natura
1452 536 2104 612 innuortalicxpcrthuc
2135 549 2174 602 Α
2211 548 2413 595 tatem:
2452 548 2547 593 aut
2574 540 2619 594 si
2659 554 2851 595 rursus
2872 541 3115 612 tetigerit
3153 542 3205 597 id
3222 545 3381 614 quod
3403 555 3486 602 est
3508 547 3783 612 deterius.

519 633 764 689 materiae
805 640 862 687 et
898 632 953 686 in
983 648 1147 702 quam
1179 648 1289 687 non
1327 633 1477 689 cadit
1506 633 1803 700 interitus;
1840 632 2102 686 inducere

520 740 755 796 corpora
777 725 1036 779 mortalia
1061 735 1119 780 et
1144 725 1289 780 ﬂuxa
1318 734 1375 780 et
1401 726 1456 780 in
1483 741 1605 796 qum
1638 725 1860 780 caderet
1906 724 2100 778 interi-

521 826 632 872 tus.
660 816 989 872 Secundum
1020 833 1213 872 rursus
1255 817 1390 871 dicit
1420 818 1602 881 Pater,
1637 817 1783 887 quod
1809 817 2102 872 diversitas

519 910 710 980 ﬁgura:
737 910 1063 979 genitalium
1088 918 1089 921 ‘
1111 908 1488 963 membrorum
1516 908 1709 963 Adami
1749 917 1805 965 et
1833 910 1978 973 Evae,
2010 923 2099 962 os-

521 1002 701 1056 tendit
736 1001 885 1071 quod
916 1017 981 1056 ea
1025 1001 1138 1055 illis
1196 1001 1339 1055 facta
1368 1000 1585 1056 fuerant
1640 1001 2005 1056 instrumenta
2032 1000 2100 1054 ad

433 1109 459 1131 τι
519 1095 895 1165 procreandos
919 1104 977 1148 et
1026 1092 1379 1149 seminandus
1406 1093 1566 1148 ﬁlios.
1623 1094 1894 1158 Tertium,
1952 1092 2100 1163 quod

450 1184 457 1185 ί
516 1187 726 1241 dixerit
755 1186 1041 1256 Scriptura
1076 1187 1265 1241 statim
1302 1202 1427 1241 cum
1471 1188 1588 1256 ipsa
1628 1188 1910 1242 creatione
1948 1184 2102 1240 :Ma-

516 1278 719 1333 scutum
748 1290 796 1333 et
828 1280 1081 1351 feminam
1112 1280 1231 1349 fecit
1254 1296 1356 1333 eos.
1384 1280 1445 1334 lu
1475 1288 1670 1335 natura
1695 1280 1935 1335 increata
1956 1289 2016 1334 et
2042 1279 2100 1335 in

518 1384 684 1438 quam
735 1384 847 1422 non
883 1368 1109 1423 caderet
1159 1370 1442 1433 interitus,
1477 1369 1605 1439 quis
1652 1379 1771 1425 erat
1812 1385 1946 1424 usus
1978 1385 2099 1424 ma-

518 1462 660 1517 sculi
696 1471 754 1516 et
775 1461 1039 1516 feminae?
1078 1461 1369 1527 Quartum,
1416 1462 1566 1532 quod
1598 1478 1696 1533 per
1722 1462 1802 1518 eis
1830 1463 2034 1517 dictam
2068 1478 2099 1517 a

517 1554 629 1609 Deo
662 1552 1113 1608 benedictionem
1152 1570 1165 1605 :
1196 1551 1444 1619 Crescite,
1479 1562 1528 1606 et
1570 1553 2020 1627 multiplicamini,
2050 1564 2098 1607 et

518 1641 715 1711 replete
742 1649 962 1706 terram,
989 1640 1306 1696 ostenditur
1330 1657 1522 1696 eorum
1557 1643 1795 1705 ﬁliorum
1844 1660 2097 1714 procrea-

518 1730 595 1784 tio
623 1746 720 1801 per
744 1740 924 1786 satum
949 1732 1311 1786 et-carnalem
1351 1743 1593 1803 partum.
1623 1734 1914 1801 Quintum,
1949 1736 2096 1805 quod

514 1830 645 1877 ante
667 1823 883 1893 lapsum
914 1822 1061 1877 Deus
1081 1823 1358 1877 mandarit
1388 1833 1448 1878 ut
1475 1824 1610 1895 ipsis
1657 1836 1713 1880 et
1735 1828 2005 1897 iumentis
2042 1836 2098 1882 et

2202 630 2362 701 921
2415 632 2719 702 perfectam
2752 632 2947 687 subeat
2977 644 3248 702 mortem;
3281 638 3429 706 quod
3478 639 3646 694 etiam
3706 643 3787 696 fa-

2205 735 2354 777 ctum
2376 732 2462 778 est
2490 725 2890 780 convenienter
2916 726 3036 780 voci
3071 742 3193 796 qua:
3223 728 3437 784 ei'dixit
3463 748 3477 783 :
3505 730 3670 786 Terra
3710 749 3786 796 es,

2204 825 2254 869 et
2285 820 2341 870 in
2368 826 2567 871 terram
2591 819 2888 872 reverteris.
3046 830 3055 835 ‘
3349 868 3358 881 ,

2274 907 2382 963 Sed
2406 908 2474 963 de
2494 909 2597 962 hac
2630 909 2818 965 divina
2848 912 3124 965 sententia
3172 912 3240 967 de
3273 921 3472 969 caetero
3507 914 3671 970 nobis
3692 930 3787 969 oc-

2202 1001 2381 1056 currit
2414 1003 2467 1055 in
2498 1003 2792 1070 praesentia
2840 1002 3138 1058 dicendum
3170 1005 3434 1061 adversus
3489 1005 3787 1063 Samarita—

2201 1106 2358 1145 num.
2397 1091 2548 1145 Hanc
2580 1092 2727 1146 enim
2756 1093 2919 1147 nobis
2941 1093 3184 1151 divinam
3206 1110 3398 1151 vocem
3426 1111 3632 1166 susque
3682 1098 3783 1154 de-

2202 1198 2309 1253 que
2336 1182 2526 1252 objicit
2546 1183 2610 1237 ad
2640 1184 2942 1255 negantiam
2977 1196 3035 1239 et
3064 1186 3390 1241 abolendam
3428 1198 3782 1246 mortuorum

2204 1277 2699 1341 resurrectionem,
2733 1293 2855 1347 quae
2877 1277 3013 1333 dicit
3033 1277 3244 1333 Adamo
3274 1296 3287 1332 :
3321 1278 3485 1334 Terra
3524 1297 3597 1347 es,
3631 1289 3681 1335 et
3725 1284 3784 1337 in

2200 1378 2406 1423 terram
2433 1371 2727 1424 reverteris.
2763 1370 3046 1427 Adversus
3080 1387 3246 1442 quem
3270 1371 3357 1442 (ut
3397 1374 3564 1428 etiam
3600 1374 3781 1432 dicam

2201 1461 2568 1531 corporalius)
2610 1460 2744 1515 illud
2794 1468 2919 1515 ante
2981 1462 3087 1517 alia
3142 1472 3362 1533 oportet
3419 1467 3781 1533 contendere,

2201 1551 2349 1620 quod
2378 1567 2487 1605 non
2517 1561 2602 1606 est.
2627 1552 2839 1623 integre
2863 1569 2929 1607 ex
2980 1562 3129 1609 terra
3165 1572 3177 1607 :
3206 1555 3303 1610 sed
3344 1556 3530 1627 aliqua
3556 1557 3780 1628 quidem

2202 1658 2329 1711 pars
2359 1659 2426 1697 ex
2455 1651 2623 1702 terra.
2650 1644 2833 1715 aliqua
2893 1654 3080 1699 autem
3106 1662 3219 1701 non
3251 1664 3319 1702 ex
3351 1659 3523 1717 terra,
3564 1650 3664 1706 sed
3714 1666 3781 1708 ex

2200 1736 2313 1789 Deo
2367 1752 2466 1803 per
2517 1738 2978 1792 insnlilationem.
3043 1740 3281 1810 Propter
3344 1743 3490 1811 quod
3544 1745 3780 1801 animam

2200 1842 2421 1897 quoque
2447 1829 2727 1884 viventem
2758 1829 2979 1885 vocavit
3007 1831 3165 1886 illum
3193 1834 3380 1900 Deus;
3411 1844 3466 1890 et
3489 1834 3784 1907 opertebat

512 1912 843 1968 volucribus
864 1916 1176 1970 communis
1208 1926 1355 1981 esset
1375 1933 1508 1973 esus
1536 1918 1830 1991 seminum.
1868 1920 2092 1975 Sextum
2129 1900 2170 1955 Β
2204 1916 2373 1990 (sicut
2425 1921 2591 1975 etiam
2631 1922 2767 1976 dicit
2820 1922 3049 1993 quidam
3107 1941 3174 1979 ex
3232 1927 3499 2000 externis)
3541 1931 3780 2000 quodex

513 2019 712 2059 rursus
756 2005 892 2060 dicit
937 2007 1199 2076 magister
1231 2025 1244 2061 :
1289 2008 1346 2063 Si
1391 2026 1543 2063 omne
1570 2010 1709 2081 quod
1736 2012 1905 2066 intrat
1932 2014 1986 2066 in
2016 2029 2092 2080 os,

509 2097 653 2149 Dttdtl
678 2098 733 2151 in
764 2114 1023 2153 secessum
1052 2100 1196 2164 “'3’,
1224 2110 1286 2154 ut
1308 2109 1393 2155 est
1425 2117 1527 2155 vox
1551 2103 1791 2168 Domini,
1820 2104 1936 2159 ﬁeri
1983 2122 2094 2160 non

510 2199 700 2258 posset
731 2197 793 2242 ut
822 2205 948 2244 cum
1000 2191 1105 2261 ipsi
1139 2193 1508 2249 communiter
1546 2204 1733 2249 essent
1792 2197 2094 2268 participes

508 2295 638 2336 esus
662 2282 954 2347 seminum,
975 2283 1068 2352 qui
1090 2292 1175 2338 est
1200 2286 1457 2355 proprius
1480 2286 1900 2357 jumentis,‘non
1928 2289 2092 2343 etiam

514 2386 705 2442 parem
733 2382 789 2428 et
818 2374 887 2428 ab
919 2375 1153 2429 interitu
1182 2392 1292 2431 non
1325 2378 1491 2432 alieni
1522 2378 1729 2433 ferrent
1793 2382 2092 2437 necessita-

508 2472 641 2519 tem.
683 2464 994 2534 Septimum
1019 2467 1168 2537 quod
1205 2478 1259 2523 et
1281 2471 1458 2523 somni
1481 2487 1761 2538 excessus,
1796 2484 1852 2527 et
1881 2476 2092 2530 excisio

508 2565 698 2623 costae,
731 2571 862 2612 sunt
890 2559 1094 2614 indicia
1129 2568 1185 2614 ct
1208 2573 1534 2632 argumenta
1573 2565 1759 2619 carnis
1785 2566 2091 2622 materialis

504 2658 564 2703 et
594 2663 627 2703 e
670 2657 815 2703 terra
862 2650 1076 2719 genitae,
1130 2658 1192 2704 ut
1234 2668 1356 2722 qua:
1382 2655 1566 2709 locum
1616 2674 1726 2711 non
1765 2658 2004 2714 habeant
2032 2659 2089 2714 in

505 2736 806 2791 immortali
849 2749 1067 2794 natura.
1096 2738 1385 2807 Octavum,
1411 2745 1457 2798 si
1492 2761 1689 2816 expers
1727 2750 1973 2805 materia:
2032 2760 2090 2805 ct

506 2830 871 2899 incorporeus
913 2840 1032 2885 erat
1080 2831 1250 2887 homo
1289 2845 1417 2891 ante
1444 2836 1902 2905 inobedientiam,
1951 2857 2088 2911 quo-

502 2920 669 2973 modo
690 2919 829 2974 dicit
849 2921 919 2975 de
941 2931 1094 2976 costa
1124 2938 1192 2977 ex
1217 2940 1286 2979 eo
1317 2937 1537 2997 sumpta
1575 2946 1588 2982 :
1616 2929 1727 2984 Hoc
1752 2949 1892 2986 nunc
1933 2949 1987 2986 os
2022 2950 2087 2987 ea:

500 3011 702 3063 ossibus
766 3013 915 3076 meis,
969 3021 1018 3064 et
1047 3030 1172 3067 caro
1213 3032 1277 3069 ea:
1326 3034 1485 3071 carne
1538 3023 1696 3074 mea?
1727 3023 1980 3089 Nonum,
2037 3027 2081 3081 si

500 3094 743 3152 Christus
773 3098 982 3153 dicitur
1006 3103 1256 3171 primitiae
1280 3103 1327 3137 ⁸⁸
1353 3116 1400 3159 et
1441 3110 1819 3181 primogenitus
1843 3130 1905 3167 ea:
1938 3133 2080 3169 mor-

2204 2018 2347 2063 terra
2387 2018 2491 2074 est,
2545 2012 2599 2065 in
2628 2022 2856 2077 terram,
2885 2014 3031 2082 quod
3063 2024 3249 2070 autem
3303 2033 3371 2073 ex
3402 2018 3515 2073 Deo
3561 2029 3665 2087 est,
3711 2024 3781 2078 ad

2197 2100 2370 2155 Deum
2404 2104 2611 2157 reverti
2657 2121 2668 2156 :
2705 2106 3158 2176 quandoquidem
3205 2124 3310 2163 nec
3359 2109 3474 2180 ipsa
3519 2118 3778 2169 universa

2195 2195 2445 2263 corporis
2486 2196 2729 2251 essentia
2765 2205 2849 2251 est
2881 2198 3093 2268 integre
3119 2217 3186 2255 ex
3216 2202 3500 2266 terra,scd
3533 2221 3600 2259 ex
3630 2205 3778 2276 igne,

2193 2293 2251 2340 et
2280 2302 2348 2341 ex
2374 2303 2523 2352 aere,
2556 2298 2619 2343 et
2636 2305 2800 2360 aqua.
2834 2290 2929 2346 Sin
2955 2301 3140 2347 autem
3161 2293 3329 2349 homo
3355 2305 3442 2351 est
3465 2296 3678 2368 integre
3712 2312 3776 2351 ex

2195 2387 2361 2446 terra,
2387 2381 2526 2435 nihil
2553 2382 2740 2437 differt
2763 2399 2793 2438 a
2827 2399 2955 2439 vase
2993 2384 3167 2452 ﬁctili,
3197 2396 3252 2442 et
3282 2389 3395 2459 jam
3442 2400 3630 2460 posset
3656 2391 3781 2462 qui-

2194 2469 2331 2524 libet
2361 2471 2559 2542 ﬁgulus
2590 2472 2799 2545 ﬁngere
2820 2475 3097 2534 homines.
3134 2476 3241 2533 Sed
3275 2495 3459 2550 neque
3482 2481 3664 2538 factus
3692 2494 3775 2537 est

2192 2563 2337 2618 alius
2368 2564 2536 2621 homo
2566 2581 2635 2620 ex
2669 2576 2814 2622 terra
2837 2568 2946 2623 nisi
2973 2570 3126 2626 solus
3148 2571 3321 2625 Adam
3360 2589 3372 2624 :
3398 2581 3455 2627 et
3483 2574 3773 2643 oportebat

2192 2653 2248 2707 in
2275 2655 2455 2723 ipsum
2494 2656 2673 2710 solum
2702 2657 2849 2712 ferre
2870 2661 3068 2714 mortis
3090 2661 3446 2727 sententiam,
3483 2674 3539 2719 et
3578 2679 3688 2718 non
3721 2665 3773 2717 in

2192 2746 2364 2799 ullum
2393 2747 2583 2803 alium.
2614 2748 2818 2805 Omnes
2841 2734 2990 2804 enim
3026 2768 3129 2807 nos
3162 2753 3418 2809 homines
3473 2770 3666 2811 sumus
3708 2774 3775 2813 ex

2189 2835 2530 2904 hominibus,
2578 2848 2637 2895 et
2672 2856 2782 2895 non
2831 2857 2899 2897 ex
2940 2852 3087 2898 terra
3124 2862 3136 2896 :
3189 2855 3245 2900 et
3275 2846 3514 2902 maxime
3548 2849 3654 2904 hoc
3705 2850 3775 2906 de

2186 2930 2418 2985 muliere
2446 2932 2555 2986 dici
2583 2948 2694 2988 non
2722 2934 2888 2988 habet
2918 2935 3123 3001 locum,
3144 2939 3409 3006 quoniam
3436 2939 3578 2994 facta
3600 2950 3774 2996 estex

2184 3024 2359 3077 latere
2384 3024 2595 3096 vitae”.
2631 3024 2800 3098 viri]:
2833 3036 2889 3082 et
2912 3038 3194 3098 oporteret
3220 3031 3271 3085 ei
3297 3030 3519 3087 dicere:
3545 3032 3701 3089 Costa
3718 3051 3772 3089 es

2185 3119 2429 3177 hominis,
2450 3127 2497 3171 et
2515 3119 2584 3172 ad
2610 3106 2809 3181 costam
2833 3126 3129 3179 reverteris.
3151 3125 3259 3180 Sed
3287 3142 3466 3198 neque
3492 3130 3768 3195 volucres,

501 3189 606 3242 tuis
644 3190 690 3222 ⁸⁷
715 3199 800 3260 (ut
829 3194 923 3262 qui
962 3194 1177 3262 primus
1209 3197 1425 3253 scilicet
1453 3198 1806 3259 suscitaverit
1849 3210 2083 3265 sanetis-
2108 3238 2153 3298 ο
2187 3207 2591 3280 si.speetentur
2611 3212 2780 3267 verba
2806 3212 3163 3281 Samaritani,
3185 3218 3449 3289 subjecta:
3467 3228 3597 3274 sunt
3617 3237 3770 3276 mor--

500 3276 704 3332 simum
732 3295 895 3334 suum
950 3298 1153 3352 corpus
1204 3286 1273 3340 ab
1334 3286 1563 3344 interitu
1616 3292 1858 3347 alienun]
1890 3304 1946 3350 et
1976 3297 2081 3350 im-

499 3371 776 3440 mortale),
808 3376 1088 3442 quomodo
1130 3375 1249 3430 ﬁeri
1280 3388 1464 3447 potest
1501 3393 1579 3449 ut,
1610 3394 1906 3456 antequam
1937 3399 2083 3445 esset

497 3462 925 3535 primogenitus,
956 3466 1138 3522 factus
1182 3470 1255 3524 sit
1281 3470 1450 3527 homo
1502 3491 1533 3529 a
1585 3478 1697 3531 Deo
1720 3479 1782 3533 in
1830 3479 2082 3536 incorru-

499 3555 690 3625 ptione
712 3558 897 3613 carnis
926 3568 982 3617 et
1007 3560 1061 3613 in
1091 3561 1546 3622 immortalitate?
1570 3570 1856 3625 Decimum
1892 3583 2079 3630 autem

498 3649 566 3703 ad
606 3650 755 3720 ipsos
804 3652 1342 3712 demonstrationem
1373 3659 1505 3714 facit
1558 3661 1651 3716 ille
1683 3663 1866 3731 Pater,
1929 3666 2079 3721 illam

497 3742 807 3799 Servatoris
856 3762 1048 3803 vocem
1090 3749 1159 3803 ad
1214 3738 1551 3808 Sadduéaeos
1591 3771 1714 3824 qua:
1741 3756 1895 3821 dicit,
1929 3760 2077 3828 quod

492 3830 590 3898 qui
620 3831 769 3902 digni
795 3835 968 3891 habiti
1005 3838 1215 3896 fuerint
1248 3841 1384 3895 illud
1436 3843 1696 3897 saeculum
1729 3846 1973 3915 assequi,
2021 3856 2078 3901 et

495 3919 645 3975 illam
704 3938 773 3978 ex
825 3932 1064 3986 mortuis
1134 3934 1624 3998 resurrectionem,
1664 3952 1828 4008 neque
1883 3957 2074 3996 uxores

489 4014 712 4081 ducunt,
745 4033 838 4072 nec
886 4022 1087 4075 nubunt
1111 4024 1176 4078 ⁸⁸.
1225 4025 1417 4094 Neque
1470 4024 1618 4079 enim
1653 4029 1890 4098 amplius
1933 4034 2074 4087 mori

489 4116 746 4174 possunt.
780 4109 835 4165 Si
864 4127 997 4183 ergo
1024 4131 1137 4169 non
1162 4125 1398 4185 possunt
1430 4118 1571 4172 mori
1600 4132 1725 4173 cum
1759 4122 1871 4176 sint
1907 4124 1959 4178 in
1990 4126 2073 4179 in-

485 4202 869 4271 corruptione,
900 4205 946 4258 si
981 4208 1207 4276 quidem
1253 4209 1535 4265 fabulatur
1584 4210 1870 4282 Origenes,
1926 4218 2073 4286 quod

491 4297 836 4367 resurgimus
865 4301 1002 4356 tales
1023 4311 1223 4359 natura
1238 4305 1511 4375 corporis,
1535 4306 1715 4376 qualis
1747 4316 1868 4363 erat
1897 4309 2069 4364 Adam

487 4398 617 4444 ante
641 4394 1162 4463 transgressionem.

558 4479 668 4535 Sed
721 4483 1074 4540 manifestum
1107 4496 1193 4542 est
1235 4488 1530 4561 Origenem
1566 4507 1768 4563 negare
1818 4510 2071 4553 resurre-

2188 3300 2249 3366 ti,
2286 3317 2467 3372 neque
2498 3306 2678 3374 pisces
2708 3323 2722 3359 :
2760 3321 2870 3361 non
2902 3308 3055 3362 enim
3076 3310 3190 3364 nati
3213 3319 3342 3365 sunt
3372 3328 3439 3366 ex
3475 3322 3643 3379 terra,
3672 3314 3767 3370 sed

2182 3405 2250 3445 ex
2279 3394 2459 3462 aquis.
2495 3394 2786 3462 Quomodo
2809 3407 2997 3453 autem
3040 3415 3166 3454 cum
3198 3401 3556 3474 irrprzecepto
3593 3405 3769 3462 dixis-

2180 3496 2270 3541 set
2304 3487 2451 3543 Deus
2474 3488 2685 3544 homini
2713 3508 2726 3543 :
2759 3489 2878 3557 Qua
2925 3495 3208 3548 autemdic
3256 3496 3586 3551 comederitis
3608 3512 3673 3552 ea:
3696 3497 3766 3553 li-

2180 3596 2284 3649 gno
2308 3584 2653 3650 cognoscendi
2677 3583 2872 3637 bonum
2896 3593 2946 3637 et
2972 3586 3197 3653 malum,
3224 3596 3392 3641 morte
3424 3591 3766 3648 moriemini:

2182 3670 2273 3723 hic
2302 3671 2359 3725 in
2392 3672 2572 3741 pomis
2605 3674 2836 3729 omnino
2867 3691 2978 3730 non
3016 3678 3328 3732 nominavit
3376 3689 3633 3747 mortem,
3664 3683 3763 3738 sed

2182 3763 2583 3830 reversionem,
2613 3766 2805 3821 dicens
2835 3784 2849 3820 :
2874 3767 3037 3822 Terra
3070 3783 3146 3835 es,
3190 3778 3238 3823 et
3270 3771 3321 3825 in
3344 3781 3542 3826 terram
3587 3789 3764 3843 reuer-

2179 3858 2327 3910 teris.
2368 3857 2448 3911 Tu
2472 3859 2650 3913 solum
2687 3859 2903 3916 redibis
2926 3870 2983 3916 et
3013 3865 3316 3919 reverteris
3348 3864 3401 3918 in
3446 3874 3670 3933 terram,
3702 3876 3763 3924 tu

2178 3949 2489 4015 solus,non
2516 3952 2684 4007 etiam
2716 3955 2940 4010 mulier.
2976 3954 3248 4022 Quoniam
3290 3974 3426 4030 ergo
3455 3974 3567 4015 non
3620 3960 3761 4016 dixit

2177 4041 2325 4097 Deus
2355 4059 2369 4098 :
2404 4043 2574 4098 Terra
2608 4045 2763 4110 estis,
2795 4055 2849 4101 et
2882 4048 2937 4102 in
2991 4057 3137 4104 terra
3184 4052 3535 4107 revertemiui
3566 4071 3580 4106 :
3618 4070 3759 4125 quo-

2177 4136 2343 4190 modo
2377 4137 2496 4192 illic
2526 4141 2899 4195 communiter
2937 4143 3198 4213 praecepit
3228 4161 3241 4197 :
3273 4144 3449 4200 Nolite
3470 4150 3755 4214 comedere,

2177 4242 2243 4279 ne
2265 4229 2575 4283 moriamini
2603 4231 2628 4283 ?
2664 4231 2733 4286 Et
2767 4249 2964 4289 rursus
3004 4235 3145 4289 dixit
3194 4240 3604 4294 communiter:
3638 4240 3757 4296 Ma-

2173 4318 2377 4373 sculum
2402 4329 2450 4374 et
2482 4321 2737 4390 feminam
2777 4325 2897 4395 fecit
2938 4342 3045 4393 eos,
3073 4339 3130 4385 et
3158 4330 3532 4386 communiter
3579 4331 3759 4387 domi-

2172 4411 2327 4465 nium
2352 4412 2604 4467 omnium
2645 4414 2801 4470 dedit
2833 4416 2935 4482 eis,
2971 4419 3345 4475 communiter
3386 4436 3568 4476 escam
3599 4423 3756 4492 prio-

2174 4518 2312 4568 rem,
2361 4511 2419 4558 et
2454 4506 2830 4562 communiter
2877 4508 3006 4564 vita:
3061 4496 3327 4581 degendae
3370 4513 3642 4569 rationem
3696 4516 3752 4570 in

482 4570 726 4625 ctionem
757 4575 961 4641 carnis,
989 4584 1048 4631 et
1086 4577 1213 4633 ideo
1233 4580 1414 4635 nudas
1442 4597 1506 4636 ac
1535 4582 1680 4638 solas
1705 4599 1826 4639 esse
1857 4586 2068 4643 animas
2103 4582 2145 4638 Ι)
2169 4592 2431 4665 paradiso
2467 4614 2481 4651 :
2523 4601 2897 4656 communiter
2949 4570 3318 4673 comederunt
3364 4621 3434 4660 ex
3485 4606 3655 4678 ligno,
3697 4617 3753 4664 et

482 4675 585 4716 nos
609 4671 666 4717 et
693 4664 989 4733 Adamum,
1015 4672 1238 4739 quando
1258 4672 1442 4729 factus
1465 4674 1593 4740 fuit,
1625 4676 1793 4746 impie
1845 4678 2067 4734 fabula-

483 4762 596 4819 tur,
632 4764 693 4810 ut
736 4774 861 4828 quae
922 4770 1114 4817 essent
1147 4774 1276 4819 ante
1311 4781 1532 4835 corpus.
1586 4770 1765 4837 Atque
1791 4769 1887 4839 qui
1926 4771 2065 4847 dicit

478 4845 723 4914 quidem,
748 4851 827 4904 ait
861 4851 981 4922 ipse
1005 4854 1340 4922 blethodius,
1371 4859 1774 4928 proleplastum
1802 4845 2062 4918 habuisse

477 4953 682 5010 corpus
717 4942 933 5000 firmius
961 4962 1025 5001 ac
1050 4948 1211 5020 longe
1239 4952 1461 5017 melius,
1492 4954 1641 5022 quod
1680 4955 1932 5012 ordinem
1964 4958 2061 5013 ha-

478 5030 649 5087 bebat
676 5035 1067 5094 intermedium
1090 5042 1237 5097 inter
1263 5043 1551 5098 interitum
1590 5057 1649 5101 et
1691 5047 2062 5121 incorruptio-

473 5141 623 5192 nem,
660 5144 758 5184 seu
795 5134 1153 5191 remotiorem
1184 5137 1252 5192 ab
1271 5137 1536 5203 interitu,
1567 5140 1614 5194 is
1640 5142 1870 5198 minime
1897 5145 2059 5201 aber-

472 5219 701 5273 raverit.
735 5219 910 5278 Nobis
952 5226 1100 5279 enim
1131 5227 1239 5282 hoc
1284 5229 1576 5285 conﬁrmat
1619 5233 2061 5303 sapientissimus

472 5307 758 5378 Salomon,
782 5314 978 5370 dicens
1019 5334 1031 5370 :
1052 5317 1281 5390 Propter
1307 5323 1757 5393 incorruptionem
1781 5327 1901 5396 fecit
1921 5327 2059 5384 Deus

468 5399 736 5456 hominem
763 5402 811 5436 ⁸³
847 5424 861 5460 :
894 5406 1002 5462 hoc
1033 5421 1138 5476 est,
1164 5412 1557 5469 intermedium
1590 5416 1736 5471 inter
1773 5418 2061 5476 inﬂexibi-

468 5490 685 5547 litatem
719 5504 777 5550 et
822 5497 1057 5567 ﬂuxum,
1117 5512 1176 5558 ut
1220 5517 1316 5559 aut
1343 5506 1410 5576 (si
1461 5507 1513 5561 id
1549 5509 1697 5578 quod
1745 5519 1831 5566 est
1856 5515 2057 5571 melius

466 5580 725 5675 elegerit,
747 5596 808 5642 ut
835 5589 1059 5646 videtur
1100 5592 1269 5648 etiam
1293 5595 1564 5666 Gregorio
1595 5598 1897 5673 Theologo)
1927 5619 2055 5675 pro-

467 5674 632 5732 cedat
654 5678 723 5734 ad
754 5682 1058 5751 perfectam
1112 5686 1584 5759 incorruptionem
1643 5703 1701 5750 et
1728 5694 2053 5756 immortali-

2170 4690 2544 4746 communiter
2576 4692 2759 4746 visum
2782 4703 3119 4764 receperunt
3154 4712 3167 4749 :
3202 4700 3578 4755 communiter
3601 4699 3750 4757 face-

2169 4786 2303 4832 runt
2359 4779 2721 4851 subligacula,
2767 4784 3141 4840 communiter
3198 4786 3500 4844 audierunt
3555 4804 3748 4846 vocem

2170 4871 2267 4926 Dei
2324 4872 2739 4930 deambulantis
2790 4876 2943 4933 sicut
2973 4877 3042 4933 de
3090 4894 3158 4933 eo
3198 4880 3354 4950 prius
3396 4882 3657 4950 diximus,
3691 4895 3748 4939 et

2168 4965 2543 5021 communiter
2564 4966 2890 5033 timuerunt,
2913 4977 2971 5024 et
2997 4969 3162 5026 simul
3193 4971 3537 5028 delituerant
3560 4990 3748 5046 :opor-

2167 5054 2320 5110 tebat
2346 5057 2519 5112 etiam
2552 5073 2650 5113 eos
2677 5060 2773 5129 qui
2800 5061 2987 5116 omnia
3016 5065 3390 5120 communiter
3410 5064 3663 5121 fecerunt
3689 5077 3748 5123 et

2161 5147 2310 5217 passi
2344 5156 2495 5214 sunt,
2535 5165 2888 5206 communem
2920 5162 2978 5208 et
3006 5155 3257 5210 eamdem
3297 5157 3463 5212 n-Deo
3493 5159 3744 5228 accipere

2162 5241 2493 5296 sententiam
2515 5258 2639 5313 quae
2662 5244 2801 5299 dicit
2832 5244 3047 5300 homini
3076 5247 3254 5317 eique-
3277 5248 3381 5305 soli
3411 5266 3426 5303 :
3475 5248 3638 5304 Terra
3665 5268 3738 5315 es,

2161 5343 2209 5386 et
2238 5335 2291 5388 in
2333 5345 2535 5389 terram
2560 5338 2853 5391 reverteris.
2881 5337 2984 5393 Hie
3009 5339 3183 5404 enim,
3230 5341 3276 5395 si
3307 5341 3445 5395 mihi
3476 5356 3589 5397 non
3615 5357 3743 5398 suc-

2159 5434 2385 5479 censeat
2407 5425 2794 5483 Samaritanus
2821 5436 2878 5482 et
2909 5428 3155 5495 Judteus,
3183 5446 3295 5485 non
3324 5431 3571 5500 loquitur
3592 5432 3739 5488 Deus

2158 5515 2228 5571 de
2254 5532 2364 5571 una
2403 5517 2620 5583 eadem,
2653 5518 2751 5575 sed
2779 5518 2848 5574 de
2869 5519 3106 5577 duabus.
3127 5522 3246 5577 Non
3273 5523 3422 5578 enim
3453 5532 3585 5580 tunc
3598 5523 3737 5579 dixit

2157 5609 2371 5664 homini
2396 5626 2410 5663 :
2439 5609 2526 5664 Ea:
2564 5619 2711 5666 terra
2745 5629 2819 5679 es,
2869 5620 2918 5666 et
2945 5614 3003 5667 in
3034 5621 3236 5669 terram
3266 5617 3543 5672 reverteris
3566 5632 3587 5672 :
3612 5618 3734 5682 sed,

2158 5702 2319 5757 Terra
2340 5719 2416 5770 es,
2441 5712 2492 5757 et
2520 5706 2576 5759 in
2606 5714 2804 5762 terram
2836 5707 3134 5775 reverteris,
3165 5707 3329 5765 aliam
3354 5719 3411 5766 et
3435 5709 3597 5768 aliam
3624 5719 3738 5770 ter-

537 5865 656 5902 "'”
677 5869 868 5927 Matth.
896 5888 982 5936 xv,
1017 5873 1103 5927 t7.
1179 5875 1224 5908 ”
1251 5876 1273 5931 Ι
1305 5874 1431 5933 Cor.
1458 5893 1545 5945 xv,
1568 5878 1659 5934 ‘20.
1738 5882 1779 5914 ⁸⁷
1810 5881 2024 5940 Coloss.
2078 5902 2119 5955 ι,
2148 5886 2230 5942 l8.
2309 5889 2356 5968 ἐξ
2383 5888 2518 5945 Luc.
2552 5906 2642 5959 xx,
2671 5889 2757 5946 '55.
2836 5892 2881 5926 ”
2909 5892 3037 5964 Sap.
3074 5854 3235 5961 1;“,
