4056 6148
329 400 462 463 illi”!

1448 436 1457 439 -
1521 404 1582 463 S.
1640 404 2039 464 ANASTASII
2094 406 2422 465 SlNAIT/E

3464 401 3600 468 1048

327 514 712 570 ramitmucns
768 516 836 570 Et
858 517 1126 587 quoniam
1160 517 1382 573 videtur
1414 516 1605 573 multis
1636 516 1731 573 hic
1782 533 1912 589 sen-
1943 524 1988 576 Α
2085 520 2361 588 Quoniam
2402 535 2539 591 ergo
2584 518 2883 589 didicimus
2942 518 3414 591 quemadmodum
3478 534 3599 576 ser-
3673 542 3680 549 -

323 624 422 663 sus
471 606 647 662 durus
699 615 756 661 et
805 615 1032 662 coactus
1061 647 1077 675 ,
1125 608 1172 662 si
1212 608 1456 675 videtur,
1504 610 1916 685 hocgprobabo

259 739 265 745 .
323 698 616 768 exemplis.
665 699 947 777 Ponamus
996 699 1170 754 Deum
1223 701 1412 756 dicere
1477 702 1583 773 ipsi
1635 702 1916 758 elemento

324 799 486 846 terra:
522 808 535 844 :
571 791 696 846 Tibi
729 791 877 858 dico,
910 808 944 847 ο
992 801 1166 859 terra,
1215 804 1365 849 terra
1406 810 1469 850 es
1500 803 1558 850 et
1591 795 1649 850 in
1707 804 1914 852 terram

323 881 660 949 reverteris;
714 898 902 937 annon
934 883 1226 939 manifesta
1257 893 1342 940 est
1368 887 1571 951 oratio,
1600 886 1748 957 quod
1778 886 1918 941 dicit

323 972 392 1027 de
417 972 635 1045 duabus
669 972 875 1029 terris?
903 973 975 1029 Et
1006 990 1200 1030 rursus
1225 964 1270 1030 Si
1290 975 1441 1032 dicat
1464 993 1641 1047 .aqute
1665 996 1677 1031 :
1708 979 1781 1034 Es
1803 977 1916 1034 ele-

324 1074 599 1131 mentum,
612 1075 669 1121 et
680 1067 747 1121 ad
760 1068 1094 1139 elementum
1109 1070 1428 1137 reverteris,
1450 1079 1538 1126 est
1553 1071 1913 1141 perspicuum

324 1159 475 1229 quod
508 1161 648 1216 dicit
670 1160 739 1216 de
760 1160 980 1216 duobus
1008 1162 1320 1218 elementis.
1368 1163 1642 1219 Similiter
1670 1164 1837 1218 etiam
1866 1164 1913 1218 si

323 1253 530 1309 dixerit
557 1253 754 1324 angelo
781 1271 794 1307 :
824 1253 896 1308 Es
923 1254 1164 1323 angelus,
1193 1265 1241 1309 et
1275 1257 1344 1310 ad
1383 1257 1638 1328 angelum
1682 1267 1911 1313 reverte-

324 1348 420 1411 ris,
446 1344 778 1417 signiﬁcavit
807 1346 971 1403 nobis
1028 1346 1168 1403 duos
1194 1349 1457 1418 angelos:
1492 1349 1569 1404 ita
1600 1350 1768 1405 etiam
1813 1368 1914 1423 per

325 1438 485 1502 illud,
519 1438 683 1503 Terra
708 1454 782 1503 es,
814 1446 864 1493 et
904 1440 960 1492 in
998 1448 1219 1521 terramx
1234 1443 1530 1506 reverteris,
1572 1459 1802 1500 necesse
1826 1455 1914 1501 est

325 1530 703 1602 intelligamus
752 1531 917 1595 aliam
968 1539 1027 1586 et
1076 1532 1243 1588 aliam
1275 1541 1505 1600 terram,
1535 1545 1592 1591 et
1640 1537 1808 1591 alium
1856 1549 1914 1594 et

324 1623 495 1679 alium
539 1623 736 1688 Adam,
794 1633 853 1679 et
903 1624 1069 1680 aliam
1098 1634 1158 1681 et
1193 1627 1356 1682 aliam
1406 1627 1800 1695 reversionem,
1856 1639 1914 1685 et

324 1717 492 1772 alium
514 1726 571 1777 et
595 1717 766 1775 alium
798 1717 1061 1774 reditum.
1089 1717 1216 1775 Haec
1232 1720 1516 1779 disserens
1540 1720 1908 1788 Samaritana,

326 1817 380 1863 te
414 1808 635 1864 ﬁdelem
659 1808 977 1879 praemunii,
1012 1817 1075 1864 ut
1130 1809 1407 1881 intelligas
1438 1811 1592 1866 illum
1648 1814 1914 1883 spiritua-

2018 628 2157 683 pens
2188 611 2434 668 comedit
2461 590 2662 667 terram
2689 611 2953 667 omnibus
2978 610 3331 678 diebustitae
3360 590 3475 667 suae
3500 627 3517 667 :
3546 620 3605 666 et

2018 720 2215 760 rursus
2240 705 2521 775 quomodo
2548 703 2802 761 Christus
2825 720 2947 759 eam
2979 703 3262 760 consumit
3306 711 3364 760 et
3399 719 3603 775 expur-

2016 809 2107 870 gat
2138 815 2265 855 cum
2300 800 2429 855 feno
2464 807 2521 854 et
2576 800 2752 870 spinis
2814 811 2872 856 et
2900 800 3124 855 tribulis
3153 799 3260 856 :de
3296 807 3500 856 caetero
3530 815 3603 856 ne

2018 894 2240 960 timeas,
2262 909 2443 963 neque
2464 893 2686 949 dubites
2728 893 2939 959 referre
2974 894 3041 948 ad
3073 894 3257 964 ipsum
3313 895 3605 966 cogitatio-

2014 1003 2143 1044 nem
2186 987 2536 1043 tuaminhoc
2559 987 2707 1058 quod
2731 987 2939 1043 dicitur
2970 1007 2983 1042 :
3020 986 3310 1042 Maledicta
3355 996 3498 1042 terra
3547 989 3606 1057 in

2014 1082 2256 1154 operibus
2288 1082 2414 1136 tuis.
2443 1082 2511 1137 Et
2537 1099 2548 1134 :
2575 1080 2639 1135 In
2664 1080 2930 1136 doloribus
2959 1080 3192 1134 comedes
3227 1095 3367 1143 eam,
3386 1088 3443 1135 et
3474 1094 3605 1151 pur-

2013 1174 2170 1245 gabis
2197 1183 2460 1244 tanquam
2493 1173 2764 1231 Dominus
2802 1182 3007 1228 terram
3048 1171 3244 1243 populi
3282 1172 3386 1226 tui.
3425 1170 3603 1226 Audi-

2013 1268 2196 1325 vimus
2222 1269 2373 1322 enim
2405 1267 2702 1338 quamdam
2727 1266 2895 1321 etiam
2922 1266 2978 1320 in
3007 1265 3129 1335 ipso
3170 1272 3365 1320 sancto
3392 1264 3604 1335 Spiritu

2016 1350 2297 1415 tristitiam
2331 1369 2560 1430 propter
2615 1366 2904 1428 peccatum
2970 1357 3234 1420 hominis,
3268 1363 3332 1427 ut
3382 1355 3604 1426 quando

2011 1452 2153 1507 dicit
2170 1451 2377 1505 Paulus
2407 1468 2419 1503 :
2445 1449 2524 1504 Ne
2550 1450 2773 1503 tristitia
2801 1450 3038 1520 aﬁiciatis
3057 1446 3316 1519 Spiritum
3337 1454 3602 1511 sanctum,

2013 1545 2067 1598 in
2107 1560 2209 1614 quo
2227 1542 2423 1614 signati
2460 1542 2584 1596 estis
2609 1543 2667 1594 in
2690 1541 2829 1595 diem
2845 1540 3221 1610 redemptionis
3236 1539 3307 1593 ’“.
3332 1536 3476 1593 Illud
3508 1552 3608 1591 au-

2016 1644 2166 1696 tem:
2200 1634 2396 1704 Spinas
2434 1642 2493 1691 et.
2523 1632 2744 1687 tribulos
2782 1631 3037 1703 producet
3066 1631 3178 1695 tibi,
3206 1629 3458 1701 apposite
3516 1629 3607 1684 in-

2014 1727 2300 1782 tellexeris
2326 1726 2396 1781 de
2420 1725 2643 1781 Christo
2668 1736 2726 1781 et
2743 1724 3024 1796 Synagoga
3056 1724 3245 1778 lsrael.
3264 1722 3423 1779 Unde
3435 1723 3605 1777 etiam

2016 1818 2111 1872 tali
2134 1826 2295 1872 terrm
2326 1826 2459 1872 tunc
2486 1816 2728 1882 dicebat,
2765 1815 2989 1886 quando
3041 1815 3094 1869 ei
3141 1814 3409 1884 imposuit
3438 1829 3605 1869 coro-

323 1901 431 1957 lem
453 1898 726 1955 Adamum
758 1899 853 1969 qui
886 1899 1028 1957 dixit
1055 1919 1069 1955 :
1101 1899 1213 1970 Ego
1254 1917 1318 1955 ea:
1352 1901 1516 1956 Patre
1548 1904 1702 1968 exivi.
1756 1912 1804 1956 et
1834 1919 1916 1957 τε·
1948 1882 1984 1936 Β
2014 1925 2142 1965 nam
2166 1925 2235 1966 ex
2260 1909 2439 1979 spinis
2469 1927 2482 1963 :
2514 1882 2835 1979 Exspectaci
2866 1908 3076 1969 vineam
3106 1882 3281 1962 meum
3309 1914 3368 1960 ut
3408 1907 3606 1978 faceret

222 2006 223 2009 ‘
324 2002 500 2046 vertor
527 1990 599 2045 ad
619 1989 840 2047 Patrem
864 2008 1038 2046 meum
1059 1993 1198 2046 ’M‘.
1232 1991 1454 2059 Qumret
1477 2003 1662 2049 autem
1687 1994 1913 2051 omnino

326 2082 637 2153 spiritualis
661 2090 718 2138 et
746 2082 1034 2138 studiosus
1064 2083 1288 2139 auditor
1321 2103 1333 2137 :
1381 2084 1439 2147 Si
1469 2085 1658 2140 omnia
1684 2093 1816 2140 sunt
1844 2085 1914 2141 de

325 2174 548 2230 Christo
571 2175 728 2245 prius
760 2174 1041 2246 descripta
1058 2187 1112 2231 et
1149 2178 1385 2248 ﬁgurata
1423 2177 1482 2231 in
1511 2179 1653 2250 lege,
1689 2190 1750 2235 ut
1775 2179 1917 2236 dicit

325 2268 646 2338 Apostolus,
667 2269 946 2339 quomodo
976 2269 1145 2324 etiam
1173 2285 1337 2340 pmna
1365 2269 1577 2326 Adamo
1631 2273 1915 2342 proposita

326 2370 511 2433 potest
531 2361 611 2416 ad.
627 2359 910 2417 Christum
943 2346 1143 2417 referri
1171 2362 1558 2433 spiritualiter,
1587 2364 1644 2420 in
1668 2365 1802 2436 ipsis
1821 2383 1917 2424 so.—

326 2453 398 2508 lis
429 2461 487 2508 et
510 2452 681 2509 nudis
709 2453 965 2518 vocibus,
993 2463 1053 2509 et
1078 2454 1318 2517 maxime
1343 2455 1502 2522 illud,
1537 2456 1823 2513 Maledicta
1839 2467 1920 2515 est

328 2556 473 2600 terra
504 2547 561 2600 in
594 2546 838 2617 operibus
887 2547 987 2603 tuis
1007 2546 1039 2599 ?-
1065 2545 1356 2612 Quomodo
1414 2547 1537 2613 ﬁeri
1570 2558 1751 2619 potest
1774 2560 1834 2606 ut
1858 2551 1915 2607 in

325 2634 553 2693 Christo
576 2636 806 2693 omnino
842 2636 1217 2708 intelligamus
1262 2639 1755 2696 maledictionem?
1807 2641 1916 2701 Ta-

328 2744 457 2785 men
479 2731 741 2801 quoniam
772 2730 937 2801 paulo
977 2740 1106 2791 ante
1146 2731 1463 2789 audivimus
1506 2731 1790 2790 Christum
1816 2734 1916 2791 .di-

328 2830 547 2877 centem
583 2825 836 2893 serpenti
900 2823 1293 2884 maledictioue
1345 2841 1360 2879 :
1414 2825 1633 2883 Terram
1681 2827 1917 2882 comedes

329 2914 571 2969 omnibus
594 2914 771 2970 diebus
797 2917 919 2972 uiue
948 2925 1071 2982 tum,
1105 2917 1212 2973 hoc
1233 2926 1339 2982 est,
1368 2927 1669 2975 terrestres
1696 2928 1756 2974 et
1802 2936 1918 2975 ma-

329 3006 560 3063 teriales
586 3015 643 3062 et
702 3008 933 3067 limoSos
960 3025 1161 3071 sensus
1183 3012 1421 3080 peccati.
1467 3011 1660 3078 Cibus,
1713 3013 1919 3083 inquit,

332 3099 608 3169 serpentis
635 3098 742 3161 fuit
760 3100 1091 3159 maledictus
1116 3108 1173 3156 et
1198 3102 1609 3159 condemnatus
1636 3103 1694 3158 in
1725 3104 1919 3160 inetia-

2016 2019 2198 2069 uvam,
2227 2002 2345 2071 fecit
2373 2010 2548 2055 autem
2573 2001 2756 2072 spinas
2787 2007 2836 2052 et
2862 1998 3082 2054 tribulos
3114 1999 3181 2053 ’9.

2087 2095 2279 2150 Restat
2299 2102 2363 2149 ut
2395 2093 2690 2149 audiamus
2717 2092 2816 2147 Dei
2843 2091 3012 2147 verba
3038 2107 3162 2161 quae
3203 2089 3472 2160 deinceps
3515 2103 3607 2145 se-

2016 2196 2268 2258 quuntur
2304 2186 2373 2242 ad
2420 2186 2766 2256 corporalem
2809 2195 2868 2256 et
2896 2184 3245 2255 spiritualem
3308 2182 3600 2238 Adamum.

2019 2280 2492 2352 Subjungitenim
2539 2278 2733 2355 dicens
2773 2297 2786 2332 :
2829 2260 2901 2332 Et
2931 2277 3168 2331 comedes
3199 2274 3417 2329 herbam
3466 2276 3602 2346 agri,

2016 2374 2074 2427 in
2108 2372 2300 2427 sudore
2332 2370 2510 2426 uultus
2551 2371 2630 2424 tui
2657 2368 2894 2427 comedes
2941 2383 3135 2439 panem
3168 2376 3337 2421 tuum.
3379 2364 3609 2432 Quaeres

2018 2465 2088 2537 (si
2117 2464 2284 2521 modo
2304 2464 2374 2520 iis
2390 2479 2514 2534 qua;
2532 2462 2686 2518 dicta
2710 2469 2841 2518 sunt
2871 2460 3037 2515 (idem
3062 2459 3291 2529 habeas)
3323 2456 3605 2528 quomodo

2018 2558 2225 2617 dixerit
2250 2558 2399 2613 Deus
2434 2556 2719 2613 hominem
2753 2554 2907 2615 vesci
2966 2552 3147 2607 tribus
3191 2550 3334 2607 cibis
3362 2567 3377 2605 :
3406 2562 3604 2619 nempe

2018 2650 2178 2722 prius
2205 2649 2434 2719 quidem
2465 2656 2649 2712 terra,
2700 2644 2947 2702 secundo
2982 2650 3167 2699 autem
3203 2639 3401 2706 herba,
3438 2639 3607 2694 tertia

2016 2759 2173 2809 vero,
2204 2757 2369 2813 pane,
2402 2740 2637 2812 preprio
2661 2739 2789 2795 cibo
2811 2737 3084 2807 hominis.
3136 2735 3258 2791 Non
3292 2732 3442 2788 enim
3469 2730 3607 2787 dicit

2017 2835 2071 2891 ei
2097 2853 2111 2889 :
2139 2834 2206 2891 In
2235 2833 2503 2888 doloribus
2536 2832 2773 2888 comedes
2810 2837 3054 2893 terram;
3093 2842 3277 2897 neque
3332 2824 3403 2880 de
3431 2821 3605 2878 herba

2018 2928 2155 2983 dicit
2189 2945 2203 2981 :
2236 2926 2303 2981 Et
2344 2924 2606 2981 comedes
2633 2924 2868 2979 herbam
2917 2931 3090 2987 tuam,
3147 2918 3245 2976 sed
3283 2919 3392 2974 hoc
3424 2915 3607 2972 solum

2019 3020 2177 3093 ponit
2223 3020 2280 3073 in
2323 3032 2486 3088 pane,
2541 3016 2736 3072 dicens
2777 3031 2792 3069 :
2836 3014 2901 3070 In
2926 3012 3121 3069 sudore
3159 3009 3338 3065 vultus
3368 3005 3607 3063 comedes

2020 3125 2214 3182 panem
2241 3116 2388 3161 tuum
2421 3148 2435 3162 .
2469 3106 2603 3162 hinc
2629 3120 2732 3160 nos
2762 3104 2973 3159 docens
3001 3100 3151 3172 quod
3200 3108 3351 3155 terra
3380 3096 3605 3167 quidem

332 3188 547 3245 bilibus
567 3188 777 3287 Christi
803 3191 1087 3261 cperibus,
1120 3200 1182 3246 ut
1210 3200 1267 3251 ct
1290 3208 1525 3264 serpens
1540 3204 1597 3250 et
1616 3196 1739 3266 ejus
1758 3196 1918 3252 cibus
1945 3228 1988 3287 ο
2022 3197 2256 3255 rationis
2288 3198 2570 3269 particeps
2616 3205 2703 3253 est
2731 3195 2956 3266 proprie
2989 3194 3149 3287 cibus
3163 3188 3477 3287 serpentis,
3509 3188 3604 3256 qui

331 3291 522 3339 essent
557 3282 859 3338 maledicti.
901 3283 1189 3352 Quomodo
1224 3286 1373 3341 enim
1396 3286 1560 3342 cibus
1586 3286 1797 3344 Christi
1833 3297 1919 3346 est

328 3377 569 3448 iustitia,
622 3377 697 3431 ita
750 3376 918 3432 etiam
954 3379 1236 3447 serpentis
1278 3379 1438 3436 cibus
1482 3386 1569 3437 est
1599 3376 1919 3453 peccatum.

334 3468 450 3527 Nec
478 3468 699 3527 mireris
725 3484 857 3524 cum
877 3468 1040 3527 audis
1069 3478 1275 3527 terram
1298 3472 1580 3533 nominari
1626 3480 1921 3529 terrestres

336 3577 538 3623 sensus
572 3562 805 3633 peccati,
853 3561 1088 3623 audiens
1133 3562 1414 3619 Christum
1440 3580 1563 3621 eam
1592 3566 1761 3623 etiam
1815 3582 1920 3623 no-

336 3657 554 3711 minare
578 3655 845 3711 mundum
882 3656 1107 3726 quando
1150 3655 1288 3711 dicit
1327 3656 1616 3728 discipulis
1644 3675 1658 3712 :
1690 3658 1785 3713 Vos
1816 3675 1921 3714 non

336 3751 459 3805 estis
478 3764 543 3803 ea:
564 3748 760 3803 mundo
776 3748 844 3811 ’⁸,
862 3748 1007 3803 sicut
1027 3763 1128 3819 ego
1160 3763 1272 3804 non
1302 3765 1424 3804 sum
1448 3766 1520 3805 ex
1542 3750 1751 3807 mundo
1779 3768 1793 3805 :
1815 3751 1922 3806 hoc

337 3853 445 3908 est,
464 3858 535 3898 ex
558 3842 831 3911 sapientia
850 3849 1079 3896 terrena
1107 3851 1165 3898 et
1191 3842 1491 3898 mundana.
1518 3844 1595 3899 De
1620 3859 1730 3914 qua
1751 3845 1920 3900 etiam

338 3938 538 3992 clatnat
557 3936 765 3991 Paulus
790 3936 1072 4007 aliquibus
1110 3954 1123 3989 :
1157 3935 1333 3997 Nolite
1358 3953 1547 4008 sapere
1570 3945 1807 4004 terrena,
1830 3939 1922 3993 sed

338 4031 511 4101 sapite
537 4043 772 4099 superna
797 4028 866 4082 ⁸³.
898 4029 977 4083 Ita
1008 4028 1177 4083 etiam
1225 4029 1505 4099 PrOpbeta
1533 4044 1637 4085 nos
1674 4029 1921 4100 idipsum

338 4124 522 4183 docet.
554 4120 748 4176 dicens
767 4137 782 4174 :
804 4119 868 4174 In
886 4119 1162 4175 matutinis
1192 4122 1572 4190 interﬁciebam
1607 4139 1786 4178 omnes
1810 4139 1925 4194 pec-

338 4225 547 4270 catores
575 4222 732 4270 terrm
755 4214 803 4246 ’δ
827 4231 841 4266 :
871 4214 979 4269 hoc
1005 4223 1113 4275 est.
1137 4216 1486 4286 amputabant
1519 4231 1715 4275 omnes
1752 4217 1924 4273 malas

338 4304 706 4376 cogitationes
728 4304 1058 4375 irruptionis
1109 4307 1341 4375 peccati.
1368 4308 1446 4363 De
1492 4308 1696 4376 quibus
1726 4325 1925 4365 rursus

341 4399 604 4455 admonet
628 4415 731 4456 eos
755 4400 855 4470 qui
882 4401 1077 4456 vivunt
1104 4401 1159 4454 in
1196 4403 1460 4471 peccatis,
1502 4404 1696 4459 dicens
1730 4421 1745 4458 :
1776 4404 1923 4474 Deﬁ-

339 4493 486 4546 cidnt
525 4498 824 4562 peccatores
847 4509 879 4544 a
905 4498 1047 4545 terra
1080 4492 1147 4556 νβ,
1180 4493 1335 4560 quasi
1366 4491 1596 4558 diceret,
1621 4495 1698 4549 De
1722 4504 1923 4550 ctetero

2022 3287 2354 3359 intelligitur
2377 3287 2720 3344 idololatria.
2752 3300 2918 3355 quam
2954 3282 3124 3338 etiam
3163 3281 3311 3337 Deus
3346 3291 3606 3332 exsecra-

2023 3388 2116 3437 tus
2148 3390 2237 3437 est
2282 3391 2340 3436 et
2382 3379 2691 3436 maledixit.
2746 3377 2906 3435 Unde
2934 3376 3113 3431 etiam
3150 3382 3411 3442 tanquam
3447 3374 3609 3424 vetus

2021 3473 2130 3530 hoc
2187 3483 2245 3531 et
2274 3473 2514 3545 primum
2583 3478 2890 3543 peccatum,
2935 3465 3307 3524 idololatriam
3356 3463 3602 3531 inquam,

2021 3570 2266 3640 primum
2298 3567 2476 3638 ponit.
2518 3564 2701 3623 Herba
2736 3572 2923 3619 autem
2952 3569 3039 3617 est
3074 3574 3272 3630 expers
3304 3555 3534 3612 rationis
3548 3560 3606 3609 et

2021 3662 2306 3719 belluinus
2333 3661 2493 3717 cibus
2515 3666 2872 3730 peccatorum
2903 3653 3255 3709 inferiorum.
3280 3649 3448 3705 Panis
3472 3660 3605 3701 vero

2023 3763 2113 3810 est
2137 3753 2298 3809 cibus
2320 3752 2586 3819 hominis,
2608 3750 2704 3823 qui
2739 3749 2966 3820 quidem
2999 3747 3054 3801 in
3077 3745 3285 3801 sudore
3314 3751 3373 3799 et
3388 3739 3607 3797 labori-

2023 3845 2131 3902 bus
2176 3845 2440 3901 sumitur.
2494 3845 2565 3901 Et
2617 3843 2742 3898 ideo
2780 3840 2918 3897 dicit
2956 3839 3102 3894 Deus
3143 3840 3364 3907 (panem
3410 3833 3605 3888 dicens

2024 3939 2204 3995 solum
2267 3953 2392 3994 esse
2436 3937 2729 4007 proprium
2769 3931 3057 4005 hominis),
3101 3928 3350 3986 Comedes
3412 3941 3605 3998 pauens

2025 4042 2175 4087 tuum
2195 4048 2214 4087 :
2243 4039 2435 4101 utpote
2454 4028 2613 4099 quod
2665 4026 2841 4084 herba
2870 4034 2928 4080 et
2958 4033 3109 4080 terra
3146 4022 3260 4077 sint
3291 4018 3608 4091 signiﬁcan-

2024 4126 2104 4180 tia
2123 4122 2341 4194 peccati
2366 4129 2425 4176 et
2451 4108 2780 4191 impietatis.

2093 4220 2272 4276 Aliter
2301 4233 2433 4290 ergo
2493 4217 2585 4272 illa
2640 4214 2922 4272 consumit
2971 4211 3231 4268 Christus
3285 4211 3505 4280 (nempe
3538 4220 3607 4262 ea

2025 4314 2218 4370 delens
2249 4322 2308 4367 et
2352 4308 2593 4382 penitus
2609 4304 2981 4376 interimens),
3012 4310 3075 4361 et
3119 4302 3285 4359 aliter
3317 4298 3605 4370 proprium

2026 4422 2225 4479 panem
2261 4403 2507 4460 comedit
2556 4399 2894 4457 sanctissimi
2924 4396 3012 4454 sui
3045 4395 3322 4467 corporis,
3359 4408 3488 4447 eum
3511 4405 3609 4447 ex-

2027 4513 2272 4570 purgans
2309 4506 2367 4552 et
2397 4495 2680 4553 comminu
2696 4507 2816 4558 ens,
2849 4499 2906 4547 et
2926 4490 3215 4554 deiﬁcans,
3254 4495 3314 4543 et
3355 4483 3605 4541 interitui

340 4582 606 4637 recedant
644 4589 968 4652 peccatores
994 4588 1291 4650 apec’cato.
1350 4584 1425 4638 Dc
1456 4599 1570 4651 quo
1610 4584 1784 4641 Deum
1823 4600 1922 4654 ap-
1954 4574 2001 4632 υ
2028 4605 2139 4644 non
2173 4588 2476 4643 obnoxium
2506 4585 2766 4649 reddens,
2787 4591 2846 4639 et
2872 4596 3149 4641 renovans
3183 4578 3351 4635 etiam
3378 4593 3450 4633 ex
3486 4579 3606 4646 ipsa

341 4675 513 4743 pellat
538 4673 765 4728 dicens:
803 4672 1068 4742 Exsurge,
1094 4672 1257 4734 Deus,
1269 4676 1456 4743 judica
1480 4685 1679 4731 terram
1696 4675 1782 4733 “t
1820 4676 1928 4731 hoc

339 4773 448 4831 est,
473 4765 794 4825 Condemna
821 4774 1085 4823 terrestre
1126 4758 1437 4836 peccatum,
1469 4769 1617 4838 quod
1655 4775 1741 4823 est
1768 4769 1929 4825 cibus

339 4869 398 4913 et
423 4865 678 4927 sumptus
707 4859 1015 4929 serpentis,
1039 4860 1159 4929 ejus
1186 4859 1565 4919 condemnans
1591 4858 1837 4917 scholam
1852 4875 1925 4919 ne

337 4960 596 5011 versetur
637 4950 697 5005 in
735 4960 855 5006 toto
880 4967 1104 5022 genere,
1136 4952 1232 5011 sed
1271 4952 1451 5022 ipsum
1482 4952 1834 5009 abscondens
1869 4961 1928 5009 et

338 5043 527 5113 potius
558 5042 616 5098 in
650 5043 895 5099 cinerem
924 5042 1184 5114 redigens
1215 5052 1278 5099 ut
1315 5043 1382 5101 ad
1419 5044 1658 5103 nihilum
1699 5045 1917 5117 rediga-

339 5144 451 5190 tur.
501 5133 586 5190 Tu
630 5134 781 5191 enim
815 5135 956 5190 Deus
985 5145 1162 5190 noster
1210 5148 1272 5193 es
1312 5136 1447 5204 ignis
1506 5151 1814 5195 consumens
1847 5139 1915 5192 ".

336 5228 591 5292 Christus
628 5238 813 5291 autem
863 5244 989 5293 cum
1029 5229 1101 5284 sit
1128 5229 1298 5294 Deus,
1326 5226 1481 5282 venit
1506 5227 1575 5284 ad
1600 5229 1917 5299 iaciendum

338 5321 523 5392 ignem
554 5322 614 5377 in
645 5330 849 5378 terram
911 5320 1131 5392 (nempe
1162 5320 1476 5389 peccatum)
1509 5327 1567 5377 et
1601 5318 1815 5385 fenum,
1861 5329 1922 5376 et

337 5416 549 5484 spinas,
573 5424 631 5473 et
667 5415 926 5479 tribulos,
953 5421 1011 5468 et
1028 5412 1265 5476 culmos,
1297 5419 1354 5467 et
1377 5410 1588 5483 paleas,
1608 5419 1664 5468 et
1682 5412 1918 5480 zizania,

341 5516 602 5578 tanquam
625 5507 917 5565 materiam
938 5504 1193 5575 fetusque
1209 5514 1265 5559 et
1283 5503 1529 5575 geruu'na
1556 5504 1922 5561 infertilitatis

339 5608 396 5655 et
418 5601 652 5669 peccati.

2029 4680 2272 4746 unione;
2302 4679 2398 4734 sed
2429 4679 2593 4732 etiam
2618 4677 2717 4731 illo
2749 4684 2998 4745 tempore
3016 4687 3128 4741 quo
3147 4671 3312 4726 sudor
3334 4672 3448 4741 ejus
3483 4667 3602 4723 uul-

2026 4780 2110 4829 tas
2132 4772 2302 4842 factus
2325 4778 2401 4825 est
2415 4778 2676 4840 tanquam
2690 4775 2852 4839 gutta:
2870 4761 3416 4837 sanguinis‘,quando
3436 4761 3603 4817 etiam

2027 4862 2249 4918 dicebat
2306 4876 2365 4917 se
2397 4875 2520 4919 esse
2547 4860 2764 4917 tristem
2826 4872 3004 4929 usque
3045 4856 3113 4912 ad
3140 4866 3403 4911 mortem.
3465 4853 3599 4910 Nam

2027 4963 2153 5023 post
2198 4954 2321 5025 ejus
2353 4961 2590 5008 mortem
2625 4950 2892 5021 deinceps
2917 4948 3135 5020 aufugit
3163 4948 3391 5003 tristitia
3429 4946 3601 5002 etdo—

2024 5048 2132 5112 lor,
2168 5046 2384 5118 aufugit
2404 5046 2734 5115 etgemitus,
2765 5058 2889 5114 qua!
2906 5050 3067 5098 erant
3089 5050 3219 5098 ante
3252 5039 3596 5110 passionem:

2022 5149 2083 5195 et
2109 5155 2212 5211 pro
2251 5139 2335 5196 eis
2365 5148 2452 5195 est
2501 5137 2879 5194 introductum
2911 5134 3176 5207 gaudium
3230 5142 3287 5189 et
3323 5131 3512 5188 latitia
3546 5139 3602 5185 et

2024 5230 2354 5296 exsultatio,
2382 5238 2440 5286 et
2465 5229 2835 5299 incorruptio.
2873 5228 3055 5296 Atque
3088 5225 3327 5281 sudores
3373 5222 3597 5294 quidem

2017 5331 2076 5379 et
2097 5324 2340 5388 dolores,
2369 5330 2429 5403 et
2482 5322 2689 5388 herbae,
2723 5329 2781 5377 et
2816 5319 3011 5391 spinae,
3062 5327 3121 5375 et
3178 5318 3393 5384 tribuli,
3416 5325 3473 5371 et
3504 5314 3599 5369 tri-

2019 5415 2197 5481 stitia,
2238 5415 2426 5471 omnia
2457 5413 2748 5484 hucusque
2777 5412 3025 5479 fuerunt,
3057 5412 3238 5468 donec
3267 5416 3449 5465 morte
3468 5406 3598 5463 ισθ-

2021 5511 2147 5559 ctus
2184 5519 2445 5562 reversus
2476 5514 2562 5559 est
2600 5503 2656 5559 in
2673 5503 2954 5573 propriam
2988 5510 3193 5561 terram
3218 5517 3289 5558 ex
3319 5516 3427 5572 qua
3450 5512 3593 5555 sum-

2022 5607 2151 5668 ptus
2179 5605 2287 5666 est,
2315 5613 2385 5655 ex
2411 5612 2518 5668 qua
2548 5598 2714 5653 etiam
2747 5595 2855 5651 fuit
2891 5603 3210 5667 assumptus
3257 5607 3391 5652 cum
3418 5588 3593 5649 sancti

413 5797 529 5870 '1'“
552 5797 711 5851 Joan.
743 5815 852 5870 xvi,
874 5801 962 5854 28.
1023 5802 1069 5833 "
1103 5800 1261 5854 Joan.
1314 5814 1405 5868 xv,
1428 5799 1517 5856 l9.
1573 5803 1619 5834 ⁸³
1640 5800 1946 5866 Coloss.tu,
1976 5801 2030 5855 ‘2.
2108 5801 2155 5833 ³⁵
2187 5801 2329 5855 Psal.
2360 5817 2408 5855 c.
2429 5801 2481 5856 8.
2550 5803 2593 5834 ’⁸
2620 5801 2764 5857 Psal.
2791 5816 2902 5870 Clll.
2931 5799 3019 5855 '55.
3094 5800 3141 5831 "
3166 5797 3307 5854 Psal.
3336 5811 3512 5864 unt,
3532 5794 3585 5854 8.

346 5864 391 5896 ⁸⁷
445 5865 608 5921 Deut.
651 5882 699 5919 tv
771 5869 861 5923 “lt.
937 5870 981 5901 "
1011 5870 1215 5940 Ephes.
1245 5886 1317 5937 tv,
1353 5864 1441 5926 '50.

1520 5874 1563 5906 ”
1599 5872 1703 5929 lsa.
1730 5888 1781 5926 v.
1822 5872 1874 5929 4.
1957 5871 1972 5905 ⁸
2006 5872 2289 5937 ιυε.ιιιι,
2318 5872 2406 5928 lvi.
