4056 6148
415 387 553 453 ῙΟΞΟ

1526 401 1606 460 ΙΝ
1637 395 2160 460 ΠΕΧΑΕΜΕΡιΟΝ
2184 399 2330 459 LIB.
2354 400 2458 459 XI.

3516 404 3653 471 1050

406 503 656 574 corporis
684 510 879 558 natura
913 518 944 557 e
977 512 1124 560 terra
1165 505 1346 576 genita
1374 545 1390 571 ,
1423 515 1798 576 congruenter
1849 504 1975 561 voci
2012 510 2055 565 Α
2083 500 2219 559 Nam
2253 515 2307 561 et
2339 507 2395 563 in
2425 505 2536 561 Deo
2568 516 2622 562 et
2664 507 2874 578 angelis
2904 518 2960 564 et
2992 508 3048 563 in
3100 509 3418 568 hominibus
3455 520 3657 586 conge-

406 610 530 666 qua:
556 596 605 650 ei
639 596 797 662 dixit,
828 594 989 650 Terra
1022 613 1096 663 es,
1133 604 1193 650 ut
1215 596 1310 668 qui
1340 597 1418 653 sis
1443 600 1630 661 homo,
1652 606 1702 653 et
1732 599 1786 667 in
1817 598 1980 653 aliam

409 694 607 739 terram
660 685 936 739 reverteris
975 685 1297 739 caelestem:
1334 684 1388 738 in
1432 693 1634 740 terram
1678 684 1982 755 spiritualis

408 774 665 839 lsraelis,
721 789 862 830 verae
905 784 1109 829 nostra:
1158 774 1213 828 in
1271 774 1426 829 cmlis
1469 775 1885 844 promissionis,
1928 775 1980 830 in

409 875 613 921 terram
668 866 885 920 milium
920 905 936 931 ,
980 865 1034 920 in
1091 874 1290 921 terram
1345 874 1629 934 sanctam,
1673 867 1728 921 in
1781 875 1981 921 terram

407 963 462 1012 et
531 956 808 1026 regionem
873 956 1170 1011 viventium
1262 966 1318 1011 et
1413 957 1688 1012 civitatem
1762 957 1982 1011 Domini

406 1049 700 1113 virtutum,
768 1047 1075 1123 Jerusalem
1157 1050 1460 1109 caelestem.
1517 1051 1792 1118 Quoniam
1850 1063 1983 1120 ergo

405 1162 505 1217 per
540 1147 821 1201 mulierem
859 1147 1062 1212 vitam,
1098 1163 1264 1218 quam
1292 1162 1359 1213 ex
1404 1162 1507 1205 suo
1544 1148 1755 1220 peperit
1788 1147 1979 1215 latere,

407 1252 609 1293 somno
648 1237 862 1306 sopitus
890 1237 982 1307 qui
1017 1245 1266 1292 naturam
1302 1238 1540 1292 viviﬁcat
1561 1277 1578 1301 ,
1619 1249 1674 1292 et
1703 1238 1784 1293 sic
1813 1252 1875 1292 ea
1898 1246 1983 1293 est

406 1338 667 1382 exsectus
687 1327 780 1397 qui
810 1328 977 1382 dicit:
1016 1327 1128 1399 Ego
1158 1346 1276 1384 sum
1303 1330 1412 1385 vita
1433 1332 1487 1397 ¹;
1522 1332 1635 1385 haec
1664 1330 1807 1385 facta
1830 1340 1977 1397 sunt,

406 1429 464 1475 et
488 1420 642 1474 venit
670 1420 725 1472 in
756 1420 1054 1487 mundum,
1083 1430 1136 1475 et
1178 1435 1275 1491 per
1315 1422 1491 1491 ipsam
1536 1421 1791 1477 dissolvit
1823 1437 1981 1475 mor-

405 1516 538 1572 tem,
571 1515 627 1561 et
655 1521 751 1576 per
782 1507 955 1576 ipsam
990 1509 1285 1564 vivilicavit
1317 1510 1406 1564 illa
1446 1510 1689 1580 gentium
1719 1511 1982 1575 animalia

406 1614 531 1669 quas
556 1601 612 1653 in
643 1599 955 1668 paradisum
995 1601 1063 1656 ad
1097 1602 1274 1673 ipsum
1312 1604 1529 1657 fuerant
1568 1603 1898 1670 introducta,
1929 1613 1983 1657 et

405 1704 506 1761 per
530 1690 703 1759 ipsam
729 1690 1026 1746 viviﬁcavit
1056 1701 1308 1749 mortuos
1336 1708 1403 1749 ex
1433 1686 1648 1756 inferis,
1679 1704 1733 1749 et
1760 1695 1982 1749 mortali

408 1788 620 1835 natura:
646 1781 811 1835 vitam
844 1791 929 1836 est
962 1782 1224 1853 largitus:
1255 1799 1321 1838 ea
1356 1784 1423 1839 de
1461 1779 1625 1840 causa
1666 1795 1720 1840 et
1761 1800 1977 1859 poenam

2082 596 2195 651 nita
2216 604 2300 653 est
2332 598 2465 654 vita.
2509 597 2780 654 Existimo
2828 610 3010 655 autem
3067 608 3123 655 et
3172 612 3459 672 propterea
3507 609 3653 676 quod

2082 683 2326 749 Ecclesia
2356 687 2427 742 sit
2455 688 2751 749 inultorum
2786 704 3044 760 generum
3093 697 3148 745 et
3177 692 3476 748 multarum
3524 698 3660 767 gen;

2084 783 2243 847 tium,
2273 781 2481 837 habens
2504 798 2664 838 suum
2690 799 2890 853 corpus
2920 791 2974 837 et
3003 784 3400 853 plenitudinem
3433 803 3501 842 ex
3543 791 3659 843 uni-

2081 888 2246 928 verso
2275 888 2473 944 genere
2511 875 2658 944 quod
2693 884 2779 930 est
2822 876 2926 931 sub
2973 876 3145 931 coelo:
3193 878 3495 935 vindicavit
3549 883 3654 937 sibi

2084 980 2279 1019 nomen
2325 966 2565 1020 maxime
2628 968 2909 1037 generale:
2953 968 3234 1038 quomodo
3295 970 3386 1024 illa
3436 988 3658 1044 quoque

2083 1056 2347 1121 terribilis
2372 1066 2427 1112 et
2446 1059 2712 1127 stupenda
2744 1058 2917 1121 bestia
2953 1060 3098 1129 apud
3150 1060 3426 1117 Danielem
3464 1064 3505 1131 ⁸,
3538 1082 3659 1135 ψιῶ

2083 1156 2235 1217 caret
2280 1148 2525 1221 pmnine,
2569 1158 2762 1204 etnon
2809 1150 2975 1205 habet
3017 1154 3297 1222 (tanquam
3328 1155 3526 1225 aliena)
3558 1172 3659 1210 no-

2082 1255 2208 1295 men
2234 1241 2567 1308 consistens,
2598 1252 2885 1310 propterea
2917 1244 3059 1312 quod
3108 1244 3223 1313 ipsa
3256 1261 3476 1316 quoque
3507 1251 3659 1316 prius

2083 1331 2359 1386 describat
2401 1347 2465 1386 ac
2496 1334 2693 1402 figuret
2736 1348 2963 1401 regnum
3012 1332 3386 1391 Romanorum
3419 1348 3472 1392 et
3502 1340 3661 1393 Chri-

2083 1422 2409 1474 stianorum.
2442 1420 2668 1487 Oportet
2695 1430 2875 1475 autem
2907 1429 3101 1491 praeter
3127 1423 3242 1479 haec
3261 1427 3443 1479 omnia
3479 1429 3664 1481 adver-

2083 1518 2229 1577 tere,
2275 1513 2555 1581 quomodo
2611 1512 2725 1579 haec
2796 1512 3102 1581 spiritualis
3170 1515 3374 1583 conjux
3433 1518 3659 1571 secundi

2082 1603 2298 1669 Adami,
2348 1620 2380 1658 a
2421 1604 2682 1658 deteriori
2720 1604 2940 1658 nomine
2975 1603 3208 1673 profecit
3255 1606 3309 1660 in
3353 1607 3569 1663 melius.
3603 1608 3659 1661 In

2082 1695 2353 1765 principio
2380 1696 2527 1749 enim
2564 1703 2756 1749 vocata
2786 1704 2871 1750 est
2903 1693 3096 1758 Costa,
3131 1703 3185 1750 et
3214 1705 3361 1751 secta
3398 1713 3494 1752 seu
3519 1699 3661 1753 divi-

2084 1801 2177 1842 sa:
2222 1787 2583 1856 signiﬁcante,
2634 1797 2692 1841 ut
2733 1788 2996 1854 arbitror,
3049 1787 3151 1843 hac
3192 1791 3566 1858 ampulatione
3606 1803 3662 1846 et

406 1872 604 1928 mortis
638 1873 809 1928 subiit
834 1890 1011 1931 novus
1040 1877 1237 1940 Adam,
1280 1885 1337 1933 et
1376 1893 1577 1943 nomen
1605 1892 1721 1941 suae
1763 1878 1978 1941 uxoris,
2016 1859 2057 1913 Β
2089 1881 2361 1943 divisione
2390 1880 2750 1939 deiectionem
2794 1895 2823 1934 a
2856 1879 2968 1935 Deo
2998 1895 3121 1951 quae
3150 1892 3267 1936 erat
3288 1883 3337 1936 ei
3374 1894 3657 1939 eventura.

409 1966 630 2036 (nempe
655 1964 934 2038 Ecclesiae)
985 1969 1171 2037 posuit
1211 1970 1378 2022 vitam
1432 1968 1693 2039 quoniam
1741 1968 1860 2039 ipsa
1898 1976 1984 2022 est

411 2068 587 2110 mater
606 2057 845 2110 omnium
878 2058 1162 2111 uiuentium
1211 2060 1253 2125 ⁸,
1295 2059 1621 2115 absconsam
1669 2059 1723 2112 in
1759 2057 1984 2113 Christo

406 2147 578 2201 vitam
630 2146 674 2202 ’⁸.
742 2146 882 2203 Hinc
946 2150 1211 2205 docemur
1274 2166 1529 2221 magnam
1604 2149 1981 2204 admirabilem

409 2238 670 2294 Ecclesia:
696 2238 1101 2309 gloriationem.
1149 2242 1313 2296 Beata
1345 2251 1400 2298 et
1443 2254 1523 2299 ter
1548 2243 1707 2298 beata
1741 2251 1829 2298 est
1858 2257 1986 2312 spes

407 2332 543 2386 etin
581 2332 752 2385 altum
792 2332 959 2388 elatio
991 2333 1456 2390 Christianorum.
1492 2333 1626 2388 Nam
1655 2350 1750 2404 per
1776 2351 1838 2389 ea
1861 2350 1985 2404 qua:

408 2423 556 2480 dicta
588 2433 720 2479 sunt
746 2424 1014 2482 discimus
1045 2427 1192 2497 quod
1218 2443 1411 2482 omnes
1440 2428 1666 2497 reliqua:
1697 2426 1830 2481 ﬁdes
1862 2442 1986 2497 qua:

409 2530 541 2577 sunt
576 2522 632 2575 in
659 2520 867 2576 mundo
896 2526 1030 2575 sunt
1056 2527 1309 2582 mortuae,
1336 2531 1390 2573 et
1413 2529 1616 2574 matres
1640 2526 1983 2572 mortuorum

408 2610 738 2682 populorum
768 2618 823 2665 et
849 2610 1120 2681 gentium,
1163 2616 1220 2662 ut
1250 2621 1375 2678 quae
1402 2607 1456 2661 in
1481 2621 1541 2663 se
1570 2620 1680 2663 non
1710 2604 1986 2663 habebant

409 2718 535 2757 eum
565 2704 661 2772 qui
690 2702 844 2769 dicit,
883 2700 997 2770 Ego
1026 2716 1143 2755 sum
1176 2701 1307 2764 vita,
1352 2715 1532 2769 neque
1572 2706 1894 2770 regenerant
1931 2707 1986 2753 et

411 2795 692 2855 v'ivilicant
716 2809 814 2865 per
839 2802 1056 2850 uterum
1089 2807 1247 2862 aqua:
1279 2800 1335 2847 et
1360 2791 1625 2862 Spiritus,
1660 2807 1793 2849 suos
1841 2791 1985 2849 ﬁlios

408 2897 464 2943 et
489 2887 750 2958 populos:
792 2886 892 2943 sed
913 2893 1043 2942 sunt
1068 2886 1189 2941 sine
1222 2884 1471 2951 semine,
1505 2894 1561 2940 et
1590 2884 1766 2941 viduae
1812 2884 1985 2941 fontis

410 2980 556 3046 vitae,
592 2993 701 3035 non
739 2977 988 3035 fruentes
1018 2992 1160 3048 aqua
1186 2976 1308 3033 viva
1357 2986 1414 3035 et
1450 2976 1681 3033 saliente
1724 2978 1779 3032 in
1813 2976 1984 3032 vitam

409 3082 536 3129 ater
543 3085 693 3127 nam.

482 3162 614 3217 Sola
636 3177 769 3234 ergo
796 3162 916 3233 ejus
941 3160 1185 3219 Ecclesia
1218 3161 1423 3219 dicitur
1464 3170 1520 3217 et
1560 3160 1673 3216 vita
1711 3168 1767 3215 et
1809 3171 1985 3217 mater

406 3253 660 3310 omnium
693 3253 1014 3309 viventium.
1037 3251 1107 3306 Et
1146 3260 1432 3323 propterea
1472 3252 1594 3322 ejus
1632 3251 1799 3307 etiam
1848 3268 1986 3308 uxor

408 3355 495 3405 est
520 3357 733 3410 mater,
765 3358 881 3401 non
924 3352 1268 3400 mortuorum
1309 3344 1404 3400 sed
1429 3345 1668 3399 omnium
1701 3345 1979 3400 uiuentium

408 3439 695 3496 Christum
738 3451 925 3493 veram
968 3437 1169 3503 vitam;
1215 3447 1269 3492 et
1310 3437 1626 3506 quicunque
1672 3450 1742 3490 ex
1778 3451 1842 3491 ea
1876 3450 1984 3491 non

410 3533 682 3596 nascitur,
732 3540 818 3586 est
847 3537 1103 3585 mortuus
1146 3539 1389 3599 peccato.
1432 3528 1752 3598 Corporalis
1801 3536 1984 3583 autem

411 3622 615 3677 mulier
636 3622 835 3677 Adami
860 3620 1190 3691 corporalis,
1219 3635 1328 3675 non
1363 3632 1449 3676 est
1487 3629 1660 3674 mater
1690 3619 2001 3683 viventium,

408 3716 507 3771 sed
550 3724 895 3770 mortuorum
944 3714 1254 3768 hominum.
1304 3711 1380 3768 De
1429 3713 1534 3767 hac
1561 3722 1746 3766 autem
1813 3720 1988 3766 matre

408 3808 712 3878 spirituali,
741 3822 855 3862 non
887 3807 1023 3864 dicit
1056 3805 1203 3876 quod
1226 3806 1298 3860 sit
1333 3814 1506 3859 mater
1531 3805 1775 3859 omnium
1805 3803 1986 3857 homi-

407 3913 573 3964 num,
623 3899 716 3954 sed
766 3908 939 3952 mater
977 3898 1222 3951 omnium
1265 3896 1608 3960 viventium,
1653 3904 1714 3949 ut
1751 3909 1874 3964 quae
1916 3892 1990 3947 sit
2035 3935 2040 3939 ‹

408 3991 547 4056 vita,
583 4000 640 4046 et
671 4006 735 4045 ea
760 3991 830 4046 de
863 4005 1032 4046 causa
1075 3989 1303 4044 omnino
1340 4002 1451 4042 non
1486 3986 1790 4041 nominavit
1840 3986 1987 4040 Deus

407 4084 470 4138 in
518 4084 636 4153 ejus
672 4097 860 4152 paena,
927 4091 1198 4137 mortem:
1248 4080 1695 4151 quandoquidem
1737 4094 1862 4133 cum
1917 4078 1989 4132 sit

407 4178 527 4230 vita
558 4175 860 4230 secundum
881 4178 1157 4238 naturam,
1182 4182 1267 4228 est
1294 4172 1472 4227 aliena
1497 4187 1528 4225 a
1556 4179 1761 4235 morte,
1773 4184 1988 4240 perma-

410 4282 554 4323 nens
581 4277 806 4322 aeterna.
840 4264 899 4320 Si
934 4274 1116 4320 autem
1151 4280 1236 4318 me
1283 4277 1431 4319 nunc
1462 4273 1619 4333 urget
1664 4261 1887 4317 Iudaeus
1929 4269 1988 4316 ut

406 4358 714 4429 intelligam
738 4357 1078 4428 corporalem
1109 4355 1305 4410 Adami
1346 4370 1572 4409 uxorem
1607 4361 1835 4408 matrem
1866 4368 1987 4406 om-

406 4453 568 4506 nium
593 4449 896 4505 viventium
927 4466 941 4503 :
975 4463 1202 4505 necesse
1224 4457 1310 4503 est
1333 4448 1560 4502 omnino
1589 4456 1647 4501 ut
1668 4447 1844 4500 dicam
1863 4461 1982 4500 eam

2093 1970 2295 2025 Deinde
2336 1981 2458 2039 post
2506 1972 2607 2024 hoc
2642 1962 2909 2025 aediﬁcata
2949 1979 3004 2025 et
3044 1971 3098 2026 in
3155 1971 3351 2027 melius
3383 1973 3660 2028 excitata:

2090 2070 2373 2129 propterea
2406 2061 2549 2130 quod
2568 2060 2635 2114 ad
2661 2061 2838 2115 virum
2869 2060 3151 2115 Christum
3185 2063 3662 2133 appropinquarit,

2091 2152 2362 2222 appellata
2408 2163 2492 2207 est
2545 2153 2761 2206 mulier.
2820 2152 3109 2208 Postremo
3170 2163 3354 2209 autem
3413 2157 3661 2211 omnium

2091 2243 2358 2313 appellata
2390 2252 2473 2298 est
2510 2241 2634 2298 Vita
2658 2288 2673 2315 ,
2714 2254 2776 2299 ut
2816 2260 2938 2311 qua:
2965 2259 2997 2299 a
3042 2255 3220 2300 morte
3268 2245 3568 2316 profecerit
3597 2249 3664 2304 ad

2090 2336 2282 2390 vitam.
2312 2334 2411 2389 Vir
2437 2346 2615 2391 autem
2647 2336 2767 2406 ejus
2803 2352 2915 2391 non
2955 2337 3053 2404 ita,
3085 2339 3178 2393 sed
3222 2353 3288 2393 ex
3322 2340 3532 2395 meliori
3566 2358 3666 2396 no-

2091 2430 2241 2485 mine
2267 2429 2468 2499 accipit
2493 2430 2667 2500 pejus.
2702 2430 2758 2483 In
2784 2430 2977 2500 primis
3024 2431 3171 2485 enim
3204 2432 3378 2487 Adam
3406 2449 3663 2503 magnum

2090 2520 2357 2575 honorem
2392 2528 2446 2575 et
2473 2520 2700 2591 gloriam
2729 2520 2990 2590 adeptus,
3033 2530 3094 2576 ut
3125 2523 3219 2591 qui
3250 2522 3321 2577 sit
3359 2524 3667 2592 appellatus

2092 2609 2273 2681 imago
2302 2619 2354 2665 et
2384 2610 2692 2666 similitudo
2727 2610 2860 2676 Dei;
2903 2611 3106 2667 deinde
3133 2621 3323 2681 postea
3363 2615 3666 2683 appellatus

2089 2708 2174 2756 est
2214 2700 2417 2767 homo,
2470 2710 2526 2756 et
2571 2712 2759 2772 postea
2802 2717 2996 2781 rursus
3038 2702 3256 2759 Adam:
3295 2713 3350 2759 et
3388 2716 3667 2775 postremo

2089 2791 2374 2859 omnium,
2426 2802 2609 2860 terra,
2660 2805 2722 2849 ut
2761 2810 2857 2865 per
2899 2795 3015 2851 haec
3062 2805 3251 2865 aperte
3284 2796 3562 2854 discamus
3614 2808 3668 2854 et

2090 2885 2412 2941 erudiamur
2446 2900 2790 2955 quaecunque
2814 2895 2947 2942 sunt
2977 2887 3032 2942 in
3068 2888 3426 2957 protoplasto,
3471 2889 3664 2944 referri

2090 2972 2160 3028 ad
2209 2971 2379 3029 Evam
2426 2972 2766 3037 Ecclesiam,
2810 2983 2867 3032 et
2912 2977 3184 3032 Adamum
3221 2978 3527 3034 Christum.
3557 2980 3670 3046 ,Sic

2090 3067 2237 3123 enim
2275 3083 2399 3122 cum
2437 3068 2490 3123 in
2522 3069 2790 3139 principio
2837 3080 2971 3126 esset
3004 3070 3258 3138 splendor
3309 3080 3360 3129 et
3390 3072 3669 3128 character

2090 3158 2402 3214 substantiw
2454 3161 2623 3230 ipsius
2647 3163 2666 3191 "
2709 3162 2800 3216 Dei
2829 3163 3241 3232 inaspectahilis
3259 3205 3274 3230 ,
3303 3165 3532 3232 seipsum
3556 3165 3668 3220 exi-

2090 3248 2290 3302 naniuit
2333 3249 2469 3303 servi
2509 3248 2739 3316 formam
2792 3251 3053 3320 accipiens
3100 3252 3144 3318 ⁸,
3195 3261 3255 3311 ut
3302 3252 3547 3308 Ecclesia
3597 3269 3667 3309 ex

2089 3337 2439 3393 mendicitate
2478 3338 2754 3394 diceretur
2796 3340 2939 3395 vita:
2985 3342 3037 3395 id
3078 3340 3308 3406 effecm,
3360 3352 3413 3398 et
3444 3359 3509 3398 ex
3545 3343 3667 3413 ipso

2090 3428 2408 3495 nominata,
2452 3436 2505 3483 ct
2549 3430 2604 3484 in
2653 3431 2794 3485 libro
2837 3432 3137 3491 viventium
3185 3436 3477 3493 collocata.
3526 3436 3663 3492 Nam

2088 3520 2237 3588 quod
2265 3521 2332 3575 ad
2365 3522 2605 3591 reliquas
2635 3522 2770 3577 ﬁdus
2798 3525 2990 3583 attinet
3015 3566 3029 3586 ,
3076 3527 3146 3581 de
3181 3527 3263 3581 eis
3308 3529 3513 3583 dictum
3543 3538 3662 3586 est:

2090 3611 2376 3666 Deleantur
2392 3613 2455 3667 de
2477 3613 2614 3667 libra
2644 3614 2946 3683 uiuentium,
2966 3617 3203 3672 ﬁliorum
3237 3619 3446 3674 scilicet
3478 3620 3666 3676 Eccle-

2091 3703 2206 3766 εἰη»,
2242 3705 2435 3760 matris
2473 3706 2792 3772 viventium,
2844 3720 2895 3763 et
2939 3726 3058 3763 cum
3078 3710 3245 3778 justis
3286 3727 3389 3765 non
3420 3713 3663 3767 scriban-

2093 3807 2181 3850 tur
2204 3797 2245 3851 ’.
2278 3795 2503 3866 lnjusla:
2525 3799 2669 3851 enim
2704 3807 2834 3853 sunt
2866 3815 2986 3868 quae
3022 3799 3193 3857 Deum
3228 3815 3581 3870 negaverunt,
3614 3818 3668 3857 et

2092 3888 2353 3958 injustum
2404 3888 2661 3945 Satanam
2728 3892 3042 3962 elegerunt:
3091 3892 3178 3946 cui
3230 3893 3393 3951 etiam
3454 3896 3664 3951 cultum

2091 3996 2188 4050 per
2238 3982 2380 4037 idola
2440 3982 2701 4036 exhibere
2763 3984 3119 4051 praetulerunt
3170 3987 3360 4047 relicta
3401 3985 3663 4049 Ecclesia.

2091 4071 2223 4138 Qua:
2257 4073 2477 4142 quidem
2513 4083 2573 4127 ut
2602 4073 2727 4127 ﬁliis
2757 4073 3064 4140 abundans,
3088 4085 3141 4131 et
3176 4092 3318 4145 smpe
3343 4076 3584 4146 pariens.
3613 4088 3668 4131 et

2093 4164 2332 4220 fecunda
2360 4166 2551 4220 sobole
2572 4205 2587 4228 ,
2617 4167 2906 4223 etmultas
2952 4169 3158 4223 habens
3188 4184 3454 4237 personas
3474 4208 3490 4233 ,
3542 4171 3667 4227 uni-

2090 4256 2303 4311 versale
2335 4256 2418 4327 (ut
2450 4256 2533 4313 ita
2567 4258 2767 4325 dicam)
2812 4258 2975 4313 habet
3009 4274 3233 4327 nomen,
3264 4260 3409 4316 sicut
3434 4268 3521 4315 est
3555 4261 3667 4315 vita

2090 4333 2439 4402 universalis.
2472 4346 2601 4416 Ejus
2631 4358 2815 4403 autem
2858 4351 2939 4404 vir
2972 4348 3224 4407 Christus
3257 4392 3273 4417 ,
3337 4360 3399 4406 ut
3444 4353 3535 4421 qui
3584 4364 3669 4406 est

2090 4440 2429 4509 unigenitus,
2455 4447 2509 4494 ct
2538 4457 2701 4494 unam
2733 4443 2938 4497 habens
2961 4457 3277 4511 personam,
3323 4460 3446 4499 cum
3484 4446 3555 4500 sit
3580 4446 3666 4498 in-

402 4557 536 4599 esse
560 4551 792 4596 matrem
820 4541 1181 4612 angelorum:
1213 4555 1339 4593 nam
1378 4540 1452 4594 illi
1480 4540 1644 4595 etiam
1685 4540 1976 4609 plusquam
2016 4547 2061 4602 ι)
2089 4530 2348 4585 dividuus
2375 4572 2388 4596 ,
2435 4532 2600 4585 unius
2643 4547 2889 4600 personae
2938 4532 3287 4603 hypostatico
3330 4534 3555 4590 nomine
3586 4546 3669 4591 est

403 4649 517 4690 nos
539 4643 667 4688 sunt
694 4633 959 4687 viventes.
989 4631 1130 4697 Quid
1161 4630 1331 4700 ergo?
1361 4630 1575 4700 inquit:
1605 4630 1845 4684 Ecclesia
1874 4639 1986 4684 cst-

404 4741 481 4781 ne
513 4725 678 4780 etiam
708 4733 884 4779 mater
906 4720 1269 4792 angelorum?
1299 4719 1658 4790 Nequaquam
1684 4738 1699 4788 ;
1731 4721 1824 4775 sed
1851 4736 1985 4789 quo-

405 4817 564 4873 niam
598 4819 679 4871 vir
709 4816 831 4886 ejus
862 4825 948 4870 est
983 4829 1174 4873 eorum
1207 4822 1447 4879 creator,
1498 4813 1793 4882 adoptione
1819 4813 1982 4867 etiam

401 4907 611 4963 dicitur
632 4922 823 4962 eorum
849 4915 1044 4961 mater.
1072 4904 1340 4972 Quoniam
1358 4904 1507 4973 ipsos
1534 4905 1697 4958 etiam
1722 4903 1985 4971 fecitcjus

399 4998 915 5056 administratorios
962 4997 1232 5067 spiritus,
1267 4996 1360 5064 qui
1400 4995 1685 5048 mittuntur
1717 4995 1784 5048 ad
1826 4996 1988 5048 nilni-

399 5091 634 5147 sterium
665 5092 709 5159 ξ,
741 5092 810 5146 ad
846 5106 966 5149 eam
1004 5098 1058 5143 et
1084 5106 1182 5159 pro
1213 5104 1301 5142 eo.
1324 5087 1551 5156 Oportet
1581 5087 1725 5141 enim
1751 5103 1846 5147 eos
1875 5103 1990 5143 ser-

397 5184 531 5240 vire
588 5185 861 5254 adoptivaa
905 5183 1066 5238 matri
1113 5192 1168 5237 et
1211 5180 1432 5249 coniugi
1486 5180 1588 5234 viri
1629 5179 1751 5249 ejus
1790 5189 1843 5233 ct
1892 5178 1988 5232 Dei

396 5277 683 5346 ipsorum.
714 5273 871 5329 Unde
898 5290 1022 5329 eum
1048 5274 1231 5327 omnia
1257 5272 1536 5327 contineat
1564 5281 1618 5326 et
1644 5272 1809 5332 vivat,
1850 5271 1992 5327 Deus

397 5366 674 5436 imposuit
693 5367 743 5421 ei
775 5381 972 5420 nomen
1009 5365 1245 5419 maxime
1269 5364 1522 5435 generale
1549 5372 1604 5417 et
1625 5364 1986 5433 comprehcn-

397 5461 585 5515 dens:
616 5474 737 5513 eam
768 5457 1048 5528 appellans
1073 5457 1277 5520 vitam;
1309 5455 1582 5525 siquidem
1613 5447 1720 5508 vita
1767 5471 1872 5507 non
1901 5464 1984 5509 cst

398 5565 612 5607 nomen
641 5549 964 5621 personale,
1008 5549 1100 5607 sed
1150 5549 1345 5605 unicus
1385 5554 1439 5607 ct
1482 5547 1977 5616 comprehendeus.

478 5754 498 5781 ²
533 5751 726 5807 lJoan.
754 5766 826 5812 xi,
853 5750 962 5817 ‘25-,
1005 5762 1114 5810 xw,
1146 5746 1201 5802 6.
1243 5748 1262 5779 ³
1286 5748 1421 5802 Gen.
1482 5763 1563 5810 ιιι,
1598 5747 1692 5804 20.
1750 5749 2023 5807 "Coloss.
2084 5767 2163 5816 ιιι,
2200 5754 2252 5808 5.

403 5822 541 5898 ι,’ὖ.
611 5822 632 5854 ⁸
664 5822 894 5892 l’hilipp.
924 5836 984 5885 ll,
1012 5820 1064 5873 6.
1141 5821 1161 5850 "
1189 5818 1335 5874 l‘sal.
1365 5833 1554 5883 vam,
1589 5818 1678 5872 29.

2092 4621 2430 4675 nominatus.
2453 4619 2630 4690 Atque
2650 4630 2895 4689 poteram
2920 4623 3140 4691 quidem
3175 4623 3264 4676 hic
3287 4639 3506 4693 quoque
3538 4640 3670 4681 con-

2092 4711 2316 4765 tendere
2359 4712 2625 4768 advcrsus
2674 4711 3123 4783 Samaritanum;
3160 4717 3255 4771 sed
3288 4718 3333 4773 si
3365 4719 3536 4775 multa
3578 4718 3666 4774 di-

2091 4818 2234 4869 cam,
2268 4804 2437 4858 timeo
2481 4804 2789 4859 satietatem
2825 4806 3164 4860 auditorum.
3206 4805 3326 4876 lpse
3367 4808 3513 4862 enim
3541 4823 3668 4863 cor-

2091 4896 2332 4965 poralem
2377 4896 2571 4951 Adami
2621 4913 2845 4954 uxorem
2873 4897 3063 4955 dicens
3100 4908 3156 4954 et
3202 4900 3513 4969 intelligens
3543 4916 3668 4956 esse

2093 4998 2318 5043 matrem
2341 4989 2589 5044 omnium
2615 4991 2940 5055 viventium,
2980 4993 3290 5048 necessario
3330 4993 3414 5047 vel
3466 4994 3667 5047 invitus

2090 5079 2292 5134 fatetur
2321 5096 2446 5136 esse
2479 5083 2722 5138 viventes
2747 5086 2961 5140 animas
2993 5085 3311 5141 hominum:
3356 5085 3440 5140 sin
3482 5074 3665 5140 autem

2090 5172 2223 5227 dicit
2245 5174 2565 5242 morientes,
2618 5177 2790 5233 Deum
2856 5179 3097 5233 ostendit
3144 5194 3267 5232 esse
3322 5178 3663 5231 mendacem.

2088 5263 2208 5319 Non
2263 5264 2377 5333 jam
2420 5266 2697 5325 invenitur
2753 5273 2952 5325 mulier
2989 5279 3167 5324 mater
3216 5266 3517 5324 vi'ventium
3569 5268 3665 5321 sed

2094 5376 2467 5431 mortuorum,
2520 5365 2585 5418 ad
2635 5363 3047 5418 similitudinem
3083 5362 3483 5431 jumentornm.
3529 5358 3665 5413 Nam

2093 5458 2237 5526 quod
2270 5458 2466 5512 attinet
2498 5455 2566 5510 ad
2610 5454 3052 5518 Samaritanum,
3095 5460 3150 5506 et
3200 5453 3354 5506 canis
3401 5460 3456 5505 et
3508 5450 3664 5506 asina

2087 5548 2200 5618 jam
2249 5559 2380 5605 sunt
2424 5560 2630 5604 matres
2695 5546 2944 5601 omnium
3004 5545 3343 5600 viventium:
3390 5543 3662 5614 siquidem

2333 5752 2710 5816 5|lebr.t,lll.
2788 5752 2970 5810 ‘Dan.
3024 5771 3117 5819 vn,
3167 5756 3371 5826 lseqq.
3454 5754 3663 5811 7lluhr.
