4056 6148
462 380 629 493 91151

1702 429 1763 489 S.
1804 428 2205 491 ANASTASII
2242 430 2569 501 SINAIT/E

3568 416 3593 441 κ
3615 446 3752 513 1052

493 536 641 592 nulla
681 542 765 590 est
795 533 1103 590 diﬁcrentia
1134 535 1331 590 animm
1375 534 1629 593 animalis
1654 547 1709 592 et
1740 539 1938 594 anima:
1976 540 2075 596 ho-
2104 549 2147 604 Α
2179 559 2364 598 sorum
2392 543 2525 616 Regi
2565 545 2789 603 Christo
2834 548 3062 620 gloriam
3102 552 3459 624 emittamus,
3500 573 3650 618 nunc
3691 569 3749 614 et

494 629 683 684 minis.
733 627 838 683 Sed
872 628 958 682 isti
1003 628 1222 699 quidem
1253 644 1408 684 suam
1444 631 1645 686 erroris
1695 631 1836 687 viam
1888 633 2070 703 ingre-

493 722 756 776 diantur:
792 736 892 776 nos
928 732 1111 776 autem
1143 722 1233 777 hic
1261 723 1463 777 librum
1501 724 1753 780 ﬁnientes
1777 767 1792 793 ,
1850 726 2073 782 univer-

2176 651 2393 708 semper
2411 649 2466 693 et
2493 639 2548 693 in
2582 641 2782 696 saecula
2816 645 3165 702 saeculorum.
3217 646 3412 705 Amen.

557 946 3722 984 ____—________.._______________________________

1049 1100 1398 1234 ΤΟΥ
1476 1040 2020 1235 ἈΓΙΟΥ
2125 1098 3197 1257 ΑΝΑΣΤΑΣιΟΥ
3319 1090 3323 1095 ’

988 1333 1099 1387 ΕΙΣ
1137 1332 1282 1386 ΤΗΝ
1339 1332 1865 1389 ΠΝΕΥΜΔΤΙΚΗΝ
1899 1333 2273 1391 ΑΝΔΓΩῙῊΝ
2313 1336 2452 1391 ΤΟΥ
2502 1335 2926 1395 ΕΞΔΗΜΕΡΟΥ
2962 1343 3257 1399 ΚΤΙΣΕΩΣ

1518 1496 1888 1587 ΛΟΓΟΣ
1963 1495 2630 1589 ΔΩΔΕΚΑΤΟΣ
2668 1501 2753 1592 ⁸,

1357 1855 1922 1986 SANCTI
2018 1857 2330 1987 ANA
2349 1862 2869 1994 STASII

1007 2092 1089 2153 IN
1123 2078 1662 2155 SPlRlTUALEM
1702 2095 2148 2160 ANAGOGEN
2176 2097 2716 2162 HEXAEMEBJE
2750 2102 3234 2166 CREATIONIS

1477 2273 1827 2364 LIBER
1926 2274 2758 2373 DUODECIMUS.

566 2621 714 2675 Fecit
758 2634 963 2689 quoque
994 2617 1255 2671 Dominus
1299 2615 1442 2671 Deus
1467 2618 1599 2674 Ada:
1647 2626 1699 2673 et
1742 2621 1899 2673 uxori
1945 2621 2062 2691 ejus

2232 2621 2347 2677 Kal
2382 2622 2715 2690 ἐποιήσατο
2745 2627 2958 2698 Κύριος
2995 2632 3030 2686 ό
3056 2634 3200 2700 Θεὸς
3230 2632 3309 2700 τῷ
3327 2635 3511 2707 Ἀδὰμ
3539 2641 3639 2693 καὶ
3669 2641 3750 2712 τῇ

492 2716 700 2768 tunicas
730 2711 1002 2781 pelliceas,
1032 2720 1084 2763 et
1105 2710 1281 2763 induit
1310 2726 1399 2764 eos
1432 2722 1481 2765 α.
1510 2711 1744 2778 Quinam
1775 2713 2064 2782 verojudi-

488 2806 596 2860 cati
628 2803 705 2857 illi
734 2811 789 2856 et
818 2801 1192 2865 condemnati,
1222 2800 1328 2861 dic,
1354 2816 1562 2870 quaeso,
1601 2802 1694 2872 qui
1736 2803 1805 2856 ab
1839 2802 2068 2858 immor-

490 2897 692 2953 talibus
727 2896 986 2949 mauibus
1002 2895 1399 2964 omnipotentis
1433 2895 1548 2957 Dei,
1581 2895 1756 2953 instar
1782 2897 1935 2966 nupti
1960 2913 2060 2951 nu.

429 3010 438 3026 ι
487 2998 706 3061 ptusque
731 2988 928 3049 induti,
971 2987 1213 3071 deducti,
1250 2986 1428 3040 ornati
1464 2986 1531 3040 ad
1566 3003 1735 3042 novas
1768 2987 1930 3041 veluti
1964 3004 2067 3042 nu-

489 3084 633 3154 ptias
655 3079 1088 3145 comparantur?
1119 3093 1297 3147 neque
1319 3079 1464 3131 enim
1496 3080 1745 3133 mortalis
1773 3080 1919 3134 ullus
1947 3095 2063 3143 rex,

490 3190 671 3244 neque
705 3173 930 3227 humilis
966 3174 1220 3241 Princeps
1250 3172 1489 3240 propriis
1519 3173 1635 3225 suis
1678 3173 1932 3226 manibus
1963 3174 2065 3226 ho-

490 3275 604 3323 stes
650 3280 782 3320 suns
825 3263 1045 3318 ornabit
1085 3263 1168 3315 vel
1218 3262 1498 3316 ornaudos
1549 3263 1673 3317 aliis
1709 3264 1907 3317 tradet.
1955 3263 2067 3317 lmo

489 3359 677 3430 potius
726 3364 922 3410 exutos
972 3368 1068 3408 eos
1107 3361 1161 3407 et
1207 3353 1493 3423 suppliciis
1541 3352 1765 3408 allectos
1807 3362 1861 3407 et
1895 3354 2069 3407 nudos

490 3449 676 3506 currui
727 3448 982 3517 religatos
1035 3445 1327 3500 traducens
1379 3446 1750 3515 triumphatos
1799 3445 2068 3499 incarce-

488 3557 605 3598 rem
647 3540 919 3597 detrudet.
978 3537 1169 3593 Nonne
1213 3538 1379 3605 igitur
1421 3539 1739 3609 mysterium
1794 3536 1955 3590 nobis
1978 3536 2071 3589 ali-

489 3637 634 3707 quod
707 3632 1127 3711 subsignilicare
1183 3631 1434 3684 videntur
1498 3630 1698 3684 tunicae
1751 3629 1859 3684 illa:
1915 3629 2070 3698 pelli-

490 3730 638 3785 ceaa?
699 3720 1220 3797 Quicunque'enim
1249 3740 1285 3778 .a
1320 3723 1433 3778 Deo
1486 3724 1731 3777 induitur
1765 3730 1819 3777 et
1870 3722 2071 3792 tegitur

489 3822 545 3874 in
572 3819 900 3889 protectione
936 3815 1035 3868 Dei
1063 3814 1178 3868 caeli
1205 3812 1621 3867 commorabitur
1652 3813 1700 3865 ι).
1740 3811 1950 3868 Nedum
1978 3813 2070 3881 ju-

488 3914 634 3968 dicio
662 3911 935 3967 obnoxius
964 3909 1138 3979 possit
1171 3907 1426 3961 inveniri.
1460 3906 1597 3961 illud
1626 3917 1812 3961 autem
1843 3907 1930 3961 hic
1967 3922 2068 3960 no-

488 4006 576 4061 bis
621 4002 1016 4058 attendendum
1044 4008 1149 4064 est,
1186 4000 1464 4068 quomodo
1509 3999 1655 4051 brevi
1697 4000 1913 4053 duobus
1960 3999 2069 4055 illis

489 4097 635 4153 Deus
665 4070 960 4159 diversam,
998 4110 1152 4149 suam
1183 4093 1382 4162 cuique
1416 4093 1652 4158 legitime
1683 4093 1907 4146 multam
1942 4109 2069 4162 par-

496 4191 656 4254 titus,
687 4188 875 4241 statim
908 4184 1173 4255 aequalem
1200 4183 1307 4236 illis
1332 4191 1385 4237 et
1419 4182 1675 4245 similem,
1708 4181 2070 4251 ejusdemque

485 4280 648 4353 pretii
696 4280 955 4334 veSIitum
1005 4277 1301 4338 concessit,
1336 4275 1491 4344 quasi
1535 4275 1589 4327 iu
1625 4290 1788 4328 unam
1831 4274 2067 4328 animam

487 4372 941 4442 conspirantibus
970 4369 1307 4438 quihusdam
1340 4376 1395 4420 et
1423 4366 1476 4419 in
1513 4382 1682 4420 unum
1720 4367 1933 4434 jugum.
1968 4364 2072 4419 Ne-

492 4482 599 4534 que
625 4467 775 4519 enim
813 4478 1057 4518 consona
1085 4471 1169 4517 est
1199 4462 1286 4515 illa
1317 4461 1614 4524 connexio,
1666 4462 1936 4530 siquidem
1971 4477 2068 4531 par

486 4556 624 4611 illud
660 4557 899 4610 divisum
934 4565 1019 4609 est
1039 4569 1135 4623 per
1162 4554 1567 4608 accusationem
1611 4552 1740 4606 Adae
1790 4552 2063 4621 objectam

488 4662 521 4702 a
552 4647 686 4725 Deo,
724 4644 872 4716 quod
901 4644 1202 4698 audivisset
1232 4658 1417 4697 vocem
1450 4643 1659 4696 uxoris.
1690 4640 1855 4696 Nefas
1885 4650 2064 4698 autem

488 4739 593 4794 fuit
618 4753 739 4792 cam
766 4738 844 4792 illi
878 4753 1071 4792 rursus
1106 4737 1446 4806 conjungere
1491 4753 1613 4806 qua:
1642 4737 1744 4807 ipsi
1796 4747 1986 4791 auctor
2013 4749 2069 4794 et

487 4847 657 4888 causa
696 4830 874 4886 fuerat
904 4830 1312 4886 maledictionis
1360 4841 1413 4884 et
1445 4830 1658 4884 mortis.
1713 4827 1901 4899 Neque
1938 4846 2066 4885 vero

489 4925 768 4980 maledicti
802 4933 930 4979 sunt
964 4924 1205 4992 majores
1239 4924 1444 4986 nostri,
1480 4933 1538 4978 ut
1569 4921 1791 4991 quidam
1851 4932 2064 4991 pulant,

486 5019 691 5089 quippe
716 5017 792 5071 illi
826 5032 936 5071 non
968 5024 1111 5085 post,
1140 5015 1233 5070 sed
1256 5025 1381 5068 ante
1408 5012 1868 5078 maledictionem,
1898 5031 1926 5068 a
1955 5014 2066 5070 Deo

485 5110 744 5165 vestitum
784 5109 939 5164 illum
991 5116 1345 5177 acceperunt,
1379 5107 1638 5177 pelliceas
1682 5106 1916 5161 tunicas.
1944 5106 2061 5163 Non

2166 2716 2404 2783 γυναικὶ
2439 2716 2627 2771 αὐτοῦ
2654 2718 2908 2787 χιτῶνας
2937 2721 3328 2796 δεριιατίνους
3352 2743 3365 2756 ·
3406 2729 3507 2784 καὶ
3541 2732 3749 2789 ἐνέδυ-

2166 2820 2281 2860 σεν
2311 2810 2554 2875 αὐτούς.
2589 2812 2699 2863 Καὶ
2742 2814 2884 2866 ποῖοι
2910 2807 3058 2869 οὗτοι
3089 2819 3391 2885 κατάδικοι,
3419 2822 3451 2893 ἢ
3484 2823 3749 2896 κατάκρι-

2165 2912 2268 2963 τοι,
2291 2898 2412 2951 εἰπὲ
2452 2916 2565 2969 μοι,
2597 2903 2645 2955 οἱ
2676 2902 3096 2975 ὑπὸ,ἀχράντων
3125 2911 3219 2962 καὶ
3245 2910 3404 2967 θείων
3432 2916 3630 2985 χειρῶν
3649 2916 3745 2970 τοῦ

2167 2992 2605 3061 παντοκράτορος
2637 2993 2795 3061 Θεοῦ,
2832 2997 2988 3069 δίκην
3019 3001 3252 3070 νυμφίου
3286 3007 3380 3057 καὶ
3410 3005 3633 3077 νύμφης
3658 3008 3747 3059 ὲν-

2167 3080 2438 3151 δυόμενοι,
2491 3085 2585 3138 καὶ
2634 3088 3015 3159 συναγόμενοι,
3063 3094 3158 3145 καὶ
3208 3096 3597 3166 κοσμούμενοι,
3651 3100 3748 3153 καὶ

2168 3175 2329 3226 οἱονεὶ
2371 3179 2935 3249 νυμφοστολούμενοις
2970 3182 3095 3238 οὔτε
3132 3184 3239 3256 γὰρ
3271 3187 3528 3256 βασιλεὺς
3567 3191 3745 3263 φθαρο

2166 3263 2280 3329 τὸς,
2317 3265 2438 3318 οὐδέ
2472 3284 2556 3330 τις
2593 3269 2776 3340 ἄρχων
2803 3273 3031 3340 εὐτελὴς
3059 3278 3391 3348 κατάρξεται
3437 3282 3565 3344 τοὺς
3610 3283 3749 3346 ὅλως

2170 3359 2653 3429 προκεκρουκότας
2696 3363 2845 3433 αὐτῷ
2876 3365 2951 3435 (1)
2997 3367 3158 3430 ἰδίαις
3207 3372 3395 3439 χερσὶν
3440 3373 3667 3428 ἐνδῦσαν
3685 3374 3749 3429 τέ

2171 3462 2302 3498 ποτε
2325 3464 2339 3478 ’
2392 3447 2507 3501 ἀλλ’
2542 3448 2667 3503 οὔτε
2708 3451 2775 3505 δι’
2817 3454 3021 3526 ἑτέρων
3059 3458 3281 3529 χειρῶν.
3314 3462 3532 3516 Μᾶλλον
3565 3464 3622 3516 δὲ
3655 3467 3751 3517 ὲκ-

2168 3534 2356 3602 δύσας,
2410 3541 2504 3593 καὶ
2551 3542 2821 3609 κολάσας,
2875 3549 2973 3600 καὶ
3043 3553 3288 3620 γυμνοὺς
3330 3554 3750 3625 διαπομπεῦσας

2171 3626 2553 3700 θριαμϐεύσει,
2589 3636 2682 3687 κει)⁸
2723 3638 2781 3688 ὲν
2827 3639 3020 3710 εἱρκτῇ
3056 3644 3427 3699 κατακλείσει.
3460 3646 3673 3702 Οὐκοῦν
3700 3648 3750 3701 τί

2170 3736 2304 3774 ποτε
2336 3724 2464 3792 ἡμῖν
2496 3724 2779 3795 βούλονται
2822 3731 2917 3783 καὶ
2946 3733 2997 3784 οι
3030 3735 3256 3802 χιτῶνες
3286 3732 3432 3792 οὗτοι
3456 3777 3471 3800 ,
3503 3741 3554 3792 oi
3598 3741 3749 3807 λεγόο

2176 3829 2328 3879 μενοι
2377 3815 2715 3885 δερμάτινοι,
2753 3823 3058 3891 μυστήριον
3110 3827 3509 3897 ὑπεμφαίνεινς
3550 3832 3608 3885 '0
3639 3833 3751 3902 γὰρ

2173 3901 2278 3955 ὑπὸ
2304 3903 2438 3958 Θεοῦ
2467 3907 2783 3979 ἐνδυόμενος
2807 3913 2899 3965 καὶ
2926 3917 3286 3986 σκεπόμενος,
3316 3921 3386 3973 ἐν
3412 3922 3614 3991 σκέπῃ
3642 3901 3751 3978 τοῦ

2174 3994 2322 4048 Θεοῦ
2352 3996 2461 4049 τοῦ
2487 4001 2748 4065 οὐρανοῦ
2777 4006 3216 4075 αὐλισθήσεται
3238 4026 3251 4039 ·
3289 4012 3405 4066 ἀλλ’
3433 4014 3494 4065 οὑ
3527 4017 3752 4069 κατάδι-

2171 4100 2286 4147 κος,
2321 4084 2446 4139 οὔτε
2472 4092 2803 4163 κατάκριτος
2829 4098 3179 4167 γνωρίζεται.
3198 4102 3404 4155 Ἐκεῖνο
3429 4104 3484 4157 δὲ
3511 4107 3747 4161 ἐνταῦθα

2171 4175 2317 4243 ἡμᾶς
2359 4182 2686 4250 γενομένους
2725 4185 3138 4245 διασκοπεῖσθαι
3169 4195 3275 4264 χρή
3298 4211 3310 4222 ·
3340 4195 3459 4258 πῶς
3497 4197 3749 4269 βραχέως

2169 4268 2405 4341 διάφορα
2445 4275 2539 4327 καὶ
2579 4278 3013 4350 παρηλλαγμένα
3059 4287 3172 4347 τοῖς
3221 4286 3374 4341 δυσὶν
3401 4291 3430 4342 ὁ
3460 4268 3713 4354 Θεὸςηίδί

2170 4361 2265 4413 καὶ
2311 4365 2638 4436 ἁναμέτρως
2666 4370 2745 4440 τῷ
2778 4372 3120 4447 νομιζομένῳ
3146 4378 3402 4449 ἐπιτίμια
3430 4381 3576 4449 δοὺς,
3607 4361 3753 4456 παρ’

2169 4457 2311 4510 αὐτὰ
2343 4459 2554 4529 ὁμοίαν,
2586 4465 2678 4517 καὶ
2711 4466 2850 4537 ἴσην,
2884 4470 2979 4522 καὶ
3005 4472 3271 4544 ὁμότιμον
3298 4481 3411 4539 τοῖς
3440 4479 3595 4533 δυσὶν
3630 4483 3751 4535 σκέ-

2169 4565 2280 4617 πην
2332 4553 2648 4624 ἐχαρίσατο,
2691 4556 2767 4621 ὡς
2810 4561 3108 4632 ὁμοψύχοις
3152 4568 3263 4619 τισὶ
3308 4570 3405 4622 καὶ
3456 4572 3749 4641 ὀμοζύγοις

2168 4643 2549 4712 τυγχάνουσιν.
2585 4649 2658 4700 Οὐ
2693 4651 2803 4720 γὰρ
2848 4658 3132 4722 συμφωνεί
3168 4656 3308 4730 αῦτη
3354 4662 3386 4729 ἡ
3441 4665 3706 4733 συνάφεια
3730 4682 3744 4694 ·

2169 4735 2264 4786 καὶ
2287 4736 2317 4802 ἡ
2344 4736 2442 4804 μὲν
2461 4736 2590 4800 δυὰς
2614 4740 2797 4809 ἐκείνη
2830 4742 3042 4815 ἐτμήθη
3064 4749 3129 4813 τῇ
3153 4749 3411 4819 ὲγκλήσει
3441 4752 3538 4805 τοῦ
3557 4755 3745 4825 Ἀδὰμ,

2165 4828 2471 4901 τηρηθείσῃ
2506 4832 2657 4902 αὐτῴ
2704 4834 2808 4887 ὑπὸ
2858 4837 3020 4902 θεοῦ,
3055 4839 3465 4902 ὡς.ἁκούσαντι
3502 4847 3608 4916 τῆς
3649 4866 3747 4916 γυ·

2167 4918 2373 4983 ναικός.
2397 4923 2470 4973 Οὐ
2504 4923 2613 4992 Td?
2642 4920 2709 4995 ἦν
2737 4924 2959 4995 Θεμιτδν
2987 4929 3150 4984 πάλιν
3176 4934 3412 5004 συνάψαι
3442 4938 3595 5007 αὐτῷ
3615 4939 3744 4993 ταύ-

2165 5030 2267 5085 την
2287 5030 2301 5043 ·
2332 5016 2446 5084 εἴγε
2468 5020 2752 5084 ὲπίόουλος
2768 5023 2925 5095 αὐτῷ
2950 5024 3142 5093 γέγονε
3170 5028 3267 5081 καὶ
3292 5030 3556 5100 πρόξενος
3583 5034 3747 5088 θανά-

2163 5125 2257 5162 του
2279 5109 2375 5163 καὶ
2405 5113 2671 5184 κατάρας.
2704 5118 2779 5169 0t.
2804 5117 3007 5184 τοίνυν,
3039 5121 3184 5174 καθά
3208 5139 3354 5187 τινες
3377 5125 3605 5190 οἴονται,
3632 5130 3749 5181 ἑπι-

484 5203 633 5274 quod
686 5202 829 5258 Deus
868 5201 994 5257 illos
1038 5210 1093 5257 et
1130 5201 1341 5271 absque
1393 5200 1594 5255 tunicis
1636 5198 1763 5254 vitae
1804 5199 2063 5259 indurare

2168 5206 2466 5277 κατάρατοι
2501 5208 2792 5278 γεγόνασιν
2833 5212 2883 5264 οἱ
2930 5213 3313 5285 προπάτορες·
3365 5218 3489 5271 ἐπεὶ
3538 5219 3642 5273 οὐκ
3682 5220 3746 5274 ἂν

557 5379 583 5408 ι
618 5364 756 5424 Gen.
792 5381 874 5434 111,
913 5365 1005 5421 2|.
1082 5365 1111 5406 ι’
1144 5367 1290 5423 Psal.
1321 5381 1410 5428 xc,
1450 5367 1492 5420 Ι.

1995 5477 2222 5541 ΝΟΤιλΕ.

554 5572 572 5589 “
607 5569 801 5625 Editus
830 5579 916 5626 est
940 5568 1117 5625 Lond.
1154 5569 1314 5631 1682,
1339 5571 1417 5635 4ο,
1454 5584 1578 5623 cum
1610 5569 1865 5624 versione
1896 5578 1948 5624 et
1976 5586 2070 5626 ca-

486 5638 879 5719 stigationibus
931 5642 1163 5695 Andreae.
1202 5642 1433 5723 Ducerii,
1469 5648 1524 5723 et
1567 5641 1853 5708 prmmissa
1881 5641 2071 5723 .edito-

488 5713 567 5759 ris
601 5723 758 5780 Pl'l‘ltl
792 5725 993 5763 ALLIxn
1014 5711 1454 5778 expostulatione
1481 5709 1547 5763 de
1565 5726 1860 5780 suppressa
1880 5711 2065 5768 incas-

2245 5578 2320 5651 (1)
2357 5584 2503 5648 Τους
2528 5588 3096 5657 ξεροσκεκρουκότας
3127 5591 3308 5657 αὐτῷ.
3354 5590 3434 5647 Ita
3488 5611 3591 5649 ms.
3646 5598 3737 5651 sed

2169 5659 2377 5731 eertum
2398 5663 2504 5731 _es_t
2536 5653 2640 5723 legi
2686 5653 3043 5731 deberes-ob;
3070 5653 3561 5731 ῖπροκεᾷιρουκότας
3594 5683 3606 5696 ·
3651 5668 3737 5719 110-

2164 5727 2311 5801 sles,
2336 5720 2815 5803 iqimico_s,_qui_in
2851 5720 3086 5803 aliquem
3116 5720 3422 5803 oli‘end‘u‘ut,
3478 5720 3636 5790 ct'ita
3680 5735 3728 5787 ³11

489 5788 613 5828 sum
640 5793 678 5852 .a
720 5778 996 5859 liie’ologis.
1021 5782 1231 5849 aliquot
1279 5778 1713 5859 Parisiensilius‘:
1738 5778 1787 5835 J.
1825 5780 2061 5854 Cliryso-
2159 5778 2296 5858 ejus.
2315 5791 2526 5859 odium,
2559 5778 3248 5857 i’ﬁiﬁiiéi‘i’i‘aiii'iﬁéiiiﬁiiﬁl

492 5843 653 5897 stomi
698 5847 763 5899 ad
797 5843 1468 5904 Caesarium'monaelium
1522 5850 1770 5920 epistula.
