4056 6148
307 446 444 516 1053

1425 436 1510 496 IN
1536 416 2061 499 HEXAEMER’ON
2090 438 2234 498 LIB.
2267 437 2404 498 xu.

3414 444 3551 510 105i

306 563 446 637 μετά
490 558 588 638 τὴν
630 556 901 630 κατάραν,
933 553 1071 610 ἀλλὰ
1099 552 1206 626 πρὸ
1242 548 1457 615 τούτου,
1485 549 1589 619 τῆς
1620 546 1884 615 τοιαύτης

2002 559 2093 598 ton
2133 556 2341 615 posset,
2375 556 2432 600 ut
2464 556 2516 600 et
2565 548 2789 619 angelos
2834 559 2886 605 et
2936 552 3119 606 omnia
3175 554 3383 623 reliqua
3436 561 3555 611 aui—

306 654 517 725 σκέπης
550 651 834 722 ἀπήλαυον
865 651 1014 718 παρὰ
1043 647 1180 701 Θεοῦ
1207 686 1220 711 ,
1259 644 1369 698 τῶν
1403 641 1748 711 δερματίνων
1792 656 1885 709 χι-

1983 637 2225 700 mantia;
2250 635 2352 689 sed
2394 636 2538 703 quod
2570 651 2636 691 eo
2664 637 2864 694 docere
2895 655 2995 694 nos
3024 643 3188 696 vellet
3211 644 3330 698 fore
3363 656 3423 699 ut
3462 662 3556 714 per

302 753 509 808 τώνων.
541 750 654 818 Οὐχ
676 747 759 799 δτι
789 743 884 797 καὶ
908 740 1168 794 ἀδύνατον
1196 732 1342 805 εἶχεν
1369 735 1397 786 6
1426 732 1559 794 Θεὸς
1590 730 1685 783 καὶ
1712 729 1880 799 χωρὶς

2002 740 2265 781 saccatum
2305 728 2453 781 exuti
2487 738 2539 782 et
2571 732 2778 791 nudati.
2816 730 2871 784 in
2909 734 3114 788 ultimis
3160 751 3223 788 ac
3263 738 3556 804 postremis

303 844 549 918 χιτώνων
569 842 669 910 τὴν
694 838 833 907 πρὸς
855 834 1000 902 ζωὴν
1028 831 1293 899 διαμονὴν
1312 821 1878 918 αὐτοϊςχαρίσασθαι,

303 912 379 999 iis;
406 934 497 987 καὶ
519 936 633 995 τοῖς
652 928 904 997 ἀγγέλοις
928 925 1151 984 καὶτοῖς
1182 921 1386 981 λοιποῖς
1415 915 1677 986 ἐμψύχοις
1701 912 1881 977 ζώοιςο

307 1027 443 1082 ἀλλὰ
494 1023 783 1093 δηλοῦντος
865 1016 961 1068 τοῦ
1016 1011 1259 1066 τοιούτου
1312 1007 1746 1075 ὑποδείγματος,
1803 1004 1884 1055 ὅτι

308 1116 693 1188 γυμνωθέντες
721 1110 809 1164 διὰ
834 1108 934 1177 τῆς
964 1104 1242 1174 ἁμαρτίας
1272 1103 1330 1152 ἐν
1354 1100 1604 1168 ἐσχάτοις
1634 1097 1748 1148 τισὶ
1789 1094 1886 1147 καὶ

311 1209 565 1279 ὑπέροις
593 1205 807 1273 καιροῖς
841 1197 1223 1267 ὲνδυθήσονται
1259 1193 1355 1246 καὶ
1401 1188 1883 1256 σκεπασθήσονται

311 1302 417 1356 ὑπὸ
449 1276 609 1361 Θεοῦ,
641 1276 833 1364 ὥσπερ
875 1291 939 1361 δὴ
985 1290 1236 1349 κάκεῖνος
1268 1287 1296 1338 6
1328 1284 1536 1343 ἄσωτος
1576 1280 1690 1341 υίὸς
1733 1279 1792 1331 ὲν
1819 1278 1885 1347 τῇ

312 1390 614 1458 ἐπιστροφῇ
663 1386 753 1438 τὸν
777 1379 1056 1453 βασιλικὸν
1096 1377 1297 1449 χιτῶνα
1324 1373 1699 1446 περιεϐάλετο.
1718 1369 1886 1440 ὐμοῦ

311 1499 372 1536 τι
399 1481 487 1535 διὰ
515 1479 614 1547 τῆς
647 1475 903 1544 τοιαύτης
947 1471 1057 1523 τῶν
1105 1465 1452 1535 κτηνογενῶν
1481 1463 1767 1535 δερμάτων
1799 1462 1889 1512 ὲν·-

312 1572 540 1635 δύσεως,
566 1569 664 1622 καὶ
693 1569 726 1636 ἡ
760 1567 1020 1634 ἑνσαρκος
1049 1558 1329 1629 οἰκονομία
1360 1555 1458 1609 τοῦ
1486 1554 1725 1627 Χριστοῦ
1752 1569 1889 1622 προ-
1928 1570 1933 1575 ’

311 1660 653 1730 διετυποῦτο.
670 1655 733 1710 '0
762 1656 872 1726 γὰρ
903 1655 1094 1720 Λόγος
1135 1649 1291 1718 σὰρξ
1321 1648 1557 1718 ἐγένετο
1585 1645 1684 1698 καὶ
1715 1642 1890 1710 ἐσκή-

311 1770 514 1812 νωσεν
545 1755 604 1806 ὲν
647 1753 716 1822 τῇ
758 1751 925 1818 θνητῇ
957 1743 1258 1817 δερματίνη
1289 1741 1444 1812 ἡμῶν
1470 1739 1654 1809 φύσει,
1690 1740 1756 1809 ἢν
1796 1735 1892 1788 καὶ

1984 816 2283 885 aliquando
2339 820 2683 887 temporibus
2721 836 2750 874 a
2798 822 2908 876 Deo
2955 825 3073 891 ipso
3125 830 3457 882 \‘eslit't'ttlltl‘
3505 839 3558 886 rt,

1984 917 2332 977 tegerentur;
2380 912 2841 979 quemadmodum
2875 925 2931 968 et
2974 916 3218 984 perditus
3271 921 3362 973 ille
3414 922 3559 978 [ilius

1986 1012 2038 1055 et
2075 1016 2308 1070 nequam
2352 1003 2405 1055 in
2439 1007 2797 1059 conversione
2843 1023 2938 1060 sna
2987 1010 3215 1076 primam
3259 1022 3313 1064 et
3354 1015 3555 1081 regiam

1993 1092 2185 1145 stolam
2214 1093 2435 1148 indutus
2463 1104 2561 1148 est.
2594 1097 2768 1151 Simul
2796 1100 2960 1152 etiarn
2992 1117 3086 1169 per
3111 1104 3367 1157 vestitum
3407 1108 3557 1159 illum

1987 1197 2052 1235 ex
2110 1185 2344 1253 pellibus
2402 1187 2639 1242 humana
2687 1184 3207 1261 prtcsigniﬁcalmtur
3252 1206 3560 1255 mrouounla

1988 1275 2189 1331 Christi
2215 1294 2229 1340 ;
2268 1278 2494 1332 Verbum
2515 1282 2657 1334 enim
2687 1299 2813 1336 caro
2841 1286 3041 1352 factum
3069 1301 3140 1340 est
3169 1299 3216 1341 ct
3247 1290 3501 1346 habitavit
3534 1297 3558 1363 «ξ

1990 1365 2046 1421 iu
2090 1370 2304 1423 mortali
2340 1382 2525 1426 nostra
2562 1374 2784 1439 pellicea
2812 1387 3044 1444 natura;
3074 1397 3235 1448 quam
3267 1386 3563 1440 adumbra-

1989 1459 2068 1513 vit
2103 1462 2517 1517 tabernaculum
2550 1466 2805 1533 Abi-alue,
2843 1471 2931 1522 ubi
2969 1485 3133 1527 natus
3168 1484 3246 1528 est
3277 1478 3443 1543 Isaac,
3478 1480 3566 1532 ri-

1990 1564 2107 1617 sus,
2143 1555 2299 1621 quasi
2327 1565 2485 1626 typus
2518 1556 2722 1612 Christi
2770 1563 2955 1615 omnia
2993 1565 3192 1631 gaudio
3237 1550 3567 1625 enllustraii-

1995 1643 2085 1707 tis,
2143 1659 2173 1698 a
2215 1661 2326 1716 quo
2385 1649 2622 1702 tentorio
2671 1652 3082 1706 tabernaculum
3138 1658 3431 1712 testimonii
3480 1678 3568 1716 se-

1994 1737 2232 1790 cundum
2277 1740 2554 1795 ersistens
2612 1740 3133 1799 tabcrnaculil‘eram
3192 1749 3339 1803 illam
3401 1752 3566 1808 Evam

315 1847 688 1920 προδιέγραφε
718 1843 812 1895 καὶ
833 1842 867 1910 ἡ
900 1838 1074 1907 σκηνὴ
1104 1835 1197 1888 τοῦ
1221 1831 1498 1904 Ἀϐραὰμ,
1532 1831 1591 1883 ὲν
1693 1825 1889 1920 ἐτέχθη

2002 1828 2197 1885 Christi
2228 1832 2359 1886 Adae
2393 1834 2677 1889 mulierem
2712 1834 3009 1907 Ecclesium
3044 1840 3390 1908 signiﬁcavit,
3419 1863 3569 1901 eam-

312 1919 486 2002 6rui6;
526 1936 621 1990 καὶ
667 1933 840 2001 γέλως
864 1929 1077 1993 Ἰσαὰκ,
1122 1927 1196 1989 ὡς
1244 1923 1412 1986 τύπος
1449 1922 1546 1975 τοῦ
1592 1921 1664 1973 τὰ
1714 1919 1893 1973 πάντα

316 2027 784 2101 χαροποιήσαντος
826 2018 1088 2088 Χριστοῦ,
1126 2016 1246 2086 μεθ’
1269 2015 1336 2086 ἢν
1364 2012 1527 2067 πάλιν
1569 2010 1774 2080 σκηνὴν
1802 2009 1897 2064 καὶ

319 2126 355 2195 ή
377 2123 473 2175 τοῦ
497 2117 801 2192 μαρτυρίου
833 2112 1007 2183 σκηνὴ
1028 2110 1257 2177 δευτέρα
1285 2102 1443 2170 οὖσα,
1477 2104 1575 2175 τὴν
1605 2118 1897 2170 σκηνωμα-

319 2218 550 2287 τοφόρον
598 2213 807 2279 ταύτην
854 2206 999 2262 Εὔαν
1046 2205 1282 2273 γυναῖκα
1312 2198 1550 2270 Χριστοῦ
1583 2196 1677 2249 τοῦ
1698 2195 1894 2262 Ἀδὰμ,

334 2306 666 2378 Ἐκκλησίαν
697 2305 964 2374 ὲσήμανε,
992 2298 1087 2353 καὶ
1132 2297 1233 2366 τὴν
1274 2293 1578 2363 λεγομένην
1607 2289 1772 2361 ζωὴν,
1799 2288 1897 2358 τὴν

323 2402 537 2472 μητέρα
579 2399 678 2466 τῆς
725 2394 892 2464 ζωῆς,
928 2390 1209 2461 ζωηφόρον
1239 2388 1446 2457 σκηνὴν
1470 2384 1572 2453 τῆς
1614 2381 1896 2451 ἀκηράτου

320 2489 539 2560 φύσεως
582 2487 682 2557 τὴν
730 2483 995 2537 Θεοτόκον
1025 2482 1119 2534 καὶ
1148 2480 1407 2548 Θεοδόχον
1445 2475 1540 2529 καὶ
1568 2474 1891 2543 Θεοτρόφον.

333 2583 477 2636 Ἀλλ’
501 2580 571 2635 αὖ
614 2580 676 2632 τὸ
731 2576 853 2631 καθ’
877 2577 1024 2647 ἡμᾶς
1058 2572 1339 2642 Παρθένον
1387 2570 1482 2622 καὶ
1511 2564 1898 2635 Ἀειπάρθενον

318 2674 543 2742 Μαρίαν
570 2664 994 2739 προδιέγραφεν,
1016 2658 1127 2736 ὲνῇ
1153 2662 1342 2730 ὥσπερ
1369 2659 1479 2712 τινὶ
1506 2661 1678 2728 σκηνῇ
1705 2658 1896 2725 λογικῇ

316 2763 696 2834 αῦθυπάρκτῳ
726 2759 993 2828 συνδρομῇ
1032 2757 1124 2808 καὶ
1158 2753 1358 2823 συνόδῳ
1394 2751 1656 2821 ἁκαριαὶᾳ
1683 2748 1900 2816 διδυμο-

319 2851 479 2923 φυῶς
523 2847 860 2916 συνεπλάκη,
894 2846 988 2899 καὶ
1034 2842 1377 2909 συνεπλάσθη
1431 2842 1554 2893 καθ’
1579 2840 1896 2899 ὑπόστασιν,

321 2943 440 2998 ἀλλ’
459 2942 521 2995 οὐ
550 2937 907 3011 προεπλάσθη
934 2939 962 2989 6
985 2935 1079 2989 τοῦ
1110 2933 1246 2987 Θεοῦ
1273 2933 1462 2998 Λόγος,
1493 2930 1592 2999 τὴν
1619 2929 1900 2999 σκηνώδη-

325 3050 429 3104 μον
456 3032 640 3102 φύσιν.
658 3029 946 3098 Ἐννόησον
977 3027 1088 3097 γάρ
1123 3043 1212 3095 μοι
1240 3027 1324 3079 ὅτι
1356 3019 1466 3086 οἷος
1494 3025 1522 3075 6
1563 3022 1656 3073 νῦν
1688 3019 1897 3073 «6661;-

320 3141 528 3194 αρκτος
558 3122 654 3175 καὶ
679 3119 990 3190 ἀμφιγενὴς
1026 3117 1279 3179 σύνθετος
1302 3113 1708 3185 δερματοφόρος
1737 3127 1898 3179 γεγο-

1997 1937 2104 1992 que
2135 1923 2464 1993 designavit,
2497 1943 2618 1996 qua:
2639 1925 2757 1982 Vita
2789 1929 3013 1992 dicitur,
3040 1941 3268 1987 matrem
3310 1938 3449 2003 vitae,
3481 1955 3569 1994 sa-

1998 2010 2177 2065 lutare
2223 2014 2641 2069 tabernaculum
2696 2017 3026 2090 immortalis
3072 2032 3318 2092 naturae,
3374 2024 3570 2097 Deipa-

1998 2118 2114 2157 ram
2146 2105 2318 2169 illam,
2356 2105 2446 2160 Dei
2485 2108 2777 2176 hospitam,
2813 2109 2906 2163 Dei
2937 2113 3231 2176 nutricem,
3280 2118 3372 2171 sed
3422 2121 3569 2187 quod

1998 2196 2067 2249 ad
2109 2197 2360 2252 homines
2397 2198 2522 2269 (1‘),
2568 2216 2786 2270 semper
2815 2199 3095 2272 Virginem
3138 2205 3383 2262 Mariam.
3424 2211 3572 2266 Intra

2000 2301 2163 2355 quam
2211 2288 2374 2341 veluti
2426 2288 2568 2343 intra
2623 2292 3036 2347 tabernaCnlum
3074 2297 3349 2362 quoddam
3407 2302 3574 2355 ratio-

2000 2380 2147 2444 nale,
2169 2396 2266 2450 per
2294 2396 2354 2435 se
2372 2383 2661 2436 exsistenti
2691 2398 2963 2441 concursu
2991 2396 3043 2440 et
3074 2403 3364 2458 congressu
3394 2392 3574 2448 incor-

2001 2483 2164 2541 rupto
2198 2472 2275 2544 (Ξ)
2329 2473 2569 2529 Verbum
2610 2475 2704 2530 Dei
2758 2478 3051 2546 dupliciter
3103 2483 3486 2550 complicatum
3520 2494 3574 2541 et

2000 2581 2313 2620 connexum
2351 2578 2436 2621 est
2488 2583 2586 2636 per
2621 2569 2982 2639 hypostasim,
3020 2588 3197 2642 neque
3233 2577 3460 2632 adhaesit
3493 2583 3570 2646 (5)

2000 2659 2357 2714 tabernaculo
2386 2660 2461 2714 illi
2494 2662 2753 2715 naturali.
2787 2663 3021 2718 Attende
3060 2669 3204 2720 enim
3246 2672 3387 2737 quod
3423 2675 3573 2728 solus

2000 2750 2092 2805 ille
2118 2767 2214 2819 per
2257 2768 2314 2806 se
2345 2754 2639 2817 exsistcns,
2668 2770 2812 2807 nunc
2851 2755 3071 2824 duplex,
3113 2768 3167 2812 et
3212 2765 3571 2831 compositus,

2000 2843 2235 2912 pellibus
2265 2844 2498 2898 amictus
2532 2843 2728 2910 Adam,
2760 2853 2917 2899 antea
2948 2848 3149 2915 nudus,
3181 2850 3433 2918 simplex,
3458 2871 3574 2907 0m-

2000 2933 2132 2987 nino
2181 2934 2564 2988 incommistus
2601 2944 2653 2987 et
2690 2935 3083 3003 inconjunclus
3122 2939 3222 3007 (ιι).
3256 2938 3330 2993 Ex
3386 2942 3574 3009 ignoto

2000 3026 2261 3095 quodam,
2293 3026 2834 3095 incomprehensibili
2874 3029 3276 3085 euindistincto
3304 3033 3422 3086 loco
3465 3037 3570 3088 miv

2002 3117 2200 3187 gravit,
2253 3116 2343 3170 ubi
2401 3115 2544 3171 Deus
2589 3118 2661 3170 illi
2690 3132 2784 3186 per
2822 3119 3086 3187 Spiritum
3136 3132 3412 3185 sanctum,
3462 3141 3570 3178 non

321 3216 433 3279 νὼς
455 3214 649 3284 Ἀδὰμ,
678 3212 882 3281 γυμνὸς
913 3210 974 3263 τὸ
1006 3209 1158 3279 πρὶν,
1192 3205 1352 3278 ἄθριξ
1400 3207 1496 3258 καὶ
1546 3204 1725 3257 πάντα
1769 3204 1899 3272 ἀμι-

2002 3209 2204 3273 aliena,
2258 3209 2352 3264 sed
2390 3211 2607 3278 propria
2663 3225 2760 3265 sua
2797 3226 2959 3281 opera
3008 3213 3391 3269 inconsutilem
3424 3217 3573 3272 illam

323 3308 484 3378 σγὴς.
519 3306 616 3359 καὶ
660 3303 1048 3365 ἀσύνδιος.Ἐκ
1076 3317 1219 3363 τινος
1264 3297 1543 3366 ἀγνώστου
1570 3298 1664 3350 καὶ
1693 3298 1898 3349 ἀκαταο

320 3398 536 3465 λήπτου
566 3395 661 3448 καὶ
690 3393 1003 3462 ἀσημάντου
1033 3390 1199 3442 τόπου
1234 3388 1599 3457 ἐπεδήμησεν,
1634 3386 1693 3438 ὲν
1724 3380 1768 3453 ᾧ
1802 3401 1900 3437 πε-

325 3489 555 3556 ποιηκεν
584 3486 612 3537 ὁ
641 3484 772 3546 Θεὸς
824 3481 913 3534 διὰ
964 3480 1279 3550 [Ινεύματος
1313 3477 1468 3546 ἁγίου
1501 3474 1898 3546 αὐτουργικῶς,

323 3579 445 3632 ἀλλ’
467 3579 526 3630 οὐ
556 3574 973 3645 προστακτικῶς
1018 3572 1112 3626 τὸν
1157 3574 1402 3643 ᾶῤῥαφον
1430 3570 1621 3623 τοῦτον
1660 3569 1896 3640 χιτῶναο

322 3669 387 3723 ὃν
413 3668 605 3736 ἐδήλου
627 3667 876 3727 κάκεῖνος
901 3664 938 3729 ὁ,
958 3664 1122 3732 χιτὼν
1153 3664 1181 3715 6
1213 3662 1455 3724 ποικίλος
1497 3660 1557 3713 ὃν
1578 3662 1904 3730 ἐτεκτήνατο

322 3761 405 3832 τῷ
428 3762 632 3827 Ἰωσὴφ
665 3760 693 3811 6
721 3757 1065 3827 πατριάρχης
1090 3754 1494 3825 Ἰσραήλ.”0οεν
1527 3755 1620 3806 καὶ
1653 3753 1905 3806 ἐπανιόν-

323 3871 421 3916 τος
463 3852 585 3905 ὅθεν
617 3850 807 3920 ἐξῆλθε
840 3849 1032 3902 τούτου
1062 3847 1154 3900 τοῦ
1188 3846 1533 3910 συντεθέντος
1567 3846 1902 3916 σκηνοφόρου

326 3946 467 3998 Θεοῦ
498 3949 555 3997 ὲν
580 3942 900 4014 ἀνθρωπίνῃ
926 3940 1308 4011 κρυπτομένου
1336 3939 1530 4006 φύσει·
1562 3940 1656 3992 καὶ
1689 3939 1906 4010 ἀφορῶ-

328 4053 426 4090 σαι
447 4036 580 4106 πρὸς
601 4034 664 4086 τὸ
692 4034 1090 4101 καταπέτασμα
1115 4030 1215 4100 τῆς
1240 4030 1443 4110 σαρκὸς
1472 4030 1660 4092 αὐτοῦ,
1691 4032 1746 4084 αἱ
1776 4030 1907 4098 σύγ-

329 4143 486 4198 χοροι
532 4125 697 4177 αὑτοῦ
729 4122 1200 4193 οὐρανοπολίτιδες
1234 4121 1511 4190 δυνάμεις,
1545 4121 1744 4189 Θάμϐει
1777 4123 1907 4194 οείῳ

328 4217 619 4287 ληφθεῖσαι
653 4218 720 4286 τῇ
746 4214 1086 4281 καταπλήξει
1129 4213 1313 4280 ἔλεγον
1338 4230 1352 4244 ο
1402 4213 1497 4277 Τίς
1528 4208 1699 4279 οὗτος
1733 4216 1765 4267 ὀ
1797 4231 1908 4268 πα-

320 4310 732 4380 ραγενόμενος
778 4306 848 4370 ἐξ
890 4305 1092 4373 Ἑδὼμ,
1133 4304 1417 4373 ἐρύθημα,
1445 4302 1679 4369 ἱμάτιον
1721 4305 1947 4368 αὑτοῦ.

327 4402 401 4454 ἐκ
430 4398 671 4465 Βοσὼρς
702 4397 991 4450 Ταυτόντι
1016 4396 1112 4448 καὶ
1139 4394 1282 4448 κατὰ
1307 4394 1399 4446 τὸν
1420 4394 1594 4463 Ἀδὰμ
1619 4395 1710 4447 τὸν
1735 4412 1908 4465 γηγε-

267 4555 271 4558 ,
330 4496 420 4562 νῆ.
450 4490 629 4561 Ἑδὼμ
675 4490 772 4560 μὲν
806 4485 908 4571 ,οὖν
952 4486 1366 4557 ὲξερμενεύεται
1418 4489 1779 4554 παράδεισος
1816 4489 1909 4543 καὶ

2003 3302 2244 3356 tunicam
2279 3300 2428 3368 fecit,
2461 3317 2622 3370 quam
2666 3302 3004 3372 signiﬁcabat
3061 3305 3244 3359 tunica
3301 3306 3389 3359 illa
3425 3309 3576 3379 poly-

2004 3393 2134 3446 mita
2160 3408 2265 3461 qua
2300 3390 2603 3460 Josephum
2632 3407 2796 3446 suum
2831 3392 3009 3447 induit
3036 3395 3345 3461 patriarcha
3382 3397 3572 3451 lsracl.

2003 3482 2186 3548 Quare
2224 3482 2353 3537 illuc
2383 3481 2527 3535 unde
2562 3491 2787 3536 venerat
2833 3499 2956 3538 cum
3003 3485 3203 3538 rediret
3240 3487 3575 3554 compositus

2002 3573 2095 3628 ille
2128 3573 2271 3628 Deus
2314 3574 2738 3627 tabernarulil‘er
2791 3575 3043 3628 humana:
3090 3585 3296 3630 naturae
3335 3578 3572 3647 abditus,

2004 3666 2071 3721 ad
2114 3668 2293 3720 velum
2337 3667 2519 3721 carnis
2570 3668 2692 3736 ejus
2727 3668 3085 3735 respicientes
3133 3670 3348 3723 sodales
3381 3672 3500 3740 ejus
3523 3682 3578 3728 et

2006 3758 2127 3815 caeli
2160 3760 2305 3813 cives
2326 3768 2642 3827 potesmtes.
2677 3760 2908 3814 horrore
2936 3762 3120 3815 divino
3155 3776 3438 3833 curreplm,
3467 3784 3578 3836 pra:

2005 3856 2154 3903 metu
2178 3847 2573 3912 exclamarunt,
2607 3848 2739 3912 Quis
2767 3859 2841 3901 est
2875 3850 2971 3903 iste
2989 3851 3079 3920 qui
3111 3853 3246 3903 venit
3277 3853 3339 3906 de
3367 3853 3537 3921 Edam
3559 3899 3574 3923 ,

2007 3940 2181 3993 rubeis
2220 3940 2444 3992 vestibus
2477 3940 2551 4009 (5)
2571 3940 2635 3992 de
2662 3938 2833 3992 Bosra
2861 3937 2934 3989 ἀί
2985 3941 3130 3994 Idem
3175 3954 3230 3997 et
3268 3945 3336 3999 de
3367 3948 3482 3999 Atla
3522 3948 3582 4001 il-

2010 4030 2065 4085 lo
2116 4032 2410 4099 terrigena.
2455 4029 2626 4083 Edam
2660 4032 2878 4098 quidem
2921 4034 3213 4098 exponitur
3272 4038 3578 4107 paradisus,

2008 4132 2064 4187 et
2095 4123 2351 4191 voluptas
2389 4122 2713 4191 sanguinea,
2744 4123 2867 4192 rufa
2890 4139 2912 4189 ;
2945 4122 3116 4177 Bosra
3160 4140 3288 4180 vero
3318 4144 3442 4182 caro
3468 4146 3487 4183 :
3515 4146 3581 4185 ex

2011 4215 2277 4284 sanguine
2315 4224 2498 4267 autem
2543 4223 2598 4267 et
2632 4229 2798 4269 carne
2831 4214 3077 4269 confecta
3116 4226 3200 4270 est
3247 4219 3467 4286 pellim-a
3493 4222 3581 4277 illa

2010 4306 2179 4359 rubea
2234 4305 2454 4380 tunica;
2494 4319 2658 4374 quam
2703 4305 2899 4358 iterum
2954 4320 3078 4357 cum
3129 4306 3219 4359 alii
3269 4308 3491 4376 quidam
3526 4311 3582 4363 in

2011 4398 2209 4452 coelum
2237 4397 2620 4453 ascendentem
2649 4396 2896 4450 viderent
2926 4398 3308 4466 compositam,
3343 4400 3580 4454 divinam

2014 4488 2318 4542 divinitatis
2365 4496 2698 4552 consortem,
2745 4485 3008 4556 Evohe(6)
3039 4487 3259 4543 Christo
3288 4490 3532 4545 dit-entes
3563 4508 3578 4545 :

330 4554 529 4653 τρυφὴ
570 4554 922 4652 αἱματώδης.
1192 4579 1248 4632 δὲ
1274 4578 1464 4647 σάρξ·
1496 4577 1555 4644 ἐξ
1593 4580 1826 4650 αἵματος
1854 4581 1901 4635 δὲ

2019 4581 2195 4644 Quare
2227 4595 2348 4649 ergo
2381 4579 2595 4632 rubrum
2629 4587 2705 4632 est
2738 4579 3101 4632 indumentum
3146 4590 3318 4645 tuum,
3345 4590 3394 4634 et
3427 4582 3584 4636 vesti-

270 4684 302 4757 Ξ
333 4678 432 4729 καὶ
464 4676 667 4743 σαρκὸς
707 4674 940 4742 συνέστη
975 4673 1182 4732 ἐκεῖνος
1226 4670 1254 4720 6
1299 4670 1622 4741 δερμάτινος
1666 4671 1911 4742 πυρίζων

332 4766 528 4839 χιτὼν,
558 4766 617 4819 ὃν
647 4765 810 4819 πάλιν
841 4763 934 4817 καὶ
979 4762 1156 4833 ἕτεροί
1187 4779 1331 4825 τινες
1363 4762 1600 4831 ὁρῶντες
1630 4764 1710 4828 είς
1748 4762 1935 4836 οὐραέ

412 4893 435 4921 ⁸
461 4880 621 4937 Joan.
648 4897 685 4947 ι,
714 4881 801 4935 Μ.
879 4878 905 4920 ἆ
933 4878 1041 4934 lsa.
1076 4892 1231 4942 Lxm,
1266 4877 1318 4931 l.

2019 4682 2193 4725 menta
2246 4678 2338 4724 tua
2369 4672 2504 4723 sicut
2555 4669 2877 4724 calcantium
2922 4671 2977 4724 in
3020 4671 3317 4738 torculqri?
3353 4674 3588 4729 torcular

2021 4765 2222 4819 calcavi
2255 4764 2401 4819 solus
2430 4761 2532 4833 (Ἰ).
2558 4764 2713 4818 l’atet
2743 4764 2889 4819 enim
2923 4764 3074 4818 illum
3127 4763 3307 4835 ipsum
3341 4766 3433 4836 qui
3468 4766 3586 4836 pel-

1848 4986 2079 5047 ΝΟΤᾹΕ.

411 5065 514 5156 (ιλ)
538 5085 641 5142 Sed
661 5094 799 5157 quod
833 5086 903 5141 ad
927 5086 1183 5139 homines.
1202 5083 1302 5157 Ms.
1320 5083 1433 5135 ἀλλ’
1458 5083 1588 5157 αὐτὸ
1624 5083 1745 5157 καθ’
1771 5085 1918 5157 ἡμᾶς

334 5154 882 5227 Παρθένον,ἰιιιιιο;
940 5155 1350 5211 rescribendum
1401 5155 1570 5217 enim,
1614 5154 1730 5207 ἀλλ’
1789 5154 1917 5207 αὐτὸ

336 5229 466 5283 καθ’
494 5229 644 5296 ἡμᾶς
674 5227 842 5294 παρθ.

412 5298 492 5366 (9.)
517 5292 825 5363 Congressu
853 5297 1180 5366 incorrupto.
1216 5293 1314 5349 Ms.
1351 5292 1554 5361 συνόδῳ
1609 5292 1915 5366 ἀκαριαὶᾳς

335 5360 457 5423 scio
511 5360 730 5436 quidem
783 5360 1330 5435 ἀκαριαίαιίτιεοοηι
1386 5360 1771 5436 εεεονοοθιιι,
1824 5360 1918 5436 sed

335 5453 464 5507 quas
498 5433 606 5491 huc
636 5436 827 5507 venire
860 5433 970 5507 non
1006 5433 1218 5507 possit;
1252 5448 1423 5500 quare
1454 5447 1561 5507 no_n
1600 5434 1768 5507 male,
1797 5433 1918 5507 opi-

338 5501 466 5569 nor,
504 5507 559 5561 in
597 5506 719 5570 ejus
750 5506 925 5560 locum
952 5504 1118 5573 istam
1154 5506 1378 5558 alteram
1428 5501 1614 5557 ευσσοί
1643 5503 1910 5573 ἅκηραίᾳ,

336 5578 395 5634 id
427 5587 515 5633 est
548 5575 830 5645 ἀφθάρτῳ,
865 5572 1115 5697 καθαρἹῷ,
1145 5575 1315 5642 ἁγνῷ.

415 5649 494 5697 (5)
525 5644 708 5697 Neaue
738 5644 983 5697 adhwsit.
1069 5660 1136 5697 on
1173 5645 1332 5697 video
1355 5642 1486 5697 quid
1516 5641 1567 5695 hi

415 5649 494 5716 (5)
525 5642 709 5714 Neque
738 5642 983 5716 adhtzsi‘t.
1019 5642 1136 5697 Non
1157 5645 1332 5716 video
1355 5642 1486 5716 quid
1516 5642 1604 5695 hic
1656 5654 1916 5716 praestare

337 5711 519 5787 passit
552 5711 1167 5795 τὸξπροεπλᾴσθη-ηιιρᾱ
1196 5713 1394 5795 legitur
1428 5714 1479 5795 in
1534 5711 1916 5795 ms._ltestitui

338 5782 764 5855 ἱπροσεπλάσθη,
787 5782 1052 5843 adhaesit.
1069 5782 1261 5853 Neque
1291 5782 1378 5839 hic
1405 5784 1567 5837 etiam
1602 5782 1733 5836 mihi
1763 5783 1920 5853 plane

337 5856 479 5911 satis
489 5861 567 5910 tit.

2086 5082 2163 5152 (4)
2195 5080 2599 5150 Ιηεοιηιιηοιιιε.
2631 5081 2730 5136 Ms.
2762 5083 3008 5146 ἀσύνδιος
3039 5086 3183 5154 quod
3204 5083 3449 5140 Grtccnm
3479 5102 3587 5141 non

2015 5164 2118 5214 est,
2154 5162 2286 5225 puto
2314 5157 2384 5205 ita
2418 5154 2574 5225 male.
2623 5155 2883 5221 scriptum
2935 5156 3125 5221 fuisse,
3174 5170 3275 5225 pro
3322 5156 3588 5209 ὰσυνδύα-

2019 5238 2163 5282 στος,
2196 5223 2249 5273 id
2280 5235 2379 5285 est,
2413 5223 2632 5289 ἄζυγος,
2670 5233 2773 5277 rtc.

2089 5292 2168 5377 (5)
2230 5290 2419 5377 ξμὺεξε
2460 5292 2706 5377 vestibus.
2771 5292 2873 5377 his.
2920 5293 3173 5377 ἐρύθημα
3226 5294 3441 5377 ἱματιον
3480 5294 3585 5374 ρῦ-

2016 5360 2111 5413 τοῦ
2153 5363 2217 5414 ὲκ
2252 5361 2475 5432 Βοσῴρ·
2511 5364 2599 5416 ubi
2628 5363 2909 5429 legendum
2952 5360 3205 5432 ἱματίων,
3247 5360 3305 5415 ut
3363 5363 3419 5416 in
3478 5363 3584 5415 im-

2019 5432 2249 5499 pressis,
2278 5431 2366 5485 ubi
2408 5430 2610 5486 frustra
2643 5448 2857 5500 quaeras
2894 5430 3080 5485 vocent
3115 5432 3281 5485 αὐτοῦ
3322 5448 3442 5500 qua!
3495 5433 3587 5485 hic

2017 5510 2263 5569 apparet,
2297 5510 2353 5556 et
2382 5504 2700 5570 agnoscitur
2729 5503 2892 5555 etiam
2955 5503 3024 5555 ab
3072 5502 3315 5556 Adriano
3368 5502 3422 5555 in
3468 5501 3585 5555 Isa-

2053 5585 2153 5624 028

2016 5585 2167 5727 8???)
2208 5640 2401 5705 Euohe.
2446 5641 2543 5693 Ms.
2602 5639 2736 5693 εῦόω
2790 5641 2936 5709 quod
2996 5641 3148 5711 nihili
3201 5649 3330 5707 est;
3375 5641 3588 5697 restitui

2019 5726 2151 5761 ευοι.

2093 5779 2169 5848 (7)
2200 5778 2462 5853 Torcular
2492 5779 2696 5853 calcarvi
2735 5782 2899 5836 solus.
2940 5780 3039 5837 Ms.
3074 5782 3294 5853 Πλήρης
3356 5798 3591 5836 καταπε-

2026 5851 2314 5919 πατημένα
2352 5850 2599 5920 impressi
2636 5852 2764 5909 bibl.
2806 5853 2960 5909 codd.
2996 5850 3208 5925 πλήρης
3249 5850 3591 5910 ’καταπεπα-
