4056 6148
511 405 651 472 1055

1686 404 1749 462 S.
1786 391 2185 464 ANASTASII
2224 405 2550 466 SINAIT/E

3631 406 3776 476 1056

505 520 703 577 liceam
731 515 878 572 illam
910 517 1152 572 tunicam
1186 515 1384 580 induit,
1436 515 1586 571 intus
1615 515 1796 570 celare
1843 515 2088 570 rationa-

2204 518 2316 584 δοὺς
2345 519 2732 590 ἀνερχόμενον,
2755 518 3035 588 σύνθετον,
3058 521 3154 577 καὶ
3179 522 3383 587 ἔνθεον,
3414 521 3509 577 καὶ
3531 523 3778 594 όμύθεον,

506 613 614 668 lem
645 626 802 666 suam
845 620 902 664 et
953 609 1320 664 immortalem
1360 618 1636 675 naturam,
1685 608 2086 678 mortalemque

504 713 716 760 tantum
737 699 1046 755 ostendere.
1073 698 1242 770 igitur
1257 700 1514 756 Christus
1553 699 1726 754 Adam
1763 699 1820 753 in
1849 698 1938 754 his
1964 699 2085 768 pla-

505 814 575 852 ne
623 796 976 866 cognoscitur
1011 803 1065 848 et
1097 793 1242 850 Deus
1293 802 1349 849 et
1377 793 1562 860 homo,
1596 793 1720 864 ejus
1778 805 1912 848 vero
1945 805 2087 845 uxor

503 889 790 954 Ecclesia,
842 888 1041 956 quippe
1085 902 1207 956 quae
1261 887 1442 956 ipsum
1482 886 1743 951 induerit,
1787 884 2088 955 composita

504 985 725 1040 dicitur.
751 983 1061 1052 Quicunque
1084 983 1224 1036 enim
1250 983 1306 1035 in
1335 981 1553 1037 Christo
1597 981 1859 1050 baptizati
1887 995 2092 1045 sumus,

2191 612 2346 666 Εὑόω
2387 612 2610 684 Χριστῷ
2639 613 3058 682 λέγοντες⁶”1να
3085 616 3142 668 τί
3170 630 3288 670 σου
3316 616 3388 670 τὰ
3419 615 3619 684 ἱμάτια
3646 619 3781 687 ἐρυ-

2193 702 2322 772 θρὰ,
2350 703 2448 757 καί
2479 705 2552 759 τὰ
2580 704 2886 773 ἐνδύματά
2917 720 3036 762 σου
3082 707 3164 772 ὡς
3205 707 3326 763 ἀπὸ
3367 710 3640 777 aur-arat”;
3669 715 3780 780 λη-

2191 796 2342 863 νοῦ;
2373 797 2614 865 πλήρης
2657 800 3218 868 καταπεπατημένα.
3239 801 3296 854 '0
3323 801 3434 874 γὰρ
3461 803 3554 856 τὸν
3581 804 3784 875 δερμά-

2191 905 2340 941 τινον
2373 889 2696 960 ἐνδυόμενος
2741 891 2975 961 χιτῶνα,
3008 891 3234 962 εὔδηλον
3264 894 3344 948 ὅτι
3381 897 3635 966 κρυπτὴν
3684 897 3785 967 μὲν

2195 977 2345 1030 ἔνδον
2370 977 2484 1050 ἔχει
2509 979 2608 1050 τὴν
2633 981 2857 1052 λογικὴν
2878 983 2974 1036 καὶ
2999 983 3270 1036 ἀθάνατον
3295 987 3784 1057 φύσιν,ὁρωμένην

506 1076 778 1134 Christum
817 1076 1088 1130 induimus
1145 1075 1439 1144 conformes
1477 1076 1580 1144 ipsi
1631 1075 1763 1144 facti
1796 1084 1841 1129 ο.
1895 1071 1965 1124 Et
2019 1071 2096 1124 ait

2204 1071 2252 1124 δὲ
2303 1070 2401 1140 τὴν
2446 1071 2745 1143 6νητήν.⁹0
2779 1074 2879 1144 μὲν
2926 1069 3020 1128 οὖν
3049 1075 3286 1146 Χριστὸς
3311 1076 3504 1147 ’Δδὰμ,
3530 1077 3607 1142 ὡς
3652 1079 3784 1142 Θεὸς

455 1225 462 1228 _
507 1170 768 1224 Dominus
822 1169 963 1221 Deus
1004 1184 1022 1222 ε
1064 1167 1198 1220 Ecce
1231 1167 1405 1220 Adam
1438 1168 1592 1236 quasi
1637 1183 1774 1220 unus
1828 1180 1893 1219 ex
1944 1162 2093 1217 nobis

2204 1163 2289 1215 καὶ
2314 1162 2625 1234 ἄνθρωπος.
2661 1168 2718 1218 ὲν
2749 1165 2972 1229 ταύταις
3003 1168 3334 1238 γνωρίζεται
3356 1185 3370 1200 ·
3395 1171 3429 1240 ἡ
3460 1171 3517 1224 δὲ
3547 1170 3782 1238 σύζυγος

510 1261 683 1330 factus
718 1268 798 1313 est
836 1261 1006 1312 sciens
1046 1259 1238 1312 bonum
1262 1268 1312 1310 et
1346 1259 1544 1312 malum
1580 1257 1626 1313 τ.
1669 1259 1782 1313 Cur
1818 1271 1970 1322 vero,
2002 1255 2092 1309 dic

2204 1253 2360 1307 ιύτοῦ
2383 1254 2681 1326 Ἐκκλησία
2705 1298 2720 1320 ,
2751 1258 2827 1321 ὼς
2860 1259 3023 1311 αὐτὸν
3050 1259 3372 1329 ἐνδυομένη,
3409 1261 3662 1327 σύνθετος
3694 1264 3783 1316 λέ-

510 1353 682 1406 mihi?
2195 1363 2355 1413 γεται
2378 1364 2392 1378 ·
2425 1348 2599 1402 Ὅσοι
2627 1349 2736 1418 γὰρ
2775 1353 2864 1417 εἰς
2895 1353 3155 1418 Χριστὸν
3178 1352 3625 1423 ἐϐαπτίσθημεν
3654 1359 3784 1424 Χρι-

459 1444 1055 1514 στὸνὲνεδυσάμεθα
1083 1445 1423 1514 σύμμορφοι
1467 1441 1628 1507 αὐτῷ
1684 1443 2012 1513 γενόμενοι.
2048 1467 2117 1479 —-
2140 1437 2251 1491 Καὶ
2285 1437 2415 1493 εἷπε
2443 1442 2656 1509 Κύριος
2687 1445 2726 1496 ό
2757 1444 2928 1508 Θεός·
2973 1443 3133 1498 Ἰδοὺ
3193 1445 3442 1515 γέγονεν
3475 1447 3678 1517 Ἀδὰμ,
3703 1448 3784 1514 ὡς

508 1536 596 1606 εἷς
627 1539 696 1605 ἐξ
732 1539 923 1608 ἡμῶν,
976 1539 1085 1593 τοῦ
1114 1538 1436 1608 γινώσκειν
1465 1539 1659 1592 καλὸν
1692 1538 1788 1592 καὶ
1824 1535 2114 1602 πονηρόν.
2151 1534 2261 1586 Καὶ
2315 1535 2459 1598 τίνος
2500 1538 2700 1606 χάριν;
2734 1538 2857 1590 εἰπέ
2914 1556 3005 1608 μοι
3033 1540 3166 1610 παρ’
3191 1541 3354 1594 αὐτά.

579 1633 810 1697 Quando
839 1631 979 1686 Deus
1015 1632 1228 1686 vocavit
1251 1632 1400 1684 illum
1427 1630 1852 1684 abscondentem
1878 1643 1936 1682 se
1961 1633 2086 1696 post

2270 1625 2460 1679 Ἢνίκα
2491 1627 2749 1680 ἐκάλεσεν
2775 1626 2937 1680 αὐτὸν
2971 1627 3111 1698 μετὰ
3148 1629 3247 1699 τὴν
3289 1629 3497 1701 βρῶσιν
3543 1635 3782 1702 κρυπτό-

510 1725 1411 1794 manducatimiem,cur,inquam,
1435 1725 1618 1778 statim
1651 1721 1718 1775 ad
1747 1735 1872 1775 eum
1900 1733 2092 1773 vocem

2204 1733 2384 1785 μενον,
2413 1719 2440 1770 ὁ
2465 1717 2599 1780 Θεὸς
2624 1713 2777 1770 εἶπεν
2802 1718 2952 1788 αὐτῷ
2979 1718 3190 1790 ταύτην
3217 1719 3319 1791 τὴν
3353 1723 3560 1792 φωνὴν,
3601 1725 3781 1795 εἰπερ,

513 1819 672 1872 istam
704 1817 921 1871 locutus
968 1831 1076 1870 non
1106 1824 1188 1869 est
1219 1815 1322 1884 (8),
1354 1815 1651 1883 siquidem,
1684 1821 1742 1866 ut
1779 1819 1973 1881 putant
2000 1808 2096 1863 Ju-

511 1909 634 1974 daei,
660 1907 1043 1976 exprobatoria
1076 1918 1159 1961 est
1189 1917 1244 1960 et
1277 1921 1385 1960 non
1411 1904 1686 1975 mystica?
1707 1903 1765 1958 Si
1785 1901 1932 1958 enim
1965 1900 2093 1954 illu-

511 2003 648 2056 dens
671 1998 754 2051 vel
786 2013 1054 2053 accusans
1086 1998 1216 2051 illud
1247 1999 1296 2052 ei
1316 1997 1455 2052 dixit
1474 1995 1651 2060 Deus,
1678 2005 1804 2050 ante
1825 1994 2010 2049 omnia
2037 1995 2094 2048 in

512 2090 894 2161 objurgatione
934 2091 1066 2143 illud
1121 2091 1171 2143 ei
1226 2106 1256 2144 a
1309 2089 1418 2144 Deo
1461 2089 1626 2158 objici
1674 2087 1881 2154 decuit,
1925 2095 1982 2141 et
2017 2085 2094 2140 ita

512 2201 682 2257 porro
723 2186 1048 2241 sententiam
1103 2186 1401 2257 subiungi:
1447 2187 1647 2255 quippe
1687 2191 1815 2254 post
1852 2182 2094 2254 primum

513 2279 690 2342 illum,
724 2289 775 2332 et
815 2278 972 2346 quasi
1009 2285 1294 2346 paternum
1331 2285 1385 2332 et
1430 2277 1730 2346 nuptialem
1776 2276 2094 2330 tunicarum

514 2367 776 2422 amictum
829 2381 1058 2437 prorsus
1111 2367 1347 2420 alienum
1406 2365 1508 2420 fuit
1561 2367 1744 2420 dicere
1791 2365 1867 2418 ita
1927 2359 2093 2418 Deum

514 2461 758 2515 locutum
795 2459 963 2514 fuisse
987 2467 1049 2513 ut
1076 2474 1200 2512 eum
1243 2467 1550 2513 accusaret.
1592 2459 1794 2512 Verum
1841 2471 1968 2512 cum
2001 2471 2096 2526 per

515 2553 762 2608 tunicam
807 2550 958 2604 illam
1008 2550 1358 2619 compositum
1391 2549 1613 2604 fecisset
1648 2549 1741 2619 qui
1787 2549 1937 2618 prius
1978 2555 2098 2602 erat

516 2645 936 2714 incompositus,
986 2650 1042 2697 et
1088 2642 1144 2695 in
1189 2650 1386 2696 natura
1433 2641 1652 2695 mortali
1693 2641 1926 2696 celasset
1967 2654 2095 2695 eum

517 2738 613 2808 qui
647 2738 799 2806 prius
825 2745 944 2791 erat
995 2736 1163 2789 homo
1206 2734 1539 2800 inoccultus,
1598 2749 1833 2804 cumque
1879 2733 1954 2787 illi
1998 2748 2096 2788 ex-

518 2840 736 2885 ternam
765 2837 820 2882 et
860 2828 1094 2883 alienam
1126 2827 1422 2882 adunasset
1451 2837 1704 2881 naturam
1733 2841 1910 2892 suam,
1942 2840 2097 2879 eum-

2195 1809 2270 1870 ὼς
2310 1807 2577 1878 νομίζειὸ
2601 1809 2878 1874 Ἰουδαῖος,
2907 1810 3243 1882 ὀνειδιστική
3278 1813 3416 1877 ἐστι,
3448 1815 3545 1867 καὶ
3589 1816 3652 1868 οὐ
3683 1833 3785 1883 μυ-

2197 1901 2356 1972 στική
2378 1917 2392 1966 ;
2425 1902 2487 1954 El
2511 1900 2620 1973 γὰρ
2650 1901 2937 1972 ὲμπαίζων
2961 1901 3112 1974 αὐτῷ
3136 1905 3164 1957 ὁ
3185 1902 3320 1968 Θεὸς
3344 1905 3508 1959 τοῦτο
3534 1905 3784 1978 εἴρηκεν.

2195 1993 2230 2063 ἢ
2261 1993 2538 2061 ἐγκαλῶν,
2573 1993 2744 2065 ἐχρῆν
2781 1995 2985 2066 μᾶλλον
3007 1996 3172 2050 αὐτὸν
3212 1999 3272 2051 ἐν
3313 1998 3393 2070 τῷ
3421 1999 3686 2072 ἐπιτιμίῳ
3708 2002 3786 2073 τῷ

2195 2085 2334 2156 πρὸς
2361 2085 2526 2138 αὑτὸν
2553 2085 2717 2139 τοῦτο
2746 2087 2855 2158 πρὸ
2890 2089 3112 2144 πάντων
3139 2092 3338 2156 εἰπεῖν,
3368 2088 3468 2145 εἷθ’
3493 2091 3670 2157 οὕτως
3687 2094 3786 2165 τὴν

2196 2177 2476 2247 ἀπόφασιν
2520 2178 2847 2234 ἐπιτιθέναι.
2910 2181 3068 2235 Μετὰ
3115 2181 3227 2254 γὰρ
3273 2183 3374 2255 τὴν
3427 2185 3785 2256 φιλόστοργον

2196 2268 2414 2340 ἐκείνην
2461 2270 2558 2322 καὶ
2590 2271 2756 2324 οἱονεὶ
2784 2271 3061 2344 πατρικὴν
3086 2275 3182 2328 καὶ
3210 2275 3650 2348 νυμφοστολικὴν
3679 2279 3784 2332 τῶν

2195 2361 2440 2432 χιτώνων
2468 2362 2765 2433 περιϐολὴν
2790 2364 2883 2418 καὶ
2907 2363 3120 2420 ἔνδυσιν
3146 2367 3247 2421 οὐκ
3269 2363 3417 2438 εἶχεν
3436 2369 3578 2433 ὅλως
3599 2370 3783 2441 χώραν

2196 2453 2229 2522 ἢ
2253 2453 2412 2522 λόγον
2426 2455 2488 2508 τὸ
2509 2457 2708 2520 εἰπεῖν,
2732 2455 2816 2509 ὅτι
2844 2456 3098 2524 ἐγκαλῶν
3117 2460 3145 2511 ὁ
3167 2458 3302 2522 Θεὸς
3323 2459 3401 2530 τῷ
3423 2460 3617 2530 Ἀδὰμ,
3631 2463 3786 2516 τοῦτο

2195 2543 2406 2614 εἴρηκε⁸
2434 2545 2574 2615 πρὸς
2617 2544 2986 2599 ais-mnam
3015 2547 3248 2619 ποιήσας
3290 2549 3380 2602 διὰ
3420 2551 3516 2604 τοῦ
3557 2551 3786 2620 χιτῶνος

2199 2633 2454 2688 σύνθετον
2479 2638 2577 2706 τὴν
2601 2633 2796 2705 πρώην
2817 2635 3176 2704 ἀσύνθετον,
3195 2639 3289 2692 καὶ¹
3306 2638 3526 2709 κρύψας
3542 2643 3600 2692 ὲν
3616 2640 3784 2710 θνητῇ

2198 2729 2360 2799 φύσει
2415 2729 2506 2783 τὸν
2561 2729 2695 2800 πρὶν
2744 2731 3024 2801 ἄκρυπτον
3074 2731 3397 2802 ἄνθρωπον·
3435 2736 3532 2787 καὶ
3578 2732 3789 2798 ὲνώσας

2198 2821 2350 2891 αὐτῷ
2379 2821 2480 2892 τὴν
2512 2820 2674 2891 ξένην
2701 2822 2796 2875 καὶ
2825 2821 3090 2894 ἀλλογενῆ
3119 2823 3288 2877 αὐτοῦ
3320 2823 3484 2893 φύσιν
3507 2866 3522 2889 ,
3562 2827 3658 2879 καὶ
3678 2825 3791 2879 ὥσ-

519 2936 628 2990 que
651 2921 807 2990 quasi
839 2921 1055 2990 signum
1078 2920 1353 2989 quoddam
1381 2919 1480 2990 (9),
1512 2929 1695 2990 typum
1721 2928 1776 2974 et
1804 2918 2094 2987 imaginem

2204 2931 2307 2984 περ
2338 2914 2466 2967 τινὰ
2497 2914 2702 2985 στήλην
2737 2915 2836 2968 καὶ
2861 2915 3034 2968 τύπον
3062 2916 3160 2969 καὶ
3189 2916 3376 2971 εἰκόνα
3411 2916 3506 2970 τοῦ
3535 2917 3656 2980 ἑνὸς
3688 2919 3792 2988 τῆς

521 3009 687 3078 unius
708 3023 774 3062 ex
805 3009 1074 3064 Trinitate
1101 3009 1506 3072 concinnasset,
1526 3017 1580 3062 et
1603 3009 1953 3070 delineasset,
1978 3007 2098 3061 ideo

2204 2978 2433 3075 Tp‘tdtdo;
2462 2978 2884 3070 κατασκευάσας
2913 3007 3008 3061 καὶ
3035 3007 3348 3078 διαγράψας
3375 3007 3535 3061 αὑτὸν
3553 3051 3568 3075 ,
3595 2978 3793 3063 τούτου

521 3101 591 3156 ad
640 3077 790 3154 iilunt
837 3100 1136 3167 respiciens
1173 3108 1227 3154 et
1263 3100 1430 3154 veluti
1467 3099 1715 3152 divinum
1753 3099 1983 3167 digitum
2032 3097 2100 3152 ad

521 3205 648 3244 eum
684 3187 972 3244 intendens
1002 3189 1114 3259 (l0)
1134 3190 1303 3243 dixit:
1337 3188 1470 3242 Ecce
1495 3190 1667 3242 Adam
1696 3190 1851 3258 quasi
1877 3205 2012 3242 unus
2037 3203 2102 3242 ea:

522 3283 672 3337 nobis
704 3280 880 3345 factus
909 3289 1010 3344 est,
1065 3297 1211 3335 unus
1249 3297 1320 3335 ex
1350 3281 1528 3336 tribus
1569 3280 1880 3336 Divinitatis
1911 3295 2100 3350 perso-

524 3375 646 3440 nis;
706 3373 759 3427 id
809 3382 914 3434 est,
964 3373 1018 3426 in
1065 3372 1363 3441 postremis
1409 3371 1750 3440 temporibus
1798 3379 1852 3423 et
1900 3369 2101 3422 ultimis

525 3481 689 3534 usque
713 3464 924 3517 swculis
955 3463 1048 3518 liet
1079 3464 1127 3533 (1
1145 3464 1196 3534 1)
1226 3463 1382 3532 quasi
1416 3478 1561 3516 unus
1600 3461 1904 3524 Trinitatis,
1932 3461 2103 3515 Filius

523 3567 580 3612 et
605 3556 847 3611 Verbum
879 3556 1090 3622 Patris,
1125 3556 1488 3624 compositus,
1513 3553 1656 3609 Deus
1689 3564 1743 3609 et
1769 3554 1909 3607 idem
1937 3553 2104 3607 homo

524 3649 727 3705 factus.
787 3649 963 3703 Simul
1018 3658 1073 3702 et
1129 3663 1224 3717 per
1271 3663 1390 3701 eam
1448 3661 1634 3700 vocem
1707 3647 1832 3698 Atla:
1892 3645 2104 3698 nuntiat

525 3743 670 3798 Deus
696 3742 899 3796 factum
932 3756 1055 3796 esse
1093 3739 1204 3811 (l2)
1233 3739 1394 3810 quasi
1437 3754 1604 3791 unum
1641 3735 1946 3798 Trinitatis,
1979 3735 2101 3788 Tri-

525 3836 685 3892 nitati
718 3837 1044 3899 adunatum,
1085 3833 1403 3903 participem
1437 3831 1619 3884 throni
1652 3831 1760 3897 (15)
1786 3827 2102 3890 Cherubici,

526 3929 806 3983 sedentem
875 3927 942 3980 ad
995 3926 1274 3980 dexteram
1335 3921 1772 3992 magnificentiae,
1829 3921 1897 3974 ab
1953 3919 2103 3972 omni

526 4021 860 4090 principatu,
893 4027 947 4073 et
979 4025 1250 4087 potestate
1283 4016 1573 4070 adoratum
1617 4021 1672 4067 et
1711 4010 2100 4082 glorificatum.

530 4111 588 4165 Si
640 4112 764 4180 quis
821 4121 1005 4165 autem
1058 4119 1249 4164 contra
1303 4108 1598 4161 contendat
1645 4103 1834 4158 dicens
1886 4111 2105 4171 propter

527 4204 799 4258 fallaciam
843 4202 1114 4272 serpentis
1155 4216 1262 4270 qua
1299 4200 1436 4252 dixit
1479 4198 1582 4262 eis,
1637 4195 1804 4249 Eritis
1837 4196 1989 4262 quasi
2025 4195 2103 4246 dii

2200 3095 2360 3164 χάριν
2393 3095 2530 3163 πρὸς
2559 3093 2726 3148 αὑτὸν
2771 3094 3120 3162 ἀποϐλέπων,
3148 3097 3243 3148 καὶ
3287 3096 3454 3150 οἱονεὶ
3498 3095 3793 3161 δεικτικῶς

2199 3186 2290 3242 τὸν
2333 3185 2475 3237 θεῖον
2515 3185 2724 3238 ἐκεῖνον
2762 3187 3019 3240 ἐκτείνων
3047 3187 3313 3240 δάκτυλον
3344 3187 3609 3256 ἔφασκεν-
3635 3188 3792 3244 Ἰδοὺ

2201 3278 2450 3347 γέγονεν
2476 3278 2556 3344 ὠς
2583 3273 2670 3344 εἷς
2715 3279 2785 3343 ἐξ
2826 3277 2998 3348 ἡμῶν
3037 3278 3160 3332 τῶν
3189 3280 3368 3348 τριῶν
3393 3281 3497 3352 τῆς
3521 3282 3793 3352 Θεότητος

2202 3372 2580 3432 ὑποστάσεων.
2613 3371 2758 3425 τοῦτ’
2781 3372 2929 3426 ἐστιν
2956 3372 3029 3435 ὠς
3060 3374 3118 3425 ὲν
3152 3373 3403 3445 ὑστέροις
3434 3376 3672 3445 καιροῖς.
3701 3375 3794 3428 καὶ

2201 3464 2292 3516 ἐπ’
2317 3463 2593 3530 ἐσχάτων
2638 3463 2759 3518 τῶν
2797 3463 3028 3518 αἰώνων
3053 3466 3342 3537 ὲννήσεται
3373 3468 3404 3518 ὁ
3430 3467 3531 3537 τῆς
3561 3466 3810 3536 Τριὰδος¹

2205 3548 2284 3617 εἷς
2312 3555 2438 3618 Υἱὸς
2481 3555 2580 3608 καὶ
2623 3555 2795 3624 Λόγος
2823 3556 2918 3609 τοῦ
2951 3557 3188 3629 Πατρὸς,
3216 3557 3473 3620 σύνθετος
3500 3557 3635 3620 Θεὸς
3656 3558 3792 3630 ὁμοῦ

2202 3661 2261 3696 τε
2287 3645 2378 3696 καὶ
2400 3644 2689 3715 ἄνθρωπος
2727 3645 3044 3714 γενόμενος»
3062 3645 3232 3716 Ὁμοῦ
3262 3663 3324 3699 τε
3353 3647 3575 3713 διὰ-τῆς
3603 3647 3793 3699 τοιαύ-

2203 3757 2301 3810 της
2321 3739 2508 3808 φωνῆς
2533 3738 2952 3808 εὐαγγελίζεται
2979 3741 3076 3793 καὶ
3101 3739 3180 3810 τῷ
3201 3741 3377 3818 ’ᾼδὰμ
3397 3745 3426 3796 ό
3448 3742 3582 3805 Θεὸς
3599 3743 3794 3813 ὅτιπερ

2203 3831 2469 3899 γεννᾶσθε
2501 3831 2575 3891 ὼς
2610 3829 2690 3894 εἷς
2720 3831 2824 3899 τῆς
2856 3831 3090 3902 Τριάδος
3117 3833 3406 3902 ὲνούμενος
3431 3832 3501 3887 δι’
3531 3833 3697 3886 αὑτοῦ
3723 3835 3791 3904 τῇ

2205 3919 2448 3989 Θεότητι,
2481 3920 2576 3972 καὶ
2619 3921 2676 3971 ὲν
2710 3920 2789 3990 τῷ
2825 3921 3001 3990 θρόνῳ
3043 3921 3128 3988 τῷ
3155 3923 3464 3992 χερουσικῷ
3498 3921 3792 3992 σύνθρονος

2205 4013 2591 4081 ἀνερχόμενος,
2625 4013 2717 4065 καὶ
2751 4013 2808 4064 ὲν
2836 4012 2988 4083 δεξιᾷ
3014 4012 3118 4082 τῆς
3145 4013 3522 4083 μεγαλοσύνης
3547 4013 3794 4083 καθήμεο

2205 4120 2317 4167 νος,
2350 4105 2442 4155 καί
2470 4103 2575 4155 ὑπὸ
2603 4105 2783 4174 πάσης
2807 4106 2985 4175 ἀρχῆς
3027 4106 3122 4158 καὶ
3162 4104 3416 4172 ἐξουσίας
3452 4106 3793 4176 προσκυνού-

2209 4210 2369 4263 μενος
2404 4195 2500 4244 atati.
2532 4193 3008 4264 δοξολογούμενος.
3039 4193 3184 4264 Πρὸς
3221 4193 3279 4246 δὲ
3313 4193 3403 4247 τὸν
3437 4194 3794 4262 ἀντιλέγοντα

525 4297 748 4350 scientes
801 4297 990 4348 bonum
1045 4302 1094 4347 et
1145 4293 1365 4356 malum,
1404 4291 1524 4344 ideo
1566 4287 1699 4342 illud
1732 4285 1863 4342 Adae
1899 4285 2100 4340 obduc-

2209 4295 2306 4336 και
2330 4284 2613 4353 φάσκοντα
2639 4287 2832 4357 ὅτιπερ
2868 4285 2958 4340 διὰ
2980 4287 3080 4356 τὴν
3108 4287 3326 4356 ἀπάτην
3357 4285 3451 4339 τοῦ
3488 4286 3667 4355 ὄφεως
3695 4287 3792 4354 τὴν

531 4399 644 4444 tum
679 4406 709 4444 a
741 4389 850 4446 Deo
879 4397 934 4443 et
955 4388 1228 4457 obiectum
1260 4385 1450 4452 fuisse,
1481 4381 1938 4452 respondebimus
1970 4379 2096 4448 qui-

609 4537 631 4564 θ
661 4525 841 4580 Galat.
874 4539 959 4588 ιιι,
981 4522 1074 4577 27.
1162 4523 1179 4560 ί
1221 4519 1357 4607 Gen.
1387 4535 1468 4585 ιιι,
1494 4517 1585 4572 22.

534 4771 1141 4845 cqpévnc._Tertul.,S.
1171 4773 1304 4843 (lyp.
1345 4781 1397 4826 et
1425 4771 1484 4845 S.
1526 4769 1750 4845 Hieron.
1803 4768 2104 4845 legisse‘vi-

537 4840 750 4899 dentur
769 4843 1008 4912 πλήρους
1045 4840 1606 4912 καταπεπατημένου,
1666 4841 1802 4912 sicut
1860 4840 1922 4912 de
1989 4840 2106 4912 foro

539 4913 824 4970 torcularis
857 4909 1009 4981 pleno
1037 4913 1367 4976 conculcata,
1400 4909 1550 4966 "sive
1613 4909 1899 4981 torculariis
1966 4910 2108 4978 pleni

537 4979 1203 5057 percalcati.'Anastasi_us
1233 4993 1418 5057 noster
1448 4981 1587 5034 forte
1620 4979 1924 5057 scripserat
1943 4981 2107 5057 ⁸πλὴτ

542 5048 669 5128 ρους
698 5053 1257 5128 κιιιτοιπιεπατεημενοι,Δ
1290 5053 1392 5128 hoc
1416 5067 1603 5128 _sensu
1633 5068 1645 5102 :
1683 5050 1778 5128 _'l‘d
1838 5048 2113 5128 ὲνρύμοιτά

541 5119 658 5188 σου,
694 5119 1203 5192 καταπεπατημένα
1230 5123 1304 5185 ὼς
1335 5123 1442 5175 ἀπὸ
1469 5119 1710 5190 πατητοῦ
1756 5120 1918 5192 ληνοῦ
1967 5119 2108 5188 πλή-

540 5215 690 5268 ρους.
736 5193 1052 5268 Vestimentu
1084 5203 1175 5246 tua
1199 5195 1509 5268 conculcata
1542 5202 1590 5246 et
1643 5191 1924 5268 inquinata
1948 5259 1959 5268 _
1988 5199 2110 5268 sunt

536 5259 692 5337 quasi
721 5282 748 5319 ε
781 5265 1039 5337 torculari
1068 5269 1222 5335 pleno
1264 5265 1592 5337 conculcata.
1654 5259 1883 5330 Vulgata
1935 5259 2109 5337 _lectio

537 5330 729 5392 nescio
765 5352 832 5391 an
869 5335 938 5388 ab
995 5330 1386 5404 interpretibus
1420 5343 1562 5388 recte
1625 5341 1845 5404 accf-pta
1903 5330 1994 5393 sil,
2048 5345 2111 5383 ea

537 5418 687 5463 certe
720 5407 852 5480 milii
883 5407 958 5460 ita
997 5402 1215 5460 videtur
1259 5404 1630 5480 intelligenda,
1682 5402 1895 5480 πλήρης
1946 5418 2112 5480 κατα-

537 5477 956 5546 πεπατημένης,
982 5493 1178 5546 nempe
1214 5469 1489 5545 σταφυλῆς
1523 5489 1535 5502 °
1567 5475 1638 5526 ita
1671 5481 1729 5526 ut
1760 5469 1907 5546 dicat
1937 5469 2112 5546 _Jesus

539 5564 597 5601 se
638 5541 851 5616 plenum
890 5541 1019 5602 esse
1062 5541 1340 5616 sanguine
1377 5541 1539 5616 quem
1575 5559 1641 5597 ex
1672 5541 1895 5595 calcatis
1937 5541 2111 5595 hosti-

539 5617 910 5690 bus‘collegit,
941 5627 1045 5672 etc.
1239 5685 1284 5690 __
1371 5656 1421 5690 _-
1464 5685 1490 5690 _
1532 5620 1572 5690 _'
1649 5678 1671 5690 -
1845 5681 1856 5690 .
1915 5679 1937 5690 ..

608 5685 686 5753 (8)
721 5678 952 5739 Ιλοεύιιω
988 5704 1089 5740 non
1114 5695 1211 5740 est.
1238 5685 1336 5740 Ms.
1371 5685 1431 5739 '0
1457 5683 1588 5745 Θεὸς
1621 5678 1774 5733 εἶπεν
1800 5679 1949 5748 αὐτῷ
1977 5679 2112 5753 ταύ-

537 5769 638 5826 την
665 5749 762 5822 τὴν
789 5757 995 5821 φωνήν.
1030 5757 1140 5826 Ego
1165 5772 1292 5812 vero
1321 5759 1502 5824 potius
1533 5767 1766 5826 sensum
1787 5763 1841 5802 et
1882 5749 2112 5826 ἀκολου-

543 5821 662 5874 θίαν
695 5820 1183 5894 ευριιιιιείδιιιιιῖιιιί
1214 5820 1373 5880 unice
1401 5827 1635 5879 rlzunant
1668 5833 1722 5876 ut
1757 5822 1904 5890 legas
1932 5820 1958 5872 ὁ
1980 5820 2113 5882 Θεὸς

2205 4375 2489 4443 εἰποῦσαν,
2520 4379 2603 4432 ὅτι
2628 4379 2882 4434 Ἕσεσθε
2911 4380 2992 4444 ὡς
3017 4379 3141 4434 θεοὶ
3177 4377 3576 4448 γινώσκοντες
3602 4378 3796 4432 καλὸν

2037 4632 2270 4692 NOTAE.

2206 4769 2491 4847 obsistam:
2518 4792 2532 4807 ⁶
2568 4776 2685 4847 lege
2724 4779 2906 4833 modo.

2251 4844 2354 4923 .(9)
2392 4844 2930 4923 Sigtttttn'quoddunt.
2957 4849 3034 4905 Ita
3065 4851 3204 4923 verti
3240 4850 3466 4923 στήλην,
3498 4850 3550 4902 in
3581 4852 3794 4923 colurn-

2209 4917 2295 4965 nis
2339 4917 2482 4990 enim
2518 4917 2834 4990 frequenter
2865 4922 3042 4988 signa,
3081 4921 3224 4976 unde
3255 4917 3458 4974 factum
3506 4930 3567 4974 ut
3615 4921 3792 4990 στήλη

2207 4986 2425 5060 proprie
2449 4987 2526 5060 de
2546 4989 2800 5060 columna
2835 4986 3045 5060 dicatur
3079 4991 3224 5060 etde
3256 4992 3434 5060 signo.

2283 5055 2396 5121 (10)
2445 5055 2526 5108 Ad
2572 5073 2690 5110 eum
2744 5059 3034 5112 intendens.
3097 5059 3200 5114 Ms.
3245 5055 3338 5112 τὸν
3385 5059 3528 5112 θεῖον
3585 5062 3794 5113 ἐκεῖνον

2211 5123 2491 5199 ἐκτείνων
2501 5127 2762 5199 δάκτυλον
2793 5145 2806 5160 ο
2845 5133 2963 5198 lego
2987 5130 3124 5199 πρὸς
3146 5132 3378 5182 ἐκεῖνον.

2290 5197 2398 5264 (ll)
2444 5194 2588 5280 Fiet.
2623 5198 2718 5253 Ms.
2761 5194 3064 5280 ἐννῄᾶεταί,
3094 5201 3238 5267 quod
3262 5200 3511 5280 Graecum
3538 5209 3798 5280 non-est:

2216 5261 2418 5340 forsan
2441 5267 2756 5340 ἐννώσεται,
2791 5261 3131 5340 udjunget-ur,
3153 5286 3252 5339 pro
3275 5271 3562 5327 ἑνὼσεται.
3595 5269 3800 5324 Liben-

2215 5343 2304 5409 ter
2324 5337 2480 5409 enim
2514 5339 2728 5393 litteras
2759 5337 2997 5409 geminat
3025 5337 3205 5394 scriba
3230 5351 3438 5396 noster.

2289 5407 2400 5473 (l2)
2436 5407 2662 5461 Factum
2690 5407 2821 5463 esse.
2858 5410 2958 5464 Ms.
2996 5411 3078 5464 ὅτι
3110 5428 3217 5480 περ
3253 5409 3539 5479 γεννᾶσθε,
3602 5422 3800 5464 cortu-

2219 5485 2308 5560 pte
2395 5479 2659 5548 scriptum
2702 5480 2878 5535 fuerat
2923 5479 3195 5550 γεννάσθη
3228 5499 3242 5513 ·
3299 5481 3382 5535 vel
3439 5481 3620 5551 potius
3673 5495 3801 5545 γεν-

2219 5561 2321 5598 vna
2362 5566 2418 5598 η.

2219 5561 2418 5599 νησυη.

2270 5566 3304 5704 1:13.Participem'lnroniCltet-ubici.
3347 5621 3437 5672 ‘Ev
3490 5619 3570 5704 "c.9-
3622 5617 3801 5704 θρόνῳ

2225 5689 3014 5832 {1329355‘E’ifiiifia‘ii’a‘iiifiif
3033 5691 3804 5832 εῗέἓιῖἐῗέῗδίἕῗκηθῗξῗιῒῗιῒῗῖ

2223 5828 2355 5894 gilii,
2394 5829 2585 5883 Inrch
2617 5834 2794 5900 regina
2827 5828 3074 5902 Jorisquc
3096 5843 3142 5887 et
3171 5849 3320 5886 soror
3349 5841 3395 5885 et
3426 5830 3641 5898 conqu.
