  <div class='ocr_page' id='page_1' title='image "/cluster/home/n/w/nwhite01/storage/ocr_20150623/89/mdp.39015008868328/556.png"; bbox 0 0 4056 6148; ppageno 0'>
   <div class='ocr_carea' id='block_1_1' title="bbox 297 231 442 301">
    <p class='ocr_par' dir='ltr' id='par_1_1' title="bbox 297 231 442 301">
     <span class='ocr_line' id='line_1_1' title="bbox 297 231 442 301; baseline -0.028 0"><span class='ocrx_word' id='word_1_1' title='bbox 297 231 442 301; x_wconf 80' lang='grc'><strong>1057</strong></span> 
     </span>
    </p>
   </div>
   <div class='ocr_carea' id='block_1_2' title="bbox 1424 232 2433 297">
    <p class='ocr_par' dir='ltr' id='par_1_2' title="bbox 1424 232 2433 297">
     <span class='ocr_line' id='line_1_2' title="bbox 1424 232 2433 297; baseline -0.006 0"><span class='ocrx_word' id='word_1_2' title='bbox 1424 232 1507 297; x_wconf 88' lang='grc' dir='ltr'><strong>ΙΝ</strong></span> <span class='ocrx_word' id='word_1_3' title='bbox 1540 232 2063 297; x_wconf 74' lang='grc' dir='ltr'><strong>ΗΕΧΑΕΜΕΒΟΝ</strong></span> <span class='ocrx_word' id='word_1_4' title='bbox 2102 234 2248 295; x_wconf 84' lang='lat' dir='ltr'><strong>LiB.</strong></span> <span class='ocrx_word' id='word_1_5' title='bbox 2292 232 2433 293; x_wconf 86' lang='lat' dir='ltr'><strong>XII.</strong></span> 
     </span>
    </p>
   </div>
   <div class='ocr_carea' id='block_1_3' title="bbox 3438 230 3578 296">
    <p class='ocr_par' dir='ltr' id='par_1_3' title="bbox 3438 230 3578 296">
     <span class='ocr_line' id='line_1_3' title="bbox 3438 230 3578 296; baseline 0.007 -1"><span class='ocrx_word' id='word_1_6' title='bbox 3438 230 3578 296; x_wconf 79' lang='lat'><strong>1053</strong></span> 
     </span>
    </p>
   </div>
   <div class='ocr_carea' id='block_1_4' title="bbox 301 310 1895 418">
    <p class='ocr_par' dir='ltr' id='par_1_4' title="bbox 301 339 1893 418">
     <span class='ocr_line' id='line_1_4' title="bbox 301 339 1893 418; baseline 0.003 -22"><span class='ocrx_word' id='word_1_7' title='bbox 301 346 400 397; x_wconf 66' lang='grc' dir='ltr'><strong>καὶ</strong></span> <span class='ocrx_word' id='word_1_8' title='bbox 430 344 701 413; x_wconf 74' lang='grc' dir='ltr'>πονηρόν</span> <span class='ocrx_word' id='word_1_9' title='bbox 728 360 741 374; x_wconf 90' lang='grc'><strong>·</strong></span> <span class='ocrx_word' id='word_1_10' title='bbox 787 339 886 398; x_wconf 68' lang='grc' dir='ltr'>’ἐπὶ</span> <span class='ocrx_word' id='word_1_11' title='bbox 932 344 1157 400; x_wconf 77' lang='grc' dir='ltr'>’πάντων</span> <span class='ocrx_word' id='word_1_12' title='bbox 1187 345 1284 399; x_wconf 75' lang='grc' dir='ltr'><strong>καὶ</strong></span> <span class='ocrx_word' id='word_1_13' title='bbox 1319 346 1835 418; x_wconf 82' lang='grc' dir='ltr'>ύπαναμιμνήσκων</span> <span class='ocrx_word' id='word_1_14' title='bbox 1864 349 1893 401; x_wconf 90' lang='lat'><strong>6</strong></span> 
     </span>
    </p>
   </div>
   <div class='ocr_carea' id='block_1_5' title="bbox 1994 310 3579 418">
    <p class='ocr_par' dir='ltr' id='par_1_5' title="bbox 1995 310 3579 415">
     <span class='ocr_line' id='line_1_5' title="bbox 1995 310 3579 415; baseline 0 -15"><span class='ocrx_word' id='word_1_15' title='bbox 1995 345 2120 401; x_wconf 89' lang='lat' dir='ltr'><strong>dem</strong></span> <span class='ocrx_word' id='word_1_16' title='bbox 2178 346 2358 415; x_wconf 88' lang='lat' dir='ltr'><strong>primo</strong></span> <span class='ocrx_word' id='word_1_17' title='bbox 2411 354 2716 413; x_wconf 72' lang='lat' dir='ltr'><strong>serpentem</strong></span> <span class='ocrx_word' id='word_1_18' title='bbox 2776 310 3025 408; x_wconf 78' lang='lat' dir='ltr'><strong>dixisse,</strong></span> <span class='ocrx_word' id='word_1_19' title='bbox 3080 343 3249 398; x_wconf 76' lang='lat' dir='ltr'><strong>Erilis</strong></span> <span class='ocrx_word' id='word_1_20' title='bbox 3298 346 3451 414; x_wconf 82' lang='lat' dir='ltr'><strong>quasi</strong></span> <span class='ocrx_word' id='word_1_21' title='bbox 3500 346 3579 400; x_wconf 84' lang='lat' dir='ltr'><strong>dii</strong></span> 
     </span>
    </p>
   </div>
   <div class='ocr_carea' id='block_1_6' title="bbox 299 430 1890 510">
    <p class='ocr_par' dir='ltr' id='par_1_6' title="bbox 299 430 1890 510">
     <span class='ocr_line' id='line_1_6' title="bbox 299 430 1890 510; baseline 0 -20"><span class='ocrx_word' id='word_1_22' title='bbox 299 436 432 500; x_wconf 82' lang='grc' dir='ltr'>Θεδς</span> <span class='ocrx_word' id='word_1_23' title='bbox 456 434 651 501; x_wconf 81' lang='grc' dir='ltr'>ταῦτα,</span> <span class='ocrx_word' id='word_1_24' title='bbox 673 436 816 506; x_wconf 80' lang='grc' dir='ltr'>Πρὸς</span> <span class='ocrx_word' id='word_1_25' title='bbox 845 430 1159 508; x_wconf 73' lang='grc' dir='ltr'>τδνἎδὰμ,</span> <span class='ocrx_word' id='word_1_26' title='bbox 1192 437 1379 508; x_wconf 77' lang='grc' dir='ltr'>φησὶν,</span> <span class='ocrx_word' id='word_1_27' title='bbox 1413 437 1647 510; x_wconf 76' lang='grc' dir='ltr'><strong>ἐροῦμεν</strong></span> <span class='ocrx_word' id='word_1_28' title='bbox 1674 436 1890 509; x_wconf 88' lang='grc' dir='ltr'>πρῶτον</span> 
     </span>
    </p>
   </div>
   <div class='ocr_carea' id='block_1_7' title="bbox 304 523 1891 600">
    <p class='ocr_par' dir='ltr' id='par_1_7' title="bbox 304 523 1891 600">
     <span class='ocr_line' id='line_1_7' title="bbox 304 523 1891 600; baseline 0.001 -19"><span class='ocrx_word' id='word_1_29' title='bbox 304 530 404 600; x_wconf 75' lang='grc' dir='ltr'>μὲν</span> <span class='ocrx_word' id='word_1_30' title='bbox 431 528 515 581; x_wconf 76' lang='grc' dir='ltr'>ὅτι</span> <span class='ocrx_word' id='word_1_31' title='bbox 545 529 571 580; x_wconf 97' lang='lat'><strong>6</strong></span> <span class='ocrx_word' id='word_1_32' title='bbox 602 527 1021 597; x_wconf 78' lang='grc' dir='ltr'>δφις,Ἕσεσθε</span> <span class='ocrx_word' id='word_1_33' title='bbox 1042 529 1126 596; x_wconf 87' lang='grc' dir='ltr'>ὡς</span> <span class='ocrx_word' id='word_1_34' title='bbox 1158 528 1304 594; x_wconf 80' lang='grc' dir='ltr'>θεοὶ,</span> <span class='ocrx_word' id='word_1_35' title='bbox 1324 523 1470 591; x_wconf 78' lang='grc' dir='ltr'>εἷπε,</span> <span class='ocrx_word' id='word_1_36' title='bbox 1493 528 1891 597; x_wconf 72' lang='grc' dir='ltr'>γινώσκοντες</span> 
     </span>
    </p>
   </div>
   <div class='ocr_carea' id='block_1_8' title="bbox 300 618 1892 685">
    <p class='ocr_par' dir='ltr' id='par_1_8' title="bbox 300 618 1892 685">
     <span class='ocr_line' id='line_1_8' title="bbox 300 618 1892 685; baseline -0.001 -10"><span class='ocrx_word' id='word_1_37' title='bbox 300 620 561 685; x_wconf 79' lang='grc' dir='ltr'>ἅπαντα,</span> <span class='ocrx_word' id='word_1_38' title='bbox 603 618 833 682; x_wconf 80' lang='grc' dir='ltr'>πολλοὺς</span> <span class='ocrx_word' id='word_1_39' title='bbox 883 618 1063 684; x_wconf 78' lang='grc' dir='ltr'>θεοὺς,</span> <span class='ocrx_word' id='word_1_40' title='bbox 1119 621 1215 674; x_wconf 78' lang='grc' dir='ltr'><strong>καὶ</strong></span> <span class='ocrx_word' id='word_1_41' title='bbox 1269 619 1561 675; x_wconf 79' lang='grc' dir='ltr'>πολυθεῖαν</span> <span class='ocrx_word' id='word_1_42' title='bbox 1606 619 1892 674; x_wconf 66' lang='grc' dir='ltr'>διδάσκων.</span> 
     </span>
    </p>
   </div>
   <div class='ocr_carea' id='block_1_9' title="bbox 302 710 1895 785">
    <p class='ocr_par' dir='ltr' id='par_1_9' title="bbox 302 710 1895 785">
     <span class='ocr_line' id='line_1_9' title="bbox 302 710 1895 785; baseline 0.001 -19"><span class='ocrx_word' id='word_1_43' title='bbox 302 712 453 782; x_wconf 84' lang='grc' dir='ltr'><strong>Πλὴν</strong></span> <span class='ocrx_word' id='word_1_44' title='bbox 484 713 567 765; x_wconf 84' lang='grc' dir='ltr'>ὅτι</span> <span class='ocrx_word' id='word_1_45' title='bbox 597 711 722 764; x_wconf 79' lang='grc' dir='ltr'>οὔτε</span> <span class='ocrx_word' id='word_1_46' title='bbox 751 711 1017 782; x_wconf 78' lang='grc' dir='ltr'>ἐλάλησεν</span> <span class='ocrx_word' id='word_1_47' title='bbox 1044 714 1072 766; x_wconf 93' lang='lat'><strong>6</strong></span> <span class='ocrx_word' id='word_1_48' title='bbox 1095 713 1270 785; x_wconf 75' lang='grc' dir='ltr'>Ἀδὰμ</span> <span class='ocrx_word' id='word_1_49' title='bbox 1300 713 1378 784; x_wconf 81' lang='grc' dir='ltr'>τῷ</span> <span class='ocrx_word' id='word_1_50' title='bbox 1401 712 1546 783; x_wconf 77' lang='grc' dir='ltr'>ὄφει,</span> <span class='ocrx_word' id='word_1_51' title='bbox 1569 710 1694 767; x_wconf 76' lang='grc' dir='ltr'>οὔτε</span> <span class='ocrx_word' id='word_1_52' title='bbox 1721 712 1895 785; x_wconf 79' lang='grc' dir='ltr'>ἑώρα-</span> 
     </span>
    </p>
   </div>
   <div class='ocr_carea' id='block_1_10' title="bbox 302 803 1893 877">
    <p class='ocr_par' dir='ltr' id='par_1_10' title="bbox 302 803 1893 877">
     <span class='ocr_line' id='line_1_10' title="bbox 302 803 1893 877; baseline 0.001 -21"><span class='ocrx_word' id='word_1_53' title='bbox 302 822 398 858; x_wconf 87' lang='grc' dir='ltr'>κεν</span> <span class='ocrx_word' id='word_1_54' title='bbox 447 804 635 869; x_wconf 81' lang='grc' dir='ltr'>αὐτὸν,</span> <span class='ocrx_word' id='word_1_55' title='bbox 670 803 794 857; x_wconf 78' lang='grc' dir='ltr'>οὔτε</span> <span class='ocrx_word' id='word_1_56' title='bbox 846 805 1207 874; x_wconf 78' lang='grc' dir='ltr'>ἐπλησίασεν,</span> <span class='ocrx_word' id='word_1_57' title='bbox 1253 804 1380 859; x_wconf 73' lang='grc' dir='ltr'>οὔτε</span> <span class='ocrx_word' id='word_1_58' title='bbox 1434 804 1605 875; x_wconf 80' lang='grc' dir='ltr'>αὐτῷ,</span> <span class='ocrx_word' id='word_1_59' title='bbox 1636 804 1762 859; x_wconf 75' lang='grc' dir='ltr'>οὔτε</span> <span class='ocrx_word' id='word_1_60' title='bbox 1813 803 1893 877; x_wconf 82' lang='grc' dir='ltr'>τῷ</span> 
     </span>
    </p>
   </div>
   <div class='ocr_carea' id='block_1_11' title="bbox 301 896 1893 969">
    <p class='ocr_par' dir='ltr' id='par_1_11' title="bbox 301 896 1893 969">
     <span class='ocr_line' id='line_1_11' title="bbox 301 896 1893 969; baseline 0.001 -19"><span class='ocrx_word' id='word_1_61' title='bbox 301 897 507 968; x_wconf 81' lang='grc' dir='ltr'>δένδρῳ</span> <span class='ocrx_word' id='word_1_62' title='bbox 535 898 637 967; x_wconf 88' lang='grc' dir='ltr'><strong>τῆς</strong></span> <span class='ocrx_word' id='word_1_63' title='bbox 669 898 960 968; x_wconf 81' lang='grc' dir='ltr'><strong>παρακοῆς</strong></span> <span class='ocrx_word' id='word_1_64' title='bbox 981 914 994 927; x_wconf 88' lang='grc'><strong>·</strong></span> <span class='ocrx_word' id='word_1_65' title='bbox 1016 896 1157 951; x_wconf 81' lang='grc' dir='ltr'>ἀλλὰ</span> <span class='ocrx_word' id='word_1_66' title='bbox 1187 899 1325 968; x_wconf 85' lang='grc' dir='ltr'>μόνη</span> <span class='ocrx_word' id='word_1_67' title='bbox 1356 899 1517 968; x_wconf 84' lang='grc' dir='ltr'>γυνή.</span> <span class='ocrx_word' id='word_1_68' title='bbox 1555 899 1667 952; x_wconf 79' lang='grc' dir='ltr'><strong>Καὶ</strong></span> <span class='ocrx_word' id='word_1_69' title='bbox 1703 899 1753 951; x_wconf 84' lang='grc' dir='ltr'><strong>εί</strong></span> <span class='ocrx_word' id='word_1_70' title='bbox 1784 896 1893 969; x_wconf 78' lang='grc' dir='ltr'><strong>ἄρα</strong></span> 
     </span>
    </p>
   </div>
   <div class='ocr_carea' id='block_1_12' title="bbox 307 988 1893 1059">
    <p class='ocr_par' dir='ltr' id='par_1_12' title="bbox 307 988 1893 1059">
     <span class='ocr_line' id='line_1_12' title="bbox 307 988 1893 1059; baseline 0.001 -19"><span class='ocrx_word' id='word_1_71' title='bbox 307 988 556 1043; x_wconf 85' lang='grc' dir='ltr'>ὠνείδισε</span> <span class='ocrx_word' id='word_1_72' title='bbox 588 990 719 1059; x_wconf 73' lang='grc' dir='ltr'>περὶ</span> <span class='ocrx_word' id='word_1_73' title='bbox 756 988 866 1042; x_wconf 87' lang='grc' dir='ltr'><strong>τῶν</strong></span> <span class='ocrx_word' id='word_1_74' title='bbox 909 990 1173 1059; x_wconf 79' lang='grc' dir='ltr'><strong>ῥημάτων</strong></span> <span class='ocrx_word' id='word_1_75' title='bbox 1200 990 1294 1043; x_wconf 82' lang='grc' dir='ltr'>τοῦ</span> <span class='ocrx_word' id='word_1_76' title='bbox 1324 989 1502 1059; x_wconf 73' lang='grc' dir='ltr'>ὄφεως</span> <span class='ocrx_word' id='word_1_77' title='bbox 1542 988 1635 1043; x_wconf 67' lang='grc' dir='ltr'><strong>καὶ</strong></span> <span class='ocrx_word' id='word_1_78' title='bbox 1673 990 1893 1053; x_wconf 81' lang='grc' dir='ltr'>πάντως</span> 
     </span>
    </p>
   </div>
   <div class='ocr_carea' id='block_1_13' title="bbox 304 1079 1894 1153">
    <p class='ocr_par' dir='ltr' id='par_1_13' title="bbox 304 1079 1894 1153">
     <span class='ocr_line' id='line_1_13' title="bbox 304 1079 1894 1153; baseline -0.001 -19"><span class='ocrx_word' id='word_1_79' title='bbox 304 1082 551 1153; x_wconf 77' lang='grc' dir='ltr'><strong>ἐξορίσαι</strong></span> <span class='ocrx_word' id='word_1_80' title='bbox 600 1080 790 1151; x_wconf 66' lang='grc' dir='ltr'>ἐχρῆν,</span> <span class='ocrx_word' id='word_1_81' title='bbox 821 1081 921 1152; x_wconf 79' lang='grc' dir='ltr'>τὴν</span> <span class='ocrx_word' id='word_1_82' title='bbox 960 1084 1200 1149; x_wconf 83' lang='grc' dir='ltr'>γυναῖκα</span> <span class='ocrx_word' id='word_1_83' title='bbox 1233 1081 1436 1146; x_wconf 81' lang='grc' dir='ltr'>μᾶλλον</span> <span class='ocrx_word' id='word_1_84' title='bbox 1459 1081 1670 1151; x_wconf 81' lang='grc' dir='ltr'><strong>ὀφείλει</strong></span> <span class='ocrx_word' id='word_1_85' title='bbox 1697 1081 1727 1133; x_wconf 91' lang='lat'><strong>6</strong></span> <span class='ocrx_word' id='word_1_86' title='bbox 1759 1079 1894 1145; x_wconf 78' lang='grc' dir='ltr'>θεὸς</span> 
     </span>
    </p>
   </div>
   <div class='ocr_carea' id='block_1_14' title="bbox 302 1171 1892 1243">
    <p class='ocr_par' dir='ltr' id='par_1_14' title="bbox 302 1171 1892 1243">
     <span class='ocr_line' id='line_1_14' title="bbox 302 1171 1892 1243; baseline -0.001 -18"><span class='ocrx_word' id='word_1_87' title='bbox 302 1173 392 1225; x_wconf 85' lang='grc' dir='ltr'>διὰ</span> <span class='ocrx_word' id='word_1_88' title='bbox 423 1171 584 1226; x_wconf 72' lang='grc' dir='ltr'>τοῦτο</span> <span class='ocrx_word' id='word_1_89' title='bbox 606 1172 869 1243; x_wconf 78' lang='grc' dir='ltr'><strong>ἐξορίσαι.</strong></span> <span class='ocrx_word' id='word_1_90' title='bbox 891 1171 1159 1226; x_wconf 81' lang='grc' dir='ltr'><strong>Ἐνταῦθα</strong></span> <span class='ocrx_word' id='word_1_91' title='bbox 1182 1172 1238 1225; x_wconf 82' lang='grc' dir='ltr'>δὲ</span> <span class='ocrx_word' id='word_1_92' title='bbox 1268 1172 1563 1242; x_wconf 77' lang='grc' dir='ltr'><strong>ἐπίστησον</strong></span> <span class='ocrx_word' id='word_1_93' title='bbox 1595 1171 1735 1243; x_wconf 75' lang='grc' dir='ltr'>μετὰ</span> <span class='ocrx_word' id='word_1_94' title='bbox 1760 1171 1892 1225; x_wconf 85' lang='grc' dir='ltr'>πολ-</span> 
     </span>
    </p>
   </div>
   <div class='ocr_carea' id='block_1_15' title="bbox 304 1262 1892 1337">
    <p class='ocr_par' dir='ltr' id='par_1_15' title="bbox 304 1262 1892 1337">
     <span class='ocr_line' id='line_1_15' title="bbox 304 1262 1892 1337; baseline 0.004 -21"><span class='ocrx_word' id='word_1_95' title='bbox 304 1263 401 1334; x_wconf 77' lang='grc' dir='ltr'><strong>λῆς</strong></span> <span class='ocrx_word' id='word_1_96' title='bbox 434 1281 580 1326; x_wconf 76' lang='grc' dir='ltr'>τινος</span> <span class='ocrx_word' id='word_1_97' title='bbox 600 1265 695 1316; x_wconf 75' lang='grc' dir='ltr'><strong>καὶ</strong></span> <span class='ocrx_word' id='word_1_98' title='bbox 718 1262 871 1328; x_wconf 79' lang='grc' dir='ltr'>θείας</span> <span class='ocrx_word' id='word_1_99' title='bbox 892 1263 993 1332; x_wconf 85' lang='grc' dir='ltr'><strong>τῆς</strong></span> <span class='ocrx_word' id='word_1_100' title='bbox 1015 1264 1383 1335; x_wconf 75' lang='grc' dir='ltr'><strong>ἀνακρίσεως,</strong></span> <span class='ocrx_word' id='word_1_101' title='bbox 1410 1267 1606 1336; x_wconf 82' lang='grc' dir='ltr'><strong>ὅτιπερ</strong></span> <span class='ocrx_word' id='word_1_102' title='bbox 1634 1266 1776 1336; x_wconf 85' lang='grc' dir='ltr'>μετὰ</span> <span class='ocrx_word' id='word_1_103' title='bbox 1792 1267 1892 1337; x_wconf 77' lang='grc' dir='ltr'>τὴν</span> 
     </span>
    </p>
   </div>
   <div class='ocr_carea' id='block_1_16' title="bbox 305 1355 1893 1431">
    <p class='ocr_par' dir='ltr' id='par_1_16' title="bbox 305 1355 1893 1431">
     <span class='ocr_line' id='line_1_16' title="bbox 305 1355 1893 1431; baseline 0.003 -22"><span class='ocrx_word' id='word_1_104' title='bbox 305 1355 519 1409; x_wconf 77' lang='grc' dir='ltr'>ἔνδυσιν</span> <span class='ocrx_word' id='word_1_105' title='bbox 540 1355 737 1409; x_wconf 84' lang='grc' dir='ltr'>τούτου</span> <span class='ocrx_word' id='word_1_106' title='bbox 765 1355 858 1409; x_wconf 82' lang='grc' dir='ltr'>τοῦ</span> <span class='ocrx_word' id='word_1_107' title='bbox 880 1356 1109 1427; x_wconf 85' lang='grc' dir='ltr'>χιτῶνος</span> <span class='ocrx_word' id='word_1_108' title='bbox 1139 1356 1238 1410; x_wconf 82' lang='grc' dir='ltr'><strong>οὐκ</strong></span> <span class='ocrx_word' id='word_1_109' title='bbox 1260 1356 1340 1410; x_wconf 77' lang='grc' dir='ltr'>ἔτι</span> <span class='ocrx_word' id='word_1_110' title='bbox 1368 1358 1561 1427; x_wconf 83' lang='grc' dir='ltr'>μνείαν</span> <span class='ocrx_word' id='word_1_111' title='bbox 1588 1359 1710 1412; x_wconf 81' lang='grc' dir='ltr'>τινὰ</span> <span class='ocrx_word' id='word_1_112' title='bbox 1736 1359 1893 1431; x_wconf 88' lang='grc' dir='ltr'>ποιῆ-</span> 
     </span>
    </p>
   </div>
   <div class='ocr_carea' id='block_1_17' title="bbox 306 1443 1894 1519">
    <p class='ocr_par' dir='ltr' id='par_1_17' title="bbox 306 1443 1894 1519">
     <span class='ocr_line' id='line_1_17' title="bbox 306 1443 1894 1519; baseline 0.004 -20"><span class='ocrx_word' id='word_1_113' title='bbox 306 1464 397 1499; x_wconf 88' lang='grc' dir='ltr'><strong>σαι</strong></span> <span class='ocrx_word' id='word_1_114' title='bbox 443 1446 543 1515; x_wconf 80' lang='grc' dir='ltr'><strong>τῆς</strong></span> <span class='ocrx_word' id='word_1_115' title='bbox 588 1443 847 1513; x_wconf 76' lang='grc' dir='ltr'>γυναικὸς</span> <span class='ocrx_word' id='word_1_116' title='bbox 879 1448 1018 1518; x_wconf 75' lang='grc' dir='ltr'>μετὰ</span> <span class='ocrx_word' id='word_1_117' title='bbox 1048 1447 1143 1501; x_wconf 87' lang='grc' dir='ltr'>τοῦ</span> <span class='ocrx_word' id='word_1_118' title='bbox 1167 1447 1361 1519; x_wconf 73' lang='grc' dir='ltr'>’Δδὰμ,</span> <span class='ocrx_word' id='word_1_119' title='bbox 1392 1451 1420 1502; x_wconf 91' lang='lat'><strong>6</strong></span> <span class='ocrx_word' id='word_1_120' title='bbox 1444 1449 1608 1514; x_wconf 85' lang='grc' dir='ltr'><strong>Θεὸς,</strong></span> <span class='ocrx_word' id='word_1_121' title='bbox 1646 1450 1760 1503; x_wconf 85' lang='grc' dir='ltr'>ἀλλ’</span> <span class='ocrx_word' id='word_1_122' title='bbox 1784 1451 1894 1505; x_wconf 81' lang='grc' dir='ltr'>ῐδια</span> 
     </span>
    </p>
   </div>
   <div class='ocr_carea' id='block_1_18' title="bbox 305 1536 1891 1612">
    <p class='ocr_par' dir='ltr' id='par_1_18' title="bbox 305 1536 1891 1612">
     <span class='ocr_line' id='line_1_18' title="bbox 305 1536 1891 1612; baseline 0.004 -22"><span class='ocrx_word' id='word_1_123' title='bbox 305 1537 486 1590; x_wconf 74' lang='grc' dir='ltr'>πάντα</span> <span class='ocrx_word' id='word_1_124' title='bbox 533 1537 662 1608; x_wconf 79' lang='grc' dir='ltr'>περὶ</span> <span class='ocrx_word' id='word_1_125' title='bbox 705 1536 799 1591; x_wconf 83' lang='grc' dir='ltr'>τοῦ</span> <span class='ocrx_word' id='word_1_126' title='bbox 852 1537 1143 1609; x_wconf 81' lang='grc' dir='ltr'>ἀνθρώπου</span> <span class='ocrx_word' id='word_1_127' title='bbox 1186 1539 1371 1608; x_wconf 78' lang='grc' dir='ltr'>λέγει’</span> <span class='ocrx_word' id='word_1_128' title='bbox 1421 1541 1557 1611; x_wconf 74' lang='grc' dir='ltr'>φησὶ</span> <span class='ocrx_word' id='word_1_129' title='bbox 1597 1542 1891 1612; x_wconf 74' lang='grc' dir='ltr'><strong>γάρ”Ιδοὺ</strong></span> 
     </span>
    </p>
   </div>
   <div class='ocr_carea' id='block_1_19' title="bbox 318 1626 1892 1702">
    <p class='ocr_par' dir='ltr' id='par_1_19' title="bbox 318 1626 1892 1702">
     <span class='ocr_line' id='line_1_19' title="bbox 318 1626 1892 1702; baseline 0.005 -22"><span class='ocrx_word' id='word_1_130' title='bbox 318 1627 492 1696; x_wconf 77' lang='grc' dir='ltr'>Ἀδὰμ</span> <span class='ocrx_word' id='word_1_131' title='bbox 519 1626 771 1698; x_wconf 77' lang='grc' dir='ltr'>γέγονεν</span> <span class='ocrx_word' id='word_1_132' title='bbox 793 1630 869 1697; x_wconf 84' lang='grc' dir='ltr'>ὡς</span> <span class='ocrx_word' id='word_1_133' title='bbox 896 1626 982 1695; x_wconf 82' lang='grc' dir='ltr'>εἷς</span> <span class='ocrx_word' id='word_1_134' title='bbox 1014 1630 1083 1693; x_wconf 81' lang='grc' dir='ltr'><strong>ἐξ</strong></span> <span class='ocrx_word' id='word_1_135' title='bbox 1117 1631 1287 1698; x_wconf 76' lang='grc' dir='ltr'>ἡμῶν</span> <span class='ocrx_word' id='word_1_136' title='bbox 1307 1632 1416 1686; x_wconf 84' lang='grc' dir='ltr'>τοῦ</span> <span class='ocrx_word' id='word_1_137' title='bbox 1435 1633 1752 1702; x_wconf 77' lang='grc' dir='ltr'>γινώσκειν</span> <span class='ocrx_word' id='word_1_138' title='bbox 1784 1651 1892 1688; x_wconf 83' lang='grc' dir='ltr'><strong>κα-</strong></span> 
     </span>
    </p>
   </div>
   <div class='ocr_carea' id='block_1_20' title="bbox 1953 433 3577 500">
    <p class='ocr_par' dir='ltr' id='par_1_20' title="bbox 1953 433 3577 500">
     <span class='ocr_line' id='line_1_20' title="bbox 1953 433 3577 500; baseline 0.001 -10"><span class='ocrx_word' id='word_1_139' title='bbox 1953 468 1957 473; x_wconf 89' lang='lat'><strong><em>-</em></strong></span> <span class='ocrx_word' id='word_1_140' title='bbox 1994 438 2217 491; x_wconf 80' lang='lat' dir='ltr'><strong>scientes</strong></span> <span class='ocrx_word' id='word_1_141' title='bbox 2245 437 2445 500; x_wconf 86' lang='lat' dir='ltr'><strong>omnia,</strong></span> <span class='ocrx_word' id='word_1_142' title='bbox 2484 434 2563 488; x_wconf 92' lang='lat' dir='ltr'><strong>sic</strong></span> <span class='ocrx_word' id='word_1_143' title='bbox 2604 433 2806 487; x_wconf 88' lang='lat' dir='ltr'><strong>multos</strong></span> <span class='ocrx_word' id='word_1_144' title='bbox 2848 433 2978 488; x_wconf 89' lang='lat' dir='ltr'><strong>deos</strong></span> <span class='ocrx_word' id='word_1_145' title='bbox 3026 433 3398 488; x_wconf 77' lang='lat' dir='ltr'><strong>inducentem.</strong></span> <span class='ocrx_word' id='word_1_146' title='bbox 3436 435 3577 491; x_wconf 82' lang='lat' dir='ltr'><strong>Tum</strong></span> 
     </span>
    </p>
   </div>
   <div class='ocr_carea' id='block_1_21' title="bbox 1995 526 3580 596">
    <p class='ocr_par' dir='ltr' id='par_1_21' title="bbox 1995 526 3580 596">
     <span class='ocr_line' id='line_1_21' title="bbox 1995 526 3580 596; baseline 0.002 -16"><span class='ocrx_word' id='word_1_147' title='bbox 1995 528 2161 582; x_wconf 87' lang='lat' dir='ltr'><strong>etiam</strong></span> <span class='ocrx_word' id='word_1_148' title='bbox 2201 527 2332 582; x_wconf 88' lang='lat' dir='ltr'><strong>illud</strong></span> <span class='ocrx_word' id='word_1_149' title='bbox 2364 526 2691 596; x_wconf 72' lang='lat' dir='ltr'><strong>adjiciamus</strong></span> <span class='ocrx_word' id='word_1_150' title='bbox 2724 541 2917 595; x_wconf 82' lang='lat' dir='ltr'><strong>nempe</strong></span> <span class='ocrx_word' id='word_1_151' title='bbox 2948 526 3117 578; x_wconf 82' lang='lat' dir='ltr'><strong>Adam</strong></span> <span class='ocrx_word' id='word_1_152' title='bbox 3153 542 3278 579; x_wconf 84' lang='lat' dir='ltr'><strong>cum</strong></span> <span class='ocrx_word' id='word_1_153' title='bbox 3320 537 3580 594; x_wconf 77' lang='lat' dir='ltr'><strong>serpente</strong></span> 
     </span>
    </p>
   </div>
   <div class='ocr_carea' id='block_1_22' title="bbox 1996 617 3576 688">
    <p class='ocr_par' dir='ltr' id='par_1_22' title="bbox 1996 617 3576 688">
     <span class='ocr_line' id='line_1_22' title="bbox 1996 617 3576 688; baseline 0 -15"><span class='ocrx_word' id='word_1_154' title='bbox 1996 634 2108 674; x_wconf 90' lang='lat' dir='ltr'><strong>non</strong></span> <span class='ocrx_word' id='word_1_155' title='bbox 2155 634 2279 676; x_wconf 87' lang='lat' dir='ltr'><strong>esse</strong></span> <span class='ocrx_word' id='word_1_156' title='bbox 2334 618 2699 680; x_wconf 88' lang='lat' dir='ltr'><strong>collocutum,</strong></span> <span class='ocrx_word' id='word_1_157' title='bbox 2752 617 2862 671; x_wconf 88' lang='lat' dir='ltr'><strong>imo</strong></span> <span class='ocrx_word' id='word_1_158' title='bbox 2923 632 3100 688; x_wconf 82' lang='lat' dir='ltr'><strong>neque</strong></span> <span class='ocrx_word' id='word_1_159' title='bbox 3151 633 3276 672; x_wconf 91' lang='lat' dir='ltr'><strong>eum</strong></span> <span class='ocrx_word' id='word_1_160' title='bbox 3335 618 3576 683; x_wconf 82' lang='lat' dir='ltr'><strong>vidisse,</strong></span> 
     </span>
    </p>
   </div>
   <div class='ocr_carea' id='block_1_23' title="bbox 1992 710 3572 781">
    <p class='ocr_par' dir='ltr' id='par_1_23' title="bbox 1992 710 3572 781">
     <span class='ocr_line' id='line_1_23' title="bbox 1992 710 3572 781; baseline -0.001 -15"><span class='ocrx_word' id='word_1_161' title='bbox 1992 727 2170 781; x_wconf 81' lang='lat' dir='ltr'><strong>neque</strong></span> <span class='ocrx_word' id='word_1_162' title='bbox 2209 713 2277 767; x_wconf 85' lang='lat' dir='ltr'><strong>ad</strong></span> <span class='ocrx_word' id='word_1_163' title='bbox 2328 727 2453 767; x_wconf 90' lang='lat' dir='ltr'><strong>eum</strong></span> <span class='ocrx_word' id='word_1_164' title='bbox 2499 712 2829 775; x_wconf 78' lang='lat' dir='ltr'><strong>accessisse,</strong></span> <span class='ocrx_word' id='word_1_165' title='bbox 2876 721 2933 765; x_wconf 90' lang='lat' dir='ltr'><strong>ut</strong></span> <span class='ocrx_word' id='word_1_166' title='bbox 2979 725 3158 780; x_wconf 90' lang='lat' dir='ltr'><strong>neque</strong></span> <span class='ocrx_word' id='word_1_167' title='bbox 3198 710 3266 764; x_wconf 87' lang='lat' dir='ltr'><strong>ad</strong></span> <span class='ocrx_word' id='word_1_168' title='bbox 3315 712 3572 765; x_wconf 84' lang='lat' dir='ltr'><strong>arborem</strong></span> 
     </span>
    </p>
   </div>
   <div class='ocr_carea' id='block_1_24' title="bbox 2004 802 3577 870">
    <p class='ocr_par' dir='ltr' id='par_1_24' title="bbox 2004 802 3577 870">
     <span class='ocr_line' id='line_1_24' title="bbox 2004 802 3577 870; baseline -0.001 -13"><span class='ocrx_word' id='word_1_169' title='bbox 2004 803 2412 870; x_wconf 75' lang='lat' dir='ltr'><strong>inobedientize,</strong></span> <span class='ocrx_word' id='word_1_170' title='bbox 2452 804 2547 859; x_wconf 91' lang='lat' dir='ltr'><strong>sed</strong></span> <span class='ocrx_word' id='word_1_171' title='bbox 2585 804 2866 857; x_wconf 86' lang='lat' dir='ltr'><strong>mulierem</strong></span> <span class='ocrx_word' id='word_1_172' title='bbox 2900 804 3095 858; x_wconf 85' lang='lat' dir='ltr'><strong>solam.</strong></span> <span class='ocrx_word' id='word_1_173' title='bbox 3128 802 3311 868; x_wconf 82' lang='lat' dir='ltr'><strong>Quare</strong></span> <span class='ocrx_word' id='word_1_174' title='bbox 3338 803 3382 857; x_wconf 90' lang='lat' dir='ltr'><strong>si</strong></span> <span class='ocrx_word' id='word_1_175' title='bbox 3424 803 3497 856; x_wconf 90' lang='lat' dir='ltr'><strong>ita</strong></span> <span class='ocrx_word' id='word_1_176' title='bbox 3527 803 3577 858; x_wconf 91' lang='lat' dir='ltr'><strong>ei</strong></span> 
     </span>
    </p>
   </div>
   <div class='ocr_carea' id='block_1_25' title="bbox 1992 893 3573 966">
    <p class='ocr_par' dir='ltr' id='par_1_25' title="bbox 1992 893 3573 966">
     <span class='ocr_line' id='line_1_25' title="bbox 1992 893 3573 966; baseline 0.001 -20"><span class='ocrx_word' id='word_1_177' title='bbox 1992 896 2161 950; x_wconf 76' lang='lat' dir='ltr'><strong>verba</strong></span> <span class='ocrx_word' id='word_1_178' title='bbox 2202 895 2476 964; x_wconf 79' lang='lat' dir='ltr'><strong>serpentis</strong></span> <span class='ocrx_word' id='word_1_179' title='bbox 2526 895 2861 966; x_wconf 83' lang='lat' dir='ltr'><strong>exprobrare</strong></span> <span class='ocrx_word' id='word_1_180' title='bbox 2907 896 3075 949; x_wconf 67' lang='lat' dir='ltr'><strong>voluit</strong></span> <span class='ocrx_word' id='word_1_181' title='bbox 3130 893 3297 959; x_wconf 89' lang='lat' dir='ltr'><strong>Deus,</strong></span> <span class='ocrx_word' id='word_1_182' title='bbox 3343 904 3398 949; x_wconf 91' lang='lat' dir='ltr'><strong>et</strong></span> <span class='ocrx_word' id='word_1_183' title='bbox 3449 911 3573 949; x_wconf 88' lang='lat' dir='ltr'><strong>eum</strong></span> 
     </span>
    </p>
   </div>
   <div class='ocr_carea' id='block_1_26' title="bbox 1996 967 3578 1057">
    <p class='ocr_par' dir='ltr' id='par_1_26' title="bbox 1996 967 3578 1057">
     <span class='ocr_line' id='line_1_26' title="bbox 1996 967 3578 1057; baseline 0.001 -18"><span class='ocrx_word' id='word_1_184' title='bbox 1996 998 2222 1054; x_wconf 83' lang='lat' dir='ltr'><strong>prorsus</strong></span> <span class='ocrx_word' id='word_1_185' title='bbox 2247 986 2465 1055; x_wconf 84' lang='lat' dir='ltr'><strong>ejicere,</strong></span> <span class='ocrx_word' id='word_1_186' title='bbox 2499 967 2779 1042; x_wconf 75' lang='lat' dir='ltr'><strong>mulierem</strong></span> <span class='ocrx_word' id='word_1_187' title='bbox 2815 987 3000 1057; x_wconf 92' lang='lat' dir='ltr'><strong>potius</strong></span> <span class='ocrx_word' id='word_1_188' title='bbox 3028 987 3271 1056; x_wconf 73' lang='lat' dir='ltr'><strong>oportuit</strong></span> <span class='ocrx_word' id='word_1_189' title='bbox 3293 987 3440 1057; x_wconf 84' lang='lat' dir='ltr'><strong>ejici.</strong></span> <span class='ocrx_word' id='word_1_190' title='bbox 3477 986 3578 1041; x_wconf 89' lang='lat' dir='ltr'><strong>Hic</strong></span> 
     </span>
    </p>
   </div>
   <div class='ocr_carea' id='block_1_27' title="bbox 1993 1076 3570 1147">
    <p class='ocr_par' dir='ltr' id='par_1_27' title="bbox 1993 1076 3570 1147">
     <span class='ocr_line' id='line_1_27' title="bbox 1993 1076 3570 1147; baseline 0.001 -18"><span class='ocrx_word' id='word_1_191' title='bbox 1993 1090 2127 1130; x_wconf 78' lang='lat' dir='ltr'><strong>vero</strong></span> <span class='ocrx_word' id='word_1_192' title='bbox 2158 1078 2396 1143; x_wconf 82' lang='lat' dir='ltr'><strong>attende,</strong></span> <span class='ocrx_word' id='word_1_193' title='bbox 2426 1093 2632 1147; x_wconf 64' lang='lat' dir='ltr'><strong>quaeso,</strong></span> <span class='ocrx_word' id='word_1_194' title='bbox 2660 1093 2783 1130; x_wconf 91' lang='lat' dir='ltr'><strong>eum</strong></span> <span class='ocrx_word' id='word_1_195' title='bbox 2827 1078 3001 1131; x_wconf 94' lang='lat' dir='ltr'><strong>multo</strong></span> <span class='ocrx_word' id='word_1_196' title='bbox 3030 1086 3084 1131; x_wconf 93' lang='lat' dir='ltr'><strong>et</strong></span> <span class='ocrx_word' id='word_1_197' title='bbox 3119 1078 3308 1129; x_wconf 86' lang='lat' dir='ltr'><strong>divino</strong></span> <span class='ocrx_word' id='word_1_198' title='bbox 3333 1076 3570 1146; x_wconf 89' lang='lat' dir='ltr'><strong>quodam</strong></span> 
     </span>
    </p>
   </div>
   <div class='ocr_carea' id='block_1_28' title="bbox 1988 1168 3573 1239">
    <p class='ocr_par' dir='ltr' id='par_1_28' title="bbox 1988 1168 3573 1239">
     <span class='ocr_line' id='line_1_28' title="bbox 1988 1168 3573 1239; baseline 0 -17"><span class='ocrx_word' id='word_1_199' title='bbox 1988 1168 2204 1238; x_wconf 91' lang='lat' dir='ltr'><strong>judicio</strong></span> <span class='ocrx_word' id='word_1_200' title='bbox 2237 1177 2291 1223; x_wconf 93' lang='lat' dir='ltr'><strong>et</strong></span> <span class='ocrx_word' id='word_1_201' title='bbox 2328 1169 2697 1239; x_wconf 79' lang='lat' dir='ltr'><strong>indagatione,</strong></span> <span class='ocrx_word' id='word_1_202' title='bbox 2736 1170 2948 1224; x_wconf 79' lang='lat' dir='ltr'><strong>scilicet</strong></span> <span class='ocrx_word' id='word_1_203' title='bbox 2977 1176 3101 1238; x_wconf 89' lang='lat' dir='ltr'><strong>post</strong></span> <span class='ocrx_word' id='word_1_204' title='bbox 3132 1171 3394 1223; x_wconf 82' lang='lat' dir='ltr'><strong>amictum</strong></span> <span class='ocrx_word' id='word_1_205' title='bbox 3421 1170 3573 1223; x_wconf 92' lang='lat' dir='ltr'><strong>illum</strong></span> 
     </span>
    </p>
   </div>
   <div class='ocr_carea' id='block_1_29' title="bbox 1992 1258 3571 1331">
    <p class='ocr_par' dir='ltr' id='par_1_29' title="bbox 1992 1258 3571 1331">
     <span class='ocr_line' id='line_1_29' title="bbox 1992 1258 3571 1331; baseline 0.003 -17"><span class='ocrx_word' id='word_1_206' title='bbox 1992 1261 2213 1325; x_wconf 67' lang='lat' dir='ltr'><strong>tunicae,</strong></span> <span class='ocrx_word' id='word_1_207' title='bbox 2253 1258 2422 1315; x_wconf 89' lang='lat' dir='ltr'><strong>Deum</strong></span> <span class='ocrx_word' id='word_1_208' title='bbox 2459 1277 2736 1331; x_wconf 82' lang='lat' dir='ltr'><strong>nunquam</strong></span> <span class='ocrx_word' id='word_1_209' title='bbox 2779 1262 2914 1316; x_wconf 86' lang='lat' dir='ltr'><strong>alias</strong></span> <span class='ocrx_word' id='word_1_210' title='bbox 2952 1262 3199 1315; x_wconf 90' lang='lat' dir='ltr'><strong>mulieris</strong></span> <span class='ocrx_word' id='word_1_211' title='bbox 3233 1260 3571 1318; x_wconf 86' lang='lat' dir='ltr'><strong>meminisse.</strong></span> 
     </span>
    </p>
   </div>
   <div class='ocr_carea' id='block_1_30' title="bbox 1994 1351 3571 1421">
    <p class='ocr_par' dir='ltr' id='par_1_30' title="bbox 1994 1351 3571 1421">
     <span class='ocr_line' id='line_1_30' title="bbox 1994 1351 3571 1421; baseline 0 -15"><span class='ocrx_word' id='word_1_212' title='bbox 1994 1353 2088 1406; x_wconf 92' lang='lat' dir='ltr'><strong>sed</strong></span> <span class='ocrx_word' id='word_1_213' title='bbox 2123 1352 2308 1406; x_wconf 81' lang='lat' dir='ltr'><strong>omnia</strong></span> <span class='ocrx_word' id='word_1_214' title='bbox 2342 1352 2602 1421; x_wconf 89' lang='lat' dir='ltr'><strong>deinceps</strong></span> <span class='ocrx_word' id='word_1_215' title='bbox 2618 1351 2684 1405; x_wconf 90' lang='lat' dir='ltr'><strong>de</strong></span> <span class='ocrx_word' id='word_1_216' title='bbox 2710 1367 2818 1406; x_wconf 92' lang='lat' dir='ltr'><strong>uno</strong></span> <span class='ocrx_word' id='word_1_217' title='bbox 2836 1359 3048 1406; x_wconf 86' lang='lat' dir='ltr'><strong>tantum</strong></span> <span class='ocrx_word' id='word_1_218' title='bbox 3078 1352 3571 1417; x_wconf 79' lang='lat' dir='ltr'><strong>ltornine,dixisse;</strong></span> 
     </span>
    </p>
   </div>
   <div class='ocr_carea' id='block_1_31' title="bbox 1995 1442 3573 1515">
    <p class='ocr_par' dir='ltr' id='par_1_31' title="bbox 1995 1442 3573 1515">
     <span class='ocr_line' id='line_1_31' title="bbox 1995 1442 3573 1515; baseline 0.003 -19"><span class='ocrx_word' id='word_1_219' title='bbox 1995 1444 2070 1497; x_wconf 89' lang='lat' dir='ltr'><strong>ait</strong></span> <span class='ocrx_word' id='word_1_220' title='bbox 2098 1443 2243 1497; x_wconf 87' lang='lat' dir='ltr'><strong>enim</strong></span> <span class='ocrx_word' id='word_1_221' title='bbox 2271 1462 2283 1498; x_wconf 91' lang='lat'><strong>:</strong></span> <span class='ocrx_word' id='word_1_222' title='bbox 2319 1442 2454 1499; x_wconf 83' lang='lat' dir='ltr'><strong>Ecce</strong></span> <span class='ocrx_word' id='word_1_223' title='bbox 2487 1443 2660 1498; x_wconf 77' lang='lat' dir='ltr'><strong>Adam</strong></span> <span class='ocrx_word' id='word_1_224' title='bbox 2683 1445 2859 1515; x_wconf 79' lang='lat' dir='ltr'><strong>factus</strong></span> <span class='ocrx_word' id='word_1_225' title='bbox 2883 1456 2957 1498; x_wconf 81' lang='lat' dir='ltr'><strong>est</strong></span> <span class='ocrx_word' id='word_1_226' title='bbox 2994 1446 3150 1513; x_wconf 84' lang='lat' dir='ltr'><strong>quasi</strong></span> <span class='ocrx_word' id='word_1_227' title='bbox 3166 1462 3390 1513; x_wconf 75' lang='lat' dir='ltr'><strong>unusex</strong></span> <span class='ocrx_word' id='word_1_228' title='bbox 3424 1447 3573 1501; x_wconf 83' lang='lat' dir='ltr'><strong>nobis</strong></span> 
     </span>
    </p>
   </div>
   <div class='ocr_carea' id='block_1_32' title="bbox 1993 1534 3570 1607">
    <p class='ocr_par' dir='ltr' id='par_1_32' title="bbox 1993 1534 3570 1607">
     <span class='ocr_line' id='line_1_32' title="bbox 1993 1534 3570 1607; baseline -0.001 -21"><span class='ocrx_word' id='word_1_229' title='bbox 1993 1535 2162 1587; x_wconf 75' lang='lat' dir='ltr'><strong>sciens</strong></span> <span class='ocrx_word' id='word_1_230' title='bbox 2186 1534 2388 1587; x_wconf 85' lang='lat' dir='ltr'><strong>malum</strong></span> <span class='ocrx_word' id='word_1_231' title='bbox 2424 1543 2473 1589; x_wconf 83' lang='lat' dir='ltr'><strong>et</strong></span> <span class='ocrx_word' id='word_1_232' title='bbox 2502 1539 2717 1599; x_wconf 84' lang='lat' dir='ltr'><strong>bonum,</strong></span> <span class='ocrx_word' id='word_1_233' title='bbox 2759 1537 2919 1605; x_wconf 86' lang='lat' dir='ltr'><strong>quasi</strong></span> <span class='ocrx_word' id='word_1_234' title='bbox 2950 1537 3194 1591; x_wconf 86' lang='lat' dir='ltr'><strong>diceret:</strong></span> <span class='ocrx_word' id='word_1_235' title='bbox 3242 1536 3381 1592; x_wconf 84' lang='lat' dir='ltr'><strong>Ecce</strong></span> <span class='ocrx_word' id='word_1_236' title='bbox 3410 1553 3570 1607; x_wconf 75' lang='lat' dir='ltr'><strong>quezn</strong></span> 
     </span>
    </p>
   </div>
   <div class='ocr_carea' id='block_1_33' title="bbox 1994 1625 3572 1697">
    <p class='ocr_par' dir='ltr' id='par_1_33' title="bbox 1994 1625 3572 1697">
     <span class='ocr_line' id='line_1_33' title="bbox 1994 1625 3572 1697; baseline 0.002 -20"><span class='ocrx_word' id='word_1_237' title='bbox 1994 1625 2391 1681; x_wconf 85' lang='lat' dir='ltr'><strong>delineavimus</strong></span> <span class='ocrx_word' id='word_1_238' title='bbox 2431 1634 2617 1696; x_wconf 85' lang='lat' dir='ltr'><strong>typum</strong></span> <span class='ocrx_word' id='word_1_239' title='bbox 2650 1626 2944 1696; x_wconf 85' lang='lat' dir='ltr'><strong>quemdam</strong></span> <span class='ocrx_word' id='word_1_240' title='bbox 2976 1635 3030 1681; x_wconf 91' lang='lat' dir='ltr'><strong>et</strong></span> <span class='ocrx_word' id='word_1_241' title='bbox 3067 1628 3298 1697; x_wconf 74' lang='lat' dir='ltr'><strong>figuram</strong></span> <span class='ocrx_word' id='word_1_242' title='bbox 3344 1627 3572 1682; x_wconf 90' lang='lat' dir='ltr'><strong>secundi</strong></span> 
     </span>
    </p>
   </div>
   <div class='ocr_carea' id='block_1_34' title="bbox 303 1703 1895 1797">
    <p class='ocr_par' dir='ltr' id='par_1_34' title="bbox 303 1718 1892 1797">
     <span class='ocr_line' id='line_1_34' title="bbox 303 1718 1892 1797; baseline 0.004 -22"><span class='ocrx_word' id='word_1_243' title='bbox 303 1721 421 1775; x_wconf 78' lang='grc' dir='ltr'>,ιὸν</span> <span class='ocrx_word' id='word_1_244' title='bbox 450 1720 549 1775; x_wconf 76' lang='grc' dir='ltr'>καί</span> <span class='ocrx_word' id='word_1_245' title='bbox 575 1724 846 1791; x_wconf 81' lang='grc' dir='ltr'>πονηρόν</span> <span class='ocrx_word' id='word_1_246' title='bbox 863 1740 876 1754; x_wconf 88' lang='grc'>·</span> <span class='ocrx_word' id='word_1_247' title='bbox 903 1718 978 1788; x_wconf 82' lang='grc' dir='ltr'>ὡς</span> <span class='ocrx_word' id='word_1_248' title='bbox 1006 1724 1091 1779; x_wconf 79' lang='grc' dir='ltr'>ἵνα</span> <span class='ocrx_word' id='word_1_249' title='bbox 1115 1720 1297 1797; x_wconf 76' lang='grc' dir='ltr'>εἴπης,</span> <span class='ocrx_word' id='word_1_250' title='bbox 1317 1726 1446 1780; x_wconf 83' lang='grc' dir='ltr'>Ἰδοὺ</span> <span class='ocrx_word' id='word_1_251' title='bbox 1473 1726 1563 1779; x_wconf 84' lang='grc' dir='ltr'><strong>τὸν</strong></span> <span class='ocrx_word' id='word_1_252' title='bbox 1589 1727 1892 1797; x_wconf 81' lang='grc' dir='ltr'>ἐσκιαγρα-</span> 
     </span>
    </p>
   </div>
   <div class='ocr_carea' id='block_1_35' title="bbox 1994 1703 3574 1797">
    <p class='ocr_par' dir='ltr' id='par_1_35' title="bbox 1994 1714 3574 1788">
     <span class='ocr_line' id='line_1_35' title="bbox 1994 1714 3574 1788; baseline 0.001 -18"><span class='ocrx_word' id='word_1_253' title='bbox 1994 1716 2123 1771; x_wconf 66' lang='lat' dir='ltr'><strong>Adae</strong></span> <span class='ocrx_word' id='word_1_254' title='bbox 2168 1715 2396 1772; x_wconf 87' lang='lat' dir='ltr'><strong>Christi.</strong></span> <span class='ocrx_word' id='word_1_255' title='bbox 2453 1714 2613 1771; x_wconf 90' lang='lat' dir='ltr'><strong>Nunc</strong></span> <span class='ocrx_word' id='word_1_256' title='bbox 2648 1733 2782 1772; x_wconf 82' lang='lat' dir='ltr'><strong>vero</strong></span> <span class='ocrx_word' id='word_1_257' title='bbox 2829 1718 3070 1773; x_wconf 91' lang='lat' dir='ltr'><strong>nondum</strong></span> <span class='ocrx_word' id='word_1_258' title='bbox 3110 1726 3327 1788; x_wconf 87' lang='lat' dir='ltr'><strong>tempus</strong></span> <span class='ocrx_word' id='word_1_259' title='bbox 3372 1726 3456 1772; x_wconf 87' lang='lat' dir='ltr'><strong>est</strong></span> <span class='ocrx_word' id='word_1_260' title='bbox 3516 1726 3574 1771; x_wconf 89' lang='lat' dir='ltr'><strong>ut</strong></span> 
     </span>
    </p>
   </div>
   <div class='ocr_carea' id='block_1_36' title="bbox 304 1814 1890 1892">
    <p class='ocr_par' dir='ltr' id='par_1_36' title="bbox 304 1814 1890 1892">
     <span class='ocr_line' id='line_1_36' title="bbox 304 1814 1890 1892; baseline 0.004 -25"><span class='ocrx_word' id='word_1_261' title='bbox 304 1814 560 1885; x_wconf 77' lang='grc' dir='ltr'>φήσαμεν</span> <span class='ocrx_word' id='word_1_262' title='bbox 611 1815 842 1870; x_wconf 72' lang='grc' dir='ltr'>τυπικον</span> <span class='ocrx_word' id='word_1_263' title='bbox 894 1834 1012 1871; x_wconf 82' lang='grc' dir='ltr'>τινα</span> <span class='ocrx_word' id='word_1_264' title='bbox 1069 1818 1427 1888; x_wconf 81' lang='grc' dir='ltr'>πρωτότυπον</span> <span class='ocrx_word' id='word_1_265' title='bbox 1484 1818 1579 1873; x_wconf 78' lang='grc' dir='ltr'>τοῦ</span> <span class='ocrx_word' id='word_1_266' title='bbox 1635 1819 1890 1892; x_wconf 82' lang='grc' dir='ltr'><strong>δευτέρου</strong></span> 
     </span>
    </p>
   </div>
   <div class='ocr_carea' id='block_1_37' title="bbox 316 1902 1892 1984">
    <p class='ocr_par' dir='ltr' id='par_1_37' title="bbox 316 1902 1892 1984">
     <span class='ocr_line' id='line_1_37' title="bbox 316 1902 1892 1984; baseline 0.004 -25"><span class='ocrx_word' id='word_1_267' title='bbox 316 1905 490 1977; x_wconf 71' lang='grc' dir='ltr'>’Δδὲιμ</span> <span class='ocrx_word' id='word_1_268' title='bbox 526 1902 784 1979; x_wconf 83' lang='grc' dir='ltr'>Χριστοῦ.</span> <span class='ocrx_word' id='word_1_269' title='bbox 832 1909 943 1963; x_wconf 77' lang='grc' dir='ltr'><strong>Καὶ</strong></span> <span class='ocrx_word' id='word_1_270' title='bbox 986 1908 1081 1963; x_wconf 84' lang='grc' dir='ltr'>νῦν</span> <span class='ocrx_word' id='word_1_271' title='bbox 1121 1907 1276 1963; x_wconf 80' lang='grc' dir='ltr'>οὔπω</span> <span class='ocrx_word' id='word_1_272' title='bbox 1305 1909 1496 1981; x_wconf 78' lang='grc' dir='ltr'>καιρὸς</span> <span class='ocrx_word' id='word_1_273' title='bbox 1545 1911 1633 1965; x_wconf 80' lang='grc' dir='ltr'>ἵνα</span> <span class='ocrx_word' id='word_1_274' title='bbox 1675 1912 1892 1984; x_wconf 77' lang='grc' dir='ltr'>ἐκτείνῃ</span> 
     </span>
    </p>
   </div>
   <div class='ocr_carea' id='block_1_38' title="bbox 304 1999 1894 2075">
    <p class='ocr_par' dir='ltr' id='par_1_38' title="bbox 304 1999 1894 2075">
     <span class='ocr_line' id='line_1_38' title="bbox 304 1999 1894 2075; baseline 0.004 -24"><span class='ocrx_word' id='word_1_275' title='bbox 304 1999 405 2071; x_wconf 80' lang='grc' dir='ltr'>τὴν</span> <span class='ocrx_word' id='word_1_276' title='bbox 432 2002 593 2072; x_wconf 75' lang='grc' dir='ltr'>χεῖρα</span> <span class='ocrx_word' id='word_1_277' title='bbox 625 2001 717 2054; x_wconf 74' lang='grc' dir='ltr'>καὶ</span> <span class='ocrx_word' id='word_1_278' title='bbox 759 2000 896 2073; x_wconf 75' lang='grc' dir='ltr'>λάϐῃ</span> <span class='ocrx_word' id='word_1_279' title='bbox 943 2000 1038 2056; x_wconf 70' lang='grc' dir='ltr'><strong>καὶ</strong></span> <span class='ocrx_word' id='word_1_280' title='bbox 1087 2002 1452 2075; x_wconf 82' lang='grc' dir='ltr'>συμμετάσχῃ</span> <span class='ocrx_word' id='word_1_281' title='bbox 1481 2001 1573 2056; x_wconf 84' lang='grc' dir='ltr'>τοῦ</span> <span class='ocrx_word' id='word_1_282' title='bbox 1605 2001 1764 2068; x_wconf 79' lang='grc' dir='ltr'>ξύλου</span> <span class='ocrx_word' id='word_1_283' title='bbox 1795 2005 1894 2075; x_wconf 86' lang='grc' dir='ltr'><strong>τῆς</strong></span> 
     </span>
    </p>
   </div>
   <div class='ocr_carea' id='block_1_39' title="bbox 305 2090 1882 2166">
    <p class='ocr_par' dir='ltr' id='par_1_39' title="bbox 305 2090 1882 2166">
     <span class='ocr_line' id='line_1_39' title="bbox 305 2090 1882 2166; baseline -0.005 -12"><span class='ocrx_word' id='word_1_284' title='bbox 305 2090 452 2161; x_wconf 71' lang='grc' dir='ltr'>ζωῆς</span> <span class='ocrx_word' id='word_1_285' title='bbox 471 2132 491 2161; x_wconf 69' lang='lat'><strong>_.</strong></span> <span class='ocrx_word' id='word_1_286' title='bbox 516 2090 640 2162; x_wconf 78' lang='grc' dir='ltr'>ἥτις</span> <span class='ocrx_word' id='word_1_287' title='bbox 671 2093 820 2145; x_wconf 76' lang='grc' dir='ltr'>ἐστὶν</span> <span class='ocrx_word' id='word_1_288' title='bbox 847 2093 875 2145; x_wconf 94' lang='lat'><strong>6</strong></span> <span class='ocrx_word' id='word_1_289' title='bbox 899 2090 1052 2156; x_wconf 78' lang='grc' dir='ltr'>Θεός.</span> <span class='ocrx_word' id='word_1_290' title='bbox 1084 2093 1284 2147; x_wconf 79' lang='grc' dir='ltr'>Μέλλει</span> <span class='ocrx_word' id='word_1_291' title='bbox 1314 2093 1423 2165; x_wconf 79' lang='grc' dir='ltr'><strong>γὰρ</strong></span> <span class='ocrx_word' id='word_1_292' title='bbox 1457 2094 1624 2148; x_wconf 75' lang='grc' dir='ltr'>ιίσέτι</span> <span class='ocrx_word' id='word_1_293' title='bbox 1654 2096 1686 2165; x_wconf 84' lang='grc' dir='ltr'>ή</span> <span class='ocrx_word' id='word_1_294' title='bbox 1715 2093 1882 2166; x_wconf 59' lang='lat' dir='ltr'><strong>om.</strong></span> 
     </span>
    </p>
   </div>
   <div class='ocr_carea' id='block_1_40' title="bbox 303 2184 1893 2255">
    <p class='ocr_par' dir='ltr' id='par_1_40' title="bbox 303 2184 1893 2255">
     <span class='ocr_line' id='line_1_40' title="bbox 303 2184 1893 2255; baseline 0.003 -20"><span class='ocrx_word' id='word_1_295' title='bbox 303 2199 399 2247; x_wconf 80' lang='grc' dir='ltr'><strong>τος</strong></span> <span class='ocrx_word' id='word_1_296' title='bbox 430 2184 727 2255; x_wconf 81' lang='grc' dir='ltr'>σάρκωσις,</span> <span class='ocrx_word' id='word_1_297' title='bbox 761 2185 853 2237; x_wconf 80' lang='grc' dir='ltr'><strong>καὶ</strong></span> <span class='ocrx_word' id='word_1_298' title='bbox 897 2184 1080 2255; x_wconf 78' lang='grc' dir='ltr'><strong>φάγῃ,</strong></span> <span class='ocrx_word' id='word_1_299' title='bbox 1114 2184 1261 2240; x_wconf 83' lang='grc' dir='ltr'>τοῦτ’</span> <span class='ocrx_word' id='word_1_300' title='bbox 1292 2185 1439 2240; x_wconf 77' lang='grc' dir='ltr'>ἐστιν</span> <span class='ocrx_word' id='word_1_301' title='bbox 1486 2187 1545 2241; x_wconf 76' lang='grc' dir='ltr'>ἐν</span> <span class='ocrx_word' id='word_1_302' title='bbox 1584 2189 1700 2251; x_wconf 87' lang='grc' dir='ltr'>τοῖς</span> <span class='ocrx_word' id='word_1_303' title='bbox 1743 2187 1893 2251; x_wconf 74' lang='grc' dir='ltr'>ἐντὸς</span> 
     </span>
    </p>
   </div>
   <div class='ocr_carea' id='block_1_41' title="bbox 306 2265 1892 2348">
    <p class='ocr_par' dir='ltr' id='par_1_41' title="bbox 306 2265 1892 2348">
     <span class='ocr_line' id='line_1_41' title="bbox 306 2265 1892 2348; baseline 0 -21"><span class='ocrx_word' id='word_1_304' title='bbox 306 2271 503 2327; x_wconf 64' lang='grc' dir='ltr'>ἑαυτοῦ</span> <span class='ocrx_word' id='word_1_305' title='bbox 532 2273 719 2327; x_wconf 83' lang='grc' dir='ltr'>τοῦτον</span> <span class='ocrx_word' id='word_1_306' title='bbox 739 2274 944 2348; x_wconf 74' lang='grc' dir='ltr'>κρύψῃ,</span> <span class='ocrx_word' id='word_1_307' title='bbox 974 2276 1071 2329; x_wconf 73' lang='grc' dir='ltr'><strong>καὶ</strong></span> <span class='ocrx_word' id='word_1_308' title='bbox 1097 2273 1332 2342; x_wconf 61' lang='grc' dir='ltr'>ζήσεται</span> <span class='ocrx_word' id='word_1_309' title='bbox 1358 2265 1512 2338; x_wconf 70' lang='grc' dir='ltr'>οὗτος</span> <span class='ocrx_word' id='word_1_310' title='bbox 1536 2275 1565 2328; x_wconf 91' lang='lat'><strong>6</strong></span> <span class='ocrx_word' id='word_1_311' title='bbox 1594 2275 1785 2345; x_wconf 83' lang='grc' dir='ltr'>φαγὼν</span> <span class='ocrx_word' id='word_1_312' title='bbox 1805 2277 1892 2340; x_wconf 88' lang='grc' dir='ltr'><strong>είς</strong></span> 
     </span>
    </p>
   </div>
   <div class='ocr_carea' id='block_1_42' title="bbox 303 2364 1892 2437">
    <p class='ocr_par' dir='ltr' id='par_1_42' title="bbox 303 2364 1892 2437">
     <span class='ocr_line' id='line_1_42' title="bbox 303 2364 1892 2437; baseline 0 -19"><span class='ocrx_word' id='word_1_313' title='bbox 303 2364 416 2418; x_wconf 79' lang='grc' dir='ltr'>τὸν</span> <span class='ocrx_word' id='word_1_314' title='bbox 444 2364 648 2421; x_wconf 70' lang='grc' dir='ltr'>αἰῶνα.</span> <span class='ocrx_word' id='word_1_315' title='bbox 666 2366 916 2430; x_wconf 71' lang='grc' dir='ltr'>Ἀείξωος</span> <span class='ocrx_word' id='word_1_316' title='bbox 943 2366 1052 2437; x_wconf 82' lang='grc' dir='ltr'><strong>γάρ</strong></span> <span class='ocrx_word' id='word_1_317' title='bbox 1079 2367 1226 2419; x_wconf 73' lang='grc' dir='ltr'>ἐστιν</span> <span class='ocrx_word' id='word_1_318' title='bbox 1251 2367 1279 2419; x_wconf 95' lang='lat'><strong>6</strong></span> <span class='ocrx_word' id='word_1_319' title='bbox 1318 2365 1773 2437; x_wconf 78' lang='grc' dir='ltr'>βιϐρωσκόμενος,</span> <span class='ocrx_word' id='word_1_320' title='bbox 1796 2365 1892 2420; x_wconf 79' lang='grc' dir='ltr'><strong>καὶ</strong></span> 
     </span>
    </p>
   </div>
   <div class='ocr_carea' id='block_1_43' title="bbox 306 2457 1892 2531">
    <p class='ocr_par' dir='ltr' id='par_1_43' title="bbox 306 2457 1892 2531">
     <span class='ocr_line' id='line_1_43' title="bbox 306 2457 1892 2531; baseline 0.003 -20"><span class='ocrx_word' id='word_1_321' title='bbox 306 2457 720 2530; x_wconf 77' lang='grc' dir='ltr'>μεταληπτικῆς</span> <span class='ocrx_word' id='word_1_322' title='bbox 768 2457 1039 2513; x_wconf 81' lang='grc' dir='ltr'>ἀθανάτου</span> <span class='ocrx_word' id='word_1_323' title='bbox 1090 2460 1150 2513; x_wconf 85' lang='grc' dir='ltr'>οὐ</span> <span class='ocrx_word' id='word_1_324' title='bbox 1192 2460 1367 2513; x_wconf 83' lang='grc' dir='ltr'>δεῖται</span> <span class='ocrx_word' id='word_1_325' title='bbox 1415 2461 1598 2531; x_wconf 79' lang='grc' dir='ltr'>ζωῆς·</span> <span class='ocrx_word' id='word_1_326' title='bbox 1629 2459 1752 2513; x_wconf 86' lang='grc' dir='ltr'>ὅθεν</span> <span class='ocrx_word' id='word_1_327' title='bbox 1798 2460 1892 2515; x_wconf 76' lang='grc' dir='ltr'><strong>καὶ</strong></span> 
     </span>
    </p>
   </div>
   <div class='ocr_carea' id='block_1_44' title="bbox 303 2550 1890 2623">
    <p class='ocr_par' dir='ltr' id='par_1_44' title="bbox 303 2550 1890 2623">
     <span class='ocr_line' id='line_1_44' title="bbox 303 2550 1890 2623; baseline 0.002 -21"><span class='ocrx_word' id='word_1_328' title='bbox 303 2550 544 2604; x_wconf 70' lang='grc' dir='ltr'>ἐνταῦθα</span> <span class='ocrx_word' id='word_1_329' title='bbox 573 2550 787 2605; x_wconf 85' lang='grc' dir='ltr'>τελείαν</span> <span class='ocrx_word' id='word_1_330' title='bbox 820 2551 1076 2605; x_wconf 83' lang='grc' dir='ltr'>ἀπόδοσιν</span> <span class='ocrx_word' id='word_1_331' title='bbox 1106 2552 1432 2623; x_wconf 72' lang='grc' dir='ltr'>ἐποιήσαντο</span> <span class='ocrx_word' id='word_1_332' title='bbox 1457 2550 1551 2605; x_wconf 85' lang='grc' dir='ltr'><strong>τοῦ</strong></span> <span class='ocrx_word' id='word_1_333' title='bbox 1578 2550 1820 2623; x_wconf 79' lang='grc' dir='ltr'>ῥήματος</span> <span class='ocrx_word' id='word_1_334' title='bbox 1841 2550 1890 2605; x_wconf 88' lang='grc' dir='ltr'>οί</span> 
     </span>
    </p>
   </div>
   <div class='ocr_carea' id='block_1_45' title="bbox 303 2641 1891 2715">
    <p class='ocr_par' dir='ltr' id='par_1_45' title="bbox 303 2641 1891 2715">
     <span class='ocr_line' id='line_1_45' title="bbox 303 2641 1891 2715; baseline 0.001 -22"><span class='ocrx_word' id='word_1_335' title='bbox 303 2641 641 2712; x_wconf 71' lang='grc' dir='ltr'>ἐρμηνευταὶ</span> <span class='ocrx_word' id='word_1_336' title='bbox 662 2641 759 2695; x_wconf 76' lang='grc' dir='ltr'><strong>καὶ</strong></span> <span class='ocrx_word' id='word_1_337' title='bbox 775 2643 909 2697; x_wconf 75' lang='grc' dir='ltr'>οίτὰ</span> <span class='ocrx_word' id='word_1_338' title='bbox 936 2642 1177 2708; x_wconf 80' lang='grc' dir='ltr'>Ἐξαπλᾶ</span> <span class='ocrx_word' id='word_1_339' title='bbox 1208 2644 1625 2715; x_wconf 68' lang='grc' dir='ltr'>συνταξάμενον</span> <span class='ocrx_word' id='word_1_340' title='bbox 1659 2643 1754 2697; x_wconf 79' lang='grc' dir='ltr'><strong>καὶ</strong></span> <span class='ocrx_word' id='word_1_341' title='bbox 1780 2642 1891 2696; x_wconf 86' lang='grc' dir='ltr'>λοι-</span> 
     </span>
    </p>
   </div>
   <div class='ocr_carea' id='block_1_46' title="bbox 304 2732 1892 2805">
    <p class='ocr_par' dir='ltr' id='par_1_46' title="bbox 304 2732 1892 2805">
     <span class='ocr_line' id='line_1_46' title="bbox 304 2732 1892 2805; baseline 0.001 -19"><span class='ocrx_word' id='word_1_342' title='bbox 304 2732 411 2786; x_wconf 74' lang='grc' dir='ltr'>πὺν</span> <span class='ocrx_word' id='word_1_343' title='bbox 439 2732 612 2804; x_wconf 78' lang='grc' dir='ltr'>ἀρχὴν</span> <span class='ocrx_word' id='word_1_344' title='bbox 644 2733 848 2804; x_wconf 79' lang='grc' dir='ltr'>στίχου,</span> <span class='ocrx_word' id='word_1_345' title='bbox 876 2734 952 2798; x_wconf 84' lang='grc' dir='ltr'>ὡς</span> <span class='ocrx_word' id='word_1_346' title='bbox 982 2734 1077 2788; x_wconf 81' lang='grc' dir='ltr'>τοῦ</span> <span class='ocrx_word' id='word_1_347' title='bbox 1104 2736 1401 2805; x_wconf 84' lang='grc' dir='ltr'>κεφαλαίου</span> <span class='ocrx_word' id='word_1_348' title='bbox 1418 2734 1569 2801; x_wconf 74' lang='grc' dir='ltr'>ὖντος</span> <span class='ocrx_word' id='word_1_349' title='bbox 1603 2733 1892 2788; x_wconf 83' lang='grc' dir='ltr'>ἀνακολού-</span> 
     </span>
    </p>
   </div>
   <div class='ocr_carea' id='block_1_47' title="bbox 304 2820 1892 2892">
    <p class='ocr_par' dir='ltr' id='par_1_47' title="bbox 304 2820 1892 2892">
     <span class='ocr_line' id='line_1_47' title="bbox 304 2820 1892 2892; baseline 0.004 -19"><span class='ocrx_word' id='word_1_350' title='bbox 304 2820 426 2878; x_wconf 81' lang='grc' dir='ltr'>θου.</span> <span class='ocrx_word' id='word_1_351' title='bbox 458 2820 775 2892; x_wconf 83' lang='grc' dir='ltr'>ἁπήρξαντο</span> <span class='ocrx_word' id='word_1_352' title='bbox 821 2822 1070 2891; x_wconf 85' lang='grc' dir='ltr'>λέγοντος</span> <span class='ocrx_word' id='word_1_353' title='bbox 1097 2839 1111 2853; x_wconf 90' lang='grc'><strong>·</strong></span> <span class='ocrx_word' id='word_1_354' title='bbox 1157 2824 1271 2879; x_wconf 84' lang='lat' dir='ltr'><strong>Kal</strong></span> <span class='ocrx_word' id='word_1_355' title='bbox 1315 2824 1748 2890; x_wconf 73' lang='grc' dir='ltr'>ἐξαπέστειλεν</span> <span class='ocrx_word' id='word_1_356' title='bbox 1782 2827 1892 2879; x_wconf 85' lang='grc' dir='ltr'><strong>αὺ-</strong></span> 
     </span>
    </p>
   </div>
   <div class='ocr_carea' id='block_1_48' title="bbox 305 2913 1894 2986">
    <p class='ocr_par' dir='ltr' id='par_1_48' title="bbox 305 2913 1894 2986">
     <span class='ocr_line' id='line_1_48' title="bbox 305 2913 1894 2986; baseline 0.004 -21"><span class='ocrx_word' id='word_1_357' title='bbox 305 2913 438 2979; x_wconf 86' lang='grc' dir='ltr'>τὸν,</span> <span class='ocrx_word' id='word_1_358' title='bbox 471 2913 618 2967; x_wconf 79' lang='grc' dir='ltr'>τοῦτ’</span> <span class='ocrx_word' id='word_1_359' title='bbox 638 2914 786 2967; x_wconf 76' lang='grc' dir='ltr'>ἔστιν</span> <span class='ocrx_word' id='word_1_360' title='bbox 828 2914 919 2969; x_wconf 79' lang='grc' dir='ltr'><strong>τὸν</strong></span> <span class='ocrx_word' id='word_1_361' title='bbox 954 2916 1151 2986; x_wconf 65' lang='grc' dir='ltr'>Ἀδὰμ,</span> <span class='ocrx_word' id='word_1_362' title='bbox 1186 2916 1402 2983; x_wconf 83' lang='grc' dir='ltr'>Κύριος</span> <span class='ocrx_word' id='word_1_363' title='bbox 1442 2917 1475 2969; x_wconf 85' lang='grc' dir='ltr'><em>ὁ</em></span> <span class='ocrx_word' id='word_1_364' title='bbox 1510 2915 1655 2982; x_wconf 82' lang='grc' dir='ltr'>Θεὸς</span> <span class='ocrx_word' id='word_1_365' title='bbox 1686 2917 1755 2970; x_wconf 85' lang='grc' dir='ltr'><em>ἐκ</em></span> <span class='ocrx_word' id='word_1_366' title='bbox 1783 2916 1894 2971; x_wconf 80' lang='grc' dir='ltr'>τοῦ</span> 
     </span>
    </p>
   </div>
   <div class='ocr_carea' id='block_1_49' title="bbox 306 3004 1960 3095">
    <p class='ocr_par' dir='ltr' id='par_1_49' title="bbox 306 3004 1960 3095">
     <span class='ocr_line' id='line_1_49' title="bbox 306 3004 1960 3095; baseline 0.001 -37"><span class='ocrx_word' id='word_1_367' title='bbox 306 3006 679 3095; x_wconf 56' lang='grc' dir='ltr'>,παραδείσου</span> <span class='ocrx_word' id='word_1_368' title='bbox 720 3006 831 3095; x_wconf 82' lang='grc' dir='ltr'><strong>τῆς</strong></span> <span class='ocrx_word' id='word_1_369' title='bbox 861 3008 1093 3092; x_wconf 60' lang='grc' dir='ltr'>τρυφῆς</span> <span class='ocrx_word' id='word_1_370' title='bbox 1123 3004 1471 3078; x_wconf 78' lang='grc' dir='ltr'>ἐργάζεσθαι</span> <span class='ocrx_word' id='word_1_371' title='bbox 1512 3006 1629 3076; x_wconf 80' lang='grc' dir='ltr'>τὴν</span> <span class='ocrx_word' id='word_1_372' title='bbox 1665 3005 1783 3078; x_wconf 73' lang='grc' dir='ltr'>γῆν</span> <span class='ocrx_word' id='word_1_373' title='bbox 1820 3005 1891 3072; x_wconf 76' lang='grc' dir='ltr'><strong>ἐξ</strong></span> <span class='ocrx_word' id='word_1_374' title='bbox 1916 3038 1960 3095; x_wconf 75' lang='lat' dir='ltr'>c</span> 
     </span>
    </p>
   </div>
   <div class='ocr_carea' id='block_1_50' title="bbox 302 3091 1891 3172">
    <p class='ocr_par' dir='ltr' id='par_1_50' title="bbox 302 3091 1891 3172">
     <span class='ocr_line' id='line_1_50' title="bbox 302 3091 1891 3172; baseline 0.003 -23"><span class='ocrx_word' id='word_1_375' title='bbox 302 3091 382 3165; x_wconf 79' lang='grc' dir='ltr'>ἧς</span> <span class='ocrx_word' id='word_1_376' title='bbox 406 3095 661 3166; x_wconf 68' lang='grc' dir='ltr'><strong>ἐλήφθη.</strong></span> <span class='ocrx_word' id='word_1_377' title='bbox 691 3094 819 3151; x_wconf 77' lang='grc' dir='ltr'>Οἶδα</span> <span class='ocrx_word' id='word_1_378' title='bbox 847 3091 1106 3154; x_wconf 21' lang='grc' dir='ltr'>ὃτιίπάνυ</span> <span class='ocrx_word' id='word_1_379' title='bbox 1139 3096 1500 3171; x_wconf 74' lang='grc' dir='ltr'>βεϐιασμένον</span> <span class='ocrx_word' id='word_1_380' title='bbox 1534 3098 1785 3170; x_wconf 81' lang='grc' dir='ltr'>φαίνεται</span> <span class='ocrx_word' id='word_1_381' title='bbox 1813 3098 1891 3172; x_wconf 80' lang='grc' dir='ltr'>τῷ</span> 
     </span>
    </p>
   </div>
   <div class='ocr_carea' id='block_1_51' title="bbox 307 3182 1891 3264">
    <p class='ocr_par' dir='ltr' id='par_1_51' title="bbox 307 3182 1891 3264">
     <span class='ocr_line' id='line_1_51' title="bbox 307 3182 1891 3264; baseline 0.006 -28"><span class='ocrx_word' id='word_1_382' title='bbox 307 3187 554 3257; x_wconf 74' lang='grc' dir='ltr'>ἀκροατῇ</span> <span class='ocrx_word' id='word_1_383' title='bbox 602 3184 666 3239; x_wconf 84' lang='grc' dir='ltr'>τὸ</span> <span class='ocrx_word' id='word_1_384' title='bbox 713 3186 892 3257; x_wconf 85' lang='grc' dir='ltr'>νόημα</span> <span class='ocrx_word' id='word_1_385' title='bbox 923 3189 1030 3241; x_wconf 88' lang='grc' dir='ltr'><strong>τῶν</strong></span> <span class='ocrx_word' id='word_1_386' title='bbox 1065 3190 1373 3261; x_wconf 79' lang='grc' dir='ltr'>εἰρημένων</span> <span class='ocrx_word' id='word_1_387' title='bbox 1399 3207 1411 3221; x_wconf 78' lang='grc'><strong><em>⁸</em></strong></span> <span class='ocrx_word' id='word_1_388' title='bbox 1442 3182 1521 3245; x_wconf 74' lang='grc' dir='ltr'>διὸ</span> <span class='ocrx_word' id='word_1_389' title='bbox 1554 3190 1660 3264; x_wconf 81' lang='grc' dir='ltr'><strong>χρὴ</strong></span> <span class='ocrx_word' id='word_1_390' title='bbox 1687 3191 1891 3246; x_wconf 76' lang='grc' dir='ltr'>ἀναλα-</span> 
     </span>
    </p>
   </div>
   <div class='ocr_carea' id='block_1_52' title="bbox 307 3270 1892 3349">
    <p class='ocr_par' dir='ltr' id='par_1_52' title="bbox 307 3270 1892 3349">
     <span class='ocr_line' id='line_1_52' title="bbox 307 3270 1892 3349; baseline 0.006 -21"><span class='ocrx_word' id='word_1_391' title='bbox 307 3275 503 3330; x_wconf 76' lang='grc' dir='ltr'>ϐέσθαι</span> <span class='ocrx_word' id='word_1_392' title='bbox 542 3277 706 3331; x_wconf 83' lang='grc' dir='ltr'>πάλιν</span> <span class='ocrx_word' id='word_1_393' title='bbox 749 3278 940 3333; x_wconf 76' lang='grc' dir='ltr'>ταῦτα.</span> <span class='ocrx_word' id='word_1_394' title='bbox 974 3280 1202 3335; x_wconf 80' lang='grc' dir='ltr'>Δοκοῦσί</span> <span class='ocrx_word' id='word_1_395' title='bbox 1239 3298 1383 3345; x_wconf 83' lang='grc' dir='ltr'>τινες</span> <span class='ocrx_word' id='word_1_396' title='bbox 1417 3280 1672 3349; x_wconf 75' lang='grc' dir='ltr'>ἐνταῦθα,</span> <span class='ocrx_word' id='word_1_397' title='bbox 1710 3278 1769 3349; x_wconf 79' lang='grc' dir='ltr'><strong>ἐξ</strong></span> <span class='ocrx_word' id='word_1_398' title='bbox 1817 3270 1892 3338; x_wconf 81' lang='grc' dir='ltr'><strong>ὧν</strong></span> 
     </span>
    </p>
   </div>
   <div class='ocr_carea' id='block_1_53' title="bbox 308 3366 1894 3445">
    <p class='ocr_par' dir='ltr' id='par_1_53' title="bbox 308 3366 1894 3445">
     <span class='ocr_line' id='line_1_53' title="bbox 308 3366 1894 3445; baseline 0.009 -27"><span class='ocrx_word' id='word_1_399' title='bbox 308 3368 418 3419; x_wconf 84' lang='grc' dir='ltr'>εἰσι.</span> <span class='ocrx_word' id='word_1_400' title='bbox 438 3366 532 3420; x_wconf 74' lang='grc' dir='ltr'><strong>καὶ</strong></span> <span class='ocrx_word' id='word_1_401' title='bbox 554 3368 799 3422; x_wconf 83' lang='grc' dir='ltr'>Ἰουδαῖοι</span> <span class='ocrx_word' id='word_1_402' title='bbox 831 3373 922 3423; x_wconf 79' lang='grc' dir='ltr'><strong>καὶ</strong></span> <span class='ocrx_word' id='word_1_403' title='bbox 945 3371 1301 3445; x_wconf 83' lang='grc' dir='ltr'>Σαμαρεῖται,</span> <span class='ocrx_word' id='word_1_404' title='bbox 1328 3375 1411 3428; x_wconf 80' lang='grc' dir='ltr'>ὅτι</span> <span class='ocrx_word' id='word_1_405' title='bbox 1437 3374 1628 3430; x_wconf 83' lang='grc' dir='ltr'>τοῦτον</span> <span class='ocrx_word' id='word_1_406' title='bbox 1654 3375 1747 3429; x_wconf 86' lang='grc' dir='ltr'><strong>τδν</strong></span> <span class='ocrx_word' id='word_1_407' title='bbox 1769 3375 1894 3432; x_wconf 83' lang='grc' dir='ltr'>νοῦν</span> 
     </span>
    </p>
   </div>
   <div class='ocr_carea' id='block_1_54' title="bbox 309 3457 1895 3537">
    <p class='ocr_par' dir='ltr' id='par_1_54' title="bbox 309 3457 1895 3537">
     <span class='ocr_line' id='line_1_54' title="bbox 309 3457 1895 3537; baseline 0.008 -28"><span class='ocrx_word' id='word_1_408' title='bbox 309 3457 495 3529; x_wconf 76' lang='grc' dir='ltr'>ἔχουσι</span> <span class='ocrx_word' id='word_1_409' title='bbox 529 3458 597 3512; x_wconf 78' lang='grc' dir='ltr'><strong>τὰ</strong></span> <span class='ocrx_word' id='word_1_410' title='bbox 637 3460 731 3513; x_wconf 80' lang='grc' dir='ltr'><strong>τοῦ</strong></span> <span class='ocrx_word' id='word_1_411' title='bbox 779 3461 913 3515; x_wconf 85' lang='grc' dir='ltr'>Θεοῦ</span> <span class='ocrx_word' id='word_1_412' title='bbox 958 3464 1210 3534; x_wconf 73' lang='grc' dir='ltr'>ῥήματαο</span> <span class='ocrx_word' id='word_1_413' title='bbox 1246 3464 1404 3520; x_wconf 84' lang='grc' dir='ltr'>ἰδοὺ</span> <span class='ocrx_word' id='word_1_414' title='bbox 1429 3464 1616 3537; x_wconf 79' lang='grc' dir='ltr'>Ἀδὰμ</span> <span class='ocrx_word' id='word_1_415' title='bbox 1645 3464 1895 3537; x_wconf 74' lang='grc' dir='ltr'>γέγονεν</span> 
     </span>
    </p>
   </div>
   <div class='ocr_carea' id='block_1_55' title="bbox 309 3546 1894 3626">
    <p class='ocr_par' dir='ltr' id='par_1_55' title="bbox 309 3546 1894 3626">
     <span class='ocr_line' id='line_1_55' title="bbox 309 3546 1894 3626; baseline 0.006 -24"><span class='ocrx_word' id='word_1_416' title='bbox 309 3550 394 3615; x_wconf 85' lang='grc' dir='ltr'><strong>ὡς</strong></span> <span class='ocrx_word' id='word_1_417' title='bbox 425 3546 513 3616; x_wconf 82' lang='grc' dir='ltr'>εἷς</span> <span class='ocrx_word' id='word_1_418' title='bbox 540 3550 610 3616; x_wconf 79' lang='grc' dir='ltr'><strong>ἐξ</strong></span> <span class='ocrx_word' id='word_1_419' title='bbox 643 3551 831 3620; x_wconf 68' lang='grc' dir='ltr'>ἡμῶν,</span> <span class='ocrx_word' id='word_1_420' title='bbox 872 3553 947 3617; x_wconf 80' lang='grc' dir='ltr'>ὡς</span> <span class='ocrx_word' id='word_1_421' title='bbox 981 3554 1233 3625; x_wconf 73' lang='grc' dir='ltr'>ἐνόμιζον</span> <span class='ocrx_word' id='word_1_422' title='bbox 1262 3554 1382 3611; x_wconf 85' lang='grc' dir='ltr'><strong>τῶν</strong></span> <span class='ocrx_word' id='word_1_423' title='bbox 1407 3555 1586 3626; x_wconf 85' lang='grc' dir='ltr'>τριῶν</span> <span class='ocrx_word' id='word_1_424' title='bbox 1628 3556 1894 3613; x_wconf 78' lang='grc' dir='ltr'>ὑποστά-</span> 
     </span>
    </p>
   </div>
   <div class='ocr_carea' id='block_1_56' title="bbox 311 3644 1894 3718">
    <p class='ocr_par' dir='ltr' id='par_1_56' title="bbox 311 3644 1894 3718">
     <span class='ocr_line' id='line_1_56' title="bbox 311 3644 1894 3718; baseline 0.006 -23"><span class='ocrx_word' id='word_1_425' title='bbox 311 3659 494 3709; x_wconf 86' lang='grc' dir='ltr'>σεων,</span> <span class='ocrx_word' id='word_1_426' title='bbox 521 3644 628 3699; x_wconf 84' lang='grc' dir='ltr'>τοῦ</span> <span class='ocrx_word' id='word_1_427' title='bbox 652 3646 970 3714; x_wconf 71' lang='grc' dir='ltr'>γινώσκειν</span> <span class='ocrx_word' id='word_1_428' title='bbox 990 3648 1183 3702; x_wconf 72' lang='grc' dir='ltr'>καλὸν</span> <span class='ocrx_word' id='word_1_429' title='bbox 1204 3649 1302 3702; x_wconf 76' lang='grc' dir='ltr'><strong>καὶ</strong></span> <span class='ocrx_word' id='word_1_430' title='bbox 1334 3650 1625 3718; x_wconf 74' lang='grc' dir='ltr'>πονηρόν.</span> <span class='ocrx_word' id='word_1_431' title='bbox 1644 3651 1753 3706; x_wconf 84' lang='lat' dir='ltr'><strong>Kal</strong></span> <span class='ocrx_word' id='word_1_432' title='bbox 1776 3651 1894 3705; x_wconf 85' lang='grc' dir='ltr'>νῦν</span> 
     </span>
    </p>
   </div>
   <div class='ocr_carea' id='block_1_57' title="bbox 306 3734 1893 3811">
    <p class='ocr_par' dir='ltr' id='par_1_57' title="bbox 306 3734 1893 3811">
     <span class='ocr_line' id='line_1_57' title="bbox 306 3734 1893 3811; baseline 0.006 -24"><span class='ocrx_word' id='word_1_433' title='bbox 306 3734 568 3804; x_wconf 80' lang='grc' dir='ltr'>μήποτε,</span> <span class='ocrx_word' id='word_1_434' title='bbox 600 3737 836 3808; x_wconf 76' lang='grc' dir='ltr'>ἐκτείνῃ</span> <span class='ocrx_word' id='word_1_435' title='bbox 866 3737 998 3808; x_wconf 87' lang='grc' dir='ltr'>’τὴν</span> <span class='ocrx_word' id='word_1_436' title='bbox 1035 3740 1205 3809; x_wconf 75' lang='grc' dir='ltr'>χεζοα</span> <span class='ocrx_word' id='word_1_437' title='bbox 1238 3743 1334 3794; x_wconf 79' lang='grc' dir='ltr'><strong>καὶ</strong></span> <span class='ocrx_word' id='word_1_438' title='bbox 1377 3739 1533 3811; x_wconf 74' lang='grc' dir='ltr'><strong>λάϐῃ</strong></span> <span class='ocrx_word' id='word_1_439' title='bbox 1561 3742 1669 3796; x_wconf 88' lang='grc' dir='ltr'>τοῦ</span> <span class='ocrx_word' id='word_1_440' title='bbox 1699 3740 1893 3807; x_wconf 75' lang='grc' dir='ltr'>ξύλου</span> 
     </span>
    </p>
   </div>
   <div class='ocr_carea' id='block_1_58' title="bbox 316 3823 1892 3900">
    <p class='ocr_par' dir='ltr' id='par_1_58' title="bbox 316 3823 1892 3900">
     <span class='ocr_line' id='line_1_58' title="bbox 316 3823 1892 3900; baseline 0.006 -23"><span class='ocrx_word' id='word_1_441' title='bbox 316 3824 429 3892; x_wconf 81' lang='grc' dir='ltr'><strong>τῆς</strong></span> <span class='ocrx_word' id='word_1_442' title='bbox 456 3823 604 3894; x_wconf 83' lang='grc' dir='ltr'>ζωῆς</span> <span class='ocrx_word' id='word_1_443' title='bbox 636 3828 735 3881; x_wconf 74' lang='grc' dir='ltr'>καί</span> <span class='ocrx_word' id='word_1_444' title='bbox 766 3826 961 3899; x_wconf 71' lang='grc' dir='ltr'><strong>φάγῃ,</strong></span> <span class='ocrx_word' id='word_1_445' title='bbox 997 3829 1095 3883; x_wconf 73' lang='grc' dir='ltr'><strong>καὶ</strong></span> <span class='ocrx_word' id='word_1_446' title='bbox 1123 3829 1361 3897; x_wconf 79' lang='grc' dir='ltr'>ζήσεται</span> <span class='ocrx_word' id='word_1_447' title='bbox 1406 3834 1491 3897; x_wconf 86' lang='grc' dir='ltr'><strong>είς</strong></span> <span class='ocrx_word' id='word_1_448' title='bbox 1541 3832 1649 3885; x_wconf 85' lang='grc' dir='ltr'>τὸν</span> <span class='ocrx_word' id='word_1_449' title='bbox 1683 3831 1892 3900; x_wconf 83' lang='grc' dir='ltr'>αιῶνα,</span> 
     </span>
    </p>
   </div>
   <div class='ocr_carea' id='block_1_59' title="bbox 313 3915 1894 3992">
    <p class='ocr_par' dir='ltr' id='par_1_59' title="bbox 313 3915 1894 3992">
     <span class='ocr_line' id='line_1_59' title="bbox 313 3915 1894 3992; baseline 0.004 -24"><span class='ocrx_word' id='word_1_450' title='bbox 313 3915 843 3988; x_wconf 75' lang='grc' dir='ltr'>ἐξαποστείλωμεν</span> <span class='ocrx_word' id='word_1_451' title='bbox 879 3920 1067 3973; x_wconf 87' lang='grc' dir='ltr'>αὑτὸν</span> <span class='ocrx_word' id='word_1_452' title='bbox 1105 3920 1175 3974; x_wconf 77' lang='grc' dir='ltr'><strong>ἐκ</strong></span> <span class='ocrx_word' id='word_1_453' title='bbox 1222 3920 1326 3974; x_wconf 83' lang='grc' dir='ltr'>τοῦ</span> <span class='ocrx_word' id='word_1_454' title='bbox 1369 3920 1738 3990; x_wconf 82' lang='grc' dir='ltr'>παραδείσου</span> <span class='ocrx_word' id='word_1_455' title='bbox 1780 3920 1894 3992; x_wconf 83' lang='grc' dir='ltr'>τῆς</span> 
     </span>
    </p>
   </div>
   <div class='ocr_carea' id='block_1_60' title="bbox 310 4007 1891 4085">
    <p class='ocr_par' dir='ltr' id='par_1_60' title="bbox 310 4007 1891 4085">
     <span class='ocr_line' id='line_1_60' title="bbox 310 4007 1891 4085; baseline 0.007 -26"><span class='ocrx_word' id='word_1_456' title='bbox 310 4007 567 4076; x_wconf 69' lang='grc' dir='ltr'>τρυφῆς.</span> <span class='ocrx_word' id='word_1_457' title='bbox 618 4008 804 4074; x_wconf 79' lang='grc' dir='ltr'>υῦτως</span> <span class='ocrx_word' id='word_1_458' title='bbox 849 4011 899 4063; x_wconf 89' lang='grc' dir='ltr'><strong>οί</strong></span> <span class='ocrx_word' id='word_1_459' title='bbox 942 4010 1128 4065; x_wconf 78' lang='grc' dir='ltr'>πολλοὶ</span> <span class='ocrx_word' id='word_1_460' title='bbox 1165 4011 1274 4064; x_wconf 87' lang='grc' dir='ltr'><strong>τῶν</strong></span> <span class='ocrx_word' id='word_1_461' title='bbox 1321 4012 1623 4085; x_wconf 83' lang='grc' dir='ltr'>ἀνθρώπων</span> <span class='ocrx_word' id='word_1_462' title='bbox 1659 4013 1891 4071; x_wconf 80' lang='grc' dir='ltr'>νοοῦσιν.</span> 
     </span>
    </p>
   </div>
   <div class='ocr_carea' id='block_1_61' title="bbox 328 4087 1895 4175">
    <p class='ocr_par' dir='ltr' id='par_1_61' title="bbox 328 4087 1895 4175">
     <span class='ocr_line' id='line_1_61' title="bbox 328 4087 1895 4175; baseline 0.004 -22"><span class='ocrx_word' id='word_1_463' title='bbox 328 4100 469 4153; x_wconf 81' lang='grc' dir='ltr'>Ἀλλ’</span> <span class='ocrx_word' id='word_1_464' title='bbox 497 4101 559 4153; x_wconf 84' lang='grc' dir='ltr'>οὑ</span> <span class='ocrx_word' id='word_1_465' title='bbox 608 4087 786 4156; x_wconf 71' lang='grc' dir='ltr'>κεῖται</span> <span class='ocrx_word' id='word_1_466' title='bbox 820 4103 995 4166; x_wconf 79' lang='grc' dir='ltr'>οὕτως</span> <span class='ocrx_word' id='word_1_467' title='bbox 1027 4103 1088 4156; x_wconf 81' lang='grc' dir='ltr'>τὸ</span> <span class='ocrx_word' id='word_1_468' title='bbox 1118 4102 1315 4175; x_wconf 85' lang='grc' dir='ltr'>νόημα.</span> <span class='ocrx_word' id='word_1_469' title='bbox 1344 4104 1417 4158; x_wconf 88' lang='lat' dir='ltr'><em>T6</em></span> <span class='ocrx_word' id='word_1_470' title='bbox 1458 4105 1517 4158; x_wconf 82' lang='grc' dir='ltr'>δὲ</span> <span class='ocrx_word' id='word_1_471' title='bbox 1546 4106 1733 4160; x_wconf 85' lang='grc' dir='ltr'>ποιοῦν</span> <span class='ocrx_word' id='word_1_472' title='bbox 1764 4105 1895 4159; x_wconf 77' lang='grc' dir='ltr'>αὐτὸ</span> 
     </span>
    </p>
   </div>
   <div class='ocr_carea' id='block_1_62' title="bbox 312 4193 1893 4265">
    <p class='ocr_par' dir='ltr' id='par_1_62' title="bbox 312 4193 1893 4265">
     <span class='ocr_line' id='line_1_62' title="bbox 312 4193 1893 4265; baseline 0.004 -21"><span class='ocrx_word' id='word_1_473' title='bbox 312 4194 375 4245; x_wconf 74' lang='grc' dir='ltr'>τὸ</span> <span class='ocrx_word' id='word_1_474' title='bbox 418 4193 691 4248; x_wconf 77' lang='grc' dir='ltr'>σκοτεινὸν</span> <span class='ocrx_word' id='word_1_475' title='bbox 736 4195 831 4249; x_wconf 77' lang='grc' dir='ltr'><strong>καὶ</strong></span> <span class='ocrx_word' id='word_1_476' title='bbox 875 4196 1104 4265; x_wconf 82' lang='grc' dir='ltr'>ἀσαφὲς,</span> <span class='ocrx_word' id='word_1_477' title='bbox 1136 4197 1311 4250; x_wconf 78' lang='grc' dir='ltr'>ἐκεῖνό</span> <span class='ocrx_word' id='word_1_478' title='bbox 1338 4198 1506 4262; x_wconf 77' lang='grc' dir='ltr'>ἐστιν,</span> <span class='ocrx_word' id='word_1_479' title='bbox 1534 4198 1657 4252; x_wconf 76' lang='grc' dir='ltr'>ἀντὶ</span> <span class='ocrx_word' id='word_1_480' title='bbox 1685 4197 1780 4251; x_wconf 83' lang='grc' dir='ltr'>τοῦ</span> <span class='ocrx_word' id='word_1_481' title='bbox 1813 4199 1893 4251; x_wconf 79' lang='grc' dir='ltr'><strong>εἰ·</strong></span> 
     </span>
    </p>
   </div>
   <div class='ocr_carea' id='block_1_63' title="bbox 317 4286 1924 4359">
    <p class='ocr_par' dir='ltr' id='par_1_63' title="bbox 317 4286 1924 4359">
     <span class='ocr_line' id='line_1_63' title="bbox 317 4286 1924 4359; baseline 0.012 -23"><span class='ocrx_word' id='word_1_482' title='bbox 317 4288 466 4338; x_wconf 80' lang='grc' dir='ltr'>πεῖνο</span> <span class='ocrx_word' id='word_1_483' title='bbox 494 4286 602 4341; x_wconf 85' lang='lat' dir='ltr'><strong>Kal</strong></span> <span class='ocrx_word' id='word_1_484' title='bbox 632 4287 751 4341; x_wconf 87' lang='grc' dir='ltr'>νῦν</span> <span class='ocrx_word' id='word_1_485' title='bbox 783 4287 948 4343; x_wconf 81' lang='grc' dir='ltr'>οὔπω</span> <span class='ocrx_word' id='word_1_486' title='bbox 980 4289 1188 4359; x_wconf 79' lang='grc' dir='ltr'>καιρὸς</span> <span class='ocrx_word' id='word_1_487' title='bbox 1220 4289 1322 4344; x_wconf 81' lang='grc' dir='ltr'>ἵνα</span> <span class='ocrx_word' id='word_1_488' title='bbox 1345 4286 1506 4359; x_wconf 76' lang='grc' dir='ltr'><strong>φάγῃ</strong></span> <span class='ocrx_word' id='word_1_489' title='bbox 1538 4288 1645 4343; x_wconf 88' lang='grc' dir='ltr'>τοῦ</span> <span class='ocrx_word' id='word_1_490' title='bbox 1680 4286 1891 4353; x_wconf 70' lang='grc' dir='ltr'><strong>ξύλου,</strong></span> <span class='ocrx_word' id='word_1_491' title='bbox 1920 4292 1924 4295; x_wconf 17' lang='grc' dir='ltr'><strong>Δ</strong></span> 
     </span>
    </p>
   </div>
   <div class='ocr_carea' id='block_1_64' title="bbox 1992 1809 3567 1881">
    <p class='ocr_par' dir='ltr' id='par_1_64' title="bbox 1992 1809 3567 1881">
     <span class='ocr_line' id='line_1_64' title="bbox 1992 1809 3567 1881; baseline 0.003 -18"><span class='ocrx_word' id='word_1_492' title='bbox 1992 1809 2173 1864; x_wconf 80' lang='lat' dir='ltr'><strong>mittat</strong></span> <span class='ocrx_word' id='word_1_493' title='bbox 2219 1822 2441 1864; x_wconf 81' lang='lat' dir='ltr'><strong>manum</strong></span> <span class='ocrx_word' id='word_1_494' title='bbox 2492 1824 2643 1866; x_wconf 89' lang='lat' dir='ltr'><strong>suam</strong></span> <span class='ocrx_word' id='word_1_495' title='bbox 2686 1819 2742 1867; x_wconf 91' lang='lat' dir='ltr'><strong>et</strong></span> <span class='ocrx_word' id='word_1_496' title='bbox 2788 1812 3061 1881; x_wconf 86' lang='lat' dir='ltr'><strong>particeps</strong></span> <span class='ocrx_word' id='word_1_497' title='bbox 3108 1811 3202 1865; x_wconf 80' lang='lat' dir='ltr'><strong>ﬁat</strong></span> <span class='ocrx_word' id='word_1_498' title='bbox 3249 1812 3378 1881; x_wconf 81' lang='lat' dir='ltr'><strong>ligni</strong></span> <span class='ocrx_word' id='word_1_499' title='bbox 3423 1812 3567 1876; x_wconf 67' lang='lat' dir='ltr'><strong>vitae,</strong></span> 
     </span>
    </p>
   </div>
   <div class='ocr_carea' id='block_1_65' title="bbox 1991 1900 3571 1973">
    <p class='ocr_par' dir='ltr' id='par_1_65' title="bbox 1991 1900 3571 1973">
     <span class='ocr_line' id='line_1_65' title="bbox 1991 1900 3571 1973; baseline 0.001 -16"><span class='ocrx_word' id='word_1_500' title='bbox 1991 1919 2115 1973; x_wconf 65' lang='lat' dir='ltr'><strong>quae</strong></span> <span class='ocrx_word' id='word_1_501' title='bbox 2142 1914 2223 1958; x_wconf 82' lang='lat' dir='ltr'><strong>est</strong></span> <span class='ocrx_word' id='word_1_502' title='bbox 2250 1902 2411 1958; x_wconf 89' lang='lat' dir='ltr'><strong>Dens.</strong></span> <span class='ocrx_word' id='word_1_503' title='bbox 2441 1900 2684 1959; x_wconf 82' lang='lat' dir='ltr'><strong>Moratur</strong></span> <span class='ocrx_word' id='word_1_504' title='bbox 2704 1906 2849 1959; x_wconf 90' lang='lat' dir='ltr'><strong>enim</strong></span> <span class='ocrx_word' id='word_1_505' title='bbox 2875 1905 3055 1959; x_wconf 85' lang='lat' dir='ltr'><strong>adhuc</strong></span> <span class='ocrx_word' id='word_1_506' title='bbox 3073 1904 3365 1960; x_wconf 79' lang='lat' dir='ltr'><strong>ineil&#39;abilis</strong></span> <span class='ocrx_word' id='word_1_507' title='bbox 3388 1905 3571 1958; x_wconf 83' lang='lat' dir='ltr'><strong>incar-</strong></span> 
     </span>
    </p>
   </div>
   <div class='ocr_carea' id='block_1_66' title="bbox 1974 1992 3572 2060">
    <p class='ocr_par' dir='ltr' id='par_1_66' title="bbox 1974 1992 3572 2060">
     <span class='ocr_line' id='line_1_66' title="bbox 1974 1992 3572 2060; baseline 0.002 -15"><span class='ocrx_word' id='word_1_508' title='bbox 1974 1992 2162 2056; x_wconf 65' lang='lat' dir='ltr'><strong>natio,</strong></span> <span class='ocrx_word' id='word_1_509' title='bbox 2186 2001 2236 2046; x_wconf 85' lang='lat' dir='ltr'><strong>et</strong></span> <span class='ocrx_word' id='word_1_510' title='bbox 2265 1992 2566 2059; x_wconf 82' lang='lat' dir='ltr'><strong>manducet,</strong></span> <span class='ocrx_word' id='word_1_511' title='bbox 2602 1994 2653 2048; x_wconf 89' lang='lat' dir='ltr'><strong>id</strong></span> <span class='ocrx_word' id='word_1_512' title='bbox 2681 2005 2784 2060; x_wconf 90' lang='lat' dir='ltr'><strong>est,</strong></span> <span class='ocrx_word' id='word_1_513' title='bbox 2815 1994 2954 2050; x_wconf 81' lang='lat' dir='ltr'><strong>intra</strong></span> <span class='ocrx_word' id='word_1_514' title='bbox 2990 2011 3048 2050; x_wconf 91' lang='lat' dir='ltr'><strong>se</strong></span> <span class='ocrx_word' id='word_1_515' title='bbox 3081 1995 3303 2059; x_wconf 88' lang='lat' dir='ltr'><strong>condat,</strong></span> <span class='ocrx_word' id='word_1_516' title='bbox 3334 2003 3388 2049; x_wconf 88' lang='lat' dir='ltr'><strong>et</strong></span> <span class='ocrx_word' id='word_1_517' title='bbox 3414 2011 3572 2049; x_wconf 88' lang='lat' dir='ltr'><strong>man-</strong></span> 
     </span>
    </p>
   </div>
   <div class='ocr_carea' id='block_1_67' title="bbox 1992 2080 3572 2152">
    <p class='ocr_par' dir='ltr' id='par_1_67' title="bbox 1992 2080 3572 2152">
     <span class='ocr_line' id='line_1_67' title="bbox 1992 2080 3572 2152; baseline 0.002 -18"><span class='ocrx_word' id='word_1_518' title='bbox 1992 2080 2202 2134; x_wconf 75' lang='lat' dir='ltr'><strong>duCans</strong></span> <span class='ocrx_word' id='word_1_519' title='bbox 2236 2082 2372 2134; x_wconf 85' lang='lat' dir='ltr'><strong>vivat</strong></span> <span class='ocrx_word' id='word_1_520' title='bbox 2404 2082 2459 2134; x_wconf 72' lang='lat' dir='ltr'><strong>in</strong></span> <span class='ocrx_word' id='word_1_521' title='bbox 2488 2094 2743 2137; x_wconf 62' lang='lat' dir='ltr'><strong>aeternum</strong></span> <span class='ocrx_word' id='word_1_522' title='bbox 2779 2085 2826 2137; x_wconf 75' lang='grc' dir='ltr'>ε.</span> <span class='ocrx_word' id='word_1_523' title='bbox 2860 2083 2954 2139; x_wconf 86' lang='lat' dir='ltr'><strong>Est</strong></span> <span class='ocrx_word' id='word_1_524' title='bbox 2977 2083 3122 2137; x_wconf 89' lang='lat' dir='ltr'><strong>enim</strong></span> <span class='ocrx_word' id='word_1_525' title='bbox 3161 2098 3380 2152; x_wconf 85' lang='lat' dir='ltr'><strong>semper</strong></span> <span class='ocrx_word' id='word_1_526' title='bbox 3412 2083 3572 2137; x_wconf 83' lang='lat' dir='ltr'><strong>vivus</strong></span> 
     </span>
    </p>
   </div>
   <div class='ocr_carea' id='block_1_68' title="bbox 1992 2164 3570 2244">
    <p class='ocr_par' dir='ltr' id='par_1_68' title="bbox 1992 2164 3570 2244">
     <span class='ocr_line' id='line_1_68' title="bbox 1992 2164 3570 2244; baseline 0.003 -20"><span class='ocrx_word' id='word_1_527' title='bbox 1992 2171 2086 2240; x_wconf 86' lang='lat' dir='ltr'><strong>qui</strong></span> <span class='ocrx_word' id='word_1_528' title='bbox 2128 2173 2424 2228; x_wconf 71' lang='lat' dir='ltr'><strong>manducet</strong></span> <span class='ocrx_word' id='word_1_529' title='bbox 2469 2189 2619 2240; x_wconf 82' lang='lat' dir='ltr'><strong>eum,</strong></span> <span class='ocrx_word' id='word_1_530' title='bbox 2654 2189 2828 2244; x_wconf 88' lang='lat' dir='ltr'><strong>neque</strong></span> <span class='ocrx_word' id='word_1_531' title='bbox 2857 2164 3061 2244; x_wconf 89' lang='lat' dir='ltr'><strong>indiget</strong></span> <span class='ocrx_word' id='word_1_532' title='bbox 3091 2176 3203 2228; x_wconf 86' lang='lat' dir='ltr'><strong>vita</strong></span> <span class='ocrx_word' id='word_1_533' title='bbox 3250 2175 3570 2239; x_wconf 75' lang='lat' dir='ltr'><strong>immortali,</strong></span> 
     </span>
    </p>
   </div>
   <div class='ocr_carea' id='block_1_69' title="bbox 1992 2262 3568 2334">
    <p class='ocr_par' dir='ltr' id='par_1_69' title="bbox 1992 2262 3568 2334">
     <span class='ocr_line' id='line_1_69' title="bbox 1992 2262 3568 2334; baseline 0.001 -18"><span class='ocrx_word' id='word_1_534' title='bbox 1992 2262 2150 2332; x_wconf 87' lang='lat' dir='ltr'><strong>cujus</strong></span> <span class='ocrx_word' id='word_1_535' title='bbox 2177 2265 2448 2333; x_wconf 71' lang='lat' dir='ltr'><strong>particeps</strong></span> <span class='ocrx_word' id='word_1_536' title='bbox 2478 2265 2567 2328; x_wconf 90' lang='lat' dir='ltr'><strong>sit,</strong></span> <span class='ocrx_word' id='word_1_537' title='bbox 2596 2265 2735 2318; x_wconf 91' lang='lat' dir='ltr'><strong>unde</strong></span> <span class='ocrx_word' id='word_1_538' title='bbox 2766 2264 2853 2317; x_wconf 86' lang='lat' dir='ltr'><strong>hic</strong></span> <span class='ocrx_word' id='word_1_539' title='bbox 2877 2265 3146 2334; x_wconf 87' lang='lat' dir='ltr'><strong>integrum</strong></span> <span class='ocrx_word' id='word_1_540' title='bbox 3175 2275 3229 2319; x_wconf 90' lang='lat' dir='ltr'><strong>et</strong></span> <span class='ocrx_word' id='word_1_541' title='bbox 3256 2264 3568 2320; x_wconf 87' lang='lat' dir='ltr'><strong>absolutum</strong></span> 
     </span>
    </p>
   </div>
   <div class='ocr_carea' id='block_1_70' title="bbox 1992 2355 3569 2427">
    <p class='ocr_par' dir='ltr' id='par_1_70' title="bbox 1992 2355 3569 2427">
     <span class='ocr_line' id='line_1_70' title="bbox 1992 2355 3569 2427; baseline 0.001 -18"><span class='ocrx_word' id='word_1_542' title='bbox 1992 2370 2216 2409; x_wconf 84' lang='lat' dir='ltr'><strong>sensum</strong></span> <span class='ocrx_word' id='word_1_543' title='bbox 2251 2355 2575 2425; x_wconf 85' lang='lat' dir='ltr'><strong>interpretes</strong></span> <span class='ocrx_word' id='word_1_544' title='bbox 2599 2355 2776 2410; x_wconf 78' lang='lat' dir='ltr'><strong>fecere</strong></span> <span class='ocrx_word' id='word_1_545' title='bbox 2799 2366 2851 2410; x_wconf 92' lang='lat' dir='ltr'><strong>et</strong></span> <span class='ocrx_word' id='word_1_546' title='bbox 2883 2357 2976 2426; x_wconf 84' lang='lat' dir='ltr'><strong>qui</strong></span> <span class='ocrx_word' id='word_1_547' title='bbox 3007 2355 3248 2426; x_wconf 81' lang='lat' dir='ltr'><strong>Hexapla</strong></span> <span class='ocrx_word' id='word_1_548' title='bbox 3269 2359 3569 2427; x_wconf 84' lang='lat' dir='ltr'><strong>digessere,</strong></span> 
     </span>
    </p>
   </div>
   <div class='ocr_carea' id='block_1_71' title="bbox 1991 2436 3570 2520">
    <p class='ocr_par' dir='ltr' id='par_1_71' title="bbox 1991 2436 3570 2520">
     <span class='ocr_line' id='line_1_71' title="bbox 1991 2436 3570 2520; baseline 0.002 -21"><span class='ocrx_word' id='word_1_549' title='bbox 1991 2436 2202 2515; x_wconf 87' lang='lat' dir='ltr'><strong>reliqua</strong></span> <span class='ocrx_word' id='word_1_550' title='bbox 2232 2447 2482 2502; x_wconf 81' lang='lat' dir='ltr'><strong>versiculi</strong></span> <span class='ocrx_word' id='word_1_551' title='bbox 2504 2448 2836 2518; x_wconf 88' lang='lat' dir='ltr'><strong>principium</strong></span> <span class='ocrx_word' id='word_1_552' title='bbox 2864 2450 3069 2512; x_wconf 83' lang='lat' dir='ltr'><strong>exorsi,</strong></span> <span class='ocrx_word' id='word_1_553' title='bbox 3093 2449 3251 2519; x_wconf 88' lang='lat' dir='ltr'><strong>quasi</strong></span> <span class='ocrx_word' id='word_1_554' title='bbox 3270 2450 3570 2520; x_wconf 84' lang='lat' dir='ltr'><strong>capitulum</strong></span> 
     </span>
    </p>
   </div>
   <div class='ocr_carea' id='block_1_72' title="bbox 1990 2537 3570 2611">
    <p class='ocr_par' dir='ltr' id='par_1_72' title="bbox 1990 2537 3570 2611">
     <span class='ocr_line' id='line_1_72' title="bbox 1990 2537 3570 2611; baseline 0.001 -19"><span class='ocrx_word' id='word_1_555' title='bbox 1990 2551 2116 2592; x_wconf 91' lang='lat' dir='ltr'><strong>cum</strong></span> <span class='ocrx_word' id='word_1_556' title='bbox 2154 2537 2421 2607; x_wconf 88' lang='lat' dir='ltr'><strong>superiori</strong></span> <span class='ocrx_word' id='word_1_557' title='bbox 2450 2540 2674 2593; x_wconf 90' lang='lat' dir='ltr'><strong>minime</strong></span> <span class='ocrx_word' id='word_1_558' title='bbox 2715 2539 3096 2611; x_wconf 78' lang='lat' dir='ltr'><strong>coniungatur</strong></span> <span class='ocrx_word' id='word_1_559' title='bbox 3124 2540 3230 2596; x_wconf 87' lang='lat' dir='ltr'><strong>hoc</strong></span> <span class='ocrx_word' id='word_1_560' title='bbox 3269 2541 3471 2597; x_wconf 87' lang='lat' dir='ltr'><strong>modo:</strong></span> <span class='ocrx_word' id='word_1_561' title='bbox 3501 2539 3570 2594; x_wconf 86' lang='lat' dir='ltr'><strong>Et</strong></span> 
     </span>
    </p>
   </div>
   <div class='ocr_carea' id='block_1_73' title="bbox 1990 2630 3575 2705">
    <p class='ocr_par' dir='ltr' id='par_1_73' title="bbox 1990 2630 3575 2705">
     <span class='ocr_line' id='line_1_73' title="bbox 1990 2630 3575 2705; baseline 0.003 -22"><span class='ocrx_word' id='word_1_562' title='bbox 1990 2630 2167 2683; x_wconf 79' lang='lat' dir='ltr'><strong>emisit</strong></span> <span class='ocrx_word' id='word_1_563' title='bbox 2204 2646 2324 2684; x_wconf 79' lang='lat' dir='ltr'><strong>eum</strong></span> <span class='ocrx_word' id='word_1_564' title='bbox 2358 2632 2576 2701; x_wconf 91' lang='lat' dir='ltr'><strong>(nempe</strong></span> <span class='ocrx_word' id='word_1_565' title='bbox 2616 2632 2811 2705; x_wconf 83' lang='lat' dir='ltr'><strong>Adam)</strong></span> <span class='ocrx_word' id='word_1_566' title='bbox 2846 2632 3105 2689; x_wconf 77' lang='lat' dir='ltr'><strong>Dominus</strong></span> <span class='ocrx_word' id='word_1_567' title='bbox 3144 2633 3289 2688; x_wconf 81' lang='lat' dir='ltr'><strong>Deus</strong></span> <span class='ocrx_word' id='word_1_568' title='bbox 3324 2635 3390 2689; x_wconf 86' lang='lat' dir='ltr'><strong>de</strong></span> <span class='ocrx_word' id='word_1_569' title='bbox 3417 2651 3575 2704; x_wconf 87' lang='lat' dir='ltr'><strong>para-</strong></span> 
     </span>
    </p>
   </div>
   <div class='ocr_carea' id='block_1_74' title="bbox 1990 2719 3572 2797">
    <p class='ocr_par' dir='ltr' id='par_1_74' title="bbox 1990 2719 3572 2797">
     <span class='ocr_line' id='line_1_74' title="bbox 1990 2719 3572 2797; baseline 0.004 -24"><span class='ocrx_word' id='word_1_570' title='bbox 1990 2719 2105 2774; x_wconf 66' lang='lat' dir='ltr'><strong>diso</strong></span> <span class='ocrx_word' id='word_1_571' title='bbox 2136 2721 2444 2792; x_wconf 76' lang='lat' dir='ltr'><strong>voluptatis,</strong></span> <span class='ocrx_word' id='word_1_572' title='bbox 2466 2732 2524 2776; x_wconf 79' lang='lat' dir='ltr'><strong>ut</strong></span> <span class='ocrx_word' id='word_1_573' title='bbox 2554 2733 3077 2793; x_wconf 77' lang='lat' dir='ltr'><strong>operareturterram</strong></span> <span class='ocrx_word' id='word_1_574' title='bbox 3113 2727 3178 2781; x_wconf 86' lang='lat' dir='ltr'><strong>de</strong></span> <span class='ocrx_word' id='word_1_575' title='bbox 3200 2742 3305 2797; x_wconf 85' lang='lat' dir='ltr'><strong>qua</strong></span> <span class='ocrx_word' id='word_1_576' title='bbox 3333 2733 3572 2797; x_wconf 75' lang='lat' dir='ltr'><strong>sumptus</strong></span> 
     </span>
    </p>
   </div>
   <div class='ocr_carea' id='block_1_75' title="bbox 1991 2812 3571 2886">
    <p class='ocr_par' dir='ltr' id='par_1_75' title="bbox 1991 2812 3571 2886">
     <span class='ocr_line' id='line_1_75' title="bbox 1991 2812 3571 2886; baseline 0.004 -20"><span class='ocrx_word' id='word_1_577' title='bbox 1991 2821 2068 2867; x_wconf 79' lang='lat' dir='ltr'><strong>est</strong></span> <span class='ocrx_word' id='word_1_578' title='bbox 2099 2812 2150 2868; x_wconf 75' lang='grc' dir='ltr'><strong>ιι.</strong></span> <span class='ocrx_word' id='word_1_579' title='bbox 2181 2812 2311 2868; x_wconf 87' lang='lat' dir='ltr'><strong>Scio</strong></span> <span class='ocrx_word' id='word_1_580' title='bbox 2342 2828 2461 2884; x_wconf 73' lang='lat' dir='ltr'><strong>quae</strong></span> <span class='ocrx_word' id='word_1_581' title='bbox 2494 2830 2524 2869; x_wconf 88' lang='lat' dir='ltr'><strong>a</strong></span> <span class='ocrx_word' id='word_1_582' title='bbox 2561 2816 2721 2870; x_wconf 86' lang='lat' dir='ltr'><strong>nobis</strong></span> <span class='ocrx_word' id='word_1_583' title='bbox 2754 2816 2897 2871; x_wconf 89' lang='lat' dir='ltr'><strong>dicta</strong></span> <span class='ocrx_word' id='word_1_584' title='bbox 2932 2826 3084 2886; x_wconf 84' lang='lat' dir='ltr'><strong>sunt,</strong></span> <span class='ocrx_word' id='word_1_585' title='bbox 3114 2833 3176 2873; x_wconf 84' lang='lat' dir='ltr'><strong>ea</strong></span> <span class='ocrx_word' id='word_1_586' title='bbox 3211 2818 3383 2873; x_wconf 85' lang='lat' dir='ltr'><strong>videri</strong></span> <span class='ocrx_word' id='word_1_587' title='bbox 3411 2819 3571 2873; x_wconf 82' lang='lat' dir='ltr'><strong>audi-</strong></span> 
     </span>
    </p>
   </div>
   <div class='ocr_carea' id='block_1_76' title="bbox 1994 2903 3572 2979">
    <p class='ocr_par' dir='ltr' id='par_1_76' title="bbox 1994 2903 3572 2979">
     <span class='ocr_line' id='line_1_76' title="bbox 1994 2903 3572 2979; baseline 0.004 -22"><span class='ocrx_word' id='word_1_588' title='bbox 1994 2904 2205 2959; x_wconf 86' lang='lat' dir='ltr'><strong>toribus</strong></span> <span class='ocrx_word' id='word_1_589' title='bbox 2255 2903 2492 2959; x_wconf 70' lang='lat' dir='ltr'><strong>diﬁlcilia</strong></span> <span class='ocrx_word' id='word_1_590' title='bbox 2531 2915 2583 2961; x_wconf 93' lang='lat' dir='ltr'><strong>et</strong></span> <span class='ocrx_word' id='word_1_591' title='bbox 2622 2907 2897 2974; x_wconf 87' lang='lat' dir='ltr'><strong>violenta,</strong></span> <span class='ocrx_word' id='word_1_592' title='bbox 2951 2924 3125 2979; x_wconf 88' lang='lat' dir='ltr'><strong>quare</strong></span> <span class='ocrx_word' id='word_1_593' title='bbox 3167 2910 3363 2963; x_wconf 86' lang='lat' dir='ltr'><strong>iterum</strong></span> <span class='ocrx_word' id='word_1_594' title='bbox 3410 2924 3572 2964; x_wconf 76' lang='lat' dir='ltr'><strong>resu~</strong></span> 
     </span>
    </p>
   </div>
   <div class='ocr_carea' id='block_1_77' title="bbox 1993 2995 3568 3069">
    <p class='ocr_par' dir='ltr' id='par_1_77' title="bbox 1993 2995 3568 3069">
     <span class='ocr_line' id='line_1_77' title="bbox 1993 2995 3568 3069; baseline 0.002 -18"><span class='ocrx_word' id='word_1_595' title='bbox 1993 2997 2189 3051; x_wconf 82' lang='lat' dir='ltr'><strong>menda</strong></span> <span class='ocrx_word' id='word_1_596' title='bbox 2232 3008 2383 3052; x_wconf 73' lang='lat' dir='ltr'><strong>sunt;</strong></span> <span class='ocrx_word' id='word_1_597' title='bbox 2415 2995 2647 3064; x_wconf 78' lang='lat' dir='ltr'><strong>Quidam</strong></span> <span class='ocrx_word' id='word_1_598' title='bbox 2692 2999 2779 3053; x_wconf 89' lang='lat' dir='ltr'><strong>hic</strong></span> <span class='ocrx_word' id='word_1_599' title='bbox 2823 3011 3038 3069; x_wconf 87' lang='lat' dir='ltr'><strong>putant,</strong></span> <span class='ocrx_word' id='word_1_600' title='bbox 3085 3001 3138 3054; x_wconf 89' lang='lat' dir='ltr'><strong>in</strong></span> <span class='ocrx_word' id='word_1_601' title='bbox 3188 3002 3257 3056; x_wconf 90' lang='lat' dir='ltr'><strong>iis</strong></span> <span class='ocrx_word' id='word_1_602' title='bbox 3298 2999 3468 3056; x_wconf 71' lang='lat' dir='ltr'><strong>Judaei</strong></span> <span class='ocrx_word' id='word_1_603' title='bbox 3517 3010 3568 3056; x_wconf 88' lang='lat' dir='ltr'><strong>et</strong></span> 
     </span>
    </p>
   </div>
   <div class='ocr_carea' id='block_1_78' title="bbox 1997 3085 3570 3161">
    <p class='ocr_par' dir='ltr' id='par_1_78' title="bbox 1997 3085 3570 3161">
     <span class='ocr_line' id='line_1_78' title="bbox 1997 3085 3570 3161; baseline 0.002 -20"><span class='ocrx_word' id='word_1_604' title='bbox 1997 3085 2303 3154; x_wconf 67' lang='lat' dir='ltr'><strong>Samaritae,</strong></span> <span class='ocrx_word' id='word_1_605' title='bbox 2342 3088 2413 3143; x_wconf 87' lang='lat' dir='ltr'><strong>ita</strong></span> <span class='ocrx_word' id='word_1_606' title='bbox 2448 3103 2647 3144; x_wconf 84' lang='lat' dir='ltr'><strong>sonare</strong></span> <span class='ocrx_word' id='word_1_607' title='bbox 2678 3091 2841 3145; x_wconf 82' lang='lat' dir='ltr'><strong>verba</strong></span> <span class='ocrx_word' id='word_1_608' title='bbox 2870 3090 2999 3145; x_wconf 88' lang='lat' dir='ltr'><strong>Dei:</strong></span> <span class='ocrx_word' id='word_1_609' title='bbox 3039 3090 3176 3145; x_wconf 81' lang='lat' dir='ltr'><strong>Ecce</strong></span> <span class='ocrx_word' id='word_1_610' title='bbox 3194 3092 3367 3144; x_wconf 78' lang='lat' dir='ltr'><strong>Adam</strong></span> <span class='ocrx_word' id='word_1_611' title='bbox 3397 3091 3570 3161; x_wconf 79' lang='lat' dir='ltr'><strong>factus</strong></span> 
     </span>
    </p>
   </div>
   <div class='ocr_carea' id='block_1_79' title="bbox 1994 3185 3572 3253">
    <p class='ocr_par' dir='ltr' id='par_1_79' title="bbox 1994 3185 3572 3253">
     <span class='ocr_line' id='line_1_79' title="bbox 1994 3185 3572 3253; baseline 0.003 -16"><span class='ocrx_word' id='word_1_612' title='bbox 1994 3192 2070 3237; x_wconf 76' lang='lat' dir='ltr'><strong>est</strong></span> <span class='ocrx_word' id='word_1_613' title='bbox 2098 3185 2255 3251; x_wconf 83' lang='lat' dir='ltr'><strong>quasi</strong></span> <span class='ocrx_word' id='word_1_614' title='bbox 2277 3201 2415 3239; x_wconf 83' lang='lat' dir='ltr'><strong>unus</strong></span> <span class='ocrx_word' id='word_1_615' title='bbox 2446 3202 2511 3240; x_wconf 79' lang='lat' dir='ltr'><strong>ea:</strong></span> <span class='ocrx_word' id='word_1_616' title='bbox 2550 3185 2731 3253; x_wconf 85' lang='lat' dir='ltr'><strong>nobis,</strong></span> <span class='ocrx_word' id='word_1_617' title='bbox 2762 3189 2813 3242; x_wconf 92' lang='lat' dir='ltr'><strong>id</strong></span> <span class='ocrx_word' id='word_1_618' title='bbox 2844 3197 2955 3252; x_wconf 85' lang='lat' dir='ltr'><strong>est,</strong></span> <span class='ocrx_word' id='word_1_619' title='bbox 2990 3203 3055 3242; x_wconf 74' lang='lat' dir='ltr'><strong>ex</strong></span> <span class='ocrx_word' id='word_1_620' title='bbox 3091 3188 3260 3243; x_wconf 81' lang='lat' dir='ltr'><strong>tribus</strong></span> <span class='ocrx_word' id='word_1_621' title='bbox 3289 3187 3572 3242; x_wconf 81' lang='lat' dir='ltr'><strong>Trinitatis</strong></span> 
     </span>
    </p>
   </div>
   <div class='ocr_carea' id='block_1_80' title="bbox 1992 3268 3575 3350">
    <p class='ocr_par' dir='ltr' id='par_1_80' title="bbox 1992 3268 3575 3350">
     <span class='ocr_line' id='line_1_80' title="bbox 1992 3268 3575 3350; baseline 0.001 -21"><span class='ocrx_word' id='word_1_622' title='bbox 1992 3277 2250 3345; x_wconf 79' lang='lat' dir='ltr'><strong>personis.</strong></span> <span class='ocrx_word' id='word_1_623' title='bbox 2302 3277 2470 3331; x_wconf 79' lang='lat' dir='ltr'><strong>sciens</strong></span> <span class='ocrx_word' id='word_1_624' title='bbox 2518 3278 2709 3333; x_wconf 82' lang='lat' dir='ltr'><strong>bonum</strong></span> <span class='ocrx_word' id='word_1_625' title='bbox 2748 3288 2798 3333; x_wconf 84' lang='lat' dir='ltr'><strong>et</strong></span> <span class='ocrx_word' id='word_1_626' title='bbox 2835 3270 3058 3335; x_wconf 81' lang='lat' dir='ltr'><strong>malum.</strong></span> <span class='ocrx_word' id='word_1_627' title='bbox 3098 3280 3256 3335; x_wconf 88' lang='lat' dir='ltr'><strong>Nunc</strong></span> <span class='ocrx_word' id='word_1_628' title='bbox 3301 3268 3465 3350; x_wconf 83' lang='lat' dir='ltr'><strong>igitur</strong></span> <span class='ocrx_word' id='word_1_629' title='bbox 3511 3295 3575 3332; x_wconf 85' lang='lat' dir='ltr'><strong>nc</strong></span> 
     </span>
    </p>
   </div>
   <div class='ocr_carea' id='block_1_81' title="bbox 1995 3372 3569 3445">
    <p class='ocr_par' dir='ltr' id='par_1_81' title="bbox 1995 3372 3569 3445">
     <span class='ocr_line' id='line_1_81' title="bbox 1995 3372 3569 3445; baseline 0.003 -22"><span class='ocrx_word' id='word_1_630' title='bbox 1995 3372 2170 3424; x_wconf 87' lang='lat' dir='ltr'><strong>mittat</strong></span> <span class='ocrx_word' id='word_1_631' title='bbox 2215 3388 2428 3425; x_wconf 86' lang='lat' dir='ltr'><strong>manum</strong></span> <span class='ocrx_word' id='word_1_632' title='bbox 2456 3389 2609 3426; x_wconf 81' lang='lat' dir='ltr'><strong>suam</strong></span> <span class='ocrx_word' id='word_1_633' title='bbox 2651 3382 2701 3427; x_wconf 88' lang='lat' dir='ltr'><strong>et</strong></span> <span class='ocrx_word' id='word_1_634' title='bbox 2733 3385 2909 3429; x_wconf 79' lang='lat' dir='ltr'><strong>suntut</strong></span> <span class='ocrx_word' id='word_1_635' title='bbox 2948 3376 3113 3429; x_wconf 82' lang='lat' dir='ltr'><strong>etiam</strong></span> <span class='ocrx_word' id='word_1_636' title='bbox 3147 3374 3212 3427; x_wconf 83' lang='lat' dir='ltr'><strong>de</strong></span> <span class='ocrx_word' id='word_1_637' title='bbox 3252 3374 3398 3445; x_wconf 85' lang='lat' dir='ltr'><strong>ligno</strong></span> <span class='ocrx_word' id='word_1_638' title='bbox 3431 3376 3569 3437; x_wconf 70' lang='lat' dir='ltr'><strong>vita,</strong></span> 
     </span>
    </p>
   </div>
   <div class='ocr_carea' id='block_1_82' title="bbox 1992 3464 3576 3533">
    <p class='ocr_par' dir='ltr' id='par_1_82' title="bbox 1992 3464 3576 3533">
     <span class='ocr_line' id='line_1_82' title="bbox 1992 3464 3576 3533; baseline 0 -16"><span class='ocrx_word' id='word_1_639' title='bbox 1992 3473 2039 3517; x_wconf 85' lang='lat' dir='ltr'><strong>et</strong></span> <span class='ocrx_word' id='word_1_640' title='bbox 2067 3464 2304 3518; x_wconf 83' lang='lat' dir='ltr'><strong>comedat</strong></span> <span class='ocrx_word' id='word_1_641' title='bbox 2332 3477 2381 3518; x_wconf 86' lang='lat' dir='ltr'><strong>et</strong></span> <span class='ocrx_word' id='word_1_642' title='bbox 2426 3465 2564 3520; x_wconf 82' lang='lat' dir='ltr'><strong>vivat</strong></span> <span class='ocrx_word' id='word_1_643' title='bbox 2605 3468 2659 3520; x_wconf 86' lang='lat' dir='ltr'><strong>in</strong></span> <span class='ocrx_word' id='word_1_644' title='bbox 2713 3478 2990 3533; x_wconf 69' lang='lat' dir='ltr'><strong>(uernum,</strong></span> <span class='ocrx_word' id='word_1_645' title='bbox 3029 3469 3336 3522; x_wconf 79' lang='lat' dir='ltr'><strong>emittamus</strong></span> <span class='ocrx_word' id='word_1_646' title='bbox 3366 3484 3485 3520; x_wconf 87' lang='lat' dir='ltr'><strong>eum</strong></span> <span class='ocrx_word' id='word_1_647' title='bbox 3510 3466 3576 3518; x_wconf 82' lang='lat' dir='ltr'><strong>de</strong></span> 
     </span>
    </p>
   </div>
   <div class='ocr_carea' id='block_1_83' title="bbox 1991 3552 3569 3629">
    <p class='ocr_par' dir='ltr' id='par_1_83' title="bbox 1991 3552 3569 3629">
     <span class='ocr_line' id='line_1_83' title="bbox 1991 3552 3569 3629; baseline 0.001 -20"><span class='ocrx_word' id='word_1_648' title='bbox 1991 3555 2240 3624; x_wconf 79' lang='lat' dir='ltr'><strong>paradiso</strong></span> <span class='ocrx_word' id='word_1_649' title='bbox 2280 3552 2589 3627; x_wconf 76' lang='lat' dir='ltr'><strong>uoluptatis.</strong></span> <span class='ocrx_word' id='word_1_650' title='bbox 2618 3557 2685 3612; x_wconf 86' lang='lat' dir='ltr'><strong>Et</strong></span> <span class='ocrx_word' id='word_1_651' title='bbox 2716 3560 2786 3613; x_wconf 82' lang='lat' dir='ltr'><strong>ita</strong></span> <span class='ocrx_word' id='word_1_652' title='bbox 2832 3560 3052 3629; x_wconf 83' lang='lat' dir='ltr'><strong>quidem</strong></span> <span class='ocrx_word' id='word_1_653' title='bbox 3082 3557 3239 3613; x_wconf 91' lang='lat' dir='ltr'><strong>multi</strong></span> <span class='ocrx_word' id='word_1_654' title='bbox 3272 3559 3569 3627; x_wconf 88' lang='lat' dir='ltr'><strong>accipiunt.</strong></span> 
     </span>
    </p>
   </div>
   <div class='ocr_carea' id='block_1_84' title="bbox 1994 3646 3570 3720">
    <p class='ocr_par' dir='ltr' id='par_1_84' title="bbox 1994 3646 3570 3720">
     <span class='ocr_line' id='line_1_84' title="bbox 1994 3646 3570 3720; baseline 0 -17"><span class='ocrx_word' id='word_1_655' title='bbox 1994 3646 2179 3720; x_wconf 83' lang='lat' dir='ltr'><strong>Neque</strong></span> <span class='ocrx_word' id='word_1_656' title='bbox 2212 3658 2393 3704; x_wconf 88' lang='lat' dir='ltr'><strong>tamen</strong></span> <span class='ocrx_word' id='word_1_657' title='bbox 2417 3650 2506 3704; x_wconf 84' lang='lat' dir='ltr'><strong>hic</strong></span> <span class='ocrx_word' id='word_1_658' title='bbox 2530 3666 2657 3705; x_wconf 85' lang='lat' dir='ltr'><strong>vere</strong></span> <span class='ocrx_word' id='word_1_659' title='bbox 2688 3666 2883 3706; x_wconf 89' lang='lat' dir='ltr'><strong>sensus</strong></span> <span class='ocrx_word' id='word_1_660' title='bbox 2914 3660 3018 3706; x_wconf 85' lang='lat' dir='ltr'><strong>est.</strong></span> <span class='ocrx_word' id='word_1_661' title='bbox 3038 3647 3169 3704; x_wconf 90' lang='lat' dir='ltr'><strong>Inde</strong></span> <span class='ocrx_word' id='word_1_662' title='bbox 3194 3657 3376 3703; x_wconf 86' lang='lat' dir='ltr'><strong>autem</strong></span> <span class='ocrx_word' id='word_1_663' title='bbox 3402 3649 3570 3703; x_wconf 91' lang='lat' dir='ltr'><strong>totius</strong></span> 
     </span>
    </p>
   </div>
   <div class='ocr_carea' id='block_1_85' title="bbox 1994 3734 3571 3811">
    <p class='ocr_par' dir='ltr' id='par_1_85' title="bbox 1994 3734 3571 3811">
     <span class='ocr_line' id='line_1_85' title="bbox 1994 3734 3571 3811; baseline -0.005 -16"><span class='ocrx_word' id='word_1_664' title='bbox 1994 3741 2101 3795; x_wconf 93' lang='lat' dir='ltr'><strong>loci</strong></span> <span class='ocrx_word' id='word_1_665' title='bbox 2136 3740 2423 3796; x_wconf 81' lang='lat' dir='ltr'><strong>diliicnltas</strong></span> <span class='ocrx_word' id='word_1_666' title='bbox 2462 3748 2588 3795; x_wconf 84' lang='lat' dir='ltr'><strong>nata</strong></span> <span class='ocrx_word' id='word_1_667' title='bbox 2630 3748 2735 3805; x_wconf 90' lang='lat' dir='ltr'><strong>est,</strong></span> <span class='ocrx_word' id='word_1_668' title='bbox 2775 3741 2921 3811; x_wconf 90' lang='lat' dir='ltr'><strong>quod</strong></span> <span class='ocrx_word' id='word_1_669' title='bbox 2953 3755 3052 3809; x_wconf 92' lang='lat' dir='ltr'><strong>pro</strong></span> <span class='ocrx_word' id='word_1_670' title='bbox 3089 3737 3248 3792; x_wconf 88' lang='lat' dir='ltr'><strong>Nunc</strong></span> <span class='ocrx_word' id='word_1_671' title='bbox 3292 3752 3415 3807; x_wconf 85' lang='lat' dir='ltr'><strong>ergo</strong></span> <span class='ocrx_word' id='word_1_672' title='bbox 3459 3734 3571 3806; x_wconf 82' lang='grc' dir='ltr'>(ιι)</span> 
     </span>
    </p>
   </div>
   <div class='ocr_carea' id='block_1_86' title="bbox 1993 3828 3573 3902">
    <p class='ocr_par' dir='ltr' id='par_1_86' title="bbox 1993 3828 3573 3902">
     <span class='ocr_line' id='line_1_86' title="bbox 1993 3828 3573 3902; baseline -0.005 -15"><span class='ocrx_word' id='word_1_673' title='bbox 1993 3831 2229 3887; x_wconf 85' lang='lat' dir='ltr'><strong>nondum</strong></span> <span class='ocrx_word' id='word_1_674' title='bbox 2289 3840 2489 3902; x_wconf 76' lang='lat' dir='ltr'><strong>tempus</strong></span> <span class='ocrx_word' id='word_1_675' title='bbox 2543 3840 2653 3899; x_wconf 78' lang='lat' dir='ltr'><strong>est,</strong></span> <span class='ocrx_word' id='word_1_676' title='bbox 2703 3842 2759 3885; x_wconf 91' lang='lat' dir='ltr'><strong>ut</strong></span> <span class='ocrx_word' id='word_1_677' title='bbox 2806 3831 3045 3885; x_wconf 81' lang='lat' dir='ltr'><strong>comedat</strong></span> <span class='ocrx_word' id='word_1_678' title='bbox 3091 3832 3154 3883; x_wconf 83' lang='lat' dir='ltr'><strong>de</strong></span> <span class='ocrx_word' id='word_1_679' title='bbox 3205 3829 3377 3899; x_wconf 84' lang='lat' dir='ltr'><strong>ligno,</strong></span> <span class='ocrx_word' id='word_1_680' title='bbox 3437 3828 3573 3883; x_wconf 88' lang='lat' dir='ltr'><strong>dicit</strong></span> 
     </span>
    </p>
   </div>
   <div class='ocr_carea' id='block_1_87' title="bbox 1994 3920 3574 3996">
    <p class='ocr_par' dir='ltr' id='par_1_87' title="bbox 1994 3920 3574 3996">
     <span class='ocr_line' id='line_1_87' title="bbox 1994 3920 3574 3996; baseline -0.003 -15"><span class='ocrx_word' id='word_1_681' title='bbox 1994 3925 2250 3995; x_wconf 84' lang='lat' dir='ltr'><strong>scriptor,</strong></span> <span class='ocrx_word' id='word_1_682' title='bbox 2296 3940 2433 3979; x_wconf 86' lang='lat' dir='ltr'><strong>nunc</strong></span> <span class='ocrx_word' id='word_1_683' title='bbox 2472 3940 2596 3996; x_wconf 85' lang='lat' dir='ltr'><strong>ergo</strong></span> <span class='ocrx_word' id='word_1_684' title='bbox 2638 3941 2700 3979; x_wconf 84' lang='lat' dir='ltr'><strong>ne</strong></span> <span class='ocrx_word' id='word_1_685' title='bbox 2731 3926 2969 3979; x_wconf 83' lang='lat' dir='ltr'><strong>comedat</strong></span> <span class='ocrx_word' id='word_1_686' title='bbox 2990 3963 3005 3989; x_wconf 94' lang='lat'><strong>,</strong></span> <span class='ocrx_word' id='word_1_687' title='bbox 3041 3933 3145 3978; x_wconf 89' lang='lat' dir='ltr'><strong>etc.</strong></span> <span class='ocrx_word' id='word_1_688' title='bbox 3177 3920 3291 3977; x_wconf 87' lang='lat' dir='ltr'><strong>Nisi</strong></span> <span class='ocrx_word' id='word_1_689' title='bbox 3324 3923 3467 3977; x_wconf 92' lang='lat' dir='ltr'><strong>enim</strong></span> <span class='ocrx_word' id='word_1_690' title='bbox 3501 3923 3574 3977; x_wconf 82' lang='lat' dir='ltr'><strong>ita</strong></span> 
     </span>
    </p>
   </div>
   <div class='ocr_carea' id='block_1_88' title="bbox 1995 4012 3571 4088">
    <p class='ocr_par' dir='ltr' id='par_1_88' title="bbox 1995 4012 3571 4088">
     <span class='ocr_line' id='line_1_88' title="bbox 1995 4012 3571 4088; baseline -0.003 -16"><span class='ocrx_word' id='word_1_691' title='bbox 1995 4024 2164 4082; x_wconf 83' lang='lat' dir='ltr'><strong>esset,</strong></span> <span class='ocrx_word' id='word_1_692' title='bbox 2189 4027 2364 4088; x_wconf 90' lang='lat' dir='ltr'><strong>utego</strong></span> <span class='ocrx_word' id='word_1_693' title='bbox 2390 4017 2526 4082; x_wconf 83' lang='lat' dir='ltr'><strong>dixi,</strong></span> <span class='ocrx_word' id='word_1_694' title='bbox 2546 4017 2770 4071; x_wconf 91' lang='lat' dir='ltr'><strong>omnino</strong></span> <span class='ocrx_word' id='word_1_695' title='bbox 2799 4032 2907 4070; x_wconf 93' lang='lat' dir='ltr'><strong>non</strong></span> <span class='ocrx_word' id='word_1_696' title='bbox 2930 4014 3228 4085; x_wconf 88' lang='lat' dir='ltr'><strong>ejiciendus</strong></span> <span class='ocrx_word' id='word_1_697' title='bbox 3254 4012 3351 4069; x_wconf 78' lang='lat' dir='ltr'><strong>fuit</strong></span> <span class='ocrx_word' id='word_1_698' title='bbox 3374 4013 3571 4079; x_wconf 82' lang='lat' dir='ltr'><strong>Adam,</strong></span> 
     </span>
    </p>
   </div>
   <div class='ocr_carea' id='block_1_89' title="bbox 1996 4097 3576 4180">
    <p class='ocr_par' dir='ltr' id='par_1_89' title="bbox 1996 4097 3576 4180">
     <span class='ocr_line' id='line_1_89' title="bbox 1996 4097 3576 4180; baseline -0.002 -16"><span class='ocrx_word' id='word_1_699' title='bbox 1996 4097 2090 4164; x_wconf 83' lang='lat' dir='ltr'><strong>sed</strong></span> <span class='ocrx_word' id='word_1_700' title='bbox 2112 4109 2225 4178; x_wconf 86' lang='lat' dir='ltr'><strong>ipsa</strong></span> <span class='ocrx_word' id='word_1_701' title='bbox 2253 4109 2469 4175; x_wconf 89' lang='lat' dir='ltr'><strong>mulier,</strong></span> <span class='ocrx_word' id='word_1_702' title='bbox 2492 4125 2615 4180; x_wconf 78' lang='lat' dir='ltr'><strong>quae</strong></span> <span class='ocrx_word' id='word_1_703' title='bbox 2634 4124 2855 4164; x_wconf 88' lang='lat' dir='ltr'><strong>manum</strong></span> <span class='ocrx_word' id='word_1_704' title='bbox 2884 4110 3057 4171; x_wconf 90' lang='lat' dir='ltr'><strong>misit,</strong></span> <span class='ocrx_word' id='word_1_705' title='bbox 3086 4124 3208 4179; x_wconf 77' lang='lat' dir='ltr'><strong>quae</strong></span> <span class='ocrx_word' id='word_1_706' title='bbox 3235 4107 3576 4162; x_wconf 76' lang='lat' dir='ltr'><strong>conﬁdenter</strong></span> 
     </span>
    </p>
   </div>
   <div class='ocr_carea' id='block_1_90' title="bbox 1997 4198 3570 4270">
    <p class='ocr_par' dir='ltr' id='par_1_90' title="bbox 1997 4198 3570 4270">
     <span class='ocr_line' id='line_1_90' title="bbox 1997 4198 3570 4270; baseline -0.001 -17"><span class='ocrx_word' id='word_1_707' title='bbox 1997 4200 2228 4268; x_wconf 90' lang='lat' dir='ltr'><strong>accepit,</strong></span> <span class='ocrx_word' id='word_1_708' title='bbox 2273 4215 2394 4270; x_wconf 59' lang='lat' dir='ltr'><strong>qua</strong></span> <span class='ocrx_word' id='word_1_709' title='bbox 2444 4199 2683 4254; x_wconf 87' lang='lat' dir='ltr'><strong>comedit</strong></span> <span class='ocrx_word' id='word_1_710' title='bbox 2734 4200 2906 4269; x_wconf 87' lang='lat' dir='ltr'><strong>prior,</strong></span> <span class='ocrx_word' id='word_1_711' title='bbox 2962 4199 3220 4268; x_wconf 89' lang='lat' dir='ltr'><strong>deditque</strong></span> <span class='ocrx_word' id='word_1_712' title='bbox 3269 4198 3388 4252; x_wconf 82' lang='lat' dir='ltr'><strong>viro</strong></span> <span class='ocrx_word' id='word_1_713' title='bbox 3447 4211 3570 4253; x_wconf 90' lang='lat' dir='ltr'><strong>suo.</strong></span> 
     </span>
    </p>
   </div>
   <div class='ocr_carea' id='block_1_91' title="bbox 1999 4290 3575 4361">
    <p class='ocr_par' dir='ltr' id='par_1_91' title="bbox 1999 4290 3575 4361">
     <span class='ocr_line' id='line_1_91' title="bbox 1999 4290 3575 4361; baseline -0.001 -18"><span class='ocrx_word' id='word_1_714' title='bbox 1999 4290 2139 4356; x_wconf 81' lang='lat' dir='ltr'><strong>Quin</strong></span> <span class='ocrx_word' id='word_1_715' title='bbox 2172 4291 2354 4361; x_wconf 84' lang='lat' dir='ltr'><strong>potius</strong></span> <span class='ocrx_word' id='word_1_716' title='bbox 2390 4292 2694 4361; x_wconf 89' lang='lat' dir='ltr'><strong>ejiciendus</strong></span> <span class='ocrx_word' id='word_1_717' title='bbox 2738 4291 2841 4345; x_wconf 83' lang='lat' dir='ltr'><strong>fuit</strong></span> <span class='ocrx_word' id='word_1_718' title='bbox 2877 4305 3102 4361; x_wconf 84' lang='lat' dir='ltr'><strong>serpens</strong></span> <span class='ocrx_word' id='word_1_719' title='bbox 3137 4290 3408 4351; x_wconf 85' lang='lat' dir='ltr'><strong>malorum</strong></span> <span class='ocrx_word' id='word_1_720' title='bbox 3453 4305 3575 4343; x_wconf 90' lang='lat' dir='ltr'><strong>om-</strong></span> 
     </span>
    </p>
   </div>
   <div class='ocr_carea' id='block_1_92' title="bbox 315 4372 1895 4455">
    <p class='ocr_par' dir='ltr' id='par_1_92' title="bbox 315 4372 1895 4453">
     <span class='ocr_line' id='line_1_92' title="bbox 315 4372 1895 4453; baseline 0.004 -25"><span class='ocrx_word' id='word_1_721' title='bbox 315 4372 475 4430; x_wconf 83' lang='grc' dir='ltr'>εἶπεν</span> <span class='ocrx_word' id='word_1_722' title='bbox 524 4379 553 4431; x_wconf 87' lang='lat'><strong>6</strong></span> <span class='ocrx_word' id='word_1_723' title='bbox 597 4381 970 4452; x_wconf 80' lang='grc' dir='ltr'>συγγραφεὺς,</span> <span class='ocrx_word' id='word_1_724' title='bbox 1001 4381 1061 4435; x_wconf 82' lang='grc' dir='ltr'>τὸ</span> <span class='ocrx_word' id='word_1_725' title='bbox 1084 4381 1193 4453; x_wconf 82' lang='grc' dir='ltr'><strong>γὰρ</strong></span> <span class='ocrx_word' id='word_1_726' title='bbox 1215 4380 1352 4447; x_wconf 87' lang='grc' dir='ltr'>νῦν,</span> <span class='ocrx_word' id='word_1_727' title='bbox 1372 4383 1606 4452; x_wconf 82' lang='grc' dir='ltr'>μήποτε,</span> <span class='ocrx_word' id='word_1_728' title='bbox 1639 4381 1688 4434; x_wconf 87' lang='grc' dir='ltr'><strong>εί</strong></span> <span class='ocrx_word' id='word_1_729' title='bbox 1720 4379 1776 4432; x_wconf 83' lang='grc' dir='ltr'>δὲ</span> <span class='ocrx_word' id='word_1_730' title='bbox 1819 4377 1895 4451; x_wconf 81' lang='grc' dir='ltr'>μὴ</span> 
     </span>
    </p>
   </div>
   <div class='ocr_carea' id='block_1_93' title="bbox 1994 4372 3577 4455">
    <p class='ocr_par' dir='ltr' id='par_1_93' title="bbox 2005 4379 3577 4455">
     <span class='ocr_line' id='line_1_93' title="bbox 2005 4379 3577 4455; baseline -0.003 -19"><span class='ocrx_word' id='word_1_731' title='bbox 2005 4383 2155 4437; x_wconf 91' lang='lat' dir='ltr'><strong>nium</strong></span> <span class='ocrx_word' id='word_1_732' title='bbox 2215 4384 2369 4455; x_wconf 89' lang='lat' dir='ltr'><strong>origo</strong></span> <span class='ocrx_word' id='word_1_733' title='bbox 2412 4394 2467 4439; x_wconf 90' lang='lat' dir='ltr'><strong>et</strong></span> <span class='ocrx_word' id='word_1_734' title='bbox 2514 4383 2656 4439; x_wconf 81' lang='lat' dir='ltr'><strong>fons.</strong></span> <span class='ocrx_word' id='word_1_735' title='bbox 2715 4381 2815 4437; x_wconf 83' lang='lat' dir='ltr'><strong>Hic</strong></span> <span class='ocrx_word' id='word_1_736' title='bbox 2860 4392 3042 4437; x_wconf 87' lang='lat' dir='ltr'><strong>autem</strong></span> <span class='ocrx_word' id='word_1_737' title='bbox 3088 4391 3281 4436; x_wconf 78' lang='lat' dir='ltr'><strong>contra</strong></span> <span class='ocrx_word' id='word_1_738' title='bbox 3328 4379 3577 4436; x_wconf 79' lang='lat' dir='ltr'><strong>evenisse</strong></span> 
     </span>
    </p>
   </div>
   <div class='ocr_carea' id='block_1_94' title="bbox 316 4465 1896 4547">
    <p class='ocr_par' dir='ltr' id='par_1_94' title="bbox 316 4465 1896 4547">
     <span class='ocr_line' id='line_1_94' title="bbox 316 4465 1896 4547; baseline 0.004 -29"><span class='ocrx_word' id='word_1_739' title='bbox 316 4465 492 4520; x_wconf 77' lang='grc' dir='ltr'>ταῦτα</span> <span class='ocrx_word' id='word_1_740' title='bbox 536 4466 706 4532; x_wconf 82' lang='grc' dir='ltr'>οὕτως</span> <span class='ocrx_word' id='word_1_741' title='bbox 756 4469 869 4547; x_wconf 79' lang='grc' dir='ltr'>ἔχει</span> <span class='ocrx_word' id='word_1_742' title='bbox 911 4471 987 4534; x_wconf 76' lang='grc' dir='ltr'>ὡς</span> <span class='ocrx_word' id='word_1_743' title='bbox 1014 4467 1189 4537; x_wconf 81' lang='grc' dir='ltr'>εἶπον,</span> <span class='ocrx_word' id='word_1_744' title='bbox 1217 4471 1318 4527; x_wconf 82' lang='grc' dir='ltr'><strong>οὐκ</strong></span> <span class='ocrx_word' id='word_1_745' title='bbox 1350 4471 1517 4543; x_wconf 81' lang='grc' dir='ltr'>ἐχρῆν</span> <span class='ocrx_word' id='word_1_746' title='bbox 1550 4471 1686 4535; x_wconf 81' lang='grc' dir='ltr'>ὅλως</span> <span class='ocrx_word' id='word_1_747' title='bbox 1720 4471 1896 4543; x_wconf 78' lang='grc' dir='ltr'>ἐξορι-</span> 
     </span>
    </p>
   </div>
   <div class='ocr_carea' id='block_1_95' title="bbox 319 4558 1897 4637">
    <p class='ocr_par' dir='ltr' id='par_1_95' title="bbox 319 4558 1897 4637">
     <span class='ocr_line' id='line_1_95' title="bbox 319 4558 1897 4637; baseline 0.005 -27"><span class='ocrx_word' id='word_1_748' title='bbox 319 4558 519 4629; x_wconf 77' lang='grc' dir='ltr'>σθῆναι</span> <span class='ocrx_word' id='word_1_749' title='bbox 543 4560 635 4614; x_wconf 86' lang='grc' dir='ltr'>τὸν</span> <span class='ocrx_word' id='word_1_750' title='bbox 655 4561 850 4631; x_wconf 78' lang='grc' dir='ltr'>Ἀδὰμ,</span> <span class='ocrx_word' id='word_1_751' title='bbox 882 4562 996 4616; x_wconf 83' lang='grc' dir='ltr'>ἀλλ’</span> <span class='ocrx_word' id='word_1_752' title='bbox 1018 4565 1188 4637; x_wconf 80' lang='grc' dir='ltr'>αὐτὴν</span> <span class='ocrx_word' id='word_1_753' title='bbox 1211 4567 1469 4634; x_wconf 73' lang='grc' dir='ltr'>γυναῖκα,</span> <span class='ocrx_word' id='word_1_754' title='bbox 1510 4563 1606 4636; x_wconf 85' lang='grc' dir='ltr'>τὴν</span> <span class='ocrx_word' id='word_1_755' title='bbox 1648 4563 1897 4618; x_wconf 71' lang='grc' dir='ltr'>ἐκτείνα-</span> 
     </span>
    </p>
   </div>
   <div class='ocr_carea' id='block_1_96' title="bbox 319 4652 1899 4727">
    <p class='ocr_par' dir='ltr' id='par_1_96' title="bbox 319 4652 1899 4727">
     <span class='ocr_line' id='line_1_96' title="bbox 319 4652 1899 4727; baseline 0.006 -25"><span class='ocrx_word' id='word_1_756' title='bbox 319 4666 445 4715; x_wconf 82' lang='grc' dir='ltr'>σαν,</span> <span class='ocrx_word' id='word_1_757' title='bbox 477 4652 571 4704; x_wconf 80' lang='grc' dir='ltr'><strong>καὶ</strong></span> <span class='ocrx_word' id='word_1_758' title='bbox 601 4653 1082 4725; x_wconf 82' lang='grc' dir='ltr'>ἀποτολμήσασαν,</span> <span class='ocrx_word' id='word_1_759' title='bbox 1108 4658 1203 4711; x_wconf 78' lang='grc' dir='ltr'><strong>καὶ</strong></span> <span class='ocrx_word' id='word_1_760' title='bbox 1236 4655 1529 4723; x_wconf 76' lang='grc' dir='ltr'>λαϐοῦσαν,</span> <span class='ocrx_word' id='word_1_761' title='bbox 1554 4656 1649 4711; x_wconf 77' lang='grc' dir='ltr'><strong>καὶ</strong></span> <span class='ocrx_word' id='word_1_762' title='bbox 1673 4655 1899 4727; x_wconf 81' lang='grc' dir='ltr'>πρώτην</span> 
     </span>
    </p>
   </div>
   <div class='ocr_carea' id='block_1_97' title="bbox 2004 4473 3576 4544">
    <p class='ocr_par' dir='ltr' id='par_1_97' title="bbox 2004 4473 3576 4544">
     <span class='ocr_line' id='line_1_97' title="bbox 2004 4473 3576 4544; baseline -0.003 -15"><span class='ocrx_word' id='word_1_763' title='bbox 2004 4474 2354 4529; x_wconf 79' lang='lat' dir='ltr'><strong>manifestum</strong></span> <span class='ocrx_word' id='word_1_764' title='bbox 2382 4488 2485 4541; x_wconf 86' lang='lat' dir='ltr'><strong>est,</strong></span> <span class='ocrx_word' id='word_1_765' title='bbox 2518 4476 2610 4530; x_wconf 85' lang='lat' dir='ltr'><strong>ubi</strong></span> <span class='ocrx_word' id='word_1_766' title='bbox 2645 4491 2752 4530; x_wconf 92' lang='lat' dir='ltr'><strong>non</strong></span> <span class='ocrx_word' id='word_1_767' title='bbox 2772 4476 2844 4529; x_wconf 87' lang='lat' dir='ltr'><strong>rei</strong></span> <span class='ocrx_word' id='word_1_768' title='bbox 2863 4474 2947 4528; x_wconf 84' lang='lat' dir='ltr'><strong>illi</strong></span> <span class='ocrx_word' id='word_1_769' title='bbox 2976 4475 3081 4529; x_wconf 87' lang='lat' dir='ltr'><strong>duo</strong></span> <span class='ocrx_word' id='word_1_770' title='bbox 3111 4474 3357 4544; x_wconf 75' lang='lat' dir='ltr'><strong>(15),sed</strong></span> <span class='ocrx_word' id='word_1_771' title='bbox 3387 4473 3576 4525; x_wconf 90' lang='lat' dir='ltr'><strong>insons</strong></span> 
     </span>
    </p>
   </div>
   <div class='ocr_carea' id='block_1_98' title="bbox 2005 4564 3575 4639">
    <p class='ocr_par' dir='ltr' id='par_1_98' title="bbox 2005 4564 3575 4639">
     <span class='ocr_line' id='line_1_98' title="bbox 2005 4564 3575 4639; baseline -0.004 -17"><span class='ocrx_word' id='word_1_772' title='bbox 2005 4580 2217 4623; x_wconf 86' lang='lat' dir='ltr'><strong>tantum</strong></span> <span class='ocrx_word' id='word_1_773' title='bbox 2276 4567 2513 4639; x_wconf 88' lang='lat' dir='ltr'><strong>ejicitur.</strong></span> <span class='ocrx_word' id='word_1_774' title='bbox 2555 4566 2741 4638; x_wconf 80' lang='lat' dir='ltr'><strong>Neque</strong></span> <span class='ocrx_word' id='word_1_775' title='bbox 2779 4582 2910 4624; x_wconf 87' lang='lat' dir='ltr'><strong>vero</strong></span> <span class='ocrx_word' id='word_1_776' title='bbox 2954 4568 3217 4637; x_wconf 90' lang='lat' dir='ltr'><strong>deceptus</strong></span> <span class='ocrx_word' id='word_1_777' title='bbox 3256 4574 3341 4619; x_wconf 92' lang='lat' dir='ltr'><strong>est</strong></span> <span class='ocrx_word' id='word_1_778' title='bbox 3380 4564 3575 4618; x_wconf 86' lang='lat' dir='ltr'><strong>Adam.</strong></span> 
     </span>
    </p>
   </div>
   <div class='ocr_carea' id='block_1_99' title="bbox 2011 4653 3577 4731">
    <p class='ocr_par' dir='ltr' id='par_1_99' title="bbox 2011 4653 3577 4731">
     <span class='ocr_line' id='line_1_99' title="bbox 2011 4653 3577 4731; baseline -0.004 -18"><span class='ocrx_word' id='word_1_779' title='bbox 2011 4658 2301 4730; x_wconf 86' lang='lat' dir='ltr'><strong>Nunquam</strong></span> <span class='ocrx_word' id='word_1_780' title='bbox 2344 4660 2484 4713; x_wconf 80' lang='lat' dir='ltr'><strong>enim</strong></span> <span class='ocrx_word' id='word_1_781' title='bbox 2532 4659 2664 4713; x_wconf 91' lang='lat' dir='ltr'><strong>illud</strong></span> <span class='ocrx_word' id='word_1_782' title='bbox 2699 4659 2810 4731; x_wconf 81' lang='grc'><strong>(16)</strong></span> <span class='ocrx_word' id='word_1_783' title='bbox 2851 4659 2918 4713; x_wconf 91' lang='lat' dir='ltr'><strong>de</strong></span> <span class='ocrx_word' id='word_1_784' title='bbox 2966 4659 3187 4713; x_wconf 85' lang='lat' dir='ltr'><strong>Christo</strong></span> <span class='ocrx_word' id='word_1_785' title='bbox 3236 4653 3577 4724; x_wconf 85' lang='lat' dir='ltr'><strong>impeccabili</strong></span> 
     </span>
    </p>
   </div>
   <div class='ocr_carea' id='block_1_100' title="bbox 319 4741 1895 4824">
    <p class='ocr_par' dir='ltr' id='par_1_100' title="bbox 319 4741 1895 4820">
     <span class='ocr_line' id='line_1_100' title="bbox 319 4741 1895 4820; baseline 0.004 -24"><span class='ocrx_word' id='word_1_786' title='bbox 319 4741 626 4810; x_wconf 78' lang='grc' dir='ltr'>φαγοῦσαν,</span> <span class='ocrx_word' id='word_1_787' title='bbox 673 4747 770 4799; x_wconf 78' lang='grc' dir='ltr'><strong>καὶ</strong></span> <span class='ocrx_word' id='word_1_788' title='bbox 811 4747 890 4817; x_wconf 81' lang='grc' dir='ltr'>τῷ</span> <span class='ocrx_word' id='word_1_789' title='bbox 933 4746 1088 4819; x_wconf 75' lang='grc' dir='ltr'>ἀνδρὶ</span> <span class='ocrx_word' id='word_1_790' title='bbox 1141 4747 1547 4819; x_wconf 80' lang='grc' dir='ltr'>μεταδιδοῦσαν,</span> <span class='ocrx_word' id='word_1_791' title='bbox 1597 4749 1796 4820; x_wconf 84' lang='grc' dir='ltr'>μᾶλλον</span> <span class='ocrx_word' id='word_1_792' title='bbox 1843 4747 1895 4802; x_wconf 75' lang='grc' dir='ltr'>δὲ</span> 
     </span>
    </p>
   </div>
   <div class='ocr_carea' id='block_1_101' title="bbox 1994 4741 3581 4824">
    <p class='ocr_par' dir='ltr' id='par_1_101' title="bbox 2008 4751 3581 4824">
     <span class='ocr_line' id='line_1_101' title="bbox 2008 4751 3581 4824; baseline -0.006 -14"><span class='ocrx_word' id='word_1_793' title='bbox 2008 4755 2255 4810; x_wconf 87' lang='lat' dir='ltr'><strong>desinam</strong></span> <span class='ocrx_word' id='word_1_794' title='bbox 2313 4762 2619 4810; x_wconf 81' lang='lat' dir='ltr'><strong>oceentare.</strong></span> <span class='ocrx_word' id='word_1_795' title='bbox 2676 4752 2847 4824; x_wconf 88' lang='lat' dir='ltr'><strong>Igitur</strong></span> <span class='ocrx_word' id='word_1_796' title='bbox 2903 4751 2949 4807; x_wconf 87' lang='lat' dir='ltr'><strong>si</strong></span> <span class='ocrx_word' id='word_1_797' title='bbox 3012 4768 3119 4807; x_wconf 90' lang='lat' dir='ltr'><strong>non</strong></span> <span class='ocrx_word' id='word_1_798' title='bbox 3176 4751 3439 4819; x_wconf 87' lang='lat' dir='ltr'><strong>deceptus</strong></span> <span class='ocrx_word' id='word_1_799' title='bbox 3496 4757 3581 4802; x_wconf 86' lang='lat' dir='ltr'><strong>est</strong></span> 
     </span>
    </p>
   </div>
   <div class='ocr_carea' id='block_1_102' title="bbox 320 4833 1895 4915">
    <p class='ocr_par' dir='ltr' id='par_1_102' title="bbox 320 4833 1895 4910">
     <span class='ocr_line' id='line_1_102' title="bbox 320 4833 1895 4910; baseline 0.006 -24"><span class='ocrx_word' id='word_1_800' title='bbox 320 4833 575 4890; x_wconf 75' lang='grc' dir='ltr'>ἐκϐαλεῖν</span> <span class='ocrx_word' id='word_1_801' title='bbox 627 4838 797 4909; x_wconf 70' lang='grc' dir='ltr'>ἐχρῆν</span> <span class='ocrx_word' id='word_1_802' title='bbox 842 4839 948 4910; x_wconf 84' lang='grc' dir='ltr'>πρὸ</span> <span class='ocrx_word' id='word_1_803' title='bbox 990 4840 1196 4910; x_wconf 83' lang='grc' dir='ltr'>ταύτης</span> <span class='ocrx_word' id='word_1_804' title='bbox 1222 4841 1314 4894; x_wconf 78' lang='grc' dir='ltr'>τὸν</span> <span class='ocrx_word' id='word_1_805' title='bbox 1346 4843 1519 4895; x_wconf 88' lang='grc' dir='ltr'>αίτιον</span> <span class='ocrx_word' id='word_1_806' title='bbox 1548 4843 1767 4897; x_wconf 79' lang='grc' dir='ltr'>πάντων</span> <span class='ocrx_word' id='word_1_807' title='bbox 1792 4840 1895 4896; x_wconf 77' lang='grc' dir='ltr'><strong>τῶν</strong></span> 
     </span>
    </p>
   </div>
   <div class='ocr_carea' id='block_1_103' title="bbox 1994 4833 3576 4915">
    <p class='ocr_par' dir='ltr' id='par_1_103' title="bbox 2009 4837 3576 4915">
     <span class='ocr_line' id='line_1_103' title="bbox 2009 4837 3576 4915; baseline -0.006 -16"><span class='ocrx_word' id='word_1_808' title='bbox 2009 4860 2186 4915; x_wconf 87' lang='lat' dir='ltr'><strong>neque</strong></span> <span class='ocrx_word' id='word_1_809' title='bbox 2254 4844 2418 4901; x_wconf 85' lang='lat' dir='ltr'><strong>etiam</strong></span> <span class='ocrx_word' id='word_1_810' title='bbox 2474 4844 2718 4914; x_wconf 77' lang='lat' dir='ltr'><strong>deiectus</strong></span> <span class='ocrx_word' id='word_1_811' title='bbox 2782 4844 2907 4899; x_wconf 80' lang='lat' dir='ltr'><strong>fuit.</strong></span> <span class='ocrx_word' id='word_1_812' title='bbox 2965 4841 3090 4897; x_wconf 84' lang='lat' dir='ltr'><strong>Non</strong></span> <span class='ocrx_word' id='word_1_813' title='bbox 3123 4842 3265 4903; x_wconf 80' lang='lat' dir='ltr'><strong>enim</strong></span> <span class='ocrx_word' id='word_1_814' title='bbox 3322 4837 3576 4896; x_wconf 86' lang='lat' dir='ltr'><strong>exsilium</strong></span> 
     </span>
    </p>
   </div>
   <div class='ocr_carea' id='block_1_104' title="bbox 405 5002 1377 5087">
    <p class='ocr_par' dir='ltr' id='par_1_104' title="bbox 405 5002 1377 5087">
     <span class='ocr_line' id='line_1_104' title="bbox 405 5002 1377 5087; baseline 0.009 -19"><span class='ocrx_word' id='word_1_815' title='bbox 405 5014 434 5054; x_wconf 76' lang='grc'><strong><em>⁸</em></strong></span> <span class='ocrx_word' id='word_1_816' title='bbox 465 5012 620 5072; x_wconf 84' lang='lat' dir='ltr'><strong>Joan.</strong></span> <span class='ocrx_word' id='word_1_817' title='bbox 657 5033 735 5081; x_wconf 79' lang='lat' dir='ltr'><strong>vr,</strong></span> <span class='ocrx_word' id='word_1_818' title='bbox 770 5018 864 5074; x_wconf 75' lang='lat'><strong>52.</strong></span> <span class='ocrx_word' id='word_1_819' title='bbox 938 5022 968 5063; x_wconf 76' lang='grc' dir='ltr'>Ιι</span> <span class='ocrx_word' id='word_1_820' title='bbox 998 5002 1136 5078; x_wconf 58' lang='grc' dir='ltr'>Όειι.</span> <span class='ocrx_word' id='word_1_821' title='bbox 1176 5039 1258 5087; x_wconf 88' lang='grc' dir='ltr'>ιιι,</span> <span class='ocrx_word' id='word_1_822' title='bbox 1284 5006 1377 5080; x_wconf 74' lang='grc' dir='ltr'><strong>23.Δ</strong></span> 
     </span>
    </p>
   </div>
   <div class='ocr_carea' id='block_1_105' title="bbox 1843 5164 2073 5222">
    <p class='ocr_par' dir='ltr' id='par_1_105' title="bbox 1843 5164 2073 5222">
     <span class='ocr_line' id='line_1_105' title="bbox 1843 5164 2073 5222; baseline 0.004 -3"><span class='ocrx_word' id='word_1_823' title='bbox 1843 5164 2073 5222; x_wconf 74' lang='grc' dir='ltr'><strong>ΝΟΤιΕ.</strong></span> 
     </span>
    </p>
   </div>
   <div class='ocr_carea' id='block_1_106' title="bbox 402 5234 1895 5346">
    <p class='ocr_par' dir='ltr' id='par_1_106' title="bbox 402 5262 1895 5346">
     <span class='ocr_line' id='line_1_106' title="bbox 402 5262 1895 5346; baseline 0.005 -29"><span class='ocrx_word' id='word_1_824' title='bbox 402 5265 518 5334; x_wconf 75' lang='grc'><strong>(14)</strong></span> <span class='ocrx_word' id='word_1_825' title='bbox 547 5262 653 5320; x_wconf 85' lang='lat' dir='ltr'><strong>Pro</strong></span> <span class='ocrx_word' id='word_1_826' title='bbox 674 5274 729 5320; x_wconf 83' lang='lat' dir='ltr'><strong>et</strong></span> <span class='ocrx_word' id='word_1_827' title='bbox 756 5283 895 5321; x_wconf 80' lang='lat' dir='ltr'><strong>nunc</strong></span> <span class='ocrx_word' id='word_1_828' title='bbox 931 5284 1073 5339; x_wconf 86' lang='lat' dir='ltr'><strong>ergo.</strong></span> <span class='ocrx_word' id='word_1_829' title='bbox 1107 5271 1277 5346; x_wconf 61' lang='lat' dir='ltr'><strong>Totus</strong></span> <span class='ocrx_word' id='word_1_830' title='bbox 1311 5271 1396 5346; x_wconf 79' lang='lat' dir='ltr'><strong>ltic</strong></span> <span class='ocrx_word' id='word_1_831' title='bbox 1418 5270 1895 5346; x_wconf 45' lang='lat' dir='ltr'><strong>locusitedecorf</strong></span> 
     </span>
    </p>
   </div>
   <div class='ocr_carea' id='block_1_107' title="bbox 1994 5234 2814 5346">
    <p class='ocr_par' dir='ltr' id='par_1_107' title="bbox 2004 5234 2814 5346">
     <span class='ocr_line' id='line_1_107' title="bbox 2004 5234 2814 5346; baseline -0.005 -16"><span class='ocrx_word' id='word_1_832' title='bbox 2004 5274 2127 5337; x_wconf 80' lang='grc' dir='ltr'>τίας</span> <span class='ocrx_word' id='word_1_833' title='bbox 2160 5276 2233 5346; x_wconf 77' lang='grc' dir='ltr'>μὴ</span> <span class='ocrx_word' id='word_1_834' title='bbox 2263 5234 2684 5345; x_wconf 77' lang='grc' dir='ltr'>ἐξωρισμένους,</span> <span class='ocrx_word' id='word_1_835' title='bbox 2708 5284 2814 5327; x_wconf 82' lang='lat' dir='ltr'><strong>etc.</strong></span> 
     </span>
    </p>
   </div>
   <div class='ocr_carea' id='block_1_108' title="bbox 330 5341 1904 5406">
    <p class='ocr_par' dir='ltr' id='par_1_108' title="bbox 330 5341 1904 5406">
     <span class='ocr_line' id='line_1_108' title="bbox 330 5341 1904 5406; baseline 0.004 -17"><span class='ocrx_word' id='word_1_836' title='bbox 330 5346 552 5406; x_wconf 84' lang='lat' dir='ltr'><strong>ruptus,</strong></span> <span class='ocrx_word' id='word_1_837' title='bbox 585 5352 756 5406; x_wconf 84' lang='lat' dir='ltr'><strong>quare</strong></span> <span class='ocrx_word' id='word_1_838' title='bbox 789 5347 996 5391; x_wconf 88' lang='lat' dir='ltr'><strong>certum</strong></span> <span class='ocrx_word' id='word_1_839' title='bbox 1025 5352 1109 5393; x_wconf 76' lang='lat' dir='ltr'><strong>cst</strong></span> <span class='ocrx_word' id='word_1_840' title='bbox 1139 5341 1208 5394; x_wconf 86' lang='lat' dir='ltr'><strong>ita</strong></span> <span class='ocrx_word' id='word_1_841' title='bbox 1238 5341 1437 5393; x_wconf 77' lang='lat' dir='ltr'><strong>dein-re</strong></span> <span class='ocrx_word' id='word_1_842' title='bbox 1473 5341 1711 5406; x_wconf 88' lang='lat' dir='ltr'><strong>restitui,</strong></span> <span class='ocrx_word' id='word_1_843' title='bbox 1756 5342 1904 5395; x_wconf 78' lang='grc' dir='ltr'>Ἀντὶ</span> 
     </span>
    </p>
   </div>
   <div class='ocr_carea' id='block_1_109' title="bbox 326 5405 1902 5478">
    <p class='ocr_par' dir='ltr' id='par_1_109' title="bbox 326 5405 1902 5478">
     <span class='ocr_line' id='line_1_109' title="bbox 326 5405 1902 5478; baseline 0.006 -22"><span class='ocrx_word' id='word_1_844' title='bbox 326 5405 429 5478; x_wconf 67' lang='grc' dir='ltr'>τοῦ</span> <span class='ocrx_word' id='word_1_845' title='bbox 455 5405 649 5478; x_wconf 67' lang='grc' dir='ltr'>εἰπεῖν,</span> <span class='ocrx_word' id='word_1_846' title='bbox 684 5408 795 5461; x_wconf 83' lang='lat' dir='ltr'><strong>Kal</strong></span> <span class='ocrx_word' id='word_1_847' title='bbox 828 5408 947 5461; x_wconf 83' lang='grc' dir='ltr'>νῦν</span> <span class='ocrx_word' id='word_1_848' title='bbox 974 5410 1140 5464; x_wconf 82' lang='grc' dir='ltr'>οὔπω</span> <span class='ocrx_word' id='word_1_849' title='bbox 1165 5412 1368 5478; x_wconf 78' lang='grc' dir='ltr'>καιρὸς</span> <span class='ocrx_word' id='word_1_850' title='bbox 1419 5411 1521 5462; x_wconf 84' lang='grc' dir='ltr'>ἵνα</span> <span class='ocrx_word' id='word_1_851' title='bbox 1576 5405 1735 5478; x_wconf 62' lang='lat' dir='ltr'><strong>Socim</strong></span> <span class='ocrx_word' id='word_1_852' title='bbox 1795 5414 1902 5465; x_wconf 87' lang='grc' dir='ltr'>τοῦ</span> 
     </span>
    </p>
   </div>
   <div class='ocr_carea' id='block_1_110' title="bbox 328 5473 1888 5614">
    <p class='ocr_par' dir='ltr' id='par_1_110' title="bbox 328 5473 1888 5614">
     <span class='ocr_line' id='line_1_110' title="bbox 328 5473 1888 5614; baseline 0.004 -85"><span class='ocrx_word' id='word_1_853' title='bbox 328 5473 736 5614; x_wconf 48' lang='grc' dir='ltr'>ξῖὂέἕῖἠείπεν</span> <span class='ocrx_word' id='word_1_854' title='bbox 764 5480 793 5532; x_wconf 89' lang='lat'><strong>6</strong></span> <span class='ocrx_word' id='word_1_855' title='bbox 820 5482 1171 5551; x_wconf 79' lang='grc' dir='ltr'>συγγραφεὺς</span> <span class='ocrx_word' id='word_1_856' title='bbox 1206 5473 1286 5547; x_wconf 64' lang='grc' dir='ltr'>τε,</span> <span class='ocrx_word' id='word_1_857' title='bbox 1349 5473 1452 5535; x_wconf 66' lang='grc' dir='ltr'><strong>Καὶ</strong></span> <span class='ocrx_word' id='word_1_858' title='bbox 1489 5473 1606 5537; x_wconf 68' lang='grc' dir='ltr'>νῦν</span> <span class='ocrx_word' id='word_1_859' title='bbox 1625 5473 1888 5550; x_wconf 55' lang='grc' dir='ltr'>μήποτε-⁸</span> 
     </span>
    </p>
   </div>
   <div class='ocr_carea' id='block_1_111' title="bbox 408 5614 1871 5694">
    <p class='ocr_par' dir='ltr' id='par_1_111' title="bbox 408 5614 1871 5694">
     <span class='ocr_line' id='line_1_111' title="bbox 408 5614 1871 5694; baseline 0.004 -25"><span class='ocrx_word' id='word_1_860' title='bbox 408 5615 456 5685; x_wconf 80' lang='lat' dir='ltr'><strong>(i</strong></span> <span class='ocrx_word' id='word_1_861' title='bbox 469 5614 526 5685; x_wconf 84' lang='lat'><strong>5)</strong></span> <span class='ocrx_word' id='word_1_862' title='bbox 557 5615 654 5671; x_wconf 85' lang='lat' dir='ltr'><strong>Rei</strong></span> <span class='ocrx_word' id='word_1_863' title='bbox 678 5617 761 5671; x_wconf 80' lang='lat' dir='ltr'><strong>illi</strong></span> <span class='ocrx_word' id='word_1_864' title='bbox 791 5620 911 5675; x_wconf 84' lang='lat' dir='ltr'><strong>duo.</strong></span> <span class='ocrx_word' id='word_1_865' title='bbox 944 5619 1084 5689; x_wconf 85' lang='lat' dir='ltr'><strong>Lege</strong></span> <span class='ocrx_word' id='word_1_866' title='bbox 1106 5622 1232 5685; x_wconf 78' lang='grc' dir='ltr'>τοὺς</span> <span class='ocrx_word' id='word_1_867' title='bbox 1257 5621 1349 5675; x_wconf 79' lang='grc' dir='ltr'><strong>δύο</strong></span> <span class='ocrx_word' id='word_1_868' title='bbox 1366 5623 1573 5686; x_wconf 82' lang='grc' dir='ltr'>αἰτίους</span> <span class='ocrx_word' id='word_1_869' title='bbox 1589 5622 1688 5694; x_wconf 81' lang='grc' dir='ltr'><strong>τῆς</strong></span> <span class='ocrx_word' id='word_1_870' title='bbox 1717 5622 1871 5694; x_wconf 81' lang='grc' dir='ltr'>ἁμαρ</span> 
     </span>
    </p>
   </div>
   <div class='ocr_carea' id='block_1_112' title="bbox 2080 5339 3579 5417">
    <p class='ocr_par' dir='ltr' id='par_1_112' title="bbox 2080 5339 3579 5417">
     <span class='ocr_line' id='line_1_112' title="bbox 2080 5339 3579 5417; baseline -0.006 -18"><span class='ocrx_word' id='word_1_871' title='bbox 2080 5339 2193 5415; x_wconf 74' lang='lat'><strong>(16)</strong></span> <span class='ocrx_word' id='word_1_872' title='bbox 2223 5339 2519 5417; x_wconf 69' lang='lat' dir='ltr'><strong>Nunquam</strong></span> <span class='ocrx_word' id='word_1_873' title='bbox 2555 5345 2709 5417; x_wconf 67' lang='lat' dir='ltr'><strong>illud.</strong></span> <span class='ocrx_word' id='word_1_874' title='bbox 2743 5353 2850 5399; x_wconf 88' lang='lat' dir='ltr'><strong>etc.</strong></span> <span class='ocrx_word' id='word_1_875' title='bbox 2881 5339 3294 5417; x_wconf 54' lang='lat' dir='ltr'><strong>liendosissimtt</strong></span> <span class='ocrx_word' id='word_1_876' title='bbox 3334 5348 3419 5392; x_wconf 89' lang='lat' dir='ltr'><strong>est</strong></span> <span class='ocrx_word' id='word_1_877' title='bbox 3446 5339 3579 5417; x_wconf 63' lang='lat' dir='ltr'><strong>scri-</strong></span> 
     </span>
    </p>
   </div>
   <div class='ocr_carea' id='block_1_113' title="bbox 2043 5409 3578 5483">
    <p class='ocr_par' dir='ltr' id='par_1_113' title="bbox 2043 5409 3578 5483">
     <span class='ocr_line' id='line_1_113' title="bbox 2043 5409 3578 5483; baseline -0.007 -15"><span class='ocrx_word' id='word_1_878' title='bbox 2043 5409 2099 5470; x_wconf 57' lang='grc' dir='ltr'><strong>ια</strong></span> <span class='ocrx_word' id='word_1_879' title='bbox 2132 5417 2329 5471; x_wconf 86' lang='lat' dir='ltr'><strong>lectio:</strong></span> <span class='ocrx_word' id='word_1_880' title='bbox 2361 5409 2589 5470; x_wconf 78' lang='lat' dir='ltr'><strong>emenda</strong></span> <span class='ocrx_word' id='word_1_881' title='bbox 2623 5415 2785 5483; x_wconf 80' lang='lat' dir='ltr'><strong>igitur</strong></span> <span class='ocrx_word' id='word_1_882' title='bbox 2817 5432 2830 5467; x_wconf 90' lang='lat'><strong>:</strong></span> <span class='ocrx_word' id='word_1_883' title='bbox 2868 5414 2940 5466; x_wconf 78' lang='grc' dir='ltr'><strong>Οὐ</strong></span> <span class='ocrx_word' id='word_1_884' title='bbox 2977 5413 3085 5480; x_wconf 83' lang='grc' dir='ltr'><strong>γὰρ</strong></span> <span class='ocrx_word' id='word_1_885' title='bbox 3113 5409 3396 5483; x_wconf 78' lang='grc' dir='ltr'>παύσομαι</span> <span class='ocrx_word' id='word_1_886' title='bbox 3444 5410 3578 5483; x_wconf 72' lang='grc' dir='ltr'>τῆσ-</span> 
     </span>
    </p>
   </div>
   <div class='ocr_carea' id='block_1_114' title="bbox 2033 5475 3579 5574">
    <p class='ocr_par' dir='ltr' id='par_1_114' title="bbox 2033 5475 3579 5574">
     <span class='ocr_line' id='line_1_114' title="bbox 2033 5475 3579 5574; baseline -0.005 -38"><span class='ocrx_word' id='word_1_887' title='bbox 2033 5500 2059 5536; x_wconf 85' lang='grc' dir='ltr'><strong>ε</strong></span> <span class='ocrx_word' id='word_1_888' title='bbox 2089 5486 2277 5574; x_wconf 36' lang='grc' dir='ltr'>φθωνῆς</span> <span class='ocrx_word' id='word_1_889' title='bbox 2332 5486 2438 5540; x_wconf 81' lang='grc' dir='ltr'><strong>ὑπὸ</strong></span> <span class='ocrx_word' id='word_1_890' title='bbox 2478 5475 2714 5557; x_wconf 72' lang='grc' dir='ltr'>Χριστοῦ</span> <span class='ocrx_word' id='word_1_891' title='bbox 2765 5484 2858 5537; x_wconf 76' lang='grc' dir='ltr'>τοῦ</span> <span class='ocrx_word' id='word_1_892' title='bbox 2924 5475 3316 5550; x_wconf 68' lang='grc' dir='ltr'>ἀναμαρτήτου</span> <span class='ocrx_word' id='word_1_893' title='bbox 3368 5475 3579 5547; x_wconf 76' lang='grc' dir='ltr'>ταύτην</span> 
     </span>
    </p>
   </div>
   <div class='ocr_carea' id='block_1_115' title="bbox 2000 5571 2307 5626">
    <p class='ocr_par' dir='ltr' id='par_1_115' title="bbox 2000 5571 2307 5626">
     <span class='ocr_line' id='line_1_115' title="bbox 2000 5571 2307 5626; baseline 0.01 -19"><span class='ocrx_word' id='word_1_894' title='bbox 2000 5571 2069 5626; x_wconf 90' lang='grc' dir='ltr'>κη</span> <span class='ocrx_word' id='word_1_895' title='bbox 2080 5571 2307 5624; x_wconf 84' lang='grc' dir='ltr'>ρυττων.</span> 
     </span>
    </p>
   </div>
  </div>
