4056 6148
333 197 466 265 1061

1447 197 1529 259 ΙΝ
1553 191 2078 257 ΙΙΕΧΑΕΜΕΒΟΝ
2133 190 2279 250 LIB.
2338 189 2479 248 XII.

3437 175 3589 241 1062

321 316 494 383 δόξων
522 310 869 384 πραγμάτων
919 311 949 362 6
990 308 1147 377 λόγος
1191 306 1362 373 ἔστὶν,
1397 304 1459 370 ἐξ
1484 308 1684 378 ἐτέρων
1720 308 1826 359 τῶν
1858 306 1915 358 ὲν

2027 317 2180 373 gnam
2208 316 2315 355 non
2340 300 2572 354 exit-isse
2595 298 2854 353 animalia
2880 299 2990 354 illa.
3025 298 3140 355 Una
3172 316 3297 356 cum
3327 301 3582 359 Noeaute

324 409 392 478 τῇ
424 407 618 476 Γραφῇ
648 402 985 474 ἐγκειμένων
1012 401 1221 471 ἐλέγχω
1243 400 1404 453 πάλιν
1427 399 1516 453 τὸν
1533 399 1803 461 Ἰουδαῖον,
1824 398 1911 450 ὅτι

324 501 429 555 οὐκ
457 498 681 570 ἐξῆλθον
713 496 785 549 τὰ
813 496 980 565 θηρία
1008 493 1201 548 ταῦτα.
1240 491 1501 563 Είσῆλθον
1536 493 1633 544 σὺν
1660 491 1738 561 τῷ
1765 490 1909 553 Νῶε,

326 591 493 644 πάλιν
528 589 677 656 λέγει
697 629 711 652 ,
741 586 849 656 πρὸ
875 584 968 639 τοῦ
1002 582 1389 652 κατακλυσμοῦ
1418 584 1475 635 ἐν
1504 585 1567 652 τῇ
1600 580 1817 650 κιϐωτῷ
1846 579 1915 632 τά

326 679 493 751 θηρία
528 680 623 732 καὶ
670 676 738 729 τὰ
789 677 994 745 κτήνη·
1043 675 1137 727 καὶ
1187 673 1493 742 γέγραπται
1533 672 1627 724 καὶ
1669 673 1701 742 ή
1740 670 1914 734 ἔξοδος

326 770 508 824 αὐτῶν
563 768 660 821 σὺν
713 766 896 834 αὐτῷ’
929 767 1021 818 καὶ
1055 762 1477 836 ἀριθμὸςςέτέθη
1529 762 1668 832 μετά
1717 762 1917 829 πολλῆς

326 864 426 932 τῆς
465 860 770 932 ἀκριϐείας.
788 859 1023 928 Ὁμοίως
1071 858 1166 911 καὶ
1216 858 1317 928 τὴν
1366 856 1543 921 ἔξοδον
1569 857 1677 909 τῶν
1704 855 1918 925 κτηνῶν

327 955 422 1009 τοῦ
446 953 701 1023 Ἀϐραάμ
734 952 826 1004 καὶ
854 951 948 1004 τοῦ
980 949 1103 1003 Λώτ
1121 964 1136 978 ⁸
1172 948 1267 1002 καὶ
1299 949 1533 1016 μάλιστα
1566 950 1667 1017 τὴν
1695 946 1789 1001 τοῦ
1813 948 1920 1000 Ἰα-

331 1046 447 1101 κὼϐ
473 1047 741 1115 διηγεῖται
778 1046 906 1114 ἡμῖν
945 1044 978 1112 ἡ
1005 1041 1123 1095 θεία
1158 1040 1347 1112 Γραφὴ
1389 1043 1452 1094 ὲκ
1493 1039 1919 1108 Μεσοποταμίας

329 1136 633 1207 γενομένην
653 1151 667 1165 ·
699 1137 760 1188 ού
800 1135 959 1205 μόνον
989 1134 1065 1199 δὲ,
1096 1134 1233 1187 ἀλλὰ
1258 1136 1353 1187 καὶ
1380 1134 1477 1204 τὴν
1510 1135 1746 1204 ἄμετρον
1779 1118 1919 1204 πλη-

331 1229 430 1282 θὺν
458 1228 573 1280 τῶν
611 1228 765 1293 ζώων
806 1228 917 1280 τῶν
961 1228 1056 1281 σὺν
1083 1227 1159 1297 τῷ
1186 1227 1397 1299 Ἰσραὴλ
1431 1227 1488 1293 ἐξ
1530 1226 1803 1295 Αἰγύπτου
1836 1225 1922 1290 ἐξ·

332 1316 619 1371 ελθόντων.
650 1319 760 1371 Καὶ
806 1318 924 1380 πῶς
976 1317 1197 1382 λοιπὸν,
1239 1319 1361 1371 είπέ
1421 1334 1532 1386 μοι,
1564 1317 1768 1370 τούτων
1813 1300 1921 1369 τῶν

332 1410 678 1463 θεοπλάστων
699 1410 904 1481 θηρίων
935 1414 1028 1463 καὶ
1052 1404 1228 1473 ζώων,
1257 1410 1316 1462 οὐ
1350 1411 1491 1463 κατά
1520 1408 1819 1479 πρόσταξιν
1843 1407 1919 1470 ὡς

330 1503 401 1554 τὰ
425 1500 588 1553 λοιπᾶ
624 1501 739 1566 ζῶα
772 1502 1107 1570 γεγονότων,
1141 1502 1256 1554 ἀλλ’
1287 1502 1620 1573 αὐτοχείρως
1647 1501 1751 1554 ὑπὸ
1787 1499 1922 1552 Θεοῦ

330 1589 684 1654 κτισθέντων,
717 1591 749 1661 ἡ
785 1590 882 1660 μὲν
926 1592 983 1642 ἐν
1022 1590 1334 1660 παραδείσῳ
1365 1588 1566 1650 εἴσοδος
1596 1589 1922 1655 γέγραπται,

2011 394 2299 459 diluvium,
2319 393 2517 461 saepius
2531 390 2675 445 enim
2697 392 2825 445 illud
2842 393 3051 461 oggerit
3069 392 3368 462 Scriptura,
3384 396 3594 451 anima-

2013 491 2084 544 lia
2114 489 2432 555 etjutnenta
2459 490 2702 557 ingressa
2726 497 2853 542 sunt
2880 489 2931 540 in
2963 503 3172 551 arcam,
3193 490 3467 559 simulque
3500 492 3598 545 de-

2015 583 2271 638 scribitur
2286 597 2472 635 corum
2496 583 2914 651 ingressuseum
2934 580 3065 643 Noe,
3086 582 3409 636 eornmdem
3430 584 3597 637 etiam

2016 690 2276 729 numerus
2298 682 2551 728 accurate
2571 674 2779 743 positus
2796 683 2898 728 est.
2919 675 3009 727 Sic
3026 685 3080 727 et
3102 676 3307 728 exitum
3323 676 3600 743 jumento-

2017 784 2138 822 rum
2158 767 2389 821 Abrahae
2407 776 2462 820 et
2480 767 2849 835 jumentorutn
2875 766 2993 830 Lot,
3016 784 3392 837 prtempueque
3408 766 3601 823 Jacobi

2018 874 2081 913 ex
2109 858 2496 927 Mesopotamia
2543 858 2845 913 discessum
2875 859 3032 911 nobis
3061 869 3247 912 narrat
3292 858 3599 929 Scriptura,

2022 966 2197 1020 neque
2233 951 2284 1005 id
2315 959 2547 1016 tantum,
2574 954 2669 1004 sed
2700 950 3096 1003 etimmensam
3137 952 3454 1005 animalium
3479 967 3601 1022 qua

2016 1057 2083 1096 ex
2110 1040 2345 1111 Egypto
2390 1041 2812 1094 rxivernntcntn
2842 1039 3040 1095 lsraele
3067 1042 3468 1096 multitudinem
3502 1058 3601 1110 po.

2023 1134 2123 1187 uit.
2158 1138 2224 1188 At
2260 1135 2354 1204 qui
2399 1135 2512 1188 lieri
2554 1136 2751 1202 potuit,
2788 1135 3129 1203 dic,qu:eso,
3166 1143 3224 1188 ut
3255 1136 3596 1204 reliquorum

2023 1226 2252 1280 istorum
2284 1226 2602 1279 animalium
2633 1226 3110 1294 etjumentorum,
3144 1242 3267 1295 qua:
3303 1242 3409 1279 non
3436 1227 3600 1295 jussu

2023 1315 2120 1371 Dei
2154 1327 2212 1371 ut
2232 1319 2415 1371 omnia
2454 1320 2561 1371 alia
2585 1318 2908 1383 animantia,
2935 1318 3029 1371 sed
3057 1319 3125 1370 ab
3151 1318 3282 1385 ipsis
3298 1318 3418 1386 ejus
3454 1317 3631 1370 mani-

2023 1408 2126 1462 bus
2155 1407 2388 1461 formata
2413 1420 2540 1461 sunt
2563 1417 2617 1461 et
2647 1408 2845 1471 eﬂicta,
2873 1409 2923 1460 in
2969 1408 3284 1476 paradisum
3315 1408 3601 1478 ingressus
3705 1394 3711 1399 ’

2024 1509 2507 1561 commemoretur,
2536 1507 2590 1551 et
2615 1499 2843 1552 omnino
2879 1508 3122 1552 taceatur
3154 1499 3379 1553 exitus?
3418 1497 3602 1553 Terri-

2026 1588 2156 1642 bilis
2181 1590 2325 1642 enim
2361 1599 2415 1641 et
2443 1589 2581 1642 mira
2619 1604 2757 1656 pene
2786 1605 2872 1643 res
2907 1591 3001 1653 sit,
3031 1590 3075 1643 si
3121 1593 3293 1659 aspis,
3349 1606 3598 1659 serpens,

330 1684 369 1753 ἡ
397 1682 455 1736 δὲ
488 1681 664 1744 ἔξοδος
697 1682 878 1734 αὐτῶν
907 1682 1044 1744 ὅλως
1084 1682 1184 1734 οὐκ
1219 1684 1557 1752 ὲμφέρεταις
1585 1679 1795 1749 Φοϐερὰ
1828 1679 1921 1730 καὶ

2027 1678 2231 1746 vipera,
2257 1679 2426 1730 draco
2459 1688 2512 1730 et
2541 1679 2794 1746 scorpius
2833 1694 2940 1730 una
2973 1694 3096 1730 cum
3143 1679 3369 1731 muliere
3404 1694 3601 1748 pecca-

332 1773 618 1844 παράδοξα
662 1776 965 1842 πράγματα
1014 1775 1062 1826 εί
1096 1775 1128 1843 ή
1161 1774 1346 1838 άσπὶς,
1381 1774 1473 1826 καὶ
1519 1775 1547 1826 6
1591 1772 1731 1840 ὅλαις,
1762 1771 1858 1824 καὶ
1884 1773 1918 1841 ἡ

331 1865 470 1935 ἔχις,
500 1866 593 1919 καὶ
637 1866 665 1918 6
705 1866 942 1936 δράκων,
973 1864 1068 1917 καὶ
1099 1867 1127 1918 6
1158 1865 1419 1935 σκορπίος
1456 1865 1593 1935 μετὰ
1641 1866 1737 1933 τῆς
1792 1881 1919 1916 ποτε

333 1957 701 2029 πλανηθείσης
721 1958 976 2027 γυναικὸς
995 1957 1087 2010 τοῦ
1108 1956 1263 2022 ξύλου
1280 1959 1378 2027 τῆς
1397 1957 1540 2027 ζωῆς
1558 1957 1917 2020 ἀπολαύουσι,

331 2058 432 2103 καὶ
458 2051 559 2102 οὐκ
588 2050 771 2119 ὲξόρια
815 2050 956 2103 αὐτὰ
1003 2053 1030 2101 ό
1059 2049 1191 2112 Θεὸς
1227 2052 1290 2102 ὲκ
1323 2049 1416 2103 τοῦ
1454 2050 1787 2119 παραδείσου
1822 2049 1922 2100 ούκ

333 2140 611 2194 ἐκώλυσεν
635 2155 650 2172 ⁸
690 2141 791 2194 οὐκ
813 2142 1113 2214 ἐπέτρεψεν
1140 2144 1322 2203 αὐτοῖς
1357 2142 1431 2212 μὴ
1465 2141 1821 2213 προσεγγίσαι
1845 2138 1924 2210 τῷ

2022 1770 2160 1824 trice
2187 1768 2439 1822 fruantur
2465 1770 2611 1838 ligno
2636 1773 2780 1830 vitat,
2801 1786 2977 1837 neque
3003 1769 3145 1824 Deus
3170 1787 3268 1826 eos
3291 1788 3318 1825 e
3343 1772 3601 1840 paradiso

2022 1861 2316 1930 fugaverit,
2347 1878 2518 1930 neque
2549 1863 2894 1916 interdixerit
2914 1863 2993 1915 eis
3021 1866 3279 1917 accedere
3299 1865 3365 1917 ad
3391 1865 3601 1933 lignum

2021 1956 2166 2019 vitae,
2193 1969 2369 2023 neque
2398 1955 2465 2008 tle
2494 1955 2559 2008 iis
2588 1965 2641 2008 et
2662 1957 2899 2037 muliere
2925 1957 3125 2010 dixerit
3149 1955 3313 2023 Deus,
3348 1957 3427 2010 Ne
3457 1971 3602 2010 nunc

2023 2045 2320 2099 extendant
2355 2061 2578 2099 manum
2613 2062 2804 2113 suam,
2846 2056 2907 2101 et
2933 2056 3153 2102 sumant
3177 2057 3231 2103 et
3272 2050 3604 2104 manducent

2032 2138 2098 2192 de
2123 2138 2272 2207 ligno
2309 2140 2432 2193 vitae
2452 2148 2506 2193 et
2542 2141 2726 2195 vivant
2763 2142 2816 2194 in
2852 2150 3139 2195 aeternum.
3200 2134 3205 2143 ’

336 2231 481 2302 ξύλῳ
528 2232 824 2312 τῆςῡζωῆς.
850 2235 964 2286 Οὐκ
993 2234 1181 2305 εἴρηκε
1228 2233 1356 2304 περὶ
1389 2234 1588 2295 αὐτῶν,
1622 2234 1653 2302 ἢ
1693 2232 1792 2301 τῆς
1828 2227 2103 2298 γυναικὸς,
2133 2229 2217 2282 ὅτι
2269 2230 2496 2301 Μήποτε
2554 2232 2836 2286 ἐκτείνωσι
2910 2235 3010 2306 τὴν
3040 2237 3219 2306 χεῖρα,
3256 2237 3350 2289 καὶ
3394 2236 3601 2293 λάϐωσι

334 2325 432 2376 καὶ
459 2325 674 2392 φάγωσι
696 2324 789 2376 τοῦ
819 2324 976 2388 ξύλου
1006 2326 1103 2395 τῆς
1130 2324 1297 2393 ζωῆς,
1328 2326 1422 2379 καὶ
1449 2325 1701 2395 ζὴσονται
1728 2325 1811 2386 εἰς
1834 2323 1923 2375 τὸν
1962 2322 2155 2376 αἰῶνα.

411 2415 523 2467 Καὶ
557 2415 695 2479 πῶς,
723 2416 845 2468 είπέ
896 2433 1012 2485 μοι,
1048 2417 1139 2469 τὸν
1174 2416 1463 2488 ἄνθρωπον
1492 2417 1550 2469 ὃν
1585 2418 1705 2469 κατ’
1737 2420 1928 2469 εἰκόνα

337 2508 437 2561 καὶ
478 2509 737 2578 ὁμοίωσιν
767 2507 932 2561 αὐτοῦ
962 2509 1251 2579 πεποίηκε,
1300 2510 1392 2565 καὶ
1423 2510 1499 2579 τῷ
1532 2508 1698 2563 αὐτοῦ
1732 2508 1925 2578 ὲνεψύ-

338 2618 519 2672 χωσεν
550 2602 908 2671 ὲμφυσήματι
959 2599 1123 2665 οὕτω,
1163 2602 1281 2662 πῶς
1327 2601 1468 2671 ὑπὲρ
1501 2600 1591 2654 τὸν
1646 2601 1788 2668 ὅφιν,
1834 2601 1927 2654 καὶ

338 2694 443 2763 τὴν
475 2696 711 2761 γυναῖκα
735 2695 862 2756 τοὺς
889 2694 1095 2755 αἰτίους
1120 2695 1219 2762 τῆς
1246 2693 1518 2764 ἁμαρτίας
1538 2692 1736 2763 ’ἔμελλε
1765 2710 1928 2746 κατα-

2093 2412 2158 2467 Ει
2206 2413 2299 2482 qui
2356 2414 2534 2483 potuit
2583 2413 2729 2470 Deus
2774 2416 3053 2471 hominem
3101 2433 3265 2488 quem
3320 2421 3388 2476 ad
3446 2438 3605 2480 suam

2023 2504 2317 2571 imaginem
2351 2515 2405 2559 et
2432 2506 2846 2561 similitudinem
2884 2507 3011 2563 fecit
3033 2556 3048 2577 ,
3079 2526 3241 2580 quem
3276 2514 3464 2570 divino
3500 2532 3602 2572 suo

2026 2596 2208 2650 alllatu
2234 2598 2521 2663 animam,
2549 2599 2623 2652 ita
2648 2616 2815 2669 porro
2842 2616 2971 2654 eum
3007 2603 3187 2671 ipsum
3216 2620 3327 2673 pra:
3352 2619 3607 2678 serpente

2026 2697 2080 2740 et
2115 2690 2343 2742 muliere
2374 2689 2557 2742 delicti
2602 2691 2932 2745 auctoribus
2969 2693 3258 2761 judicare,
3299 2697 3519 2765 ejicere,
3554 2709 3609 2755 et

342 2785 530 2853 κρῖναι
558 2786 652 2837 καὶ
683 2784 925 2854 ἐξορίσαι
961 2786 1369 2855 ἀσυγχωρήτως
1399 2784 1562 2837 αὑτὸν
1598 2785 1757 2854 μόνον
1785 2784 1924 2856 ὑπὲρ

2031 2778 2184 2832 illum
2228 2779 2404 2850 ipsum
2437 2781 2615 2836 solum
2668 2797 2832 2852 super
2859 2786 2964 2837 alia
3010 2789 3196 2842 omnia
3240 2790 3500 2844 animalia
3552 2794 3607 2847 in

340 2873 529 2929 πάντα
572 2875 642 2929 τὰ
691 2875 857 2945 θηρία
904 2875 975 2928 τὰ
1024 2876 1460 2945 ἐναπομείναντα
1508 2877 1564 2927 ἐν
1614 2876 1927 2946 παραδείσῳ

342 2967 746 3033 mxumam;
793 2967 929 3038 φησὶ
958 2967 1088 3038 γὰρ,
1126 2968 1210 3020 ὅτι
1252 2967 1675 3031 Ἔξαπέστειλε
1711 2968 1927 3036 Κύριος
1960 3032 1961 3035 η

342 3063 377 3113 ὀ
413 3062 557 3127 Θεὸς
612 3064 724 3115 τὸν
784 3062 960 3131 Ἀδὰμ
987 3064 1055 3115 ἐκ
1085 3064 1191 3116 τοῦ
1230 3062 1619 3131 παραδείσου,
1657 3062 1752 3115 καὶ
1790 3079 1929 3115 κατ-

342 3152 569 3216 ῴκισεν
597 3155 786 3207 αὐτὸν
812 3154 1103 3208 ἀπέναντι
1136 3153 1245 3222 τῆς
1274 3154 1504 3224 τρυφῆς
1528 3155 1634 3208 τοῦ
1651 3154 1929 3222 παραδεί-

330 3260 485 3309 -οεου,
534 3245 636 3297 καὶ
667 3245 847 3309 ἔταξε
884 3250 956 3298 τὰ
990 3247 1300 3315 Χερουϐὶμ,
1344 3249 1439 3299 καὶ
1481 3245 1597 3314 τὴν
1628 3247 1929 3316 9010347111-

338 3335 650 3403 ῥομφαίαν
678 3337 793 3405 τὴν
824 3334 1244 3404 στρεφομένην
1276 3335 1604 3403 φυλάττειν
1636 3336 1751 3402 τὴν
1785 3335 1930 3389 ὁδὸν

346 3428 455 3481 τοῦ
486 3427 679 3490 ξύλου
706 3424 817 3495 τῆς
847 3425 1017 3495 ζωῆς.
1052 3414 1292 3479 Ὄλωλεν
1323 3422 1416 3480 οὖν
1448 3426 1735 3498 ἄνθρωπος
1764 3425 1932 3497 μονὼ-

345 3535 527 3582 τατος,
561 3519 677 3585 εἴτε
715 3517 859 3588 ὑπὲρ
893 3520 1019 3580 τοὺς
1047 3518 1222 3590 θῆρας
1251 3519 1634 3588 κατεδικάσθη.
1678 3516 1928 3570 Ἒ-δυστύ-

347 3626 526 3679 χησαν
549 3609 606 3662 δὲ
636 3612 728 3662 καὶ
757 3609 827 3663 τὰ
874 3611 1177 3681 Χερουϐὶμ,
1220 3611 1329 3663 τῶν
1359 3610 1544 3682 θηρῶν
1591 3609 1685 3662 καὶ
1716 3609 1928 3680 κτηνῶν

347 3699 448 3751 καὶ
498 3700 765 3768 ἑρπετῶν,
808 3703 953 3771 μετὰ
983 3702 1164 3772 πάσης
1216 3702 1402 3765 ἀδείας
1453 3701 1547 3752 τοῦ
1597 3699 1927 3768 παραδείσου

346 3791 754 3856 ἀπολαυόντων,
790 3792 932 3846 αὐτὰ
980 3793 1037 3846 δὲ
1081 3792 1176 3846 τοῦ
1223 3793 1562 3862 Χερουϐίκου
1611 3791 1799 3860 θρόνου
1836 3792 1930 3843 καὶ

345 3884 450 3952 τῆς
483 3885 841 3954 προσωπικῆς
889 3884 1131 3948 δουλείας
1177 3885 1271 3938 καὶ
1307 3885 1609 3955 παρουσίας
1652 3886 1747 3938 καὶ
1795 3887 1931 3938 ἀπο-

347 3976 596 4036 λαύσεως
625 3977 724 4042 τῆς
752 3977 924 4030 ἀϊδίου
955 3978 1114 4049 δόξης
1152 3977 1403 4047 θυρωροὶ
1435 3977 1533 4030 καὶ
1574 3980 1926 4047 συκοφύλα-

347 4084 457 4134 κες
490 4070 816 4140 κηπωρικῆς
850 4073 1058 4141 γεηρᾶς
1092 4071 1456 4141 θηροτροφίας
1490 4066 1630 4125 εἷναι
1671 4071 1929 4140 ταγέντα,

2028 2874 2288 2941 paradiso
2317 2875 2610 2930 residentia
2651 2878 2802 2930 nulla
2844 2893 3107 2933 concessa
3144 2868 3302 2937 venia
3343 2886 3608 2939 condem-

2028 2965 2199 3017 nare?
2224 2966 2358 3020 dicit
2381 2970 2527 3021 euim
2552 2987 2565 3021 :
2596 2968 2664 3021 Et
2690 2971 2863 3022 emisit
2893 2970 3151 3026 Dominus
3181 2970 3327 3029 Deus.
3345 2977 3518 3029 Adam
3545 2992 3610 3031 ea:

2028 3056 2304 3124 paradiso,
2330 3059 2609 3113 collocavit
2636 3077 2753 3113 eum
2782 3069 2903 3115 ante
2939 3066 3253 3131 paradisum
3296 3068 3607 3140 voluptatis,

2027 3156 2074 3199 et
2092 3148 2280 3202 statuit
2308 3148 2589 3203 Clterubim
2612 3161 2659 3203 et
2683 3151 2988 3220 ﬂammeum
3009 3154 3246 3223 gladium
3265 3169 3422 3227 atque
3439 3176 3612 3215 versa-

2030 3238 2257 3291 tilemad
2285 3240 2685 3293 custodiendam
2713 3245 2853 3295 viam
2884 3242 3017 3312 ligni
3037 3245 3174 3299 vitae.
3198 3248 3365 3316 Igitur
3385 3253 3612 3308 omnino

2030 3330 2183 3383 solus
2217 3330 2378 3383 homo
2401 3332 2564 3399 petiit
2591 3334 2861 3401 siquidem
2888 3350 3000 3404 prae
3032 3339 3245 3393 caeteris
3279 3318 3611 3398 animalibus

2030 3423 2446 3477 condemnatus.
2471 3423 2608 3478 Male
2627 3430 2791 3479 etiam
2829 3438 3014 3481 actum
3038 3438 3123 3483 est
3147 3446 3271 3484 cum
3305 3431 3609 3500 Cherubin,

2030 3514 2229 3584 quippe
2250 3515 2478 3583 reliquis
2500 3518 2756 3572 omnibus
2775 3520 3126 3583 animalibus,
3148 3537 3338 3576 secure
3355 3526 3611 3592 paradiso

2030 3604 2339 3660 fruentibus
2363 3608 2478 3677 ipsa
2508 3608 2828 3676 Cberubim,
2863 3592 3379 3678 Cbernbicitbroui,
3416 3633 3611 3687 perso-

2032 3698 2171 3752 nalis
2202 3700 2502 3763 servitutis,
2528 3703 2831 3767 praesentia:
2870 3711 2925 3756 et
2949 3702 3221 3760 fruitionis
3256 3716 3474 3762 aeterna:
3494 3710 3611 3779 glo-

2032 3790 2125 3843 riae
2143 3789 2403 3857 janilores
2426 3800 2473 3843 et
2491 3793 2624 3859 ﬁcus
2646 3792 2889 3845 custodes
2922 3794 3037 3864 (l9)
3061 3796 3243 3850 hostili
3270 3811 3610 3869 teri-eumque

2031 3882 2294 3934 custodiae
2346 3882 2603 3950 praefecto
2642 3921 2657 3946 ,
2717 3884 3139 3940 condemnatum
3194 3901 3501 3959 serpentem
3558 3907 3612 3947 et
3692 3880 3693 3883 η

2033 3973 2316 4025 mulierem
2335 3974 2488 4041 jussa
2513 3982 2644 4027 suttt
2673 3977 2944 4029 set-thiter
2971 3980 3252 4034 custodire
3276 4021 3287 4032 .
3322 3985 3415 4036 sed
3442 4000 3613 4056 apage

2033 4065 2109 4119 sis
2147 4065 2308 4118 verba
2345 4067 2447 4119 ista
2507 4067 2746 4120 absurda
2800 4076 2854 4122 et
2903 4070 3198 4126 insolentia
3241 4074 3377 4144 (ἓν).
3411 4078 3612 4133 Astans

349 4158 448 4208 καί
496 4159 966 4212 καταδικασθέντα
1012 4161 1102 4213 τὸν
1136 4162 1466 4230 κατάκριτον
1515 4161 1659 4231 ὅφιν,
1699 4162 1793 4215 καὶ
1831 4164 1924 4232 τὴν

2036 4154 2256 4210 divinus
2285 4155 2485 4213 l’aultts
2507 4172 2693 4212 severe
2715 4158 3037 4237 infrentetts,
3070 4180 3265 4233 tut-que
3294 4169 3611 4235 respiciens,

346 4251 581 4315 γυναῖκα
602 4250 859 4314 δουλικῶς
887 4252 1153 4322 πυλωρεῖν
1180 4252 1536 4322 ἡτιμώθησαν
1559 4252 1710 4305 ’ἀλλ’
1747 4253 1923 4321 ἄπαγε

346 4340 450 4408 τῆς
469 4341 579 4393 τῶν
607 4343 872 4412 ῥημάτων
888 4343 1092 4396 τούτων
1110 4345 1359 4407 ἀτοπίας.
1391 4346 1645 4407 Ἐπιστὰς
1674 4346 1703 4397 6
1730 4344 1928 4397 θειότα-

344 4449 440 4495 τος
462 4428 584 4486 εἶπέ
608 4451 697 4504 μοι
723 4436 952 4499 Παῦλος,
977 4437 1265 4506 αὐστηρῶς
1291 4436 1711 4508 ἐμϐριμώμενος
1732 4440 1811 4501 είς
1829 4437 1928 4507 ἐμὲ

345 4524 666 4594 ἀποϐλέψας
687 4543 698 4555 ·
727 4526 803 4581 Τὸ
828 4528 1165 4596 μυστήριον
1194 4529 1398 4581 τούτων
1424 4530 1529 4580 τῶν
1556 4529 1927 4599 θεωρημάτων

339 4615 500 4684 μέγα
527 4618 729 4673 ἐστίν·
761 4619 878 4689 ἐγὼ
907 4620 975 4673 δέ
996 4636 1097 4674 σοι
1127 4621 1281 4685 λέγω
1308 4624 1392 4687 είς
1411 4623 1671 4688 Χριστὸν
1704 4626 1800 4677 καί
1837 4625 1925 4689 εἰς

348 4707 466 4775 τὴν
500 4709 891 4779 Ἐκκλησίαν.
920 4715 1029 4766 Καὶ
1079 4714 1251 4767 ταῦτα
1286 4716 1396 4768 νόει
1445 4714 1585 4767 κατὰ
1636 4712 1740 4785 [δὲ]
1776 4714 1925 4766 τόνδε

422 4950 450 4992 ι
487 4955 687 5023 Ephes.
725 4970 779 5020 ν,
816 4955 906 5011 ⁸52.

2033 4247 2349 4318 Μῃειενίωη
2380 4251 2535 4318 illud,
2568 4253 2765 4320 ittqttit,
2797 4270 3044 4324 magnum
3073 4266 3171 4322 est,
3219 4258 3407 4328 loquor
3436 4271 3614 4314 autem

2034 4342 2089 4393 in
2112 4343 2381 4396 Christum
2404 4354 2453 4396 et
2475 4345 2588 4413 ejus
2623 4344 2917 4400 Ecclesium
2949 4350 2995 4401 Ιί.
3025 4351 3156 4415 Quae
3189 4367 3270 4406 SLC
3306 4355 3614 4424 intelligen-

2036 4436 2101 4488 da
2130 4447 2292 4489 sunt:
2334 4434 2528 4491 Mulier
2549 4440 2719 4503 enim,
2754 4450 2874 4493 uta
2907 4443 3024 4495 viro
3055 4449 3328 4512 proiecta,
3378 4449 3442 4500 ad
3481 4463 3612 4515 pro-

2037 4540 2215 4596 prtum
2260 4538 2539 4596 parentem
2594 4548 2753 4583 suum
2802 4544 3065 4589 ronVcrsu
3117 4546 3242 4603 est,
3292 4539 3369 4592 vir
3417 4555 3543 4593 vero
3579 4555 3611 4594 a

2034 4633 2187 4690 patre
2232 4624 2611 4689 descendens,
2664 4627 2731 4679 ad
2796 4626 2948 4682 illum
2999 4632 3319 4699 remigratit
3364 4646 3394 4686 e
3440 4640 3613 4695 terra,

2037 4716 2421 4786 unusquisque
2474 4720 2538 4770 ad
2568 4720 2847 4788 propriam
2882 4723 3265 4790 cognationem
3299 4732 3351 4777 et
3377 4724 3612 4793 patriam

1860 5136 2093 5195 NOTAE:

421 5340 537 5413 (l9)
572 5341 637 5396 Et
664 5342 794 5412 ﬁcus
819 5341 1084 5397 custodes.
1122 5340 1374 5413 Plerique
1408 5348 1618 5393 veteres
1672 5339 1927 5395 arborem

345 5406 529 5467 illam'
556 5406 672 5480 qtta'
709 5415 837 5468 Adae
886 5406 1235 5469 interdictum
1275 5406 1482 5473 fuerat,
1518 5424 1624 5463 non
1674 5423 1924 5479 pomum,

343 5484 443 5538 sed
481 5486 647 5535 licntn‘
695 5491 909 5538 voeant.

422 5553 541 5621 (‘20)
575 5552 641 5605 Et
674 5554 977 5608 insolentia.
1006 5553 1061 5607 lu
1094 5552 1195 5608 Ms.
1234 5553 1347 5607 haec
1397 5551 1467 5605 ita
1520 5552 1792 5623 disjttncta
1850 5551 1930 5606 les

347 5633 577 5694 gumnr,
613 5626 769 5693 quasi
805 5625 1007 5695 aliquid
1036 5625 1336 5694 desit,qn:e
1362 5633 1542 5679 tamen
1575 5625 1783 5695 integra
1808 5637 1931 5679 esse

2044 5355 2296 5413 possunt,
2329 5353 2384 5398 et
2404 5346 2483 5400 sic
2517 5347 2764 5400 ordinem
2804 5356 2857 5401 et
2890 5347 3213 5401 ἀκολουθίαν
3242 5363 3480 5401 servare.
3511 5347 3615 5403 Sed

2039 5432 2204 5485 apage
2234 5419 2309 5469 sis
2331 5416 2487 5469 verba
2515 5420 2620 5469 ista
2646 5418 2877 5470 absurda
2903 5429 2950 5471 et
2992 5419 3293 5479 insolentia,
3340 5420 3467 5470 nti/ti
3526 5421 3610 5471 in-

2036 5488 2148 5555 quit
2186 5485 2385 5539 Paulus
2408 5503 2577 5541 severe
2608 5487 2891 5553 infremens
2923 5504 3101 5556 tneque
3134 5489 3414 5558 respiciens
3445 5502 3464 5541 :
3488 5487 3609 5554 lily-

2037 5558 2257 5610 steriunt
2286 5558 2419 5610 illud
2449 5573 2699 5626 magnum
2724 5568 2822 5622 est,
2848 5567 2955 5610 etc.
