4056 6148
481 254 622 320 1063

1672 247 1733 307 S-
1773 246 2174 307 ANASTASII
2216 245 2545 307 ΞΙΝΑΙΤΔΕ

3584 241 3723 305 1011i

468 348 768 396 revertens.
812 336 1076 407 Equidem
1112 350 1179 392 ex
1215 349 1383 392 carne
1431 343 1486 391 et
1519 338 1782 407 paradiso
1819 341 2037 409 genitus

2160 337 2231 391 :6v
2273 338 2511 409 τρόπον·
2566 338 2599 408 ἡ
2658 334 2759 407 μὲν
2823 334 2933 406 γὰρ
2989 333 3127 405 γυνὴ
3169 333 3245 398 ὡς
3293 333 3360 386 ὲκ
3401 329 3497 387 τοῦ
3539 333 3730 402 ἀνδρὸς

468 438 643 487 Adam
682 433 937 486 Christus
987 429 1110 486 coeli
1157 431 1294 485 civis
1328 428 1514 485 nudus
1559 431 1843 500 ingressus
1872 440 1957 487 est
1989 433 2049 488 in

470 526 788 595 paradisum
820 533 875 577 et
920 524 975 579 in
1019 525 1185 577 vitam
1224 523 1385 578 istam
1414 524 1506 577 ubi
1537 538 1664 579 vere
1694 525 1747 579 in
1795 525 2049 580 salutife—

473 613 1048 682 ramexstasiuraptus
1071 621 1178 675 est,
1209 627 1309 682 per
1335 627 1496 682 quam
1528 614 1804 682 propriam
1826 615 1933 669 sibi
1956 628 2051 670 so-

471 704 649 759 dalem
688 704 990 760 Ecclesiam
1037 703 1269 772 genuit,
1318 704 1481 773 eique
1534 705 1755 773 penitus
1818 705 2053 762 adhasit

471 812 596 867 quae
625 811 748 852 sese
779 796 848 853 ad
902 796 1054 851 illum
1098 796 1329 865 pulchre
1376 797 1647 851 convertit
1675 838 1692 863 ,
1759 806 1814 852 et
1865 797 1936 851 ab
1984 812 2051 854 ea

474 889 689 958 accepit
713 889 898 943 omnia
927 904 1050 959 qua:
1076 888 1299 943 fuerant
1324 888 1378 942 in
1404 903 1490 953 ea,
1521 904 1719 958 nempe
1744 890 2053 945 manduca-

475 979 707 1043 tionem,
728 981 1004 1048 exsilium,
1029 989 1322 1046 terrorem,
1345 982 1760 1049 contumeliam,
1787 984 2052 1039 maledic-

476 1073 682 1127 tionem
706 1092 718 1125 :
746 1073 1056 1127 maledictio
1083 1073 1227 1128 enim
1251 1073 1429 1128 factus
1460 1083 1563 1139 est,
1588 1089 1780 1144 nempe
1811 1076 2054 1144 pendens

476 1162 533 1216 in
560 1163 745 1232 ligno:
784 1164 1160 1229 nudationem,
1196 1164 1619 1219 occultationem
1644 1180 1752 1235 qua
1780 1165 1834 1220 in
1859 1164 2053 1222 inferis

476 1255 784 1309 occultatus
827 1264 911 1309 est
960 1269 1086 1308 cum
1123 1255 1271 1324 ligno
1307 1256 1490 1310 crucis
1528 1254 1663 1326 (2|).
1698 1255 1879 1322 Quare
1912 1256 2055 1313 Deus

480 1343 631 1395 illum
676 1358 880 1397 vocans
927 1358 992 1396 ex
1041 1344 1413 1399 occultatione
1462 1345 1551 1398 illa
1595 1346 1788 1400 eduxit
1828 1361 1954 1400 eum
2002 1354 2058 1401 et

475 1435 731 1488 excitavit
775 1434 1191 1505 incorruptione
1220 1437 1676 1492 circumvolutum
1720 1453 1888 1509 supra
1936 1440 2057 1508 pal-

477 1523 615 1578 lium
645 1526 775 1578 illud
800 1526 1158 1595 corruptibile
1176 1541 1242 1580 ex
1276 1527 1485 1581 semine
1516 1525 1732 1583 Davidis
1753 1529 2056 1582 secundum

479 1629 737 1679 carnem,
794 1623 1109 1681 terrenum,
1174 1615 1390 1671 feneum
1450 1625 1506 1672 et
1556 1618 1811 1683 carnale,
1872 1619 2055 1673 tunica

477 1705 884 1776 incorruptibili
932 1710 1359 1774 circumdatum,
1399 1717 1624 1772 aeterna,
1665 1710 1874 1773 divina,
1905 1720 1960 1765 et
1988 1712 2058 1766 ab

477 1797 599 1868 ipso
644 1800 752 1855 Deo
790 1801 1026 1871 desuper
1065 1809 1231 1866 texta,
1299 1802 1594 1856 immortali
1646 1804 1743 1873 ipsi
1786 1804 2056 1874 acquisita

480 1896 541 1940 ut
568 1889 965 1944 indissolubilis
996 1904 1140 1944 esset
1163 1906 1275 1960 pra:
1308 1892 1475 1961 priori
1513 1894 1603 1947 illa
1639 1908 1800 1960 quam
1825 1908 1856 1947 e
1886 1892 2057 1948 Maria

477 1978 711 2049 Deipara
769 1983 948 2037 induit
995 1984 1389 2039 transformata
1434 1994 1489 2039 et
1527 1987 1765 2040 solidata
1808 2002 2056 2056 corpore,

479 2085 651 2139 quare
685 2081 810 2140 post
858 2074 1117 2128 amictum
1157 2075 1307 2128 illum
1362 2076 1561 2130 tunicae
1604 2078 2055 2148 incorruptionis,

480 2164 742 2229 quoniam
781 2164 1120 2232 impossibile
1148 2176 1268 2220 erat
1290 2182 1412 2220 eum
1442 2168 1495 2220 in
1528 2170 1732 2222 caduca
1760 2179 1814 2222 et
1842 2168 2057 2223 mortali

477 2253 593 2307 vita
625 2256 726 2309 ista
756 2256 963 2310 diutius
1008 2257 1313 2319 immorari,
1364 2258 1507 2315 Deus
1534 2276 1659 2314 eum
1703 2260 1776 2314 ita
1808 2260 2056 2315 indutum

480 2347 692 2415 accepit
731 2346 784 2398 in
820 2348 1074 2414 paradiso
1120 2349 1402 2413 Ecclesiae,
1431 2366 1553 2404 nam
1585 2367 1614 2405 e
1647 2355 1870 2423 regione
1904 2363 2061 2407 terra:

479 2438 678 2494 ctelum
729 2441 1087 2508 conspicitur,
1137 2452 1197 2496 ut
1241 2452 1561 2510 operaretur
1602 2455 1800 2497 terram
1845 2458 1912 2499 ex
1950 2458 2060 2514 qua

477 2538 733 2595 sumptus
790 2540 844 2584 et
893 2540 1183 2600 susceptus
1238 2544 1343 2593 est,
1394 2533 1447 2587 id
1502 2542 1607 2599 est,
1665 2543 1726 2588 ut
1774 2551 1909 2589 cura
1957 2550 2057 2592 sua

477 2631 651 2687 genus
683 2618 983 2672 humanum
1015 2619 1084 2673 ab
1115 2621 1263 2674 omni
1303 2622 1449 2675 malo
1486 2623 1597 2692 (2‘2)
1632 2624 1963 2689 custodiret,
2006 2634 2062 2681 et

476 2707 793 2764 ﬂammeum
825 2710 1066 2782 gladium
1108 2722 1163 2767 et
1190 2715 1503 2778 versatilem
1538 2714 1605 2769 ad
1645 2716 2057 2771 custodiendam

477 2799 625 2853 viam
665 2800 794 2870 ligni
833 2801 977 2856 vitaz.
1012 2799 1294 2856 Cherubim
1328 2805 1621 2873 exponitur
1664 2805 1952 2859 multitudo
1979 2822 2062 2860 co-

2150 430 2512 502 προελθοῦσα,
2549 427 2689 500 πρὸς
2715 426 2810 481 τὸν
2856 428 3056 481 οίκετον
3106 427 3412 498 γεννήτορα
3448 424 3548 497 τὴν
3594 426 3731 479 ἀπο-

2153 517 2394 590 στροφὴν
2442 517 2634 588 ἔσχεν·
2688 519 2718 570 6
2747 515 2804 570 δὲ
2841 515 2981 587 ἀνὴρ
3035 517 3065 569 6
3109 516 3174 569 έκ
3222 515 3428 586 πατρὸς
3455 515 3732 586 προελθὼν

2153 609 2289 681 πρὸς
2321 609 2410 661 τὸν
2451 609 2583 662 ἴδιον
2613 606 2826 677 πατέρα
2855 606 2955 678 τὴν
3004 604 3262 659 ἀνάλυσιν
3311 605 3422 675 (25)
3479 606 3588 658 ἀπὸ
3632 606 3732 673 γῆς

2153 700 2472 769 ἐποιήσατο,
2523 699 2752 761 ἕκαστος
2793 697 2975 750 αὐτῶν
3021 694 3161 767 πρὸς
3206 696 3306 764 τὴν
3348 694 3489 749 ίδίαν
3536 697 3732 763 συγγέ-

2152 806 2305 843 νειαν
2334 786 2647 842 ἐπανελθὼν
2676 787 2771 841 καὶ
2796 787 2896 857 τὴν
2931 786 3189 855 πατρίδα.
3242 787 3314 839 Ἢ
3346 786 3446 855 μὲν
3470 784 3581 857 γὰρ
3611 803 3736 855 σαρ-

2154 881 2386 951 κογενὴς
2443 878 2538 933 καὶ
2605 878 3072 948 παραδεισογενὴς
3139 875 3236 930 καὶ
3305 876 3734 947 οὐρανοπολίτης

2168 971 2339 1040 ’Δδάμ
2372 968 2608 1040 Χριστὸς
2650 967 2867 1038 είσῆλθε
2901 968 3001 1038 μὲν
3043 968 3252 1037 γυμνὸς
3285 967 3421 1030 Θεὸς
3458 969 3519 1022 ὲν
3552 985 3731 1038 παρα-

2154 1063 2320 1132 δείσῳ
2346 1062 2443 1116 καὶ
2477 1059 2576 1130 βίῳ
2601 1060 2679 1131 τῷ
2720 1059 2928 1125 ἐνθάδε,
2961 1060 3057 1113 καὶ
3087 1058 3280 1130 ἐξέστη
3321 1059 3609 1130 ἀτρέπτως
3637 1058 3734 1129 τὴν

2158 1156 2427 1226 σωτήριον
2459 1152 2625 1206 αὐτοῦ
2670 1154 2951 1217 ἔκστασιν,
2991 1151 3060 1205 δι’
3087 1146 3157 1223 ἧς
3202 1151 3304 1223 τὴν
3345 1152 3556 1205 οίκείαν
3598 1151 3736 1223 σύμ-

2157 1245 2273 1300 ϐιον
2338 1245 2664 1315 Ἐκκλησίαν
2714 1244 2903 1299 τέτοκε
2952 1244 3044 1297 καὶ
3097 1243 3509 1315 προσεκολλήθη
3558 1244 3733 1316 ταύτῃ

2159 1337 2540 1409 σαρκωθέντος
2577 1318 2967 1408 ύποστρὲψάσῃ
3002 1335 3138 1410 πρὸς
3185 1335 3348 1389 αὐτὸν
3392 1335 3595 1402 καλῶς,
3639 1338 3735 1390 καὶ

2158 1429 2447 1493 ἀνεδέξατο
2479 1430 2659 1483 πάντα
2687 1429 2756 1482 τά
2789 1424 3045 1499 ἑνάύτῇ,
3094 1428 3194 1499 τὴν
3227 1427 3453 1498 βρῶσιν,
3487 1429 3589 1496 τὴν
3634 1446 3735 1497 φυ-

2161 1523 2285 1593 γὴν,
2332 1524 2433 1592 τὴν
2470 1521 2652 1592 ὓϐριν,
2706 1521 2806 1591 τὴν
2856 1521 3139 1593 κατάραν·
3191 1521 3485 1590 γενόμενος
3527 1520 3735 1590 κατάρα

2159 1612 2234 1674 ὡς
2264 1611 2600 1682 κρεμασθεις
2630 1611 2722 1664 ἐπὶ
2757 1610 2937 1676 ξύλου,
2968 1610 3068 1682 τὴν
3104 1609 3407 1681 γύμνωσιν,
3435 1611 3535 1676 τὴν
3563 1610 3735 1663 κατά-

2161 1704 2359 1774 κρυψιν
2393 1703 2462 1773 ἢν
2501 1704 2558 1755 ἐν
2604 1702 2682 1774 τῷ
2731 1701 2832 1773 ᾅδῃ
2881 1700 3088 1773 ἐκρύϐη
3127 1701 3266 1772 μετὰ
3311 1700 3423 1759 τοῦ
3454 1700 3612 1766 ξύλου
3642 1700 3735 1754 τοῦ

2165 1796 2421 1867 σταυροῦ.
2459 1798 2551 1849 Διὸ
2592 1796 2687 1849 καὶ
2724 1795 2959 1858 καλέσας
2988 1794 3150 1848 αὐτὸν
3174 1795 3202 1846 6
3231 1794 3363 1856 Θεὸς
3401 1794 3466 1846 ἐκ
3510 1794 3609 1864 τῆς
3639 1811 3738 1846 κα-

2162 1888 2484 1959 τακρύψεως
2527 1887 2742 1957 ἐκείνης·
2770 1886 3005 1957 ἐξήγαγε
3058 1889 3151 1941 καὶ
3195 1886 3526 1956 ἀνέστησεν·
3559 1888 3740 1955 ἐπαμ-

2164 1981 2457 2049 φιασθέντα
2481 1982 2546 2050 τῇ
2581 1979 2859 2051 ἀφθαρσίᾳ
2883 1979 2976 2032 ἐπὶ
3000 1977 3095 2032 τοῦ
3119 1978 3501 2050 περιζώματος
3530 1977 3740 2031 ἐκείνου

2162 2069 2255 2122 τοῦ
2288 2068 2530 2139 φθαρτοῦ
2556 2068 2650 2121 τοῦ
2681 2070 2744 2122 ἐκ
2774 2070 3087 2140 σπέρματος
3124 2068 3289 2123 Δαϐὶδ
3316 2068 3466 2132 ὄντος
3503 2068 3565 2121 τὸ
3597 2067 3742 2121 κατὰ

2165 2165 2364 2232 σάρκα,
2415 2159 2601 2230 χοῖκοῦ
2671 2159 2765 2213 καὶ
2813 2159 3169 2229 χορτογενοῦς
3222 2158 3488 2229 σαρκικοῦ
3537 2159 3743 2229 χιτῶνα

2161 2256 2369 2322 ἄφατον
2417 2252 2818 2323 περιθεμένου·
2868 2250 3168 2322 ἄφθαρτον,
3227 2251 3476 2324 στερρὸν,
3528 2251 3744 2305 θεότευ-

2162 2361 2311 2408 κτον,
2344 2344 2408 2396 ὲκ
2435 2342 2531 2396 τοῦ
2561 2343 2766 2397 ἀνωθεν
2797 2342 2933 2396 Θεοῦ
2964 2342 3199 2410 ὐφαντόν
3220 2358 3234 2374 ·
3269 2343 3538 2396 ἀθάνατον
3584 2359 3746 2412 μετα·

2163 2435 2457 2507 ποιηθέντα
2496 2433 2665 2504 αὐτῷ.
2704 2437 2783 2499 είς
2813 2434 3096 2489 ἀδιάλυτον
3132 2433 3272 2506 ὑπὲρ
3303 2432 3396 2487 τὸν
3435 2433 3741 2505 πρότερον·

2160 2526 2189 2579 ὃ
2233 2527 2276 2578 δ’
2309 2522 2379 2597 ἦν
2411 2527 2476 2579 ὲκ
2518 2524 2739 2596 Μαρίας
2791 2525 2889 2594 τῆς
2924 2524 3190 2578 Θεοτόκου
3246 2524 3537 2578 ἐνεδύσατο
3579 2524 3747 2594 σῶμα

2166 2618 2577 2690 μετασκευάσας
2603 2617 2697 2670 καὶ
2724 2615 3034 2688 περεὼσας
3053 2632 3069 2647 ·
3106 2615 3188 2670 διὸ
3217 2616 3361 2681 μετά
3405 2615 3504 2687 τὴν
3530 2615 3747 2670 ἔνδυσιν

2161 2708 2256 2761 τοῦ
2287 2707 2513 2778 χιτῶνος
2532 2706 2633 2776 τῆς
2661 2706 2993 2778 ἀφθαρσίας,
3017 2705 3141 2759 ἐπεὶ
3174 2704 3438 2759 ἀδύνατον
3461 2701 3532 2776 ἦν
3556 2707 3752 2776 ἐγχρο-

2162 2799 2331 2865 νίζειν
2380 2799 2543 2853 αὐτὸν
2567 2798 2916 2869 ἐνδεδυμένον
2959 2797 3051 2851 τὸν
3090 2798 3403 2853 εἰσελθόντα
3433 2798 3493 2850 ὲν
3524 2797 3602 2869 τῷ
3645 2814 3752 2850 πα-

479 2889 783 2956 gnitionis;
816 2893 1056 2962 cognitio
1100 2903 1285 2946 autem
1323 2902 1409 2947 est
1446 2893 1581 2948 ﬁdes
1617 2894 1827 2950 sincera
1871 2907 1927 2950 et
1969 2897 2058 2966 pia

2167 2892 2400 2964 ραδείσῳ
2429 2893 2529 2964 τῆς
2584 2892 2943 2962 Ἐκκλησίας·
2996 2893 3287 2948 κατέναντι
3335 2895 3444 2966 γάρ
3488 2893 3592 2964 τῆς
3630 2895 3752 2963 γῆς

481 2978 618 3033 ﬁdes
660 2979 712 3032 in
747 2977 1031 3035 Christum
1067 2998 1232 3051 quam
1276 2982 1420 3037 Deus
1463 2984 1657 3037 statuit
1692 2991 1749 3037 et
1789 2986 2058 3041 ordinavit

2165 2984 2400 3054 ὑπάρχει
2429 2985 2456 3036 6
2489 2982 2738 3053 οὐρανὸς,
2764 2983 3092 3054 ἐργάζεσθαι
3124 2982 3287 3037 αὐτὸν
3313 2983 3411 3055 τὴν
3437 2986 3540 3053 γῆν
3574 2984 3639 3051 ἐξ
3681 2977 3752 3054 ἦς

482 3073 848 3122 utincessum
885 3080 1130 3124 nostrum
1169 3071 1303 3133 etin
1344 3072 1507 3124 haece
1546 3072 1653 3124 vita
1690 3072 1958 3126 curricula
1991 3073 2058 3128 ab

2166 3074 2374 3144 ὲλήφθη
2400 3073 2495 3126 καὶ
2520 3074 2817 3144 ἀνελήφθη·
2837 3075 2981 3128 τοῦτ’
3000 3075 3119 3130 ἐστι
3142 3077 3202 3129 τὸ
3227 3075 3565 3148 ἀνθρώπινον
3587 3076 3752 3144 γένος

484 3174 671 3214 errore
703 3169 972 3224 tueretur;
1001 3160 1204 3229 lignum
1232 3168 1412 3214 autem
1438 3159 1550 3229 (ἓὸ)
1575 3159 1813 3229 iutellige
1843 3175 2058 3215 omnem

2167 3164 2455 3234 συντηρεῖν
2499 3165 2564 3232 τῇ
2613 3162 2778 3217 αὐτοῦ
2834 3164 3131 3237 κηδεμονίᾳ
3168 3164 3342 3220 κακοῦ
3395 3164 3627 3219 παντίου
3682 3164 3753 3218 τά

485 3249 744 3318 papulum
802 3248 1029 3315 Christi,
1093 3250 1260 3303 vitam
1314 3259 1496 3303 autem
1544 3250 1882 3316 Ecclesiam;
1944 3251 2058 3320 ipsa

2174 3253 2478 3325 Χερουϐὶμ,
2500 3254 2594 3308 καὶ
2625 3254 2723 3325 τὴν
2744 3255 3006 3326 φλογίνην
3033 3256 3308 3326 ῥομφαίαν
3334 3255 3635 3323 φυλάσσειν
3654 3257 3754 3319 τὴν

483 3343 628 3405 enim
658 3351 740 3395 est
776 3357 940 3410 quam
974 3344 1142 3396 vitam
1187 3344 1427 3408 voravit,
1462 3352 1520 3397 ut
1552 3353 1784 3397 matrem
1815 3343 2059 3401 omnium
2102 3356 2105 3357 '

485 3435 539 3488 in
579 3435 688 3489 Deo
729 3435 1053 3496 viventium,
1092 3451 1256 3506 quam
1317 3437 1370 3490 in
1419 3444 1683 3491 aeternum
1731 3451 1761 3489 a
1810 3443 2065 3507 serpente

483 3526 805 3580 custodiunt
848 3526 1145 3581 Cherubim
1206 3536 1260 3583 et
1319 3526 1607 3597 Seraphim
1667 3538 1721 3582 et
1775 3525 2062 3582 ﬂammeus

484 3617 696 3683 gladius
740 3617 832 3686 qui
879 3625 934 3671 et
968 3616 1085 3686 ipse
1127 3626 1213 3671 est
1264 3634 1446 3685 sermo
1488 3617 1604 3672 Dei.
1650 3617 1864 3672 Etenim
1918 3616 2063 3673 Deus

482 3716 671 3762 noster
697 3708 839 3777 ignis
864 3722 1195 3763 consumens
1221 3718 1324 3763 est.
1348 3707 1663 3763 Versatilem
1690 3716 1874 3763 autem
1907 3708 2060 3762 illum

483 3799 615 3854 dicit
670 3800 831 3869 quasi
886 3800 1185 3855 Ecclesiam
1233 3801 1689 3871 circumtegentem
1750 3800 1909 3871 (Ἡ),
1947 3811 2059 3855 tum

482 3892 646 3948 etiam
689 3893 849 3963 quasi
881 3909 912 3949 e
951 3894 1093 3949 caelo
1132 3895 1360 3949 verbum
1396 3893 1488 3948 Dei
1530 3896 1580 3948 in
1621 3894 1923 3949 Ecclesiam
1954 3907 2062 3949 tra-

484 3983 787 4039 tnittentem
827 4000 951 4055 qua:
980 3984 1035 4039 in
1061 4001 1187 4040 eum
1221 3986 1383 4040 unice
1415 3987 1678 4056 respicit:
1732 3986 1891 4041 Vivus
1923 3988 2062 4040 enim

484 4085 744 4129 estsermo
773 4076 891 4139 Dei,
917 4087 965 4131 et
992 4078 1193 4147 efﬁcax,
1226 4087 1276 4131 et
1300 4078 1682 4145 penetrabilior
1707 4080 1850 4132 omni
1883 4079 2063 4149 gladio

487 4166 732 4234 ancipiti,
769 4175 827 4218 ut
878 4168 955 4219 ait
990 4168 1193 4222 Paulus
1224 4165 1491 4237 l.Quippe
1519 4169 1665 4223 sicut
1700 4166 1871 4223 Filius
1904 4170 2063 4223 nobis

2162 3343 2282 3397 ὁδὸν
2327 3343 2421 3397 τοῦ
2462 3343 2621 3411 ξύλου
2655 3345 2754 3415 τῆς
2800 3343 2969 3415 ζωῆς.
3017 3345 3311 3415 Χερουϐὶμ
3355 3345 3729 3415 ἑρμηνεύεται

2162 3431 2400 3501 πλῆθος
2442 3433 2751 3503 γνώσεως·
2789 3434 2991 3502 γνῶσις
3025 3434 3083 3488 δέ
3132 3436 3282 3487 ἐστιν
3327 3431 3545 3504 ἀληθὴς
3585 3435 3622 3503 ἡ
3674 3433 3754 3495 εἰς

2163 3526 2295 3580 Θεὸν
2325 3518 2618 3598 ήμῶντῶν
2648 3526 2855 3580 πιστῶν
2886 3525 3116 3596 εὐσεϐὴς
3142 3526 3347 3589 πίστις,
3379 3525 3570 3583 ἥντινα
3626 3540 3754 3577 συν-

2163 3618 2319 3684 έταξε
2373 3620 2468 3674 καὶ
2513 3618 2711 3690 ὥρισεν
2755 3620 2784 3672 6
2831 3617 2963 3682 Θεὸς
3016 3618 3304 3687 φυλάττειν
3348 3615 3591 3686 ἀπλανῆ,
3634 3616 3756 3687 ἦτοι

2161 3712 2261 3783 τὴν
2307 3711 2561 3783 πάροδον,
2597 3713 2693 3766 καὶ
2720 3711 2820 3782 τὴν
2867 3713 2933 3767 ἐν,
2963 3710 3099 3781 τῷδε
3132 3711 3212 3781 τῷ
3256 3710 3356 3782 βίῳ
3388 3710 3546 3782 ἡμῶν
3589 3710 3714 3763 ὁδόν
3736 3723 3752 3737 ·

2164 3804 2359 3869 ξύλον
2396 3804 2452 3860 δὲ
2483 3805 2677 3874 νόησον
2709 3804 2829 3858 ὅλον
2857 3804 2949 3858 τὸν
2992 3805 3122 3858 λαὸν
3150 3803 3245 3858 τοῦ
3271 3802 3561 3874 -Χριστοῦο
3605 3801 3754 3874 ζωὴν

2162 3893 2221 3948 δὲ
2251 3894 2351 3965 τὴν
2391 3894 2738 3963 Ἐκκλησίαν·
2756 3895 2894 3965 αὐτὴ
2920 3896 3030 3966 γάρ
3064 3898 3183 3950 ἐστι
3213 3898 3279 3968 ἣν
3317 3895 3545 3952 ἐκάλεσε
3577 3894 3756 3966 ζωὴν,

2162 3985 2238 4049 ὡς
2274 3985 2484 4057 μητέρα
2517 3982 2685 4040 οὖσαν
2730 3986 2948 4041 πάντων
2974 3987 3083 4040 τῶν
3132 3988 3193 4041 ἐν
3235 3986 3354 4057 Θεῷ
3385 3986 3614 4051 ζώντων
3635 4001 3650 4014 ⁸
3687 3987 3755 4056 ἥν

2164 4079 2243 4141 είς
2270 4077 2362 4131 τὸν
2388 4079 2560 4130 αἰῶνα
2593 4077 2952 4146 φυλάττουσιν
2987 4080 3053 4132 ἐκ
3077 4078 3172 4133 τοῦ
3206 4078 3381 4147 ὄφεως
3425 4076 3495 4131 τὰ
3542 4079 3757 4148 Χερου-

2165 4166 2283 4239 ϐὶμ,
2317 4168 2410 4222 καὶ
2444 4168 2514 4221 τὰ
2541 4168 2812 4239 Σεραφὶμ,
2857 4170 2948 4222 καὶ
2989 4170 3021 4239 ὴ
3050 4168 3279 4239 φλογίνη
3324 4166 3598 4238 ῥομφαία,
3631 4166 3756 4237 ἥτις

3963 3456 3965 3565 ψ

3964 3676 3965 3771 ψ

3963 3828 3965 3967 i

490 4257 578 4310 via
606 4264 692 4311 est
713 4258 779 4311 ad
808 4258 1046 4324 Patrem,
1068 4259 1283 4315 dicens:
1305 4259 1417 4330 Ego
1442 4277 1559 4314 sum
1587 4264 1673 4315 via
1698 4269 1760 4326 ω,
1792 4261 1873 4316 sic
1894 4261 2058 4315 etiam

2165 4260 2314 4313 ἐστὶν
2342 4261 2370 4313 6
2405 4256 2565 4327 λόγος
2594 4258 2687 4312 τοῦ
2720 4258 2877 4314 Θεοῦ.
2918 4261 2977 4313 'U
3011 4261 3120 4330 γὰρ
3154 4259 3286 4322 Θεὸς
3316 4258 3472 4329 ἡμῶν
3500 4258 3622 4328 πῦρ
3653 4275 3758 4311 κα-

484 4348 727 4404 Ecclesia
758 4349 916 4405 nobis
933 4359 1014 4405 est
1036 4351 1124 4406 via
1144 4351 1266 4406 vitae
1283 4353 1349 4407 ad
1371 4352 1588 4419 Filium,
1613 4353 1882 4409 dicentem
1904 4371 1919 4408 :
1948 4351 2058 4424 Ego

2165 4350 2489 4407 ταναλίσκον
2507 4350 2622 4404 ἐστί
2641 4366 2656 4382 ·
2682 4352 3053 4423 στρεφομένην
3076 4349 3133 4405 δὲ
3163 4352 3333 4423 αὐτὴν
3357 4351 3526 4419 λέγει,
3560 4351 3756 4421 ὥσπερ

483 4458 601 4496 sum
642 4444 752 4499 vita
778 4453 826 4497 η.
857 4443 1094 4514 Ideoque
1137 4445 1300 4500 etiam
1347 4447 1636 4516 coniugem
1677 4462 1856 4509 suam,
1890 4447 2057 4501 vitam

2168 4441 2509 4514 φρουροῦσαν
2552 4441 2651 4512 τὴν
2702 4442 3028 4513 Ἐκκλησίαν
3086 4441 3303 4511 κύκλῳ·
3341 4442 3435 4494 καὶ
3464 4439 3636 4493 πάλιν
3683 4440 3758 4502 ὼς

485 4534 812 4601 nominavit,
844 4544 903 4589 ut
929 4551 1052 4606 qua:
1083 4551 1185 4591 nos
1205 4536 1466 4592 animalia
1493 4538 1730 4593 viviﬁcet
1745 4547 1801 4594 et
1827 4538 2058 4594 deducat

2172 4536 2546 4607 στρεφομένην
2573 4537 2666 4589 τὸν
2697 4535 2833 4591 Θεοῦ
2872 4538 3032 4607 λόγον
3077 4537 3175 4591 ἀπ’
3205 4533 3435 4607 οὐρανοῦ
3470 4534 3615 4605 πρὸς
3657 4532 3758 4601 τὴν

562 4716 584 4759 1
616 4719 779 4778 Hebr.
816 4739 890 4790 tv,
924 4723 1014 4778 12.
1094 4734 1133 4762 ω
1158 4719 1317 4777 Joan.
1349 4734 1459 4781 xrv,
1483 4722 1535 4776 6.
1566 4722 1730 4776 n.bid.

1993 4878 2226 4938 NOTAE.

554 5035 674 5120 μί)
714 5034 857 5116 Cant
890 5036 1031 5105 ligno
1078 5035 1268 5120 crucis.
1320 5033 1506 5120 Graece
1567 5034 1707 5105 μετά
1758 5034 1851 5120 τοῦ
1898 5034 2058 5102 ξύλου

2169 5043 2591 5120 εοοεριμεβιιει.
2629 5047 2755 5120 nam
2791 5041 2913 5120 post
2947 5031 3104 5120 ὴμῷν
3128 5101 3141 5116 ι
3170 5030 3365 5120 posita.
3409 5039 3527 5120 erat
3561 5026 3755 5120 τελέει

485 5099 584 5162 τοῦ
620 5099 882 5173 σταυροῦ,
914 5099 1038 5173 qua:
1064 5105 1218 5176 aliter
1247 5106 1381 5160 verti
1425 5121 1531 5159 non
1567 5099 1831 5176 'possunt,
1895 5099 2058 5176 quam

2171 5099 2397 5176 στιγμή,
2416 5105 2633 5176 deinde,
2662 5099 2980 5176 ὁδὸν⁷ξύλου
2995 5099 3058 5154 δὲ
3083 5099 3299 5171 νόησον,
3316 5109 3424 5155 etc.
3459 5099 3751 5171 legendum

488 5195 608 5251 cum
634 5178 776 5251 ligno
810 5176 1021 5251 cruris;
1050 5175 1257 5251 _l_'a|sum
1292 5184 1376 5229 est
1432 5173 1620 5251 tamen
1664 5177 1722 5229 D.
1775 5173 2058 5251 ‘ChriStum

2169 5173 2498 5251 huL§v_66_riv.
2530 5174 2700 5227 Ξύλον
2722 5173 2780 5226 δὲ
2806 5175 2998 5251 νόησον
3026 5182 3130 5226 elc.
3148 5241 3175 5251 Δ
3278 5240 3303 5251 ,

488 5249 543 5304 in
589 5236 793 5324 inferos
828 5236 1178 5324 descendisse
1242 5262 1365 5324 cum
1429 5246 1575 5324 ligno
1639 5247 1839 5324 crucis,
1893 5261 2058 5324 quare

2191 5236 2359 5324 (ἓξ)
2390 5236 3018 5324 ϐἱνραμιιρθεηιεῃιίθις.
3071 5240 3411 5324 φοβεροῦσαν
3467 5238 3568 5309 τὴν
3627 5236 3755 5324 ἐξ-ς

488 5320 736 5383 suspicor
766 5318 1048 5386 legendum
1076 5331 1197 5370 esse
1230 5317 1367 5386 μετὰ
1397 5318 1458 5368 τὸ
1493 5316 1647 5382 ξύλον
1685 5316 1781 5369 τοῦ
1805 5315 2058 5389 σταυροῦ,

488 5390 541 5445 id
578 5399 682 5449 est,
726 5397 1014 5449 postquam
1044 5401 1240 5449 passus
1268 5396 1354 5442 est
1379 5388 1433 5440 in
1475 5387 1620 5449 ligno
1650 5388 1850 5442 crucis.

2173 5316 2404 5385 κλησίαν
2434 5315 2641 5384 κύκλῳ,
2680 5315 2893 5384 corrige
2921 5315 3286 5383 φρουροῦσαν,
3318 5319 3427 5365 etc.
3483 5315 3753 5395 φρουρεῖν

2172 5385 2358 5449 κύκλῳ
2389 5386 2520 5440 dicit
2549 5384 2690 5449 quod
2721 5383 2987 5438 Homerus
3010 5381 3364 5449 ἁμφιϐαίνειν
3387 5397 3402 5413 ο
3428 5377 3487 5449 ὃς
3504 5379 3754 5449 ,Χρύσην

488 5390 541 5445 id
578 5399 682 5451 est,
726 5397 1014 5457 postquam
1044 5401 1240 5455 passus
1268 5396 1354 5442 est
1379 5388 1433 5440 in
1475 5387 1620 5457 ligno
1650 5388 1850 5442 crucis.
1949 5387 1956 5389 ⁷
2172 5387 2358 5458 κύκλῳ
2389 5387 2520 5440 dicit
2549 5387 2690 5455 quod
2721 5387 2987 5438 Homerus
3010 5387 3364 5452 ἁμφιδαίνειν
3387 5397 3402 5413 ο
3428 5387 3487 5443 ὃς
3517 5387 3754 5449 Χρύσην

489 5458 788 5565 mea“?
817 5460 960 5513 omni
998 5458 1157 5510 mala.
1199 5456 1293 5513 Gr.
1338 5457 1510 5512 κακοῦ
1571 5457 1820 5522 παντίου,
1886 5454 2065 5510 scribe
2583 5471 2599 5486 ·
2630 5463 2684 5508 et
2709 5453 3028 5509 Callimach.
3063 5452 3205 5517 τοῖός
3236 5466 3295 5503 σε
3354 5447 3576 5522 βοηθόος
3637 5445 3754 5515 ἀμ-

668 5529 682 5565 ί

2171 5528 2488 5595 φιόἐὸηκεν.

2243 5597 2712 5668 (25)“Ᾱι·ἀ.ίησιν.
2732 5593 2926 5650 Scribe
2950 5592 3227 5648 ἀνάλυσιν.

492 5665 805 5736 conjeCturEt
839 5670 1062 5738 digessi,
1098 5668 1189 5736 qui
1224 5668 1363 5722 male
1398 5670 1713 5732 distinctus,
1740 5665 1879 5719 fmde
1897 5665 2058 5720 etiam
