4056 6148
460 308 599 374 1069

1528 314 1608 373 ΙΝ
1632 312 2158 373 HEXAEMERON
2200 311 2344 370 LIB.
2375 309 2511 370 XII.

3578 288 3722 353 1070

457 425 551 481 τοῦ
568 424 804 496 Χριστοῦ
826 424 1031 496 μεταλα
1038 424 1240 491 μϐάνου
1249 443 1332 481 σιν
1356 407 1646 498 τολμηρῶς
1662 428 1756 481 καὶ
1772 428 2023 494 ἀναξίως·
2060 469 2066 486 ,

2174 426 2272 480 bus
2291 421 2566 495 mysteriis
2587 420 2857 487 loquatur,
2877 413 2997 468 vide
3020 419 3077 465 ut
3098 422 3259 477 supra
3277 413 3330 460 et
3345 402 3504 470 infra,
3525 403 3724 473 smpins

459 515 594 586 ἄλλη
615 516 723 585 γὰρ
739 517 876 587 αὑτὴ
898 517 1045 587 παρά
1061 517 1161 587 τὴν
1180 517 1484 587 μετάληψιν
1499 518 1716 588 ἐκείνην
1729 535 1743 549 ο
1763 517 1885 570 ὅθεν
1900 517 2040 570 διδά-

464 624 608 661 σκων
623 609 771 677 ἡμᾶς
788 607 1106 677 ἀμφοτέρας
1126 606 1264 676 μετά
1281 607 1374 661 τοῦ
1393 609 1590 669 εἰπεῖν,
1609 608 1689 661 ὅτι
1714 606 1860 677 Ἐγώ
1874 611 1989 676 ειμι
2007 609 2038 660 ὁ

462 698 642 767 ἄρτος
662 697 772 764 τῆς
789 696 934 765 ζωῆς
952 701 984 752 ό
1002 699 1071 752 ἐκ
1087 699 1193 752 τοῦ
1218 697 1478 766 οὐρανοῦ
1496 700 1775 772 καταϐὰς,
1789 698 1931 750 τοῦτ’
1949 698 2041 749 ἕσς-

462 805 546 841 τιν
571 787 743 850 ὁΘεος
774 787 971 854 Λόγοςο
994 788 1110 852 καὶ,
1143 787 1285 842 Ἐάν
1310 805 1399 853 τις
1428 788 1591 857 φάγῃ
1628 789 1696 841 ἐκ
1725 788 1831 842 τοῦ
1859 788 2041 857 ἄρτου

464 879 682 932 τούτου
710 877 948 943 ζήσεται
980 882 1068 944 εὶς
1108 878 1217 932 τὸν
1243 877 1448 932 αἰῶναο
1467 880 1663 946 ἐπάγει
1697 879 1901 946 λέγων’
1937 881 2045 934 Καὶ

465 970 643 1039 ἄρτος
664 972 752 1023 οόν
783 971 896 1040 ἐγὼ
920 971 1092 1026 δώσω
1122 971 1293 1041 αὐτῷ,
1311 975 1344 1041 ἡ
1373 970 1509 1039 σάρξ
1544 973 1645 1041 μού
1665 974 1834 1035 ἐστιν,
1851 972 1919 1042 ἢν
1936 971 2046 1040 ἐγὼ

478 1059 638 1111 δώσω
659 1058 811 1126 ὑπὲρ
846 1058 991 1131 [τῆς]
1007 1059 1112 1113 τοῦ
1147 1060 1381 1127 κόσμου
1414 1058 1583 1125 ζωῆς.
1641 1060 1883 1123 Ἀκούεις
1919 1061 2047 1129 περὶ

467 1149 730 1218 διαφορᾶς
759 1150 1017 1220 βρώσεως
1043 1153 1107 1204 ὲκ
1129 1151 1222 1204 τοῦ
1245 1151 1409 1222 ἄρτου
1440 1151 1533 1203 τοῦ
1554 1152 1611 1217 ἐξ
1628 1151 1860 1221 ούρανοῦ
1882 1170 2050 1208 κατα-

470 1238 768 1300 ϐαίνοντος.
796 1241 923 1301 τοὺς
959 1239 1235 1303 ἐσθίοντας
1269 1240 1421 1295 εἶπεν
1442 1241 1589 1311 ἔχειν
1619 1242 1765 1315 ζωὴν
1795 1244 2012 1299 αἰώνιον
2033 1261 2046 1276 ⁸

470 1331 563 1382 ἐπὶ
593 1330 651 1383 δὲ
674 1332 771 1401 τῆς
807 1332 1011 1402 σαρκὸς
1050 1333 1108 1384 ού
1137 1332 1349 1385 τέθεικε
1381 1334 1538 1387 τοῦτο
1560 1351 1573 1363 ·
1607 1335 1729 1388 ὅθεν
1763 1337 1894 1407 περὶ
1925 1356 2052 1407 φριε-

473 1424 614 1476 κτῶν
662 1425 755 1477 καὶ
799 1425 1127 1495 ἀπορρήτων
1186 1428 1501 1497 μυστηρίων
1550 1427 1749 1492 λαλῶν,
1790 1430 1895 1501 δρα
1939 1431 2056 1494 πῶς

471 1516 594 1577 τοὶς
621 1516 818 1578 αὐτοὺς
857 1517 1118 1581 πολλάκις
1161 1517 1275 1573 ἄνω
1305 1521 1400 1572 καὶ
1427 1521 1579 1573 κάτω
1605 1521 2052 1593 ἀναλαμόἀνεται

472 1605 686 1672 λόγους.
719 1608 1079 1679 Μαινομένων
1127 1609 1237 1680 γὰρ
1264 1610 1428 1665 πάλιν
1468 1611 1603 1683 πρὸς
1641 1613 1906 1684 ἀλλήλους
1945 1615 2055 1667 τῶν

486 1695 748 1751 Ἰουδαίων
785 1700 878 1752 ἐπὶ
927 1703 992 1770 τῇ
1042 1701 1247 1773 ἀπορίᾳ
1300 1703 1394 1755 καὶ⁵
1434 1704 1798 1776 ἀκαταληψίᾳ·
1823 1705 1935 1760 τῶν
1968 1707 2054 1759 λόο

476 1805 610 1856 γων,
643 1790 792 1857 λέγει
825 1791 1140 1856 ἀκολούθως
1168 1792 1305 1863 πρὸς
1347 1795 1569 1859 αὐτοὺς,
1618 1796 1825 1865 Ἀμὴν,
1868 1798 2052 1867 ἀμὴν,

476 1878 630 1947 λέγω
657 1880 799 1948 ὑμῖν
821 1898 834 1910 ·
887 1882 974 1934 καὶ
1014 1882 1096 1945 δὶς
1125 1882 1267 1951 λέγω
1300 1884 1359 1937 τὸ
1392 1886 1556 1955 ἀμὴν
1593 1888 1681 1940 ἵνα
1709 1889 1881 1957 γνῶτε
1918 1891 2001 1943 ὅτι
2029 1893 2058 1945 6

476 1970 704 2040 οὐρανὸς
735 1973 829 2024 καὶ
865 1974 897 2043 ή
936 1973 1006 2042 γῆ
1036 1975 1452 2044 παρελεύσεται,
1486 1980 1535 2031 οἱ
1565 1979 1621 2032 δὲ
1663 1980 1811 2048 λόγοι
1844 1999 1945 2051 μου
1983 1985 2058 2054 μὴ

478 2060 842 2127 παρέλθωσιν,
896 2064 1010 2118 ἀλλ’
1044 2068 1125 2129 είς
1172 2068 1263 2120 τὸν
1303 2068 1476 2121 αίῶνα
1526 2072 1728 2142 ἑδραῖοι
1774 2072 2060 2144 διαμενοῦο

481 2165 586 2205 σιν.
614 2150 796 2219 Ἀμὴν
821 2154 976 2222 λέγω
1008 2155 1168 2224 ὑμῖν,
1192 2156 1301 2211 ἐὰν
1331 2159 1417 2227 μὴ
1461 2159 1688 2228 φάγητε
1720 2162 1834 2230 τὴν
1864 2166 2061 2235 σάρκα

2143 522 2281 576 idem
2311 524 2556 574 resumat
2576 525 2629 568 et
2649 521 2866 567 revocet
2892 525 2906 574 ;
2927 499 3365 573 disceptantibus
3384 503 3564 551 autem
3588 495 3726 550 invi-

2141 630 2256 670 cem
2280 611 2481 666 .lndaeis
2497 608 2640 679 quod
2665 616 2971 661 sermonem
3002 597 3154 651 illum
3181 608 3290 650 non
3308 597 3581 660 raperent,
3604 590 3740 657 μοι’-ί

2143 706 2220 776 git
2238 705 2318 759 eis
2333 701 2735 760 dicens:Amen,
2752 695 2914 749 Amen
2936 692 3051 745 dico
3069 688 3230 751 vobis,
3250 693 3303 740 et
3328 684 3407 738 bis
3422 682 3546 736 dico
3569 693 3724 733 amen

2146 806 2204 851 ut
2226 793 2572 865 cognoscatis
2615 790 2732 844 fore
2779 796 2839 841 ut
2883 784 3082 840 coelum
3109 788 3165 834 et
3203 787 3345 833 terra
3371 779 3727 844 prwteteant.

2147 903 2328 957 neque
2375 890 2705 957 praetereant
2741 880 2903 934 verba
2948 889 3087 937 mea,
3132 871 3226 929 sed
3276 870 3432 923 ﬁrma
3473 871 3731 920 maneant

2150 983 2203 1035 in
2255 987 2542 1035 aternnm.
2580 977 2739 1028 Amen
2786 974 2905 1026 dico
2931 968 3098 1030 robis,
3141 966 3243 1019 nisi
3284 955 3729 1016 manducaveritis

2151 1087 2362 1125 carnem
2394 1067 2524 1123 Filii
2543 1065 2767 1119 hominis
2791 1074 2839 1117 et
2866 1059 3097 1114 bibet-itis
3121 1056 3235 1124 ejus
3273 1052 3600 1120 sanguinem,
3630 1062 3733 1099 non

2152 1159 2408 1215 habebitis
2460 1159 2623 1213 vitam
2659 1164 2909 1209 wternam
2965 1149 3021 1201 in
3079 1146 3258 1208 vobis;
3305 1142 3393 1211 qui
3446 1138 3732 1191 mmulncat

2154 1268 2324 1306 meam
2356 1264 2565 1304 carnem
2610 1255 2659 1300 et
2689 1244 2819 1298 bibit
2856 1255 3028 1294 meum
3069 1235 3381 1306 sanguinem
3424 1229 3633 1283 habebit
3657 1227 3736 1278 vi-

2155 1357 2264 1399 tam
2299 1353 2579 1402 wternam,
2622 1346 2670 1391 et
2717 1350 2809 1405 ego
2853 1328 3179 1386 resuscitobo
3221 1341 3338 1379 eum
3366 1324 3423 1376 in
3453 1319 3736 1374 novissimo

2156 1438 2241 1490 die
2265 1445 2314 1486 γ.
2342 1434 2462 1503 Ipse
2501 1431 2650 1485 enim
2689 1436 2806 1491 est,
2859 1434 2915 1478 ut
2964 1423 3079 1492 jam
3110 1419 3308 1487 sa‘pius
3344 1415 3492 1476 dixi,
3528 1412 3734 1481 lignum

2157 1529 2304 1588 vitm.
2338 1524 2654 1586 vivitieans;
2684 1519 2786 1572 nisi
2810 1519 2880 1569 ita
2911 1514 3112 1576 credis,
3144 1512 3268 1565 audi
3299 1508 3441 1576 quod
3469 1503 3735 1572 sequitur,

2160 1619 2335 1690 pergit
2382 1617 2526 1670 enim
2576 1612 2716 1666 idem
2768 1608 3002 1662 Verbum
3067 1604 3255 1658 Deus:
3305 1600 3411 1675 Qui
3454 1601 3740 1649 mammia:

2164 1726 2332 1764 meam
2367 1721 2599 1766 carnem,
2642 1712 2689 1756 et
2720 1701 2848 1755 bibit
2889 1713 3058 1751 meum
3101 1693 3430 1764 sanguinem,
3478 1695 3653 1740 manet
3686 1685 3743 1736 in

2164 1819 2264 1865 me,
2295 1810 2344 1853 et
2374 1814 2464 1868 ego
2498 1799 2554 1850 in
2591 1795 2686 1848 illo
2718 1803 2763 1847 ι.
2800 1791 2916 1845 Non
2958 1788 3025 1841 de
3058 1784 3308 1856 pimsenti
3345 1796 3509 1837 carne
3540 1788 3741 1833 etsau-

2167 1893 2351 1962 gnine,
2409 1867 2612 1958 quippe
2654 1883 2946 1955 participes
2985 1878 3205 1932 fuerunt
3267 1874 3435 1926 Judas
3474 1877 3528 1924 et
3551 1867 3742 1920 Simon

2169 1984 2356 2051 Magus
2406 1979 2651 2049 corporis
2701 1984 2754 2030 et
2803 1970 3087 2042 sanguinis
3129 1965 3507 2028 Ettcltttt'islitl‘,
3552 1973 3745 2027 nempe

2174 2076 2334 2147 panis
2371 2082 2425 2128 et
2458 2070 2673 2129 calieis.
2716 2083 2890 2136 neque
2943 2073 3122 2118 tamen
3170 2059 3425 2115 Christus
3458 2054 3660 2108 mansit
3689 2052 3742 2103 in

2172 2172 2252 2225 eis
2287 2183 2464 2237 neque
2493 2166 2594 2235 ipsi
2628 2164 2681 2217 in
2717 2161 2960 2215 Christo.

478 2263 585 2299 mu
626 2249 763 2357 rio”
787 2267 891 2357 t?”
918 2252 1253 2357 drapdfaof”
1285 2254 1382 2307 καὶ
1421 2256 1595 2321 πίητε
1625 2258 1693 2313 τὸ
1741 2256 1885 2329 αἷμα
1909 2268 2117 2335 αὐτοῦ,
2160 2271 2273 2324 οὐκ
2323 2268 2493 2334 ἔχετε
2536 2259 2689 2326 ζωὴν
2733 2257 2975 2312 αἰώνιον
3015 2254 3084 2307 ἐν
3124 2249 3389 2314 ἑαυτοῖςο
3433 2248 3465 2299 ό
3512 2240 3749 2310 τρώγων

1787 2352 1808 2357 μ
2480 2356 2485 2357 ⁷
2547 2354 2556 2357 ’
2634 2354 2644 2357 ⁸
2836 2348 2845 2357 ³
3061 2347 3072 2357 ⁸
3136 2343 3147 2357 ‘
3275 2341 3285 2357 '
3437 2337 3462 2347 "
3525 2333 3747 2357 1..-..1_..

476 2357 596 2449 €01:
618 2340 994 2449 thrfdfxa',
1016 2345 1113 2449 an,”
1139 2347 1332 2449 “(war
1350 2349 1557 2449 μωίῖίξ
1583 2347 1748 2449 αἷμαζ
1777 2352 1902 2422 ἔχει
1934 2357 2086 2426 ("wine
2108 2333 2384 2419 ναὶώνιογέ,
2422 2354 2581 2423 κάγὼ
2616 2348 2956 2416 ἀναστήσω
3006 2343 3196 2400 αὐτὸν
3263 2341 3333 2394 ἐν
3387 2337 3462 2405 τῇ
3516 2333 3748 2402 ἐσχάτῃ

482 2428 711 2531 ἡμέρᾳ.-
725 2432 895 2531 ΑῘ-δτὲς
929 2434 1039 2531 γάρ
1067 2451 1236 2531 εστιν,
1272 2436 1348 2500 ὡς
1391 2437 1653 2504 πολλάκις
1698 2439 1874 2510 εἷπον.
1907 2450 1967 2501 τὸ
1997 2450 2150 2514 ξύλον
2189 2452 2287 2520 τῆς
2320 2449 2469 2518 ζωῆς
2496 2446 2558 2499 τὸ
2598 2432 2925 2510 ζωοποιοῦνο
2976 2441 3025 2492 εἰ
3064 2438 3119 2491 δὲ
3161 2436 3221 2489 ού
3257 2432 3553 2493 πιστεύεις,
3585 2429 3752 2481 ἄκου-

486 2537 582 2575 σον
627 2523 720 2610 τοῦ
765 2523 1107 2592 ἐπαγομένου
1136 2542 1149 2555 ·
1178 2526 1329 2595 λέγει
1370 2529 1497 2598 γὰρ,
1533 2531 1844 2600 ἀκολούθως
1882 2540 1910 2591 6
1953 2540 2084 2604 Θεὸς
2122 2542 2326 2610 Λόγος·
2367 2542 2431 2593 '0
2462 2538 2697 2608 τρώγων
2751 2553 2870 2605 μου
2895 2533 3007 2601 τὴν
3034 2531 3250 2598 adﬁxa:
3289 2526 3384 2582 καὶ
3426 2524 3751 2590 “burim”

484 2609 1252 2731 έιένει,
1489 2622 1788 2731 ἐπαύτῷ.
1827 2629 1902 2681 Οὐ
1943 2633 2074 2703 περὶ
2111 2609 2218 2703 τῆς
2244 2630 2530 2705 ὁρωμένης
2593 2627 2742 2698 αὐτῷ
2776 2624 2978 2697 σαρκὸς
3007 2622 3104 2677 καὶ
3131 2620 3363 2691 αἵματος
3406 2616 3588 2683 λέγει·
3622 2630 3753 2684 μετ-

488 2710 647 2763 έλασε
677 2711 788 2780 γὰρ
817 2712 915 2766 καὶ
954 2712 1176 2775 Ἰούδας.
1204 2715 1300 2769 καὶ
1344 2717 1527 2786 Σίμων
1566 2721 1594 2770 6
1628 2720 1818 2787 Μάγος
1847 2724 1941 2777 τοῦ
2005 2728 2257 2798 σώματος
2316 2728 2410 2782 καὶ
2470 2725 2567 2778 τοῦ
2599 2723 2830 2794 αἵματος
2872 2721 2970 2790 τῆς
3028 2715 3404 2790 εὐχαριστίας,
3452 2710 3546 2764 τοῦ
3586 2711 3753 2780 ἄρτου

489 2803 584 2856 καὶ
610 2820 703 2855 του
727 2803 1012 2873 ποτηρίου.
1041 2806 1158 2859 ἀλλ’
1200 2808 1262 2860 οὗ
1289 2808 1633 2880 κατῴκησεν,
1669 2814 1790 2866 οὐδὲ
1828 2818 2137 2887 μεμένηκεν
2168 2823 2227 2873 ὲν
2256 2820 2440 2882 αὐτοῖς
2469 2820 2497 2871 6
2522 2816 2778 2889 Χριστὸς,
2811 2813 2931 2867 οὐδὲ
2968 2812 3124 2865 αὐτοὶ
3183 2812 3241 2864 ὲν
3266 2806 3435 2877 αὐτῷ.

562 2919 659 2981 Τίς
718 2920 787 2989 δέ,
831 2921 981 2974 ἐστιν
1040 2924 1073 2991 ἠ
1132 2924 1339 2994 ἀληθὴς
1391 2926 1598 2999 βρῶσις
1657 2925 1761 2998 τῆς
1808 2939 2066 3009 μυστικῆς

2252 2936 2383 3007 Quae
2408 2944 2589 2992 autem
2633 2949 2757 2989 vera
2790 2932 2862 2986 sit
2895 2926 3247 2986 manducatio
3298 2923 3543 2994 mystica:
3574 2917 3757 2973 carnis

494 3010 696 3079 σαρκὸς
742 3011 835 3064 τοῦ
882 3013 1142 3083 Χριστοῦ,
1183 3017 1278 3069 καὶ
1308 3019 1361 3070 τί
1400 3020 1462 3072 τὸ
1515 3023 1571 3073 ἐν
1624 3023 1764 3097 αὐτῇ
1831 3029 2072 3098 κρυπτόο

388 3195 394 3199 .
496 3119 656 3199 μενον
686 3105 996 3199 ἀπόρρητον
1038 3103 1178 3178 αἷμα
1223 3111 1388 3164 αὑτοῦ
1429 3081 1918 3186 καταλιμπάνομεν
1963 3123 2077 3188 τοῖς

496 3193 847 3292 ἱκανώτερος
893 3196 990 3292 καὶ
1052 3204 1545 3292 γνωστικωτέροις,
1604 3203 1686 3270 οἷς
1744 3210 1849 3281 χρὴ
1910 3230 2077 3280 μετα-

492 3280 759 3337 διδοῦσιν⁶
818 3284 994 3337 ταῦτα
1048 3289 1181 3357 ἡμῖν
1234 3289 1448 3361 εἴρηται
1490 3295 1568 3357 είς
1602 3296 1686 3348 ,τὸ
1745 3280 2076 3369 σαφέστερον

497 3370 797 3441 βεϐαιῶσαι
825 3375 917 3427 τὸν
945 3377 1223 3448 ἀκροατὴν
1244 3420 1260 3443 ,
1293 3381 1376 3433 ὃτι
1405 3383 1464 3435 τὸ
1502 3384 1601 3453 μὲν
1633 3385 1785 3449 ξύλον
1817 3388 1879 3441 τὸ
1920 3388 2076 3457 λεγό-

499 3479 660 3531 μενον
685 3466 784 3533 τῆς
821 3464 966 3537 ζωῆς
1009 3468 1162 3525 οὐδὲν
1193 3468 1382 3540 ἕτερον
1425 3469 1481 3547 ᾗ,
1520 3475 1635 3528 ἀλλ’
1662 3477 1756 3547 ἡὴ
1797 3478 1892 3531 τοῦ
1938 3480 2074 3533 Θεοῦ

500 3556 800 3626 μετάληψίς
830 3574 890 3610 τε
930 3563 1025 3612 καὶ
1051 3560 1246 3624 ἕνωσις
1291 3565 1348 3617 ἐν
1376 3566 1452 3635 τῷ
1492 3567 1768 3639 ἀνθρώπῳ
1798 3570 1876 3640 τῷ
1910 3590 2075 3641 μετα-

496 3644 824 3716 λαμῦἁνοντι
863 3651 1058 3705 αὐτοῦ’
1090 3652 1151 3705 τὸ
1173 3653 1230 3707 δὲ
1263 3655 1451 3729 ἕτερον
1493 3659 1647 3723 ξύλον
1690 3663 1752 3714 τὸ
1783 3663 1876 3715 τοῦ
1911 3664 2076 3717 θανά-

495 3754 601 3845 του,
643 3743 945 3810 ποιητικὸν,
999 3746 1032 3809 ἡ
1084 3749 1433 3820 ἀντικειμένη
1489 3751 1717 3822 δύναμις
1758 3754 1852 3807 τοῦ
1901 3756 2077 3824 ὄφεως

496 3832 750 3900 ὑπάρχει.
785 3832 856 3883 Σὺ
883 3832 937 3886 δὲ
964 3834 1093 3887 ὅταν
1118 3837 1338 3901 ἀκούεις
1373 3841 1451 3893 ὅτι
1487 3842 1635 3896 ἔνδον
1682 3848 1741 3897 ὲν
1779 3844 1858 3916 τῷ
1898 3864 2077 3918 παρα-

494 3919 657 3990 δείσῳ
687 3923 781 3975 καὶ
806 3925 965 3992 μόνον
1006 3928 1123 3980 ἐστὶ
1148 3930 1209 3983 τὸ
1237 3931 1391 3996 ξύλον
1422 3937 1518 4004 τῆς
1549 3934 1694 4005 ζωῆς
1723 3938 1751 3989 6
1785 3938 1915 4002 Θεὸς
1938 3979 1953 4003 ,
1984 3941 2076 3992 καὶ

496 4012 578 4105 ότι
608 4013 754 4067 ἔνδον
783 4017 879 4068 σὺν
900 4020 1047 4089 αὐτῷ
1075 4020 1288 4091 ἔμεινεν
1314 4026 1346 4094 ἡ
1375 4028 1513 4097 γυνὴ
1546 4028 1709 4080 αὑτοῦ
1744 4033 1779 4100 ἠ
1809 4030 2075 4105 λεγομένη

405 4111 419 4121 °
496 4102 634 4175 ζωὴ,
685 4106 853 4173 γνῶθι
902 4110 1146 4180 ἀκριόῶς
1194 4114 1385 4187 ὅτιπερ
1430 4118 1529 4171 οὐκ
1575 4121 1722 4173 ἐστιν
1771 4102 1947 4186 ἐκτὸς
1977 4102 2077 4194 τῆς

509 4196 835 4269 Ἐκκλησίας
882 4202 1045 4274 ἑτέρα
1086 4222 1170 4270 τις
1218 4209 1402 4273 πίστις
1442 4211 1938 4283 μεταλαμϐάνουσα
1981 4217 2076 4270 τοῦ

496 4286 631 4340 Θεοῦ
664 4292 881 4363 καὶτῆς
914 4293 1171 4364 βρώσεως
1206 4300 1373 4354 αὐτοῦ
1401 4320 1413 4334 ·
1448 4305 1542 4355 καὶ
1568 4304 1650 4356 ὅτι
1693 4306 1720 4358 6
1751 4307 1827 4376 μὴ
1854 4308 1918 4359 ἐκ
1947 4308 2066 4361 ταύε

2184 4321 2270 4367 cat
2302 4320 2355 4365 et
2384 4308 2543 4376 bibit,
2580 4317 2638 4362 ut
2660 4307 2738 4361 ait
2767 4304 3003 4359 Verbum
3037 4321 3049 4356 :
3080 4311 3195 4356 tum
3224 4297 3461 4367 denique
3490 4305 3758 4362 nusquam
3842 4297 3860 4319 ⁶

494 4397 596 4487 της
632 4383 864 4452 τρώγων
894 4388 988 4440 καὶ
1018 4390 1209 4456 πίνων,
1231 4392 1306 4455 ὡς
1332 4391 1542 4461 (Λόγος
1584 4399 1771 4466 φησιν,
1812 4401 1915 4452 οὐκ
1965 4400 2077 4470 ἔχει

498 4469 645 4576 ςωὴν
668 4476 906 4576 αἰώνιον,
956 4482 1059 4576 καὶ-
1098 4482 1180 4534 ὅτι
1229 4483 1470 4552 οὐδαμοῦ
1507 4488 1655 4540 ἐστιν
1690 4489 1722 4558 ἡ
1752 4487 1868 4560 ζωὴ
1909 4469 2023 4543 και
2046 4495 2079 4562 ἡ

498 4563 650 4627 ζῶσα
686 4569 889 4633 πίστις,
922 4573 970 4625 εἰ
1003 4573 1077 4642 μὴ
1121 4573 1231 4628 ἔσω
1259 4575 1395 4629 ὅπου
1434 4576 1504 4630 τὰ
1538 4578 1651 4643 ζῶα
1693 4582 2077 4652 ἐναπέμειναν,

496 4657 594 4709 καὶ
642 4659 674 4726 ὴ
715 4659 851 4729 γυνὴ
900 4662 934 4730 ἡ
989 4660 1102 4734 ζωὴ
1150 4665 1249 4718 σὺν
1292 4667 1478 4730 αὐτοῖς
1509 4669 1738 4741 πλησίον
1776 4672 1873 4725 τοῦ
1924 4673 2082 4738 ξύλου

495 4749 593 4803 τοῦ
630 4751 834 4816 ζῶντος
870 4756 970 4822 τῆς
995 4755 1164 4827 ζωῆςο
1191 4762 1319 4830 περὶ
1352 4757 1421 4834 ἦς
1449 4767 1710 4831 γυναικὸς
1751 4768 1844 4821 καὶ
1873 4770 2079 4841 γέγρα-

498 4858 632 4895 πται
655 4844 840 4898 πάλινο
860 4847 1046 4915 Ἀδὰμ
1073 4848 1141 4903 δὲ
1169 4851 1324 4921 ἔγνω
1355 4855 1526 4909 Εὔαν
1550 4858 1668 4925 τὴν
1698 4860 1955 4928 γυναῖκα
1977 4865 2083 4916 αὑ-

498 4929 639 4995 τοῦ,
684 4935 781 4987 καὶ
830 4938 1233 4993 συλλαϐοῦσα
1260 4941 1467 4998 ἔτεκεν
1513 4949 1684 5011 υἱὸν,
1725 4951 1822 5003 καὶ
1864 4947 2033 5005 εἶπεν
2064 4968 2077 4982 ο

500 5020 896 5094 Ἐκτησάμην
937 5026 1256 5097 ἄνθρωπον
1276 5033 1374 5088 διὰ
1403 5037 1511 5091 τοῦ
1537 5040 1705 5103 Θεοῦ,
1737 5045 1808 5096 οὺ
1835 5042 1932 5096 διὰ
1969 5043 2079 5097 τοῦ

502 5111 714 5181 ὄφεως,
750 5117 810 5168 οὐ
843 5117 933 5171 διὰ
974 5119 1070 5172 τοῦ
1107 5120 1286 5187 ξύλου,
1335 5127 1396 5179 οὐ
1436 5127 1526 5180 διὰ
1562 5130 1662 5200 τῆς
1710 5131 1986 5203 βρώσεως,
2020 5135 2081 5187 οὐ

608 5207 708 5277 τῆς
725 5212 1044 5307 παρακοῇς,
1172 5214 1258 5268 διὰ
1286 5217 1388 5287 τῆς
1429 5221 1695 5291 κατάρας,
1722 5222 1842 5277 οὐδὲ
1868 5224 1955 5278 διὰ
1986 5225 2084 5293 τῆς

499 5296 671 5368 ἄλλης
689 5302 784 5370 τῆς
799 5302 1017 5358 οἱασοῦν
1040 5305 1264 5375 εὐλόγου
1284 5310 1376 5361 καὶ
1402 5310 1598 5379 ἀλόγου
1628 5315 1975 5385 προφάσεως,
1990 5318 2082 5368 καὶ

495 5388 697 5478 ὁμοίας
715 5392 988 5461 πράξεωςο
1005 5395 1121 5449 ἀλλ’
1134 5398 1455 5472 ἐκτησάμην
1478 5402 1763 5476 ἄνθρωπον
1782 5406 1892 5474 ἐγὼ
1908 5409 1941 5478 ὴ
1960 5408 2080 5459 Ἐκ-

495 5475 701 5549 κλησὶα
724 5481 812 5536 διὰ
831 5481 924 5537 τοῦ
942 5483 1101 5545 Θεοῦ,
1119 5485 1264 5540 τοῦτ’
1284 5488 1401 5543 ἔστι
1418 5475 1675 5563 Χριστοῦ,
1695 5495 1819 5549 ὃθεν
1851 5496 1901 5549 οἱ
1930 5475 2078 5550 ἄλλοι

584 5710 614 5752 γ
636 5698 798 5759 Joan.
824 5723 897 5771 vt,
919 5711 1009 5777 54,
1033 5713 1123 5771 55.
1204 5726 1225 5753 ι
1254 5718 1383 5773 ibid.
1411 5718 1500 5777 57.
1577 5732 1601 5761 α
1640 5719 1776 5776 Gen.
1821 5736 1893 5783 tv,
1932 5720 1982 5784 i.
2007 5720 2060 5777 ‘2.

2183 3029 2410 3092 Christi,
2438 3028 2629 3098 quisve
2656 3024 2949 3081 inell‘nbilis
2980 3019 3204 3090 sanguis
3238 3016 3359 3087 ejus
3388 3015 3441 3067 itt
3466 3028 3530 3067 ea
3562 3025 3747 3066 recom

2183 3121 2351 3186 ditus,
2390 3119 2521 3173 illud
2559 3116 2783 3172 omnino
2825 3112 3164 3170 doctioribus
3197 3120 3251 3164 et
3289 3106 3641 3178 peritioribus
3672 3117 3730 3159 re

2188 3212 2401 3281 liano,
2436 3210 2568 3264 illud
2598 3210 2796 3283 quibus
2824 3225 2921 3279 par
2947 3214 3030 3261 est
3063 3204 3289 3258 omnino
3312 3195 3677 3261 tradentibus,
3709 3204 3764 3249 et.

2186 3306 2299 3359 haec
2344 3304 2528 3359 oniuia
2565 3318 2595 3355 a
2653 3301 2813 3355 nobis
2845 3301 2987 3354 dicta
3034 3302 3181 3359 sunt,
3227 3301 3289 3347 ut
3334 3290 3539 3360 liquido
3579 3293 3762 3358 pateat

2184 3397 2531 3452 audientibus
2572 3395 2775 3465 lignum
2842 3390 2987 3464 quod
3023 3388 3147 3442 vitae
3196 3384 3396 3440 dicitur
3434 3378 3568 3434 nihil
3616 3377 3758 3431 aliud

2186 3489 2354 3541 fuisse
2386 3501 2550 3557 quam
2584 3483 3063 3539 manducationem
3102 3476 3192 3530 Dei
3224 3484 3277 3530 et
3306 3472 3427 3541 ejus
3464 3467 3759 3523 adunatio~

2186 3591 2308 3630 nem
2364 3576 2418 3628 in
2477 3574 2702 3628 homine
2732 3585 2856 3625 eum
2896 3568 3300 3623 manducante.
3351 3561 3579 3614 alterum
3630 3570 3760 3609 vero

2184 3669 2393 3738 lignum
2430 3675 2662 3720 mortem
2694 3664 2932 3732 pariens,
2969 3659 3102 3713 nihil
3135 3656 3282 3711 aliud
3325 3667 3492 3723 quam
3541 3647 3759 3717 opposi-

2187 3770 2297 3813 tam
2334 3758 2602 3827 serpentis
2631 3755 2949 3825 potentiam.
2993 3749 3186 3819 Tuque
3216 3746 3381 3815 igitnr
3416 3759 3539 3797 eum
3571 3738 3761 3793 audies

2185 3855 2359 3909 solum
2394 3867 2515 3906 esse
2542 3851 2593 3902 in
2621 3847 2877 3919 paradiso
2917 3846 3122 3915 lignum
3165 3842 3287 3896 vitae
3324 3839 3512 3901 Deum,
3545 3848 3760 3903 unaque

2185 3962 2313 4000 eum
2341 3960 2405 3998 eo
2438 3941 2715 3997 mulierem
2753 3954 2875 4009 qua:
2904 3940 3011 3991 vita
3036 3936 3234 3989 dicitur
3264 3928 3616 3986 remansisse.
3644 3941 3760 3980 cer-

2189 4045 2243 4089 to
2278 4034 2420 4089 scias
2444 4042 2597 4087 extra
2631 4030 2927 4085 Ecclesiam
2962 4042 3069 4081 non
3098 4038 3223 4078 esse
3253 4021 3418 4076 aliam
3447 4020 3603 4071 tidem
3634 4032 3758 4085 qua:

2192 4126 2280 4180 llei
2325 4124 2594 4195 particeps
2633 4124 2724 4187 sit,
2756 4131 2809 4174 et
2858 4119 2966 4174 cibi
3024 4118 3169 4187 ejus,
3212 4113 3381 4168 simul
3433 4112 3598 4165 etiam
3633 4124 3756 4163 cum

2189 4234 2295 4273 non
2323 4218 2523 4273 habere
2563 4216 2725 4269 vitam
2772 4222 3030 4267 aeternam
3063 4207 3156 4278 qui
3185 4223 3251 4262 ex
3281 4220 3346 4259 eo
3375 4219 3481 4256 non
3529 4199 3760 4253 mandu-

2187 4404 2313 4459 alibi
2341 4403 2504 4459 vitam
2538 4401 2801 4455 exsistere
2831 4406 2885 4452 et
2912 4409 3094 4450 veram
3130 4392 3406 4445 viventem
3464 4386 3624 4440 tidem
3655 4382 3758 4436 nisi

2188 4498 2357 4560 intus,
2395 4495 2486 4548 ubi
2517 4492 2818 4549 animantia
2862 4493 3245 4543 remanserunt
3295 4493 3349 4535 et
3379 4495 3504 4535 cum
3536 4477 3619 4532 eis
3653 4476 3762 4530 vita

2189 4588 2410 4649 mulier,
2437 4586 2589 4654 juxta
2618 4585 2828 4654 lignum
2864 4580 3055 4634 vivens
3088 4579 3232 4632 vitze.
3286 4574 3360 4635 De
3399 4588 3506 4643 qua
3535 4570 3765 4626 muliere

2187 4684 2241 4731 et
2266 4674 2445 4729 adhuc
2481 4672 2746 4740 scriptum
2783 4678 2867 4724 est
2901 4686 2913 4723 :
2965 4668 3138 4722 Adam
3176 4681 3295 4720 vero
3339 4663 3578 4733 cognovit
3630 4675 3761 4713 uxo-

2192 4778 2302 4816 rem
2318 4777 2471 4815 suam
2505 4759 2691 4825 Evam,
2737 4774 2854 4830 quia
2888 4759 3124 4827 concepit
3166 4766 3215 4810 et
3258 4755 3455 4825 peperit
3492 4751 3648 4813 Cain,
3681 4752 3764 4803 di-

2189 4870 2306 4908 cens
2337 4869 2354 4908 :
2384 4852 2609 4909 Possedi
2632 4852 2891 4905 hominem
2921 4866 3013 4920 per
3052 4850 3362 4913 Dominum,
3408 4863 3506 4902 non
3533 4861 3626 4916 per
3652 4861 3764 4898 ser-

2190 4958 2394 5017 pentem
2428 4959 2477 5011 ι,
2500 4962 2609 5001 non
2632 4961 2727 5015 per
2754 4945 2983 5016 lignum,
3005 4960 3113 4997 non
3150 4958 3244 5013 per
3263 4941 3762 5001 manducationem,

2190 5055 2298 5094 non
2357 5053 2451 5108 per
2484 5037 2765 5102 delictum,
2802 5050 2909 5090 non
2943 5051 3040 5106 per
3088 5033 3554 5094 maledictionem.
3588 5047 3765 5101 neque

2191 5130 2409 5185 tandem
2464 5144 2557 5198 per
2590 5128 2753 5182 aliam
2789 5127 3095 5197 quamlibet
3136 5139 3359 5180 causam
3397 5124 3511 5178 sive
3534 5124 3760 5192 justam,

2190 5222 2304 5275 sive
2353 5220 2615 5289 injustam
2643 5260 2658 5285 ,
2707 5220 2791 5273 vel
2831 5214 3063 5271 similem
3106 5213 3401 5284 quamdam
3465 5213 3759 5275 actionem,

2191 5311 2282 5365 sed
2344 5311 2565 5381 possedi
2608 5309 2909 5369 hominem,
2969 5321 3073 5376 ego
3130 5303 3377 5358 Ecclesia
3436 5317 3529 5370 per
3568 5299 3763 5365 Deum,

2190 5419 2383 5474 nempe
2442 5403 2720 5457 Christum
2754 5443 2769 5466 ,
2830 5400 2976 5454 umle
3030 5397 3119 5451 alii
3171 5397 3498 5463 interpretes
3546 5393 3636 5462 qui
3670 5407 3761 5446 se-

2187 5496 2297 5548 cuti
2340 5503 2469 5548 sunt
2523 5490 2913 5565 Symmachum
2951 5485 3168 5546 eximie.
3197 5484 3340 5539 hanc
3365 5495 3556 5537 vocem
3582 5478 3763 5540 reddi-
