4056 6148
311 286 444 350 1071

1515 294 1573 351 s.
1614 293 2014 353 ANASTASII
2039 296 2362 355 suarm:
3240 361 3248 376 ,
3435 281 3586 364 1072‘

311 403 460 456 dere.
491 398 621 455 Nam
653 417 750 472 pro
771 404 982 474 possedi
1005 405 1269 460 hominem
1297 421 1388 473 per
1418 405 1720 470 Dominum,
1753 424 1884 462 unus

1996 409 2104 462 τῶν
2153 410 2504 480 ὲρμηνευτῶν
2564 413 2613 464 oi
2693 413 2820 483 περὶ
2891 412 3190 483 Σύμμαχον
3251 415 3570 485 θαυμασίως

306 495 532 565 scripsit
562 496 772 564 possedi
793 497 1057 552 hominem
1095 517 1214 553 cum
1251 498 1496 567 Domino,
1554 502 1603 553 id
1629 511 1752 566 est,
1793 504 1888 556 i30-

307 587 506 640 minem
536 588 838 642 adunatum
880 588 1134 655 Domino,
1165 607 1359 660 nempe
1395 591 1670 646 hominem
1707 593 1882 663 ipsum

305 677 468 731 simul
499 689 555 732 et
584 679 774 733 Deum.
806 681 961 735 Alter
989 697 1118 736 vero
1155 681 1446 752 iiimrpres,
1467 683 1677 752 possedi
1714 684 1885 737 homi-

305 785 421 822 nem
447 769 756 835 Dominum,
792 773 950 842 quasi
993 775 1230 841 diceres,
1283 775 1562 831 hominem
1602 775 1795 841 Deum,
1825 787 1884 830 ut

303 871 357 914 et
391 861 631 916 Thomas
669 863 808 918 dixit
845 864 915 924 ei.
956 863 1174 920 Domine
1205 867 1296 930 mi,
1327 878 1376 921 et
1404 867 1544 921 Deus
1573 869 1646 922 mi
1679 869 1725 923 δ.

1993 500 2327 554 ὲκδεδὼκασι
2353 501 2452 573 τὴν
2481 503 2740 576 τοιαύτην
2781 507 2988 573 φωνήν.
3039 507 3182 558 Ἀντί
3215 509 3324 579 γὰρ
3355 509 3450 560 τοῦ
3491 514 3572 563 εί-

1995 595 2138 644 πεῖν·
2173 595 2562 662 Ἐκτησιὶμην
2579 596 2898 664 ἄνθρωπον
2937 597 3036 650 διὰ
3066 597 3174 651 τοῦ
3207 601 3382 662 Θεοῦ,
3417 604 3444 653 ὁ
3475 604 3570 672 μὲν

1993 683 2165 737 εἶπεν·
2197 687 2586 757 Ἐκτησάμην
2642 689 2959 758 ἄνθρωπον
3007 691 3132 744 σὺν
3182 693 3396 760 Κυρίῳ,
3422 695 3572 747 τοῦτ’

1992 780 2138 832 ἐστιν
2206 780 2493 852 ἄνθρωπον
2551 785 2830 854 ἡνωμένον
2879 785 2958 854 τῷ
3023 787 3234 858 Κυρίῳ,
3280 787 3414 843 Θεὸν
3443 789 3570 843 ὄντα

1989 869 2128 938 ὁμοῦ
2171 888 2230 923 τε
2283 872 2446 927 αὐτὸν
2499 876 2594 927 καὶ
2645 875 2951 946 ἄνθρωπον.
3000 879 3058 929 ’0
3086 877 3142 930 δὲ
3182 878 3368 950 ἕτερος
3407 881 3571 934 πάλιν

303 950 412 1004 τῶν
465 954 836 1024 ἐρμηνευτῶν,
881 956 1261 1026 Ἑκτησὰμην
1318 957 1633 1028 ἄνθρωπον
1689 962 1927 1027 Κύριον,
1969 960 2230 1032 ἔγραψεν,
2264 963 2352 1018 ἵνα
2409 964 2574 1036 εἴπῃς
2629 966 2920 1037 ἄνθρωπον
2963 966 3096 1021 Θεὸν
3148 969 3292 1023 καθὰ
3331 972 3422 1023 καὶ
3452 972 3571 1024 Θω-

307 1045 412 1115 μᾶς
435 1041 564 1099 εἷπε
615 1046 756 1118 πρὸς
809 1049 996 1116 αὐτὸν,
1045 1050 1106 1104 '0
1145 1051 1360 1120 Κύριός
1383 1069 1520 1120 μου,
1550 1051 1649 1105 καὶ
1680 1055 1712 1106 ό
1745 1055 1888 1118 Θεός
1919 1071 2060 1122 μου.

376 1157 666 1214 Benedicta
729 1169 787 1214 t-u
844 1161 899 1214 in
938 1171 1218 1230 posterum
1261 1164 1399 1217 inter
1440 1165 1718 1228 mulieres,
1769 1165 1885 1219 sola

304 1251 436 1314 vita,
462 1259 518 1304 et
547 1253 786 1321 g-enitrix
813 1253 955 1318 vitae,
985 1263 1161 1307 mater
1189 1253 1450 1315 lidelium,
1472 1254 1702 1308 illustris
1730 1253 1886 1308 Chri-

303 1339 376 1394 sli
413 1349 584 1392 mater
607 1339 880 1407 Ecclesia,
929 1337 1133 1412 conjiu.
1163 1343 1466 1412 spiritualis
1513 1343 1644 1398 Adae
1677 1343 1798 1408 Dei,
1833 1354 1887 1398 et

305 1429 628 1485 benedictus
657 1431 870 1486 fructus
905 1433 1114 1487 ventris
1142 1435 1241 1498 tui,
1277 1433 1570 1488 multitudo
1602 1435 1882 1506 nationum

2059 1165 2414 1236 Εὐλογημένη
2439 1166 2628 1220 λοιπὸν
2659 1169 2722 1221 σὺ
2753 1170 2812 1221 ὲν
2837 1171 3111 1236 γυναιξὶν,
3143 1170 3278 1240 μόνη
3313 1170 3446 1242 ζωὴ,
3474 1173 3568 1226 καὶ

1986 1256 2265 1327 ζωητόκος
2304 1260 2488 1330 μήτηρ
2516 1260 2625 1312 τῶν
2664 1262 2894 1326 πιστῶν,
2923 1263 3200 1331 πολύφατε
3232 1265 3410 1334 μῆτερ
3436 1267 3570 1335 Χρι-

1988 1349 2114 1402 στοῦ
2149 1350 2469 1420 Ἐκκλησία,
2500 1353 2532 1421 ἡ
2570 1349 2804 1421 σύζυγος
2833 1353 2924 1406 τοῦ
2972 1355 3347 1424 πνευματικοῦ
3395 1357 3568 1426 Ἀδὰμ

1983 1439 2076 1492 τοῦ
2096 1440 2232 1493 Θεοῦ
2257 1456 2270 1468 ·
2300 1440 2394 1494 καὶ
2421 1440 2786 1512 εὐλογημένος
2819 1445 2846 1495 ὁ
2869 1444 3082 1514 καρπὸς
3097 1444 3196 1514 τῆς
3223 1443 3430 1510 κοιλίας
3449 1461 3566 1511 σου,

304 1521 628 1588 viventium,
673 1533 730 1578 tu
765 1523 912 1578 enim
950 1525 1070 1579 sola
1111 1525 1410 1594 possedisti
1469 1525 1744 1579 hominem
1792 1542 1884 1594 per

1987 1533 2012 1584 ὁ
2041 1532 2169 1596 λαὸς
2203 1532 2312 1585 τῶν
2351 1533 2570 1598 ζώντων
2624 1534 2794 1588 ὲονῶν
2825 1551 2838 1564 ·
2872 1537 2935 1588 σὺ
2984 1535 3091 1604 γὰρ
3148 1536 3245 1588 καὶ
3299 1537 3436 1608 μόνη
3471 1539 3567 1590 ὲκ-

304 1610 502 1676 Deum,
535 1629 729 1683 nempe
761 1615 1000 1669 Verbum
1050 1616 1172 1670 sine
1217 1616 1448 1678 semine,
1484 1631 1580 1685 per
1613 1632 1671 1670 se
1707 1617 1886 1671 subsi-

304 1711 474 1768 stens,
499 1706 718 1774 quando
746 1707 1005 1775 cognovit
1030 1708 1311 1762 mulierem
1339 1721 1518 1770 suam,
1547 1724 1709 1778 quam
1737 1708 1886 1777 prius

311 1799 556 1853 condidit
596 1799 708 1870 ('52)
753 1801 908 1867 quasi
959 1801 1198 1870 ignotam
1242 1801 1349 1855 sibi
1407 1809 1460 1854 et
1497 1815 1618 1856 sese
1673 1801 1726 1854 in
1760 1817 1885 1856 cum

306 1889 532 1946 minime
585 1902 1022 1968 Convertenlem.
1056 1892 1136 1947 Tu
1173 1905 1325 1948 casta
1357 1903 1410 1947 et
1444 1909 1568 1962 pars
1610 1893 1739 1950 Adae
1769 1894 1882 1957 Dei,

302 1997 429 2036 eum
462 1983 718 2053 quaelibet
753 1984 858 2038 alia
883 1983 1018 2041 ﬁdes
1048 1986 1117 2039 ab
1148 2000 1217 2040 eo
1245 1995 1504 2040 extranea
1549 1986 1619 2040 sit
1651 1995 1704 2039 et
1731 2001 1884 2054 pere-

307 2075 491 2145 grina.
525 2077 602 2130 Te
647 2079 940 2133 aediﬁcavit
978 2079 1080 2134 sibi
1127 2079 1180 2132 in
1223 2081 1447 2134 domum
1485 2089 1539 2134 et
1577 2081 1882 2148 mulierem,

303 2168 538 2238 reliquis
589 2171 850 2225 omnibus
887 2171 1216 2226 mulieribus
1254 2172 1350 2226 tibi
1391 2173 1754 2228 dissimilibus
1792 2189 1880 2228 ec-

303 2259 508 2325 clesiis,
543 2276 664 2330 quae
714 2263 768 2317 in
809 2262 946 2318 orbe
993 2273 1140 2330 sunt,
1177 2263 1409 2325 relictis,
1453 2264 1506 2317 in
1559 2279 1744 2320 errore
1771 2281 1884 2318 ma-

305 2351 581 2406 nentibus.
615 2353 695 2408 Tu
728 2355 841 2410 sola
890 2370 952 2408 os
995 2371 1058 2410 ex
1097 2341 1316 2411 ossibus
1361 2357 1550 2412 solidae
1581 2359 1886 2417 divinitatis

301 2443 447 2514 ejus,
486 2454 541 2500 et
573 2461 703 2501 caro
729 2463 794 2501 ex
831 2463 996 2502 carne
1027 2447 1387 2502 humanitatis
1416 2449 1534 2518 ejus
1567 2450 1619 2503 in
1651 2466 1757 2520 qua
1789 2451 1886 2504 ab-

303 2537 519 2592 scondit
563 2539 902 2594 divinitatem
929 2555 1088 2594 suam
1121 2539 1598 2605 ineomminutam,
1621 2558 1684 2594 ος.
1734 2542 1878 2596 enim

303 2649 410 2688 non
447 2635 856 2689 comminuetur
883 2650 946 2689 ex
979 2650 1066 2689 eo.
1117 2635 1158 2688 Τ
1168 2651 1200 2688 ιι
1236 2635 1352 2689 sola
1383 2650 1414 2688 a
1449 2633 1568 2688 viro
1601 2647 1694 2690 tuo
1731 2650 1886 2689 acce—

302 2731 393 2791 pta
411 2723 480 2778 ab
502 2739 568 2779 eo
586 2723 887 2793 concepisti
910 2731 965 2777 et
994 2723 1279 2793 peperisti,
1298 2723 1558 2790 nullaque
1578 2725 1704 2784 alia,
1725 2724 1882 2792 quasi

303 2815 488 2868 omnia
521 2815 625 2868 alia
650 2815 906 2884 quaelibet
935 2817 1072 2870 ﬁdes
1103 2830 1169 2868 ex
1202 2816 1320 2869 viro
1351 2831 1452 2870 suo
1483 2826 1733 2884 serpente
1756 2833 1884 2870 con-

1987 1627 2139 1694 τήσω
2170 1625 2456 1695 ἄνθρωπον
2484 1627 2724 1696 ἄσπορον
2753 1628 2842 1681 διὰ
2884 1627 2979 1680 τοῦ
3025 1629 3184 1695 Θεοῦ,
3206 1630 3400 1698 Λόγον,
3437 1631 3568 1683 ὑπο-

1989 1715 2187 1767 στάντα
2246 1714 2312 1768 δι’
2341 1715 2540 1769 ἑαυτοῦ
2568 1757 2582 1780 ,
2621 1717 2788 1788 ἡνίκα
2838 1717 3042 1785 ἕγνωσε
3078 1719 3176 1788 τὴν
3202 1721 3440 1787 γυναῖκα
3469 1723 3566 1773 αὐ-

1985 1805 2081 1860 τοῦ
2108 1806 2175 1877 ἢν
2204 1807 2268 1858 τὸ
2293 1810 2422 1872 πρὶν
2453 1808 2666 1864 ἔκτισεν
2696 1809 2771 1872 ὡς
2813 1809 3114 1877 ἀγνοοῦσαν
3149 1812 3242 1864 καὶ
3265 1811 3418 1864 οὔπω
3445 1814 3568 1864 ἐπι-

1989 1900 2328 1968 στρέιρουσαν
2363 1900 2500 1970 πρὸς
2531 1902 2714 1954 αὐτόν.
2746 1903 2820 1956 Σὺ
2871 1903 3106 1975 πλευρὰ,
3137 1905 3232 1957 καὶ
3275 1904 3442 1976 μέρος
3471 1905 3564 1956 τοῦ

1998 1989 2168 2059 Ἀδὰμ
2194 1989 2351 2055 Θεοῦ,
2381 1991 2488 2044 τῶν
2510 1991 2716 2044 λοιπῶν
2750 1994 2942 2047 πασῶν
2972 1995 3230 2060 πίστεων,
3262 1993 3430 2058 ξένων
3470 1997 3567 2048 αὺ-

1984 2080 2078 2134 τοῦ
2113 2083 2209 2136 καὶ
2239 2083 2555 2152 ἀλλοφύλων
2603 2083 2780 2137 οὐσῶν
2834 2085 2892 2138 σὲ
2921 2085 3276 2157 ᾠκοδόμησεν
3336 2089 3414 2150 εἰς
3444 2088 3566 2140 ἑαυ-

1941 2242 1946 2246 _
1984 2174 2079 2226 τοῦ
2133 2169 2282 2233 οἷκον
2341 2177 2437 2228 καὶ
2495 2179 2726 2242 γυναῖκα
2779 2176 2888 2228 τῶν
2913 2179 3118 2230 λοιπῶν
3155 2177 3432 2246 γυναικῶν
3459 2179 3566 2232 τῶν

1985 2265 2328 2336 Ἐκκλησιῶν
2355 2267 2462 2318 τῶν
2490 2267 2548 2318 ἐν
2590 2268 2779 2336 κόσμῳ
2822 2267 2929 2320 τῶν
2968 2266 3040 2338 μὴ
3087 2267 3349 2320 τοιούτων
3397 2287 3568 2321 κατα-

1985 2357 2354 2426 λελειμμένων
2412 2358 2684 2428 μεινιεσῶν
2741 2362 2806 2430 τῇ
2863 2359 3060 2430 πλάνῃ.
3143 2360 3215 2412 Συ
3274 2359 3372 2412 καὶ
3427 2360 3566 2429 μόνη

1985 2449 2176 2503 ὀστοῦν
2209 2452 2275 2503 ἐκ
2303 2449 2410 2502 τῶν
2437 2451 2641 2502 ὀστέων
2667 2451 2768 2520 τῆς
2802 2451 3037 2522 στερρᾶς
3069 2450 3330 2522 Θεδτητος
3377 2453 3563 2514 αὑτοῦ,

1990 2539 2084 2592 καὶ
2113 2537 2250 2607 σὰρξ
2279 2540 2342 2590 ἐκ
2363 2539 2460 2607 τῆς
2497 2538 2700 2608 σαρκὸς
2725 2539 2826 2606 τῆς
2859 2540 3282 2610 ἀνθρωπὸτητος
3311 2539 3476 2595 αὑτοῦ
3508 2543 3567 2593 ὲν

1986 2625 2018 2701 ᾗ
2052 2629 2254 2699 ἔκρυψε
2280 2629 2377 2699 τὴν
2417 2628 2650 2698 Θεὸτητα
2668 2629 2835 2682 αὑτοῦ
2864 2629 3229 2700 ἁσύντριπτον
3251 2650 3262 2662 ’
3285 2632 3346 2684 τὺ
3374 2635 3566 2686 ὀστοῦν

1985 2724 2094 2794 γὰρ
2124 2723 2290 2776 αὑτοῦ
2319 2723 2380 2776 οὐ
2419 2724 2868 2794 συντριϐήσεται.
2902 2725 2974 2778 Σὺ
3013 2727 3108 2778 καὶ
3160 2727 3294 2798 μόνη
3359 2728 3424 2780 ἐκ
3467 2726 3564 2780 τοῦ

1987 2813 2181 2883 ἀνδρός
2217 2829 2314 2866 σου
2349 2813 2614 2884 ἐλήφθης,
2653 2815 2747 2868 καὶ
2801 2815 3093 2880 συνέλαϐες
3123 2818 3218 2870 καὶ
3272 2817 3457 2882 ἔτεκες
3505 2818 3565 2883 ἐξ

297 2905 473 2974 cipiat
517 2915 680 2974 atque
732 2907 924 2974 pariat.
973 2904 1072 2958 Tui
1113 2921 1304 2960 amore
1353 2917 1638 2975 correptus
1677 2915 1884 2960 amatur

1987 2903 2174 2968 αὐτοῦ,
2201 2904 2297 2956 καὶ
2326 2902 2460 2975 ἄλλη
2493 2902 2835 2975 οὐδεμία,ὼς
2862 2906 2970 2960 τῶν
3001 2908 3238 2962 πίστεων
3259 2911 3323 2961 ἐκ
3345 2908 3438 2960 τοῦ
3468 2908 3564 2960 ἀν-

306 3005 433 3051 tuus
456 2997 718 3050 bellacem
761 2996 1072 3051 .ludmorum
1119 2997 1402 3066 populum,
1448 3006 1503 3051 et
1539 3013 1729 3051 eorum
1765 3015 1880 3052 ma-

299 3094 442 3142 trem
500 3088 806 3142 adulteram
842 3103 1158 3158 synagogen
1207 3088 1426 3157 reliquit
1460 3089 1666 3156 tibique
1705 3089 1884 3142 adlim-

305 3179 398 3246 sit,
436 3187 491 3235 et
520 3180 897 3250 agglutinatus
926 3188 1010 3233 est
1045 3179 1261 3232 mulieri
1299 3195 1412 3233 sum
1445 3179 1674 3232 omnino
1698 3179 1881 3236 incor-

303 3281 502 3342 ruptae,
549 3272 796 3342 factique
827 3273 962 3327 estis
1029 3272 1080 3325 in
1130 3288 1294 3326 unam
1330 3288 1576 3336 carnem,
1628 3273 1680 3326 in
1717 3290 1883 3326 unum

305 3379 532 3433 corpus.
587 3364 642 3418 in
675 3380 844 3419 unum
885 3373 1138 3420 sanctum
1177 3379 1400 3434 corpus,
1445 3365 1500 3418 in
1529 3381 1696 3420 unum
1729 3366 1883 3420 Chri-

307 3464 476 3519 stum,
518 3453 574 3508 in
611 3471 775 3510 unam
809 3455 994 3522 ﬁdem,
1031 3455 1086 3510 in
1127 3471 1299 3510 unum
1346 3471 1589 3526 gregem,
1625 3457 1680 3510 in
1717 3473 1885 3512 unum

307 3552 604 3610 pastorem,
661 3544 888 3614 reliquis
937 3545 1199 3599 omnibus
1251 3544 1508 3615 gregibus
1562 3553 1617 3600 et
1672 3544 1888 3614 populis

308 3637 512 3693 multos
541 3649 792 3708 pastores
822 3649 874 3693 et
897 3637 1232 3708 impostores
1265 3637 1618 3693 habentibus.
1647 3635 1722 3692 Te
1743 3636 1890 3692 Deus

307 3739 494 3800 utpote
510 3740 792 3786 venustam
819 3731 884 3786 ad
903 3729 1102 3784 Filium
1135 3745 1297 3785 suum
1319 3729 1605 3783 mulierem
1634 3727 1886 3793 adduxit,

307 3838 430 3876 cum
467 3823 690 3893 reliquae
721 3839 914 3880 omnes
959 3825 1238 3888 mulieres,
1279 3825 1439 3894 quasi
1474 3825 1792 3880 meretiiecs
1834 3832 1890 3877 et

307 3912 585 3978 adulterae,
639 3911 786 3968 foras
814 3923 1080 3984 vagentur
1117 3923 1173 3968 et
1213 3914 1594 3985 inquinentur.
1626 3913 1745 3967 Tibi
1784 3913 1887 3968 soli

308 4005 702 4074 evaiigi-lizavit
740 4006 949 4072 dicens,
995 4016 1046 4061 te
1086 4007 1154 4062 ad
1189 4007 1366 4061 virum
1417 4017 1570 4061 tuum
1604 4006 1885 4061 Christum

307 4109 634 4148 conversum
682 4095 778 4162 iri;
828 4099 987 4165 quasi
1037 4097 1268 4168 reliqua:
1308 4112 1600 4168 synagoga:
1630 4111 1755 4151 eum
1788 4097 1890 4150 mi-

307 4185 454 4238 nime
502 4185 800 4255 respiciant
845 4198 898 4241 et
942 4187 1008 4242 ad
1041 4204 1164 4243 eum
1216 4188 1443 4242 minime
1478 4195 1884 4241 convertantur.

306 4278 484 4342 Quare
503 4277 778 4332 benedicta
801 4279 996 4332 iterum
1023 4281 1166 4334 inter
1192 4279 1448 4334 mulieres
1473 4289 1524 4332 tu
1543 4278 1681 4345 sola,
1698 4295 1730 4330 υ
1748 4277 1884 4330 mul-

307 4371 376 4422 tis
429 4372 648 4426 coronis
684 4371 959 4438 redimita,
992 4374 1198 4428 mullos
1253 4373 1392 4427 ﬁlios
1439 4373 1598 4426 enixa
1628 4379 1682 4425 et
1713 4369 1883 4424 multa

307 4461 428 4516 luce
461 4463 674 4531 lnlgens
702 4463 944 4520 Ecclesia
973 4465 1063 4518 Dei
1093 4466 1321 4530 Clll’i~li,
1353 4474 1408 4519 tu
1443 4465 1558 4519 sola
1594 4465 1736 4517 intrr
1757 4479 1879 4516 mu-

308 4553 468 4608 lieres
495 4553 802 4619 benedicta,
839 4556 987 4610 nulla
1021 4557 1147 4622 alia,
1184 4565 1240 4611 tu
1271 4557 1414 4610 enim
1447 4557 1560 4609 sola
1593 4570 1622 4608 a
1655 4555 1881 4608 Domino

309 4657 402 4698 tuo
455 4645 780 4712 dominaris,
815 4648 1039 4717 reliquis
1071 4649 1294 4702 omnino
1328 4648 1540 4716 pupulis
1573 4650 1674 4700 εοιι
1709 4645 1882 4714 impe-

310 4735 396 4788 rio
441 4735 698 4790 draconis
741 4739 1113 4793 manentibus.
1148 4737 1227 4791 Τιι
1270 4738 1442 4792 hostis
1479 4745 1530 4790 et
1580 4753 1887 4806 propugna-

308 4829 414 4880 trix
446 4828 560 4896 (55)
596 4827 820 4894 invicta,
857 4838 912 4884 et
939 4830 1272 4886 interfectrix
1307 4830 1595 4898 serpentis,
1633 4844 1757 4882 eum
1797 4847 1886 4881 rc-

309 4919 460 4989 liqua
504 4920 714 4988 quaevis
745 4920 850 4974 alia
885 4922 1018 4977 ﬁdes
1070 4923 1119 4976 ei
1165 4921 1336 4976 amica
1375 4923 1445 4975 sit
1475 4921 1690 4990 propria
1721 4929 1773 4974 et
1801 4923 1886 4974 cli~

311 5011 472 5066 lecta.
503 5011 580 5066 Te
612 5013 787 5068 solam
831 5013 998 5068 vitam
1046 5013 1264 5068 vocavit
1294 5013 1458 5068 vitam
1488 5013 1746 5068 fcrtmlem
1781 5030 1890 5066 ma-

311 5113 450 5160 trem
491 5115 740 5162 nostrum
800 5107 1050 5164 omnium
1102 5123 1197 5177 per
1249 5119 1300 5162 te
1343 5108 1680 5172 viventium,
1733 5109 1888 5178 quasi

387 5238 416 5281 1³
450 5239 609 5295 Joan.
641 5257 732 5308 xx,
760 5241 850 5296 28.

1987 2994 2109 3064 δρὸς
2145 2994 2325 3046 αὐτῶν
2351 2994 2528 3063 ὄφεως
2557 2995 3055 3066 συλλαμῦανουσῶν
3095 2998 3190 3050 καὶ
3235 2997 3558 3050 τικτουσῶν.

1986 3087 2090 3140 Σοῦ
2129 3087 2381 3156 ἐρασθεὶς
2413 3088 2440 3139 ὁ
2471 3086 2562 3150 σὸς
2617 3087 2856 3157 ἐραστὴς
2899 3088 3108 3158 Ἰησοῦς
3169 3089 3430 3142 κατέλιπε
3469 3089 3563 3141 τὸν

1989 3177 2252 3247 πολέμιον
2275 3179 2403 3231 λαὸν
2451 3178 2747 3245 Ἰουδαίων,
2781 3181 2875 3233 καὶ
2905 3181 3004 3250 τὴν
3041 3179 3326 3250 μοιχαλίδα
3353 3181 3565 3252 μητέρα

1988 3267 2156 3320 αὑτοῦ
2192 3267 2525 3336 Συναγωγὴν
2547 3309 2564 3334 ,
2593 3267 2687 3320 καὶ
2743 3268 2879 3338 πρὸς
2905 3268 2966 3320 σὲ
3013 3267 3302 3338 ἐκολλήθη,
3335 3268 3471 3340 πρὸς
3502 3267 3562 3318 σὲ

1987 3360 2086 3426 τὴν
2119 3359 2465 3428 πανάφϐορον
2493 3361 2729 3426 γυναῖκα
2762 3358 2954 3422 αὐτοῦ,
2981 3357 3076 3411 καὶ
3104 3358 3367 3426 γεγόνατε
3397 3357 3449 3410 οἱ
3471 3357 3566 3408 δύο

1989 3453 2068 3512 εἰς
2099 3453 2278 3518 σάρκα
2308 3449 2460 3518 μίαν,
2498 3450 2578 3513 είς
2617 3449 2794 3518 ψυχὴν
2822 3447 2974 3519 μίαν,
3008 3449 3090 3510 εἰς
3151 3447 3378 3518 καρδίαν
3412 3447 3562 3516 μίαν,

1990 3544 2065 3605 εἰς
2096 3542 2154 3596 ἓν
2191 3544 2349 3612 σῶμα
2379 3585 2394 3608 ,
2421 3544 2503 3605 εἰς
2559 3541 2618 3593 ἓν
2647 3541 2805 3610 ἆγιον
2857 3541 3037 3610 σῶμα,
3069 3543 3147 3603 εἰς
3181 3540 3276 3592 ἕνα
3308 3537 3561 3610 Χριστὸν.

1989 3635 2069 3697 είς
2105 3636 2234 3701 μίαν
2265 3634 2568 3698 πίστιν,είς
2613 3633 2741 3703 μίαν
2779 3633 3036 3702 ποίμνην,
3063 3633 3143 3695 είς
3175 3631 3272 3685 ἕνα
3295 3629 3521 3702 ποιμένα
3545 3646 3557 3659 ·

1987 3728 2098 3780 τῶν
2128 3726 2332 3779 λοιπῶν
2361 3725 2548 3778 πασῶν
2599 3724 2813 3792 ἁγελῶν
2844 3725 2937 3777 καὶ
2985 3724 3130 3777 λαῶν
3177 3723 3404 3786 πολλοὺς
3442 3740 3564 3774 ποι-

1959 3819 2160 3890 ’μένας
2191 3817 2286 3870 καὶ
2338 3817 2578 3880 πλάνους
2632 3817 2866 3886 ἐχόντων
2897 3858 2912 3882 ,
2965 3817 3172 3886 ἢγαγεν
3217 3817 3246 3868 ὁ
3301 3815 3433 3878 Θεὸς
3486 3815 3564 3878 ὡς

1990 3905 2200 3976 ὡραίαν
2231 3903 2366 3974 πρὸς
2397 3903 2487 3957 τὸν
2533 3904 2654 3957 ι’ίὸν
2709 3903 2874 3957 αὐτοῦ
2907 3905 2988 3966 είς
3017 3907 3252 3968 γυναῖκα
3275 3943 3288 3967 ,
3317 3905 3427 3956 τῶν
3455 3905 3568 3956 λοι-

1991 3999 2109 4052 πῶν
2147 3997 2334 4051 πασῶν
2363 3996 2642 4064 γυναικῶν
2671 3997 2746 4060 ὡς
2775 3996 3060 4067 πορνάδων
3095 3998 3190 4050 καὶ
3245 3996 3564 4068 μοιχαλίδων

1991 4090 2096 4155 ἔξω
2137 4089 2492 4161 ρεμϐομένων
2516 4091 2616 4144 καὶ
2635 4089 3036 4160 μολυνομένων.
3067 4089 3156 4142 Σοὶ
3186 4092 3280 4142 καὶ
3314 4089 3446 4160 μόνῃ
3470 4090 3530 4142 εὖ
3549 4119 3564 4127 ~

1991 4181 2342 4252 ηγγελίσατο,
2378 4181 2554 4250 λέγων
2577 4183 2659 4234 δτι
2693 4181 2828 4252 πρὸς
2858 4183 2952 4234 τὸν
2992 4181 3163 4251 ἄνδρα
3201 4197 3294 4232 σου
3332 4181 3564 4251 Χριστὸν

1920 4253 1963 4306 υ
1997 4273 2154 4326 ἔσται
2180 4276 2212 4344 ἡ
2247 4274 2568 4344 ἀποστροφή
2609 4289 2724 4340 σου,
2755 4273 2828 4335 ὡς
2855 4273 2962 4324 τῶν
2991 4271 3196 4324 λοιπῶν
3228 4273 3564 4339 συναγωγῶν

2001 4368 2077 4437 μὴ
2105 4367 2550 4438 ἐπιστρεφουσῶν
2576 4383 2706 4418 ποτε
2733 4365 2868 4434 πρὸς
2897 4364 3050 4444 Θεὸν,
3080 4365 3160 4417 διὸ
3201 4365 3564 4435 εὐλογημένη,

1999 4461 2162 4516 πάλιν
2198 4460 2366 4526 λέγω,
2393 4459 2457 4510 σὺ
2480 4461 2539 4512 ἐν
2564 4457 2802 4526 γυναιξὶ,
2837 4459 2900 4511 σὺ
2931 4458 3092 4526 μόνη,
3118 4451 3162 4509 ὦ
3194 4457 3566 4522 πολυστέφανε

1997 4554 2094 4606 καὶ
2125 4551 2421 4605 πολύτεκνε
2474 4549 2570 4604 καὶ
2604 4549 2889 4617 πολῦᾳωτε
2931 4549 3066 4601 Θεοῦ
3103 4547 3395 4619 Ἐκκλησία
3426 4549 3565 4617 Χρι-

1999 4644 2152 4708 στοῦ,
2192 4645 2257 4696 σὺ
2289 4643 2427 4714 μόνη
2457 4641 2802 4710 εὐλογημένη
2827 4640 2883 4691 ὲν
2909 4639 3128 4706 γυναιξί
3149 4655 3164 4669 '
3198 4641 3230 4708 ἡ
3257 4637 3390 4708 ἄλλη
3417 4639 3566 4694 οὐδε-

2000 4736 2098 4806 μία
2125 4751 2139 4766 ο
2175 4735 2255 4788 ὅτι
2284 4736 2347 4788 σὺ
2392 4735 2526 4804 μόνη
2557 4733 2670 4799 ὑπὸ⁸
2695 4733 2900 4802 Κυρίου
2924 4731 3032 4784 τῶν
3071 4731 3282 4801 κυρίων
3310 4730 3564 4802 ὲκυριεὺ-

1995 4826 2131 4896 οης,
2169 4827 2388 4879 πάντων
2441 4826 2549 4876 τῶν
2596 4823 2770 4878 ἄλλων
2825 4823 2968 4876 λαῶν
3019 4823 3124 4875 ὑπὸ
3150 4821 3244 4874 τοῦ
3273 4821 3567 4890 δράκοντος

1997 4917 2424 4990 κυριευομένων.
2467 4917 2538 4970 Σὺ
2567 4911 2617 4968 εἷ
2645 4915 2812 4986 ἐχθρὰ
2834 4915 2927 4966 καὶ
2967 4914 3110 4983 μάχη
3146 4913 3246 4977 τῆς
3276 4912 3564 4979 ἀκαταγώ-

1997 5025 2176 5070 νιστος
2203 5009 2301 5060 καὶ
2340 5007 2633 5078 ἁναιρὲτης
2659 5005 2752 5059 τοῦ
2779 5005 2978 5074 δεεως,
3017 5003 3205 5055 πασῶν
3230 5001 3352 5078 ξτῶν
3391 5001 3564 5054 ἄλλων

1998 5103 2237 5153 πίστεων
2267 5101 2435 5169 φίλων
2461 5103 2555 5154 καὶ
2581 5099 2726 5152 ἰδίων
2755 5099 2850 5151 καὶ
2876 5097 3175 5166 ἀγαπητῶν
3200 5094 3560 5166 uerno-Lam,

1826 5378 2055 5434 NOT/E.

384 5586 497 5652 ('52)
535 5587 869 5654 Quonim-ins
901 5586 1156 5641 condidit.
1192 5585 1265 5641 Ita
1299 5589 1442 5640 hunc
1474 5587 1651 5641 lorum
1679 5588 1886 5638 (τονιηηὶ

320 5656 520 5727 quisic
559 5659 609 5708 in
643 5674 745 5727 ms.
774 5655 840 5727 ἣν
868 5657 930 5708 τὸ
964 5659 1094 5727 πρὶν
1135 5660 1168 5726 ἡ
1195 5657 1370 5718 κτίσις
1407 5657 1482 5718 ὡς
1550 5656 1850 5727 ἀγνοοῦσα-θ
1873 5674 1885 5687 ·

325 5723 465 5776 unde
491 5735 635 5781 certe
669 5726 742 5778 nil
770 5723 893 5781 elici
924 5723 1167 5796 unquam
1186 5736 1362 5796 potest
1391 5747 1401 5780 :
1438 5729 1554 5796 lego
1588 5728 1653 5797 ἢν
1683 5726 1739 5778 τὸ
1764 5727 1889 5796 πρῖν

2031 5603 2232 5640 κτίσεν.
2261 5603 2365 5640 CIC.

1997 5603 2210 5636 εκῖισεν
2334 5603 2365 5640 ι.

2069 5657 2182 5721 (35)
2215 5595 2710 5725 ίῖῗῑίξνοριιςηαινὶξε.
2734 5651 2898 5709 Ftcde
2923 5651 3027 5708 Ms.
3067 5650 3216 5724 μάχη
3243 5645 3341 5718 τῆς
3363 5661 3374 5674 ⁸
3403 5643 3560 5701 unica

1999 5742 2130 5780 voce
2159 5727 2450 5797 legendum
2480 5727 2752 5797 μαχητής.
