4056 6148
346 303 485 370 1075

1555 315 1616 374 S.
1637 306 2036 372 ANASTASII
2078 309 2403 371 SiNAlT/ﬁ

3475 317 3611 383 1076

343 415 663 485 armaturis,
694 417 998 484 instructa,
1047 435 1171 489 quae
1201 417 1298 474 tibi
1349 419 1714 476 immortalem
1751 431 1805 477 et
1838 423 1918 475 in-

2030 419 2400 490 κεντρίζουσα,
2430 417 2522 471 καὶ
2546 415 2872 487 φυτεύονσα,
2897 415 2990 474 καὶ
3016 423 3288 496 orn-asper
3324 425 3426 494 τῆς
3457 430 3478 450 ⁶
3509 429 3610 496 κη-

345 517 661 578 corrnptam
683 511 854 568 vitam
883 520 1146 569 aeternam
1167 513 1501 569 custodiant.
1531 513 1609 568 Te
1637 514 1925 586 Seraphim

345 610 625 667 tueantur,
664 611 715 658 te
745 618 838 657 sex
857 603 958 659 alae
992 612 1198 673 tegant,
1227 605 1410 658 throni
1467 613 1706 672 cessent,
1739 607 1927 661 multis

343 693 524 748 oculis
552 694 778 763 praedita
808 702 1076 761 cernant,
1113 695 1210 748 tibi
1266 696 1610 765 principatus
1658 697 1924 761 serviant,

340 785 600 852 potentia!
634 785 970 848 ministrent,
1006 784 1236 838 virtutes
1271 786 1622 840 ancillentur.
1662 785 1740 840 Te
1771 801 1928 853 reges

341 875 593 938 adorent,
637 876 958 930 sacerdotes
991 875 1332 946 gloriﬁcent,
1372 887 1431 931 ut
1470 877 1758 932 hominum
1793 877 1927 932 cho-

343 984 452 1023 rea:
485 979 535 1024 te
568 969 884 1033 celebrent,
939 981 990 1024 Ie
1019 969 1270 1026 nationes
1314 981 1618 1038 exornent,
1649 980 1699 1026 te
1730 973 1928 1042 lingua:

343 1061 645 1117 diiandcut.
673 1062 944 1130 Quoniam
977 1061 1143 1132 igitur
1174 1072 1228 1118 tu
1263 1064 1404 1130 sola,
1445 1079 1622 1134 neque
1656 1065 1762 1119 ulla
1795 1066 1924 1130 alia,

343 1166 373 1204 ιι
409 1151 524 1204 riro
557 1158 654 1204 tuo
683 1147 909 1206 Christo
940 1151 1099 1204 talem
1129 1161 1184 1205 et
1211 1161 1417 1206 tantam
1444 1151 1676 1222 gloriam
1728 1161 1784 1207 et
1826 1153 1928 1206 hoc

345 1258 536 1297 norem
561 1240 756 1298 sortita
773 1258 856 1307 es,
887 1258 988 1296 oro
1021 1253 1072 1298 te
1101 1253 1156 1298 et
1182 1244 1428 1298 obtestor
1472 1253 1664 1314 utpote
1695 1253 1924 1299 matrem

345 1353 522 1394 meam
554 1345 611 1393 et
643 1338 912 1392 nutricem
944 1352 976 1392 a
1003 1338 1208 1392 teneris
1251 1337 1565 1408 unguiculis
1599 1346 1654 1392 et
1683 1354 1714 1391 a
1749 1338 1924 1408 majo-

343 1427 521 1492 ribus,
555 1443 622 1481 ne
649 1429 876 1482 desinas
907 1443 1106 1497 purum
1140 1428 1368 1482 verbum
1406 1437 1559 1482 tuum
1589 1429 1672 1483 lac
1699 1445 1728 1483 e
1754 1445 1927 1483 mam-

345 1519 450 1573 mis
481 1519 590 1574 tuis
621 1518 755 1572 mihi
819 1518 1006 1589 largiri
1047 1529 1108 1573 ut
1164 1519 1291 1574 inde
1347 1528 1398 1574 te
1458 1531 1693 1590 tuosque
1753 1537 1926 1591 agnos

342 1612 644 1681 discipulos
676 1611 894 1666 lactem.
942 1607 1020 1665 Ne
1064 1611 1285 1666 desinas
1318 1612 1635 1682 incorrupta
1668 1611 1924 1670 columba

343 1705 522 1760 sancti
550 1704 813 1774 Spiritus,
834 1701 1079 1760 Ecclesia
1110 1705 1225 1768 Dei,
1262 1705 1316 1758 in
1342 1707 1508 1760 corde
1531 1721 1650 1760 meo
1683 1717 1922 1773 manere,

343 1805 397 1849 et
427 1795 788 1856 inambulare.
822 1793 1008 1864 ibique
1040 1794 1246 1849 multos
1265 1809 1362 1864 per
1385 1811 1470 1851 me
1493 1796 1674 1865 pullos
1707 1813 1920 1866 parere.

344 1886 422 1940 Ne
457 1884 792 1956 dedignaris,
821 1899 855 1937 ο
886 1883 988 1937 viri
1024 1899 1218 1939 amans
1245 1893 1301 1938 et
1332 1899 1442 1939 uno
1481 1887 1600 1938 viro
1645 1895 1922 1952 contenta,

343 1975 548 2030 Christi
573 1983 758 2028 turtur
779 1989 846 2028 ex
877 1989 971 2028 ore
1002 1981 1093 2028 tuo
1115 1972 1298 2028 cibum
1327 1972 1557 2028 sationis
1581 1975 1636 2028 in
1659 1991 1720 2030 os
1743 1993 1923 2030 meum

345 2067 662 2132 infundere,
696 2075 758 2120 ut
793 2065 917 2120 inde
953 2073 1003 2120 tc
1034 2063 1220 2135 tuique
1254 2066 1426 2120 niduli
1455 2067 1636 2136 pullos
1677 2067 1921 2124 vicissim

347 2157 586 2211 nutri-am
611 2173 624 2210 :
647 2171 714 2210 ne
737 2170 942 2218 cesses,
967 2171 998 2208 ο
1023 2155 1266 2210 οωιρειίε
1291 2156 1544 2224 luscinia,
1569 2159 1726 2212 suavi
1756 2167 1922 2214 cantu

346 2260 440 2304 tuo
465 2259 518 2304 et
547 2248 920 2302 modulatione
951 2262 1114 2303 aures
1146 2263 1295 2303 meas
1328 2248 1662 2312 demulcere,
1698 2259 1756 2305 ut
1786 2265 1927 2304 sem-

347 2356 444 2406 per
493 2338 680 2392 nidulo
711 2349 808 2393 tuo
849 2335 1324 2404 circumvolitans,
1357 2338 1533 2407 pullos
1581 2351 1700 2395 tuos
1749 2341 1924 2396 oblec-

347 2441 451 2485 tem
478 2431 615 2500 (42.)
643 2428 721 2484 Ne
745 2429 998 2495 moreris,
1027 2444 1060 2484 ο
1086 2431 1348 2499 perennis
1373 2430 1496 2486 fons
1515 2433 1639 2486 vita:
1660 2435 1924 2503 paradisi,

346 2541 375 2574 ιε
417 2521 796 2592 speculatione
827 2522 902 2575 tui
964 2519 1130 2576 Ede
1185 2521 1454 2576 scaturire
1497 2523 1656 2578 nobis
1695 2534 1928 2580 aeternos

345 2624 400 2669 et
436 2613 694 2684 Iimpidos
725 2623 850 2668 tuos
881 2613 1074 2668 latices
1105 2601 1242 2692 (ιβ),
1279 2623 1335 2666 ιιι
1358 2627 1501 2684 aqua
1527 2615 1652 2668 viva
1683 2624 1933 2671 saturare

347 2709 562 2777 possint
602 2708 901 2762 rationales
935 2707 1077 2762 istos
1107 2716 1162 2761 et
1191 2707 1464 2763 animatos
1493 2709 1678 2762 ovium
1709 2724 1923 2780 greges.

346 2801 392 2852 υ
423 2799 647 2869 pulchra
677 2810 732 2854 et
757 2798 981 2855 coronis
1005 2796 1256 2853 redimita
1293 2797 1436 2852 horti
1477 2790 1702 2862 cultrix,
1739 2815 1808 2853 ne
1831 2799 1927 2852 dc-

351 2891 594 2962 l'atigeris
625 2907 727 2947 nos
760 2891 1090 2948 inoculando
1116 2902 1174 2946 et
1202 2891 1634 2960 cmplastraudo,
1671 2898 1731 2943 ut
1762 2891 1924 2945 vicis-

349 2983 452 3038 sim
482 2984 811 3053 prOpagines
843 2993 970 3038 tuas
999 2983 1222 3055 pulchre
1247 2981 1540 3052 disponere
1559 2991 1612 3037 et
1644 2981 1924 3036 inoculare

2035 525 2171 572 πους
2203 509 2297 563 καὶ
2330 509 2718 579 παραδείσους,
2755 511 2851 564 καὶ
2881 513 2980 574 σὰς
3009 513 3250 582 ἀγγελ...
3287 515 3476 570 τέκνα.
3520 517 3614 570 Διὸ

2029 600 2094 670 δὴ
2122 600 2198 665 ὡς
2225 601 2449 672 τοιαύτῃ
2496 601 2742 672 φιλεργῷ
2783 609 2875 657 καὶ
2914 606 3152 678 οἰκουρῷ
3189 610 3282 661 καὶ
3316 607 3612 681 φιλάνδρῳ,

2031 690 2124 744 καὶ
2155 689 2496 764 φιλοστόργῳ
2524 693 2620 746 καὶ
2650 693 2905 767 ἀνδρείῳ,
2927 698 3021 750 καὶ
3041 696 3244 770 βοηθῷ,
3275 701 3368 752 καὶ
3390 699 3608 773 ὁπλίτῃ,

2031 782 2123 834 καὶ
2158 781 2416 852 μαχήτιδι
2447 781 2772 854 ὑπαρχούσῃ
2795 784 2893 836 καὶ
2909 785 2999 838 ἀεὶ
3015 785 3248 855 ἑτοίμως
3271 803 3332 839 τε
3359 788 3453 840 καί
3477 805 3614 857 προ-

2030 870 2220 940 θύμως
2246 869 2345 941 τὴν
2373 868 2554 942 ψυχὴν
2609 871 2751 944 ὑπὲρ
2783 874 2880 926 τοῦ
2908 873 3004 925 σοῦ
3047 874 3242 946 ἀνδρὸς
3280 876 3454 946 Ἀδὰμ
3487 877 3616 950 Χρι-

2031 961 2160 1016 στοῦ
2198 960 2413 1034 τιθείσῃ
2459 963 2555 1015 καὶ
2611 964 3108 1037 προκινδυνευούσῃ
3163 966 3342 1032 ἔταξε,
3388 969 3484 1023 καὶ
3508 971 3613 1022 ὑπ-

2029 1051 2187 1116 ἐταξὲ
2215 1068 2298 1104 σοι
2331 1051 2406 1116 ὡς
2437 1051 2670 1121 βασιλίδι
2700 1051 2772 1106 τὰ
2813 1053 3100 1125 Χερουϐὶμ
3129 1056 3452 1129 ὡπλισμένα
3495 1063 3614 1122 ταῖς

2030 1145 2382 1214 φλογιφόροις
2403 1146 2500 1198 καὶ⁵
2529 1145 2957 1218 ἀπεριστρόφοις
2979 1149 3454 1220 ρομφαιομόρφοις
3481 1169 3614 1205 παν-

2029 1235 2299 1306 τευχίαις,
2321 1237 2469 1299 ὅπως
2499 1253 2581 1290 σοι
2611 1236 2824 1308 ἀϐλαϐῆ
2847 1255 2906 1290 τε
2929 1238 3026 1291 καὶ
3053 1238 3324 1295 ἀθάνατον
3347 1240 3445 1312 τὴν
3467 1242 3613 1313 ζωὴν

2029 1322 2260 1392 ἀείζωον
2295 1329 2370 1382 τὰ
2428 1330 2713 1402 Χερουϐὶμ
2758 1330 3072 1399 φυλάττωσι
3091 1369 3108 1396 ,
3137 1331 3206 1385 τὰ
3232 1333 3484 1404 Σεραφὶμ
3513 1353 3612 1388 πε-

2031 1421 2262 1490 ριέπωσι
2295 1460 2312 1486 ,
2371 1421 2442 1475 τά
2494 1420 2847 1494 ὲξαπτὲρυγα
2893 1426 3195 1492 σκέπωσιν,
3247 1426 3296 1480 oi
3325 1424 3614 1496 Θρόνοιδι-

2030 1511 2377 1578 αναπαύωσι,
2429 1511 2496 1566 τά
2557 1513 2924 1585 πολυόμματα
2957 1516 3294 1570 ὲπιϐλέπωσι
3315 1557 3330 1583 ,
3365 1521 3421 1572 αἱ
3451 1521 3614 1590 ἀρχαὶ
3642 1541 3663 1555 ·

2006 1603 2380 1668 δουλεύωσιν,
2417 1605 2472 1656 αἱ
2497 1602 2736 1668 ἐξουσίαι
2758 1605 3106 1670 διακονῶσιν,
3147 1605 3204 1658 αἱ
3234 1607 3496 1678 δυνάμεις
3522 1609 3616 1661 λα-

2033 1693 2292 1766 τρεύωσι,
2325 1693 2566 1764 βασιλεῖς
2601 1696 3008 1766 προσκυνῶσιν,
3039 1697 3088 1748 οί
3115 1686 3279 1766 ἱερεῖς
3304 1697 3609 1768 ὰνυμνῶσι,

1963 1763 2101 1838 Bch
2154 1777 2282 1856 ἔθνη
2341 1787 2806 1856 κατακοσμῶσιν,
2862 1787 2918 1838 αἰ
2982 1786 3225 1854 γλῶσσαι
3289 1789 3610 1843 ἐπαινῶσιν.

2047 1878 2203 1931 Ἐπεὶ
2230 1874 2328 1930 οὖν
2359 1877 2423 1930 σὺ
2453 1877 2613 1948 μόνη,
2639 1880 2736 1930 καὶ
2762 1877 2887 1932 οὐδὲ
2931 1895 3016 1941 τις
3062 1879 3197 1952 ἄλλη
3233 1879 3492 1950 τοιαύτης
3520 1882 3612 1934 καὶ

2035 1967 2305 2040 τοσαύτης
2330 1969 2489 2038 δόξης
2514 1971 2608 2021 καὶ
2630 1969 2798 2040 τιμῆς
2833 1970 2986 2040 παρὰ
3009 1970 3103 2023 τοῦ
3139 1971 3234 2025 σοῦ
3283 1971 3479 2042 ἀνδρὸς
3506 1973 3613 2024 άπ-

2035 2061 2273 2124 έλαυσας
2306 2059 2564 2132 Χριστοῦ,
2594 2059 2784 2131 δέομαί
2817 2077 2908 2115 σου
2939 2063 3034 2116 καὶ
3077 2063 3342 2116 ἀντιϐολῶ
3369 2064 3446 2128 ῶς
3472 2064 3614 2134 ἐμῆς

2033 2153 2092 2220 ἐξ
2147 2152 2383 2208 ἁπαλῶν
2426 2153 2654 2222 ὀνύχων,
2696 2153 2792 2205 καὶ
2835 2154 2900 2206 ὲκ
2943 2155 3226 2224 προγόνων
3256 2155 3614 2226 ὑπαρχούσης

2037 2246 2244 2317 μητρὸς
2277 2245 2372 2299 καὶ
2401 2245 2626 2316 τροφοῦ,
2665 2245 2740 2316 μὴ
2775 2245 2948 2319 παίσῃ
2974 2246 3034 2300 τὸ
3077 2247 3168 2300 σὸν
3201 2249 3363 2317 μένος
3391 2247 3486 2300 τοῦ
3518 2265 3616 2300 κα-

2036 2337 2203 2408 θαροῦ
2245 2337 2344 2391 καὶ
2389 2337 2578 2390 ἀδόλου
2624 2337 2719 2390 τοῦ
2773 2337 2935 2406 λόγου
2990 2337 3264 2406 γάλακτος
3307 2339 3614 2393 ἐπιδιδοῦσα

2035 2431 2308 2494 πλουσίως
2335 2429 2494 2502 μσζῶ
2509 2449 2559 2494 ν,
2595 2432 2740 2494 ὅπως
2768 2432 2833 2483 ὲκ
2867 2431 2961 2486 σοῦ
2996 2447 3055 2482 τε
3094 2431 3334 2494 καὶτοὺς
3363 2433 3487 2496 σοὺς
3517 2449 3615 2488 κα-

2027 2523 2132 2586 λῶς
2190 2523 2412 2592 θηλάσω
2483 2523 2655 2592 ἄρνας
2703 2522 3079 2587 διδασκάλους.
3135 2524 3228 2596 Μὴ
3283 2526 3461 2596 πάντη
3515 2525 3611 2580 τοῦ

2030 2618 2186 2684 ἁγίου
2225 2615 2542 2687 Πνεύματος
2571 2615 2802 2678 ἄσπιλος
2826 2615 3126 2686 περιστερά
3152 2616 3454 2686 Ἐκκλησία
3473 2616 3610 2672 Θεοῦ

2030 2707 2088 2756 ὲν
2125 2707 2192 2775 τῇ
2221 2705 2330 2774 ἑ.μῇ
2371 2703 2570 2774 καρδίᾳ
2620 2705 2932 2766 ἐνοικοῦσα,
2967 2706 3062 2757 καὶ
3111 2707 3606 2776 εμπεριτιιιτοῦςτα⁸

2033 2798 2128 2848 καὶ
2160 2795 2388 2858 πολλοὺς
2421 2796 2675 2859 νεοσσοὺς
2703 2795 2772 2848 δι’
2797 2795 2934 2866 ἐμοῦ
2951 2799 3223 2864 γεννῶσα.
3249 2799 3341 2869 Μὴ
3367 2797 3611 2866 ἀπαξιὼ-

2035 2905 2155 2958 σῃς,
2189 2881 2232 2939 ὦ
2263 2886 2521 2957 φίλανδρε
2552 2887 2648 2940 καὶ
2681 2885 2944 2960 μόνανδρε
2971 2888 3064 2939 τοῦ
3093 2887 3332 2960 Χριστοῦ
3371 2890 3607 2960 τρυγὼν,

2034 2982 2098 3031 ἐκ
2126 2977 2219 3030 τοῦ
2266 2977 2360 3030 σοῦ
2401 2979 2668 3047 στόματος
2693 3017 2709 3044 ,
2741 2979 2798 3030 ὲν
2829 2977 2906 3049 τῷ
2950 2979 3176 3049 στόματί
3208 2996 3308 3046 μου
3356 2983 3612 3050 χορηγεῖν

349 3075 647 3143 possimus.
1955 3071 1997 3127 C
2031 3073 2130 3140 τὴν
2160 3069 2364 3140 βρῶσιν
2392 3070 2486 3123 τοῦ
2514 3071 2740 3140 σπόρου,
2770 3071 2918 3133 ὅπως
2941 3069 3001 3134 ἐξ
3027 3069 3191 3123 αὐτοῦ
3225 3073 3532 3142 ἀντιτρέιχαω
3551 3089 3612 3125 σε

349 3165 599 3229 καὶτοὺς
637 3164 766 3228 σοὺς
819 3167 876 3218 ὲν
918 3169 984 3236 τῇ
1023 3167 1090 3234 σῇ
1141 3164 1307 3235 καλιᾷ
1367 3163 1616 3227 νεοττούς
1643 3179 1657 3194 ·
1722 3165 1798 3235 μὴ
1837 3169 2042 3240 σιγήσῃ
2055 3184 2094 3228 ;,
2159 3157 2205 3216 ῶ
2238 3162 2468 3232 οὐρανία
2521 3160 2701 3233 ἀηδὼν
2725 3202 2740 3228 ,
2775 3161 2864 3214 ἀεὶ
2939 3159 3142 3234 ᾄδουσα
3209 3161 3305 3215 καὶ
3342 3162 3613 3232 ὲνῃχοῦσά

351 3279 453 3330 μου
482 3265 594 3324 τοῖς
625 3260 728 3314 ὠσὶ
751 3260 816 3314 τὰ
855 3261 974 3314 θεῖα
1000 3259 1375 3330 λιγυρισματα
1406 3261 1486 3322 είς
1530 3259 1592 3312 τὸ
1651 3259 1740 3313 ἀεὶ
1809 3262 2177 3331 περιίπταμαι
2237 3261 2306 3330 τῇ
2354 3259 2420 3328 σῇ
2451 3243 2643 3326 νοσσιᾷ
2665 3255 2760 3308 καὶ
2807 3254 3176 3326 καταθηλύειν
3231 3256 3301 3308 τά
3353 3255 3613 3325 στρουθία

349 3373 445 3407 σου
474 3351 544 3408 τὰ
591 3353 647 3406 ὲν
679 3355 818 3425 αὐτῇ
843 3369 856 3382 ·
891 3354 966 3424 μὴ
1005 3350 1314 3422 ἀναϐἀλῃς,
1361 3345 1406 3405 ὦ
1445 3351 1638 3406 ἀένναε
1682 3351 1836 3423 πηγὴ
1883 3353 1981 3424 τῆς
2023 3353 2190 3424 ζωῆς,
2246 3349 2424 3416 ζῶντα
2451 3349 2544 3402 τοῦ
2591 3348 2924 3418 παραδείσου
2973 3347 3355 3412 ἀναϐλύζουσα
3387 3349 3518 3418 ἡμῖν
3546 3350 3613 3400 ἐκ

346 3449 445 3518 τῆς
484 3447 596 3500 Ἐδὲ
607 3465 646 3518 μ
700 3444 936 3516 θεωρίας
964 3447 1033 3500 τὰ
1092 3445 1262 3516 διειδῆ
1295 3463 1388 3499 σου
1415 3449 1508 3499 καὶ
1537 3445 1704 3500 ᾰοολα
1738 3447 1810 3500 τὰ
1837 3449 2084 3519 νάματα,
2117 3450 2196 3511 εἰς
2255 3447 2316 3500 τὸ
2380 3443 2623 3516 πληροῦν
2651 3443 2843 3506 ὕδατος
2903 3443 3104 3508 ζῶντος
3137 3443 3340 3506 ταύτας
3395 3461 3487 3496 σου
3513 3444 3612 3508 τὰς

349 3538 576 3608 λογικὰς
611 3539 706 3592 καὶ
751 3535 1030 3608 ἐμψύχους
1067 3536 1178 3589 τῶν
1229 3535 1518 3606 προϐάτων
1579 3535 1784 3605 ἀγέλας
1843 3537 2168 3606 δεξαμένας,
2239 3533 2313 3606 μὴ
2381 3535 2677 3604 ἀποκάμῃς
2712 3533 2860 3603 ἡμᾶς
2907 3530 3342 3602 ὀφθαλμίζουσα,
3375 3526 3420 3586 ὦ
3472 3533 3612 3604 καλὴ

351 3633 446 3685 καὶ
482 3632 801 3700 στεφανῖτις
849 3631 1152 3702 κηπουρὸς,

354 3727 412 3778 ὲν
431 3722 532 3776 σοί.

424 3818 468 3872 0
523 3817 654 3871 luna
678 3832 893 3885 semper
925 3816 1126 3880 lucida,
1159 3831 1225 3870 ne
1252 3831 1437 3872 cesses
1468 3817 1660 3886 praeire
1692 3817 1852 3870 nobis
1882 3823 1937 3871 et

357 3912 528 3966 facem
559 3911 744 3974 lucere
777 3925 871 3980 per
900 3919 1115 3965 noctem
1152 3909 1454 3979 impietatis
1488 3910 1600 3981 (Η)
1637 3919 1692 3964 et
1742 3909 1934 3978 Scrip-

355 4013 602 4060 turarum
628 4002 881 4058 tenebras
902 4011 958 4057 et
977 4002 1343 4057 dillicnltatcs.
1373 3999 1418 4056 0
1436 4002 1636 4072 coniux
1671 4011 1724 4056 ct
1747 4016 1934 4056 comes

355 4109 407 4152 te
430 4097 912 4152 circumradiautis
945 4097 1045 4150 viri
1082 4097 1158 4150 tui
1195 4097 1332 4152 solis
1353 4097 1582 4162 Christi,
1623 4113 1688 4150 ne
1715 4097 1934 4151 desinas

353 4191 538 4245 radios
571 4205 634 4244 ex
665 4204 731 4244 eo
765 4189 924 4244 nobis
963 4187 1288 4254 infundere,
1331 4199 1391 4242 ut
1423 4189 1494 4243 ita
1534 4203 1628 4257 per
1657 4199 1710 4243 te
1739 4187 1926 4242 multis

1202 3629 1297 3683 καὶ
1341 3628 1725 3700 ὀρματίζουσα
1783 3629 1918 3702 πρὸς
1955 3631 2016 3682 τὸ
2057 3629 2267 3692 καλῶς.
2297 3628 2644 3696 καλλιεργείν
2692 3628 2786 3679 καὶ
2851 3625 3214 3696 ὀφθαλμίξειν
3239 3625 3310 3678 τὰ
3363 3625 3510 3694 φυτά
3541 3629 3610 3680 τά

2105 3811 2198 3880 Μὴ
2222 3808 2398 3870 λίποις
2429 3806 2462 3878 ἢ
2519 3803 2799 3878 ἑκλείψῃς,
2838 3798 2882 3858 ὦ
2914 3803 3182 3874 ἀειφανὴς
3231 3803 3452 3874 σελήνη,
3483 3801 3612 3856 καο-

2033 3898 2306 3970 οδηγοῦσα
2343 3899 2489 3975 ἡμᾶς
2516 3898 2574 3950 ὲν
2595 3897 2673 3966 -τῇ
2711 3895 2867 3947 νυκτὶ
2899 3893 2998 3964 τῆς
3025 3893 3213 3956 ἀθεῖας
3232 3893 3341 3948 τῶν
3379 3894 3610 3965 Γραφῶν

2033 3992 2333 4061 παννυχίας
2375 3992 2468 4043 καὶ
2499 3986 2882 4058 ἀκαταληψίας
2909 4003 2922 4016 ·
2965 3988 3038 4058 μὴ
3069 3978 3402 4060 καταδὴσης,
3442 3983 3488 4038 ὦ
3523 3985 3612 4040 σύ-

2032 4084 2165 4153 ζυγε
2191 4085 2284 4138 καὶ
2329 4083 2599 4154 σύνδρομε
2632 4082 2726 4134 τοῦ
2757 4081 2852 4134 σοῦ
2878 4081 3210 4151 ἀμφιφώτου
3247 4082 3609 4153 σεληνάνδρου

2033 4179 2184 4248 ἡλίου
2223 4175 2488 4247 Χριστοῦ,
2519 4176 2593 4244 μὴ
2625 4175 2722 4244 τὴν
2745 4174 2804 4238 ἐξ
2829 4173 2995 4226 αὐτοῦ
3035 4173 3230 4227 ἀκτῖνα
3277 4176 3411 4244 ἡμῖν
3439 4191 3609 4227 κατα-

351 4283 718 4337 lnminaribus
735 4281 1006 4346 accensis,
1025 4297 1086 4335 ea
1118 4279 1212 4334 tibi
1238 4295 1430 4334 rursus
1460 4279 1764 4348 appendam
1785 4277 1911 4348 (45).

2036 4272 2330 4340 πέμπουσα
2357 4271 2504 4332 ὅπως
2535 4267 2594 4332 ἐξ
2622 4265 2790 4320 αὑτοῦ
2823 4266 2911 4319 διὰ
2949 4265 3043 4320 σοῦ
3063 4267 3455 4335 καταφωτίσας
3480 4265 3612 4320 πολ-

353 4379 406 4430 lo
429 4373 521 4428 Dei
547 4375 822 4440 thesaure,
851 4388 950 4428 oro
975 4381 1027 4428 te
1047 4383 1099 4428 ct
1121 4373 1388 4437 obtestor,
1421 4387 1616 4440 purum
1639 4381 1694 4424 et
1717 4371 1924 4439 regium

348 4483 491 4522 vera:
524 4477 636 4522 tuae
677 4466 934 4537 imaginis
970 4475 1257 4534 argentum
1299 4463 1518 4518 abunde
1557 4463 1715 4517 nobis
1765 4478 1927 4532 porro

351 4555 662 4626 suppedita,
695 4565 752 4608 ut
784 4551 918 4608 illud
949 4554 1001 4606 iu
1037 4554 1424 4622 trapezitarum
1454 4561 1674 4605 tuorum
1707 4549 1924 4602 animas

353 4648 466 4718 (46)
518 4647 838 4712 demittens,
871 4647 946 4700 ita
975 4657 1028 4700 te
1048 4645 1256 4700 divitiis
1282 4643 1678 4708 abundantem,
1713 4657 1808 4712 per
1832 4655 1928 4695 eos

350 4741 540 4794 ditem.
567 4737 814 4807 Denique
851 4747 908 4790 ut
943 4748 996 4792 te
1019 4737 1215 4791 iterum
1262 4751 1392 4790 vero
1431 4736 1655 4790 nomine
1684 4733 1928 4801 compcl-

353 4833 482 4898 lem,
516 4845 552 4885 o
576 4845 698 4900 quae
734 4831 846 4902 (47)
871 4828 1114 4895 adjotrix
1147 4829 1265 4882 viro
1292 4839 1386 4884 tuo
1417 4844 1447 4883 a
1476 4827 1586 4882 Deo
1625 4826 1762 4880 facta
1799 4834 1931 4880 eset

349 4922 590 4994 cognita,
620 4936 799 4991 perge,
827 4936 1044 4990 precor,
1069 4936 1168 4974 nos
1197 4921 1357 4982 tueri,
1379 4917 1716 4989 nobisqncin
1748 4917 1927 4970 omni-

2033 4362 2158 4424 λοὺς
2189 4361 2482 4430 φωστῆρας
2514 4360 2577 4412 ὲκ
2605 4357 2700 4410 σοῦ
2727 4356 2980 4426 ἐξανὰψω
3011 4373 3114 4410 σοι.
3149 4354 3236 4409 Ἰὼ
3259 4355 3334 4418 ὡς
3357 4355 3492 4408 Θεοῦ
3521 4353 3612 4424 θη-

2037 4451 2258 4522 σαυρὸς,
2293 4449 2366 4520 μὴ
2393 4451 2558 4518 παίσῃ
2591 4447 2863 4508 πλουσίως
2887 4447 3020 4516 ἡμῖν
3048 4443 3362 4516 χορηγοῦσα
3401 4445 3460 4497 τὸ
3489 4445 3610 4497 duti-

2033 4543 2226 4615 ϐδηλον
2259 4543 2354 4596 καὶ
2399 4539 2680 4612 βασιλικὸν
2727 4539 2826 4608 τῆς
2865 4535 3102 4607 ἀληθοῦς
3147 4553 3241 4589 σου
3281 4535 3488 4599 εἰκόνος
3513 4536 3610 4602 ἀρ’

2035 4636 2228 4706 γύριον
2249 4651 2263 4666 ο
2297 4635 2444 4696 ὅπως
2471 4630 2632 4684 τοῦτο
2659 4627 2986 4684 καταϐαλὼν
3017 4631 3074 4682 ὲν
3103 4629 3223 4691 ταῖς
3251 4627 3452 4697 ψυχαῖς
3479 4643 3609 4699 τρα-

2034 4728 2276 4792 πεζιτῶν
2313 4728 2420 4780 σῶν
2461 4727 2648 4798 ἂρῤων
2703 4741 2762 4776 σε
2795 4723 2860 4776 δι’
2900 4721 3080 4774 αὐτῶν
3138 4719 3236 4790 τὴν
3289 4719 3608 4773 θεόπλουτον

2035 4822 2494 4890 καταπλουτήσω.
2536 4816 2693 4872 Μετὰ
2718 4815 2776 4868 δὲ
2803 4813 2980 4868 ταῦτα
2998 4813 3198 4875 πάντα,
3231 4815 3322 4864 καὶ
3351 4811 3460 4880 πρὸ
3482 4811 3608 4862 τούς

2035 4933 2144 4968 των
2172 4913 2248 4977 ῶς
2277 4911 2456 4984 βοηθῷ
2491 4909 2566 4981 τῷ
2597 4905 2868 4978 ἀνθρώπῳ
2889 4904 3156 4976 γενομένη
3192 4904 3298 4957 ὑπὸ
3331 4901 3490 4968 Θεοῦ,
3516 4899 3610 4952 καὶ

1868 5030 2100 5086 NOTAE.

425 5151 536 5225 (42)
575 5151 758 5225 Pullos
791 5161 909 5204 tuos
940 5147 1346 5225 obiectamums.
1367 5149 1460 5210 Εἰς
1477 5147 1538 5225 τὸ
1568 5143 1930 5225 καταθηλύμειν

347 5217 712 5295 τάστρουθία
746 5239 854 5295 σου
871 5219 969 5274 τοῦ
996 5221 1053 5274 ὲν
1097 5220 1257 5295 αὐτῇ,
1303 5221 1418 5295 lege
1452 5219 1532 5281 είς
1568 5217 1629 5270 τὸ
1686 5218 1930 5287 καταθη-

349 5289 531 5348 λύνειν
560 5295 628 5346 τὰ
663 5292 926 5363 στρουθία
955 5307 1048 5344 σου
1083 5291 1161 5363 τά
1181 5289 1238 5342 ὲν
1259 5289 1418 5363 αῦτῇτ

419 5367 532 5438 (45)
567 5357 1080 5438 Limpii'closlatices.
1114 5361 1214 5417 Ms.
1232 5360 1332 5415 καὶ
1366 5357 1546 5428 ἆοὸλῳ
1581 5359 1648 5412 τὰ
1669 5358 1888 5431 νάματα
1911 5375 1925 5389 ο

347 5435 464 5504 lege
493 5440 586 5489 καὶ
614 5435 782 5490 ἀθολα
805 5435 874 5487 τὰ
904 5435 1147 5503 νάματα·
1287 5446 1304 5504 λ

421 5507 535 5576 (Μ)
569 5505 670 5561 Per
691 5514 890 5559 noctem
926 5502 1244 5576 rimpietntis.
1275 5503 1544 5576 Corrupte
1598 5517 1708 5576 ms.
1748 5502 1805 5576 ὲν
1860 5503 1926 5570 τῇ

350 5571 632 5646 νυκτιτῆς
661 5577 848 5639 eam;
878 5575 988 5628 τῶν
1008 5571 1258 5646 Γραφῶν
1293 5572 1595 5646 παννυξίας
1625 5573 1753 5646 καὶ-
1781 5571 1926 5646 ἀκα-

349 5641 654 5713 ταληψείας
690 5647 1002 5700 necessario
1039 5641 1344 5715 legendum,
1388 5646 1444 5696 ἐν
1487 5645 1581 5715 τῇί
1609 5643 1766 5715 νυκτὶ
1825 5641 1930 5715 τῆς

352 5711 540 5778 eam;
572 5717 666 5768 καὶ
709 5716 817 5770 τῶν
849 5711 1402 5787 Γραφῶν’παννυχίξι
1439 5711 1926 5784 καϊῖάκαταληψίᾳ.

2107 5143 2219 5212 (45)
2257 5138 2335 5194 Ea
2369 5138 2686 5212 tibirursns
2715 5133 3033 5206 appendam.
3059 5129 3158 5187 Ms.
3199 5127 3486 5198 ὲξαναψῶν
3502 5145 3605 5193 σοι,

2035 5208 2444 5286 reScribqndum
2479 5208 2730 5286 ἐξανάψω
2771 5223 2874 5258 σοι.
3082 5277 3092 5286 ¹
3258 5271 3302 5286 η
3398 5271 3410 5286 .
3557 5271 3579 5286 .

2106 5285 2218 5353 (ili)
2255 5281 2320 5334 In
2354 5271 2734 5353 trapriitarmu
2767 5277 3232 5353 tuorumanintas.
3257 5271 3358 5327 Ms.
3394 5271 3451 5353 ὲν
3487 5271 3606 5353 σαῖς

2033 5340 2232 5424 ιζιυχαῖς
2261 5340 2607 5419 τραπεζιτῶν
2631 5347 2738 5400 τῶν
2762 5347 2868 5399 σῶν
2899 5346 3084 5417 ἇρῤων
3109 5361 3192 5410 σε,
3217 5340 3603 5412 clc.,ptttab:uu

2037 5423 2144 5479 σῶν
2165 5423 2370 5494 ἀρνίῖιν,
2401 5429 2458 5474 ιιι
2483 5435 2668 5494 supra.
2811 5487 2822 5494 _
3003 5485 3014 5494 _
3407 5480 3417 5492 _

2105 5485 2216 5566 (4η
2248 5493 2292 5546 0
2317 5508 2466 5566 quas.
2505 5485 2640 5544 l'uto
2675 5505 2760 5542 me
2811 5487 2953 5566 hunc
2995 5485 3180 5566 _|oc_um
3237 5485 3476 5566 egregie,
3515 5493 3606 5566 se:

2038 5549 2214 5621 nasse,
2238 5549 2354 5632 qui.
2379 5563 2430 5616 in
2462 5578 2564 5615 ms.
2606 5569 2860 5632 corrupte
2887 5555 3194 5632 itaiegitur
3226 5571 3240 5606 :
3275 5549 3394 5617 Vtin“
3427 5549 3606 5621 βοηθῷ

2042 5638 2119 5708 ςῴ
2149 5626 2426 5705 ἀνθρώπῳ
2462 5626 2850 5701 γενομένηῦίπδ
2879 5626 3037 5690 Θεοῦ,
3073 5635 3178 5680 etc.
