4056 6148
461 329 604 399 1083

1675 321 1734 380 S-
1777 309 2180 379 ANASTASII
2220 314 2553 376 SINAITA!

3592 313 3724 381 1081

458 428 581 498 rum
607 444 732 495 est:
768 452 788 488 ι
839 433 1088 498 Domine,
1111 445 1178 488 ne
1199 429 1254 486 in
1281 428 1468 486 furore
1494 433 1587 481 tuo
1602 400 1801 494 arguas
1829 439 1915 480 me
1947 442 1962 479 :
2008 443 2029 475 ι
2064 434 2085 487 Α

2190 421 2552 494 ιλανθρὼπου.
2585 415 2747 484 Οἶδας
2776 416 2941 483 αὐτὸς
2974 416 3224 489 ἀκριϐῶς
3254 416 3473 473 ἅπαντα
3491 417 3562 472 τὰ
3589 420 3726 491 κρύ-

460 531 678 601 hocque
703 542 804 597 ego
835 542 866 581 a
909 535 960 580 te
1001 523 1137 578 lucri
1178 529 1474 592 reportent,
1508 519 1598 588 qui
1619 518 1769 574 solus
1798 515 2040 579 clemens

461 642 528 681 ac
574 621 848 692 benignus
879 634 959 677 es.
994 616 1117 672 Scis
1161 615 1278 685 ipse
1329 620 1584 667 accurate
1640 624 1790 665 meas
1854 622 2044 663 omnes

457 708 812 790 quantumvis
839 713 1083 766 occultas
1108 707 1460 769 offensiones,
1485 704 1578 760 sed
1610 718 1676 758 ne
1703 716 1904 772 arguas
1932 716 2040 764 me,

2149 531 2249 584 φια
2278 512 2625 583 πταίσματα,
2657 510 2794 566 ἀλλὰ
2821 510 2896 582 μὴ
2926 509 3159 583 ἐλέγξῃς
3188 527 3258 582 με
3284 552 3301 577 ,
3335 510 3411 581 μὴ
3431 510 3723 582 δημοσιεύ-

2152 623 2252 677 σῃς
2286 621 2354 676 με
2375 644 2390 668 ,
2452 603 2528 674 μὴ
2567 601 2894 674 φανερὼσῃς
2925 601 3068 654 αὐτὰ.
3112 602 3308 666 πᾶσιν,
3338 601 3594 669 ἀγγέλοις
3636 603 3728 656 καὶ

2151 697 2486 769 ἀνθρώποις,
2521 698 2605 760 εἰς
2625 693 2766 765 ἐμὴν
2796 693 3062 765 αἰσχύνην
3093 693 3189 746 καὶ
3217 692 3353 764 ἐμὸν
3372 693 3593 756 ὄνειδος.

459 829 530 871 ne
565 826 649 865 me
673 811 1059 864 traducasme
1094 816 1188 859 eas
1231 800 1406 871 palam
1456 798 1706 853 onmibus
1755 796 2022 867 proferas,
2061 795 2265 862 angelis
2286 796 2486 865 pariter
2507 806 2572 848 ac
2634 790 2968 855 hominibus,
3034 790 3104 845 ad
3161 787 3538 846 confusionem
3561 803 3734 842 mcam

459 921 528 961 ac
553 906 814 976 probrum
848 914 1048 955 meum.

547 1014 567 1047 ι
600 991 848 1056 Domine,
870 1005 936 1044 ne
974 989 1028 1044 in
1053 987 1237 1040 furore
1289 992 1382 1039 tuo
1414 994 1613 1049 arguas
1647 992 1755 1032 me.
1800 997 1818 1030 ι
1853 975 1984 1031 Nam
2012 974 2056 1031 si

465 1086 694 1159 perituri
757 1082 903 1151 regis
971 1079 1210 1131 furorem
1285 1088 1447 1129 nemo
1523 1070 1797 1125 sustinuere
1861 1074 2058 1137 potest,

467 1188 676 1250 quanto
725 1173 900 1243 magis
950 1169 1045 1225 Dei
1088 1167 1327 1223 furorem
1378 1162 1653 1218 sustinere
1705 1176 1809 1213 non
1863 1155 2063 1227 poterit

470 1249 805 1327 universitas
882 1257 1302 1318 creaturarum?
1350 1273 1369 1307 ι
1419 1253 1606 1322 Neque
1678 1250 1732 1305 in
1804 1249 1884 1302 ira
1974 1257 2061 1299 tua

470 1360 739 1430 corripias
792 1371 902 1411 me.
950 1372 969 1405 ι
1022 1351 1225 1421 Dignus
1281 1347 1499 1418 quidem
1563 1358 1666 1414 ego
1716 1339 1866 1395 enini
1902 1335 2066 1393 casti-

472 1453 691 1526 gatione
747 1457 801 1502 et
856 1459 1054 1516 paena;
1119 1440 1214 1495 sed
1281 1453 1405 1493 cum
1471 1432 1853 1505 castigaveris,
1910 1448 1930 1482 ι
1996 1442 2065 1483 ne

473 1548 531 1601 in
562 1545 642 1598 ira
683 1550 776 1594 tua
812 1534 1172 1606 castigaveris
1194 1546 1299 1585 me.
1342 1548 1360 1582 ι
1389 1527 1611 1584 Memini
1647 1526 1918 1580 latronem
1948 1536 1980 1576 a
2015 1531 2067 1575 te

2245 995 2262 1026 ι
2306 976 2502 1045 Κύριε,
2538 974 2610 1045 μὴ
2632 972 2711 1043 τῷ
2740 971 2900 1042 θυμῷ
2937 988 3031 1023 σου
3073 970 3301 1040 ἐλέγξῃς
3353 984 3442 1036 με.
3489 985 3507 1019 ι
3544 966 3735 1036 Εἱγὰρ

2170 1068 2414 1137 φθαρτοῦ
2453 1066 2726 1137 βασιλέως
2748 1066 2923 1133 θυμόν
2952 1065 3132 1126 οὐδεὶς
3160 1060 3388 1115 δύναται
3414 1057 3737 1129 δποφέρειν,

2169 1160 2320 1227 πόσῳ
2348 1175 2411 1227 γε
2438 1158 2643 1227 μᾶλλον
2673 1157 2809 1211 Θεοῦ
2833 1157 3009 1225 θυμὸν
3049 1155 3151 1222 οὐχ
3193 1153 3567 1218 ύποστὴσεται
3591 1151 3739 1201 πᾶσα

2167 1248 2379 1313 κτίσις;
2425 1266 2443 1298 ι
2479 1247 2630 1316 Μηδέ
2657 1247 2723 1316 τῇ
2751 1246 2888 1315 ὀργῇ
2920 1260 3014 1296 σου
3044 1240 3345 1309 παιδεύσῃς
3385 1255 3475 1304 με.
3512 1255 3533 1288 ι
3560 1236 3739 1297 Αῐτιος

2171 1341 2274 1409 γὰρ
2303 1340 2413 1406 ἐγώ
2432 1341 2549 1408 εἰμι
2572 1339 2756 1408 πάσης
2778 1334 3119 1397 παιδεύσεως
3138 1334 3236 1387 καὶ
3261 1332 3546 1390 κολάσεως
3564 1344 3580 1360 ο
3605 1328 3740 1381 ἀλλᾶ

2170 1430 2445 1484 παιδεύων
2481 1448 2499 1481 ι
2547 1429 2622 1498 μὴ
2649 1430 2714 1498 τῇ
2747 1427 2884 1497 ὀργῇ
2929 1441 3023 1478 σου
3075 1422 3373 1492 παιδεύσῃς
3409 1437 3501 1489 με.
3560 1438 3579 1470 ι
3613 1415 3744 1470 Οἰδα

2168 1521 2375 1594 λῃστὴν
2426 1520 2795 1589 αἰτησάμενον
2846 1517 2944 1571 καί
2970 1514 3346 1585 κομισάμενον
3395 1510 3745 1579 συγχώρησιν

472 1634 688 1711 veniam
716 1630 939 1701 petiisse
987 1640 1053 1680 ac
1125 1621 1430 1678 obtinuisse
1455 1621 1498 1673 ⁸.
1525 1616 1745 1672 Memini
1796 1611 2055 1686 peccatrio

2190 1632 2247 1666 τα
2256 1615 2327 1684 ρὰ
2365 1613 2482 1667 σοῦ.
2513 1608 2646 1666 Οἶδα
2667 1611 2876 1679 πόρνην
2896 1609 3180 1679 ὁλοψύχως
3198 1602 3635 1676 »προσελθοῦσαν
3657 1601 3746 1655 καὶ

482 1740 598 1781 cem
630 1704 695 1776 ex
739 1718 921 1773 animo
943 1712 1264 1775 accessisse,
1294 1725 1359 1766 ac
1383 1707 1728 1779 paenituisse,
1774 1719 1875 1760 nec
1909 1700 2065 1757 venia

472 1820 799 1885 ,l'ru‘stratam
829 1824 951 1866 csse
980 1808 1048 1862 ¹⁰.
1076 1802 1677 1865 MeminiPublicanum
1738 1796 2070 1868 ingemuisse

478 1920 540 1966 et
570 1905 927 1979 justilicatum
951 1914 1074 1956 esse
1099 1896 1373 1952 “.Verum
1388 1909 1510 1949 sum
1540 1906 1639 1962 ego
1665 1890 1772 1946 illis
1797 1889 2066 1944 miserior.

483 2001 618 2057 Nam
651 2009 828 2066 neque
850 1992 955 2046 illis
994 2005 1115 2046 sum
1142 1987 1356 2045 similis.
1390 1983 1508 2040 Non
1540 1983 1682 2037 enim
1713 1982 1887 2035 habeo
1942 1992 2070 2048 pro-

489 2104 687 2164 pensas
714 2087 1023 2155 lacrymas;
1052 2096 1157 2135 non
1199 2093 1382 2134 veram
1408 2074 1830 2138 confessionem,
1867 2085 1973 2124 non
2005 2084 2068 2123 ex
2103 2108 2106 2115 η

492 2188 602 2238 imo
653 2179 816 2235 corde
871 2175 1157 2245 gemitum,
1183 2185 1290 2225 non
1351 2168 1607 2223 mundam
1661 2165 1924 2227 animam,
1963 2174 2071 2214 nou

493 2279 768 2336 sincerum
832 2267 1122 2339 jejunium,
1156 2279 1263 2318 non
1309 2260 1613 2315 fraternum
1664 2268 1933 2319 amorem,
1966 2266 2073 2306 non

495 2369 865 2437 paupertatem
890 2359 1145 2426 spiritus,
1181 2370 1288 2408 non
1314 2352 1591 2406 assiduam
1615 2351 1943 2409 orationem,
1969 2358 2075 2399 non

494 2454 1052 2513 curnmiserationem,
1116 2455 1175 2500 ιιι
1209 2445 1408 2515 dignus
1456 2442 1575 2513 ipse
1604 2437 2080 2496 commiseratione

497 2552 699 2607 habear
729 2544 842 2619 (10)
886 2557 1032 2598 :non
1060 2535 1556 2607 compunctionem,
1591 2542 1650 2586 ut
1705 2529 1833 2584 mihi
1875 2528 2079 2582 condo-

2176 1704 2588 1777 μετανοήσασαν
2607 1715 2629 1742 ε
2652 1718 2667 1733 ο
2698 1697 2816 1755 οἶδα
2828 1702 3082 1770 Τελώνην
3099 1697 3434 1764 στινάξαντα
3458 1694 3556 1749 καὶ
3570 1694 3749 1747 δικαι-

2171 1799 2403 1852 ωθέντα.
2467 1795 2606 1864 Ἐγὼ
2649 1796 2707 1849 δὲ
2753 1794 2959 1849 τούτων
2990 1794 3349 1862 ταλάντερος.
3388 1789 3463 1843 Ού
3493 1787 3604 1856 γάρ
3635 1787 3751 1852 εἰμι

2174 1894 2250 1955 ὡς
2279 1891 2454 1946 αὐτοί.
2474 1892 2550 1945 Οὐ
2579 1891 2688 1961 γὰρ
2716 1890 2823 1960 ἔχω
2842 1890 3079 1958 δάκρυον
3100 1886 3345 1951 ἐκτενὲς,
3373 1885 3473 1938 οὐκ
3493 1883 3606 1953 ἔχω
3637 1881 3753 1945 ἐξο-

2181 1984 2478 2054 μολόγησιν
2509 1983 2796 2052 ἀληθινὴν,
2822 1981 2851 2020 ἀ
2881 1982 2980 2035 οὐκ
3025 1980 3136 2051 ἔχω
3182 1980 3250 2032 ἐκ
3282 1977 3481 2048 βάθους
3522 1974 3753 2044 καρδίας

2168 2073 2509 2146 στεναγμὶν,
2525 2076 2626 2128 οὐκ
2647 2074 2755 2145 ἔχω
2767 2075 3014 2144 καθαρὰν
3033 2074 3132 2146 τὴν
3148 2073 3350 2144 ψυχὴν,
3372 2073 3474 2125 οὐκ
3492 2071 3609 2139 ἔχω
3629 2085 3754 2138 νησ-

2178 2164 2327 2216 τείαν
2358 2162 2654 2231 εἰλικρινῆ,
2678 2162 2777 2215 οὐκ
2807 2162 2916 2232 ἔχω
2942 2161 3168 2232 ἀγάπην
3198 2161 3338 2230 πρὸς
3364 2160 3625 2229 ἀδελφθιν,
3659 2160 3755 2210 οὐκ

2178 2252 2292 2323 ἔχω
2313 2252 2587 2323 πτωχείαν
2612 2252 3024 2323 πνευματικὴν,
3048 2253 3148 2304 οὐκ
3174 2253 3286 2319 ἔχω
3310 2250 3626 2320 προσευχὴν
3648 2250 3756 2317 διη-
3785 2295 3789 2299 .

2179 2346 2338 2415 νεκῆ,
2369 2346 2595 2417 οὐκέχω
2626 2345 3100 2415 συμπάθειαν,ἰ’να
3128 2344 3503 2415 συμπαθηθῶ,
3522 2344 3629 2396 οὐκ
3651 2343 3757 2411 ἔχω

2178 2438 2498 2503 κατάνυξιν,
2526 2439 2614 2493 ἵνα
2633 2439 3001 2509 συγχωρηθῶ,
3032 2438 3131 2491 οὐκ
3156 2437 3268 2508 ἐχω
3285 2434 3646 2505 καθαρότητα
3670 2434 3758 2488 λο-

2178 2527 2536 2595 γισμῶν,ούκ
2554 2526 2666 2597 ἔχω
2697 2527 3020 2599 προαίρεσιν
3051 2526 3354 2597 θεοπρεπῆ.
3393 2526 3542 2595 Ποίῳ
3566 2525 3756 2578 λειπδν

498 2653 680 2709 netur,
713 2615 830 2693 non,
855 2635 1142 2707 puritatem
1172 2627 1582 2698 cogitationum,
1610 2636 1715 2677 non
1746 2617 2081 2690 propositum

2190 2622 2484 2691 προσώπῳ,
2514 2619 2646 2692 ποίᾳ
2666 2619 2955 2692 παρρησίᾳ
2976 2620 3189 2690 αἰτήσω
3211 2617 3573 2689 συγχώρησιν
3596 2634 3614 2685 ;
3634 2615 3766 2670 Πολ-

503 2737 615 2789 ι)εο
648 2706 889 2801 placens.
916 2723 1032 2790 Qua
1061 2720 1226 2790 igitur
1260 2716 1459 2779 fronte,
1495 2728 1600 2782 qua
1620 2709 1837 2765 licentia
1867 2706 2083 2761 veniam

2190 2711 2344 2776 λάκις
2366 2729 2473 2776 σοι,
2497 2713 2767 2778 Δέσποτα,
2794 2714 3080 2783 μετανοεῖν
3098 2711 3506 2778 συνεταξάμην,
3528 2713 3627 2763 καί
3639 2707 3766 2779 ψεύ-

504 2769 614 2789 νυν
650 2769 889 2801 puum"...
921 2769 1032 2790 ,ιη-
1063 2769 1216 2790 τηη
1287 2769 1292 2770 ,
1445 2769 1458 2779 ,
1515 2769 1528 2782 ι

502 2818 826 2895 postulabo?
860 2815 1217 2882 Frequenter,
1242 2806 1488 2869 Domine,
1513 2812 1762 2856 acturum
1805 2813 1890 2849 me
1918 2794 2085 2864 paeni-

2190 2818 2319 2895 στης
2334 2803 2472 2895 πρὸς
2497 2804 2556 2859 σὲ
2573 2803 2674 2873 τῆς
2697 2769 2974 2873 συῖνταγῆς
2993 2804 3286 2872 ἐγενόμην.
3307 2769 3588 2865 Donidith
3604 2769 3686 2853 σοι
3710 2800 3766 2852 ἐν

509 2884 730 2967 ientiam
758 2902 1046 2976 spepondi,
1078 2899 1172 2953 sed
1202 2895 1365 2950 ﬁdem
1411 2892 1508 2978 tibi
1534 2894 1712 2946 datam
1749 2884 1932 2940 fefelli.
1966 2884 2085 2937 Tibi

2195 2894 2494 2966 Ἐκκλησία
2537 2895 2889 2964 προσπίπτω,
2921 2895 3017 2947 καὶ
3063 2892 3266 2956 εὐθέως
3312 2890 3675 2961 ἐξερχόμενος
3710 2888 3767 2940 ἐν

507 3008 561 3060 in
590 2975 834 3057 Ecclesia
858 2997 1175 3063 frequenter
1196 2987 1438 3060 procido,
1460 2975 1524 3040 ac.
1548 2980 1730 3037 statim
1758 2990 2010 3047 egressus
2035 2975 2085 3029 in

2190 2988 2439 3058 άνομίαις
2466 2989 2753 3058 ἐμπίπτω.
2789 2985 3057 3049 Πολλάκις
3108 2985 3174 3054 μὲ
3206 2983 3466 3056 ¹ἰγλέησας,
3515 2981 3682 3049 κάγώ
3710 2995 3769 3032 σε

513 3100 738 3164 peccata
763 3087 965 3143 incido.
998 3082 1343 3151 Frequenter
1376 3085 1429 3130 te
1461 3072 1564 3128 mei
1585 3071 1864 3124 misertum
1895 3075 2003 3132 est,
2034 3073 2085 3119 et

2193 3077 2454 3148 ἠθέτησα.
2501 3074 2767 3164 Πολλάκις
2824 3089 2892 3143 με
2921 3071 3268 3135 ἐϐάστασας,
3317 3069 3474 3138 κάγὼ
3520 3069 3633 3121 οὐκ
3685 3070 3777 3120 ἐπ·

510 3201 612 3255 ego
655 3184 836 3253 sprevi
870 3190 944 3235 te.
979 3179 1318 3247 Frequenter
1347 3186 1436 3226 me
1486 3163 1818 3230 sustinuisti,
1841 3160 1935 3217 sed
1957 3160 2085 3214 nihil

2193 3166 2452 3236 ἐστρεψα.
2484 3163 2752 3226 Πολλάκις
2793 3178 2861 3233 με
2901 3161 3230 3231 ἀνέστησας,
3258 3158 3415 3228 κάγὼ
3447 3158 3622 3213 πάλιν
3650 3173 3778 3211 κατ-

514 3290 603 3332 me
661 3270 967 3329 emendavi.
995 3270 1151 3337 Saepe
1206 3280 1293 3319 me
1336 3261 1583 3325 erexisti,
1610 3258 1706 3314 sed
1748 3271 1848 3324 ego
1901 3266 2085 3307 rursus

2192 3256 2406 3310 ἐπεσον.
2463 3254 2611 3307 Πόσα
2671 3270 2738 3322 με
2774 3250 3181 3325 συνεκρότησας
3208 3288 3224 3316 ,
3271 3247 3430 3318 κὰγώ
3490 3265 3563 3301 σε
3603 3249 3780 3318 ἠγνω-

514 3368 749 3425 co'ncidi.
777 3364 917 3432 Quot
939 3377 1028 3418 me
1060 3360 1232 3416 modis
1271 3352 1554 3426 adjuvisti,
1575 3364 1630 3406 et
1655 3364 1757 3420 ego
1780 3347 1876 3402 tibi
1910 3347 2095 3415 ingra-

516 3476 604 3519 tus
620 3457 969 3526 fui?Qu0ties
999 3455 1053 3510 in
1080 3467 1166 3507 me
1186 3447 1578 3505 humanitatem
1606 3442 1863 3504 habuisti,
1891 3439 2096 3504 tibique

515 3571 618 3623 ego
648 3561 989 3620 nequaquam
1021 3542 1225 3600 servivi
1249 3541 1273 3593 ‘I
1294 3538 1467 3605 Quam
1502 3534 1691 3589 multis
1722 3546 1808 3585 me
1840 3538 1894 3583 tu
1922 3528 2096 3581 hono.

520 3641 678 3706 rasti,
705 3649 759 3693 et
786 3651 888 3706 ego
922 3646 975 3689 te
1011 3628 1371 3688 inhonoravi?
1400 3625 1626 3693 Quoties
1659 3630 1977 3692 peccantem
2013 3630 2099 3669 me

521 3745 779 3803 tanquam
806 3737 959 3800 pater
993 3725 1318 3780 adhortatus
1336 3718 1432 3774 es?
1456 3727 1715 3784 tanquam
1765 3713 1940 3766 bonus
1968 3706 2101 3762 tole-

525 3824 689 3890 rasti;
757 3833 1018 3890 tanquam
1082 3817 1253 3871 lilium
1298 3808 1646 3868 exosculatus
1703 3804 1800 3859 es?
1840 3809 2098 3867 tanquam

525 3916 908 3974 charissimmn
966 3912 1164 3982 pignus
1219 3920 1307 3961 me
1375 3919 1435 3958 es
1487 3901 1785 3965 allocutus;
1845 3904 2101 3964 tanquam

422 4046 429 4052 -
527 4018 683 4080 pater
707 4003 1057 4077 corripuisti;
1088 4010 1346 4069 tanquam
1371 3993 1639 4049 infantem
1668 3987 1911 4053 vocasti;
1946 3984 2104 4039 ulnas

2199 3348 2441 3418 μόνηκας
2516 3345 2758 3406 Ποσάκις
2825 3360 2926 3413 μου
3016 3344 3383 3412 εἰσήκουσας,
3450 3339 3619 3409 κάγώ
3692 3354 3781 3392 σου

2196 3440 2560 3509 παρήκουσα;
2603 3436 2845 3498 Ποσάκις
2900 3451 2990 3503 μοι
3032 3433 3417 3504 συνεπάθησας
3440 3472 3455 3497 ,
3492 3434 3602 3487 καὶ
3631 3432 3784 3487 οὐδα-

2199 3528 2319 3597 μῶς
2349 3543 2431 3580 σοι
2471 3525 2768 3579 ἐδούλευσα
2795 3542 2809 3590 ;
2861 3525 3011 3577 Πόσα
3038 3524 3097 3578 δέ
3135 3541 3203 3595 με
3237 3523 3555 3596 ἐτίμησας,
3586 3521 3701 3593 ἐγὼ
3727 3521 3779 3574 δέ

2165 3696 2169 3701 1
2201 3636 2262 3672 σε
2297 3620 2547 3688 ὴτίμασα
2569 3635 2583 3685 ;
2608 3616 2848 3679 Ποσάκις
2879 3616 3307 3688 άμαρτήσαντός
3340 3632 3467 3683 μου,
3499 3613 3588 3679 ὼς
3610 3613 3785 3683 πατὴρ

2200 3712 2615 3781 παρεκάλεσας;
2645 3709 2720 3772 ὡς
2749 3708 2957 3776 ἀγαθὸς
2994 3707 3307 3771 ἐϐάστασας
3333 3746 3347 3770 ,
3382 3707 3459 3770 ὡς
3505 3707 3630 3760 υἰὺν
3657 3723 3783 3759 κατ-

2201 3806 2495 3876 εφίλησας,
2523 3804 2599 3865 ὡς
2628 3803 2808 3873 τέκνῳ
2846 3819 2938 3872 μοι
2964 3800 3254 3871 ἐλάλησας,
3277 3799 3356 3864 ὡς
3407 3801 3602 3871 πατὴρ
3636 3802 3786 3853 ἐνουμ-

2204 3897 2473 3967 θέτησας,
2512 3893 2588 3959 ὡς
2643 3897 2842 3965 νήπιον
2877 3893 3148 3956 ἐκάλεσας
3174 3931 3190 3956 ,
3255 3892 3356 3956 τὰς
3387 3892 3648 3961 ἀγκάλας
3684 3893 3784 3959 ἀφ-

2205 3987 2492 4059 ήπλωσας,
2513 3986 2610 4040 καὶ
2637 3985 2877 4039 πεσόντα
2895 4001 2964 4055 με
2993 3982 3337 4055 ἐκράτησας,
3356 3984 3455 4036 καὶ
3483 3975 3652 4049 εἶπάς
3678 3998 3785 4053 μοι,

528 4073 872 4169 οιριιιιιίἰειίξ
906 4097 1118 4165 lapsum
1146 4107 1235 4146 me
1268 4086 1509 4154 tenuisti,
1548 4093 1712 4153 atque
1767 4077 1952 4136 dixisti
1983 4095 1996 4130 :
2024 4074 2085 4129 Νι

2206 4079 2298 4150 Μὴ
2351 4076 2561 4147 φοϐοῦ,
2621 4078 2874 4147 ἐγείρουο
2911 4076 3080 4131 πάλιν
3118 4076 3305 4147 στῆθι,
3361 4075 3537 4130 πάλιν
3599 4073 3786 4144 δεῦρο,

531 4200 738 4251 metue,
786 4182 1020 4254 erigere,
1080 4194 1294 4236 rursum
1368 4175 1628 4238 consiste,
1683 4185 1899 4226 rursum
1956 4165 2103 4232 veni,

2208 4170 2372 4225 πάλιν
2403 4171 2481 4241 μὴ
2517 4169 2720 4239 φοϐοῦ,
2755 4169 2817 4221 ού
2846 4168 3028 4222 διώκω
3060 4186 3121 4222 σε
3142 4206 3157 4233 ,
3189 4169 3293 4222 οὐκ
3326 4167 3669 4239 ἀποστρέφει)
3700 4180 3788 4226 σε,

531 4294 750 4337 rursum
771 4291 837 4332 ne
853 4285 1036 4332 metue
1071 4291 1084 4327 Ξ
1117 4286 1222 4327 11011
1254 4280 1552 4339 persequor
1592 4271 1667 4327 te,
1701 4276 1808 4315 non
1856 4270 2080 4313 εγενεοτ

2209 4263 2313 4316 οὐκ
2342 4261 2588 4324 ὀνειδίζω
2619 4277 2710 4326 σε,
2740 4261 2801 4313 ού
2851 4259 3220 4331 βδελύσσομαι
3255 4260 3316 4313 τὸ
3356 4258 3495 4329 ἐμὸν
3531 4259 3789 4327 πλάσμα,

533 4392 639 4432 non
662 4373 954 4445 exprohro,
975 4384 1081 4425 non
1099 4366 1383 4422 abominor
1407 4376 1591 4417 meum
1620 4358 1962 4428 figmentum,
2000 4367 2105 4407 non

2212 4354 2315 4406 οὐκ
2343 4351 2758 4423 ἀπορῤἰπτομαι
2790 4351 2851 4404 τὸ
2880 4351 3014 4422 ὲμδν
3042 4351 3255 4423 ποίημα
3274 4392 3289 4418 ,
3317 4351 3380 4404 οὐ
3415 4349 3704 4423 σκληρύνῃ
3728 4346 3792 4399 τὰ

467 4455 471 4459 ’
533 4467 728 4523 abdico
776 4478 960 4520 memn
993 4474 1166 4529 cpus,
1225 4470 1330 4510 non
1362 4454 1572 4508 obduro
1614 4448 1825 4504 viscera
1884 4459 2002 4500 mea
2043 4458 2085 4496 at

2211 4442 2501 4513 σπλάγχνα
2557 4459 2660 4512 μου
2691 4441 2828 4511 πρὸς
2873 4441 2935 4495 τὸ
2974 4441 3108 4513 ἐμὸν
3138 4442 3353 4496 τέκνον.
3390 4441 3467 4495 Οὐ
3502 4442 3616 4514 γὰρ
3645 4439 3793 4494 δύνα-

536 4574 714 4614 meum
758 4557 949 4610 filium.
982 4551 1098 4605 Non
1130 4551 1273 4604 enim
1308 4545 1490 4601 odisse
1535 4555 1756 4612 possunt
1812 4535 2113 4598 hominem,

535 4666 696 4720 quem
726 4648 861 4702 meis
889 4647 1007 4715 ipse
1039 4641 1287 4696 manibus
1317 4635 1497 4692 cflinxi
1520 4652 1536 4701 ;
1562 4635 1715 4703 cujus
1781 4644 1944 4686 causa
1995 4642 2113 4681 me-

541 4749 650 4792 met
696 4736 1011 4794 humiliavi;
1044 4747 1140 4801 pro
1198 4743 1307 4799 quo
1363 4725 1681 4795 sanguinem
1748 4735 1926 4775 meum
1978 4716 2110 4770 fudi.

540 4830 819 4896 Quomodo
839 4843 941 4880 non
970 4823 1261 4894 suscipiam
1292 4821 1357 4874 ad
1388 4834 1475 4872 me
1499 4831 1846 4880 conversum,
1875 4827 1939 4866 ac
1982 4812 2113 4866 mihi

614 4987 633 5017 ³
660 4982 792 5037 Luc.
824 4995 982 5044 mu,
1010 4978 1099 5032 45.
1179 4976 1221 5005 ¹⁰
1254 4972 1382 5027 Luc.
1413 4987 1512 5035 νιι,
1539 4971 1630 5024 Η.

2214 4552 2313 4607 μαι
2355 4533 2591 4605 μισῆσαι
2620 4532 2680 4586 ὃν
2703 4536 2825 4597 ταῖς
2855 4535 3012 4605 χερσὶ
3047 4536 3169 4597 ταῖς
3202 4535 3370 4603 ἐμαῖς
3395 4533 3672 4587 διέπλασα
3701 4530 3789 4584 ἄν·

2211 4626 2454 4696 Ορωπον,
2491 4624 2632 4694 ὑπὲρ
2679 4617 2738 4676 οὗ
2773 4624 3012 4695 ἐμαυτὸν
3060 4625 3403 4677 ὲταπείνωσα
3429 4639 3444 4653 ·
3476 4624 3620 4693 ὑπὲρ
3646 4615 3713 4696 ὀὗ
3740 4618 3795 4669 τὸ

2214 4692 2349 4790 ἐμὸν
2396 4692 2959 4787 ὲξέχεαήαῖμαξΠῶς
2999 4716 3062 4770 οὐ
3116 4715 3483 4788 προσδεξομαι
3702 4710 3794 4780 ἐμὲ

2224 4810 2625 4881 ἐπιστρέφοντα
2691 4810 2790 4863 καί
2847 4810 3312 4879 προσπίπτοντα;
3383 4807 3532 4878 Ἐγὼ
3592 4808 3651 4862 δὲ
3704 4804 3792 4870 τὴν

1713 4969 1752 5000 “
1781 4967 1911 5022 Luc.
1946 4983 2100 5033 xvm,
2131 4964 2218 5020 ἰιὶ.

618 5133 641 5163 ε
673 5121 854 5178 Codex
894 5117 1030 5183 Reg.
1058 5114 1207 5168 addit
1237 5130 1249 5166 :
1282 5112 1390 5165 Καὶ
1412 5110 1515 5179 τῆς
1544 5111 1951 5179 συγχωρήσεως
1982 5107 2056 5177 μὴ

2190 5103 2494 5175 ›τυχοῦσαν.
2570 5101 2596 5139 ά
2631 5099 2848 5154 Τούτων
2869 5100 2981 5170 ἐγὼ
3008 5100 3355 5172 ἀθλιώτερος.

2076 5238 2305 5296 NOTAE.

619 5396 730 5464 (10)
773 5390 839 5464 Ut
862 5389 1074 5464 ᾑάίςῃηιε
1114 5385 1220 5464 ipse
1259 5380 1711 5464 ςοιιιηιίδειςηιίοιιε
1754 5378 2123 5464 ΙιαὺεσικΛἼνα

549 5447 915 5539 “spatioque.
945 5447 1187 5527 Exponit
1214 5457 1378 5537 editio
1404 5451 1566 5519 ltegia
1587 5450 1610 5514 ,’
1643 5450 1733 5532 ξίνα
1774 5447 2125 5530 συμπαθείας

845 5547 1003 5594 quam
1037 5520 1432 5595 esptisitimtent
1467 5533 1527 5595 ut
1548 5523 1771 5595 vidisset
1817 5520 2124 5587 interpres,

550 5590 652 5663 min
685 5590 1025 5658 reddidisset,
1052 5590 1341 5649 ut'dolcum
1372 5592 1556 5646 alienis
1586 5590 1930 5645 incommodis
1962 5604 1980 5642 :
2012 5599 2125 5641 tan-

550 5538 763 5603 ἀξιωίὶόὶ
794 5551 807 5587 ἶ

2230 5378 2362 5463 (ἰριιιν
2406 5391 2591 5429 vocem
2644 5374 2938 5463 incongrue
2978 5374 3153 5463 reddit
3197 5373 3496 5455 interpres,
3553 5368 3641 5421 ubi
3679 5374 3792 5463 est;

2229 5448 2461 5528 ποσάκις
2493 5462 2582 5528 μοι
2608 5432 3013 5526 συνσεπᾷθησας.
3049 5445 3272 5528 (laetius
3303 5432 3427 5495 mihi
3448 5432 3797 5515 consensisti?

2227 5519 2436 5585 potius,
2493 5506 2798 5581 impensior-1'
2856 5506 3086 5581 (inminui
3149 5515 3459 5581 benignitate
3522 5506 3798 5578 ignouisti:

2226 5581 2492 5656 quomodo
2538 5589 2731 5643 altera,
2767 5601 2830 5638 ac
2882 5586 3029 5656 lit-gii
3060 5589 3176 5639 cod.
3216 5584 3400 5646 editio,
3447 5581 3682 5639 ποσάκις
3709 5588 3791 5643 μοι

551 5688 708 5737 ιμιωιι
758 5684 931 5731 esset,
977 5669 1061 5720 ἵνα
1120 5667 1467 5734 συμπαθήσω
1499 5679 1510 5691 ⁸
1556 5663 1769 5714 lztttwtsi
1824 5676 1923 5714 \ox
1980 5660 2085 5713 ccli!

2229 5659 2521 5725 συνέγνως.
2560 5656 2849 5710 Cumanis.

559 5741 918 5811 ς’),ι,τ.αθτ,θ‹-ἰ,
950 5730 1200 5804 ςλμιυδσιι
1234 5730 1379 5791 satis
1401 5746 1499 5789 cst.
1540 5734 1699 5786 Ιέιιιιυ
1733 5730 1955 5799 ιιιίιτιιιδ
1980 5748 2123 5785 ωηι-
