4056 6148
306 288 443 350 1035
696 328 715 341 ς
1467 287 1747 357 ORATIO
1786 296 1867 355 IN
1910 297 2268 360 PSALMUM
2307 293 2404 362 VI.
3411 304 3545 372 1088

305 394 478 465 ἀκοὴν
511 385 750 467 βαρῦνας
772 398 833 451 οὖ
866 397 1190 471 προσέσχον,
1214 401 1335 455 οὐδὲ
1357 403 1731 475 ἐπεστράφην.
1764 405 1875 468 Διδ,

1995 409 2525 480 arocidentem?Ego
2572 408 2922 465 nihilominus
2982 419 3171 463 aurem
3218 422 3544 481 aggravans.

305 482 697 553 Δέσποτα,οῶς
739 492 980 560 ἔμφυτον
1010 495 1105 548 καὶ
1136 495 1433 565 ἀχάριστον
1454 498 1566 568 (li)
1598 498 1738 568 ἔχων
1776 497 1877 566 τῆς

1995 514 2086 553 non
2119 501 2620 563 adhibuiauimum,
2664 515 2765 556 nec
2796 516 2912 556 sum
2963 516 3287 559 conversus.
3318 501 3546 565 Idcirco,

307 580 726 653 φιλανθρωπίας
770 584 871 654 τὴν
906 583 1180 655 ἄϐυσσον,
1217 586 1312 640 καὶ
1355 587 1453 658 τῆς
1499 588 1879 660 μακροθυμίας

1995 588 2231 654 Domine,
2285 599 2539 658 tanquam
2610 592 2700 660 qui
2765 603 3051 658 cognatam
3094 608 3159 645 ac
3209 591 3550 660 inseparabi—

306 670 370 723 ἰδ
404 671 666 740 πέλαγος,
687 675 808 745 «Μὴ
822 673 900 745 τῷ
930 674 1091 747 θνμῷ
1120 695 1216 731 σου
1247 677 1475 751 ἐλέγξῃς
1504 696 1569 755 με
1593 718 1608 741 ,
1649 679 1783 748 μηδὲ
1815 681 1877 749 τῇ

1995 683 2087 733 lem
2119 680 2231 748 (ιε)
2277 681 2476 734 habeas
2495 680 2796 735 clementia:
2825 682 3108 750 abyssum,
3130 695 3195 735 ac
3225 679 3551 748 longanimi~

307 764 449 836 ὀργῇ
484 778 580 818 σου
614 767 916 839 παιδεύσῃς
947 786 1037 839 με,
1078 788 1097 821 ι
1131 770 1247 823 ἄλλ’
1277 770 1357 823 ἔτι
1382 772 1474 823 καὶ
1507 770 1587 824 ἔτι
1614 769 1883 842 μακροθύ-

1995 773 2111 826 latis
2138 772 2395 840 pelagus:
2435 790 2454 822 ι
2500 770 2577 826 Ne
2626 772 2678 825 in
2730 770 2914 827 furore
2947 782 3036 827 tuo
3070 787 3267 841 arguas
3315 786 3421 833 me,
3456 785 3551 845 ne-

312 870 491 929 μῃσον
517 859 605 910 ἐπ’
640 859 785 930 ὲμοί.
818 860 912 929 Μὴ
937 860 1181 933 σπεύσῃς
1210 862 1305 914 τοῦ
1331 862 1564 931 ἐκκόψαι
1591 879 1658 931 με
1682 862 1757 924 ὡς
1786 860 1881 930 τὴν

1995 877 2089 930 que
2120 862 2172 914 in
2204 862 2284 914 ira
2314 871 2399 939 tua
2430 862 2694 930 corripias
2727 877 2845 927 me;
2893 880 2917 915 ι.
2970 862 3066 916 sed
3104 862 3293 916 adhuc‘
3336 861 3546 914 adhuc-

311 949 481 1020 συκῆν
502 949 599 1021 τὴν
621 951 893 1020 ἄκαρπον·
911 952 1024 1005 ἀλλ’
1042 953 1117 1016 ὠς
1143 953 1344 1020 ἀγαθὸς
1362 954 1453 1006 καὶ
1476 950 1881 1021 φιλάνθρωπος,

1995 967 2092 1021 que
2109 952 2357 1007 toleranti
2392 953 2444 1005 in
2475 969 2559 1007 me
2601 961 2720 1007 esto
2767 945 2970 1008 animo.
3003 950 3085 1005 Ne
3124 955 3231 1006 cito
3257 951 3552 1007 exscindas

309 1043 580 1106 Δέσποτα,
626 1043 768 1112 μετά
807 1044 1026 1097 πάντων
1063 1044 1157 1098 καὶ
1195 1044 1258 1097 τὸ
1281 1043 1402 1105 ἔτος
1423 1042 1584 1096 τοῦτο
1624 1040 1784 1094 ἔασόν
1817 1057 1884 1109 με

1995 1058 2073 1097 me
2112 1051 2168 1096 ut
2206 1043 2365 1097 ﬁcum
2396 1043 2541 1097 illam
2585 1043 2958 1114 iufrugil‘eram
3010 1042 3079 1107 ¹¹,
3137 1045 3230 1097 sed
3292 1052 3550 1112 tauquam

310 1130 449 1202 πρὸς
480 1132 578 1202 τὴν
611 1133 906 1202 μετάνοιαν
927 1173 943 1197 ,
988 1134 1083 1187 καὶ
1119 1134 1194 1204 μὴ
1245 1134 1551 1204 άκηδιάσῃς
1600 1131 1886 1201 βαστάζων

1995 1135 2161 1190 bonus
2182 1149 2244 1188 ac
2271 1134 2525 1201 clemens,
2555 1134 2800 1200 Domine,
2829 1136 2931 1189 hoc
2971 1149 3188 1204 quoque
3238 1148 3382 1187 anno
3429 1148 3552 1187 cum

310 1223 410 1292 τὴν
439 1221 654 1276 ἀδικίαν
686 1242 788 1293 μου
815 1225 911 1278 καὶ
949 1226 1051 1295 τὴν
1106 1225 1384 1297 ρᾳθυμίαν
1412 1242 1536 1295 μου.
1576 1224 1666 1294 Μὴ
1704 1222 1886 1294 ἀρπά-

315 1326 414 1383 σῃς
460 1331 529 1382 με
577 1314 864 1383 ἀνέτοιμον
917 1313 1277 1386 ὑπάρχοντα,
1331 1316 1406 1385 μὴ
1452 1313 1627 1387 λάϐῃς
1672 1329 1740 1382 με
1791 1312 1890 1379 τὴν

311 1402 578 1474 λαμπάδα
606 1405 680 1475 μὴ
706 1401 944 1475 ἆψαντα,
970 1406 1045 1477 μὴ
1068 1407 1243 1478 λάϐῃς
1265 1424 1332 1476 με
1364 1406 1439 1477 μὴ
1468 1405 1663 1475 ἔχοντα
1686 1405 1890 1473 ἔνδυμα

312 1498 495 1565 γάμου
520 1537 534 1561 ,
567 1495 644 1566 μὴ
682 1498 1047 1568 παραστήσῃς
1092 1494 1307 1567 γυμνὴν
1337 1496 1436 1566 τὴν
1470 1496 1649 1565 ψυχήν
1681 1512 1781 1565 μου
1815 1492 1890 1564 τῷ

315 1586 522 1656 βήματί
570 1603 664 1640 σου
716 1587 1082 1658 στηλίτευμα,
1119 1589 1195 1658 μὴ
1241 1587 1412 1660 λάϐῃς
1443 1604 1511 1656 με
1545 1589 1692 1651 τέως
1727 1586 1892 1658 μηδὲν

314 1677 654 1749 προενέγκαι
684 1695 770 1733 σοι
804 1679 1001 1750 ἔχοντα
1026 1696 1040 1710 °
1073 1680 1211 1733 ἀλλά
1247 1679 1705 1753 μακροθύμησον,
1754 1677 1892 1733 ἀλλά

312 1771 642 1841 ἀνάμεινον,
689 1771 825 1826 ἀλλὰ
858 1771 1371 1841 φιλανθρωπεύθῃτι
1391 1812 1405 1835 ,
1431 1770 1569 1824 άλλά
1602 1770 1893 1840 συμπάθη-

315 1880 413 1917 cev
442 1863 614 1932 κάμοὶ
642 1863 722 1934 τῷ
754 1864 980 1935 πτωχῷ,
1016 1860 1095 1936 τῷ
1124 1863 1320 1934 γυμνῷ
1346 1903 1362 1927 ,
1397 1862 1475 1933 τῷ
1512 1862 1741 1935 ρᾳθύμῳ
1765 1902 1780 1926 ,
1815 1861 1894 1932 τῷ

314 1954 529 2025 ἀμελεῖ,
559 1955 637 2025 τῷ
675 1956 898 2025 ἐλεεινῷ
921 1995 936 2017 ,
970 1944 1049 2027 τῷ
1078 1956 1299 2026 ἀπόρῳ,
1333 1954 1412 2025 τῷ
1438 1955 1646 2025 πόρνῳ,
1679 1953 1759 2024 τῷ
1794 1956 1891 2025 ῥυ-

314 2046 500 2117 παρῷ,
534 2047 611 2117 τῷ
636 2046 857 2118 ἀσώτῳ,
887 2046 967 2117 τῷ
996 2046 1299 2116 ἀγνώμονι,
1328 2046 1405 2116 τῷ
1425 2047 1782 2116 άσπλάγχνῳ,
1814 2044 1894 2115 τῷ

315 2124 737 2210 πεπωρωμὲνῳ,
769 2138 848 2209 τῷ
886 2137 1290 2207 βεσυθισμένῳ,
1320 2137 1399 2207 τῷ
1429 2136 1894 2205 κατακεκριμένῳ

316 2232 412 2285 καὶ
444 2231 768 2299 ἀπροσὼπῳ
806 2230 903 2283 καὶ
957 2228 1437 2303 ἀπαρρῃσιάστῳ.
1484 2226 1580 2279 καὶ
1620 2225 1894 2279 ἀναπολο-

314 2324 492 2393 γήτῳ,
531 2322 610 2392 τῷ
644 2322 850 2392 ἀναξίῳ
880 2321 1063 2390 πάσης
1093 2318 1509 2391 φιλανθρωπίας
1532 2332 1549 2348 ·
1579 2316 1657 2387 τῷ
1686 2315 1895 2385 ἀναξίῳ

316 2416 414 2469 τοῦ
442 2414 674 2485 οὐρανοῦ
698 2416 796 2468 καὶ
822 2414 923 2482 τῆς
946 2413 1051 2483 γῆς
1078 2428 1094 2444 ⁶
1121 2412 1199 2484 τῷ
1223 2412 1359 2483 ἀξίῳ
1388 2411 1570 2481 πάσης
1596 2410 1891 2479 τιμωρίας,

316 2507 417 2561 καὶ
449 2507 697 2576 γεέννης,
727 2504 824 2578 διαὶ
851 2504 1153 2565 κολάσεως.

402 2598 582 2658 una,
628 2615 646 2648 ι
680 2596 873 2668 Κύριε,
917 2594 992 2665 μὴ
1043 2594 1123 2664 τῷ
1172 2591 1330 2664 θυμῷ
1370 2609 1462 2645 σου
1514 2590 1741 2660 ἐλέγξῃς
1789 2606 1892 2657 με,

319 2690 461 2761 μηδὲ
493 2693 561 2760 τῇ
591 2689 728 2760 ὀργῇ
764 2705 858 2741 σου
895 2686 1192 2755 παιδεύσῃς
1228 2701 1317 2754 με.
1372 2683 1624 2754 Ἐλέησόν
1660 2699 1750 2750 με,
1783 2680 1895 2734 Κύ-

320 2797 428 2852 ριε,
478 2781 562 2832 ὃτι
603 2778 841 2846 ἀσθενής
885 2777 1022 2845 είμι.
1064 2793 1083 2827 ι
1133 2773 1391 2844 Ἀσθενής
1425 2774 1542 2841 είμι
1594 2774 1660 2841 τῇ
1696 2771 1893 2839 σαρκὶ,

318 2869 555 2932 ἀσθενής
608 2870 727 2939 είμι
777 2870 845 2937 τῇ
896 2866 1066 2937 ψυχῇ.
1130 2864 1373 2918 ’Δσθενεῖ
1424 2879 1528 2931 μου
1580 2863 1614 2932 ἡ
1665 2861 1893 2930 γνώμη,

318 2958 542 3012 ἀσθενεῖ
572 2975 674 3027 μου
703 2958 732 3009 ό
769 2955 1051 3025 λογισμός.
1088 2973 1107 3006 ι
1159 2953 1403 3019 Ἐξέλιπέ
1433 2971 1535 3023 μου
1576 2954 1609 3022 ὴ
1652 2954 1830 3021 ἰσχὺς,
1873 2972 1891 3005 ι

1987 1226 2198 1280 caeteris
2226 1226 2466 1294 relinque
2514 1241 2621 1287 me,
2646 1235 2703 1279 ιιι
2728 1226 3101 1295 paenitentiam
3128 1240 3283 1292 agam
3315 1241 3328 1277 :
3368 1239 3468 1278 nec
3501 1233 3555 1277 te

1991 1316 2184 1369 taedeat
2209 1314 2350 1370 ferre
2379 1330 2555 1369 meum
2587 1316 2637 1368 in
2663 1316 2885 1386 agendis
2905 1315 3120 1370 taedium
3152 1329 3215 1368 ac
3242 1314 3551 1383 segnitiem.

1991 1403 2068 1459 Ne
2107 1420 2192 1459 me
2213 1405 2392 1473 rapias
2423 1407 2781 1475 imparatum;
2813 1420 2882 1460 ne
2912 1421 2997 1460 me
3022 1411 3276 1477 accipias,
3311 1422 3420 1462 non
3463 1422 3560 1460 aes-

1990 1511 2150 1552 censa
2183 1496 2463 1566 lampade;
2497 1512 2567 1551 ne
2601 1497 2838 1566 accipias
2884 1511 2991 1564 me,
3029 1498 3353 1552 destitutum
3411 1507 3563 1552 veste

1992 1590 2245 1659 nuptiali;
2292 1604 2361 1645 ne
2416 1588 2615 1643 nudam
2647 1590 2883 1644 animam
2935 1605 3111 1647 meam
3151 1601 3244 1646 tuo
3305 1591 3562 1645 tribunali

1998 1679 2387 1734 traducendam
2414 1680 2656 1745 stiteris;
2687 1695 2753 1735 ue
2808 1697 2894 1735 me
2938 1683 3218 1751 acceperis
3277 1683 3559 1744 hactenus,

1995 1770 2119 1825 dum
2182 1768 2318 1823 nihil
2350 1769 2521 1824 habeo
2552 1770 2696 1839 quod
2741 1770 2961 1825 efferam
3002 1788 3022 1827 :
3078 1772 3189 1827 'sed
3243 1774 3560 1842 patientiam

1994 1860 2163 1927 habe;
2189 1859 2283 1916 sed
2314 1868 2608 1930 exspecta;
2643 1862 2738 1916 sed
2777 1862 3010 1931 benigne
3038 1878 3248 1917 mecum
3283 1878 3383 1931 age
3413 1881 3427 1916 :
3462 1863 3562 1915 mi-

1994 1961 2175 2007 sereat
2221 1962 2277 2007 te
2334 1955 2442 2007 mei
2500 1953 2781 2023 pauperis,
2818 1954 2967 2020 nudi,
3021 1954 3288 2017 socordis,
3342 1954 3559 2016 incurii,

1994 2043 2342 2107 miserabilis,
2379 2045 2577 2114 inopis,
2612 2045 2864 2109 adulteri,
2912 2044 3139 2109 sordidi,
3182 2044 3415 2113 prodigi,
3472 2044 3558 2096 in—

1994 2137 2158 2208 grati,
2222 2137 2524 2201 inhumani,
2574 2137 2842 2195 obdurati.
2873 2138 3129 2201 demersi,
3166 2137 3428 2197 damnati,
3471 2136 3561 2201 qui

1996 2244 2096 2284 nec
2126 2231 2330 2283 vultum
2357 2229 2667 2293 ostendere,
2689 2244 2787 2283 nec
2815 2228 3049 2283 liberius
3080 2227 3364 2297 loqui,nec
3397 2239 3563 2278 excu-

1993 2335 2117 2376 sare
2139 2321 2365 2375 habeam
2392 2337 2406 2369 :
2431 2319 2635 2388 indigni
2662 2319 2805 2373 catlo
2835 2330 2890 2372 et
2921 2327 3068 2373 terra
3093 2358 3108 2383 ,
3137 2317 3396 2387 dignique
3413 2315 3561 2369 oinni

1996 2427 2176 2477 poeula,
2205 2422 2260 2466 et
2283 2417 2574 2477 tormento,
2599 2416 2654 2465 et
2680 2410 2970 2479 supplicio.

2067 2592 2158 2656 At,
2193 2607 2213 2641 ι
2238 2587 2482 2654 Domine,
2514 2601 2583 2641 ne
2611 2587 2662 2641 in
2695 2584 2877 2641 lurore
2901 2594 2992 2639 tuo
3018 2598 3214 2655 arguas
3245 2597 3355 2647 me,
3387 2595 3564 2649 neque

1994 2686 2046 2739 in
2106 2684 2188 2737 ira
2245 2690 2333 2735 tua
2383 2679 2646 2749 corripias
2693 2693 2800 2735 me.
2853 2676 3109 2733 Miserere
3136 2676 3264 2740 mei,
3314 2673 3564 2734 Domine,

1994 2775 2248 2846 quoniam
2293 2770 2539 2825 inﬁrmus
2567 2784 2709 2824 sunt.
2742 2788 2762 2821 ι
2793 2767 3042 2823 Inﬁrmus
3072 2783 3190 2821 sum
3226 2779 3391 2820 carne
3421 2780 3436 2819 ι
3476 2763 3563 2816 in-

1997 2865 2184 2918 ﬁrmus
2214 2862 2414 2915 anima.
2446 2858 2543 2913 Est
2575 2857 2707 2911 mihi
2741 2859 2987 2911 inﬁrmus
3013 2858 3230 2910 animus
3264 2872 3278 2909 :
3308 2862 3391 2908 est
3430 2850 3563 2904 miiti

1997 2955 2213 3008 inﬁrma
2260 2952 2416 3006 ratio.
2475 2969 2495 3002 ι
2551 2948 2755 3004 Deiecit
2807 2949 2980 3002 virtus
3036 2962 3152 3000 mea
3182 2945 3245 3009 ¹’,
3289 2963 3309 2997 ι
3367 2941 3566 2998 defecit

317 3047 570 3115 ἐξέλιπεν
613 3052 641 3103 ὁ
677 3049 905 3120 χρόνος,
971 3067 990 3098 ι
1040 3047 1318 3113 Ἐξέλιπον
1369 3047 1429 3099 ὲν
1465 3047 1790 3117 ματαιότητι
1839 3046 1895 3099 αί

1998 3054 2253 3113 tempus:
2291 3060 2309 3093 ι
2353 3040 2669 3096 Defecerunt
2701 3040 2753 3093 in
2791 3038 3028 3092 vanitate
3058 3037 3174 3090 dies
3210 3035 3312 3089 mei
3338 3033 3402 3099 “,
3441 3052 3460 3085 ι
3512 3042 3566 3087 et

315 3141 527 3212 ἡμέραι
567 3157 690 3208 μου·
732 3158 750 3189 ι
789 3141 885 3193 καὶ
934 3137 1125 3208 θεωρῶ
1167 3137 1228 3190 τὺ
1257 3138 1412 3200 τέλος
1450 3136 1685 3205 ὲγγίξον.
1753 3137 1894 3190 Ἀλλ’

313 3232 563 3286 ἔκτεινόν
590 3248 680 3301 μοι
710 3231 810 3300 τὴν
832 3235 1010 3298 χεῖρα,
1040 3229 1117 3299 τῷ
1141 3232 1199 3282 ὲν
1230 3228 1377 3300 βυθῷ
1404 3228 1514 3282 τῶν
1542 3228 1747 3300 ἡδονῶν
1781 3246 1894 3299 χει-

319 3324 637 3398 μαζομένῳ.
680 3322 924 3387 Ἀνοιξον
968 3321 1171 3388 κάμοὶ,
1206 3319 1489 3384 Δέσποτα,
1536 3318 1615 3388 τῷ
1660 3318 1897 3383 ἀναξίως

315 3416 592 3483 κρούοντι·
632 3414 728 3466 καὶ
766 3414 840 3482 μὴ
885 3411 1217 3483 ἀποκλείσῃς
1253 3413 1378 3466 κατ’
1413 3411 1547 3482 ἐμοῦ
1591 3412 1692 3481 τὴν
1724 3411 1896 3481 θύραν

314 3506 415 3559 τοῦ
441 3505 626 3567 ὲλὲους
653 3505 772 3558 σοὺ.
819 3502 944 3557 Ἐάν
967 3503 1076 3574 γάρ
1106 3504 1170 3557 σὺ
1199 3504 1442 3574 κλείσῃς,
1479 3500 1564 3566 τίς
1597 3503 1706 3573 ἄρα
1744 3502 1893 3557 ἀνοία

319 3595 440 3662 ξει;
470 3594 598 3649 Ἐὰν
636 3596 701 3649 σὺ
732 3595 969 3665 φθάσῃς,
1007 3593 1093 3657 τίς
1126 3591 1238 3666 ἄρα
1269 3594 1504 3659 ἀνοίξει;
1548 3596 1672 3648 Ἐἀν
1714 3597 1789 3666 μὴ
1830 3597 1895 3650 σὺ

317 3687 537 3759 φθάσῃς
558 3728 573 3751 ,
606 3683 690 3749 τίς
719 3682 807 3738 ἵνα
837 3684 1020 3756 φθάσῃ
1046 3699 1062 3751 ;
1100 3684 1228 3737 Ἐάν
1281 3685 1355 3755 μὴ
1397 3686 1461 3737 σὺ
1490 3685 1734 3757 σπεύσῃς
1760 3728 1776 3752 ,
1812 3684 1897 3749 τίς

274 3768 289 3773 “
316 3779 508 3831 λοιπὸν
544 3777 803 3848 βοηθήσει
832 3779 1001 3847 ημῖν;
1043 3776 1235 3840 Οὐδεὶς
1255 3815 1271 3840 ,
1322 3776 1438 3830 ἀλλ’
1469 3776 1632 3840 αὐτὸς
1673 3778 1702 3831 ό
1735 3776 1895 3846 φύσει

312 3870 478 3932 Θεὸς,
506 3869 593 3932 δὸς
615 3870 749 3939 ἡμῖν
775 3870 965 3940 καιρὸν
994 3870 1160 3940 ζωῆς,
1188 3871 1281 3923 καὶ
1310 3869 1504 3941 καιρὸν
1531 3870 1892 3939 ἐπιστροφῆς.

315 3962 564 4030 Νίκησον
591 3960 690 4033 τὴν
737 3962 1015 4033 πώρωσιν,
1050 3963 1146 4015 καὶ
1180 3962 1411 4031 ποίησον
1446 3961 1549 4031 τὴν
1577 3961 1894 4031 διόρθωσιν.

317 4051 398 4105 Σὺ
423 4052 513 4115 δός
545 4069 636 4121 μοι
682 4051 762 4104 ἔτι
796 4051 993 4123 μικρὸν
1020 4052 1233 4122 χρόνον,
1270 4051 1367 4105 καὶ
1399 4051 1629 4122 ποίησόν
1668 4068 1760 4119 μοι
1792 4068 1896 4103 σω-

316 4144 521 4214 τηρίας
543 4146 767 4213 τρόπον.
796 4143 921 4196 Ἐάν
949 4146 1057 4215 γάρ
1082 4144 1146 4197 σὺ
1181 4145 1256 4214 μὴ
1283 4144 1516 4213 ποιήσῃς
1543 4142 1768 4212 τρόπον,
1795 4143 1895 4196 ὅσα

316 4231 389 4286 ἂν
418 4231 529 4300 ἐγὼ
566 4234 776 4304 ποιήσω
808 4233 987 4302 σαθρά
1036 4235 1142 4286 εἰσι
1194 4234 1289 4286 καὶ
1332 4233 1585 4286 ἀϐέϐαια.
1641 4232 1781 4286 Ὀσα
1829 4233 1895 4286 ἂν

315 4325 632 4393 δοκιμάσω,
681 4324 936 4394 ἀδύναμά
967 4326 1074 4378 εἰσι
1110 4324 1208 4378 καὶ
1238 4324 1602 4379 εὑκατάλυτα.
1647 4325 1788 4377 Ὅσα
1828 4323 1895 4376 ἂν

1998 3136 2151 3190 video
2178 3136 2695 3204 appropinquantem
2728 3130 2909 3185 ﬁnem.
2942 3128 3142 3183 Verum
3187 3138 3238 3180 ιιι
3277 3126 3406 3180 tuibi
3438 3140 3563 3194 por-

1998 3228 2112 3295 rige
2163 3242 2379 3281 manuut
2433 3226 2487 3279 in
2538 3224 2803 3294 profundo
2857 3223 3190 3291 voluptatum
3245 3226 3566 3287 tempestate

1992 3320 2233 3390 iactato.
2255 3318 2383 3390 Milti
2417 3332 2634 3387 quoque
2672 3316 2853 3385 aperi,
2886 3314 3150 3379 Domine,
3184 3312 3314 3366 licet
3346 3310 3566 3380 indigne

1997 3388 2261 3481 pulsanti;
2307 3388 2408 3463 nec
2431 3409 2650 3478 ianuam
2684 3418 2788 3462 tua:
2833 3404 3223 3461 misericordiae
3260 3402 3390 3455 tuibi
3427 3415 3565 3469 prae-

1997 3502 2245 3555 rluseris.
2278 3499 2408 3553 Nam
2434 3500 2478 3553 si
2513 3509 2565 3553 tu
2593 3499 2879 3561 clauseris,
2911 3498 3033 3564 quis
3065 3495 3280 3548 tandem
3311 3491 3566 3560 aperiet?

1995 3590 2109 3645 Nisi
2146 3601 2203 3644 tu
2236 3589 2454 3652 feceris,
2494 3592 2616 3657 quis
2654 3590 2902 3657 aperiet?
2934 3585 3045 3639 Nisi
3094 3594 3147 3638 tu
3191 3582 3560 3642 festinavetis.

1995 3682 2120 3748 quis
2157 3687 2418 3749 praeterea
2452 3678 2607 3732 nobis
2653 3675 2975 3731 succurret?
3011 3675 3179 3729 Nemo
3209 3672 3365 3741 plane
3400 3669 3561 3724 alius.

1996 3772 2074 3828 Tu
2110 3783 2285 3827 autem
2320 3772 2411 3840 qui
2451 3781 2536 3825 est
2566 3770 2706 3824 Deus
2737 3777 2946 3831 natura,
2983 3768 3048 3821 da
3092 3766 3247 3819 nobis
3274 3764 3396 3817 vitae
3424 3772 3563 3816 tem-

1996 3881 2116 3935 pus,
2142 3879 2205 3919 ac
2233 3874 2443 3931 tempus
2467 3858 2854 3917 conversionis.
2886 3857 3053 3912 Vince
3077 3856 3256 3911 cordis
3280 3853 3559 3914 duritiem,

1995 3972 2060 4010 ae
2093 3970 2180 4009 me
2210 3953 2454 4008 emenda.
2488 3950 2568 4005 Tu
2612 3950 2741 4004 inibi
2787 3949 2963 4003 adhuc
2991 3946 3265 4016 paululum
3304 3942 3563 4014 temporis

1995 4048 2254 4109 concede,
2286 4054 2339 4099 et
2362 4057 2590 4112 operare
2619 4040 2748 4094 mihi
2784 4040 2974 4095 salutis
3002 4038 3240 4092 modum.
3274 4035 3388 4090 Nisi
3417 4034 3562 4087 enim

1995 4157 2118 4196 eum
2162 4150 2217 4194 tu
2258 4138 2476 4201 ieceris,
2511 4150 2847 4207 quaecunque
2896 4148 2996 4204 ego
3044 4130 3248 4192 fecero,
3296 4130 3562 4185 imbecilla

1995 4241 2122 4287 sunt
2169 4247 2235 4286 ac
2281 4230 2515 4285 inﬁrma.
2564 4226 2910 4294 Qumcunque
2952 4238 3052 4293 ego
3083 4224 3401 4291 probavero,
3442 4220 3564 4273 siue

1996 4323 2202 4377 viribus
2256 4322 2436 4385 erunt,
2495 4317 2759 4385 facileque
2814 4323 3163 4368 evanescent.
3220 4310 3567 4377 Quaecunque

315 4417 695 4486 ἐπιχειρήσω,
732 4414 986 4487 ἀνωφελῆ
1032 4418 1139 4469 είσι
1179 4416 1277 4469 καὶ
1326 4416 1649 4487 ἀπλήρωτα.
1690 4417 1893 4470 Λοιπὸν

1998 4414 2151 4469 fuero
2198 4425 2505 4483 aggressus,
2538 4407 2746 4461 inutilia
2794 4414 2957 4460 erunt
3000 4418 3063 4458 ac
3103 4401 3439 4487 imperfecta.
3487 4398 3566 4453 Ne

317 4509 399 4579 μὴ
430 4507 708 4579 ἀναϐάλλῃ
731 4550 747 4574 ,
780 4508 1028 4561 Δέσποτα
1048 4546 1063 4572 ,
1114 4507 1249 4560 ἀλλά
1280 4506 1484 4575 φθάσον
1508 4505 1633 4559 δ’τὸ
1666 4507 1895 4578 πλάσμα

394 4664 438 4695 ¹¹
465 4660 598 4717 Luc.
629 4677 752 4740 xttt,
778 4662 834 4716 6.
879 4662 924 4695 “
942 4660 1393 4729 Psal.xxxvtt,ll.
1444 4661 1487 4693 “
1513 4660 1657 4716 Psal.
1682 4673 1891 4724 uxvu,
1921 4658 2012 4713 35.

388 4814 440 4858 δ’
471 4815 680 4881 σώζων.

401 5044 515 5115 (ll)
542 5044 677 5119 [ιθεί
712 5045 841 5101 vult‘
872 5045 1228 5119 combeﬁsius
1267 5044 1574 5119 ἀχώριστον
1608 5048 1892 5119 insepara-

320 5119 510 5175 bilem.
542 5114 654 5185 Ego
688 5129 818 5170 vero
850 5116 932 5170 vel
962 5115 1197 5187 delerem
1230 5114 1444 5185 penitus
1473 5132 1660 5171 vocem
1692 5114 1895 5187 ἀχώριο

318 5203 478 5251 στον,
509 5200 635 5257 quae,
659 5186 813 5257 deest
840 5187 895 5239 in
919 5187 1101 5241 codice
1135 5186 1301 5257 Regio
1322 5227 1337 5251 ,
1364 5187 1455 5257 vel
1480 5187 1711 5257 legerem
1737 5196 1895 5257 prout

316 5257 457 5326 Ιρείι
507 5255 1126 5326 03ηἰ8ἰιι8,γάχάριστον.
1188 5256 1338 5326 Quid
1375 5255 1654 5311 euituvsibi
1696 5256 1809 5308 vult
1844 5256 1895 5309 iu

319 5324 444 5382 Dio
474 5324 1287 5393 inseparabilismisericordia?
1314 5324 1420 5381 Sed
1461 5327 1605 5380 illius
1639 5327 1692 5379 in
1725 5326 1901 5379 homi-

316 5411 426 5467 nes
456 5409 695 5467 amorem
749 5396 902 5467 miris
951 5396 1123 5449 modis
1164 5397 1360 5460 elevat,
1410 5396 1552 5465 quod
1584 5407 1732 5467 mere
1773 5409 1900 5467 gra-

318 5466 503 5520 tuitus
534 5464 773 5536 sitam-ge
805 5465 908 5517 ulla
958 5480 986 5517 a
1028 5477 1177 5534 parte
1212 5464 1488 5519 hominum
1526 5464 1695 5536 gratia
1729 5465 1902 5533 possit

319 5533 691 5601 compensati.
725 5534 884 5591 Basn.

400 5604 520 5671 (12)
559 5602 632 5656 Ac
665 5602 1082 5672 inseparabilem.
1133 5604 1282 5658 llaud
1330 5620 1466 5674 opus
1512 5603 1891 5675 perspicaciori

326 5675 650 5739 intellectu,
700 5684 756 5726 ut
808 5675 927 5742 quis
983 5675 1161 5727 videat
1215 5677 1496 5743 legendum
1554 5675 1886 5749 ἀχώρσιτονο

1998 4505 2136 4558 ultra
2173 4500 2472 4564 distuleris,
2512 4497 2757 4562 Domine,
2795 4493 2890 4551 sed
2923 4493 3030 4547 cito
3065 4492 3211 4547 salva
3253 4486 3564 4560 ﬁgmentum

3392 4705 3423 4725 ἢ

1822 4850 2050 4961 NOT‘E.

1995 5048 2134 5117 quod
2197 5048 2268 5102 sit
2318 5048 2608 5116 explicatio
2642 5050 2998 5117 prmcedeutis
3044 5049 3230 5112 vocis,
3290 5048 3561 5116 ἔμφυτονο

1991 5133 2152 5185 quam
2179 5118 2347 5171 solum
2384 5119 2602 5171 retinuit
2634 5116 2785 5182 Regii
2815 5120 3018 5173 codicis
3041 5120 3226 5173 editio.
3261 5119 3391 5185 Quae
3417 5120 3562 5172 enim

1994 5198 2219 5253 cognata
2254 5198 2378 5241 suut
2408 5204 2470 5239 ac
2510 5190 2790 5257 congenita
2812 5231 2826 5251 ,
2860 5189 3047 5243 eadem
3098 5197 3226 5241 sunt
3260 5199 3314 5241 et
3348 5189 3562 5254 insepao

1996 5257 2208 5311 rabilia.
2246 5257 2514 5326 Iulerpres
2561 5258 2698 5309 male
2751 5259 2991 5312 retinens
3026 5257 3559 5326 \'ocent_dt1dptatov,

2000 5328 2241 5380 inaudito
2286 5324 2445 5381 sensu
2493 5328 2744 5393 explicat,
2778 5328 2849 5381 ita
2888 5328 3117 5379 reddens
3149 5343 3163 5380 :
3197 5324 3326 5378 Cum
3359 5324 3561 5377 innata

2004 5398 2096 5450 tibi
2147 5398 2247 5461 sit,
2281 5413 2397 5462 qua:
2444 5396 2590 5448 nulla
2644 5396 2963 5465 gratitudiue
3004 5395 3329 5465 compensari
3360 5403 3557 5465 potest.

2003 5467 2332 5536 benignitatis
2377 5466 2613 5534 nbyssus.
2645 5463 2818 5519 Certe
2866 5474 2924 5517 ut
2969 5465 3012 5517 is
3064 5463 3226 5536 multa
3278 5464 3461 5517 reddat
3495 5477 3559 5515 cx
3634 5506 3639 5511 .

2003 5532 2222 5598 Lexico,
2272 5537 2414 5589 haud
2448 5532 2606 5588 istud
2658 5547 2833 5600 putem
2864 5549 2928 5587 ex
2960 5548 3023 5586 eo
3058 5532 3279 5585 reddere
3321 5550 3334 5585 :
3372 5538 3429 5584 ut
3462 5546 3560 5585 uec

2005 5608 2189 5673 plura.
2228 5606 2447 5658 redditis
2476 5618 2507 5656 ο
2553 5603 2750 5658 Lexiro
2780 5614 2981 5658 temere
3017 5603 3103 5657 hic
3139 5601 3336 5670 passim
3371 5602 3560 5656 absur-

2000 5678 2120 5730 dius
2155 5676 2381 5731 t'cddita.
2415 5676 2703 5729 (tenuatus.
