4056 6148
519 286 657 350 1091

1723 292 1784 350 S.
1824 291 2223 352 ANASTASII
2249 293 2573 354 ΞΙΝΑΙΤιἘ

3643 299 3783 363 ῙΟῦΞ

522 413 759 455 mrerore
787 399 854 454 ad
886 398 1055 455 Deum
1090 400 1614 473 proloquicogitans,
1636 402 1870 470 seipsum
1908 402 2097 457 nihilo-

2207 406 2502 476 γισάμενος
2522 446 2537 470 ,
2565 404 2798 476 ἐπέσχεν
2825 406 3038 470 ἑαυτὸν,
3066 406 3152 459 ἵνα
3180 406 3254 476 μὴ
3281 405 3592 476 μαχόμενος
3622 407 3780 463 ἔνθεν

523 491 703 545 minus
730 490 996 555 cohibuit,
1027 506 1096 546 ne
1141 506 1205 546 ea
1257 493 1439 556 fando,
1468 493 1522 546 iu
1552 492 1717 547 Deum
1742 507 1984 563 pugnare
2019 495 2099 545 vi-

523 578 749 636 deretur
783 600 797 636 :
836 583 1221 652 deincepsque,
1251 584 1320 639 ab
1353 583 1435 638 his
1466 584 1647 653 potius
1692 584 1759 639 ad
1789 585 2098 655 supplican-

522 671 650 725 dum
686 669 796 727 Deo
820 672 1076 727 transfert
1100 672 1363 738 animum,
1395 673 1580 742 aitque
1616 690 1631 727 :

599 781 620 815 ι
659 762 952 830 Converte,
983 764 1245 831 Domine;
1277 765 1429 836 eripe
1465 765 1701 820 animam
1727 780 1902 820 meam
1947 785 1960 822 :
1991 767 2100 822 sal-

522 869 650 910 vum
682 870 770 909 me
794 854 882 910 fac
903 864 1125 925 propter
1156 857 1585 913 misericordiam
1617 868 1783 915 tuam.
1806 878 1825 911 ι
1850 857 1939 915 Sic
1969 875 2104 929 quo-

524 961 653 1015 que,
678 947 732 1000 in
757 946 1130 1016 superioribus
1169 949 1469 1016 propheta,
1508 947 1666 1015 juxta
1715 949 1962 1017 proprias
1997 949 2101 1001 Do-

525 1038 659 1094 mini
693 1037 954 1102 rationes,
982 1024 1290 1093 sernionem
1319 1037 1595 1095 instruens
1615 1080 1632 1106 ,
1665 1039 1876 1094 dicebat
1904 1057 1916 1092 :
1948 1058 1969 1093 ι
2004 1038 2104 1093 Mi-

525 1147 710 1187 serere
736 1131 862 1198 mei,
890 1131 1144 1199 Domine;
1169 1147 1303 1187 sana
1330 1146 1434 1186 me.
1467 1149 1486 1183 ι
1519 1132 1658 1186 Tum
1684 1146 1812 1187 vero
1830 1126 2107 1188 subnectit

526 1224 658 1279 illud
695 1243 708 1278 :
750 1243 768 1275 ι
810 1222 1108 1302 Converte,
1135 1234 1415 1287 converte,
1455 1242 1476 1275 ›
1532 1232 1591 1278 ut
1627 1236 1850 1293 pastor;
1900 1235 1959 1279 ut
2004 1225 2105 1278 vite

526 1318 657 1383 dux,
693 1336 712 1369 ι
731 1318 878 1387 eripe
897 1335 916 1369 ι
944 1326 1001 1370 ut
1030 1326 1243 1387 potens,
1268 1335 1287 1369 ι
1311 1317 1518 1372 salvum
1544 1334 1630 1374 me
1655 1317 1739 1373 fac
1761 1329 1980 1388 propter
2003 1320 2106 1372 mi-

527 1409 883 1464 sericordiam
907 1417 1076 1462 tuam.
1106 1428 1124 1461 ο
1151 1409 1271 1463 Non
1305 1419 1527 1479 propter
1546 1424 1712 1480 opera
1739 1424 1879 1476 mea,
1907 1411 2104 1480 quippe

529 1503 668 1557 mala
704 1510 867 1569 sunt,
899 1519 1003 1557 non
1038 1513 1257 1572 propter
1302 1518 1450 1559 meos
1481 1519 1781 1569 sermones,
1824 1520 1946 1559 nam
1980 1521 2107 1565 sunt

525 1597 651 1649 vani
682 1613 696 1649 :
723 1597 815 1651 sed
858 1614 878 1648 ι
915 1594 1136 1650 Salvum
1174 1611 1258 1650 me
1282 1594 1369 1651 fac
1412 1589 1639 1666 propter
1672 1602 2104 1660 misericordiam

529 1698 698 1744 tuam.
743 1708 761 1741 ι
798 1689 853 1743 Si
883 1690 966 1744 vis
997 1703 1207 1743 mecum
1231 1686 1435 1755 judicio
1464 1691 1813 1759 contendere,
1855 1697 2103 1760 Domine,

527 1798 628 1853 ego
652 1786 765 1855 ipse
784 1788 1068 1843 adversum
1096 1806 1181 1846 me
1202 1794 1517 1862 pronuntio,
1540 1810 1605 1851 ac
1627 1810 1713 1851 me
1738 1809 1887 1850 reum
1916 1791 2107 1847 mortis

526 1877 794 1933 conﬁteor
823 1895 887 1936 ac
914 1896 1167 1952 agnosco.
1219 1887 1300 1940 Ad
1334 1897 1477 1941 tuam
1507 1888 1763 1959 confugio
1798 1886 2107 1942 misericor-

529 1970 696 2027 diam.
729 1971 872 2027 Nihil
903 1978 1137 2046 suppetit
1186 1980 1331 2048 quod
1362 1981 1457 2036 tibi
1487 1979 1732 2038 offeram.
1766 1980 1960 2048 Quaero
1992 1993 2022 2032 a
2056 1986 2107 2031 te

528 2062 997 2143 misericordiam,
1047 2084 1114 2123 ne
1169 2064 1363 2137 ejus'a
1413 2089 1498 2127 me
1548 2077 1793 2143 requiras
1841 2072 2103 2141 pretium.

532 2139 708 2195 Nemo
741 2146 887 2195 enim
914 2147 1572 2220 unquameleemosynam
1607 2139 1804 2208 venum
1834 2139 2109 2225 exposuit.

535 2232 631 2288 sed
660 2232 860 2289 donum
889 2235 1005 2292 dat.
1034 2238 1404 2310 Quapropter,
1458 2259 1478 2293 r
1512 2242 1730 2303 Salvum
1760 2261 1846 2301 tne
1870 2247 1953 2302 fac
1985 2263 2112 2318 pro-

539 2332 659 2396 μοι·
679 2327 1109 2382 misericordiam
1129 2339 1299 2384 tuam.
1314 2350 1332 2382 ι
1361 2331 2111 2403 Memento,Domine,verbo—

538 2416 1051 2488 rumtuornm,quae
1071 2421 1124 2474 in
1152 2422 1323 2476 sacris
1345 2421 1643 2492 Scripturis
1675 2427 1990 2495 prolocutus
2020 2444 2106 2485 es.

535 2509 825 2577 Memento,
863 2509 1110 2579 Domine,
1147 2514 1291 2580 quod
1330 2533 1348 2566 ι
1375 2530 1526 2570 mens
1560 2500 2110 2590 hominisdiligcnter

533 2602 691 2656 malis
710 2603 924 2658 insistat
947 2605 1276 2672 ajuventute
1298 2623 1395 2661 sua
1416 2608 1518 2664 ν’.»
1543 2608 1834 2676 Memento,
1854 2610 2106 2679 Domine,

533 2696 680 2762 quod
706 2694 877 2748 lutum
900 2709 988 2750 me
1027 2696 1205 2750 rufum
1230 2712 1292 2751 ac
1318 2701 1604 2770 sanguinei
1635 2703 1834 2757 coloris
1859 2704 2105 2759 ﬁnxeris.

532 2786 805 2843 Memento
846 2791 990 2858 quod
1054 2794 1217 2846 homo
1262 2793 1493 2849 vanitati
1531 2797 1867 2853 assimilatas
1918 2799 1989 2853 sit
2035 2801 2103 2853 ³⁵.

529 2877 807 2935 Memento
844 2882 960 2938 fore
994 2892 1054 2938 ut
1090 2899 1197 2938 non
1228 2885 1562 2953 justitlcetur
1597 2890 1649 2943 in
1678 2903 1974 2959 conspectu
2009 2900 2106 2947 tuo

530 2971 708 3025 omnis
744 2973 935 3027 vivens
983 2976 1052 3029 “.
1108 2976 1381 3033 Memento
1418 2979 1532 3035 fore
1563 2992 1644 3046 ut,
1700 2983 1747 3037 si
1781 2984 2103 3053 iniquitates

527 3063 1108 3129 observaverismemo
1130 3070 1405 3141 sustineat
1430 3073 1499 3125 ".
1532 3072 1986 3145 Memento,quod
2010 3092 2104 3132 ne-
2134 3102 2178 3160 α

526 3168 619 3206 mo
647 3153 884 3209 mundus
912 3171 944 3210 a
976 3158 1158 3223 sorde,
1193 3175 1261 3215 ne
1306 3163 1352 3215 si
1387 3177 1531 3217 unus
1590 3164 1705 3219 dies
1762 3167 1925 3221 fuerit
1979 3169 2101 3239 ejus

533 3245 644 3301 vita
677 3248 744 3304 ⁸⁸.
778 3247 1050 3305 Memento
1104 3255 1251 3322 quod
1297 3254 1349 3308 in
1388 3255 1770 3325 iniquitatibus
1808 3267 2106 3328 conceptus

533 3340 654 3405 sim,
683 3351 737 3394 et
780 3341 833 3394 in
879 3343 1116 3411 peccatis
1161 3347 1474 3414 conceperit
1520 3362 1609 3402 me
1665 3357 1840 3402 mater
1893 3363 2012 3404 mea
2038 3350 2104 3402 “.

533 3430 801 3487 Memento
847 3434 990 3503 quod
1037 3450 1104 3490 ne
1148 3436 1320 3505 ipsum
1362 3439 1578 3507 quidem
1613 3439 1805 3494 coelum
1853 3440 2106 3511 mundum

531 3524 604 3576 sit
641 3539 823 3578 coram
883 3535 955 3587 te.
1012 3542 1111 3584 nec
1155 3529 1261 3598 ipsi
1301 3530 1613 3600 angelorum
1665 3533 1942 3587 exercitus
1989 3534 2107 3588 sine

530 3612 708 3681 culpa,
760 3616 1028 3684 siquidem
1066 3632 1254 3672 eorum
1305 3618 1469 3688 aliqui
1523 3637 1553 3675 e
1602 3621 1741 3677 caelo
1790 3621 2109 3676 ceciderunt

529 3717 751 3775 propter
793 3718 1073 3775 peccatum
1116 3724 1297 3764 suum.
1344 3712 1664 3783 Ea’propter,
1706 3731 1726 3766 σ
1776 3715 1984 3770 salvum
2021 3729 2106 3768 me

531 3796 616 3853 [ac
651 3809 870 3868 propter
920 3801 1351 3857 misericordiam
1405 3815 1591 3870 tuam;
1651 3825 1669 3857 ι
1707 3820 1812 3874 me,
1859 3807 2105 3876 inquam,

532 3890 712 3958 plane,
756 3892 845 3960 qni
881 3894 1245 3947 necessariam
1282 3895 1507 3950 habeam
1552 3898 2006 3955 misericordiam.
2047 3898 2105 3953 Si

531 3996 628 4049 pro
668 3983 862 4037 merito
910 3985 1137 4039 salutent
1182 3989 1501 4053 contuleris,
1552 3989 1753 4043 nullam
1805 4005 1894 4044 res
1945 3990 2108 4044 habet

532 4073 970 4128 admirationem.
1004 4073 1061 4129 Si
1105 4076 1236 4146 justi
1285 4078 1539 4133 misertus
1590 4062 1776 4146 l'ue’ris,
1821 4082 1953 4135 nihil
2006 4084 2107 4137 hoc

532 4180 727 4219 novum
758 4185 773 4221 :
807 4169 1007 4237 quippe
1038 4184 1159 4223 cum
1192 4171 1457 4240 ejusmodi
1493 4172 1863 4228 misericordia
1909 4175 2102 4242 dignus

530 4258 620 4312 sit.
653 4256 708 4312 Si
741 4260 972 4329 denique
997 4262 1194 4316 bonmn
1225 4278 1289 4318 ac
1317 4265 1544 4333 probum
1577 4266 1748 4320 virtnn
1781 4266 1947 4336 gloria
1975 4267 2108 4322 aﬂ‘e-

531 4353 707 4414 reris,
764 4353 897 4405 nihil
954 4355 1058 4408 hoc
1113 4369 1363 4425 magnum
1431 4358 1729 4412 videatur:
1781 4360 1855 4413 ita
1905 4361 2105 4430 quippe

2203 500 2367 569 φανῇο
2401 498 2498 551 καὶ
2547 497 2738 550 λοιπὸν
2790 498 2900 551 ἀπὸ
2933 497 3138 550 τούτων
3167 498 3246 560 εἰς
3296 498 3511 550 ἱκεσίαν
3575 499 3781 568 μᾶλλον

2201 589 2340 660 πρὸς
2366 588 2500 642 Θεὸν
2532 587 2831 659 μεταφέρει
2858 587 2950 640 τὸν
2977 585 3258 655 λογισμὸν,
3292 587 3387 639 καί
3416 603 3584 657 φησιν
3618 602 3632 617 ο

2279 783 2299 817 ι
2348 763 2731 835 Ἐπίστρεψον,
2793 762 2998 834 Κύριε,
3048 761 3210 834 ῥῦσαι
3265 763 3365 833 τὴν
3410 763 3593 834 ψυχήν
3653 779 3782 833 μουο

2206 858 2379 912 σῶσόν
2408 874 2476 929 με
2502 856 2688 909 ἕνεκεν
2709 854 2805 908 τοῦ
2828 855 3012 918 ἐλέους
3037 872 3152 909 σου.
3187 874 3206 908 ι
3238 855 3394 910 Κατὰ
3418 855 3490 909 τὰ
3517 853 3788 926 ἰδιώματα

2203 950 2298 1003 τοῦ
2328 951 2623 1014 Δεσπότου,
2648 946 2792 1003 οὕτω
2813 948 2909 1001 καὶ⁸
2937 950 2965 1001 ὁ
3000 949 3295 1019 Προφήτης
3321 949 3582 1019 ἀνωτέρω
3612 964 3788 1018 προσ-

2207 1043 2377 1112 άγων,
2420 1037 2576 1095 εἶπεν
2600 1057 2616 1074 ο
2655 1059 2675 1093 ι
2734 1040 2985 1111 Ἐλέησόν
3030 1057 3132 1111 με,
3166 1040 3376 1110 Κύριεο,
3439 1027 3719 1106 (scalpe.
3760 1058 3781 1090 ι

2208 1133 2342 1193 Εἶτα
2379 1137 2574 1205 ἐπάγει
2617 1134 2830 1198 τούτοις
2870 1134 2963 1187 τό·
3025 1151 3045 1185 ι
3093 1131 3476 1204 Ἐπίστρεψον,
3520 1132 3785 1205 ἐπίστρε-

2207 1230 2328 1299 dav,
2366 1246 2385 1279 ι
2412 1228 2490 1290 ὼς
2533 1225 2761 1296 ποιμὴν,
2786 1225 2863 1288 ὼς
2888 1223 3085 1294 ὁδηγδς
3105 1241 3124 1275 ι
3160 1222 3322 1294 ῥῦσαι
3343 1265 3360 1288 ,
3394 1243 3412 1275 ι
3443 1222 3519 1287 ὡς
3555 1222 3787 1285 δυνατὸς

2214 1339 2232 1372 ι
2264 1318 2438 1371 σῶσόν
2472 1333 2540 1387 με
2570 1316 2759 1370 ἕνεκεν
2790 1314 2886 1369 τοῦ
2911 1314 3096 1378 ἐλέους
3118 1330 3234 1368 σου.
3272 1333 3292 1367 ι
3321 1314 3434 1383 Οὐχ
3462 1313 3650 1367 ἕνεκεν
3678 1313 3790 1365 τῶν

2209 1413 2386 1483 ἔργων
2422 1422 2547 1481 μου,
2584 1407 2800 1478 πονηρὰ
2833 1407 2942 1479 γάρ
2976 1408 3117 1460 εἰσιν
3140 1423 3155 1438 ο
3188 1408 3287 1477 οὐχ
3334 1405 3524 1459 ἕνεκεν
3555 1404 3665 1458 τῶν
3702 1404 3791 1457 λό-

2213 1522 2323 1575 γων
2358 1520 2481 1574 μου,
2514 1502 2733 1574 μάταιοι
2757 1500 2867 1569 γάρ
2891 1501 3052 1553 εἰσινο
3084 1498 3221 1551 ἀλλὰ
3248 1518 3267 1549 ε
3298 1498 3479 1551 Σῶσόν
3504 1511 3573 1567 με
3597 1496 3790 1549 ἕνεκεν

2210 1594 2306 1649 τοῦ
2348 1593 2532 1656 ὲλέους
2581 1608 2697 1645 σου.
2736 1609 2754 1643 ι
2788 1590 2850 1643 El
2890 1586 3205 1642 δεδικάσθαι
3254 1586 3436 1657 βούλει
3484 1585 3623 1655 πρός
3682 1602 3785 1655 με,

2213 1689 2476 1748 Δέσποτα,
2517 1682 2629 1752 ἐγὼ
2662 1678 2785 1736 κατ’
2825 1680 3066 1752 ἐμαυτοῦ
3097 1678 3314 1748 ἐκφέρω
3353 1676 3454 1748 τὴν
3487 1678 3786 1746 audeas»,

2144 1752 2183 1806 Β
2212 1782 2306 1835 καὶ
2347 1775 2598 1849 ὁμολογῶ
2641 1777 2724 1829 ὅτι
2769 1773 2918 1838 ἄξιος
2951 1771 3184 1826 Θανάτου
3218 1768 3350 1837 ιγώ.
3398 1770 3492 1831 Et;
3539 1769 3601 1820 τὸ
3638 1768 3794 1832 ιλεάς

2212 1891 2310 1928 σου
2336 1871 2690 1940 καταφεύγω.
2722 1867 2890 1922 Οὐδὲν
2919 1865 3027 1936 ἔχω
3051 1865 3423 1936 προσαγαγεῖν
3453 1878 3557 1915 σοι.
3597 1861 3794 1931 Ἐλεη-

2216 1967 2453 2037 μοσύνην
2500 1961 2649 2031 ξητῶ
2696 1960 2847 2032 παρὰ
2893 1957 3011 2013 σοῦ’
3059 1958 3135 2028 μὴ
3169 1954 3412 2027 ζητήσῃς
3449 1954 3550 2022 τὴν
3587 1952 3797 2023 ταύτης

2211 2058 2398 2129 τιμήν.
2449 2055 2637 2119 Οὐδεὶς
2679 2053 2790 2124 γάρ
2842 2068 2972 2104 ποτε
3027 2048 3403 2119 ἐλεημοσύνην
3444 2044 3790 2115 πιπράσκει,

2211 2152 2349 2207 ἀλλὰ
2398 2148 2571 2219 δῶρον
2616 2145 2871 2217 παρέχει.
2919 2143 3038 2208 Διὸ,
3079 2158 3098 2192 ι
3127 2139 3308 2193 Σῶσόν
3356 2155 3422 2209 με
3463 2137 3655 2190 ἕνεκεν
3697 2135 3793 2190 τοῦ

2211 2243 2393 2305 ὲλέους
2424 2258 2541 2294 σου.
2582 2258 2601 2291 ι
2649 2237 2938 2309 Μνήσθητι
2980 2236 3091 2288 τῶν
3120 2233 3298 2301 λόγων
3340 2249 3434 2285 σου
3476 2224 3553 2285 ὧν
3585 2232 3645 2284 ἐν
3674 2235 3795 2295 ταῖς

2210 2337 2394 2405 ἁγίαις
2444 2335 2689 2405 Γραφιιῐς
2734 2331 2984 2401 εἴρηκας,
3022 2327 3343 2397 Μνήσθητι,
3390 2324 3676 2391 Δέσποτα,
3707 2326 3795 2378 δτι

2217 2449 2235 2481 ι
2272 2425 2547 2498 ἐπιμελῶς
2576 2425 2818 2492 ἔγκειται
2851 2423 2885 2491 ἡ
2911 2420 3119 2474 διάνοια
3149 2418 3247 2497 τοῦ
3274 2417 3569 2486 ἀνθρώπου
3603 2418 3697 2469 ἐπὶ
3722 2417 3792 2470 τὰ

2209 2519 2423 2589 πονηρὰ
2459 2519 2524 2569 ὲκ
2552 2515 2803 2585 νεότητος
2846 2511 3035 2567 αὑτοῦ.
3072 2529 3090 2562 ι
3128 2509 3418 2580 Μνήσθητι
3442 2547 3458 2571 ,
3502 2508 3788 2570 Δέσποτα,

2208 2614 2290 2667 ὅτι
2322 2611 2493 2682 πηλόν
2531 2625 2600 2680 με
2630 2606 2870 2668 ἔπλασας
2898 2603 3079 2674 πυρὰν
3106 2602 3124 2641 ί
3158 2600 3253 2655 καὶ
3291 2599 3601 2671 αἱματώδη.
3632 2600 3790 2670 Μνήο

2211 2702 2369 2772 σθητι
2401 2702 2482 2753 ὅτι
2543 2696 2831 2768 ἄνθρωπος
2894 2691 3216 2765 ματαιότητι
3273 2688 3532 2760 ὡμοιώθη
3567 2727 3583 2742 .
3634 2690 3792 2760 Μνήα

2210 2796 2372 2866 σθητι
2396 2796 2479 2848 ὅτι
2514 2793 2579 2846 οὐ
2620 2789 3046 2859 δικαιωθήσεται
3101 2783 3337 2838 ἐνώπιόν
3374 2799 3469 2836 σου
3507 2783 3617 2845 πᾶς
3656 2781 3791 2846 ζῶν.

2208 2887 2495 2957 Μνήσθητι
2550 2885 2633 2938 ὅτι
2676 2883 2772 2936 ἐὰν
2817 2879 3045 2949 ἀνομίας
3111 2876 3541 2948 παρατηρήσῃς,
3615 2874 3796 2937 οὐδεὶς

2211 2978 2597 3045 ὑποστήσεται.
2630 2968 2919 3041 Μνήσθητι
2950 2968 3032 3019 ὅτι
3065 2965 3241 3029 οὐδεὶς
3270 2963 3513 3034 καθαρὸς
3545 2962 3654 3015 ἀπὸ
3692 2960 3795 3034 ῥύ-

2210 3087 2336 3133 που,
2370 3067 2478 3122 οὐδ’
2501 3066 2568 3120 ἂν
2597 3065 2695 3136 μία
2718 3063 2902 3135 ἡμέρα
2928 3064 2961 3131 ἡ
2987 3059 3100 3131 ζωὴ
3132 3057 3300 3112 αὐτοῦ
3334 3059 3475 3110 ἐστι.
3501 3053 3795 3125 Μνήσθητι

2209 3164 2290 3219 ὅτι
2323 3164 2380 3215 ὲν
2405 3160 2660 3231 άνομίαις
2691 3155 3054 3226 συνελήφθην,
3085 3153 3181 3205 καὶ
3208 3153 3266 3204 ὲν
3297 3148 3596 3220 ἁμαρτίαις
3627 3146 3795 3200 surda-

2211 3255 2343 3326 σησέ
2376 3271 2442 3325 με
2487 3256 2521 3324 η
2562 3253 2745 3322 μήτηρ
2774 3266 2898 3320 μου.
2941 3244 3231 3316 Μνήσοητι
3262 3245 3344 3297 ὅτι
3392 3242 3515 3295 οὐδὲ
3554 3241 3720 3303 αὐτὸς
3764 3241 3794 3293 δ

2208 3345 2437 3419 οὐρανὸς
2478 3343 2721 3412 καθαρὸς
2762 3340 2996 3395 ἐνώπιόν
3030 3356 3125 3392 σου
3147 3379 3162 3402 ,
3196 3336 3316 3390 οὐδὲ
3356 3334 3500 3388 αὐτὰ
3520 3333 3590 3386 τὰ
3621 3349 3794 3402 στρα-

2206 3439 2454 3510 τεύματα
2484 3436 2594 3489 τῶν
2628 3435 2878 3503 ἀγγέλων
2911 3432 3177 3503 ἄμεμπτα
3206 3428 3438 3483 ἐνώπιόν
3486 3425 3581 3479 σού
3628 3426 3793 3490 εἰσιν,

2209 3531 2263 3586 εἴ
2293 3550 2356 3600 γε
2388 3533 2480 3585 καὶ
2513 3530 2574 3596 ὲξ
2601 3527 2833 3600 οὐρανοῦ
2861 3526 3058 3579 ἔπεσόν
3088 3541 3234 3587 τινες
3263 3521 3352 3575 διὰ
3380 3523 3481 3591 τὴν
3509 3520 3797 3590 ἁμαρτίαν

2208 3624 2411 3680 αὐτῶν.
2444 3623 2533 3676 Διὸ
2561 3641 2580 3673 ι
2605 3621 2778 3674 σῶσόν
2809 3637 2877 3690 με
2906 3620 3095 3672 ἕνεκεν
3123 3616 3219 3670 τοῦ
3250 3615 3437 3677 ἐλέους
3469 3629 3586 3675 σου,
3629 3630 3646 3662 ι
3689 3610 3796 3680 ἐμὲ

2207 3717 2301 3770 τοῦ
2332 3715 2518 3779 ἐλέους
2539 3714 2814 3783 δεόμενον.
2863 3712 2988 3765 Ἐὰν
3015 3710 3106 3764 τὸν
3133 3708 3284 3775 ἄξιον
3313 3705 3611 3776 διασώσῃς,
3636 3704 3797 3757 οὐδὲν

2208 3809 2541 3880 Θαυμαστόν.
2582 3808 2708 3860 Ἐὰν
2733 3804 2825 3858 τὸν
2850 3804 3062 3858 δίκαιον
3100 3795 3332 3873 ἐλεήσῃς
3355 3841 3369 3863 ,
3401 3797 3557 3852 οὐδὲν
3597 3797 3781 3863 ξένον,

2209 3902 2358 3968 ἄξιος
2397 3899 2508 3970 γάρ
2555 3900 2692 3951 ἐστι.
2746 3896 2855 3950 Καὶ
2894 3894 2990 3949 ἐὰν
3036 3894 3128 3947 τὸν
3178 3891 3469 3947 σπουδαῖον
3519 3888 3795 3961 δοξάσῃς,

2208 3993 2361 4046 οὐδὲν
2393 3990 2556 4061 μέγαο
2592 3989 2801 4043 δίκαιον
2838 3987 2948 4057 γὰρ
2979 3985 3141 4039 τοῦτό
3171 3986 3340 4039 ἐστιν.
3397 3981 3561 4034 Ἀλλὰ
3591 3979 3796 4049 μᾶλλον

2207 4087 2289 4147 εἰς
2317 4068 2417 4152 ἐμὲ
2446 4081 2839 4150 θαυμάστωσον
2864 4081 2932 4132 τὰ
2957 4078 3083 4148 ἐλέη
3126 4094 3242 4141 σου,
3276 4077 3364 4128 ἶνα
3394 4076 3453 4127 ἐν
3479 4072 3606 4143 ἐμοὶ
3634 4069 3797 4135 δοξα-

2210 4178 2310 4248 σθῇ
2347 4178 2380 4247 ἡ
2434 4173 2818 4246 φιλανθρωπία
2850 4178 2970 4226 σου.
3015 4170 3170 4223 Ἐπεὶ
3215 4168 3306 4221 καὶ
3339 4167 3524 4239 ἰατρὸς
3571 4163 3798 4231 δόκιμος

2208 4268 2328 4322 τότε
2352 4268 2657 4320 ἐπαινεῖται
2686 4265 2781 4318 καὶ
2805 4263 3169 4333 θαυμάζεται.
3201 4262 3291 4313 ὅτε
3318 4259 3509 4321 νόσους
3538 4254 3794 4314 ἀνιάτους

2211 4361 2306 4413 καὶ
2334 4356 2757 4429 ἀπηλπισμένας
2795 4355 2964 4407 ἰᾶται.
2996 4350 3109 4404 Καὶ
3141 4349 3397 4421 βασιλεὺς
3430 4343 3639 4414 ἀγαθὸς
3674 4341 3793 4395 τότε

529 4459 743 4513 a-qunm
778 4456 883 4500 est.
919 4444 1120 4501 Verum
1147 4448 1290 4501 enim
1322 4449 1374 4502 in
1408 4464 1492 4502 me
1523 4451 1703 4519 potius
1738 4451 1967 4507 mirillca
2005 4454 2102 4506 mi-

2207 4449 2492 4517 δοξάζεται
2534 4448 2629 4502 καὶ
2660 4447 3029 4516 εὐφημεῖ-θαι,
3079 4443 3168 4494 ὅτε
3202 4442 3319 4503 τοῖς
3371 4437 3614 4503 ἀναξίοις
3644 4434 3790 4501 δῶρα

599 4600 647 4631 ’⁵
685 4600 821 4656 Gen.
861 4616 980 4670 vm,
1004 4603 1095 4655 2i.
1174 4603 1217 4635 "‘
1249 4602 1388 4658 Psal.
1412 4619 1599 4668 cum,
1623 4606 1678 4660 4.
1752 4607 1798 4638 ³⁸
1829 4605 1974 4661 Psal.
2003 4623 2103 4663 ut.

2207 4607 2250 4665 Ξ.
2311 4607 2354 4638 ’⁷
2387 4604 2530 4660 Psal.
2560 4616 2745 4666 cunt,
2777 4601 2829 4655 5.
2905 4599 2951 4631 ³⁸
2975 4597 3077 4653 Job
3135 4612 3247 4659 ιιν,
3284 4597 3339 4650 4.
3414 4594 3459 4624 ’³
3484 4593 3626 4649 ΡδιιΙ.
3662 4610 3713 4659 1.,
3740 4592 3786 4644 7.

623 4751 641 4791 ί
680 4753 825 4808 Ιτονι.
876 4756 1053 4824 φορὰν
1106 4772 1199 4824 pro
1230 4757 1460 4828 φύραμα
1495 4776 1510 4812 :
1542 4768 1599 4812 ut
1629 4774 1819 4815 sensus
1848 4761 1916 4815 sit
1944 4778 1959 4813 :
1998 4759 2101 4816 Fer

2227 4778 2307 4815 me
2332 4777 2565 4815 massam
2589 4758 2958 4829 sanguineam.
2986 4754 3121 4810 CAN.

2043 4879 2274 4936 NOTAE.

605 5011 715 5083 (l7)
750 5009 945 5089 Lutum
994 5028 1074 5089 me
1110 5012 1379 5089 rufum‘el
1406 5016 1953 5089 sgngttinettthfeceris.
1983 5019 2101 5089 Πη-

529 5081 622 5136 λόν
657 5099 725 5158 με
752 5081 1084 5158 πυρῤονμκαὶ
1110 5083 1401 5158 αἱματώδη
1415 5084 1684 5158 ἔπλασας.
1720 5081 1808 5141 Sic
1837 5088 1970 5155 lege,
2006 5081 2103 5158 pro

531 5153 732 5228 πυράν.
774 5150 934 5228 Quod
967 5150 1232 5228 interpres
1277 5150 1794 5228 rctlt'lit,ibnstuut;i
1824 5150 1916 5228 sed
1949 5150 2105 5228 plane

533 5223 700 5293 liquet
736 5223 969 5277 alienum
1002 5223 1105 5279 hoc
1143 5239 1265 5279 csse
1291 5240 1319 5277 a
1353 5227 1625 5279 creatione
1654 5227 1905 5288 hominis,
1942 5223 2105 5295 quam

532 5305 723 5348 auctor
758 5296 1099 5363 perstringit,
1138 5310 1237 5347 nec
1267 5296 1557 5364 quidquam
1589 5300 1862 5351 colizerere
1891 5308 2109 5350 antece-

533 5367 786 5420 dentibus
818 5375 909 5418 aut
942 5369 1163 5435 snbscq.
1192 5364 1513 5433 Conjectnra
1550 5367 1711 5421 etiam
1742 5382 1902 5435 quam
1935 5368 2108 5422 inter-

532 5451 660 5506 pres
720 5450 893 5506 marg.
953 5436 1248 5506 ascripsit,
1310 5437 1597 5506 admodum
1659 5436 1851 5505 frigida
1942 5446 2027 5495 est
2083 5452 2097 5487 :

539 5504 779 5578 LForte,
814 5504 1011 5573 inquit,
1044 5504 1248 5574 φυοὰν,
1276 5520 1373 5578 pro
1398 5505 1672 5578 φύρσμαςΔ
1692 5504 1748 5559 ut
1772 5506 2101 5578 sit__sen_sus;

539 5573 732 5629 Feciin
763 5591 844 5627 me
875 5573 1107 5643 massam
1155 5573 1520 5643 sanguineum.
1552 5573 1578 5627 ⁷»
1614 5574 1772 5630 Clare
1819 5574 2008 5629 alludit
2039 5577 2106 5628 ad

534 5650 700 5696 verba
744 5642 1203 5716 Scripturzecen.
1255 5642 1334 5716 it,
1365 5646 1773 5716 redtlensﬂquod
1792 5644 1956 5716 juxta
1993 5655 2109 5716 etv-

540 5728 685 5766 mutu
732 5728 922 5766 sonant
956 5713 1253 5781 llebt'aica;
1289 5715 1375 5768 ubi
1420 5716 1564 5769 enim
1597 5715 1670 5770 llll
1721 5714 1917 5769 habent
1950 5734 1962 5769 :
1997 5713 2108 5769 καὶ

2200 5018 2433 5072 ἔπλασεν
2475 5017 2502 5069 ὁ
2546 5017 2678 5080 Θεὸς
2712 5017 2804 5070 τὸν
2854 5013 3169 5087 ἄνθρωπον,
3204 5010 3335 5087 χοῦν
3362 5011 3472 5066 ἀπὸ
3514 5011 3626 5087 τῆς-
3653 5012 3775 5087 γῆς.

2201 5088 2267 5142 Ει
2293 5089 2445 5157 ﬁnxit
2477 5087 2614 5141 Deus
2637 5089 2894 5139 hominem
2916 5127 2930 5151 ,
2957 5081 3218 5153 pulverem
3242 5084 3502 5157 dc'terra.
3533 5081 3789 5135 Hebraire

2636 5136 2873 5219 ιε’ςεξ
2900 5136 3183 5233 essm
3216 5136 3395 5213 πθ..
3444 5136 3585 5233 τις-η,
3621 5156 3788 5233 ηπ»...

2211 5228 2307 5283 Ubi
2341 5243 2443 5281 vox
2490 5228 2698 5289 ultima,
2728 5244 2753 5277 a
2789 5241 2895 5296 qua
2926 5227 3309 5296 etiamltomu,
3343 5239 3498 5296 suum
3534 5221 3663 5274 illud
3693 5237 3791 5273 uo-

2209 5314 2331 5351 meu
2372 5307 2642 5370 mutuatus
2674 5306 2780 5370 est,
2808 5294 3003 5364 itcntpe
3027 5294 3203 5370 ΑιιαηιΔ
3225 5308 3244 5347 :
3277 5294 3418 5363 quod
3452 5303 3660 5370 natura;
3693 5305 3791 5358 po-

2212 5372 2317 5422 tius
2347 5383 2411 5421 ac
2447 5367 2644 5435 speciei
2695 5367 2909 5420 videtur
2941 5362 3022 5418 ex
3061 5365 3279 5435 praeﬁxa
3336 5362 3605 5435 emphasi,
3635 5362 3788 5435 juxta

2210 5430 2684 5505 grammaticorum
2718 5436 2982 5506 regulam,
3027 5430 3343 5506 negantium
3382 5430 3582 5506 praeligi
3618 5432 3790 5483 nomi-

2211 5502 2369 5562 nibus
2402 5506 2657 5575 propriis,
2686 5502 2848 5575 qua—tn
2880 5506 2979 5559 viri
3016 5504 3291 5574 proprium
3313 5502 3560 5575 ;__ru[um
3604 5511 3784 5575 sonat,

2210 5593 2238 5628 a
2270 5570 2435 5630 verbo
2465 5570 2610 5636 QDN
2638 5595 2652 5633 :
2687 5570 2830 5652 (iqu
2859 5585 2973 5641 est,
3004 5570 3300 5652 rubescere.
3341 5571 3476 5652 Vide
3502 5570 3685 5652 fago:
3718 5572 3784 5621 ad

2210 5663 2328 5698 eain
2364 5662 2583 5713 vocem,
2630 5658 2683 5703 et
2705 5641 3047 5701 'Thesaurum
3095 5645 3149 5701 in
3189 5658 3323 5702 voce
3370 5641 3601 5713 πυρρός.
3639 5641 3775 5694 Cou-

2208 5731 2376 5773 BEFlS.
