4056 6148
335 388 485 452 ’1093

1500 392 1782 452 ORATIO
1823 393 1901 451 ΙΝ
1942 393 2302 453 PSALMUM
2340 392 2441 453 VI.

3478 395 3614 460 1034

343 503 650 576 χαρίζεται.
681 500 841 566 Οἶδας
871 502 978 574 γὰρ
1004 503 1101 572 τὴν
1140 504 1429 557 ἀσθένειαν
1459 505 1558 574 τῆς
1586 505 1803 572 φύσεως
1846 507 1923 568 ὡς

2030 507 2358 585 sericordias
2401 516 2522 558 tuas
2546 545 2562 568 ,
2590 515 2650 558 ttt
2688 505 2937 560 laudetur
2990 506 3043 559 in
3079 521 3166 560 me
3191 507 3480 563 clementia
3524 520 3613 565 tua

341 596 557 659 πλάσας
583 612 597 627 ’
650 596 746 649 καὶ
809 590 960 658 οἶδας
1003 595 1173 666 αὐτὴν
1211 596 1285 659 ὡς
1331 597 1693 667 ἐνδυσάμενος
1727 596 1921 667 αὐτὴν,

337 689 436 743 καὶ
484 687 668 752 σώσας
697 688 892 757 αὐτήν.

2035 612 2102 651 ac
2127 598 2454 668 benignitas.
2503 594 2638 649 Nam
2673 606 2728 650 et
2761 598 3024 666 probatus
3067 598 3311 653 medicus
3352 609 3479 653 tunc
3521 602 3616 654 de-

2035 704 2182 743 mum
2212 689 2463 744 laudatur
2503 698 2670 758 atque
2700 688 3050 744 admirationi
3080 698 3187 754 est,
3218 691 3436 759 quando
3469 692 3615 745 incu-

332 782 542 838 rabiles
571 798 635 837 ac
663 783 982 852 desperatos
1022 783 1241 838 morbos
1281 793 1456 838 curat.
1492 782 1671 838 Bonus
1732 797 1949 852 quoque
1990 797 2086 839 rex
2129 793 2259 840 tunc
2306 786 2746 850 commendatur,
2791 799 2857 839 ac
2926 784 3125 838 celebri
3165 785 3395 839 habetur
3444 787 3610 853 lama,

334 892 477 932 cum-
509 876 564 931 in
596 877 740 944 ipsos
777 877 963 931 etiam
989 876 1289 932 immeritos
1323 875 1610 933 muniﬁcus
1637 885 1742 932 est.
1791 877 1912 932 Scis
1942 879 2086 932 enim
2148 880 2404 934 humana;
2432 889 2642 935 natura;
2710 879 3171 946 imbecillitatem,
3197 895 3322 935 cum
3346 895 3465 936 eam
3496 889 3612 951 ipse

340 968 663 1025 l‘ormaveris
694 987 709 1023 :
739 968 849 1023 scis
877 969 1007 1022 item
1054 970 1196 1038 quod
1237 969 1482 1023 eamdem
1515 970 1633 1038 ipse
1663 971 2043 1039 assumpseris.
2069 986 2134 1027 ac
2162 972 2337 1027 salute
2369 974 2681 1027 donaveris.

411 1063 504 1116 Διὸ
539 1063 636 1117 καὶ
664 1062 761 1116 νῦν
786 1081 810 1113 ε
848 1062 1021 1116 σῶσόν
1059 1080 1126 1134 με
1161 1063 1353 1117 ἕνεκεν
1375 1064 1472 1117 τοῦ
1505 1065 1692 1128 ἐλέους
1722 1081 1841 1118 σου.
1885 1083 1904 1117 ι
1965 1118 1971 1122 ,

338 1153 434 1225 Μὴ
466 1153 671 1224 νικήσῃ
705 1154 739 1223 ἡ
763 1152 872 1224 ἐμὴ
907 1152 1076 1207 κακία
1110 1153 1210 1224 τὴν
1240 1153 1339 1224 σὴν
1373 1153 1806 1224 εὐσπλαγχνίαν,
1839 1154 1914 1225 μὴ

337 1247 542 1317 νικήσῃ
558 1247 591 1315 ἡ
613 1246 723 1315 ἐμὴ
742 1245 985 1316 ῥᾳθυμία
1008 1244 1109 1317 τὴν
1135 1245 1463 1299 ἁνείκαστόν
1487 1262 1583 1298 σου
1608 1245 1803 1312 φιλανθ
1813 1262 1920 1316 ρω-

338 1337 494 1393 πίαν.
532 1356 553 1389 ι
577 1337 669 1407 Μὴ
700 1338 782 1400 εἰς
808 1337 993 1408 κρίσιν
1020 1336 1182 1408 ἔλθῃς
1211 1337 1352 1407 μετὰ
1373 1337 1481 1390 τῶν
1512 1337 1717 1392 δούλων
1751 1356 1868 1393 σου.
1895 1359 1915 1392 ι

249 1422 259 1427 ’
338 1430 409 1483 Et
442 1428 552 1499 γὰρ
609 1430 704 1482 καὶ
760 1428 1028 1499 κριθῆναι
1079 1427 1350 1500 βουληθῇς
1400 1429 1537 1500 πρὸς
1581 1432 1757 1500 ἡμᾶς,
1812 1432 1923 1485 πᾶν

266 1508 269 1509 ν
339 1526 521 1595 στόμα
549 1524 894 1596 φραγήσεται
927 1523 1002 1594 μὴ
1030 1522 1152 1595 ἕχον
1178 1540 1231 1577 τι
1257 1524 1729 1597 ἀπολογήσασθαι.
1750 1526 1922 1597 ’Υπὲρ

340 1618 529 1671 πόσων
588 1618 698 1688 γὰρ
740 1617 1047 1687 εὐργεσιῶν
1091 1616 1371 1687 δυνάμεθα
1409 1616 1921 1689 ἐξομολογήσασθαι

339 1709 412 1778 τῇ
463 1706 843 1777 ἀνεκδιηγήτῳ
882 1722 978 1758 σου
1026 1705 1366 1776 ἀγαθότητι;
1405 1705 1499 1777 Μὴ
1556 1706 1719 1769 δντας
1774 1708 1921 1778 ἡμᾶς

340 1797 631 1868 ἐποίησας,
687 1796 784 1848 καὶ
864 1796 1100 1863 ποιήσας
1159 1795 1510 1866 ὲπλήθυνας.
1571 1796 1915 1861 ὲσκὲπασας,

2100 1067 2416 1136 Propterea,
2449 1083 2591 1123 nunc
2615 1083 2833 1138 quoque
2859 1084 2880 1119 ι
2917 1067 3125 1122 salvum
3153 1080 3237 1129 me
3262 1064 3349 1121 fac
3384 1075 3611 1135 propter

2030 1159 2458 1214 misericordiam
2490 1168 2660 1212 tuam.
2694 1178 2712 1211 ι
2755 1158 2831 1213 Ne
2858 1160 3060 1221 vincat,
3085 1171 3289 1226 quaso,
3319 1167 3468 1211 tuam
3505 1160 3607 1211 mi-

2026 1250 2379 1305 sericordiam
2410 1264 2528 1303 mea
2553 1250 2758 1302 malitia
2788 1265 2803 1309 ;
2842 1262 2910 1302 ne
2938 1261 3056 1303 mea
3107 1248 3368 1317 segnities
3398 1249 3609 1302 incom-

2028 1342 2323 1410 parabilem
2343 1350 2488 1394 tuam
2506 1340 2647 1395 illam
2667 1339 3006 1394 clementiam
3027 1349 3265 1408 superet.
3291 1357 3311 1389 ι
3339 1338 3414 1392 Ne
3434 1340 3608 1393 intres

2026 1433 2079 1491 in
2102 1432 2365 1503 judicium
2404 1446 2526 1486 cum
2576 1431 2749 1486 servis
2807 1430 2914 1484 tuis
2964 1429 3032 1483 ³ο.
3070 1444 3088 1476 ι
3127 1427 3261 1482 Nam
3313 1430 3359 1485 si
3401 1429 3607 1497 judicio

2024 1522 2306 1577 nobiscum
2363 1524 2696 1578 contendere
2753 1521 3014 1588 volueris,
3059 1521 3301 1576 omnium
3347 1536 3438 1575 ora
3508 1520 3607 1576 ob-

2021 1620 2318 1675 struentur.
2353 1626 2453 1667 nec
2480 1613 2587 1666 erit
2613 1627 2720 1681 quo
2776 1626 2838 1666 se
2883 1612 3007 1680 quis
3035 1619 3282 1666 excuset.
3322 1608 3424 1676 Qui
3457 1611 3604 1663 enim

2020 1721 2122 1775 pro
2149 1705 2317 1759 tantis
2344 1706 2399 1759 in
2441 1719 2540 1760 nos
2572 1703 2855 1759 beneﬂciis
2876 1706 3164 1772 .possimus
3192 1703 3326 1758 satis
3384 1703 3607 1757 laudare

2020 1795 2458 1866 inexplicabilem
2528 1804 2673 1851 tuam
2721 1793 3285 1850 bonitatethecisti
3335 1807 3433 1847 nos
3482 1806 3607 1846 cum

337 1888 626 1959 ηθξησας,
649 1906 703 1944 ,ι
741 1888 918 1940 πάντα
964 1886 1241 1953 ὑπέταξας
1292 1888 1555 1942 ὑποκάτω
1593 1888 1702 1942 τῶν
1744 1889 1922 1943 ποδῶν

2029 1903 2130 1943 non
2167 1902 2436 1953 essemus,
2475 1887 2761 1957 tactosque
2810 1903 2875 1943 ac
2923 1896 3138 1944 creatos
3195 1883 3605 1954 multiplicasti;

339 1977 524 2048 ήμῶνζ
561 1996 582 2029 ι
626 1972 760 2030 Εἶτα
818 1976 1196 2048 πλανηθέντας
1274 1978 1624 2049 ὲπὲστρεψας
1647 2020 1661 2043 ,
1721 1979 1921 2033 ἀπολε-

343 2071 573 2134 σθέντας
622 2069 920 2141 ἐζήτησας,
972 2063 1170 2140 ηὗρας,
1204 2069 1534 2135 ἐϐάστασας,
1579 2071 1695 2143 ίδίῳ
1726 2071 1923 2147 αἵματι

341 2161 724 2231 ἔξηγρρασας,
773 2160 1169 2230 γυμνωθέντας
1223 2163 1502 2228 ὲνὲδυσας,
1550 2163 1923 2218 ταπεινωθέν-

339 2271 445 2316 τας
471 2252 823 2317 ὲπλούτισας,
849 2252 999 2315 υἱοὺς
1048 2253 1198 2322 ἡμᾶς
1235 2253 1332 2305 καὶ
1365 2251 1630 2321 ἀδελφοὺς
1664 2253 1760 2306 καὶ
1789 2252 1923 2323 κλη-

345 2345 613 2416 ρονόμους
641 2344 775 2398 Θεοῦ
816 2344 912 2397 καὶ
939 2344 1425 2415 συγκληρονόμους
1454 2344 1787 2414 πεποίηκας.
1816 2343 1925 2397 Καί

290 2453 303 2463 ·
342 2454 404 2489 τι
452 2436 587 2506 πρὸς
616 2434 791 2489 ταῦτα
824 2438 990 2505 ἡμεῖς
1050 2434 1504 2505 ἀπολογήσασθαι
1541 2436 1639 2505 οὐχ
1670 2435 1926 2506 εὑρίσκο-

347 2545 475 2599 μεν.
504 2529 594 2581 Arb
627 2527 701 2598 μὴ
730 2547 751 2579 ι
786 2527 1036 2599 εἰσέλθῃς
1067 2529 1150 2591 εἰς
1195 2526 1381 2597 κρίσιν
1415 2526 1558 2596 μετὰ
1603 2525 1700 2579 τοῦ
1733 2526 1925 2580 δούλου

346 2637 461 2674 σου.
493 2621 610 2687 »Μὴ
638 2619 1060 2691 ἐπισταθμήσῃς
1089 2621 1209 2682 ταῖς
1264 2618 1425 2689 ἡμῶν
1479 2618 1784 2689 ἁμαρτίαις
1825 2619 1926 2687 τὴν

344 2710 618 2779 ἀπειλήν·
648 2708 806 2771 ἀλλὰ.
837 2728 855 2760 ι
899 2709 1247 2780 ἀπὸστρεψον
1277 2709 1339 2762 τὸ
1369 2709 1664 2781 πρόσωπόν
1698 2726 1792 2762 σου
1818 2710 1927 2763 ἀπὸ

343 2802 459 2855 τῶν
485 2803 724 2872 ἀνομιῶν
760 2801 940 2872 ἡμῶν,
976 2820 996 2852 ι
1045 2803 1142 2854 καὶ
1196 2802 1272 2872 μὴ
1310 2804 1520 2874 στήσῃς
1572 2801 1803 2865 δικαίως
1835 2801 1929 2856 τὸν

345 2892 516 2961 ζυγόν
549 2910 642 2946 σου
670 2910 685 2923 ·
722 2890 880 2953 ἀλλὰ.
916 2890 1289 2961 φιλάνθρωπε,
1328 2890 1492 2960 ρἐον
1534 2889 1631 2942 καὶ
1668 2906 1687 2940 ι
1744 2888 1929 2943 κλίνον

343 2988 417 3039 ὲκ
452 2985 643 3039 τούτου
701 2986 782 3048 εἰς
819 2984 998 3040 τοῦτο.
1036 3004 1054 3036 ι
1103 2984 1199 3037 Ἐκ
1244 2982 1339 3036 τοῦ
1369 2984 1640 3053 ἡμετέρου
1698 2983 1927 3054 φορτίου

348 3076 597 3146 βάρησον
624 3077 705 3139 είς
734 3076 797 3129 τὸ
833 3075 984 3138 ἔλεός
1020 3091 1141 3140 σου,
1189 3075 1282 3128 καὶ
1316 3074 1514 3144 πάριδε
1566 3074 1832 3137 ἑκουσίως
1868 3074 1931 3126 τὸ

349 3163 518 3235 βάρος
548 3165 657 3219 τῶν
682 3163 968 3236 ἁμαρτιῶν
1007 3163 1186 3235 ἡμῶν,
1211 3165 1307 3216 καὶ
1337 3164 1611 3235 ὑπέρϐηθι
1634 3164 1696 3218 τὸ
1723 3164 1931 3235 πλῆθος

2029 1981 2336 2050 protexisti,
2386 1980 2682 2046 adauxisti,
2721 1997 2741 2031 ι
2805 1979 2987 2033 omnia
3040 1975 3329 2045 subiecisti
3356 1974 3457 2029 sub
3513 1988 3610 2042 po-

2030 2070 2187 2123 dibus
2208 2069 2412 2124 nostris
2435 2069 2503 2123 ".
2542 2086 2562 2119 ι
2616 2067 2749 2124 Post
2789 2067 2906 2121 haec
2962 2067 3017 2122 in
3069 2079 3314 2121 errorem
3356 2063 3609 2117 inductos

2030 2161 2368 2227 convertisti,
2404 2161 2644 2228 perditos
2676 2158 3004 2229 quaesivisti,
3029 2156 3308 2219 invenisti,
3328 2153 3607 2222 bajulasti.

2031 2258 2127 2304 tuo
2192 2250 2364 2321 ipsius
2410 2250 2681 2319 sanguine
2744 2249 3047 2313 redemisti,
3085 2249 3318 2302 nudatos
3371 2244 3606 2307 vestisti,

2031 2351 2357 2397 extenuatos
2399 2341 2587 2397 ditastl
2639 2341 2790 2413 (18);
2822 2341 2961 2396 ﬁlios
3007 2355 3130 2403 nos,
3178 2348 3235 2393 et
3281 2339 3502 2401 fratres,
3546 2351 3613 2389 ac

2033 2434 2300 2500 btet-edes,
2338 2442 2395 2489 et
2422 2434 2739 2489 cohzeredes
2776 2432 3031 2489 ell‘ecisti.
3065 2431 3207 2485 Nihil
3235 2444 3369 2485 sane
3413 2442 3612 2483 occur-

2034 2537 2116 2581 ret
2144 2527 2287 2596 quod
2319 2527 2386 2581 ad
2441 2541 2504 2581 ea
2552 2525 3007 2594 respondeamus.
3039 2523 3220 2589 Quare
3262 2535 3392 2575 net
3442 2520 3615 2572 intra-

2036 2618 2179 2679 veris
2229 2617 2281 2671 in
2341 2616 2604 2684 judicium
2648 2632 2773 2673 cum
2822 2630 2984 2671 servo
3020 2624 3146 2680 tuo;
3181 2631 3200 2664 ι
3260 2626 3434 2680 neque
3491 2617 3612 2663 tuas

2000 2706 2003 2711 λ
2036 2710 2210 2764 minas
2235 2722 2300 2763 ex
2327 2709 2554 2763 adverso
2587 2708 2829 2778 peccatis
2856 2707 3058 2762 nostris
3082 2703 3406 2774 appenderis
3442 2723 3454 2757 :
3488 2700 3609 2762 sed,

2041 2819 2060 2853 ι
2095 2809 2284 2856 averte
2316 2800 2512 2855 faciem
2572 2808 2720 2856 tuam
2765 2799 2834 2853 ab
2876 2797 3254 2867 iniquitatibus
3297 2793 3435 2847 meis
3464 2791 3546 2857 ";
3586 2809 3607 2842 ι

2036 2907 2138 2951 nec
2166 2893 2362 2948 libram
2403 2903 2549 2948 tuam
2572 2893 2720 2962 juste
2745 2899 2975 2952 statuas,
3005 2888 3098 2944 sed
3152 2888 3237 2940 l'ac
3271 2899 3514 2954 vergere,
3549 2898 3615 2938 ac

2041 3002 2080 3039 ι’
2107 2985 2309 3042 inclina
2337 3000 2403 3040 ex
2441 2986 2543 3039 hoc
2570 2985 2624 3038 in
2649 2983 2753 3038 hoc
2778 2982 2843 3036 ³³.
2876 3000 2894 3033 ι
2928 2981 3004 3035 Ex
3041 2985 3233 3034 nostro
3254 2991 3420 3029 onere
3447 2990 3614 3044 grava

2038 3079 2096 3133 in
2124 3078 2282 3134 lance
2306 3087 2411 3132 tute
2461 3074 2885 3134 misericordiae;
2915 3083 3215 3142 sponteque
3247 3080 3334 3125 tua
3363 3077 3618 3137 peccato-

2040 3187 2158 3225 rum
2200 3178 2443 3223 nostrum
2487 3167 2699 3237 pondus
2756 3165 2986 3236 neglige,
3017 3180 3081 3218 ac
3110 3162 3371 3233 grandem
3420 3174 3611 3213 nume—

348 3256 464 3309 τῶν
488 3257 728 3326 ἀνομιῶν
760 3255 940 3327 ἡμῶν.
1000 3257 1111 3310 Καὶ
1168 3257 1343 3309 σῶσον
1383 3257 1531 3325 ἡμᾶς
1584 3255 1775 3310 ἕνεκεν
1827 3257 1923 3310 τοῦ

2036 3279 2151 3316 rum
2183 3262 2533 3331 iniquitatum
2567 3269 2877 3314 nostrarum
2912 3258 3255 3312 transcende.
3282 3253 3474 3309 Salvos
3516 3266 3616 3304 nos

346 3347 542 3410 ἐλέους
573 3348 793 3409 σου,δι’
829 3343 890 3402 οὗ
949 3349 1154 3411 πάντες
1200 3350 1248 3401 οἱ
1299 3349 1568 3413 σωθέντες
1620 3347 1931 3419 ἐσώθησαν.

346 3438 475 3494 Κᾶν
504 3437 614 3508 γὰρ
642 3438 847 3491 Μωσὲα
874 3437 1034 3503 εἴπω,
1092 3437 1208 3491 ἀλλ’
1237 3439 1358 3492 οὐδὲ
1394 3439 1559 3503 αὐτὸς
1607 3440 1932 3511 ἀναμάρτη-

343 3549 465 3597 τος,
496 3532 631 3600 ὠςή
689 3529 882 3603 Γραφῇ
944 3531 1327 3602 ἐμαρτύρησε,
1390 3531 1493 3585 κᾶν
1551 3530 1786 3604 ’Λαρὼν,
1825 3532 1933 3586 κᾶν

338 3625 447 3677 τὸν
482 3623 645 3675 Δαὸὶδ
693 3624 1043 3693 κατανοήσω.
1104 3622 1208 3677 κᾶν
1258 3623 1423 3676 αὑτὸν
1460 3626 1671 3677 ἐκεῖνον
1725 3625 1931 3695 Πέτρον

344 3715 445 3769 τὸν
470 3718 768 3786 κορυφαῖον
801 3716 893 3768 καί⁵
937 3715 1131 3785 μέγαν,
1158 3716 1281 3769 οὐδὲ
1318 3715 1484 3778 αὐτὸς
1519 3717 1931 3786 ἀναμάρτητος,

342 3808 475 3864 οὐδὲ
520 3808 830 3878 ἄμεμπτος.
866 3807 957 3860 Διὸ
1005 3808 1188 3861 πίστει
1217 3807 1367 3878 ζητῶ
1418 3807 1692 3879 σωθῆναι·
1720 3808 1931 3873 πίστει,

339 3904 412 3958 οὐ
481 3899 700 3972 πράξει,
756 3901 846 3954 ἱνα
892 3900 987 3954 καὶ
1044 3901 1182 3971 πρὸς
1256 3900 1358 3971 ἐμὲ
1438 3903 1467 3954 ὁ
1535 3901 1927 3973 φιλάνθρωπος

346 3997 597 4065 εἴπῃςοι
666 3992 729 4047 Ἦ
784 3993 970 4057 πίστις
1012 4011 1108 4047 σου
1157 3993 1368 4046 σέσωκέ
1421 4011 1504 4057 σε,
1556 3994 1791 4065 πορεύου
1847 3997 1929 4057 είς

348 4088 600 4157 εἰρήνην.
631 4103 650 4136 ι
677 4084 865 4148 Ὀσοις
897 4085 1001 4156 rip
1021 4084 1429 4157 συνεχώρησας,
1454 4085 1724 4150 Δέσποτα,
1750 4086 1928 4139 οὐδενὶ

438 4234 483 4265 ³⁸
517 4232 655 4287 Psal.
688 4250 852 4296 cun,
878 4235 933 4289 9.

360 4305 413 4338 ³⁸
438 4303 626 4358 Matth.
667 4320 815 4371 xm,
856 4306 946 4358 70.

2039 3354 2122 3408 fac
2161 3363 2384 3424 prepter
2428 3352 2857 3407 misericordiam
2910 3361 3079 3412 tuam,
3113 3363 3209 3412 per
3250 3361 3411 3415 quam
3467 3343 3616 3398 salu-

2038 3456 2144 3503 tem
2171 3447 2446 3502 consecuti
2481 3454 2609 3500 sunt
2656 3454 2921 3513 quotquot
2965 3443 3100 3497 salvi
3130 3441 3303 3493 fuere.
3336 3437 3468 3491 Natu
3500 3424 3617 3489 sive

2037 3539 2219 3594 Mosen
2250 3540 2462 3603 dixero,
2497 3552 2605 3591 non
2636 3546 2722 3590 est
2760 3536 2965 3604 absque
3003 3542 3248 3603 peccato,
3276 3531 3429 3600 juxta
3472 3528 3614 3598 quod

2039 3631 2320 3698 Scriptura
2367 3629 2520 3682 testis
2544 3640 2628 3683 est
2652 3629 2733 3694 ἰς
2772 3629 2887 3681 sive
2921 3626 3175 3679 Davidetn
3206 3624 3514 3691 cogitavere
3532 3619 3613 3685 ³⁸;

2039 3722 2155 3776 sive
2182 3734 2433 3791 magnum
2462 3721 2637 3788 ipsum
2667 3717 2889 3774 Petrum
2938 3714 3220 3784 apostolici
3253 3723 3429 3769 cattus
3461 3714 3616 3783 prin-

2039 3814 2210 3882 cipem
2247 3813 2313 3875 ³⁸,
2347 3826 2413 3866 ne
2445 3811 2534 3865 hic
2560 3811 2775 3878 quidem
2806 3809 3064 3863 immunis
3094 3818 3178 3865 est
3214 3824 3240 3858 a
3275 3813 3523 3873 peccato,
3554 3816 3619 3856 ac

2038 3913 2196 3958 vat-at
2235 3904 2483 3958 crimine.
2524 3902 2732 3957 Idcirco
2778 3916 2877 3971 per
2926 3899 3084 3953 ﬁdem
3120 3897 3306 3950 salvus
3353 3896 3468 3948 lieri
3524 3907 3619 3947 cu-

2037 3996 2124 4064 pio
2157 3994 2268 4065 (l9)
2291 4013 2304 4059 ;
2326 4010 2420 4064 per
2446 3994 2629 4059 fidem,
2667 3994 2910 4062 inquam,
2939 4006 3044 4044 non
3069 4005 3133 4042 ex
3179 4003 3297 4041 meo
3336 4001 3534 4053 Opere;
3563 3994 3619 4039 ut

2035 4098 2088 4143 et
2118 4103 2219 4155 ego
2246 4103 2273 4139 a
2302 4097 2389 4142 tua
2418 4086 2701 4142 clementia
2728 4085 2946 4139 audiam
2983 4102 2996 4139 :
3036 4104 3054 4137 ι
3096 4083 3257 4138 Fides
3288 4093 3376 4136 tua
3411 4091 3462 4133 te
3497 4079 3610 4133 sal-

1024 4232 1065 4263 "
1092 4234 1232 4288 Psal.
1262 4250 1376 4301 \‘lll,
1399 4236 1452 4290 8.
1535 4236 1580 4269 ⁸¹
1605 4236 1743 4292 Psal.
1775 4251 1827 4300 L,
1858 4235 1945 4289 ll.
2015 4230 2058 4263 ³³
2088 4233 2227 4289 Psal.
2253 4248 2433 4300 Lxxtv,
2469 4232 2522 4287 9.
2603 4229 2649 4261 ”
2676 4230 2837 4285 Deut.
2869 4245 3016 4294 um,
3037 4229 3128 4284 2'2.
3207 4229 3251 4262 ³⁸
3281 4227 3324 4284 ll
3355 4229 3488 4298 Reg.
3521 4244 3596 4295 ιι,

1873 4439 2107 4498 ΝΟΤᾹΞ.

416 4589 530 4655 (l8)
573 4586 918 4672 ‘lsjalttenttatos
964 4592 1164 4647 ditastt'.
1191 4595 1677 4672 _'l'artstvw_llévrag
1721 4596 1915 4672 επλού-

2029 4601 2317 4657 conferre:
2351 4618 2414 4656 ac
2448 4616 2546 4657 nec
2600 4603 2726 4669 alia,
2764 4618 2828 4656 ac
2882 4605 3164 4672 sequentia
3212 4604 3369 4657 fidem
3426 4602 3612 4656 confe-

339 4675 524 4735 τισας.
573 4657 836 4735 Υίιιοηιιιι
877 4664 991 4735 haec
1018 4679 1143 4735 Anon
1191 4666 1264 4718 ita
1301 4668 1578 4734 opposita;
1633 4657 1916 4735 potiusque

341 4730 692 4782 st-ribendntn
721 4741 863 4784 esset
885 4772 898 4793 ,
933 4732 1224 4799 ἀνύψωσας
1244 4752 1257 4765 ·
1294 4730 1571 4799 ιίέιὶνεεδαε
1604 4730 1665 4789 dc
1694 4730 1918 4790 [mutiles

342 4800 660 4875 sublimitati.
693 4798 879 4875 Putem
905 4798 1106 4870 aliquid
1139 4798 1457 4872 tlesitlerttri,
1494 4808 1623 4862 utin
1652 4807 1916 4875 ejusmodi

345 4869 549 4937 passim
577 4870 734 4922 solet.
767 4869 1057 4927 Coussrts.

420 4937 533 5015 (_l_9l
569 4937 859 5015 Pet-ﬁdem
909 4943 1113 5015 salvum
1160 4943 1277 5011 ﬁeri
1329 4945 1499 5010 cupio.
1547 4945 1734 5000 Πίστει
1771 4948 1921 5015 ζητῶ

343 5007 824 5088 σωθῇναι.Αᾼ1⁷ιθτρ
855 5028 929 5088 ac_
965 5012 1113 5088 [legit
1146 5007 1268 5088 cod.
1301 5007 1465 5088 editio
1492 5032 1506 5066 :
1546 5017 1730 5088 Πίστει
1780 5007 1918 5088 item

341 5078 505 5157 ιιάγῲ
528 5078 768 5157 σωθῆναι
792 5081 959 5157 ζητεῖ).
986 5078 1092 5157 ΔΡξι·
1111 5083 1277 5137 solum
1296 5084 1451 5153 ﬁdem
1475 5087 1696 5139 salutent
1719 5078 1919 5157 quaero.

341 5151 559 5213 Quibus
585 5150 767 5202 verbis
797 5153 927 5204 nibil
970 5150 1619 5209 Anastasius'catboliee
1655 5150 1923 5212 doctrinae

342 5218 694 5290 necessitatis
742 5236 966 5289 operum
1009 5225 1360 5290 adversatur;
1396 5226 1489 5277 sed
1538 5241 1720 5279 veram
1761 5244 1920 5280 uuam

344 5288 543 5361 salutis
587 5288 821 5361 radicem
855 5292 1129 5360 assignat;
1187 5288 1525 5347 titletnillam
1560 5311 1655 5361 per
1684 5298 1921 5349 Charita-

342 5368 455 5433 ιιιιιι
486 5359 914 5433 ἐνεργουμένην,
936 5359 1086 5426 juxta
1123 5364 1374 5427 Paulum;
1407 5363 1459 5416 itt
1482 5359 1584 5433 qua
1618 5368 1816 5419 virtute
1843 5369 1923 5419 in-

340 5429 454 5482 sint
485 5443 677 5496 opera,
701 5432 775 5483 ttti
814 5431 1021 5486 fructus
1053 5434 1102 5485 in
1129 5434 1309 5487 radice
1343 5450 1356 5486 :
1386 5442 1443 5487 ttt
1475 5429 1605 5490 fides
1641 5437 1702 5488 iis
1730 5452 1921 5490 carens

339 5513 447 5567 pro
471 5499 608 5568 loco
633 5515 701 5568 ae
728 5510 992 5568 tempore,
1033 5504 1164 5557 lides
1211 5516 1418 5556 mortua
1448 5507 1540 5567 sit,
1573 5522 1675 5558 non
1709 5508 1825 5558 viva
1858 5524 1920 5560 at:

338 5566 653 5621 viviﬁcans.
683 5566 858 5644 Opera
893 5581 1070 5627 autem
1102 5589 1203 5627 non
1231 5588 1294 5628 ex
1327 5588 1384 5627 ea
1431 5566 1552 5638 ﬁde,
1585 5591 1747 5644 Opera
1792 5585 1918 5630 sunt

340 5652 453 5691 non
484 5647 705 5719 accepta
735 5638 864 5704 Deo,
889 5656 951 5719 ac
992 5657 1117 5719 vere
1141 5645 1278 5696 sicut
1316 5658 1535 5719 pannus
1560 5638 1915 5719 'tnenstruatm

340 5723 528 5782 coram
557 5712 740 5782 ipso:
775 5724 839 5782 ac
869 5712 912 5763 si
964 5712 1076 5774 vis,
1111 5723 1357 5782 peccata,
1396 5715 1569 5781 ampla
1620 5717 1751 5769 satis
1798 5716 1912 5781 ejus

343 5778 493 5833 vocis
525 5778 943 5851 signiﬁcatione,
970 5797 1089 5853 qua:
1111 5778 1352 5853 'proinde
1382 5778 1651 5853 nequeant
1683 5778 1907 5843 salutem

2023 4683 2167 4735 runt,
2202 4673 2303 4725 nisi
2329 4674 2443 4741 ejus
2467 4674 2515 4726 vi
2551 4690 2563 4727 :
2596 4675 2681 4727 cui
2709 4676 2954 4743 proinde,
2982 4674 3257 4728 Anastasii
3292 4689 3354 4726 ac
3388 4672 3608 4726 Patrum

2021 4744 2225 4807 phrasi,
2266 4750 2377 4795 tota
2432 4744 2546 4810 ipsa
2601 4746 2751 4797 salus
2784 4745 2929 4799 velut
2982 4746 3276 4799 intrinseee
3311 4758 3374 4796 ac
3411 4743 3611 4795 forma-

2022 4814 2166 4876 liter,
2213 4822 2271 4865 ut
2316 4826 2542 4875 vocant.
2596 4828 2661 4867 ac
2690 4830 2786 4881 per
2819 4829 2877 4868 se
2926 4816 3132 4881 primo,
3190 4814 3353 4867 tribui
3392 4812 3637 4881 potest:

2020 4898 2330 4952 quanquam
2372 4895 2554 4938 nostra
2589 4891 2830 4951 tempora
2873 4885 3257 4939 hrereticorutn
3294 4885 3466 4937 abnsu
3508 4883 3608 4934 ali-

2021 4968 2180 5027 quam
2230 4956 2448 5027 exigant
2499 4954 2830 5027 cantionem.
2890 4955 3091 5008 Eodem
3130 4955 3270 5027 stylo
3306 4969 3367 5027 ac
3410 4953 3606 5027 plt‘rnsi

2023 5021 2337 5091 Gregorius
2365 5022 2673 5088 Tltenlogus
2727 5026 2778 5077 in
2838 5021 3200 5085 Athanasiof
3230 5026 3327 5079 viri
3386 5022 3609 5090 perfecti

2028 5092 2201 5145 idenm
2235 5094 2287 5145 in
2330 5095 2557 5147 scicntia
2583 5092 2904 5158 Trinitatis,
2945 5113 2959 5150 ι
3013 5095 3190 5158 Fidei,
3211 5095 3418 5157 deﬁnit,
3463 5092 3605 5145 nulla

2023 5178 2248 5230 operum
2314 5166 2618 5227 mentione,
2678 5166 2726 5215 in
2787 5181 2893 5232 quo
2950 5181 3136 5219 sanam
3185 5167 3300 5232 ejus
3338 5179 3401 5216 ac
3442 5164 3604 5215 altam

2024 5242 2262 5285 mentem
2298 5233 2358 5287 υ.
2401 5232 2668 5288 Maximus
2706 5234 2839 5287 fusis
2891 5238 3178 5290 admodum
3229 5233 3606 5299 disputationi-

2022 5300 2122 5354 bus
2152 5313 2394 5357 enarrat.
2449 5303 2641 5357 Totum
2693 5304 2820 5356 illud
2855 5303 2970 5371 ejus
3005 5306 3055 5357 in
3103 5304 3429 5372 Gregorium
3469 5316 3603 5366 opus

2020 5386 2084 5443 ex
2124 5374 2254 5439 lieg.
2287 5375 2473 5427 Codice
2510 5375 2678 5427 multo
2713 5377 2943 5443 pridem.
2983 5374 3075 5427 sed
3103 5371 3385 5443 ingratiori
3420 5371 3605 5422 labore

2020 5440 2210 5511 Latine
2271 5444 2496 5509 retltlitli,
2537 5440 2842 5511 novamque
2895 5443 3109 5496 Maximi
3160 5440 3452 5497 editionem
3503 5452 3601 5505 pa-

2032 5510 2171 5582 ranti
2224 5527 2289 5566 ex
2340 5513 2467 5566 cleri
2522 5510 2763 5575 ordine,
2805 5514 3020 5570 tradidi.
3066 5513 3385 5582 Atljeceram
3423 5518 3599 5582 notas.

2027 5580 2225 5648 quibus
2254 5584 2490 5636 maxime
2538 5582 2816 5637 Ilebraicae
2861 5598 3021 5639 voces
3068 5580 3486 5639 illustrarentnr,
3548 5580 3600 5633 in

2025 5651 2224 5719 quibus
2256 5653 2346 5706 ille
2392 5668 2584 5707 sensus
2637 5653 2897 5720 mysticus
2931 5654 3142 5720 fundat,
3176 5668 3240 5707 ac
3268 5649 3604 5719 contempla-

2025 5722 2219 5789 tiones,
2253 5737 2389 5791 quas
2420 5733 2594 5777 vocat.
2629 5723 2921 5780 COIBEFIS.
