4056 6148
377 376 516 441 1113

1542 376 1826 436 ORATIO
1859 376 1942 436 IN
1980 376 2345 437 PSALMUM
2383 377 2482 437 VI.

3494 383 3630 448 liii

375 494 484 560 γάρ
521 506 588 559 με
623 489 676 540 al
709 486 930 556 ἀνομίαι
963 503 1068 558 μου
1095 487 1231 558 πρὸς
1264 487 1509 559 ἑσπέραν
1541 489 1822 551 φθάσαντα
1856 507 1956 543 κα-

2064 492 2298 560 qnitates
2334 491 2551 554 tineae",
2585 491 2674 560 qui
2715 489 2828 559 jam
2885 509 3026 551 ma.e
3061 498 3127 552 ad
3159 515 3438 570 vespetam
3473 523 3632 564 vene-

377 585 518 648 λῶςο
570 583 656 636 ὅτι
703 579 968 652 ἀμύθητά
1006 597 1112 650 μου
1147 581 1217 636 τὰ
1273 581 1434 650 χρέη.
1497 581 1637 633 Ἀλλ’
1668 582 1742 646 ὼς
1789 582 1956 648 ἐδέξω

378 677 586 747 Πέτρου
626 673 722 728 τοῦ
767 673 1076 730 ἀποστόλου
1120 689 1214 726 σου
1265 673 1356 726 τὸν
1403 673 1733 745 πικρότατον
1787 674 1956 728 κλαυ-

378 767 514 838 θμὸν
537 806 553 830 ,
585 765 762 828 οὕτως
811 765 1106 836 πρόσδεξαι
1136 765 1232 820 καὶ
1262 765 1356 818 τὸν
1377 765 1538 836 ἐμὸν,
1566 765 1919 838 φιλάνθρωπε
1939 806 1956 834 ,

379 857 616 927 ἐπιχέων
634 855 809 910 ταῦτα
830 856 898 909 τὰ
923 857 1138 928 δάκρυα
1168 858 1263 910 ἐπὶ
1291 857 1353 910 τὺ
1383 857 1492 910 τῶν
1524 859 1817 928 ἁμαρτιῶν
1851 876 1955 930 μου

380 951 782 1021 χειρόγραφον,
839 955 936 1004 καὶ
988 953 1069 1021 τῷ
1127 953 1354 1022 σπόγγῳ
1399 954 1500 1021 τῆς
1548 954 1957 1023 εὐσπλαγχνίας

381 1059 476 1098 σου
511 1042 817 1113 ἐξαλείφων
853 1043 921 1096 τὰ
942 1042 1241 1098 ἁνείκαστά
1279 1061 1384 1114 μου
1421 1043 1894 1116 πλημμελήματα.
1930 1065 1950 1098 ι

448 1213 637 1277 Ταῦτα
669 1223 765 1275 καὶ
794 1222 864 1275 τὰ
913 1225 1140 1277 τοιαῦτα
1167 1227 1263 1277 ἐπὶ
1302 1226 1561 1290 πλείστας
1582 1227 1732 1298 ὥρας
1769 1231 1797 1282 ὁ
1855 1227 1956 1300 λῃ-

373 1316 512 1382 στὴς
559 1315 1098 1386 ἐξομολογούμενος,
1160 1320 1258 1371 καὶ
1289 1319 1367 1390 τῷ
1417 1319 1533 1390 ἰδίῳ
1571 1321 1840 1391 φακιολίῳ
1888 1324 1958 1376 τὰ

379 1405 594 1475 δάκρυα
639 1407 973 1476 ἐκμάσσων,
1027 1410 1316 1478 παρέδωκε
1358 1412 1421 1464 τὸ
1463 1411 1718 1481 πνεῦμα,
1772 1412 1957 1478 καθὼς

383 1497 476 1548 καὶ
513 1498 566 1549 οί
600 1497 827 1567 πλησίον
859 1498 1027 1552 αὑτοῦ
1064 1499 1399 1570 κοιμώμενοι
1429 1501 1777 1572 διηγήσαντο.
1833 1505 1958 1575 Ἀρ-

381 1587 604 1656 χιατρδς
635 1587 692 1638 δέ
731 1605 814 1648 τις
854 1589 1063 1640 ἐκεῖνον
1094 1589 1186 1642 τὸν
1231 1591 1438 1655 ξενῶνα
1483 1595 1957 1665 ἐπισκεπτόμενος

380 1683 440 1731 ἐν
479 1678 557 1748 τῷ
603 1679 740 1749 οἴκῳ
787 1680 954 1735 αὑτοῦ
990 1682 1305 1747 καθεύδων,
1348 1687 1448 1755 ὁρᾷ
1493 1689 1617 1740 κατ’
1661 1687 1796 1758 ὄναρ
1834 1690 1956 1741 κατ’

381 1769 550 1838 αὐτὴν
582 1771 678 1840 τὴν
712 1771 862 1841 ὥραν
901 1774 960 1825 ἐν
1090 1775 1119 1828 ὁ
1149 1773 1354 1845 λῃστὴς
1405 1777 1726 1846 ἐτελεύτησε
1753 1817 1767 1842 ,
1805 1779 1958 1842 τινας

2061 584 2162 636 rim
2199 601 2212 636 :
2247 583 2516 653 siquidem
2555 599 2675 638 mea
2736 586 2916 642 debita
2961 592 3163 660 majora
3199 607 3329 649 sunt
3379 616 3540 664 quam
3576 616 3634 657 ut

2060 676 2286 744 cogitari
2328 680 2554 745 possint.
2595 680 2922 749 Enimvero,
2979 687 3063 748 uti
3087 691 3313 757 apostoli
3358 696 3434 748 tui
3487 697 3630 752 Petri

2059 767 2460 823 amarissimum
2484 773 2750 828 admisisti
2781 775 3002 844 luctum,
3039 779 3110 834 ita
3128 792 3180 834 et
3205 799 3380 838 meum
3405 827 3418 847 ,
3452 796 3506 841 tu
3539 791 3630 844 be-

2060 861 2219 930 nigne
2248 877 2312 916 ac
2339 863 2580 918 clemens
2604 907 2619 931 ,
2645 867 2964 936 suscipiens,
2988 872 3150 928 hasce
3182 891 3330 932 meas
3365 879 3631 952 lacrymas

2060 951 2112 1004 itt
2187 967 2429 1008 meorum
2491 965 2832 1023 peceatorum
2906 961 3328 1035 chirographum
3382 951 3629 1044 eﬂ'unde;

2059 1053 2271 1110 tuaeque
2316 1043 2402 1097 illa
2456 1049 2820 1104 miserationis
2865 1055 3084 1126 spongia
3115 1097 3129 1122 ,
3180 1059 3629 1132 incomparabilia

2060 1147 2178 1185 mea
2208 1131 2398 1187 delicta
2443 1135 2580 1188 dele.
2625 1154 2643 1187 ι

2137 1224 2282 1288 llaec,
2307 1235 2360 1278 et
2393 1225 2478 1279 his
2509 1229 2707 1282 similia
2738 1231 2804 1283 ad
2842 1233 3040 1289 multas
3073 1236 3233 1294 horas
3265 1244 3528 1301 confitens
3556 1249 3634 1303 la-

2063 1329 2168 1381 tro,
2234 1335 2298 1373 ac
2362 1322 2588 1376 sudario
2643 1337 2740 1378 suo
2793 1327 3062 1397 laerymas
3091 1342 3398 1403 extet-gens,
3436 1339 3633 1397 eﬂlavit

2061 1413 2327 1478 animam,
2382 1417 2837 1482 quemadmodum
2908 1416 3270 1481 narrave’runt
3321 1435 3408 1499 qui
3468 1451 3634 1506 prope

2059 1518 2184 1557 eum
2215 1502 2490 1571 jaceltant.
2517 1504 2750 1575 Insignis
2781 1520 2959 1565 autem
2999 1516 3236 1572 medicus
3260 1523 3502 1589 quidam,
3543 1502 3634 1582 vva-

2064 1594 2450 1650 letudinarium
2480 1598 2629 1650 illum
2663 1601 2886 1656 visitare
2930 1605 3140 1673 solitus,
3171 1611 3314 1665 domi
3367 1629 3478 1670 sua:
3507 1621 3634 1672 dor-

2062 1687 2232 1740 miens
2261 1687 2406 1744 videt
2433 1691 2486 1744 in
2523 1694 2746 1756 somnis,
2777 1695 2886 1762 ipsa
2927 1697 3056 1750 ltora
3091 1717 3193 1769 qua
3225 1703 3362 1758 latro
3389 1722 3634 1765 mortuus

2059 1785 2144 1831 est
2166 1777 2450 1849 Etltiopes
2484 1784 2682 1838 multos
2705 1786 2769 1838 ad
2798 1786 2912 1854 ejus
2939 1793 3218 1848 venientes
3254 1797 3453 1852 lectum
3510 1818 3630 1856 cum

381 1859 646 1920 Αἰθίοπας
695 1862 922 1921 πολλοὺς
979 1864 1233 1927 ἐλθόντας
1289 1868 1425 1934 πρὸς
1466 1869 1566 1936 τὴν
1621 1869 1813 1938 κλίνην
1860 1869 1954 1922 τοῦ

2064 1870 2242 1923 multis
2269 1872 2474 1927 chartis
2494 1911 2510 1936 ,
2529 1876 2722 1941 quibus
2740 1877 2909 1945 ipsius
2937 1882 3344 1940 continerentur
3373 1893 3578 1947 scelera
3617 1915 3629 1950 :

383 1949 612 2022 λῃστοῦ,
664 1953 802 2021 μετὰ
853 1954 1121 2009 πλείστων
1181 1959 1402 2029 χαρτῶν
1465 1961 1840 2030 περιεχόντων
1888 1960 1958 2014 τὰ

382 2045 756 2113 ἁμαρτήματα
799 2045 894 2097 τοῦ
943 2048 1178 2119 λῃστοῖν
1230 2047 1351 2103 εἶτα
1396 2052 1488 2103 καὶ
1530 2052 1622 2104 δύο
1649 2053 1802 2115 τινας
1850 2071 1961 2121 φω-

379 2139 586 2198 τεινοὺς
622 2137 845 2208 ἄνδρας.
879 2140 1159 2206 Ἤνεγκαν
1189 2137 1282 2196 οὖν
1317 2142 1510 2209 ζυγὸν,
1551 2144 1821 2214 βαλόντων
1851 2145 1959 2198 τῶν

383 2230 663 2282 Αἰθιόπων
700 2232 880 2288 πάντα
924 2233 993 2286 τὰ
1027 2235 1379 2306 χειρόγραφα
1406 2235 1500 2288 τοῦ
1530 2235 1757 2308 λῃστοῦ,
1791 2254 1957 2290 κατε-

383 2321 625 2391 Βάρησεν
673 2322 706 2391 ή
741 2322 840 2391 μία
871 2322 1174 2392 πλάστιγξ·
1208 2327 1242 2396 ἡ
1273 2326 1328 2382 δέ
1365 2327 1532 2396 ἀτέρα
1563 2330 1647 2395 ἐφ’
1691 2327 1860 2398 ὕψους
1891 2325 1960 2401 ἦν

384 2411 923 2482 ἀνακεκουφισμένη.
970 2413 1236 2480 Λέγουσιν
1282 2412 1377 2468 οὖν
1430 2419 1482 2468 oi
1513 2417 1599 2470 διὰ
1641 2418 1734 2471 τοῦ
1780 2420 1960 2488 φωτὸς

386 2502 629 2569 ἄγγελον
685 2522 702 2554 ι
741 2499 876 2555 Είτα
907 2505 1069 2573 ἡμεῖς
1115 2505 1270 2558 οὐδὲν
1316 2507 1514 2575 ἔχομεν
1547 2503 1684 2574 ὦδε;
1729 2529 1748 2561 ι
1798 2512 1960 2579 Λέγει

384 2595 414 2646 ό
435 2589 514 2655 εἷς
544 2593 680 2663 πρὸς
702 2593 792 2646 τὸν
822 2593 1001 2647 ἄλλον
1040 2613 1057 2645 ι
1101 2595 1166 2647 Τί
1190 2595 1387 2664 ἔχομεν
1415 2598 1594 2666 ἐχειν;
1628 2599 1782 2651 οῠπω
1803 2600 1962 2655 δεκά-

385 2702 486 2755 την
519 2685 736 2755 ἡμέραν
769 2685 884 2754 ἕχει
934 2685 1104 2740 ἐλθὼν
1145 2689 1209 2740 ἐκ
1239 2689 1348 2743 τῶν
1397 2691 1572 2757 φόνων
1607 2690 1820 2742 καὶτοῦ
1862 2691 1960 2761 λῃ-

386 2779 611 2847 στηρίου
643 2777 829 2840 αὐτοῦ,
857 2779 953 2834 καὶ
981 2779 1034 2830 τί
1058 2779 1258 2846 ἀγαθόν
1287 2779 1557 2850 ζητοῦμεν
1581 2783 1644 2836 ἐκ
1673 2782 1902 2849 τούτου;
1937 2805 1954 2835 ι

385 2867 496 2920 Καὶ
529 2865 602 2928 ὡς
639 2867 810 2920 ταῦτα
841 2867 1060 2934 ἔλεγον,
1103 2872 1578 2939 προσεποιήσαντο
1610 2872 1869 2943 ψηλαφᾷν
1901 2876 1958 2928 ὲν

384 2958 450 3026 τῇ
488 2953 648 3028 κλίνῃ
673 2954 865 3014 αὑτοῦ,
905 2959 952 3005 εν
975 2973 1092 3021 πως
1120 2955 1324 3026 εὕρωσι
1350 2960 1443 3012 καὶ
1471 2962 1624 3013 αὐτοί
1649 2980 1700 3014 τι
1730 2963 1956 3033 ἀγαθόν.

337 3053 347 3063 ’
383 3048 494 3104 Καὶ
530 3046 706 3118 εὑρὼν
737 3044 818 3111 εἷς
854 3048 915 3099 τὸ
948 3051 1228 3117 φακιόλιον
1252 3051 1380 3104 ἔνθα
1407 3053 1497 3105 τὸν
1530 3054 1806 3126 κλαυθμὸν
1839 3059 1957 3123 ἐξέο

387 3156 596 3208 μασσεν
640 3142 669 3192 ό
713 3141 950 3210 λῃστὴς,
1000 3141 1148 3209 λέγει
1198 3143 1332 3216 πρὸς
1369 3143 1461 3197 τὸν
1501 3147 1716 3216 ἑταῖρον
1754 3150 1955 3216 αὑτοῦ,
1988 3189 2026 3238 (Σ

389 3250 407 3284 ι
441 3235 648 3296 Ὄντως
673 3233 734 3286 τὸ
757 3235 1034 3302 φακιόλιον
1063 3236 1172 3288 τῶν
1195 3237 1447 3308 δακρύων
1469 3240 1633 3292 αὑτοῦ
1664 3237 1749 3312 ἧν.
1793 3243 1953 3298 Ἀλλὰ

384 3321 636 3393 βάλωμεν
671 3323 807 3377 αὐτὸ
845 3325 926 3385 είς
959 3325 1058 3394 τὴν
1103 3327 1297 3397 ἑτέραν
1331 3329 1641 3400 πλάστιγγα
1666 3372 1680 3395 ,
1729 3335 1825 3386 καὶ
1853 3336 1950 3407 τὴν

384 3413 800 3484 φιλανθρωπίαν
827 3416 922 3468 τοῦ
970 3418 1106 3469 Θεοῦ
1139 3420 1236 3473 σὺν
1266 3420 1418 3490 αὐτῷ
1439 3460 1453 3482 ,
1487 3425 1581 3475 καὶ
1613 3424 1830 3490 πάντως
1867 3429 1954 3495 γίη

382 3505 535 3558 νεταί
564 3507 616 3557 τί
656 3522 807 3560 ποτε.
851 3525 871 3558 ι
917 3509 1026 3560 Καὶ
1058 3507 1132 3572 ὼς
1165 3510 1325 3578 μόνον
1357 3513 1553 3566 ἔϐαλον
1582 3517 1714 3568 αὐτὸ
1745 3521 1824 3582 εἰς
1857 3519 1956 3590 τὴν

383 3596 703 3665 πλάστιγγα
771 3597 870 3668 τὴν
939 3600 1517 3673 ἁνακεκουφισμένην,
1574 3609 1952 3680 κατεϐάρησε,

388 3691 481 3745 καὶ
518 3689 964 3760 ἐσκορπίσθησαν
993 3691 1091 3746 ὅλα
1126 3693 1191 3745 τὰ
1234 3695 1579 3764 χειρόγραφα
1605 3698 1671 3749 τὰ
1705 3698 1834 3752 ὄντα
1878 3703 1957 3762 είς

380 3786 483 3852 τὴν
529 3781 699 3853 ἄλλην
752 3783 1088 3852 πλάστιγγα.
1149 3787 1256 3837 Καὶ
1304 3788 1538 3854 ἐϐόησαν
1573 3791 1673 3860 μιᾷ
1715 3793 1866 3860 φωνῇ
1905 3791 1955 3844 οί

382 3872 610 3941 ἄγγελοι
681 3873 962 3942 λέγοντες·
1038 3896 1056 3926 ι
1146 3876 1432 3947 Ἐνίκησεν
1483 3881 1513 3946 ἡ
1575 3880 1957 3950 φιλανθρωπία

383 3964 479 4025 τοῦ
538 3966 827 4019 Δεσπότου.
893 3985 912 4018 ι
978 3968 1088 4020 Καὶ
1155 3967 1412 4032 λαϐόντες
1476 3970 1574 4040 τὴν
1628 3970 1806 4040 ψυχὴν
1861 3973 1955 4026 τοῦ

383 4055 620 4129 λῃστοῦ,
662 4057 953 4128 ἀπήγαγον
992 4059 1164 4130 αὐτὴν
1211 4059 1328 4130 μεθ’
1379 4060 1612 4114 ἑαυτῶν.
1657 4064 1720 4118 υἱ
1769 4065 1825 4116 δὲ
1858 4065 1954 4116 Al-

385 4152 575 4216 θίοπες
620 4153 848 4222 ἔφυγον,
887 4156 1398 4224 καταισχυνόμενοι.
1455 4157 1562 4210 Καὶ
1607 4156 1780 4210 ταῦτα
1832 4157 1956 4211 ίδὼν

383 4245 413 4297 ὁ
455 4245 640 4315 ἰατρὸς
662 4284 678 4308 ,
714 4245 916 4306 εὐθέως
945 4247 1178 4311 ἔξυπνος
1210 4247 1530 4315 γενόμενος,
1571 4249 1862 4302 ἐνεδύσατο
1889 4251 1958 4305 τὰ

385 4333 582 4402 ἱμάτια
613 4333 781 4387 αὐτοῦ
800 4349 812 4362 ’
850 4337 945 4388 καὶ
978 4336 1254 4406 δρομαίως
1287 4333 1455 4407 ἦλθεν
1485 4339 1565 4401 είς
1585 4338 1678 4392 τὸν
1715 4337 1953 4404 ξενῶναο

384 4425 483 4479 καὶ
514 4423 686 4478 ἐλθὼν
725 4428 806 4488 είς
837 4427 939 4491 τὴν
986 4426 1174 4494 κλίνην
1214 4429 1309 4480 τοῦ
1351 4427 1582 4502 λῃστοῦ,
1616 4424 1740 4501 εὗρε
1770 4429 1842 4483 τὸ
1859 4431 1958 4500 μὲν

2060 1969 2407 2032 tumquoque
2443 1965 2586 2020 videt
2634 1968 2770 2021 duos
2818 1970 3131 2038 splendidos
3155 1977 3319 2033 viros.
3366 1983 3496 2035 Cum
3529 1987 3631 2040 ita—

2058 2068 2163 2120 que
2187 2053 2342 2108 allata
2363 2065 2590 2120 statera,
2623 2059 2674 2110 in
2708 2073 2824 2112 eam
2859 2060 3147 2133 IEIIIiopes
3175 2071 3425 2124 universa
3466 2075 3628 2130 latro-

2059 2141 2146 2196 nis
2169 2144 2526 2210 conjeeissent
2551 2148 2933 2218 chiragraplta,
2956 2155 3210 2223 depressa
3242 2172 3326 2214 est
3355 2179 3457 2217 una
3478 2165 3626 2229 lanx.

2059 2233 2227 2287 altera
2272 2235 2323 2290 itt
2369 2236 2534 2290 altum
2575 2238 2872 2295 sublevata.
2915 2245 3080 2300 Aiunt
3123 2259 3300 2304 autem
3343 2255 3450 2309 duo
3501 2258 3634 2315 lucis

2059 2326 2232 2394 angeli
2267 2345 2281 2381 :
2319 2345 2338 2378 ι
2387 2328 2478 2384 Sic
2519 2345 2585 2383 ne
2628 2331 2716 2386 bie
2759 2335 2902 2388 nihil
2936 2336 3034 2404 ipsi
3085 2340 3438 2401 habebimus?
3470 2368 3490 2401 ι
3522 2349 3632 2404 Re-

2060 2418 2274 2484 spondit
2310 2419 2447 2472 alter
2471 2421 2536 2475 ad
2567 2423 2797 2477 alterum
2835 2443 2852 2482 :
2890 2445 2908 2478 ι
2953 2429 3090 2496 Quid
3119 2435 3398 2492 enimvero
3437 2441 3634 2497 habere

2061 2521 2341 2573 possemus
2363 2509 2387 2563 ?
2409 2508 2504 2564 Vix
2538 2512 2778 2568 decimus
2801 2515 2920 2572 dies
2949 2528 3050 2581 est,
3087 2535 3208 2575 cum
3243 2527 3417 2580 caedes
3447 2545 3509 2581 ac
3557 2533 3627 2584 la-

2062 2605 2276 2650 tronum
2315 2599 2486 2654 lustra
2532 2605 2750 2672 reliquit
2787 2623 2800 2660 :
2843 2610 2970 2675 quid
3004 2611 3125 2665 boni
3174 2629 3236 2668 ex
3285 2617 3372 2671 illo
3402 2623 3632 2688 requiri-

2062 2690 2220 2742 ntus?
2258 2709 2276 2741 ι
2317 2691 2439 2746 ΙίιΒο
2465 2704 2523 2748 ιιι
2551 2695 2844 2763 dixerunt,
2876 2700 2972 2754 visi
3000 2715 3123 2755 sunt
3152 2708 3416 2777 vestigare
3445 2715 3494 2764 in
3520 2715 3635 2780 ejus

2062 2778 2222 2843 lecto,
2276 2783 2491 2836 si-forte
2521 2795 2575 2839 et
2614 2788 2710 2856 ipsi
2745 2789 2869 2842 boni
2899 2791 3104 2861 aliquid
3139 2799 3460 2856 invenirent.
3494 2778 3631 2858 (Sum

2062 2881 2241 2926 autent
2271 2891 2408 2929 unus
2431 2879 2708 2933 sudarium
2738 2883 3333 2956 invenisset,qu0latro
3363 2894 3636 2966 lacrymas

2061 2982 2187 3019 suas
2225 2968 2559 3036 detorserat;
2605 2974 2677 3026 ait
2716 2977 2782 3029 ad
2816 2979 3022 3033 socium
3072 2997 3228 3036 suum
3259 3003 3271 3038 :
3324 3005 3342 3038 ι
3380 2989 3634 3048 Profecto

2062 3057 2422 3129 laerytttarum
2460 3064 3295 3143 ejussudariumerat.pAgedum
3325 3079 3375 3132 in
3409 3083 3632 3137 alteram

2064 3149 2164 3201 hoc
2207 3150 2411 3206 lancem
2460 3153 2754 3223 mittamus,
2805 3159 2984 3214 addita
3027 3162 3100 3216 illi
3130 3165 3220 3220 Dei
3251 3169 3534 3225 clementia
3574 3191 3636 3228 ac

2073 3240 2434 3310 benignitate;
2464 3262 2526 3299 ac
2563 3251 2774 3302 tandem
2809 3252 3140 3324 ﬁelaliquitl.
3184 3278 3203 3312 ›
3240 3259 3408 3318 Porro
3438 3275 3635 3321 ullan-

2072 3342 2182 3384 tttttt
2214 3350 2375 3387 unum
2406 3336 2532 3391 illud
2569 3339 2621 3392 itt
2647 3340 2856 3396 lancem
2897 3345 3159 3401 elevatattt
3181 3352 3474 3419 misissmtt,
3516 3374 3637 3412 mox

2064 3439 2126 3475 ea
2183 3426 2438 3494 depressa
2499 3441 2604 3492 est,
2659 3445 2711 3486 et
2747 3435 3139 3506 chirographa,
3195 3458 3314 3510 qua:
3365 3447 3415 3498 in
3472 3449 3636 3503 altera

2065 3527 2213 3568 erant
2237 3557 2250 3578 ,
2284 3520 2534 3573 universa
2569 3533 2696 3578 sunt
2721 3527 3003 3594 dissipata.
3043 3531 3426 3590 Exclantarunt
3458 3539 3640 3608 itaque

2067 3606 2264 3671 iunctis
2295 3611 2516 3664 vocibus
2543 3616 2713 3682 angeli
2743 3635 2754 3668 :
2786 3636 2804 3668 ι
2842 3617 2977 3672 Vicit
3003 3620 3215 3677 Domini
3251 3606 3640 3696 benignitasth

2066 3698 2372 3752 clementia.
2422 3719 2440 3752 ι
2503 3703 2853 3760 Assumentes
2891 3721 3066 3763 autem
3105 3714 3337 3767 animam
3391 3716 3637 3784 latronis,

2065 3804 2246 3841 secum
2271 3791 2633 3846 abduxerunt.
2671 3797 2746 3849 Ac
2769 3796 3054 3868 {Etltiopes
3086 3819 3208 3857 cum
3243 3806 3530 3873 ignominia
3556 3811 3637 3863 fu-

2064 3892 2281 3944 gerunt.
2337 3883 2460 3938 Haec
2504 3890 2594 3942 ubi
2644 3891 2863 3943 vidissvt
2916 3892 3188 3957 medicus,
3225 3910 3344 3947 cum
3407 3897 3636 3965 primum

2065 3975 2398 4042 evigilasset,
2426 3982 2724 4049 aSsumptis
2765 3983 3006 4038 vestibus
3029 4025 3042 4046 ,
3075 3983 3301 4038 festinus
3324 3988 3388 4040 ad
3420 3989 3636 4043 domum

2067 4065 2387 4132 linspitalem
2417 4071 2561 4123 venit
2595 4087 2610 4124 :
2655 4074 3028 4142 accedensque
3065 4077 3130 4127 ad
3159 4077 3386 4132 latronis
3417 4081 3634 4146 lectum,

2066 4158 2266 4224 reperit
2293 4157 2409 4224 ejus
2451 4160 2668 4226 quidem
2697 4179 2892 4231 corpus
2912 4164 3087 4219 adhuc
3118 4167 3374 4232 calidum,
3404 4171 3635 4222 animam

2065 4257 2244 4299 autem
2286 4247 2392 4310 iam
2437 4248 2732 4316 profectam
2785 4254 2850 4303 ad
2895 4251 3202 4317 Dominum,
3249 4259 3638 4328 sud..riumque

2065 4339 2280 4407 plenum
2321 4340 2576 4409 lacrymis
2611 4356 2778 4409 super
2802 4344 2990 4397 oculos
3017 4347 3272 4413 positum.
3310 4346 3407 4402 Ubi
3458 4361 3635 4402 autem

2066 4434 2217 4487 abiis
2251 4433 2340 4503 qui
2362 4449 2526 4503 prope
2559 4435 2976 4500 deeumbebant,
3004 4453 3164 4502 quam
3197 4439 3334 4492 latro
3369 4440 3437 4494 ad
3473 4439 3636 4494 Deum

385 4513 546 4584 σῶμα
574 4515 741 4568 αὑτοῦ
773 4518 898 4580 ζέον
926 4556 941 4580 ,
974 4521 1076 4590 τὴν
1103 4519 1160 4572 δὲ
1190 4520 1371 4590 ψυχὴν
1403 4521 1570 4577 αὑτοῦ
1611 4523 1958 4579 ἀπελθοῦσαν

2065 4530 2283 4582 fecisset
2308 4528 2726 4590 confessionem,
2748 4530 3123 4592 intellexisset,
3151 4544 3372 4599 accepto
3394 4534 3638 4594 sudario.

385 4604 525 4674 πρὸς
563 4605 790 4676 Κύριον.
832 4607 906 4660 Τὸ
958 4607 1013 4660 δὲ
1053 4609 1334 4675 φακιόλιον
1383 4612 1476 4664 ἐπὶ
1517 4612 1630 4664 τῶν
1662 4612 1960 4683 ὀφθαλμῶν

387 4695 552 4752 αὑτοῦ
579 4697 832 4767 κείμενον
865 4702 1064 4766 μεστὸν
1092 4703 1202 4754 τῶν
1233 4703 1509 4773 δακρύων.
1537 4707 1649 4758 Καὶ
1677 4705 1740 4776 δὴ
1777 4705 1961 4776 μαθὼν

386 4788 540 4856 παρὰ
564 4789 673 4848 τῶν
709 4791 938 4860 πλησίον
963 4794 1326 4864 κοιμωμένων
1354 4796 1454 4863 τὴν
1486 4797 1872 4868 ἐξομολόγησιν
1897 4799 1962 4867 ἣν

387 4879 646 4950 ἐποίησεν
687 4883 716 4934 ὁ
750 4882 955 4954 λῃστὴς
999 4885 1135 4954 πρὸς
1177 4883 1354 4949 Θεὸν,
1382 4887 1563 4940 λαὸὼν
1592 4889 1652 4940 τὸ
1686 4888 1964 4956 φακιόλιον

387 4972 608 5040 εἰσῆλθε
658 4974 795 5046 πρὸς
842 4976 935 5029 τὸν
983 4976 1378 5031 εὐσεϐέστατον
1431 4979 1689 5048 βασιλέα,
1751 4981 1966 5046 δεικνὺς

385 5063 538 5134 αὑτῷ
571 5066 665 5118 καὶ
685 5065 1047 5138 διηγούμενος
1079 5067 1224 5140 ᾇπερ
1244 5071 1366 5124 κατ’
1400 5069 1534 5145 ὄναρ
1563 5071 1849 5138 ἐθεάσατο,
1879 5073 1972 5128 καὶ

463 5218 509 5249 ⁸³
524 5217 668 5274 Psal.
698 5236 886 5290 χχιιι,
931 5220 1021 5276 15.

2069 4627 2134 4674 ad
2167 4624 2466 4689 piissimum
2515 4624 2894 4691 imperatorem
2923 4633 3066 4676 recta
3105 4622 3381 4691 ingressus
3413 4633 3516 4687 est,
3551 4643 3640 4678 os-

2074 4715 2300 4766 tendens
2325 4730 2388 4766 ac
2420 4730 2649 4766 narrans
2695 4728 3030 4781 quascunque
3065 4712 3116 4765 itt
3153 4716 3359 4767 somnis
3397 4715 3638 4781 vidisset,

2072 4818 2134 4856 ac
2182 4819 2209 4854 a
2251 4802 2701 4856 decumbentibus
2749 4803 2800 4854 in
2845 4803 3023 4856 vicino
3051 4803 3098 4856 ei
3151 4805 3266 4856 loco
3293 4807 3638 4869 audisset,in

2073 4888 2188 4942 haec
2232 4893 2392 4942 verba
2449 4905 2570 4944 eum
2621 4889 2933 4960 alloquens:
2983 4889 3198 4945 Gratias
3254 4893 3464 4961 agimus
3511 4894 3636 4954 Deo.

2075 4978 2409 5047 pientissime
2462 4979 2701 5032 domine.
2748 4980 3067 5035 Andivimus
3109 4980 3372 5035 latronem
3410 4984 3638 5035 salutem

2079 5082 2428 5126 consecutum
2487 5085 2582 5139 per
2633 5069 3063 5136 confessionem,
3103 5072 3228 5125 dum
3261 5073 3474 5126 interim
3527 5071 3640 5127 Rex

1890 5332 2120 5390 NOTAE.

462 5446 576 5518 (29)
601 5447 714 5531 Qui
734 5452 849 5519 jam
896 5451 1030 5505 male
1076 5452 1143 5505 ad
1184 5467 1449 5517 vesperam
1489 5449 1738 5530 venerim.
1781 5447 1958 5531 Cogor

389 5518 472 5571 sic
503 5518 742 5583 mutare,
773 5532 996 5586 cogente
1028 5536 1187 5576 sensu
1223 5535 1288 5575 ac
1321 5531 1429 5574 tota
1462 5520 1644 5574 serie:
1677 5533 1776 5572 nec
1810 5521 1955 5572 enim

390 5587 531 5641 bene
557 5601 620 5640 ac
657 5588 907 5650 feliciter,
945 5591 1087 5658 quod
1137 5591 1313 5645 reddit
1343 5592 1630 5656 interpres,
1667 5589 1732 5640 ad
1765 5604 1958 5656 vespe-

392 5672 515 5736 ram
563 5659 712 5710 venit
748 5675 808 5712 ac
843 5661 962 5713 vita:
992 5671 1222 5736 metam,
1248 5660 1340 5736 qui
1367 5659 1443 5736 sic
1485 5659 1664 5736 _\etti_tf,
1706 5659 1782 5712 uti
1819 5658 1958 5736 latro

388 5724 675 5794 deplorat,
707 5743 769 5783 ac
800 5724 1296 5800 pra-occupantibus
1329 5728 1738 5798 iniquitatibus,
1773 5745 1799 5780 ιι
1834 5730 1958 5796 qui-

2083 5453 2183 5506 bus
2218 5467 2359 5521 aegre
2390 5468 2448 5507 se
2477 5454 2576 5508 sub
2613 5455 2664 5507 id
2699 5463 2911 5520 tempus
2948 5453 3223 5522 expediat.
3261 5453 3429 5508 Porro
3465 5452 3640 5510 facilis

2070 5532 2154 5575 est
2184 5525 2344 5576 unius
2392 5525 2583 5577 littera
2614 5525 2665 5576 in
2711 5525 2936 5594 alteram
2984 5533 3237 5594 currente
3267 5524 3474 5578 calamo
3517 5542 3640 5594 per-

2073 5594 2300 5645 mutatio
2326 5631 2340 5655 ,
2375 5603 2542 5661 utque
2569 5609 2636 5647 ex
2669 5592 2853 5656 κακῶς
2884 5635 2898 5652 ,
2928 5592 3266 5658 antiquarius
3297 5635 3311 5662 ,
3354 5610 3448 5650 seu
3481 5592 3544 5651 ei
3573 5614 3642 5650 co

2069 5663 2409 5725 cxscribens,
2437 5665 2624 5718 fecerit
2657 5662 2858 5727 καλῶς.
2891 5663 3184 5718 (Συηεΐιδ.
