3988 6142
288 436 419 503 1117
1448 426 1733 487 ORATIO
1779 427 1855 486 ΙΝ
1900 425 2264 486 PSALMUM
2304 425 2404 486 VI.
3429 415 3571 483 1118

285 546 521 620 ⁴γνησίαν
571 541 944 614 ἐπιστροφὴν,
1002 542 1070 594 τά
1124 541 1374 611 δάκρυα,
1425 540 1518 593 τὸν
1565 541 1631 593 ἐκ
1675 539 1923 610 βάθουςέ

2029 554 2211 603 ottetn,
2271 540 2542 608 lacrymas
2565 576 2579 601 ,
2607 534 2869 604 gemitum
2911 546 2975 587 ex
3007 530 3118 585 imo
3143 536 3392 599 pectore;
3432 548 3564 582 (tm-

291 638 601 713 στεναγμὸν
620 675 636 699 ,
664 637 764 703 τὴν
803 633 897 687 τοῦ
922 632 1228 696 συνειδότος
1263 632 1513 703 ταραχὴν
1531 672 1547 697 ,
1583 634 1682 702 τὴν
1708 631 1873 685 ἀσθέ-

2029 632 2216 685 rientiaz
2243 630 2627 695 turltationem,
2661 625 3063 686 inﬁrmitatem,
3094 631 3418 676 nocturnum
3444 636 3567 675 cum

292 749 442 785 νειαν
461 771 479 794 ,
510 729 609 799 τὴν
650 728 709 779 ὲν
740 725 898 779 νυκτὶ
929 725 1066 796 πρὸς
1110 724 1245 778 Θεὸν
1270 725 1490 794 ὁμιλίαν
1515 764 1531 786 ,
1565 725 1663 792 τὴν
1701 725 1760 775 ὲν
1806 725 1873 793 τῇ

2029 738 2091 777 eo
2124 721 2477 792 colloquium,
2515 733 2695 774 rerum
2729 716 2962 770 interdiu
3016 722 3291 783 gestarum
3344 725 3575 780 percep-

296 823 557 892 στρωμνῇ
614 818 910 889 γινομένην
960 814 1316 886 συναίσθησιν
1355 816 1466 868 τῶν
1499 815 1619 886 μεθ’
1661 815 1878 886 ἡμέραν

294 909 709 982 πραττομένων,
737 907 832 959 καὶ
852 906 940 959 διὰ
965 904 1069 974 τῆς
1091 904 1187 958 τοῦ
1218 905 1374 971 ἀγίου
1388 903 1706 974 Πνεύματος
1738 921 1879 973 παρ-

305 1002 499 1065 ουσίας
537 999 849 1067 ἐπισκοπὴν
878 1015 891 1027 ·
936 996 999 1049 ού
1027 996 1203 1050 ταῦτα
1231 996 1290 1049 δὲ
1322 996 1484 1065 μόνον
1514 993 1755 1049 ἐνταῦοα
1784 1011 1879 1047 πε-

302 1093 596 1165 ριεχόμενά
622 1108 705 1154 τις
734 1091 959 1161 εὑρήσει
980 1131 995 1154 ,
1037 1088 1174 1142 ἀλλὰ
1206 1087 1306 1158 τὴν
1338 1088 1448 1142 ἀπὸ
1485 1090 1587 1157 τῆς
1622 1087 1881 1157 τοιαύτης

305 1183 598 1255 μετανοίας
651 1179 1095 1252 προσγινομένην
1156 1177 1267 1231 τῶν
1316 1177 1604 1248 ἁμαρτιῶν
1667 1177 1888 1245 ἄφεσινο

308 1278 418 1348 τὴν
447 1275 559 1328 τῶν
590 1273 864 1343 δαιμόνων
905 1270 1173 1341 αἰσχύνην
1193 1309 1208 1333 ,
1243 1270 1338 1324 καὶ
1378 1268 1476 1340 τὴν
1511 1268 1604 1322 τοῦ
1640 1268 1888 1322 παλαιω-

305 1368 489 1429 θέντος
513 1364 809 1433 ἀνθρώπου
834 1365 954 1426 ταῖς
982 1361 1284 1433 ἁμαρτίαις
1306 1359 1641 1415 ἀνάπλασιν.

390 1458 536 1510 Ἀλλ’
568 1452 721 1518 οὗτος
758 1456 857 1526 μὲν
886 1455 913 1506 ὁ
938 1453 1136 1516 σκοπδς
1166 1450 1262 1505 τοῦ
1295 1449 1536 1521 ψαλμοῦ.
1569 1449 1732 1503 Ἐστι
1762 1450 1818 1503 δὲ
1846 1451 1881 1519 ή

307 1547 476 1607 αὐτοῦ
506 1544 786 1615 ἐπιγραφὴ
834 1544 928 1601 ἐπὶ
955 1542 1159 1608 λέξεως
1194 1539 1393 1610 ἔχουσα
1429 1538 1639 1603 οὕτως·
1679 1558 1696 1590 ι
1734 1539 1891 1592 Ψαλο

314 1639 436 1709 μὸς,
473 1637 629 1707 φησὶ,
676 1633 755 1705 τῷ
787 1632 957 1686 Δαόὶδ
990 1632 1118 1701 περὶ
1148 1631 1250 1701 τῆς
1286 1630 1503 1700 ὀγδόης.
1555 1648 1574 1681 ι
1624 1628 1891 1698 ’ογδόην,

315 1727 546 1797 σύνηθες
585 1729 653 1796 τῇ
692 1726 885 1796 Γραφῇ
919 1723 1242 1793 ὀνομάζειν,
1273 1720 1375 1793 τὴν
1423 1720 1563 1790 μετά
1594 1719 1695 1790 τὴν
1740 1719 1894 1773 ἑϐδό-

318 1836 427 1889 μην
448 1835 463 1849 ⁸
497 1807 782 1883 ⁶τουτέστι,
814 1816 915 1883 τὴν
948 1813 1041 1866 τοῦ
1086 1811 1354 1884 παρόντος
1385 1809 1581 1873 αἰῶνος
1623 1809 1771 1879 ζωὴν
1803 1810 1900 1863 καὶ

1985 826 2095 870 tum
2121 815 2171 868 in
2203 824 2376 869 Strato
2399 826 2644 875 sensum,
2671 825 2733 862 ac
2761 821 2903 867 eam,
2931 821 3051 874 quae
3082 813 3165 858 est
3182 803 3357 858 sancti
3388 802 3569 871 Spiri-

1985 915 2072 959 tus
2102 906 2359 967 adventu,
2390 901 2779 971 iuSpectionem
2814 913 2827 950 :
2861 910 2959 950 nec
2981 910 3043 948 ea
3077 901 3284 947 tantum
3325 893 3447 961 quis
3472 895 3573 947 hoc

1987 997 2105 1051 loco
2134 996 2310 1048 videat
2341 994 2755 1061 comprehensa,
2798 1002 2984 1042 verum
3010 986 3176 1040 etiam
3212 1000 3276 1037 ex
3327 985 3418 1037 tali
3456 998 3578 1051 pae-

1987 1085 2211 1140 nitentia
2240 1081 2591 1138 accedentem
2619 1089 2963 1147 peccatorum
3008 1073 3429 1139 remissionem;
3460 1072 3574 1126 da:-

1991 1192 2320 1244 tnonumque
2363 1174 2735 1229 confusionem
2772 1185 2837 1225 ac
2897 1168 3135 1225 hominis
3184 1167 3470 1222 inveterati
3523 1166 3578 1220 in

1991 1266 2232 1338 peccatis
2289 1265 2756 1322 relormatibuem.

2065 1443 2377 1505 Enimvero,
2418 1440 2507 1494 hic
2554 1437 2774 1509 quidem
2811 1436 3019 1505 psalmo
3054 1434 3177 1488 linis
3208 1442 3310 1487 est.
3354 1431 3449 1486 Sic
3481 1448 3581 1488 au-

1998 1545 2106 1589 tem
2156 1537 2274 1605 ejus
2314 1536 2380 1587 ad
2411 1533 2637 1587 verbum
2692 1530 2854 1584 habet
2913 1529 3197 1596 inscriptio
3235 1544 3248 1579 :
3287 1545 3305 1577 ι
3337 1525 3587 1580 Psalmns

2003 1628 2190 1682 Duvidi
2234 1627 2302 1682 de
2347 1639 2565 1681 oetava.
2611 1644 2630 1676 ι
2669 1622 2971 1678 Consuevit
3017 1619 3299 1687 Scriptura
3347 1628 3587 1671 octavam

2001 1720 2275 1789 appellare
2305 1734 2448 1783 eam,
2474 1732 2594 1785 quae
2625 1713 2977 1783 subsequitur
3005 1712 3292 1779 septimam
3312 1750 3327 1775 ,
3354 1711 3455 1763 hoc
3481 1719 3586 1775 est,

2002 1811 2166 1864 vitam
2205 1818 2565 1879 praesentem;
2596 1806 2752 1875 cujus
2775 1814 2981 1860 octava-
3016 1803 3185 1872 ﬁgura
3220 1801 3322 1853 fuit
3348 1800 3585 1854 circum-

314 1877 630 1979 ἐξαγωγὴν,
686 1877 985 1978 ἦςγτύπος,
1034 1907 1068 1974 ἡ
1110 1877 1461 1973 ὀπταήμερος
1491 1877 1792 1971 περιτομή.
1829 1901 1897 1955 Ὅ

2029 1904 2138 1956 :isio
2174 1877 2280 1955 diei
2334 1908 2564 1954 octavae.
2620 1898 2725 1952 Sed
2755 1906 2809 1949 et
2844 1896 3062 1964 sapiens
3125 1892 3404 1953 Salomon,
3464 1892 3589 1943 dum

316 2018 377 2061 τε
414 2000 576 2067 σορὸς
610 1997 906 2068 Σολομῶν,
954 2015 972 2048 ι
1027 1995 1233 2048 διδόναι
1281 1993 1476 2064 μερίδα
1526 1998 1643 2055 τοῖς
1679 1992 1824 2045 ἑπτὰ
1877 2012 1894 2043 ι

320 2092 605 2163 παραινῶν
626 2131 642 2155 ,
681 2111 698 2142 ι
737 2091 831 2145 καί
860 2106 925 2156 γε
961 2090 1075 2150 τοῖς
1103 2086 1248 2139 ὀκτὼ
1272 2126 1287 2151 ,
1327 2105 1345 2136 ι
1391 2086 1492 2157 τὴν
1523 2086 1735 2139 ἐκεῖθεν
1762 2088 1897 2139 ἀπο·

321 2184 684 2247 κατάστασιν,
710 2181 920 2235 καὶτὸν
950 2178 1185 2233 ἐνταῦθα
1194 2178 1329 2253 βίον
1349 2179 1481 2249 ἡμῖν
1507 2178 1902 2231 ὑπαινίττεται.

328 2277 558 2346 Ἴδωμεν
620 2276 678 2329 δὲ
732 2276 818 2328 κα⁸
887 2272 1063 2343 αὐτὴν
1137 2270 1326 2325 λοιπὸν
1388 2271 1480 2324 τοῦ
1534 2270 1755 2341 ψαλμοῦ
1807 2271 1906 2341 τὴν

326 2370 524 2439 ἀρχήν.

403 2477 423 2510 ι
464 2459 662 2531 Κύριε,
697 2457 880 2529 μὴ-τῷ
911 2455 1070 2527 θυμῷ
1100 2472 1191 2508 σου
1220 2455 1447 2526 ἐλέγξῃς
1471 2472 1559 2526 με.
1594 2473 1611 2505 ι
1656 2455 1909 2525 Ὀμμασι

326 2553 534 2621 νοεροϊς
575 2553 604 2604 ὁ
640 2551 928 2621 προφήτης
962 2548 1026 2601 τὸ
1057 2547 1288 2618 φοϐερὸν
1336 2550 1514 2600 ἐκεῖνο
1556 2547 1911 2617 δικαστήριον

328 2641 694 2714 προθεωρῶν,
743 2642 908 2695 οἱονεὶ
952 2640 1409 2712 ἀπαρρησίαστος
1463 2639 1571 2702 ὢν,
1624 2640 1721 2691 καὶ
1778 2640 1913 2710 μηδὲ

330 2734 635 2803 ἀπολογίαν
661 2733 801 2804 ἔχων
826 2732 968 2801 ὑπὲρ
988 2724 1062 2784 ὧν
1083 2732 1300 2801 ἥμαρτε
1328 2729 1756 2797 προϐάλλεσθαι.
1780 2731 1916 2800 μήτε

332 2827 395 2891 ἐξ
421 2825 599 2897 ἔργων
621 2825 760 2896 ἔχων
785 2825 847 2878 τὸ
878 2823 1171 2888 σώζεσθαι,
1198 2822 1351 2874 οὐδὲν
1372 2821 1501 2877 ἄλλο
1528 2821 1619 2874 τον
1644 2822 1916 2890 Δικαστὴν

333 2916 572 2984 ἐξαιτεῖ,
607 2918 722 2971 ἀλλ’
752 2917 785 2988 ἢ
814 2915 973 2970 τοῦτο
1001 2915 1201 2982 λέγων·
1239 2933 1258 2965 ι
1310 2912 1503 2984 Κύριε,
1542 2912 1617 2983 μὴ
1651 2912 1728 2983 τῷ
1759 2912 1918 2982 θυμῷ

334 3023 434 3060 σου
469 3006 760 3078 ὲξελέγξῃς
796 3023 883 3077 με.
940 3025 958 3056 ι
1006 3001 1174 3066 Οἶδα,
1226 3004 1513 3064 Δέσποτα,
1562 3005 1646 3056 ὅτι
1692 3003 1920 3073 φρικτὸν

336 3100 628 3171 περιμένει
663 3117 728 3169 με
763 3100 1147 3169 δικαστήριον·
1176 3090 1646 3168 ὅτεπροκαθίσας
1679 3096 1770 3146 ἐπὶ
1796 3096 1921 3164 θρό-

2008 2015 2030 2048 ι
2077 2004 2285 2063 partem
2326 1994 2457 2047 dare
2487 2002 2716 2059 septem,
2751 1990 2882 2058 quin
2916 1996 2972 2040 et
3003 1995 3128 2041 octo
3158 1985 3230 2045 ⁷⁸,
3265 2002 3284 2034 ›
3314 1983 3590 2045 admonet,

2007 2086 2152 2138 illaut
2203 2086 2258 2138 in
2312 2086 2587 2152 integrum
2632 2096 2747 2135 aevo
2805 2080 2988 2133 futuro
3056 2074 3484 2133 restitutionem,
3531 2086 3596 2126 ac

2009 2176 2290 2247 praesentis
2320 2175 2501 2228 saeculi
2526 2175 2691 2227 vitam
2718 2170 2871 2225 nobis
2892 2167 3091 2222 innuit.
3114 2165 3232 2220 Jam
3263 2178 3390 2219 vero
3420 2163 3596 2231 ipsum

2009 2280 2226 2335 quoque
2255 2264 2537 2319 videamus
2574 2261 2767 2332 psalmi
2793 2257 3031 2312 initium.

2088 2460 2108 2493 ι
2145 2440 2396 2503 Domine,
2422 2453 2491 2493 ne
2526 2437 2580 2491 in
2611 2437 2796 2491 furore
2832 2444 2926 2490 tuo
2956 2447 3155 2502 arguas
3187 2446 3290 2484 me.
3325 2450 3343 2482 ι
3377 2429 3601 2498 Prospi-

2014 2537 2165 2591 ciens
2196 2535 2457 2604 propheta
2491 2530 2667 2585 oculis
2699 2530 2866 2584 animi
2903 2525 3149 2581 terribile
3181 2523 3311 2577 illud
3337 2519 3597 2585 tribunal,

2017 2636 2275 2696 tanquam
2305 2624 2450 2679 omni
2489 2623 2784 2678 destitutus
2831 2618 3049 2679 ﬁducia,
3104 2630 3203 2670 nec
3238 2613 3445 2667 habens
3475 2612 3605 2680 quid

2017 2717 2259 2787 proferat
2308 2712 2641 2768 defensionis
2681 2727 2778 2781 pro
2820 2710 2891 2764 iis
2936 2724 3059 2777 qua:
3102 2706 3370 2774 peccavit,
3426 2718 3605 2771 neque

2017 2826 2084 2863 ex
2139 2809 2399 2877 operibus
2465 2804 2665 2858 salvari
2711 2805 2916 2864 valens,
2973 2800 3103 2854 nihil
3161 2798 3307 2852 aliud
3347 2812 3375 2850 a
3416 2794 3607 2850 Iudice

2019 2901 2279 2970 postulat,
2299 2913 2461 2969 quam
2495 2897 2636 2950 istud
2663 2894 2851 2949 dicens
2880 2910 2893 2947 :
2926 2910 2946 2944 ι
2980 2891 3228 2955 Domine,
3254 2904 3319 2943 ne
3341 2889 3393 2942 in
3423 2887 3609 2941 furore

2023 3003 2114 3046 tuo
2149 3006 2346 3061 arguas
2375 3004 2478 3043 me.
2517 3007 2536 3039 ι
2576 2987 2727 3048 Scio,
2760 2984 3009 3047 Domine,
3062 2996 3145 3035 me
3179 2994 3400 3034 manere
3446 2976 3606 3032 terri-

2025 3080 2445 3147 bilejudicium,
2492 3076 2710 3148 quando
2772 3075 2825 3128 in
2882 3074 3012 3128 sede
3061 3069 3366 3139 majestatis
3390 3067 3611 3122 excelso

337 3164 432 3243 νου
476 3164 791 3253 ἀστέκτου,
834 3164 1069 3240 ἐνώπιον
1131 3164 1385 3255 ἀγγέλων
1418 3186 1515 3238 καὶ
1570 3185 1752 3253 πάσης
1805 3184 1919 3237 κτί-

2029 3173 2344 3244 pra-sideris,
2397 3186 2583 3225 coram
2637 3166 2843 3237 angelis
2883 3180 2948 3219 ac
2977 3164 3125 3218 omni
3177 3173 3454 3226 creatura,
3490 3175 3612 3228 qua:

340 3296 518 3345 σεως,
570 3279 641 3331 τὰ
689 3279 875 3350 κρυφῆ
934 3278 1334 3347 πεπραγμένα,
1383 3277 1551 3329 πᾶσιν
1611 3274 1921 3346 ἀνθρώποις

338 3371 754 3435 ἀποκαλύπτεις
775 3413 789 3433 ,
846 3371 941 3423 καὶ
981 3370 1048 3423 τὰ
1078 3370 1219 3433 τέως
1247 3367 1583 3422 λανθάνοντα
1609 3370 1787 3430 ποιεῖς
1821 3384 1922 3435 φα-

336 3465 495 3534 νερά.
524 3461 691 3515 Ὅθεν
714 3462 837 3516 οὐδὲ
859 3461 1045 3531 τολμῶ
1069 3460 1417 3532 συγχώρησιν
1435 3461 1545 3513 τῶν
1576 3460 1724 3529 ἐμῶν
1747 3461 1925 3531 ἁμαρ-

341 3553 473 3608 τιῶν
500 3553 891 3622 ἐξαιτήσασθαι
913 3570 928 3586 ’
959 3553 1043 3608 ὅτι
1072 3552 1290 3622 μείζους
1318 3544 1499 3615 αὗται,
1532 3551 1674 3619 ὑπὲρ
1701 3551 1761 3603 τὸ
1787 3551 1924 3617 ἀφε-

344 3645 508 3715 θῆναί
533 3661 600 3714 με
619 3661 634 3675 ο
664 3645 748 3697 ὅτι
774 3644 947 3697 πλείω
973 3643 1175 3706 παντὸς
1198 3641 1488 3712 ἀνθρώπου
1513 3644 1593 3704 εἰς
1625 3642 1687 3694 σὲ
1709 3643 1925 3713 ἐπλημ-

350 3738 563 3809 μέλησα
588 3754 603 3768 ο
644 3737 725 3790 ὅτι
759 3736 901 3805 ὑπὲρ
939 3736 1032 3789 τὸν
1064 3735 1275 3789 ἄσωτον
1311 3733 1573 3803 ἥμαρτον
1595 3748 1608 3761 ·
1665 3734 1749 3786 ὅτι
1785 3734 1927 3805 ὑπὲρ

350 3832 559 3884 ἐκεῖνον
599 3829 693 3882 τὸν
721 3829 792 3882 τὰ
824 3828 998 3899 μύριά
1040 3843 1125 3880 σοι
1166 3825 1454 3894 ὀφείλοντα
1483 3824 1724 3878 τάλαντα
1778 3825 1929 3893 ὀφει-

348 3919 511 3988 λέτης
543 3936 626 3972 σοι
662 3917 929 3988 κατέστην
963 3915 1096 3985 ἐγώ.
1134 3913 1268 3969 Οἶδα
1310 3915 1422 3985 γὰρ
1480 3915 1721 3985 ἐμαυτὸν
1766 3916 1929 3970 πλέον

348 4010 383 4079 ἢ
403 4013 497 4065 τὸν
520 4011 774 4081 Τελώνην
797 4028 873 4065 πα
881 4010 951 4080 ρὰ
980 4009 1074 4063 τοῦ
1110 4008 1311 4079 ἐχθροῦ
1341 4007 1725 4078 τελωνηθὲντα
1745 4025 1760 4039 ο
1787 4008 1932 4080 ὑπὲρ

342 4104 443 4157 ἰὸν
484 4102 702 4177 Λῃστὴν
732 4100 1043 4172 λῃστρικῶς
1077 4098 1341 4169 ζήσαντα,
1371 4098 1467 4151 καὶ
1494 4098 1635 4167 ὑπὲρ
1664 4097 1763 4168 τὴν
1790 4099 1934 4169 Πόρ-

353 4213 454 4266 νην
506 4212 588 4248 σοι
644 4193 971 4247 πταίσαντα.
1027 4187 1161 4245 Οἶδα
1192 4192 1274 4243 ὅτι
1309 4191 1404 4243 καὶ
1452 4191 1544 4243 τὸν
1589 4191 1932 4260 Μανασσῆν,

354 4285 638 4355 ἀνομήσας
688 4283 1004 4353 παρήλασα.
1044 4280 1208 4335 Ὅθεν
1267 4299 1286 4331 ι
1326 4281 1383 4333 αἱ
1436 4279 1659 4350 ἀνομίαι
1697 4296 1798 4349 μου
1837 4279 1937 4351 τὴν

357 4377 606 4446 κεφαλήν
636 4393 740 4446 μου
790 4376 1172 4444 ὑπεράρασαι,
1202 4371 1337 4424 ὡσεὶ
1369 4371 1589 4440 φορτίον
1624 4370 1763 4441 βαρὺ
1805 4370 1936 4423 ἐδα-

362 4467 637 4540 ρύνθησαν
687 4467 775 4519 ἐπ’
813 4466 950 4534 ὲμὲο
1001 4465 1095 4516 καὶ
1142 4462 1610 4533 ταλαιπωρήσας,
1657 4462 1941 4532 κατεκάμ-

363 4535 655 4629 ξρθηννέως
682 4556 890 4617 τέλους.
932 4572 951 4606 ι
999 4554 1071 4605 Τὸ
1103 4552 1276 4621 ὀνομά
1311 4568 1406 4603 σου
1435 4550 1498 4603 τὸ
1530 4549 1686 4617 ἆγιον
1710 4549 1937 4621 παρώρ-
1973 4535 2016 4588 ί)

361 4667 529 4720 γισα,
565 4650 628 4702 τὸ
682 4646 908 4717 Πεθεῦμά
961 4662 1055 4697 σου
1107 4643 1357 4712 ἐλύπησα
1382 4682 1397 4706 ,
1429 4642 1539 4695 τῶν
1573 4641 1803 4694 ἐντολῶν
1847 4660 1940 4696 σου

361 4743 721 4814 παρήκουσα,
769 4741 863 4793 τὸν
916 4735 1149 4789 πλοῦτόν
1194 4752 1290 4788 σου
1325 4733 1511 4798 κακῶς
1550 4733 1942 4803 διεσκόρπισα,

363 4836 461 4888 ’καὶ
490 4835 550 4887 ὃν
575 4851 665 4904 μοι
690 4832 929 4893 δέδωκας
952 4828 1272 4901 ἀρραϐῶνα,
1300 4830 1358 4881 ὲν
1380 4827 1644 4889 ἀσωτίαις
1667 4828 1945 4898 ἀνήλωσα,

362 4927 458 4980 τὸν
502 4925 597 4979 τοῦ
630 4923 883 4995 σώματος
917 4921 1046 4974 ναὸν
1087 4920 1369 4973 ἐσπίλωσα
1388 4958 1403 4983 ,
1451 4917 1551 4991 τὴν
1603 4919 1727 4972 κατ’
1757 4919 1943 4973 εἰκόνα

367 5036 465 5075 σου
521 5018 681 5083 ἀξίαν
727 5014 1070 5085 καθύϐρισα,
1121 5012 1181 5065 ὃν
1214 5012 1472 5075 ἑνέδυσάς
1529 5028 1597 5083 με
1643 5011 1947 5083 ὲρῤύπωσα

367 5110 604 5181 χιτῶνα,
637 5109 701 5161 τὸ
736 5109 1029 5178 πρόσωπον
1074 5105 1103 5159 ὃ
1158 5120 1250 5173 μοι
1284 5106 1350 5172 τῇ
1388 5104 1749 5173 ἀναγεννήσει
1786 5104 1947 5172 ἐφαί-

276 5261 281 5264 _
316 5248 319 5251 ,
366 5203 601 5274 δρυνας,
642 5197 1065 5270 κατηχρείωσα,
1099 5195 1228 5258 τοὺς
1258 5194 1575 5265 ὀφθαλμοὺς
1608 5193 1703 5257 οὓς
1749 5196 1950 5262 ἐφώτι-

371 5311 496 5360 σας,
532 5294 695 5347 πάλιν
732 5289 1044 5359 ἑτύφλωσα,
1068 5287 1139 5341 τὰ
1171 5286 1325 5357 χείλη
1362 5303 1466 5356 μου
1502 5286 1645 5355 ἅπερ
1675 5286 1913 5356 ήγίασας
1933 5327 1949 5352 ,

372 5390 541 5444 πάλιν
577 5388 835 5457 ἐμόλυνα.
871 5383 1089 5438 Τούτων
1120 5384 1376 5438 ἁπάντων
1413 5382 1645 5446 εὐθύνας
1678 5401 1747 5451 με
1782 5385 1950 5437 ἀπαιο

369 5483 504 5544 τῶν.
543 5477 661 5534 οἶδα
709 5480 794 5533 ὅτι
834 5477 1214 5547 παραστήσεις
1251 5492 1319 5545 με
1369 5476 1579 5546 γυμνὸν
1620 5474 1700 5544 τῷ
1742 5474 1949 5545 βήματί

376 5595 506 5643 σου,
537 5577 633 5629 καὶ
668 5573 740 5627 τὰ
789 5569 1162 5641 πεπραγμένα
1203 5585 1294 5639 μοι
1345 5569 1522 5623 πάντα
1560 5569 1823 5637 ἐλέγξεις,
1850 5569 1947 5622 καὶ

449 5750 499 5782 ⁷⁸
516 5748 813 5826 _I:Ju_cl_t_:.1tt,
839 5747 896 5801 2.
972 5746 1018 5778 ⁷⁸
1050 5744 1385 5826 ἱέραξι-νίᾶ
1418 5814 1429 5826 _
1464 5744 1510 5774 ⁷⁸
1547 5742 1942 5826 ΜιιιιΙιρνιιίειι,
1984 5742 2074 5797 24.

378 5816 470 5873 ⁸57.
516 5818 565 5851 ⁷⁸
608 5818 687 5905 1γί
724 5818 858 5887 lica.
901 5832 1013 5883 ut,
1060 5816 1144 5870 16.
1225 5818 1267 5846 ⁷⁷
1311 5814 1432 5869 Psd
1495 5829 1703 5883 xxxv",
1748 5813 1803 5881 5,
1838 5812 1892 5873 ϐε

2025 3276 2151 3322 sunt
2186 3265 2477 3319 commissa
2524 3262 2578 3315 in
2615 3259 2852 3323 occulto,
2899 3256 3151 3311 omnibus
3203 3253 3512 3307 hominibus
3549 3265 3611 3306 es

2026 3357 2386 3423 revelaturus,
2419 3370 2482 3410 ac
2509 3353 2686 3423 palam
2734 3350 3000 3415 facturus,
3032 3361 3152 3417 quae
3204 3347 3464 3399 hactenus
3493 3342 3613 3397 fne-

2028 3462 2157 3507 runt
2193 3449 2534 3506 abscondita.
2571 3446 2965 3514 Quamobrem,
3000 3456 3066 3495 ne
3097 3438 3317 3507 quidem
3369 3449 3612 3489 meormn

2028 3547 2241 3601 veniam
2302 3551 2648 3612 peccatorum
2703 3539 2878 3591 audeo
2928 3532 3255 3602 postulare:
3292 3528 3487 3598 quippe
3521 3525 3613 3579 illa

2031 3638 2232 3708 majora
2274 3644 2422 3700 sunt,
2461 3646 2622 3703 quam
2657 3640 2716 3683 ut
2753 3629 2885 3681 mihi
2914 3626 3114 3681 remitti
3156 3624 3357 3676 debere
3388 3619 3613 3672 videan-

2032 3741 2139 3784 tur.
2174 3728 2384 3782 Etenim
2414 3725 2562 3781 omni
2598 3723 2817 3795 gravius
2842 3721 3061 3774 homine
3092 3717 3144 3771 in
3178 3728 3231 3769 te
3259 3713 3477 3781 deliqui.
3516 3712 3611 3764 Su-

2033 3838 2127 3893 pra
2162 3819 2455 3888 Prodigum
2497 3814 2715 3886 peccavi
2749 3814 2794 3845 "
2831 3830 2845 3867 :
2882 3825 3045 3879 supra
3081 3807 3229 3861 illum
3273 3804 3363 3873 qui
3401 3803 3619 3857 debitor

2032 3924 2149 3970 erat
2196 3914 2382 3966 decem
2435 3909 2662 3962 millium
2701 3904 3027 3959 talentorum
3058 3900 3125 3965 ⁷³,
3158 3898 3255 3953 tibi
3286 3910 3385 3966 ego
3406 3895 3619 3949 debitor

2034 4006 2361 4061 constitutus
2393 4017 2532 4057 sum.
2571 3998 2699 4053 Scio
2725 3996 2867 4051 enim
2899 4008 3063 4062 supra
3108 3989 3463 4045 Publicanum
3494 4002 3621 4057 gra-

2038 4097 2186 4150 viora
2243 4094 2376 4147 mihi
2433 4093 2502 4148 ab
2556 4091 2710 4144 hoste
2765 4090 3027 4157 imperata
3086 4084 3287 4138 tributa
3321 4080 3368 4111 ⁷³
3404 4098 3418 4134 :
3454 4092 3618 4147 supra

2037 4194 2328 4261 Latronem
2384 4191 2585 4244 vixisse
2617 4187 2892 4239 latronum
2923 4197 3075 4236 more
3103 4180 3186 4244 7‘;
3215 4193 3278 4232 ac
3313 4192 3477 4243 supra
3510 4172 3621 4228 Me-
3662 4237 3666 4241 ,

2040 4286 2292 4340 retricem
2338 4291 2443 4335 tete
2474 4278 2761 4331 nll'eadissc
2788 4277 2855 4327 ⁷⁵.
2877 4274 2981 4327 Sed
3004 4282 3057 4326 et
3085 4274 3189 4325 huc
3216 4271 3365 4330 scin,
3415 4268 3623 4319 Manas-

2041 4391 2136 4430 sen
2188 4388 2271 4426 me
2313 4370 2601 4439 iniquitate
2669 4366 2868 4417 vicisse
2912 4364 2981 4415 ⁷⁸.
3024 4360 3178 4416 Unde
3229 4380 3247 4410 ι
3306 4357 3622 4425 iniquitates

2047 4484 2178 4522 meae
2217 4476 2581 4533 supergressa}
2628 4468 2790 4527 caput.
2845 4471 3058 4517 meum,
3106 4454 3249 4507 sicut
3279 4466 3418 4503 onus
3458 4462 3624 4518 grave

2047 4568 2288 4625 gravatae
2317 4562 2443 4606 sunt
2471 4566 2636 4620 super
2666 4562 2788 4602 me:
2831 4545 3102 4611 miserque
3140 4538 3386 4601 ell'ectns,
3428 4551 3591 4589 curva
3613 4562 3627 4576 -

2052 4659 2139 4702 tns
2169 4662 2289 4701 sum
2329 4658 2497 4713 usque
2525 4643 2577 4696 in
2613 4640 2773 4693 linem
2802 4637 2869 4688 ⁷⁷.
2916 4654 2936 4688 ι
2965 4633 3167 4688 Numen
3203 4636 3448 4683 sanctum
3477 4639 3624 4678 tuum

2054 4736 2291 4801 irritavi,
2334 4734 2596 4802 Spiritum
2646 4740 2794 4783 tuum
2841 4722 3180 4785 contristavi,
3223 4719 3490 4774 mandatis
3524 4717 3630 4770 tuis

2055 4846 2159 4884 non
2184 4824 2575 4895 obtemperavi,
2602 4833 2721 4876 tuas
2750 4835 2882 4889 epes
2911 4819 3049 4871 male
3075 4812 3356 4884 dissipavi,
3382 4827 3445 4864 ac
3469 4824 3629 4878 quam

2051 4922 2183 4978 mihi
2219 4920 2438 4975 arrbatn
2489 4916 2685 4971 dedisti
2741 4914 2791 4966 in
2839 4909 3070 4964 luxnriis
3122 4901 3460 4971 consumpsi,
3499 4913 3630 4953 tent-

2051 5016 2195 5081 plum
2226 5012 2471 5081 corporis
2487 5003 2879 5071 contaminavi,
2907 5000 3223 5070 dignitatem
3247 5007 3352 5050 tuze
3380 4991 3634 5061 imaginis

2054 5104 2273 5168 violavi,
2301 5116 2464 5172 quam
2490 5116 2573 5154 me
2592 5098 2848 5152 indueras
2872 5092 3110 5147 tunicam
3135 5087 3388 5143 sordibus
3413 5081 3631 5142 lcetlavi,

2057 5197 2261 5252 vultum
2290 5209 2449 5265 quem
2486 5192 2616 5246 mihi
2642 5185 3053 5256 regeneratione
3085 5192 3432 5251 perornaras,
3468 5173 3637 5240 turpi—

2060 5276 2143 5344 ter
2169 5287 2465 5343 delortnavi
2500 5302 2514 5339 :
2564 5283 2750 5338 oculos
2786 5294 2920 5346 quos
2960 5273 3393 5327 illuminaveras,
3441 5266 3634 5317 iterum

2057 5380 2360 5445 exe-.ecavi;
2413 5377 2554 5430 labia
2601 5391 2717 5429 mea
2758 5385 2878 5439 quae
2926 5362 3392 5421 sanctiﬁcaveras,
3451 5369 3639 5408 rursus

2058 5474 2245 5544 pollui.
2303 5471 2507 5525 llorum
2556 5466 2797 5521 omnium
2825 5478 2853 5514 a
2894 5474 2980 5513 me
3014 5455 3240 5523 exigens
3274 5461 3484 5519 paruas.
3523 5444 3642 5498 fore

2065 5568 2178 5620 scio
2206 5573 2265 5618 ut
2299 5564 2499 5617 nudum
2536 5573 2622 5613 me
2653 5568 2779 5610 ante
2834 5564 2984 5607 tuum
3031 5556 3240 5603 statuas
3290 5537 3549 5604 tribunal,
3580 5552 3643 5591 ac

2188 5741 2233 5773 ⁷⁸
2266 5739 2399 5795 Luc.
2429 5751 2583 5800 mn,
2620 5733 2705 5788 lC.
2830 5727 2877 5761 ⁷³
2908 5727 3038 5781 an.
3074 5739 3128 5790 ι,
3154 5719 3246 5776 '50.
3322 5715 3369 5747 "
3391 5711 3529 5771 Luc.
3560 5735 3650 5786 vn,
