3988 6142
416 322 553 391 1110

1618 332 1680 392 S.
1714 332 2114 393 ANASTASII
2155 333 2481 395 SINAIT/E

3531 330 3672 396 11‘20

415 444 592 495 omnia
623 441 748 495 mihi
786 442 1073 495 conmissa
1101 456 1326 509 arguas;
1362 456 1460 496 nec
1490 456 1609 497 esse
1639 442 1865 511 aliquid,
1892 459 1987 498 cu-

2102 446 2241 500 )ὖδέν
2287 446 2440 498 ἐσται
2477 445 2506 498 δ
2554 461 2621 514 με
2670 443 2883 513 ποιήσει
2930 441 3240 509 διαφυγεῖν.
3289 439 3452 493 Ἀλλὰ
3501 443 3675 495 ποιῶν

415 535 501 596 jus
527 548 627 602 ope
639 531 877 600 effugere
895 531 1119 598 possim.
1144 531 1339 585 Verum
1362 534 1508 587 enim
1533 548 1653 587 cum
1671 550 1755 587 me
1768 549 1987 604 argues,

419 624 663 684 Domine,
724 641 742 673 ι
782 621 858 677 Ne
889 622 941 675 in
975 622 1157 677 furore
1200 632 1294 677 tuo
1335 639 1535 694 arguas
1588 641 1691 679 me.
1737 644 1756 677 ι
1793 624 1847 679 ld
1877 644 1905 679 a
1939 638 1992 683 te

419 716 577 782 lucri,
601 716 690 784 qui
723 715 870 770 solus
895 714 1132 769 clemens
1153 730 1216 769 ac
1240 716 1507 781 benignus
1529 726 1630 780 est,
1660 733 1985 787 consequar.

420 806 539 861 Scis
562 807 676 874 ipse
702 806 880 859 omnia
910 805 1119 860 occulta
1146 821 1287 869 utea,
1312 821 1409 873 pro
1435 805 1632 874 quibus
1653 809 1816 860 etiam
1840 823 1989 877 rogo,

420 903 479 950 ut
508 911 578 950 ne
605 910 786 950 caram
838 896 1042 965 angelis
1081 905 1136 951 et
1173 896 1481 950 hominibus
1537 897 1893 952 traducantur
1927 914 2016 954 ac.

422 988 779 1058 publicentur,
814 972 1260 1059 ad’opprobrittm
1296 1005 1495 1054 meum,
1525 1004 1588 1044 ac
1618 989 1989 1045 confusionem

420 1090 702 1134 mternam.
763 1068 773 1078 ’
1123 1068 1128 1072 ’

497 1188 517 1222 ι
557 1170 802 1233 Domine,
836 1185 902 1225 tte
925 1171 978 1225 in
1012 1170 1193 1225 furore
1224 1181 1315 1224 tuo
1347 1186 1540 1240 arguas
1571 1187 1676 1224 me.
1718 1192 1736 1224 ι
1769 1172 1824 1224 Si
1850 1169 1992 1241 peri-

425 1266 530 1319 turi
581 1265 720 1333 regis
769 1265 1007 1320 furorem
1061 1280 1219 1320 nemo
1262 1265 1531 1319 sustinere
1580 1273 1779 1333 potest,
1826 1263 1991 1317 multo

424 1356 592 1423 magis
630 1354 718 1409 Dei
753 1354 987 1408 furorem
1018 1364 1264 1409 creatura
1298 1353 1479 1422 aliqua
1506 1338 1775 1406 sustinere
1802 1353 1991 1418 possit.

427 1466 446 1498 ι
485 1445 670 1513 Neque
708 1447 758 1498 itt
804 1447 880 1499 ira
919 1455 1005 1499 ttta
1048 1447 1316 1514 corripias
1363 1459 1467 1498 me.
1506 1463 1525 1495 ο
1565 1443 1681 1497 Νοιι
1729 1444 1995 1513 deprecor

419 1539 614 1605 corripi
656 1555 671 1589 :
703 1537 901 1605 quippe
921 1538 1012 1606 qui
1043 1537 1306 1607 supplicio
1333 1537 1480 1591 omni
1508 1552 1571 1591 ac
1604 1551 1759 1605 posita
1797 1537 1994 1605 dignus

420 1629 519 1684 sim
551 1645 567 1694 ;
600 1630 693 1684 sed
744 1630 845 1685 hoc
894 1646 1047 1699 rogo,
1079 1640 1136 1683 ut
1169 1630 1494 1699 corripiens,
1535 1648 1552 1680 ι
1595 1645 1666 1683 ne
1703 1629 1754 1682 itt
1788 1628 1864 1681 ira
1904 1639 1992 1680 tua

418 1719 681 1787 corripias
710 1734 816 1772 tne.
851 1737 870 1770 ι
902 1717 1034 1772 Novi
1084 1718 1350 1772 latronem
1393 1733 1514 1772 cum
1558 1727 1762 1771 tantum
1804 1729 1994 1785 preces

2102 560 2192 613 μοι
2218 544 2308 595 τὸν
2340 541 2587 611 ἔλεγχον,
2612 539 2879 601 Δέσποτα,
2921 554 2940 588 ι
2981 536 3066 607 Μὴ
3099 535 3179 606 τῷ
3208 536 3369 605 θυμῷ
3400 552 3493 589 σου
3524 537 3673 605 sur.

2099 635 2197 706 ξῃς
2226 652 2313 703 με.
2355 653 2373 685 ι
2422 632 2594 685 Τοῦτο
2621 630 2871 700 κερδήσω
2916 628 3069 699 παρὰ
3102 627 3196 680 σοῦ
3236 627 3328 680 τοῦ
3370 628 3534 697 μόνου
3582 645 3672 697 φι-

2097 725 2440 795 λανθρώπου.
2492 719 2655 785 Οἶδας
2705 720 2865 783 αὐτὸς
2926 720 3104 772 πάντα
3154 735 3254 787 μου
3301 719 3368 771 τὰ
3421 718 3670 787 κρύφια,

2098 818 2237 887 ὑπὲρ
2272 809 2347 869 ὧν
2387 816 2480 869 καὶ
2516 814 2743 883 δέομαι,
2796 813 2872 879 μὴ
2900 809 3362 880 δημοσιευθῆναι,
3406 808 3539 878 μηδὲ
3568 825 3675 876 φα·

2098 908 2404 979 νερωθῆναι
2443 906 2587 959 αὐτὰ
2640 903 2870 957 ἐνώπιον
2916 903 3167 970 ἀγγέλων
3214 901 3308 954 καὶ
3337 900 3672 972 ἀνθρώπων,

2099 1000 2181 1061 είς
2211 996 2475 1068 αἰσχύνην
2504 998 2599 1051 καὶ
2627 995 2832 1058 ὄνειδος
2868 993 3107 1046 αἰώνιον.

2176 1200 2193 1230 ι
2226 1178 2420 1250 Κύριε,
2448 1177 2523 1246 μὴ
2550 1174 2628 1243 τῷ
2660 1170 2817 1241 θυμῷ
2849 1188 2942 1223 σου
2967 1166 3193 1239 ἐλέγξῃς
3226 1184 3314 1237 με.
3352 1185 3371 1218 ι
3401 1168 3464 1220 Ei
3498 1164 3675 1236 φθαρ-

2100 1272 2194 1326 τοῦ
2226 1269 2491 1340 βασιλέως
2521 1266 2697 1327 οὐδεὶς
2722 1263 2945 1321 δύναται
2982 1260 3155 1330 θυμὸν
3189 1261 3456 1326 ἐνεγκεῖν,
3492 1257 3676 1328 πολλῷ

2103 1363 2302 1434 μᾶλλον
2341 1358 2477 1412 θεοῦ
2513 1356 2682 1426 θυμὸν
2712 1354 2811 1422 οὐχ
2845 1353 3146 1421 ὑποστῆναι
3182 1349 3470 1419 δυνήσεται
3519 1350 3675 1402 πᾶσα

2102 1455 2299 1514 κτίσις.
2359 1469 2377 1501 ι
2431 1448 2584 1518 Μηδέ
2613 1448 2680 1516 τῇ
2711 1445 2850 1515 ὀργῇ
2895 1459 2987 1495 σου
3035 1440 3331 1511 παιδεύσῃς
3364 1457 3467 1515 με..
3508 1459 3528 1491 ι
3560 1441 3674 1493 Οὐκ

2101 1546 2238 1611 ἀξιῶ
2277 1546 2351 1613 μὴ
2384 1541 2776 1607 παιδευθῆναι·
2817 1535 2968 1600 ἄξιος
3010 1537 3120 1606 γὰρ
3151 1532 3261 1602 ἐγὼ
3292 1534 3472 1603 πάσης
3519 1534 3676 1585 κολάο

2104 1652 2240 1698 eam;
2279 1633 2374 1684 καὶ
2415 1629 2718 1700 τιμωρίας·
2756 1625 2892 1680 ἀλλὰ
2923 1622 3217 1687 παιδεύων,
3259 1643 3275 1671 t
3320 1621 3394 1691 μὴ
3437 1624 3503 1690 τῇ
3534 1621 3672 1691 ὀργῇ

2103 1744 2197 1780 σου
2261 1722 2560 1792 παιδεύσῃς
2614 1737 2699 1789 με.
2777 1737 2794 1768 ι
2857 1713 2986 1768 Οἶδα
3049 1713 3251 1785 λῃστὴν
3303 1712 3675 1781 αἰτησάμενον

418 1809 725 1872 obtulisset,
756 1809 996 1878 paradisi
1047 1808 1231 1864 statim
1279 1809 1584 1879 ingressum
1616 1809 1893 1876 accepisse
1923 1806 1992 1863 ⁷⁸.

2102 1818 2261 1888 μόνον
2283 1855 2296 1878 ,
2332 1817 2425 1868 καὶ
2455 1812 2688 1867 λαϐόντα
2720 1807 2923 1870 εὐθέως
2949 1804 3278 1875 παραδείσου
3307 1801 3404 1873 τὴν
3439 1801 3673 1854 εἴσοδον.

419 1899 548 1953 Novi
582 1900 922 1953 meretricem
945 1899 1240 1954 accessisse
1254 1916 1376 1954 cttm
1401 1899 1678 1970 lacrymis,
1705 1914 1805 1953 nec
1837 1900 1991 1952 venia

421 1987 734 2040 frustratum
765 2001 888 2043 esse
919 1989 985 2041 ".
1016 1987 1148 2042 Novi
1198 1987 1553 2042 Publicanum
1588 2004 1652 2043 ex
1689 1989 1796 2042 imo
1842 1988 1993 2057 inge-

422 2080 645 2143 muisse,
679 2088 731 2132 et
754 2078 1109 2144 ju5tilicatttm
1140 2094 1262 2134 esse
1282 2080 1350 2132 ⁸⁸³.
1388 2079 1482 2133 llis
1509 2094 1610 2149 ego
1634 2079 1995 2133 miserabilior

420 2182 561 2220 sum.
606 2167 711 2220 Nec
743 2167 886 2221 enim
920 2169 995 2221 uti
1034 2169 1112 2224 illi
1145 2169 1338 2224 habeo.
1372 2169 1506 2224 Nam
1542 2186 1644 2224 non
1676 2172 1849 2226 habeo
1876 2188 1998 2242 pru-

420 2274 616 2324 pensas
655 2258 941 2328 laeryrnas,
977 2275 1082 2313 non
1122 2274 1306 2315 veram
1343 2262 1768 2327 confessionem,
1801 2279 1905 2316 non
1938 2274 1995 2316 ut

420 2365 484 2403 ex
516 2350 677 2404 corde
707 2351 938 2420 gemitus
972 2351 1314 2419 profundam,
1370 2368 1475 2407 non
1525 2353 1795 2407 sincerum
1837 2354 1996 2422 jeju-

422 2439 592 2503 nium,
627 2456 732 2493 nutt
765 2447 1130 2509 paupertatem
1187 2442 1432 2508 spiritus,
1471 2458 1574 2496 non
1620 2444 1895 2498 assiduam
1930 2457 1996 2498 ac

420 2529 683 2582 intentam
731 2533 1058 2594 orationem,
1110 2545 1218 2585 non
1257 2532 1469 2587 servavi
1533 2532 1876 2587 dilectionem
1926 2533 1994 2588 ad

420 2620 752 2686 proximum,
783 2635 889 2674 non
919 2620 1091 2675 habeo
1118 2637 1212 2675 cor
1239 2622 1524 2687 miserans,
1559 2634 1615 2678 ut
1645 2639 1856 2679 merear
1881 2625 1996 2692 ipse

422 2714 844 2779 miserationem,
870 2728 974 2767 non
1001 2715 1171 2769 habeo
1202 2717 1781 2784 contptmctioncm,—ut
1811 2716 1993 2770 indul-

420 2805 652 2872 gentiam
694 2818 1020 2875 consequar,
1057 2821 1161 2859 non
1193 2808 1548 2863 sobrietatem
1582 2818 1674 2862 aut
1703 2809 1992 2877 puritatem

421 2895 831 2964 cogitationum.
865 2896 977 2963 Qua
1005 2896 1119 2964 jam
1152 2896 1348 2963 fronte,
1387 2915 1492 2970 qua
1529 2900 1740 2955 licentia
1785 2901 1993 2955 veniam

422 2985 741 3055 pustulzibo?
770 2984 1122 3055 Frequenter,
1161 2990 1407 3055 Doluine,
1435 3001 1683 3045 acturum
1717 3007 1801 3045 tne
1830 2993 1998 3059 paeni-

426 3077 645 3131 tentiam
677 3079 945 3147 pollicitus
976 3096 1117 3144 sutn,
1150 3084 1242 3135 sed
1274 3082 1430 3137 ﬁtielll
1475 3082 1567 3137 tibi
1595 3082 1773 3136 datam
1809 3081 1992 3137 fefelli.

425 3168 581 3243 Strpe
613 3168 666 3222 in
691 3169 920 3223 ecclesia
947 3186 1127 3225 coram
1151 3180 1202 3225 te
1222 3172 1464 3239 procido,
1493 3189 1725 3242 moxque
1753 3189 1999 3242 egressus

426 3262 479 3314 itt
506 3261 711 3316 scelera
738 3261 934 3315 incido.
957 3261 1164 3330 Str-pius
1187 3265 1287 3316 mei
1307 3264 1572 3335 misertus
1595 3281 1674 3327 es,
1697 3281 1796 3331 ego
1825 3278 2001 3319 autem

424 3353 602 3421 sprev‘t
647 3363 717 3406 te.
771 3352 926 3423 Saepe
974 3353 1209 3409 tolerans
1237 3354 1289 3409 itt
1326 3369 1411 3410 me
1454 3356 1626 3422 fuisti,
1682 3369 2004 3425 exspectans

427 3445 799 3510 ptenitentiam
839 3460 1035 3512 meam,
1089 3461 1190 3517 ego
1240 3458 1421 3502 autem
1470 3448 1842 3516 paenitentiam
1890 3464 2000 3502 non

423 3537 530 3607 egi.
557 3535 709 3604 Saepe
738 3552 824 3590 me
846 3538 1092 3602 ercxisti,
1114 3538 1337 3608 ipseque
1360 3555 1551 3596 rursus
1575 3554 1669 3607 per
1690 3539 1997 3594 socordiam

423 3627 657 3681 concidi.
687 3625 910 3692 Quoties
944 3644 1027 3683 me
1059 3630 1352 3697 exaudisti,
1399 3645 1609 3700 egoque
1641 3632 1735 3686 tibi
1782 3630 2000 3685 auscul-

428 3728 542 3771 tare
567 3718 746 3771 nolui?
766 3716 988 3783 Quoties
1016 3720 1143 3772 mihi
1171 3720 1380 3773 veniam
1406 3720 1640 3776 tribuisti
1663 3737 1678 3786 ;
1701 3735 1800 3790 ego
1822 3730 2000 3774 autem

427 3809 519 3862 tibi
546 3825 820 3876 utinquam
845 3810 1041 3865 servivi
1062 3810 1084 3863 ?
1107 3810 1330 3875 Quoties
1360 3823 1676 3879 peccantem
1710 3828 1795 3865 me
1830 3812 2002 3865 baud-

424 3917 697 3971 quaquam
742 3913 1029 3957 aversatus
1066 3902 1161 3956 es?
1213 3904 1315 3956 Sed
1355 3914 1611 3972 tanquam
1656 3915 1811 3970 pater
1841 3902 2000 3957 ulnas

424 3994 738 4060 cxpattdens
781 4012 797 4049 :
831 3993 1194 4061 Convertere,
1243 3993 1457 4062 inquis,
1493 4011 1561 4048 ne
1595 3995 1809 4050 timeas.
1855 3993 2001 4048 Cet-i-

424 4085 594 4138 disti?
639 4084 883 4153 Erigere.
932 4084 1165 4155 Fugiens
1215 4085 1403 4155 procul
1451 4086 1767 4140 recessisti?
1800 4086 1998 4139 lterum

429 4177 560 4229 redi.
600 4177 712 4230 Non
751 4189 802 4231 te
826 4192 1087 4231 aversor:
1119 4194 1224 4230 non
1261 4193 1517 4232 exsecror
1554 4194 1734 4232 meum
1770 4178 2001 4247 ﬁgmen-

426 4279 560 4324 tttm.
615 4269 730 4326 Non
781 4271 974 4337 claudo
1026 4271 1251 4324 -riscera
1296 4271 1363 4325 ad
1409 4287 1587 4325 meum
1639 4270 1830 4324 (ilium.
1884 4269 1998 4322 Non

423 4361 565 4415 enim
621 4378 840 4431 possunt
885 4378 1009 4415 eum
1058 4364 1256 4428 odisse,
1313 4378 1477 4433 quem
1522 4363 1658 4417 meis
1700 4362 1815 4430 ipse
1869 4361 1996 4415 finxi

426 4455 676 4508 manibus
703 4471 719 4519 ;

2096 1906 2229 1962 Οἶδα
2258 1908 2460 1974 πόρνην
2507 1904 2646 1973 μετὰ
2673 1900 2923 1970 δακρύων
2954 1895 3360 1965 προσελθοῦσαν
3387 1931 3401 1953 ,
3440 1893 3534 1945 καὶ
3571 1891 3674 1958 τῆς

2096 1998 2501 2067 συγχωρήσεως
2556 1993 2630 2062 μὴ
2680 1987 3080 2058 ἀποτυχοῦσαν.
3131 1980 3263 2038 Οἶδα
3307 1982 3564 2051 Τεὶώνην
3606 1984 3674 2034 ἐκ

2094 2091 2298 2162 βάθους
2350 2085 2712 2149 στενάξαντα,
2753 2082 2849 2132 καὶ
2885 2077 3269 2132 δικαιωθέντα.
3299 2075 3520 2127 Τούτων
3561 2072 3673 2139 ἐγὼ

2096 2181 2446 2251 ἀθλιώτερος.
2485 2177 2558 2229 Οὐ
2585 2175 2697 2243 γάρ
2733 2174 2848 2240 εἰμι
2872 2171 2946 2233 ὡς
2982 2168 3136 2222 αὐτοί
3158 2185 3172 2199 ο
3199 2167 3263 2220 ού
3298 2164 3406 2236 γὰρ
3433 2164 3542 2233 ἔχω
3578 2163 3673 2217 δά-

2096 2289 2264 2344 κρυον
2315 2267 2566 2329 ἐκτενὲς,
2614 2265 2716 2317 οὐκ
2761 2262 2869 2331 ἔχω
2917 2259 3308 2329 ἐξομολόγησιν
3357 2255 3569 2323 άληθῆο
3608 2255 3670 2308 οὐ

2097 2367 2373 2434 κέκτημαι
2422 2358 2725 2426 στεναγμὸν
2762 2358 2827 2408 ἐκ
2865 2353 3114 2422 καρδίας,
3148 2351 3248 2403 οὐκ
3271 2348 3379 2418 ἔχω
3409 2347 3671 2419 νηστείαν

2096 2456 2365 2527 εἰλικρινῆ
2388 2495 2401 2519 ,
2433 2452 2533 2504 οὐκ
2558 2450 2666 2518 ἔχω
2693 2445 2970 2515 πτωχείαν
3007 2441 3405 2512 πνευματικὴν,
3438 2440 3541 2491 οὐκ
3564 2438 3672 2507 ἔχω

2094 2550 2319 2619 διηνεκῆ
2360 2542 2668 2612 προσευχὴν
2692 2582 2705 2599 ,
2762 2539 2982 2606 ἀγάπην
3022 2535 3158 2607 πρὸς
3186 2534 3277 2587 τὸν
3312 2532 3543 2599 πλησίον
3571 2531 3673 2583 οὐκ

2097 2639 2377 2709 ἐφύλαξα,
2453 2631 2795 2706 συμπάθειαν
2853 2630 2953 2681 οὐκ
3014 2627 3122 2697 ἔχω
3178 2626 3267 2678 ἵνα
3324 2620 3671 2692 συμπαθείας

2097 2732 2315 2797 ἀξιωθῶ
2340 2769 2354 2789 ,
2401 2725 2694 2789 κατάνυξιν
2724 2723 2826 2775 οὐκ
2855 2719 2991 2788 ἔχω,
3034 2719 3122 2770 ἵνα
3152 2712 3523 2784 συγχωρηθῶ,
3567 2728 3673 2764 σω·

2100 2824 2374 2894 φροσύνην
2399 2820 2500 2871 οὐκ
2531 2816 2640 2885 ἔχω
2672 2813 2791 2866 οὐδὲ
2820 2810 3170 2881 καθαρότητα
3199 2804 3499 2875 λογισμῶν.
3525 2801 3673 2872 Ποίῳ

2099 2915 2289 2968 λοιπὸν
2323 2909 2632 2981 προσώπῳ,
2671 2905 2802 2973 ποίᾳ
2843 2901 3129 2973 παρρησίᾳ
3152 2899 3359 2968 αίτήσω
3387 2894 3673 2965 συγχώρη.

2101 3022 2221 3067 σιν;
2263 3001 2531 3057 Πολλάκις
2563 3015 2682 3059 σοι,
2728 2997 3001 3053 Δέσποτα,
3043 2992 3326 3062 μετανοεῖν
3368 2985 3670 3051 συνεταξά-

2109 3113 2237 3167 μην,
2288 3092 2382 3146 καὶ
2413 3087 2653 3159 ψεύστης
2677 3086 2773 3154 τῆς
2805 3081 3167 3152 ὑποσχέσεως
3204 3080 3497 3148 ἐγενόμην.
3539 3076 3674 3167 Πολ-

2104 3187 2259 3248 λάκις
2318 3186 2374 3236 ἐν
2431 3179 2699 3249 ἐκκλησίᾳ
2762 3192 2846 3228 σοι
2895 3173 3259 3243 προσπίπτω,
3315 3169 3411 3222 καὶ
3470 3166 3674 3229 εὐθέως

2103 3276 2459 3347 ἐξερχόμενος
2517 3273 2575 3322 ἐν
2628 3267 2882 3335 ἀνομίαις
2936 3263 3213 3333 ἐμπίπτω.
3282 3258 3555 3321 Πολλάκις

2102 3344 2362 3439 maia“
2405 3360 2518 3430 δτὼ
2548 3359 2607 3413 δέ
2643 3374 2703 3411 σε
2737 3355 3009 3425 ἠθέτησα·
3062 3351 3324 3413 πολλάκις
3362 3344 3672 3439 ἐμακροθιξτ

2107 3437 2289 3531 μησας
2318 3458 2398 3519 είς
2440 3452 2540 3523 ἐμὲ
2575 3448 2888 3520 περιμένων
2922 3463 3024 3516 μου
3062 3444 3162 3516 τὴν
3196 3442 3511 3512 μετάνοιαν,
3560 3437 3671 3531 ἀλλ’

2101 3528 2214 3620 ἐγῶ
2259 3549 2321 3600 οὐ
2380 3543 2705 3615 μετενόησα.
2752 3538 3022 3599 Πολλάκις
3076 3553 3147 3604 με
3194 3535 3540 3602 ἀνέστησας,
3580 3528 3672 3582 καὶ

2104 3642 2270 3698 πάλιν
2332 3636 2442 3707 ἐγὼ
2497 3634 2824 3707 ρᾳθυμήσας
2888 3629 3210 3682 κατέπεσον.
3270 3625 3517 3684 Ποσάκις
3574 3638 3672 3692 μου

2101 3736 2466 3802 εἰσήκουσας,
2512 3727 2624 3794 ἐγὼ
2660 3724 2718 3778 δέ
2763 3740 2856 3776 σου
2899 3723 3253 3789 παρήκουσας
3288 3715 3527 3777 Ποσάκις
3586 3729 3674 3783 μοι

2103 3810 2403 3891 συνέγνωςθ
2439 3818 2551 3887 ἐγὼ
2584 3818 2642 3871 δέ
2678 3834 2759 3870 σοι
2804 3814 3060 3867 οὐδέποτε
3095 3809 3480 3880 ἐθεράπευσας
3502 3806 3676 3859 [Ιοσὰ-

2100 3937 2189 3979 κις
2223 3935 2290 3987 με
2328 3913 2718 3985 ἁμαρτάνοντα
2746 3908 2845 3960 οὑκ
2872 3903 3233 3970 ἀπεστράφης
3256 3941 3272 3965 ,
3308 3898 3423 3952 ἀλλ’
3461 3897 3540 3959 ὡς
3567 3912 3670 3948 πα⁶

2102 4013 2205 4081 τὴρ
2221 4009 2321 4070 τὰς
2351 4005 2601 4074 ἀγκάλας
2646 3997 3012 4071 ἐφαπλὼσαςς
3057 3991 3483 4064 Ἑπιστράφηθι.
3517 3988 3675 4081 Eram,

2105 4080 2185 4171 pth
2217 4096 2405 4166 φοϐοῦ.
2431 4096 2702 4155 Ἕπεσεςς
2736 4090 2922 4159 Στῆθι.
2955 4087 3181 4152 Φεύγων
3208 4080 3671 4150 ἀπεμακρύνθης,

2103 4192 2267 4248 πάλιν
2292 4188 2437 4242 ἐλθέ,
2465 4187 2578 4240 Ούκ
2609 4180 3030 4250 ἀποστρέφομαί
3058 4195 3140 4235 σε.
3177 4177 3278 4228 οὐκ
3309 4173 3581 4237 ὀνειδίζω,
3611 4171 3670 4223 οὐ

2103 4282 2465 4355 βδελύσσομαι
2496 4278 2558 4331 τὸ
2598 4276 2732 4346 ἐμὸν
2764 4274 3014 4341 πλάσμα,
3056 4271 3119 4322 ού
3151 4268 3319 4321 κλείω
3350 4267 3419 4318 τὰ
3462 4263 3673 4330 σπλάγ-

2103 4394 2206 4448 χνα
2237 4375 2370 4444 πρὸς
2398 4372 2461 4425 τὸ
2490 4369 2622 4440 ἐμδν
2649 4367 2873 4426 τέκνον,
2913 4365 2974 4417 ού
3009 4362 3120 4431 γὰρ
3147 4359 3387 4428 δύναμαι
3425 4359 3670 4425 μισῆσαι,

771 4470 866 4523 pro
910 4471 1019 4523 quo
1052 4459 1318 4525 meipsunt
1372 4455 1687 4514 humiliari;
1744 4470 1842 4522 pro
1886 4469 1996 4522 quo

2102 4442 2160 4521 δν
2194 4442 2314 4526 ταῖς
2340 4462 2497 4534 χερσὶ
2537 4462 2659 4521 ταῖς
2697 4458 2859 4527 ἐμαῖς
2891 4453 3158 4506 διέπλασα
3180 4468 3193 4481 ·
3226 4451 3368 4519 ὺπέρ
3398 4442 3460 4501 οὗ
3504 4451 3673 4517 ἐμαυ-

425 4543 587 4597 etiud't
633 4544 955 4613 sanguinem
997 4562 1198 4600 meum.
1234 4549 1302 4599 At
1339 4560 1436 4614 ego
1463 4561 1765 4615 aggravans
1788 4561 1999 4612 aurem,

2103 4560 2195 4613 τὸν
2236 4553 2623 4610 ἐταπείνωσα·
2668 4548 2810 4616 ὑπὲρ
2861 4540 2923 4600 οὗ
2972 4545 3035 4597 τὸ
3088 4544 3221 4613 ἐμὸν
3269 4540 3465 4610 ἐξέχεα
3513 4534 3668 4608 αἷμα.

428 4653 529 4691 non
555 4637 773 4691 adhibui
807 4637 1073 4703 animum,
1108 4653 1207 4693 nec
1229 4654 1349 4693 sum
1369 4653 1688 4694 conversus.
1713 4636 1999 4705 Tanqu-tn

2117 4647 2259 4716 Ἐγὼ
2289 4647 2347 4700 δέ
2393 4645 2492 4713 τὴν
2533 4642 2704 4710 ἀκοὴν
2757 4637 3020 4708 βαρύνας,
3054 4636 3115 4688 οὐ
3163 4635 3506 4704 προσέσχον,
3555 4629 3671 4684 ούδέ

425 4745 556 4797 ergo
587 4730 671 4781 cui
699 4741 923 4798 cognata
958 4729 1028 4783 sit
1052 4729 1354 4784 clementia!
1381 4747 1446 4786 ac
1467 4731 1818 4800 benignitatis
1845 4732 1999 4803 abys-

2104 4737 2479 4806 ἐπεστράφην.
2523 4733 2611 4794 Ὠς
2652 4730 2894 4800 ἔμφυτον
2923 4722 3017 4780 οὖν
3060 4724 3201 4794 ἔχων
3230 4727 3328 4792 τῆς
3365 4720 3671 4791 φιλανθρωο

426 4838 542 4885 sus,
578 4837 641 4874 ac
673 4820 1106 4890 loaganimitatis
1151 4822 1394 4891 pelagus,
1433 4841 1452 4872 ι
1485 4837 1552 4876 ne
1601 4824 1653 4875 itt
1689 4823 1872 4877 furore
1913 4835 1999 4876 tuo

2103 4829 2235 4891 πίας
2261 4828 2362 4896 τὴν
2398 4824 2671 4885 ἄϐυσσον,
2724 4821 2817 4873 καὶ
2854 4820 2955 4889 τῆς
2995 4814 3380 4888 μακροθυμίας
3415 4813 3477 4866 τὸ
3508 4812 3672 4865 πέλαο

428 4929 624 4984 arguas
675 4929 783 4973 me,
835 4927 1009 4981 neque
1042 4913 1094 4965 itt
1127 4913 1208 4967 ira
1242 4924 1328 4966 tua
1360 4915 1627 4980 corripias
1660 4932 1744 4970 me
1782 4933 1795 4969 :
1847 4935 1866 4967 ι
1905 4917 1997 4970 sed

2102 4939 2231 4990 γος,
2270 4938 2289 4970 ι
2329 4917 2421 4986 Μή
2456 4932 2524 4985 με
2554 4914 2632 4984 τῷ
2670 4909 2829 4981 θυμῷ
2856 4927 2950 4963 σου
2975 4909 3202 4978 ἐλέγξῃς
3227 4947 3242 4969 ,
3272 4907 3409 4976 μηδὲ
3442 4909 3510 4975 τῇ
3537 4905 3669 4973 ὀργῇ

425 5007 603 5060 adhuc
650 5004 973 5072 longanitnis
1003 5005 1212 5059 sustine
1242 5020 1345 5059 me.
1378 5003 1456 5060 Ne
1485 5006 1594 5060 cito
1622 5017 1747 5059 ante
1785 5006 1999 5062 confes-

2102 5029 2189 5066 σου
2217 5007 2541 5078 παιδεύσῃς.
2591 5025 2611 5058 ι
2653 5002 2793 5058 Ἀλλ’
2822 5001 2903 5055 ἔτι
2940 5000 3374 5071 μακροθύμησον
3407 4998 3497 5051 ἐπ’
3527 4994 3666 5065 ἐμοί.

425 5098 659 5160 sionem,
710 5110 977 5149 accusans
1022 5110 1129 5149 non
1190 5095 1335 5151 ferre
1380 5094 1635 5162 fructum,
1679 5099 1998 5154 excideris:

2102 5103 2186 5173 Μὴ
2221 5099 2468 5170 σπεύσῃς
2521 5098 2622 5168 τῆς
2654 5096 2802 5167 ζωῆς
2833 5095 2938 5165 πρὸ
2982 5093 3177 5164 καιροῦ
3229 5092 3519 5162 ἐκθερίσαι
3567 5103 3668 5160 με’

424 5189 516 5244 sed
551 5199 809 5257 tanquam
843 5188 1017 5251 bonus
1047 5205 1111 5243 ac
1141 5190 1400 5251 clemens,
1437 5190 1583 5246 hunc
1610 5205 1827 5261 quoque
1860 5191 1992 5245 tnibi

2103 5194 2179 5264 μὴ
2212 5189 2458 5260 σπεύσῃς
2485 5187 2715 5257 ἐκκόψαι
2754 5204 2822 5257 με
2852 5185 2957 5256 πρὸ
2996 5182 3440 5252 ἐξομολογήσεως
3464 5222 3480 5244 ,
3514 5184 3675 5248 ἐγκα-

427 5298 626 5335 annum
655 5282 720 5334 ad
749 5280 1119 5350 pmttitenliattt
1177 5281 1395 5350 largire.
1427 5281 1506 5337 Ne
1537 5299 1623 5337 me
1663 5282 1841 5337 adhuc
1890 5284 1994 5336 itu-

2103 5286 2215 5340 λῶν
2266 5301 2356 5355 μοι
2406 5283 2466 5336 τὸ
2495 5283 2741 5351 ἄκαρπον
2770 5295 2784 5309 ⁸
2832 5276 2948 5330 ἀλλ’
2992 5275 3069 5339 ὡς
3114 5274 3319 5343 ἀγαθὸς
3359 5277 3455 5328 καὶ
3487 5273 3674 5343 φιλάν-

427 5381 671 5440 paratum
701 5373 960 5442 abripias,
983 5390 1046 5426 ac
1074 5390 1196 5427 cum
1232 5374 1464 5428 necdum
1493 5374 1755 5428 virtutum
1794 5375 1997 5442 lampa-

2109 5377 2349 5446 θρωπος,
2404 5372 2629 5444 χάρισαί
2680 5387 2771 5441 μοι
2817 5369 2954 5439 πρὸς
2987 5368 3279 5438 μετάνοιαν
3309 5366 3404 5420 καὶ
3430 5366 3587 5419 τοῦτο
3614 5363 3697 5437 τὸ.

427 5466 548 5517 dem
581 5469 909 5532 acceperim,
943 5474 1035 5518 aut
1068 5465 1266 5529 oleum,
1317 5481 1426 5536 quo
1476 5466 1657 5520 lumen
1708 5466 1999 5528 nutriatur,

2102 5464 2237 5529 Ξτος.
2269 5466 2361 5535 Μὴ
2409 5464 2666 5533 ἀρπάσῃς
2717 5479 2785 5532 με
2815 5462 3103 5529 ἀνέτοιμον
3145 5458 3225 5512 ἔτι
3252 5458 3405 5520 ὄντα,
3435 5458 3531 5511 καὶ
3570 5454 3668 5525 τὴν

429 5557 867 5623 praeparaveritn.
911 5556 985 5609 Ne
1023 5572 1106 5609 me
1149 5558 1427 5626 acceperis
1484 5558 1804 5611 destitutum
1857 5567 1999 5610 veste

2102 5557 2204 5609 τῶν
2231 5556 2443 5627 ἀρετῶν
2480 5555 2739 5626 λαμπάδα
2774 5555 2941 5625 μήπω
2969 5552 3226 5614 λαϐόντα,
3260 5551 3395 5623 μηδέ
3423 5562 3661 5621 προετοιο

502 5723 547 5752 ⁷³
588 5722 715 5777 Luc.
751 5740 906 5785 χχιιι.
941 5724 1026 5778 43.
1094 5722 1134 5752 "
1181 5724 1311 5780 Luc.
1344 5743 1438 5794 ιιι,
1463 5727 1554 5782 48.
1632 5729 1675 5760 ⁸ο
1706 5728 1837 5784 Luc.
1872 5745 2024 5795 mu,
2058 5730 2139 5787 Η.
