3988 6142
311 278 446 342 1121

1484 291 1769 353 ORATIO
1812 292 1891 354 ΙΝ
1928 294 2295 359 PSALMUM
2334 296 2434 361 VI.

3443 299 3583 365 1122

311 391 567 459 μάσαντα
595 389 657 446 τὸ
702 392 919 457 ἔλαιον,
951 397 1052 467 τὴν
1088 399 1298 470 τροφὴν
1322 400 1417 455 τοῦ
1454 407 1652 473 φωτός.
1686 406 1779 476 Μὴ
1811 408 1897 460 λά-

2013 411 2255 479 nnptiali,
2288 427 2389 467 nec
2426 414 2713 469 habentem
2758 413 2965 470 fructus
3017 412 3221 484 aliquid
3265 415 3410 485 quod
3449 416 3583 472 olfe-

308 483 410 554 6ῃς
442 500 511 553 με
547 484 729 555 γάμου
758 488 834 557 μὴ
865 486 1058 558 ἔχοντα
1082 488 1309 561 ἔνδυμα,
1346 495 1480 565 μηδὲ
1512 496 1649 568 πρὸς
1684 515 1890 569 καρπο-

309 576 510 647 φορίαν
540 585 936 649 προσενεγκεῖν
971 583 1054 635 σοί
1085 600 1138 638 τι
1168 585 1362 655 ἔχοντα
1386 605 1400 615 ·
1432 588 1569 643 ἀλλά
1590 592 1896 661 φιλανθρωο

310 669 582 738 πεύθητι,
632 671 775 726 ἀλλὰ
808 678 908 744 τῆς
952 677 1327 748 χρηστότητὸς
1378 697 1491 739 σου,
1519 681 1612 735 τὸν
1660 682 1894 739 πλοῦτον

310 761 608 829 ἐπίδειξον,
638 764 776 817 ἀλλὰ
802 767 1238 840 μακροθύμησον
1264 770 1345 825 ἔτι
1367 790 1475 842 ,μοι
1510 772 1551 837 ι,
1570 774 1650 846 τῷ
1676 775 1894 845 ἀμελεῖ,

308 851 388 921 τῷ
443 854 788 927 ἁμαρτωλῷ,
849 857 928 929 τῷ
978 859 1199 932 ἀσώτῳ,
1262 862 1385 936 [τῷ]
1454 865 1765 936 ἀγνώμονι,
1816 868 1896 939 τῷ

309 944 676 1016 ἀσπλάγχνῳ,
709 948 788 1019 τῷ
815 952 1180 1024 ταλαιπώρῳ,
1216 956 1296 1026 τῷ
1342 955 1551 1029 ἀναξίῳ
1581 959 1895 1033 φιλανθρω-

310 1035 473 1099 πίας,
501 1038 599 1090 καὶ
631 1040 809 1111 πάσης
835 1043 1108 1112 τιμωρίας
1135 1044 1297 1115 ἀξίῳ.

387 1146 406 1178 ι
457 1128 710 1200 Ἐλέησόν
741 1148 832 1200 με,
871 1132 1065 1203 Κύριε,
1093 1136 1176 1188 ὅτι
1203 1137 1441 1208 ἀσθενής
1475 1140 1611 1210 εἰμι.
1653 1161 1672 1192 ι
1705 1140 1897 1196 Ἀσθε-

311 1222 393 1273 νεῖ
426 1237 528 1289 μου
558 1224 591 1291 ἡ
620 1222 837 1293 γνώμη,
871 1226 1089 1281 ἀσθενεῖ
1113 1246 1216 1298 μου
1244 1231 1274 1283 6
1303 1230 1585 1301 λογισμός.
1617 1233 1897 1302 Ἐξέλιπεν

313 1310 348 1373 ἡ
392 1309 505 1379 ζωή
542 1327 668 1381 μου.
706 1332 721 1365 ι
773 1314 1055 1381 Ἐξέλιπον
1083 1320 1143 1372 ὲν
1196 1321 1521 1394 ματαιότητι
1577 1325 1635 1379 αἱ
1685 1326 1895 1398 ἡμέραι

315 1415 442 1468 μου,
479 1419 499 1452 ι
560 1403 655 1455 καὶ
698 1404 760 1456 τὸ
816 1405 972 1470 τέλος
1010 1408 1253 1476 ἐγγίζον.
1319 1412 1461 1466 Ἀλλ’
1505 1413 1755 1470 ἔκτεινόν
1803 1435 1896 1486 μοι

311 1492 491 1561 χεῖρα,
516 1491 666 1569 βυθῷ
687 1498 1070 1570 χειμαζομένῳ
1089 1501 1166 1574 τῷ
1182 1504 1294 1557 τῶν
1315 1505 1622 1575 ἁμαρτιῶν.
1648 1508 1897 1577 Ἀνοιεον

312 1583 502 1654 κάμοὶ,
532 1586 799 1649 Δέσποτα,
834 1591 932 1662 τὴν
956 1591 1126 1664 θύραν
1155 1596 1251 1649 τοῦ
1284 1597 1468 1659 ἐλέους
1499 1615 1616 1651 σου.
1648 1600 1898 1665 ’Δνοιξον

313 1676 567 1746 κρούοντι
601 1680 859 1746 ἀναξίως,
897 1684 991 1738 καὶ
1023 1686 1099 1756 μὴ
1140 1688 1360 1761 κλείσῃς
1404 1693 1576 1762 αὐτὴν
1603 1695 1699 1747 ἀπ’
1731 1693 1893 1763 ἐμοῦ.

2003 517 2142 565 rant,
2172 504 2265 557 sed
2297 504 2428 559 mihi
2461 514 2581 560 esto
2611 507 2852 562 clemens
2876 523 2937 560 ac
2970 508 3275 579 benignus;
3305 508 3399 562 sed
3431 509 3584 564 boni-

2006 592 2132 648 tatis
2163 604 2267 649 tuae
2301 596 2525 652 divitias
2552 598 2768 661 exhibe,
2802 599 2896 653 sed
2937 599 2989 652 in
3024 614 3111 653 me
3142 598 3466 670 longanimis
3489 614 3584 670 pa-

2006 684 2248 739 tientiam
2283 687 2456 741 habe:
2481 703 2589 755 me,
2616 689 2861 760 inquam,
2894 689 3182 751 incurium.
3214 700 3580 759 peecatorem,

2004 774 2366 842 luxuriosum,
2406 778 2698 845 ingratum,
2749 780 3261 846 immisericordem,
3295 781 3579 843 miserum,

2005 866 2287 935 indignum
2317 870 2603 926 clementia
2635 888 2699 929 ac
2732 873 3092 942 benignitate,
3135 886 3402 942 poenaque
3432 871 3581 926 omni

2006 974 2070 1013 ac
2101 961 2369 1030 supplicio
2391 962 2641 1034 dignum.

2082 1158 2101 1191 ι
2140 1140 2395 1197 Miserere
2424 1142 2553 1206 mei,
2581 1142 2830 1207 Domine,
2852 1142 3109 1214 quoniam
3128 1143 3381 1198 inﬁrmus
3403 1156 3542 1196 sum.
3560 1158 3578 1191 ι

2004 1231 2220 1287 Inﬁrma
2250 1243 2524 1289 esrmens
2559 1250 2678 1291 mea
2711 1253 2724 1290 :
2757 1235 2974 1289 inﬁrma
3023 1234 3182 1289 ratio.
3235 1231 3439 1288 Deiecit
3475 1232 3583 1285 viza

2006 1337 2144 1377 mea.
2185 1342 2204 1376 ι
2239 1323 2560 1380 Defecerunt
2584 1326 2637 1380 in
2672 1326 2914 1381 vanitate
2936 1326 3053 1381 dies
3085 1324 3188 1380 mei
3211 1325 3280 1389 ⁸³,
3308 1342 3328 1375 ι
3354 1323 3586 1393 ﬁnisque

2006 1432 2172 1487 ιιι-ονε
2198 1427 2302 1472 est.
2340 1416 2541 1473 Verum
2567 1418 2702 1472 mihi
2727 1433 2950 1473 manum
2977 1417 3213 1488 porrige,
3243 1418 3334 1487 qui
3367 1416 3418 1470 in
3453 1431 3584 1486 pee-

2004 1519 2248 1563 catorum
2288 1508 2558 1578 profundo
2595 1510 2769 1579 jacter
2793 1519 3140 1580 tempestate.
3175 1509 3304 1563 Mihi
3337 1523 3582 1579 quoque.

2006 1596 2254 1660 Domine,
2306 1600 2453 1666 aperi
2497 1600 2724 1667 ianuam
2777 1608 2883 1654 tuae
2931 1599 3345 1656 misericordiae.
3396 1597 3582 1666 Aperi,

2005 1705 2316 1756 quanquam
2350 1692 2566 1762 indigne
2597 1692 2856 1762 pulsanti,
2891 1707 2991 1748 nec
3020 1708 3138 1746 eam
3171 1691 3301 1745 mihi
3333 1691 3585 1744 occlusev

325 1769 453 1821 Ἐάν
475 1771 584 1841 γὰρ
604 1773 669 1827 σὺ
701 1773 942 1847 κλείσῃς,
967 1778 1053 1842 τίς
1084 1780 1323 1847 ἀνοίξεις
1367 1785 1494 1837 Ἐὰν
1525 1786 1590 1838 σὺ
1625 1784 1699 1857 μὴ
1728 1784 1900 1839 σπεύ-

2013 1782 2101 1836 ris.
2136 1781 2192 1837 Si
2225 1784 2370 1838 enim
2397 1795 2451 1839 tu
2483 1786 2769 1851 elauseris,
2794 1787 2916 1854 quis
2934 1800 3058 1841 eam
3092 1785 3308 1839 tandem
3338 1780 3584 1853 aperiet?

316 1878 451 1933 σῃς,
499 1866 583 1926 τίς
609 1864 800 1920 λοιπὸν
847 1867 1108 1939 βοηθήσει
1136 1887 1151 1935 ;
1179 1873 1353 1936 Αὐτὸς
1381 1875 1458 1938 ὡς
1511 1876 1674 1943 φύσει
1706 1877 1925 1944 φιλάνσν

316 1952 559 2024 θρωπος,
593 1956 684 2020 δὸς
728 1957 919 2029 καιρὸν
955 1963 1271 2029 μετανοίας,
1320 1964 1410 2026 δὸς
1447 1966 1789 2037 ἐπιστροφῆς
1820 1966 1901 2021 λο-

315 2047 535 2115 γισμόν.
572 2048 710 2102 Ὅσα
742 2049 811 2102 ἄν
847 2051 961 2121 ἐγὼ
1001 2056 1232 2125 ποιήσω,
1271 2056 1511 2110 ἀδύνατα
1535 2059 1633 2112 καὶ
1662 2060 1900 2113 εὐκατά-

315 2138 452 2190 λυτα
483 2138 761 2207 μένουσιν.
790 2143 885 2198 Ei:
909 2144 1011 2197 ὅσα
1040 2146 1108 2199 ἂν
1135 2148 1497 2221 ἐπιχειρήσω,
1519 2151 1780 2220 ἄπρακτα
1808 2153 1902 2207 καὶ

316 2229 488 2298 ἀτελῆ
505 2230 767 2297 γίνονται.
798 2235 891 2306 Μὴ
916 2237 1257 2309 ἀναϐάλλῃς,
1282 2240 1550 2307 Δέσποτα,
1575 2243 1674 2311 τὴν
1706 2244 1899 2315 ἀκοὴν,

320 2320 459 2374 ἀλλὰ
490 2322 679 2386 σώζων
716 2326 776 2378 τὸ
819 2328 1048 2397 πλάσμα
1081 2347 1176 2384 σου
1212 2333 1554 2402 πρόφθασον.
1592 2336 1665 2389 Σὺ
1696 2332 1860 2399 εἶπας
1882 2376 1899 2403 ,

317 2411 405 2464 ὅτι
439 2432 458 2464 ι
492 2414 568 2466 Οὐ
603 2416 873 2471 ἀδύνασθε
901 2422 1071 2489 χωρὶς
1105 2422 1241 2492 ἐμοῦ
1276 2426 1454 2477 ποιεῖν
1487 2425 1663 2479 οὐδέν.
1692 2444 1712 2476 ι
1756 2427 1901 2497 Πρό-

318 2502 456 2557 λασε
491 2508 557 2575 τῇ
605 2508 913 2581 ἐπιστροφῇ
961 2512 1063 2580 τῆς
1092 2513 1272 2583 ψυχῆς
1313 2530 1416 2584 μου
1455 2516 1555 2585 τῆς
1600 2517 1903 2587 παροδικῖκ

322 2593 469 2663 ζωῆς
510 2594 602 2647 τὸν
642 2598 854 2667 χρὸνσν.
904 2600 1039 2651 Ὑπὸ
1086 2600 1187 2670 τῆς
1233 2601 1453 2670 φύσεως
1499 2605 1900 2675 τυραιθνοῦμαι,

321 2684 429 2738 ὑπὸ
456 2686 555 2757 τῆς
597 2690 776 2758 κακῆς
821 2694 1199 2763 προαιρέσεως
1255 2695 1619 2764 ὲκϐιάζοραι,
1655 2700 1760 2751 cm),
1806 2701 1903 2768 τῆς

321 2782 567 2851 πονηρᾶς
622 2784 1012 2856 ἀναγκάζομαι
1069 2788 1391 2858 συνηθείας·
1436 2791 1520 2844 διὸ
1577 2810 1597 2842 ι
1650 2792 1903 2860 Ἐλέησόν

324 2888 419 2943 με.
442 2873 525 2926 ὃτι
552 2874 787 2946 ἀσθενής
807 2879 943 2947 εἰμι.
982 2896 1000 2929 ι
1046 2879 1404 2951 Ἑκνευρῖσας
1428 2883 1539 2952 γάρ
1564 2899 1631 2953 με
1654 2886 1681 2936 6
1711 2884 1905 2955 ἐχθρός

323 2981 466 3033 μου,
532 2966 734 3037 ἀσθενῆ
797 2970 893 3021 καὶ
948 2972 1425 3040 τεταπεινωμένον
1477 2974 1757 3043 ἐποίησεν.
1846 2976 1904 3028 ’0

2000 1872 2115 1928 Nisi
2151 1884 2207 1929 tu
2236 1874 2602 1943 festinaveris,
2634 1878 2759 1945 quis
2787 1878 3002 1930 demum
3026 1877 3131 1931 erit
3157 1874 3393 1930 auxilio?
3421 1873 3584 1927 Plane

2004 1981 2182 2020 nemo.
2235 1966 2312 2020 Tu
2364 1969 2454 2037 qui
2493 1967 2635 2023 Deus
2684 1969 2926 2023 clemens
2976 1967 3052 2023 sis
3088 1982 3151 2023 ae
3180 1966 3479 2033 benignus,
3513 1967 3583 2022 da

2004 2057 2336 2123 paenitentia:
2366 2067 2619 2126 tempus;
2652 2059 2895 2111 concede
2925 2057 3302 2111 conversionis
3329 2054 3583 2125 proposi-

2006 2155 2140 2201 tum.
2192 2148 2545 2218 Quaecunque
2592 2150 2737 2202 enim
2789 2146 2989 2207 fecero.
3028 2146 3258 2201 invalida
3307 2155 3487 2209 erunt,
3527 2154 3585 2198 et

2003 2253 2124 2307 qua!
2150 2238 2308 2293 facile
2340 2248 2693 2295 evanescant.
2722 2239 3073 2317 ancunque
3103 2236 3255 2292 fuero
3277 2249 3581 2305 aggressus,

2004 2343 2158 2384 erunt
2177 2330 2473 2386 ineﬂicacia
2495 2331 2914 2401 acimperfecta.
2939 2331 3035 2395 Ne,
3060 2326 3586 2393 Domine,exaudire

2005 2421 2247 2486 diﬁeras,
2284 2425 2379 2477 sed
2407 2424 2517 2478 cito
2543 2436 2693 2478 tuum
2717 2424 3034 2492 ﬁgmentum
3058 2422 3225 2476 salva.
3253 2419 3330 2474 Tn
3359 2420 3582 2475 dixisti:

2011 2535 2031 2568 ι
2079 2514 2210 2569 Siue
2240 2531 2325 2570 me
2362 2516 2496 2568 nihil
2532 2515 2760 2586 potestis
2793 2514 2971 2569 facere
3001 2514 3071 2568 ⁸³.
3112 2531 3133 2565 ι
3174 2512 3446 2567 I’raeverte
3480 2512 3583 2581 igi—

2007 2617 2095 2660 tur
2125 2607 2485 2661 coiwersione
2529 2606 2724 2660 anima:
2772 2620 2939 2666 mete.
2992 2613 3206 2675 tempus
3256 2601 3584 2658 transitoria

2006 2698 2129 2751 vine
2159 2714 2310 2750 mem.
2343 2696 2472 2751 Mihi
2519 2707 2711 2751 natura
2743 2696 2848 2750 vim
2885 2693 3072 2759 infert,
3121 2694 3285 2750 infert
3319 2694 3457 2747 mala
3491 2708 3586 2748 vo-

2008 2792 2222 2853 luntas,
2283 2789 2450 2845 infert
2513 2805 2680 2861 prava
2736 2789 3095 2845 consuetudo.
3165 2787 3583 2856 Quamobrem:

2011 2902 2030 2935 ι
2077 2885 2329 2939 Miserere
2353 2886 2478 2948 mei,
2498 2884 2751 2952 quoniam
2787 2882 3035 2937 inﬁrmus
3060 2897 3202 2935 sum.
3229 2900 3249 2933 ι
3284 2880 3364 2934 Me
3386 2878 3587 2950 quippe

2011 2976 2186 3029 llOsliS
2222 2990 2376 3028 meus
2409 2989 2702 3041 enervans,
2731 2973 3006 3027 inﬁrmum
3043 2971 3174 3027 fecit
3198 2986 3260 3025 ac
3290 2970 3583 3038 abiectum.

318 3056 557 3127 ἀσθενὴς
592 3059 849 3129 ἰάσασθαι
880 3062 942 3114 οὐ
986 3061 1212 3116 δύναται
1243 3063 1434 3116 ἑαυτόν
1454 3080 1467 3095 ·
1517 3067 1546 3118 ὁ
1577 3081 1903 3135 συντετριμ-

2013 3067 2112 3133 Qui
2142 3077 2223 3121 est
2254 3067 2524 3131 inﬁrmus,
2561 3065 2663 3120 sibi
2697 3060 2812 3134 ipse
2861 3064 3067 3121 mederi
3105 3079 3212 3117 non
3251 3072 3426 3132 potest
3455 3079 3468 3115 :
3493 3059 3588 3131 qui

321 3149 522 3217 μένος,
557 3149 827 3220 βοηθῆσαι
884 3154 1067 3224 ἑαυτῷ
1114 3156 1172 3207 ὲν
1220 3156 1431 3225 ἰσχύει·
1487 3157 1516 3209 6
1575 3156 1903 3222 πεπτωκὼς,

315 3240 424 3293 οὐκ
471 3241 760 3313 ἀνίστησιν
808 3245 1023 3298 ἑαυτόν.
1054 3265 1085 3311 ,ι
1134 3243 1392 3317 Ἐλέησόν
1427 3264 1525 3316 με,
1565 3246 1773 3317 Κύριε,
1823 3249 1906 3301 ὅτι

317 3333 553 3404 ἀσθενής
581 3336 715 3404 εἰμι.
752 3356 770 3387 ι
822 3337 881 3390 '0
909 3337 1155 3391 ἀσθενῶν
1180 3339 1244 3392 οὐ
1287 3338 1514 3393 δύναται
1538 3340 1903 3410 ἐργάσασθαι·

316 3427 351 3478 ὁ
400 3427 626 3496 κάμνων
685 3430 867 3499 πάσης
935 3431 1220 3501 ἐνεργείας
1274 3433 1625 3504 ἀπείργεται.
1662 3452 1681 3485 ι
1725 3434 1907 3488 Ἴασαί

321 3533 418 3586 με,
457 3517 650 3588 Κύριε,
684 3521 766 3573 ὅτι
798 3521 1072 3594 ἐταράχθη
1106 3524 1175 3577 τὰ
1203 3525 1340 3578 ὀστᾶ
1362 3541 1487 3593 μου.
1538 3544 1555 3573 ι
1599 3524 1905 3597 Ἐταράχθη

322 3609 420 3660 καὶ
450 3611 742 3681 συνετρίϐη
775 3629 879 3681 μου
912 3614 981 3666 τὰ
1006 3613 1143 3667 ὀστᾶ
1173 3614 1274 3685 τῆς
1300 3616 1484 3685 ψυχῆς
1503 3633 1516 3649 ο
1546 3617 1576 3670 6
1595 3615 1654 3669 δὲ
1682 3617 1753 3671 τὰ
1776 3619 1911 3672 ὀστᾶ

320 3697 466 3768 ἔχων
523 3703 982 3772 συντετριμμένα,
1029 3704 1093 3757 οὑ
1137 3704 1364 3759 δύναται
1416 3706 1658 3771 ἀναστὰς
1716 3709 1910 3779 ἐπιζη-

319 3790 492 3859 τῆσαι
551 3794 764 3864 ἰατρόν·
816 3795 879 3848 οὐ
927 3794 1151 3850 δύναται
1192 3796 1448 3867 δραμεῖν,
1505 3801 1602 3853 καὶ
1643 3800 1908 3871 ρυσθῆναι

322 3880 439 3933 τῶν
476 3882 710 3954 ἐχθρῶν.
763 3886 989 3953 Λοιπὸν,
1043 3906 1063 3941 ι
1106 3888 1181 3942 Σὺ
1231 3890 1490 3960 ζήτησον,
1542 3892 1821 3959 Δέσποτα,
1882 3898 1912 3949 6

324 3974 505 4029 ὲλθὼν
535 3977 766 4050 ζητῆσαι
802 3981 901 4036 καὶ
926 3981 1100 4037 σῶσαι
1146 3984 1207 4037 τὸ
1238 3986 1540 4050 ἀπολωλός.
1585 4007 1606 4038 ι
1643 3989 1717 4043 Σὺ
1748 3990 1910 4043 πάλιν

324 4068 453 4121 ἐλθὲ
500 4070 639 4140 πρὸς
689 4072 792 4140 ἐμὲ
822 4073 916 4127 τὸν
967 4077 1343 4145 περιπεσόντα
1390 4081 1641 4149 λῃσταῖς,
1673 4082 1768 4133 καὶ
1812 4083 1912 4151 οὐχ

324 4159 609 4231 ἡμιθανῆ,
660 4163 799 4218 ἀλλὰ
830 4166 1025 4235 νεκρὸν
1052 4168 1176 4222 ὅλον
1226 4174 1613 4238 πεποιηκόσιν.
1668 4190 1688 4224 ι
1731 4173 1913 4227 Ἵασαί

329 4268 425 4320 με,
466 4252 660 4325 Κύριε,
697 4257 793 4310 καὶ
826 4257 1142 4328 ίαθήσομαι.
1175 4279 1195 4312 ι
1235 4261 1419 4315 Ἴασαί
1452 4279 1543 4332 με,
1573 4264 1656 4318 ὅτι
1689 4265 1718 4317 6
1746 4281 1915 4338 πονη-

330 4344 427 4413 ρὸς
454 4343 581 4414 ὄφις
631 4347 835 4419 ἀσθενῆ
867 4366 934 4418 με
963 4349 1239 4421 διέθηκεν.
1278 4353 1339 4406 Ὀ
1366 4353 1603 4424 ἀσθενὴς
1636 4356 1773 4419 ὅλως
1811 4356 1909 4428 ιρ-

2010 3161 2283 3215 contritus
2305 3168 2408 3222 ειμι,
2443 3174 2548 3212 non
2572 3158 2714 3213 valet.
2733 3158 2839 3212 sibi
2867 3171 3023 3226 opem
3053 3155 3195 3212 ferre
3218 3203 3222 3207 .
3250 3156 3339 3224 qui
3368 3152 3586 3218 cecidit,

2011 3268 2117 3305 nun
2154 3253 2267 3318 ipse
2296 3266 2354 3305 se
2399 3251 2562 3319 etigil
2598 3267 2612 3305 :
2649 3268 2669 3302 ι
2712 3249 2976 3305 Miserere
3008 3248 3134 3313 mei,
3173 3248 3422 3309 Domine,
3454 3259 3591 3315 quo-

2011 3340 2157 3393 niam
2191 3340 2441 3392 inﬂrmns
2475 3354 2619 3394 sum.
2659 3355 2681 3391 ι
2714 3337 2818 3404 Qui
2850 3345 2934 3391 est
2967 3335 3241 3399 inﬁrmus,
3281 3349 3388 3387 non
3413 3338 3590 3402 potest

2008 3430 2222 3500 aperari
2260 3448 2274 3485 :
2307 3431 2398 3500 qui
2430 3444 2575 3500 aeger
2594 3439 2701 3495 est,
2730 3430 2799 3484 ab
2824 3428 2973 3483 omni
3006 3425 3328 3498 prohibetur
3349 3424 3587 3477 actione.

2016 3542 2034 3573 ι
2077 3522 2219 3577 Sana
2273 3537 2379 3585 me,
2435 3521 2677 3583 nomine,
2731 3520 2986 3589 quoniam
3027 3517 3239 3572 turbata
3296 3522 3422 3569 sunt
3465 3527 3588 3567 ossa

2011 3629 2152 3669 mea.
2191 3631 2211 3664 ι
2253 3613 2487 3667 Turbata
2514 3621 2644 3668 sunt
2665 3626 2729 3667 ac
2757 3612 2994 3667 contrita
3024 3622 3159 3664 mea:
3191 3607 3387 3661 anima:
3414 3618 3537 3659 ossa
3570 3622 3584 3659 :

1998 3703 2162 3774 atqui
2190 3704 2397 3758 habens
2419 3704 2653 3757 contrita
2687 3717 2835 3768 ossa,
2870 3715 2977 3756 non
3003 3708 3182 3767 potest
3210 3712 3441 3767 surgens
3470 3712 3587 3750 me-

2010 3795 2192 3847 dicunt
2250 3807 2492 3859 qua-rere
2525 3811 2539 3845 :
2577 3808 2683 3845 non
2745 3800 2920 3860 potest
2976 3804 3236 3852 currere,
3285 3802 3347 3842 ac
3401 3788 3589 3841 hostes

2010 3886 2269 3954 eﬁ‘ugea'v.
2304 3886 2455 3951 Quod
2484 3894 2757 3953 superest,
2787 3902 2807 3935 ι
2836 3884 2919 3938 Tu
2952 3898 3057 3948 me,
3085 3883 3332 3947 Damius,
3352 3897 3587 3953 quaeras,

2011 3978 2102 4047 qui
2155 3977 2352 4030 venisti
2417 3991 2688 4044 quaerere,
2721 3990 2785 4029 ac
2835 3975 3044 4030 salvum
3090 3975 3273 4031 facere
3315 3974 3459 4043 quod
3496 3989 3591 4043 pe-

2015 4070 2181 4122 rierat
2212 4068 2280 4123 ⁸³.
2315 4088 2333 4121 ι
2366 4068 2444 4122 Tu
2477 4068 2675 4122 iterum
2725 4067 2791 4122 ad
2824 4081 2911 4122 me
2946 4067 3175 4132 accede,
3217 4068 3307 4137 qui
3343 4068 3392 4121 in
3419 4067 3589 4121 latro-

2015 4177 2111 4217 nes
2150 4160 2435 4215 inciderint
2472 4161 2557 4225 ";
2589 4176 2617 4214 a
2648 4159 2868 4229 quibus,
2914 4175 3019 4214 non
3049 4160 3458 4219 semimortuus.
3494 4157 3591 4214 sed

2016 4267 2262 4310 mortuus
2292 4263 2442 4309 totus
2470 4254 2715 4308 redditus
2737 4251 2866 4306 sint.
2905 4268 2924 4302 ι
2957 4250 3099 4305 Sana
3126 4266 3230 4315 me,
3257 4249 3506 4311 Domine,
3537 4258 3593 4302 et

2014 4349 2254 4402 sanaltor
2285 4346 2355 4402 ⁸³.
2397 4365 2417 4398 ι
2455 4345 2596 4399 Sana
2634 4359 2739 4409 me,
2769 4343 2896 4413 quia
2930 4357 3018 4398 me
3047 4342 3223 4397 malus
3250 4341 3337 4395 ille
3368 4355 3605 4417 serpens.

328 4437 527 4506 ριπται
557 4438 794 4509 πτῶμα,
825 4439 947 4504 ὅλος
994 4442 1190 4513 ἀργεῖ.
1253 4444 1416 4510 μόνον
1460 4449 1529 4517 τῇ
1575 4450 1728 4519 φωνῇ
1759 4449 1904 4503 καλεῖ

2016 4438 2290 4493 inﬁrmum
2327 4437 2472 4492 iecit.
2501 4436 2605 4504 Qui
2639 4445 2723 4491 est
2752 4436 3023 4499 inﬁrmus,
3052 4442 3199 4489 totus
3224 4433 3468 4510 abiectus
3511 4441 3595 4489 est

324 4524 424 4576 τὸν
464 4526 667 4596 ἰατρὸν,
703 4527 868 4597 μόνον
898 4529 1017 4602 βοᾷ,
1048 4532 1143 4586 καὶ
1173 4533 1264 4586 τὸν
1290 4536 1556 4605 ῥυόμενον
1586 4537 1760 4608 ζητεῖ.
1797 4539 1912 4595 Μό-

325 4629 422 4666 νον
444 4615 571 4679 τοὺς
596 4616 909 4688 ὀφθαλμοὺς
932 4620 1099 4691 αἴρει,
1123 4624 1216 4677 καὶ
1248 4624 1380 4679 πότε
1402 4625 1523 4697 ἥξει
1545 4632 1908 4699 περισκοπεῖ,

328 4704 428 4757 καὶ
480 4707 837 4778 ἐπισκέψεται
905 4711 1071 4766 αὐτὸν
1134 4716 1163 4768 6
1225 4718 1353 4780 τοὺς
1411 4722 1913 4792 συντετριμμένους

327 4795 639 4864 δεσμεύων,
684 4802 778 4854 καὶ
825 4795 1070 4872 ἀνορθῶν
1112 4807 1239 4870 τοὺς
1274 4812 1784 4883 κατερῤαγμένους,
1818 4816 1914 4868 καὶ

331 4885 523 4951 σώζων
552 4892 679 4954 τοὺς
706 4896 1219 4966 κατεγνωσμένους.

411 5079 429 5111 ι
467 5063 648 5117 Ἴασαί
684 5084 775 5136 με,
823 5068 1021 5140 Κύριε,
1057 5070 1140 5124 ὅτι
1188 5074 1468 5147 ἐταράχθη
1503 5076 1569 5130 τὰ
1597 5078 1733 5133 ὀστᾶ
1776 5096 1911 5149 μουο

332 5157 431 5211 καὶ
482 5159 516 5228 ἡ
562 5157 709 5232 ψυχή
772 5179 877 5232 μου
929 5166 1210 5238 ἐταράχθη
1264 5171 1495 5240 σφόδρα.
1536 5191 1555 5223 ι
1592 5173 1915 5242 Σωματικὸς

333 5250 455 5319 ἅμα
500 5250 597 5305 καὶ
626 5252 859 5324 ψυχικὸς
901 5257 1171 5312 κατέλαϐέ
1224 5278 1293 5331 με
1324 5263 1586 5334 τάραχος,
1631 5266 1911 5331 Δέσποτα,

332 5341 418 5396 δτι
482 5348 769 5414 σαρκικοῖς
820 5348 917 5400 καὶ
965 5348 1219 5420 ψυχικοῖς
1275 5356 1608 5426 περιέπεσον
1660 5358 1914 5413 πάθεσιν.

2018 4530 2191 4583 instar
2223 4528 2530 4594 cadaveris,
2565 4538 2648 4583 est
2676 4536 2820 4581 totus
2850 4526 2995 4580 iners
3027 4542 3042 4580 :
3076 4535 3287 4580 tantum
3318 4540 3413 4580 ore
3439 4534 3596 4580 vocat

2018 4622 2309 4686 medicum,
2346 4630 2555 4675 tantum
2600 4620 2820 4681 clamat,
2857 4634 2921 4674 ae
2949 4618 3146 4687 (Interit
3184 4632 3305 4672 eum
3334 4617 3426 4688 qui
3457 4616 3596 4671 libeo
3630 4658 3633 4665 .

2020 4723 2121 4769 ret.
2153 4713 2265 4768 Hoc
2295 4727 2462 4768 unum
2481 4711 2759 4779 reliquum
2787 4710 2970 4774 habet,
3003 4720 3060 4761 ut
3088 4709 3275 4764 oculos
3326 4708 3500 4772 tollat,
3530 4724 3596 4762 ac

2018 4804 2444 4875 circumspiciat,
2469 4804 2686 4874 quando
2703 4803 2747 4859 is
2774 4811 3035 4858 venturus
3059 4803 3130 4856 sit
3146 4816 3208 4856 ac
3230 4802 3595 4869 inspecturus,

2018 4901 2111 4970 qui
2146 4919 2165 4952 ι
2198 4900 2421 4970 colligat
2477 4897 2746 4953 contritos
2794 4897 2862 4961 ⁸⁸,
2912 4912 2978 4952 ac
3023 4896 3187 4952 elisos
3238 4894 3398 4965 erigit
3439 4892 3487 4925 ⁸⁷
3518 4911 3534 4948 :
3570 4910 3591 4946 ι

2019 5006 2223 5060 eosque
2248 4991 2442 5056 salvat,
2470 5005 2701 5060 quorum
2735 4989 2925 5045 salutis
2958 5003 3082 5058 spes
3111 4988 3257 5043 nulla
3285 4995 3420 5042 erat.

2102 5103 2122 5137 ι
2170 5085 2316 5140 Sana
2344 5098 2450 5148 me,
2498 5081 2744 5145 Domine,
2794 5081 3049 5151 quoniam
3099 5073 3417 5134 conturbata
3470 5087 3598 5134 sunt

2021 5192 2143 5233 ossa
2184 5190 2336 5240 mea;
2368 5183 2424 5229 et
2454 5175 2635 5228 anima
2668 5188 2786 5226 mea
2822 5175 3041 5226 turbata
3074 5182 3157 5226 est
3188 5171 3361 5226 valde.
3400 5187 3420 5221 ι
3461 5169 3598 5224 Cor-

2022 5270 2171 5341 poris
2201 5268 2364 5326 simul
2394 5277 2449 5322 et
2478 5266 2675 5322 anima
2704 5266 2943 5319 turbatio
2977 5264 3174 5317 invasit
3210 5278 3315 5326 me,
3344 5260 3598 5324 Domine,

2019 5359 2220 5430 quippe
2247 5358 2340 5428 qui
2366 5357 2420 5412 in
2447 5357 2629 5412 carnis
2660 5370 2724 5410 ac
2765 5353 2932 5407 animi
2965 5350 3250 5421 passiones
3277 5366 3341 5405 ac
3376 5349 3598 5405 morbos

487 5456 630 5542 Ρῗθλ
664 5475 873 5542 “nit,
895 5464 985 5519 '55.
1063 5467 1108 5500 υ
1131 5467 1287 5525 Joan.
1315 5487 1403 5539 xv,
1431 5473 1485 5528 5.
1541 5468 1588 5502 ⁸⁸
1608 5466 1900 5533 ιιιιο.τιι,1

2013 5469 2052 5502 ³⁵
2075 5470 2374 5542 l.uc.x,30.
2423 5474 2468 5507 "
2497 5471 2698 5529 Jerem.
2729 5483 2865 5537 xvu,
2902 5469 2991 5523 u.
3059 5466 3105 5500 ⁸⁴⁵
3137 5464 3282 5522 Psal.
3321 5477 3506 5531 eam,
3534 5461 3593 5518 ὃ.

336 5525 383 5560 ’⁷
417 5527 561 5582 l’sal.
589 5544 772 5596 cxuv,
805 5534 892 5589 H.

1635 5655 1868 5710 VARI/IS
1919 5654 2322 5710 LECTIUNES.

410 5708 426 5743 ⁸
462 5709 586 5781 Leg.
622 5713 715 5767 ἐπί
744 5732 855 5784 μοι.
