  <div class='ocr_page' id='page_1' title='image "/cluster/home/n/w/nwhite01/storage/ocr_20150623/89/mdp.39015008868328/589.png"; bbox 0 0 3988 6142; ppageno 0'>
   <div class='ocr_carea' id='block_1_1' title="bbox 441 274 577 335">
    <p class='ocr_par' dir='ltr' id='par_1_1' title="bbox 441 274 577 335">
     <span class='ocr_line' id='line_1_1' title="bbox 441 274 577 335; baseline 0.007 -1"><span class='ocrx_word' id='word_1_1' title='bbox 441 274 577 335; x_wconf 74' lang='grc'><strong>1123</strong></span> 
     </span>
    </p>
   </div>
   <div class='ocr_carea' id='block_1_2' title="bbox 435 475 2024 544">
    <p class='ocr_par' dir='ltr' id='par_1_2' title="bbox 435 475 2024 544">
     <span class='ocr_line' id='line_1_2' title="bbox 435 475 2024 544; baseline 0.001 -15"><span class='ocrx_word' id='word_1_2' title='bbox 435 491 555 530; x_wconf 83' lang='lat' dir='ltr'><strong>mea</strong></span> <span class='ocrx_word' id='word_1_3' title='bbox 588 493 601 529; x_wconf 91' lang='lat'><strong>:</strong></span> <span class='ocrx_word' id='word_1_4' title='bbox 642 495 661 528; x_wconf 74' lang='grc' dir='ltr'><strong>ι</strong></span> <span class='ocrx_word' id='word_1_5' title='bbox 702 491 821 544; x_wconf 66' lang='lat' dir='ltr'><strong>qua:</strong></span> <span class='ocrx_word' id='word_1_6' title='bbox 859 475 1118 530; x_wconf 86' lang='lat' dir='ltr'><strong>nimirum</strong></span> <span class='ocrx_word' id='word_1_7' title='bbox 1160 478 1443 531; x_wconf 89' lang='lat' dir='ltr'><strong>continent</strong></span> <span class='ocrx_word' id='word_1_8' title='bbox 1486 491 1550 529; x_wconf 88' lang='lat' dir='ltr'><strong>ac</strong></span> <span class='ocrx_word' id='word_1_9' title='bbox 1578 477 1891 544; x_wconf 78' lang='lat' dir='ltr'><strong>astringunt</strong></span> <span class='ocrx_word' id='word_1_10' title='bbox 1941 478 2024 531; x_wconf 81' lang='lat' dir='ltr'><strong>in-</strong></span> 
     </span>
    </p>
   </div>
   <div class='ocr_carea' id='block_1_3' title="bbox 433 568 2025 635">
    <p class='ocr_par' dir='ltr' id='par_1_3' title="bbox 433 568 2025 635">
     <span class='ocr_line' id='line_1_3' title="bbox 433 568 2025 635; baseline 0.002 -14"><span class='ocrx_word' id='word_1_11' title='bbox 433 568 692 622; x_wconf 88' lang='lat' dir='ltr'><strong>teriorem</strong></span> <span class='ocrx_word' id='word_1_12' title='bbox 721 583 898 623; x_wconf 90' lang='lat' dir='ltr'><strong>meum</strong></span> <span class='ocrx_word' id='word_1_13' title='bbox 929 568 1228 623; x_wconf 84' lang='lat' dir='ltr'><strong>hominem.</strong></span> <span class='ocrx_word' id='word_1_14' title='bbox 1260 568 1517 635; x_wconf 67' lang='lat' dir='ltr'><strong>Quaenam</strong></span> <span class='ocrx_word' id='word_1_15' title='bbox 1561 584 1691 624; x_wconf 89' lang='lat' dir='ltr'><strong>vero</strong></span> <span class='ocrx_word' id='word_1_16' title='bbox 1733 569 1867 624; x_wconf 75' lang='lat' dir='ltr'><strong>illa?</strong></span> <span class='ocrx_word' id='word_1_17' title='bbox 1910 569 2025 626; x_wconf 89' lang='lat' dir='ltr'><strong>Uti-</strong></span> 
     </span>
    </p>
   </div>
   <div class='ocr_carea' id='block_1_4' title="bbox 436 659 2017 731">
    <p class='ocr_par' dir='ltr' id='par_1_4' title="bbox 436 659 2017 731">
     <span class='ocr_line' id='line_1_4' title="bbox 436 659 2017 731; baseline 0.001 -19"><span class='ocrx_word' id='word_1_18' title='bbox 436 676 542 723; x_wconf 84' lang='lat' dir='ltr'><strong>que</strong></span> <span class='ocrx_word' id='word_1_19' title='bbox 581 659 733 723; x_wconf 78' lang='lat' dir='ltr'><strong>ﬁdes,</strong></span> <span class='ocrx_word' id='word_1_20' title='bbox 786 661 1092 728; x_wconf 74' lang='lat' dir='ltr'><strong>prudentia,</strong></span> <span class='ocrx_word' id='word_1_21' title='bbox 1129 677 1272 731; x_wconf 84' lang='lat' dir='ltr'><strong>spes,</strong></span> <span class='ocrx_word' id='word_1_22' title='bbox 1327 662 1588 726; x_wconf 86' lang='lat' dir='ltr'><strong>charitas,</strong></span> <span class='ocrx_word' id='word_1_23' title='bbox 1639 660 2017 730; x_wconf 81' lang='lat' dir='ltr'><strong>temperantia,</strong></span> 
     </span>
    </p>
   </div>
   <div class='ocr_carea' id='block_1_5' title="bbox 437 751 2017 820">
    <p class='ocr_par' dir='ltr' id='par_1_5' title="bbox 437 751 2017 820">
     <span class='ocr_line' id='line_1_5' title="bbox 437 751 2017 820; baseline 0.001 -16"><span class='ocrx_word' id='word_1_24' title='bbox 437 751 796 815; x_wconf 69' lang='lat' dir='ltr'><strong>continentia,</strong></span> <span class='ocrx_word' id='word_1_25' title='bbox 816 751 1053 820; x_wconf 88' lang='lat' dir='ltr'><strong>justitia,</strong></span> <span class='ocrx_word' id='word_1_26' title='bbox 1079 752 1274 820; x_wconf 86' lang='lat' dir='ltr'><strong>pietas,</strong></span> <span class='ocrx_word' id='word_1_27' title='bbox 1302 752 1689 815; x_wconf 86' lang='lat' dir='ltr'><strong>mansuetudo,</strong></span> <span class='ocrx_word' id='word_1_28' title='bbox 1720 752 2017 808; x_wconf 84' lang='lat' dir='ltr'><strong>humilitas.</strong></span> 
     </span>
    </p>
   </div>
   <div class='ocr_carea' id='block_1_6' title="bbox 434 842 2019 899">
    <p class='ocr_par' dir='ltr' id='par_1_6' title="bbox 434 842 2019 899">
     <span class='ocr_line' id='line_1_6' title="bbox 434 842 2019 899; baseline 0.003 -6"><span class='ocrx_word' id='word_1_29' title='bbox 434 842 568 894; x_wconf 42' lang='lat' dir='ltr'><strong>Ossa</strong></span> <span class='ocrx_word' id='word_1_30' title='bbox 600 842 710 896; x_wconf 70' lang='lat' dir='ltr'><strong>lucc</strong></span> <span class='ocrx_word' id='word_1_31' title='bbox 740 842 791 894; x_wconf 91' lang='lat' dir='ltr'><strong>in</strong></span> <span class='ocrx_word' id='word_1_32' title='bbox 816 858 900 896; x_wconf 92' lang='lat' dir='ltr'><strong>me</strong></span> <span class='ocrx_word' id='word_1_33' title='bbox 926 844 1162 897; x_wconf 89' lang='lat' dir='ltr'><strong>contrita</strong></span> <span class='ocrx_word' id='word_1_34' title='bbox 1199 854 1326 899; x_wconf 89' lang='lat' dir='ltr'><strong>sunt</strong></span> <span class='ocrx_word' id='word_1_35' title='bbox 1355 863 1368 899; x_wconf 87' lang='lat'><strong>:</strong></span> <span class='ocrx_word' id='word_1_36' title='bbox 1398 860 1556 899; x_wconf 87' lang='lat' dir='ltr'><strong>secus</strong></span> <span class='ocrx_word' id='word_1_37' title='bbox 1585 855 1766 899; x_wconf 90' lang='lat' dir='ltr'><strong>autem</strong></span> <span class='ocrx_word' id='word_1_38' title='bbox 1794 853 2019 899; x_wconf 88' lang='lat' dir='ltr'><strong>saneto-</strong></span> 
     </span>
    </p>
   </div>
   <div class='ocr_carea' id='block_1_7' title="bbox 432 933 2019 1006">
    <p class='ocr_par' dir='ltr' id='par_1_7' title="bbox 432 933 2019 1006">
     <span class='ocr_line' id='line_1_7' title="bbox 432 933 2019 1006; baseline 0.002 -21"><span class='ocrx_word' id='word_1_39' title='bbox 432 947 551 986; x_wconf 87' lang='lat' dir='ltr'><strong>rum</strong></span> <span class='ocrx_word' id='word_1_40' title='bbox 584 948 729 987; x_wconf 84' lang='lat' dir='ltr'><strong>ossa.</strong></span> <span class='ocrx_word' id='word_1_41' title='bbox 765 933 903 1000; x_wconf 84' lang='lat' dir='ltr'><strong>Quid</strong></span> <span class='ocrx_word' id='word_1_42' title='bbox 948 934 1094 990; x_wconf 90' lang='lat' dir='ltr'><strong>enim</strong></span> <span class='ocrx_word' id='word_1_43' title='bbox 1127 936 1173 990; x_wconf 91' lang='lat' dir='ltr'><strong>is</strong></span> <span class='ocrx_word' id='word_1_44' title='bbox 1207 936 1320 1003; x_wconf 87' lang='lat' dir='ltr'><strong>ipse</strong></span> <span class='ocrx_word' id='word_1_45' title='bbox 1352 934 1625 1006; x_wconf 80' lang='lat' dir='ltr'><strong>Propheta</strong></span> <span class='ocrx_word' id='word_1_46' title='bbox 1663 937 1730 992; x_wconf 92' lang='lat' dir='ltr'><strong>de</strong></span> <span class='ocrx_word' id='word_1_47' title='bbox 1752 936 1861 992; x_wconf 86' lang='lat' dir='ltr'><strong>illis</strong></span> <span class='ocrx_word' id='word_1_48' title='bbox 1889 936 1965 990; x_wconf 84' lang='lat' dir='ltr'><strong>ait</strong></span> <span class='ocrx_word' id='word_1_49' title='bbox 1988 937 2019 988; x_wconf 73' lang='grc' dir='ltr'><em>Ρ</em></span> 
     </span>
    </p>
   </div>
   <div class='ocr_carea' id='block_1_8' title="bbox 442 1022 2019 1083">
    <p class='ocr_par' dir='ltr' id='par_1_8' title="bbox 442 1022 2019 1083">
     <span class='ocr_line' id='line_1_8' title="bbox 442 1022 2019 1083; baseline 0.006 -9"><span class='ocrx_word' id='word_1_50' title='bbox 442 1043 460 1074; x_wconf 72' lang='grc' dir='ltr'><strong>ι</strong></span> <span class='ocrx_word' id='word_1_51' title='bbox 504 1022 754 1078; x_wconf 82' lang='lat' dir='ltr'><strong>Custodit</strong></span> <span class='ocrx_word' id='word_1_52' title='bbox 785 1025 1048 1081; x_wconf 87' lang='lat' dir='ltr'><strong>Dominus</strong></span> <span class='ocrx_word' id='word_1_53' title='bbox 1091 1027 1272 1081; x_wconf 85' lang='lat' dir='ltr'><strong>omnia</strong></span> <span class='ocrx_word' id='word_1_54' title='bbox 1315 1042 1436 1082; x_wconf 90' lang='lat' dir='ltr'><strong>ossa</strong></span> <span class='ocrx_word' id='word_1_55' title='bbox 1483 1043 1670 1082; x_wconf 89' lang='lat' dir='ltr'><strong>eorum</strong></span> <span class='ocrx_word' id='word_1_56' title='bbox 1707 1045 1721 1081; x_wconf 91' lang='lat'><strong>:</strong></span> <span class='ocrx_word' id='word_1_57' title='bbox 1758 1044 1925 1082; x_wconf 91' lang='lat' dir='ltr'><strong>unum</strong></span> <span class='ocrx_word' id='word_1_58' title='bbox 1952 1043 2019 1083; x_wconf 86' lang='lat' dir='ltr'><strong>ex</strong></span> 
     </span>
    </p>
   </div>
   <div class='ocr_carea' id='block_1_9' title="bbox 436 1116 2018 1189">
    <p class='ocr_par' dir='ltr' id='par_1_9' title="bbox 436 1116 2018 1189">
     <span class='ocr_line' id='line_1_9' title="bbox 436 1116 2018 1189; baseline 0.004 -21"><span class='ocrx_word' id='word_1_59' title='bbox 436 1116 521 1171; x_wconf 85' lang='lat' dir='ltr'><strong>his</strong></span> <span class='ocrx_word' id='word_1_60' title='bbox 562 1130 667 1170; x_wconf 91' lang='lat' dir='ltr'><strong>non</strong></span> <span class='ocrx_word' id='word_1_61' title='bbox 718 1127 1056 1173; x_wconf 89' lang='lat' dir='ltr'><strong>conteretur.</strong></span> <span class='ocrx_word' id='word_1_62' title='bbox 1085 1135 1160 1171; x_wconf 72' lang='grc' dir='ltr'><strong>»σε</strong></span> <span class='ocrx_word' id='word_1_63' title='bbox 1180 1119 1320 1174; x_wconf 84' lang='lat' dir='ltr'><strong>Sana</strong></span> <span class='ocrx_word' id='word_1_64' title='bbox 1338 1131 1452 1184; x_wconf 91' lang='lat' dir='ltr'><strong>me,</strong></span> <span class='ocrx_word' id='word_1_65' title='bbox 1479 1120 1726 1185; x_wconf 83' lang='lat' dir='ltr'><strong>Domine,</strong></span> <span class='ocrx_word' id='word_1_66' title='bbox 1759 1121 2018 1189; x_wconf 90' lang='lat' dir='ltr'><strong>quoniam</strong></span> 
     </span>
    </p>
   </div>
   <div class='ocr_carea' id='block_1_10' title="bbox 435 1207 2012 1267">
    <p class='ocr_par' dir='ltr' id='par_1_10' title="bbox 435 1207 2012 1267">
     <span class='ocr_line' id='line_1_10' title="bbox 435 1207 2012 1267; baseline 0.002 -6"><span class='ocrx_word' id='word_1_67' title='bbox 435 1207 651 1265; x_wconf 89' lang='lat' dir='ltr'><strong>turbata</strong></span> <span class='ocrx_word' id='word_1_68' title='bbox 675 1216 802 1263; x_wconf 85' lang='lat' dir='ltr'><strong>sunt</strong></span> <span class='ocrx_word' id='word_1_69' title='bbox 825 1223 948 1264; x_wconf 89' lang='lat' dir='ltr'><strong>ossa</strong></span> <span class='ocrx_word' id='word_1_70' title='bbox 970 1225 1084 1263; x_wconf 87' lang='lat' dir='ltr'><strong>mea</strong></span> <span class='ocrx_word' id='word_1_71' title='bbox 1107 1227 1121 1263; x_wconf 90' lang='lat'><strong>:</strong></span> <span class='ocrx_word' id='word_1_72' title='bbox 1142 1220 1188 1263; x_wconf 89' lang='lat' dir='ltr'><strong>et</strong></span> <span class='ocrx_word' id='word_1_73' title='bbox 1208 1212 1389 1264; x_wconf 88' lang='lat' dir='ltr'><strong>anima</strong></span> <span class='ocrx_word' id='word_1_74' title='bbox 1414 1225 1533 1266; x_wconf 87' lang='lat' dir='ltr'><strong>mea</strong></span> <span class='ocrx_word' id='word_1_75' title='bbox 1558 1211 1772 1265; x_wconf 90' lang='lat' dir='ltr'><strong>turbata</strong></span> <span class='ocrx_word' id='word_1_76' title='bbox 1800 1221 1887 1266; x_wconf 88' lang='lat' dir='ltr'><strong>est</strong></span> <span class='ocrx_word' id='word_1_77' title='bbox 1909 1211 2012 1267; x_wconf 78' lang='grc'><strong>⁸⁸.»</strong></span> 
     </span>
    </p>
   </div>
   <div class='ocr_carea' id='block_1_11' title="bbox 434 1299 2019 1372">
    <p class='ocr_par' dir='ltr' id='par_1_11' title="bbox 434 1299 2019 1372">
     <span class='ocr_line' id='line_1_11' title="bbox 434 1299 2019 1372; baseline 0.004 -21"><span class='ocrx_word' id='word_1_78' title='bbox 434 1299 704 1366; x_wconf 83' lang='lat' dir='ltr'><strong>Quorsum</strong></span> <span class='ocrx_word' id='word_1_79' title='bbox 741 1300 908 1356; x_wconf 83' lang='lat' dir='ltr'><strong>vero?</strong></span> <span class='ocrx_word' id='word_1_80' title='bbox 952 1299 1241 1367; x_wconf 76' lang='lat' dir='ltr'><strong>Nimirum,</strong></span> <span class='ocrx_word' id='word_1_81' title='bbox 1276 1303 1505 1372; x_wconf 78' lang='lat' dir='ltr'><strong>qnijam</strong></span> <span class='ocrx_word' id='word_1_82' title='bbox 1544 1319 1678 1360; x_wconf 83' lang='lat' dir='ltr'><strong>meae</strong></span> <span class='ocrx_word' id='word_1_83' title='bbox 1711 1307 1835 1359; x_wconf 60' lang='lat' dir='ltr'><strong>vitae</strong></span> <span class='ocrx_word' id='word_1_84' title='bbox 1882 1316 2019 1360; x_wconf 92' lang='lat' dir='ltr'><strong>tem-</strong></span> 
     </span>
    </p>
   </div>
   <div class='ocr_carea' id='block_1_12' title="bbox 434 1388 2015 1460">
    <p class='ocr_par' dir='ltr' id='par_1_12' title="bbox 434 1388 2015 1460">
     <span class='ocr_line' id='line_1_12' title="bbox 434 1388 2015 1460; baseline 0.003 -19"><span class='ocrx_word' id='word_1_85' title='bbox 434 1404 536 1456; x_wconf 86' lang='lat' dir='ltr'><strong>pus</strong></span> <span class='ocrx_word' id='word_1_86' title='bbox 566 1388 796 1443; x_wconf 89' lang='lat' dir='ltr'><strong>deticere</strong></span> <span class='ocrx_word' id='word_1_87' title='bbox 848 1390 1086 1453; x_wconf 85' lang='lat' dir='ltr'><strong>videam,</strong></span> <span class='ocrx_word' id='word_1_88' title='bbox 1120 1393 1490 1460; x_wconf 84' lang='lat' dir='ltr'><strong>propinquare</strong></span> <span class='ocrx_word' id='word_1_89' title='bbox 1522 1394 1711 1457; x_wconf 82' lang='lat' dir='ltr'><strong>linem,</strong></span> <span class='ocrx_word' id='word_1_90' title='bbox 1748 1394 2015 1450; x_wconf 72' lang='lat' dir='ltr'><strong>defectam</strong></span> 
     </span>
    </p>
   </div>
   <div class='ocr_carea' id='block_1_13' title="bbox 435 1482 2018 1550">
    <p class='ocr_par' dir='ltr' id='par_1_13' title="bbox 435 1482 2018 1550">
     <span class='ocr_line' id='line_1_13' title="bbox 435 1482 2018 1550; baseline 0.006 -17"><span class='ocrx_word' id='word_1_91' title='bbox 435 1487 769 1534; x_wconf 81' lang='lat' dir='ltr'><strong>senectutem</strong></span> <span class='ocrx_word' id='word_1_92' title='bbox 802 1482 1173 1549; x_wconf 64' lang='lat' dir='ltr'><strong>pratnnntiare</strong></span> <span class='ocrx_word' id='word_1_93' title='bbox 1196 1484 1555 1550; x_wconf 86' lang='lat' dir='ltr'><strong>excisiouem,</strong></span> <span class='ocrx_word' id='word_1_94' title='bbox 1589 1500 1884 1541; x_wconf 88' lang='lat' dir='ltr'><strong>messorem</strong></span> <span class='ocrx_word' id='word_1_95' title='bbox 1908 1484 2018 1542; x_wconf 78' lang='lat' dir='ltr'><strong>fes-</strong></span> 
     </span>
    </p>
   </div>
   <div class='ocr_carea' id='block_1_14' title="bbox 437 1571 2014 1647">
    <p class='ocr_par' dir='ltr' id='par_1_14' title="bbox 437 1571 2014 1647">
     <span class='ocr_line' id='line_1_14' title="bbox 437 1571 2014 1647; baseline 0.004 -24"><span class='ocrx_word' id='word_1_96' title='bbox 437 1571 697 1625; x_wconf 89' lang='lat' dir='ltr'><strong>tinantem</strong></span> <span class='ocrx_word' id='word_1_97' title='bbox 748 1572 817 1636; x_wconf 82' lang='grc'>⁸⁹,</span> <span class='ocrx_word' id='word_1_98' title='bbox 875 1588 938 1627; x_wconf 88' lang='lat' dir='ltr'><strong>ac</strong></span> <span class='ocrx_word' id='word_1_99' title='bbox 997 1575 1191 1627; x_wconf 76' lang='lat' dir='ltr'><strong>falcem</strong></span> <span class='ocrx_word' id='word_1_100' title='bbox 1236 1576 1659 1631; x_wconf 83' lang='lat' dir='ltr'><strong>ostendentem:</strong></span> <span class='ocrx_word' id='word_1_101' title='bbox 1709 1584 2014 1647; x_wconf 78' lang='lat' dir='ltr'><strong>gestantem</strong></span> 
     </span>
    </p>
   </div>
   <div class='ocr_carea' id='block_1_15' title="bbox 434 1663 2014 1735">
    <p class='ocr_par' dir='ltr' id='par_1_15' title="bbox 434 1663 2014 1735">
     <span class='ocr_line' id='line_1_15' title="bbox 434 1663 2014 1735; baseline 0.003 -19"><span class='ocrx_word' id='word_1_102' title='bbox 434 1663 669 1716; x_wconf 88' lang='lat' dir='ltr'><strong>securim</strong></span> <span class='ocrx_word' id='word_1_103' title='bbox 753 1705 766 1727; x_wconf 88' lang='lat'>.</span> <span class='ocrx_word' id='word_1_104' title='bbox 801 1680 865 1720; x_wconf 89' lang='lat' dir='ltr'><strong>ac</strong></span> <span class='ocrx_word' id='word_1_105' title='bbox 897 1665 1275 1735; x_wconf 78' lang='lat' dir='ltr'><strong>infrugileram</strong></span> <span class='ocrx_word' id='word_1_106' title='bbox 1320 1667 1559 1722; x_wconf 85' lang='lat' dir='ltr'><strong>animam</strong></span> <span class='ocrx_word' id='word_1_107' title='bbox 1590 1683 1765 1722; x_wconf 82' lang='lat' dir='ltr'><strong>meam</strong></span> <span class='ocrx_word' id='word_1_108' title='bbox 1793 1668 2014 1723; x_wconf 80' lang='lat' dir='ltr'><strong>exscin-</strong></span> 
     </span>
    </p>
   </div>
   <div class='ocr_carea' id='block_1_16' title="bbox 433 1755 2020 1821">
    <p class='ocr_par' dir='ltr' id='par_1_16' title="bbox 433 1755 2020 1821">
     <span class='ocr_line' id='line_1_16' title="bbox 433 1755 2020 1821; baseline 0.004 -15"><span class='ocrx_word' id='word_1_109' title='bbox 433 1755 665 1809; x_wconf 90' lang='lat' dir='ltr'><strong>dendam</strong></span> <span class='ocrx_word' id='word_1_110' title='bbox 697 1758 858 1811; x_wconf 83' lang='lat' dir='ltr'><strong>citius</strong></span> <span class='ocrx_word' id='word_1_111' title='bbox 888 1757 1519 1821; x_wconf 72' lang='lat' dir='ltr'><strong>indicantern°°,tAnima</strong></span> <span class='ocrx_word' id='word_1_112' title='bbox 1547 1772 1667 1814; x_wconf 80' lang='lat' dir='ltr'><strong>mea</strong></span> <span class='ocrx_word' id='word_1_113' title='bbox 1692 1760 1904 1814; x_wconf 86' lang='lat' dir='ltr'><strong>turbata</strong></span> <span class='ocrx_word' id='word_1_114' title='bbox 1935 1766 2020 1814; x_wconf 91' lang='lat' dir='ltr'><strong>est</strong></span> 
     </span>
    </p>
   </div>
   <div class='ocr_carea' id='block_1_17' title="bbox 432 1847 2021 1920">
    <p class='ocr_par' dir='ltr' id='par_1_17' title="bbox 432 1847 2021 1920">
     <span class='ocr_line' id='line_1_17' title="bbox 432 1847 2021 1920; baseline 0.006 -22"><span class='ocrx_word' id='word_1_115' title='bbox 432 1847 588 1900; x_wconf 89' lang='lat' dir='ltr'><strong>valde</strong></span> <span class='ocrx_word' id='word_1_116' title='bbox 619 1885 632 1897; x_wconf 94' lang='lat'><strong>.</strong></span> <span class='ocrx_word' id='word_1_117' title='bbox 731 1866 751 1899; x_wconf 72' lang='grc' dir='ltr'><strong>ι</strong></span> <span class='ocrx_word' id='word_1_118' title='bbox 799 1847 968 1904; x_wconf 87' lang='lat' dir='ltr'><strong>Video</strong></span> <span class='ocrx_word' id='word_1_119' title='bbox 999 1864 1087 1904; x_wconf 89' lang='lat' dir='ltr'><strong>res</strong></span> <span class='ocrx_word' id='word_1_120' title='bbox 1117 1864 1268 1904; x_wconf 87' lang='lat' dir='ltr'><strong>meas</strong></span> <span class='ocrx_word' id='word_1_121' title='bbox 1293 1850 1429 1904; x_wconf 90' lang='lat' dir='ltr'><strong>nihil</strong></span> <span class='ocrx_word' id='word_1_122' title='bbox 1460 1851 1798 1913; x_wconf 88' lang='lat' dir='ltr'><strong>emendatas,</strong></span> <span class='ocrx_word' id='word_1_123' title='bbox 1826 1865 2021 1920; x_wconf 88' lang='lat' dir='ltr'><strong>meque</strong></span> 
     </span>
    </p>
   </div>
   <div class='ocr_carea' id='block_1_18' title="bbox 434 1938 2019 2010">
    <p class='ocr_par' dir='ltr' id='par_1_18' title="bbox 434 1938 2019 2010">
     <span class='ocr_line' id='line_1_18' title="bbox 434 1938 2019 2010; baseline 0.005 -20"><span class='ocrx_word' id='word_1_124' title='bbox 434 1938 488 1990; x_wconf 91' lang='lat' dir='ltr'><strong>in</strong></span> <span class='ocrx_word' id='word_1_125' title='bbox 519 1939 634 1991; x_wconf 89' lang='lat' dir='ltr'><strong>dies</strong></span> <span class='ocrx_word' id='word_1_126' title='bbox 671 1940 723 1991; x_wconf 92' lang='lat' dir='ltr'><strong>in</strong></span> <span class='ocrx_word' id='word_1_127' title='bbox 751 1942 994 1995; x_wconf 85' lang='lat' dir='ltr'><strong>deterius</strong></span> <span class='ocrx_word' id='word_1_128' title='bbox 1025 1941 1251 2010; x_wconf 82' lang='lat' dir='ltr'><strong>prolabi.</strong></span> <span class='ocrx_word' id='word_1_129' title='bbox 1295 1961 1314 1994; x_wconf 73' lang='grc' dir='ltr'><strong>ι</strong></span> <span class='ocrx_word' id='word_1_130' title='bbox 1353 1944 1419 1997; x_wconf 87' lang='lat' dir='ltr'><strong>Et</strong></span> <span class='ocrx_word' id='word_1_131' title='bbox 1445 1943 1624 1996; x_wconf 88' lang='lat' dir='ltr'><strong>anima</strong></span> <span class='ocrx_word' id='word_1_132' title='bbox 1658 1958 1774 1997; x_wconf 86' lang='lat' dir='ltr'><strong>mea</strong></span> <span class='ocrx_word' id='word_1_133' title='bbox 1803 1943 2019 1998; x_wconf 88' lang='lat' dir='ltr'><strong>turbata</strong></span> 
     </span>
    </p>
   </div>
   <div class='ocr_carea' id='block_1_19' title="bbox 434 2033 2018 2098">
    <p class='ocr_par' dir='ltr' id='par_1_19' title="bbox 434 2033 2018 2098">
     <span class='ocr_line' id='line_1_19' title="bbox 434 2033 2018 2098; baseline 0 -12"><span class='ocrx_word' id='word_1_134' title='bbox 434 2042 517 2086; x_wconf 89' lang='lat' dir='ltr'><strong>est</strong></span> <span class='ocrx_word' id='word_1_135' title='bbox 544 2034 718 2088; x_wconf 84' lang='lat' dir='ltr'><strong>valde.</strong></span> <span class='ocrx_word' id='word_1_136' title='bbox 769 2055 787 2086; x_wconf 70' lang='grc' dir='ltr'><strong>ι</strong></span> <span class='ocrx_word' id='word_1_137' title='bbox 826 2033 995 2090; x_wconf 85' lang='lat' dir='ltr'><strong>Video</strong></span> <span class='ocrx_word' id='word_1_138' title='bbox 1038 2038 1210 2091; x_wconf 78' lang='lat' dir='ltr'><strong>furem</strong></span> <span class='ocrx_word' id='word_1_139' title='bbox 1244 2035 1613 2098; x_wconf 82' lang='lat' dir='ltr'><strong>accedentem,</strong></span> <span class='ocrx_word' id='word_1_140' title='bbox 1647 2050 1711 2089; x_wconf 88' lang='lat' dir='ltr'><strong>ac</strong></span> <span class='ocrx_word' id='word_1_141' title='bbox 1744 2049 1828 2088; x_wconf 91' lang='lat' dir='ltr'><strong>me</strong></span> <span class='ocrx_word' id='word_1_142' title='bbox 1855 2049 1885 2089; x_wconf 92' lang='lat' dir='ltr'><strong>e</strong></span> <span class='ocrx_word' id='word_1_143' title='bbox 1912 2035 2018 2088; x_wconf 84' lang='lat' dir='ltr'><strong>vita</strong></span> 
     </span>
    </p>
   </div>
   <div class='ocr_carea' id='block_1_20' title="bbox 438 2124 2020 2193">
    <p class='ocr_par' dir='ltr' id='par_1_20' title="bbox 438 2124 2020 2193">
     <span class='ocr_line' id='line_1_20' title="bbox 438 2124 2020 2193; baseline 0.003 -17"><span class='ocrx_word' id='word_1_144' title='bbox 438 2139 632 2193; x_wconf 86' lang='lat' dir='ltr'><strong>rapere</strong></span> <span class='ocrx_word' id='word_1_145' title='bbox 681 2124 1027 2182; x_wconf 74' lang='lat' dir='ltr'><strong>festinantem</strong></span> <span class='ocrx_word' id='word_1_146' title='bbox 1063 2144 1078 2181; x_wconf 90' lang='lat'><strong>:</strong></span> <span class='ocrx_word' id='word_1_147' title='bbox 1118 2146 1137 2179; x_wconf 78' lang='grc' dir='ltr'><strong>ι</strong></span> <span class='ocrx_word' id='word_1_148' title='bbox 1180 2128 1245 2181; x_wconf 88' lang='lat' dir='ltr'><strong>Et</strong></span> <span class='ocrx_word' id='word_1_149' title='bbox 1289 2128 1468 2180; x_wconf 89' lang='lat' dir='ltr'><strong>anima</strong></span> <span class='ocrx_word' id='word_1_150' title='bbox 1511 2142 1628 2180; x_wconf 89' lang='lat' dir='ltr'><strong>mea</strong></span> <span class='ocrx_word' id='word_1_151' title='bbox 1686 2126 1896 2179; x_wconf 86' lang='lat' dir='ltr'><strong>turbata</strong></span> <span class='ocrx_word' id='word_1_152' title='bbox 1935 2132 2020 2180; x_wconf 85' lang='lat' dir='ltr'><strong>est</strong></span> 
     </span>
    </p>
   </div>
   <div class='ocr_carea' id='block_1_21' title="bbox 440 2215 2021 2286">
    <p class='ocr_par' dir='ltr' id='par_1_21' title="bbox 440 2215 2021 2286">
     <span class='ocr_line' id='line_1_21' title="bbox 440 2215 2021 2286; baseline 0.003 -19"><span class='ocrx_word' id='word_1_153' title='bbox 440 2215 614 2271; x_wconf 81' lang='lat' dir='ltr'><strong>valde.</strong></span> <span class='ocrx_word' id='word_1_154' title='bbox 669 2235 688 2269; x_wconf 74' lang='grc' dir='ltr'><strong>ι</strong></span> <span class='ocrx_word' id='word_1_155' title='bbox 728 2217 900 2273; x_wconf 77' lang='lat' dir='ltr'><strong>Video</strong></span> <span class='ocrx_word' id='word_1_156' title='bbox 945 2219 1237 2273; x_wconf 87' lang='lat' dir='ltr'><strong>instantem</strong></span> <span class='ocrx_word' id='word_1_157' title='bbox 1269 2219 1392 2273; x_wconf 74' lang='lat' dir='ltr'><strong>vita:</strong></span> <span class='ocrx_word' id='word_1_158' title='bbox 1442 2217 1648 2272; x_wconf 79' lang='lat' dir='ltr'><strong>exitum</strong></span> <span class='ocrx_word' id='word_1_159' title='bbox 1698 2232 1890 2286; x_wconf 87' lang='lat' dir='ltr'><strong>meque</strong></span> <span class='ocrx_word' id='word_1_160' title='bbox 1924 2215 2021 2271; x_wconf 84' lang='lat' dir='ltr'><strong>de-</strong></span> 
     </span>
    </p>
   </div>
   <div class='ocr_carea' id='block_1_22' title="bbox 440 2306 2022 2376">
    <p class='ocr_par' dir='ltr' id='par_1_22' title="bbox 440 2306 2022 2376">
     <span class='ocr_line' id='line_1_22' title="bbox 440 2306 2022 2376; baseline -0.003 -16"><span class='ocrx_word' id='word_1_161' title='bbox 440 2306 692 2360; x_wconf 82' lang='lat' dir='ltr'><strong>stitutum</strong></span> <span class='ocrx_word' id='word_1_162' title='bbox 724 2307 1135 2364; x_wconf 82' lang='lat' dir='ltr'><strong>viatico.Video</strong></span> <span class='ocrx_word' id='word_1_163' title='bbox 1164 2307 1785 2376; x_wconf 64' lang='lat' dir='ltr'><strong>rationumpracfeetum,</strong></span> <span class='ocrx_word' id='word_1_164' title='bbox 1818 2306 2022 2360; x_wconf 77' lang='lat' dir='ltr'><strong>instru-</strong></span> 
     </span>
    </p>
   </div>
   <div class='ocr_carea' id='block_1_23' title="bbox 438 2399 2020 2466">
    <p class='ocr_par' dir='ltr' id='par_1_23' title="bbox 438 2399 2020 2466">
     <span class='ocr_line' id='line_1_23' title="bbox 438 2399 2020 2466; baseline -0.001 -15"><span class='ocrx_word' id='word_1_165' title='bbox 438 2406 680 2453; x_wconf 87' lang='lat' dir='ltr'><strong>mentum</strong></span> <span class='ocrx_word' id='word_1_166' title='bbox 717 2400 846 2454; x_wconf 92' lang='lat' dir='ltr'><strong>mihi</strong></span> <span class='ocrx_word' id='word_1_167' title='bbox 891 2401 1294 2466; x_wconf 88' lang='lat' dir='ltr'><strong>ostendentem,</strong></span> <span class='ocrx_word' id='word_1_168' title='bbox 1328 2415 1393 2454; x_wconf 90' lang='lat' dir='ltr'><strong>ac</strong></span> <span class='ocrx_word' id='word_1_169' title='bbox 1422 2401 1642 2455; x_wconf 81' lang='lat' dir='ltr'><strong>lictores</strong></span> <span class='ocrx_word' id='word_1_170' title='bbox 1692 2399 1830 2453; x_wconf 89' lang='lat' dir='ltr'><strong>truci</strong></span> <span class='ocrx_word' id='word_1_171' title='bbox 1881 2412 2020 2465; x_wconf 85' lang='lat' dir='ltr'><strong>quo-</strong></span> 
     </span>
    </p>
   </div>
   <div class='ocr_carea' id='block_1_24' title="bbox 438 2490 2017 2561">
    <p class='ocr_par' dir='ltr' id='par_1_24' title="bbox 438 2490 2017 2561">
     <span class='ocr_line' id='line_1_24' title="bbox 438 2490 2017 2561; baseline -0.002 -16"><span class='ocrx_word' id='word_1_172' title='bbox 438 2490 561 2545; x_wconf 83' lang='lat' dir='ltr'><strong>dam</strong></span> <span class='ocrx_word' id='word_1_173' title='bbox 592 2502 814 2561; x_wconf 84' lang='lat' dir='ltr'><strong>aspectu</strong></span> <span class='ocrx_word' id='word_1_174' title='bbox 847 2502 1190 2547; x_wconf 81' lang='lat' dir='ltr'><strong>contuentes.</strong></span> <span class='ocrx_word' id='word_1_175' title='bbox 1226 2491 1396 2546; x_wconf 81' lang='lat' dir='ltr'><strong>Video</strong></span> <span class='ocrx_word' id='word_1_176' title='bbox 1421 2493 1621 2546; x_wconf 77' lang='lat' dir='ltr'><strong>multos</strong></span> <span class='ocrx_word' id='word_1_177' title='bbox 1650 2498 2017 2553; x_wconf 79' lang='lat' dir='ltr'><strong>accusatores,</strong></span> 
     </span>
    </p>
   </div>
   <div class='ocr_carea' id='block_1_25' title="bbox 438 2583 2019 2652">
    <p class='ocr_par' dir='ltr' id='par_1_25' title="bbox 438 2583 2019 2652">
     <span class='ocr_line' id='line_1_25' title="bbox 438 2583 2019 2652; baseline 0 -18"><span class='ocrx_word' id='word_1_178' title='bbox 438 2592 720 2652; x_wconf 88' lang='lat' dir='ltr'><strong>patronem</strong></span> <span class='ocrx_word' id='word_1_179' title='bbox 753 2594 932 2640; x_wconf 88' lang='lat' dir='ltr'><strong>autem</strong></span> <span class='ocrx_word' id='word_1_180' title='bbox 970 2584 1174 2639; x_wconf 88' lang='lat' dir='ltr'><strong>nullum</strong></span> <span class='ocrx_word' id='word_1_181' title='bbox 1207 2602 1222 2639; x_wconf 87' lang='lat'><strong>:</strong></span> <span class='ocrx_word' id='word_1_182' title='bbox 1262 2603 1279 2636; x_wconf 75' lang='grc' dir='ltr'><strong>ι</strong></span> <span class='ocrx_word' id='word_1_183' title='bbox 1326 2584 1393 2638; x_wconf 87' lang='grc' dir='ltr'>Ει</span> <span class='ocrx_word' id='word_1_184' title='bbox 1420 2583 1602 2638; x_wconf 89' lang='lat' dir='ltr'><strong>anima</strong></span> <span class='ocrx_word' id='word_1_185' title='bbox 1650 2598 1767 2637; x_wconf 82' lang='lat' dir='ltr'><strong>mea</strong></span> <span class='ocrx_word' id='word_1_186' title='bbox 1809 2583 2019 2637; x_wconf 83' lang='lat' dir='ltr'><strong>turbata</strong></span> 
     </span>
    </p>
   </div>
   <div class='ocr_carea' id='block_1_26' title="bbox 436 2673 2019 2744">
    <p class='ocr_par' dir='ltr' id='par_1_26' title="bbox 436 2673 2019 2744">
     <span class='ocr_line' id='line_1_26' title="bbox 436 2673 2019 2744; baseline -0.001 -15"><span class='ocrx_word' id='word_1_187' title='bbox 436 2687 521 2731; x_wconf 91' lang='lat' dir='ltr'><strong>est</strong></span> <span class='ocrx_word' id='word_1_188' title='bbox 553 2675 728 2732; x_wconf 76' lang='lat' dir='ltr'><strong>valde.</strong></span> <span class='ocrx_word' id='word_1_189' title='bbox 774 2695 793 2728; x_wconf 74' lang='grc' dir='ltr'><strong>ι</strong></span> <span class='ocrx_word' id='word_1_190' title='bbox 827 2676 1036 2732; x_wconf 88' lang='lat' dir='ltr'><strong>Idcirco</strong></span> <span class='ocrx_word' id='word_1_191' title='bbox 1064 2676 1262 2732; x_wconf 90' lang='lat' dir='ltr'><strong>horreo</strong></span> <span class='ocrx_word' id='word_1_192' title='bbox 1287 2691 1352 2731; x_wconf 90' lang='lat' dir='ltr'><strong>ac</strong></span> <span class='ocrx_word' id='word_1_193' title='bbox 1372 2677 1566 2731; x_wconf 85' lang='lat' dir='ltr'><strong>anxius</strong></span> <span class='ocrx_word' id='word_1_194' title='bbox 1594 2692 1737 2742; x_wconf 88' lang='lat' dir='ltr'><strong>sum,</strong></span> <span class='ocrx_word' id='word_1_195' title='bbox 1769 2689 1868 2730; x_wconf 87' lang='lat' dir='ltr'><strong>nec</strong></span> <span class='ocrx_word' id='word_1_196' title='bbox 1890 2673 2019 2744; x_wconf 87' lang='lat' dir='ltr'><strong>quid</strong></span> 
     </span>
    </p>
   </div>
   <div class='ocr_carea' id='block_1_27' title="bbox 439 2768 2021 2838">
    <p class='ocr_par' dir='ltr' id='par_1_27' title="bbox 439 2768 2021 2838">
     <span class='ocr_line' id='line_1_27' title="bbox 439 2768 2021 2838; baseline -0.001 -16"><span class='ocrx_word' id='word_1_197' title='bbox 439 2768 634 2822; x_wconf 82' lang='lat' dir='ltr'><strong>faciam</strong></span> <span class='ocrx_word' id='word_1_198' title='bbox 679 2768 880 2835; x_wconf 88' lang='lat' dir='ltr'><strong>habeo;</strong></span> <span class='ocrx_word' id='word_1_199' title='bbox 920 2769 1189 2838; x_wconf 83' lang='lat' dir='ltr'><strong>siquidem</strong></span> <span class='ocrx_word' id='word_1_200' title='bbox 1224 2771 1368 2825; x_wconf 84' lang='lat' dir='ltr'><strong>enim</strong></span> <span class='ocrx_word' id='word_1_201' title='bbox 1414 2769 1539 2825; x_wconf 67' lang='lat' dir='ltr'><strong>vitae</strong></span> <span class='ocrx_word' id='word_1_202' title='bbox 1568 2768 1799 2837; x_wconf 89' lang='lat' dir='ltr'><strong>spatium</strong></span> <span class='ocrx_word' id='word_1_203' title='bbox 1833 2776 2021 2838; x_wconf 89' lang='lat' dir='ltr'><strong>postu-</strong></span> 
     </span>
    </p>
   </div>
   <div class='ocr_carea' id='block_1_28' title="bbox 438 2858 2024 2930">
    <p class='ocr_par' dir='ltr' id='par_1_28' title="bbox 438 2858 2024 2930">
     <span class='ocr_line' id='line_1_28' title="bbox 438 2858 2024 2930; baseline -0.001 -16"><span class='ocrx_word' id='word_1_204' title='bbox 438 2859 645 2922; x_wconf 87' lang='lat' dir='ltr'><strong>lavere,</strong></span> <span class='ocrx_word' id='word_1_205' title='bbox 686 2876 881 2915; x_wconf 79' lang='lat' dir='ltr'><strong>vereor</strong></span> <span class='ocrx_word' id='word_1_206' title='bbox 911 2878 978 2916; x_wconf 90' lang='lat' dir='ltr'><strong>ne</strong></span> <span class='ocrx_word' id='word_1_207' title='bbox 1007 2862 1137 2917; x_wconf 91' lang='lat' dir='ltr'><strong>illud</strong></span> <span class='ocrx_word' id='word_1_208' title='bbox 1171 2876 1363 2917; x_wconf 90' lang='lat' dir='ltr'><strong>rursus</strong></span> <span class='ocrx_word' id='word_1_209' title='bbox 1396 2861 1451 2914; x_wconf 89' lang='lat' dir='ltr'><strong>in</strong></span> <span class='ocrx_word' id='word_1_210' title='bbox 1486 2871 1834 2930; x_wconf 88' lang='lat' dir='ltr'><strong>peccatorum</strong></span> <span class='ocrx_word' id='word_1_211' title='bbox 1868 2858 2024 2913; x_wconf 78' lang='lat' dir='ltr'><strong>cedat</strong></span> 
     </span>
    </p>
   </div>
   <div class='ocr_carea' id='block_1_29' title="bbox 439 2951 2023 3023">
    <p class='ocr_par' dir='ltr' id='par_1_29' title="bbox 439 2951 2023 3023">
     <span class='ocr_line' id='line_1_29' title="bbox 439 2951 2023 3023; baseline -0.001 -17"><span class='ocrx_word' id='word_1_212' title='bbox 439 2954 715 3007; x_wconf 89' lang='lat' dir='ltr'><strong>cumulum</strong></span> <span class='ocrx_word' id='word_1_213' title='bbox 746 2972 760 3008; x_wconf 90' lang='lat'><strong>:</strong></span> <span class='ocrx_word' id='word_1_214' title='bbox 800 2956 884 3010; x_wconf 88' lang='lat' dir='ltr'><strong>sin</strong></span> <span class='ocrx_word' id='word_1_215' title='bbox 918 2956 1220 3023; x_wconf 88' lang='lat' dir='ltr'><strong>imparatus</strong></span> <span class='ocrx_word' id='word_1_216' title='bbox 1248 2954 1452 3017; x_wconf 88' lang='lat' dir='ltr'><strong>abiero,</strong></span> <span class='ocrx_word' id='word_1_217' title='bbox 1489 2952 1686 3020; x_wconf 86' lang='lat' dir='ltr'><strong>quibus</strong></span> <span class='ocrx_word' id='word_1_218' title='bbox 1727 2951 1901 3005; x_wconf 89' lang='lat' dir='ltr'><strong>oculis</strong></span> <span class='ocrx_word' id='word_1_219' title='bbox 1928 2964 2023 3005; x_wconf 83' lang='lat' dir='ltr'><strong>ve-</strong></span> 
     </span>
    </p>
   </div>
   <div class='ocr_carea' id='block_1_30' title="bbox 1645 275 2520 340">
    <p class='ocr_par' dir='ltr' id='par_1_30' title="bbox 1645 275 2520 340">
     <span class='ocr_line' id='line_1_30' title="bbox 1645 275 2520 340; baseline 0.007 -6"><span class='ocrx_word' id='word_1_220' title='bbox 1645 276 1705 335; x_wconf 78' lang='lat' dir='ltr'><strong>S.</strong></span> <span class='ocrx_word' id='word_1_221' title='bbox 1745 275 2148 336; x_wconf 80' lang='lat' dir='ltr'><strong>ANASTASlI</strong></span> <span class='ocrx_word' id='word_1_222' title='bbox 2191 278 2520 340; x_wconf 73' lang='lat' dir='ltr'><strong>SINAIT/E</strong></span> 
     </span>
    </p>
   </div>
   <div class='ocr_carea' id='block_1_31' title="bbox 438 383 2022 457">
    <p class='ocr_par' dir='ltr' id='par_1_31' title="bbox 438 383 2011 453">
     <span class='ocr_line' id='line_1_31' title="bbox 438 383 2011 453; baseline 0.003 -17"><span class='ocrx_word' id='word_1_223' title='bbox 438 383 743 437; x_wconf 82' lang='lat' dir='ltr'><strong>inciderim.</strong></span> <span class='ocrx_word' id='word_1_224' title='bbox 782 401 801 434; x_wconf 77' lang='grc' dir='ltr'><strong>ι</strong></span> <span class='ocrx_word' id='word_1_225' title='bbox 846 383 989 440; x_wconf 87' lang='lat' dir='ltr'><strong>Sana</strong></span> <span class='ocrx_word' id='word_1_226' title='bbox 1024 399 1129 450; x_wconf 88' lang='lat' dir='ltr'><strong>me,</strong></span> <span class='ocrx_word' id='word_1_227' title='bbox 1163 384 1414 453; x_wconf 84' lang='lat' dir='ltr'><strong>quoniam</strong></span> <span class='ocrx_word' id='word_1_228' title='bbox 1464 384 1677 439; x_wconf 87' lang='lat' dir='ltr'><strong>turbata</strong></span> <span class='ocrx_word' id='word_1_229' title='bbox 1726 395 1852 439; x_wconf 89' lang='lat' dir='ltr'><strong>sunt</strong></span> <span class='ocrx_word' id='word_1_230' title='bbox 1889 400 2011 441; x_wconf 88' lang='lat' dir='ltr'><strong>ossa</strong></span> 
     </span>
    </p>
   </div>
   <div class='ocr_carea' id='block_1_32' title="bbox 2127 383 2512 457">
    <p class='ocr_par' dir='ltr' id='par_1_32' title="bbox 2127 388 2512 457">
     <span class='ocr_line' id='line_1_32' title="bbox 2127 388 2512 457; baseline 0.01 -21"><span class='ocrx_word' id='word_1_231' title='bbox 2127 406 2141 436; x_wconf 85' lang='grc' dir='ltr'><strong>ι</strong></span> <span class='ocrx_word' id='word_1_232' title='bbox 2188 388 2369 441; x_wconf 79' lang='grc' dir='ltr'>Ἴασαί</span> <span class='ocrx_word' id='word_1_233' title='bbox 2408 407 2512 457; x_wconf 88' lang='grc' dir='ltr'><strong>με,</strong></span> 
     </span>
    </p>
   </div>
   <div class='ocr_carea' id='block_1_33' title="bbox 3578 276 3711 341">
    <p class='ocr_par' dir='ltr' id='par_1_33' title="bbox 3578 276 3711 341">
     <span class='ocr_line' id='line_1_33' title="bbox 3578 276 3711 341; baseline 0 -1"><span class='ocrx_word' id='word_1_234' title='bbox 3578 276 3711 341; x_wconf 72' lang='grc' dir='ltr'><strong>11Ξ4</strong></span> 
     </span>
    </p>
   </div>
   <div class='ocr_carea' id='block_1_34' title="bbox 2559 388 3709 460">
    <p class='ocr_par' dir='ltr' id='par_1_34' title="bbox 2559 388 3709 460">
     <span class='ocr_line' id='line_1_34' title="bbox 2559 388 3709 460; baseline 0.002 -20"><span class='ocrx_word' id='word_1_235' title='bbox 2559 390 2641 441; x_wconf 74' lang='grc' dir='ltr'>ὅτι</span> <span class='ocrx_word' id='word_1_236' title='bbox 2676 389 2956 460; x_wconf 76' lang='grc' dir='ltr'><strong>ἐταράχθη</strong></span> <span class='ocrx_word' id='word_1_237' title='bbox 2980 391 3049 443; x_wconf 70' lang='grc' dir='ltr'>τὰ</span> <span class='ocrx_word' id='word_1_238' title='bbox 3077 388 3211 443; x_wconf 74' lang='grc' dir='ltr'>ὀστᾶ</span> <span class='ocrx_word' id='word_1_239' title='bbox 3250 407 3350 459; x_wconf 80' lang='grc' dir='ltr'><strong>μου</strong></span> <span class='ocrx_word' id='word_1_240' title='bbox 3373 431 3386 454; x_wconf 86' lang='grc'><strong>,</strong></span> <span class='ocrx_word' id='word_1_241' title='bbox 3429 410 3450 440; x_wconf 73' lang='grc' dir='ltr'><strong>ι</strong></span> <span class='ocrx_word' id='word_1_242' title='bbox 3489 389 3556 444; x_wconf 80' lang='grc' dir='ltr'>τὰ</span> <span class='ocrx_word' id='word_1_243' title='bbox 3587 408 3709 444; x_wconf 83' lang='grc' dir='ltr'>συν-</span> 
     </span>
    </p>
   </div>
   <div class='ocr_carea' id='block_1_35' title="bbox 2128 479 3706 552">
    <p class='ocr_par' dir='ltr' id='par_1_35' title="bbox 2128 479 3706 552">
     <span class='ocr_line' id='line_1_35' title="bbox 2128 479 3706 552; baseline 0.004 -24"><span class='ocrx_word' id='word_1_244' title='bbox 2128 479 2326 547; x_wconf 72' lang='grc' dir='ltr'>έχοντα</span> <span class='ocrx_word' id='word_1_245' title='bbox 2375 486 2473 533; x_wconf 74' lang='grc' dir='ltr'>καὶ</span> <span class='ocrx_word' id='word_1_246' title='bbox 2528 480 2902 549; x_wconf 78' lang='grc' dir='ltr'>συσφίγγοντα</span> <span class='ocrx_word' id='word_1_247' title='bbox 2943 483 3033 535; x_wconf 74' lang='grc' dir='ltr'><strong>τὸν</strong></span> <span class='ocrx_word' id='word_1_248' title='bbox 3079 481 3189 534; x_wconf 80' lang='grc' dir='ltr'><strong>ἐσω</strong></span> <span class='ocrx_word' id='word_1_249' title='bbox 3239 497 3343 552; x_wconf 85' lang='grc' dir='ltr'><strong>μου</strong></span> <span class='ocrx_word' id='word_1_250' title='bbox 3401 481 3706 551; x_wconf 78' lang='grc' dir='ltr'>ἄνθρωπον.</span> 
     </span>
    </p>
   </div>
   <div class='ocr_carea' id='block_1_36' title="bbox 2126 564 3709 647">
    <p class='ocr_par' dir='ltr' id='par_1_36' title="bbox 2126 564 3709 647">
     <span class='ocr_line' id='line_1_36' title="bbox 2126 564 3709 647; baseline 0.012 -26"><span class='ocrx_word' id='word_1_251' title='bbox 2126 567 2315 621; x_wconf 83' lang='grc' dir='ltr'>Ταῦτα</span> <span class='ocrx_word' id='word_1_252' title='bbox 2351 570 2410 623; x_wconf 84' lang='grc' dir='ltr'><strong>δέ</strong></span> <span class='ocrx_word' id='word_1_253' title='bbox 2452 572 2575 624; x_wconf 87' lang='grc' dir='ltr'>τίνα</span> <span class='ocrx_word' id='word_1_254' title='bbox 2626 573 2810 641; x_wconf 58' lang='lat' dir='ltr'><strong>aut»;</strong></span> <span class='ocrx_word' id='word_1_255' title='bbox 2860 575 2927 629; x_wconf 84' lang='grc' dir='ltr'><strong><em>Ἡ</em></strong></span> <span class='ocrx_word' id='word_1_256' title='bbox 2981 577 3203 639; x_wconf 81' lang='grc' dir='ltr'><strong>πίστις,</strong></span> <span class='ocrx_word' id='word_1_257' title='bbox 3259 578 3293 647; x_wconf 78' lang='grc' dir='ltr'><strong>ἠ</strong></span> <span class='ocrx_word' id='word_1_258' title='bbox 3344 564 3709 646; x_wconf 68' lang='grc' dir='ltr'>φρόνησιςυὴ</span> 
     </span>
    </p>
   </div>
   <div class='ocr_carea' id='block_1_37' title="bbox 2123 662 3703 739">
    <p class='ocr_par' dir='ltr' id='par_1_37' title="bbox 2123 662 3703 739">
     <span class='ocr_line' id='line_1_37' title="bbox 2123 662 3703 739; baseline 0.004 -23"><span class='ocrx_word' id='word_1_259' title='bbox 2123 662 2340 734; x_wconf 83' lang='grc' dir='ltr'>ἀγάπη,</span> <span class='ocrx_word' id='word_1_260' title='bbox 2374 665 2406 734; x_wconf 79' lang='grc' dir='ltr'><strong>ἡ</strong></span> <span class='ocrx_word' id='word_1_261' title='bbox 2439 667 2765 736; x_wconf 76' lang='grc' dir='ltr'><strong>σωφροσύνη</strong></span> <span class='ocrx_word' id='word_1_262' title='bbox 2788 709 2802 731; x_wconf 96' lang='grc'><strong>,</strong></span> <span class='ocrx_word' id='word_1_263' title='bbox 2837 669 2870 739; x_wconf 80' lang='grc' dir='ltr'>ἡ</span> <span class='ocrx_word' id='word_1_264' title='bbox 2910 670 3242 739; x_wconf 69' lang='grc' dir='ltr'>ἐγκρὲτεια,</span> <span class='ocrx_word' id='word_1_265' title='bbox 3286 670 3319 739; x_wconf 72' lang='grc' dir='ltr'>ἡ</span> <span class='ocrx_word' id='word_1_266' title='bbox 3352 667 3703 737; x_wconf 74' lang='grc' dir='ltr'><strong>δικαιοσύνη.</strong></span> 
     </span>
    </p>
   </div>
   <div class='ocr_carea' id='block_1_38' title="bbox 2122 754 3708 831">
    <p class='ocr_par' dir='ltr' id='par_1_38' title="bbox 2122 754 3708 831">
     <span class='ocr_line' id='line_1_38' title="bbox 2122 754 3708 831; baseline 0.004 -25"><span class='ocrx_word' id='word_1_267' title='bbox 2122 756 2156 823; x_wconf 82' lang='grc' dir='ltr'>ἡ</span> <span class='ocrx_word' id='word_1_268' title='bbox 2184 755 2461 816; x_wconf 82' lang='grc' dir='ltr'>εὐσέϐεια,</span> <span class='ocrx_word' id='word_1_269' title='bbox 2495 759 2527 826; x_wconf 76' lang='grc' dir='ltr'>ἡ</span> <span class='ocrx_word' id='word_1_270' title='bbox 2552 759 2817 828; x_wconf 82' lang='grc' dir='ltr'>πραότης,</span> <span class='ocrx_word' id='word_1_271' title='bbox 2845 761 2876 828; x_wconf 78' lang='grc' dir='ltr'><strong>η</strong></span> <span class='ocrx_word' id='word_1_272' title='bbox 2899 754 3399 831; x_wconf 77' lang='grc' dir='ltr'>ταπεινοφροσύνη.</span> <span class='ocrx_word' id='word_1_273' title='bbox 3431 759 3619 814; x_wconf 85' lang='grc' dir='ltr'>Ταῦτα</span> <span class='ocrx_word' id='word_1_274' title='bbox 3642 761 3708 812; x_wconf 72' lang='grc' dir='ltr'>τὰ</span> 
     </span>
    </p>
   </div>
   <div class='ocr_carea' id='block_1_39' title="bbox 2121 849 3710 922">
    <p class='ocr_par' dir='ltr' id='par_1_39' title="bbox 2121 849 3710 922">
     <span class='ocr_line' id='line_1_39' title="bbox 2121 849 3710 922; baseline 0.002 -21"><span class='ocrx_word' id='word_1_275' title='bbox 2121 849 2258 901; x_wconf 80' lang='grc' dir='ltr'>ὀστᾶ</span> <span class='ocrx_word' id='word_1_276' title='bbox 2290 849 2686 919; x_wconf 87' lang='grc' dir='ltr'>συνετρίϐησαν</span> <span class='ocrx_word' id='word_1_277' title='bbox 2722 854 2810 904; x_wconf 82' lang='grc' dir='ltr'>ἐπ’</span> <span class='ocrx_word' id='word_1_278' title='bbox 2851 852 2977 922; x_wconf 75' lang='grc' dir='ltr'>ἐμοὶ</span> <span class='ocrx_word' id='word_1_279' title='bbox 2996 892 3012 917; x_wconf 94' lang='grc'><strong>,</strong></span> <span class='ocrx_word' id='word_1_280' title='bbox 3040 851 3155 905; x_wconf 84' lang='grc' dir='ltr'>ἀλλ’</span> <span class='ocrx_word' id='word_1_281' title='bbox 3184 852 3245 905; x_wconf 81' lang='grc' dir='ltr'>οὺ</span> <span class='ocrx_word' id='word_1_282' title='bbox 3272 852 3381 905; x_wconf 80' lang='grc' dir='ltr'><strong>τῶν</strong></span> <span class='ocrx_word' id='word_1_283' title='bbox 3409 852 3603 921; x_wconf 81' lang='grc' dir='ltr'><strong>ἁγίων.</strong></span> <span class='ocrx_word' id='word_1_284' title='bbox 3645 852 3710 904; x_wconf 85' lang='grc' dir='ltr'><strong>Τί</strong></span> 
     </span>
    </p>
   </div>
   <div class='ocr_carea' id='block_1_40' title="bbox 2121 937 3707 1014">
    <p class='ocr_par' dir='ltr' id='par_1_40' title="bbox 2121 937 3707 1014">
     <span class='ocr_line' id='line_1_40' title="bbox 2121 937 3707 1014; baseline 0.004 -21"><span class='ocrx_word' id='word_1_285' title='bbox 2121 940 2233 1011; x_wconf 80' lang='grc' dir='ltr'><strong>γάρ</strong></span> <span class='ocrx_word' id='word_1_286' title='bbox 2279 959 2415 1011; x_wconf 83' lang='grc' dir='ltr'>φησι</span> <span class='ocrx_word' id='word_1_287' title='bbox 2473 943 2605 1012; x_wconf 77' lang='grc' dir='ltr'>περὶ</span> <span class='ocrx_word' id='word_1_288' title='bbox 2638 944 2820 996; x_wconf 84' lang='grc' dir='ltr'>αὐτῶν</span> <span class='ocrx_word' id='word_1_289' title='bbox 2864 946 2892 997; x_wconf 82' lang='grc' dir='ltr'>ὁ</span> <span class='ocrx_word' id='word_1_290' title='bbox 2946 943 3109 1007; x_wconf 76' lang='grc' dir='ltr'>αὐτὸς</span> <span class='ocrx_word' id='word_1_291' title='bbox 3167 937 3325 1007; x_wconf 72' lang='grc' dir='ltr'>οὗτος</span> <span class='ocrx_word' id='word_1_292' title='bbox 3377 944 3707 1014; x_wconf 72' lang='grc' dir='ltr'>Προφήτηςε</span> 
     </span>
    </p>
   </div>
   <div class='ocr_carea' id='block_1_41' title="bbox 2127 1034 3710 1106">
    <p class='ocr_par' dir='ltr' id='par_1_41' title="bbox 2127 1034 3710 1106">
     <span class='ocr_line' id='line_1_41' title="bbox 2127 1034 3710 1106; baseline 0.001 -21"><span class='ocrx_word' id='word_1_293' title='bbox 2127 1053 2145 1085; x_wconf 76' lang='grc' dir='ltr'><strong>ι</strong></span> <span class='ocrx_word' id='word_1_294' title='bbox 2179 1034 2447 1089; x_wconf 83' lang='grc' dir='ltr'>Φυλάσσει</span> <span class='ocrx_word' id='word_1_295' title='bbox 2491 1035 2702 1106; x_wconf 79' lang='grc' dir='ltr'>Κύριος</span> <span class='ocrx_word' id='word_1_296' title='bbox 2750 1037 2932 1090; x_wconf 81' lang='grc' dir='ltr'>πάντα</span> <span class='ocrx_word' id='word_1_297' title='bbox 2981 1037 3049 1090; x_wconf 84' lang='grc' dir='ltr'><strong>τὰ</strong></span> <span class='ocrx_word' id='word_1_298' title='bbox 3085 1036 3223 1090; x_wconf 74' lang='grc' dir='ltr'>ὀστᾶ</span> <span class='ocrx_word' id='word_1_299' title='bbox 3274 1035 3480 1089; x_wconf 79' lang='grc' dir='ltr'>αὐτῶν.</span> <span class='ocrx_word' id='word_1_300' title='bbox 3526 1036 3623 1088; x_wconf 86' lang='grc' dir='ltr'>Ἕν</span> <span class='ocrx_word' id='word_1_301' title='bbox 3651 1034 3710 1099; x_wconf 81' lang='grc' dir='ltr'>ἐξ</span> 
     </span>
    </p>
   </div>
   <div class='ocr_carea' id='block_1_42' title="bbox 2120 1126 3706 1198">
    <p class='ocr_par' dir='ltr' id='par_1_42' title="bbox 2120 1126 3706 1198">
     <span class='ocr_line' id='line_1_42' title="bbox 2120 1126 3706 1198; baseline 0.004 -20"><span class='ocrx_word' id='word_1_302' title='bbox 2120 1126 2300 1179; x_wconf 84' lang='grc' dir='ltr'>αὐτῶν</span> <span class='ocrx_word' id='word_1_303' title='bbox 2339 1127 2402 1179; x_wconf 85' lang='grc' dir='ltr'><strong>οὐ</strong></span> <span class='ocrx_word' id='word_1_304' title='bbox 2438 1128 2881 1198; x_wconf 85' lang='grc' dir='ltr'>συντριϐήσεται.</span> <span class='ocrx_word' id='word_1_305' title='bbox 2921 1147 2940 1179; x_wconf 83' lang='grc' dir='ltr'><strong>ι</strong></span> <span class='ocrx_word' id='word_1_306' title='bbox 2980 1159 3051 1169; x_wconf 92' lang='grc'><strong><em>-</em></strong></span> <span class='ocrx_word' id='word_1_307' title='bbox 3086 1148 3103 1180; x_wconf 83' lang='grc' dir='ltr'><strong>ι</strong></span> <span class='ocrx_word' id='word_1_308' title='bbox 3136 1129 3318 1182; x_wconf 81' lang='grc' dir='ltr'>Ἰασαί</span> <span class='ocrx_word' id='word_1_309' title='bbox 3362 1145 3464 1197; x_wconf 89' lang='grc' dir='ltr'><strong>με,</strong></span> <span class='ocrx_word' id='word_1_310' title='bbox 3509 1128 3706 1196; x_wconf 81' lang='grc' dir='ltr'>Κύριε.</span> 
     </span>
    </p>
   </div>
   <div class='ocr_carea' id='block_1_43' title="bbox 2119 1218 3701 1291">
    <p class='ocr_par' dir='ltr' id='par_1_43' title="bbox 2119 1218 3701 1291">
     <span class='ocr_line' id='line_1_43' title="bbox 2119 1218 3701 1291; baseline -0.001 -20"><span class='ocrx_word' id='word_1_311' title='bbox 2119 1218 2202 1271; x_wconf 84' lang='grc' dir='ltr'><strong>ὅτι</strong></span> <span class='ocrx_word' id='word_1_312' title='bbox 2219 1218 2497 1290; x_wconf 82' lang='grc' dir='ltr'>ἐταράχθη</span> <span class='ocrx_word' id='word_1_313' title='bbox 2519 1220 2589 1273; x_wconf 89' lang='grc' dir='ltr'><strong>τά</strong></span> <span class='ocrx_word' id='word_1_314' title='bbox 2606 1220 2742 1272; x_wconf 82' lang='grc' dir='ltr'>ὀστᾶ</span> <span class='ocrx_word' id='word_1_315' title='bbox 2767 1232 2890 1290; x_wconf 86' lang='grc' dir='ltr'>μου,</span> <span class='ocrx_word' id='word_1_316' title='bbox 2912 1221 3009 1274; x_wconf 80' lang='grc' dir='ltr'><strong>καὶ</strong></span> <span class='ocrx_word' id='word_1_317' title='bbox 3027 1222 3060 1291; x_wconf 78' lang='grc' dir='ltr'>ἡ</span> <span class='ocrx_word' id='word_1_318' title='bbox 3079 1220 3223 1291; x_wconf 69' lang='grc' dir='ltr'>ψυχή</span> <span class='ocrx_word' id='word_1_319' title='bbox 3251 1235 3355 1290; x_wconf 90' lang='grc' dir='ltr'><strong>μου</strong></span> <span class='ocrx_word' id='word_1_320' title='bbox 3372 1218 3669 1289; x_wconf 79' lang='grc' dir='ltr'>ἐταράχθη.</span> <span class='ocrx_word' id='word_1_321' title='bbox 3685 1238 3701 1267; x_wconf 82' lang='grc' dir='ltr'><strong>ι</strong></span> 
     </span>
    </p>
   </div>
   <div class='ocr_carea' id='block_1_44' title="bbox 2119 1310 3707 1384">
    <p class='ocr_par' dir='ltr' id='par_1_44' title="bbox 2119 1310 3707 1384">
     <span class='ocr_line' id='line_1_44' title="bbox 2119 1310 3707 1384; baseline 0.003 -24"><span class='ocrx_word' id='word_1_322' title='bbox 2119 1311 2219 1364; x_wconf 86' lang='grc' dir='ltr'><strong>Διὰ</strong></span> <span class='ocrx_word' id='word_1_323' title='bbox 2246 1310 2329 1377; x_wconf 90' lang='grc' dir='ltr'>τί;</span> <span class='ocrx_word' id='word_1_324' title='bbox 2377 1311 2525 1381; x_wconf 85' lang='grc' dir='ltr'><strong>’0ρῶ</strong></span> <span class='ocrx_word' id='word_1_325' title='bbox 2560 1312 2670 1384; x_wconf 83' lang='grc' dir='ltr'>γὰρ</span> <span class='ocrx_word' id='word_1_326' title='bbox 2715 1313 2818 1384; x_wconf 71' lang='grc' dir='ltr'>ἠδη</span> <span class='ocrx_word' id='word_1_327' title='bbox 2851 1314 3042 1367; x_wconf 80' lang='grc' dir='ltr'>λοιπὸν</span> <span class='ocrx_word' id='word_1_328' title='bbox 3075 1313 3167 1366; x_wconf 76' lang='grc' dir='ltr'><strong>τὸν</strong></span> <span class='ocrx_word' id='word_1_329' title='bbox 3197 1314 3393 1383; x_wconf 80' lang='grc' dir='ltr'>χρόνον</span> <span class='ocrx_word' id='word_1_330' title='bbox 3422 1315 3522 1382; x_wconf 75' lang='grc' dir='ltr'><strong>τῆς</strong></span> <span class='ocrx_word' id='word_1_331' title='bbox 3561 1310 3707 1381; x_wconf 77' lang='grc' dir='ltr'>ζωῆς</span> 
     </span>
    </p>
   </div>
   <div class='ocr_carea' id='block_1_45' title="bbox 2122 1403 3706 1476">
    <p class='ocr_par' dir='ltr' id='par_1_45' title="bbox 2122 1403 3706 1476">
     <span class='ocr_line' id='line_1_45' title="bbox 2122 1403 3706 1476; baseline 0.011 -23"><span class='ocrx_word' id='word_1_332' title='bbox 2122 1419 2227 1471; x_wconf 92' lang='grc' dir='ltr'><strong>μου</strong></span> <span class='ocrx_word' id='word_1_333' title='bbox 2280 1403 2637 1469; x_wconf 75' lang='grc' dir='ltr'><strong>ἐκλείποντα,</strong></span> <span class='ocrx_word' id='word_1_334' title='bbox 2673 1406 2733 1459; x_wconf 83' lang='grc' dir='ltr'>τὺ</span> <span class='ocrx_word' id='word_1_335' title='bbox 2784 1407 2938 1470; x_wconf 80' lang='grc' dir='ltr'>τέλος</span> <span class='ocrx_word' id='word_1_336' title='bbox 2990 1407 3245 1475; x_wconf 80' lang='grc' dir='ltr'>ἐγγίζον,</span> <span class='ocrx_word' id='word_1_337' title='bbox 3274 1405 3334 1459; x_wconf 80' lang='grc' dir='ltr'><strong>τὸ</strong></span> <span class='ocrx_word' id='word_1_338' title='bbox 3377 1405 3565 1476; x_wconf 83' lang='grc' dir='ltr'>γῆρας</span> <span class='ocrx_word' id='word_1_339' title='bbox 3606 1403 3706 1475; x_wconf 73' lang='grc' dir='ltr'><strong>τὴν</strong></span> 
     </span>
    </p>
   </div>
   <div class='ocr_carea' id='block_1_46' title="bbox 2119 1497 3705 1571">
    <p class='ocr_par' dir='ltr' id='par_1_46' title="bbox 2119 1497 3705 1571">
     <span class='ocr_line' id='line_1_46' title="bbox 2119 1497 3705 1571; baseline -0.001 -21"><span class='ocrx_word' id='word_1_340' title='bbox 2119 1497 2297 1569; x_wconf 82' lang='grc' dir='ltr'>τομὴν</span> <span class='ocrx_word' id='word_1_341' title='bbox 2318 1500 2718 1570; x_wconf 86' lang='grc' dir='ltr'>προαγγέλλον,</span> <span class='ocrx_word' id='word_1_342' title='bbox 2744 1502 2838 1554; x_wconf 75' lang='grc' dir='ltr'><strong>τὸν</strong></span> <span class='ocrx_word' id='word_1_343' title='bbox 2870 1501 3128 1571; x_wconf 79' lang='grc' dir='ltr'>θεριστὴν</span> <span class='ocrx_word' id='word_1_344' title='bbox 3150 1500 3472 1563; x_wconf 83' lang='grc' dir='ltr'>σπεύδοντα,</span> <span class='ocrx_word' id='word_1_345' title='bbox 3497 1499 3592 1552; x_wconf 71' lang='grc' dir='ltr'><strong>καὶ</strong></span> <span class='ocrx_word' id='word_1_346' title='bbox 3608 1499 3705 1570; x_wconf 81' lang='grc' dir='ltr'><strong>τὴν</strong></span> 
     </span>
    </p>
   </div>
   <div class='ocr_carea' id='block_1_47' title="bbox 2117 1587 3707 1663">
    <p class='ocr_par' dir='ltr' id='par_1_47' title="bbox 2117 1587 3707 1663">
     <span class='ocr_line' id='line_1_47' title="bbox 2117 1587 3707 1663; baseline 0.001 -23"><span class='ocrx_word' id='word_1_347' title='bbox 2117 1587 2400 1659; x_wconf 86' lang='grc' dir='ltr'>δρεπὰνην</span> <span class='ocrx_word' id='word_1_348' title='bbox 2446 1590 2790 1654; x_wconf 80' lang='grc' dir='ltr'>δεικνύοντα,</span> <span class='ocrx_word' id='word_1_349' title='bbox 2826 1593 2926 1660; x_wconf 79' lang='grc' dir='ltr'><strong>τὴν</strong></span> <span class='ocrx_word' id='word_1_350' title='bbox 2974 1591 3166 1663; x_wconf 80' lang='grc' dir='ltr'>ἀξίνην</span> <span class='ocrx_word' id='word_1_351' title='bbox 3214 1590 3573 1661; x_wconf 80' lang='grc' dir='ltr'>βαστάζοντα,</span> <span class='ocrx_word' id='word_1_352' title='bbox 3611 1591 3707 1642; x_wconf 72' lang='grc' dir='ltr'><strong>καὶ</strong></span> 
     </span>
    </p>
   </div>
   <div class='ocr_carea' id='block_1_48' title="bbox 2119 1677 3708 1754">
    <p class='ocr_par' dir='ltr' id='par_1_48' title="bbox 2119 1677 3708 1754">
     <span class='ocr_line' id='line_1_48' title="bbox 2119 1677 3708 1754; baseline -0.001 -23"><span class='ocrx_word' id='word_1_353' title='bbox 2119 1679 2218 1750; x_wconf 81' lang='grc' dir='ltr'><strong>τὴν</strong></span> <span class='ocrx_word' id='word_1_354' title='bbox 2270 1682 2515 1752; x_wconf 80' lang='grc' dir='ltr'>ἐκκοπὴν</span> <span class='ocrx_word' id='word_1_355' title='bbox 2564 1681 2843 1752; x_wconf 82' lang='grc' dir='ltr'>μηνύοντα</span> <span class='ocrx_word' id='word_1_356' title='bbox 2896 1683 2996 1753; x_wconf 78' lang='grc' dir='ltr'><strong>τῆς</strong></span> <span class='ocrx_word' id='word_1_357' title='bbox 3031 1683 3312 1754; x_wconf 79' lang='grc' dir='ltr'>ἀκαρπίαν</span> <span class='ocrx_word' id='word_1_358' title='bbox 3347 1680 3577 1751; x_wconf 78' lang='grc' dir='ltr'>ἐχούσης</span> <span class='ocrx_word' id='word_1_359' title='bbox 3607 1677 3708 1748; x_wconf 69' lang='grc' dir='ltr'><strong>ψυ-</strong></span> 
     </span>
    </p>
   </div>
   <div class='ocr_carea' id='block_1_49' title="bbox 2119 1771 3709 1846">
    <p class='ocr_par' dir='ltr' id='par_1_49' title="bbox 2119 1771 3709 1846">
     <span class='ocr_line' id='line_1_49' title="bbox 2119 1771 3709 1846; baseline -0.012 -4"><span class='ocrx_word' id='word_1_360' title='bbox 2119 1772 2241 1842; x_wconf 79' lang='grc' dir='ltr'><strong>χῆςο</strong></span> <span class='ocrx_word' id='word_1_361' title='bbox 2284 1791 2303 1823; x_wconf 75' lang='grc' dir='ltr'><strong>ι</strong></span> <span class='ocrx_word' id='word_1_362' title='bbox 2361 1773 2425 1827; x_wconf 84' lang='grc' dir='ltr'><strong><em>Ἦ</em></strong></span> <span class='ocrx_word' id='word_1_363' title='bbox 2463 1773 2609 1846; x_wconf 75' lang='grc' dir='ltr'>ψυχή</span> <span class='ocrx_word' id='word_1_364' title='bbox 2645 1791 2750 1844; x_wconf 85' lang='grc' dir='ltr'>μου</span> <span class='ocrx_word' id='word_1_365' title='bbox 2797 1773 3072 1845; x_wconf 75' lang='grc' dir='ltr'>ἐταράχθη</span> <span class='ocrx_word' id='word_1_366' title='bbox 3124 1774 3350 1845; x_wconf 82' lang='grc' dir='ltr'>σφόδρα.</span> <span class='ocrx_word' id='word_1_367' title='bbox 3389 1791 3408 1824; x_wconf 75' lang='grc' dir='ltr'><strong>ι</strong></span> <span class='ocrx_word' id='word_1_368' title='bbox 3457 1771 3603 1844; x_wconf 83' lang='grc' dir='ltr'><strong>Ὀρῶ</strong></span> <span class='ocrx_word' id='word_1_369' title='bbox 3640 1774 3709 1824; x_wconf 79' lang='grc' dir='ltr'><strong>τά</strong></span> 
     </span>
    </p>
   </div>
   <div class='ocr_carea' id='block_1_50' title="bbox 2121 1863 3707 1939">
    <p class='ocr_par' dir='ltr' id='par_1_50' title="bbox 2121 1863 3707 1939">
     <span class='ocr_line' id='line_1_50' title="bbox 2121 1863 3707 1939; baseline -0.001 -21"><span class='ocrx_word' id='word_1_370' title='bbox 2121 1863 2241 1918; x_wconf 85' lang='grc' dir='ltr'>κατ’</span> <span class='ocrx_word' id='word_1_371' title='bbox 2292 1866 2394 1935; x_wconf 77' lang='grc' dir='ltr'>ἐμὲ</span> <span class='ocrx_word' id='word_1_372' title='bbox 2434 1866 2769 1937; x_wconf 80' lang='grc' dir='ltr'>ἀδιόρθωτα,</span> <span class='ocrx_word' id='word_1_373' title='bbox 2811 1868 2904 1921; x_wconf 79' lang='grc' dir='ltr'>καὶ</span> <span class='ocrx_word' id='word_1_374' title='bbox 2951 1867 3091 1939; x_wconf 75' lang='grc' dir='ltr'>πρὸς</span> <span class='ocrx_word' id='word_1_375' title='bbox 3132 1867 3196 1919; x_wconf 82' lang='grc' dir='ltr'><strong>τὸ</strong></span> <span class='ocrx_word' id='word_1_376' title='bbox 3247 1869 3428 1937; x_wconf 85' lang='grc' dir='ltr'>χεῖρον</span> <span class='ocrx_word' id='word_1_377' title='bbox 3466 1865 3707 1936; x_wconf 68' lang='grc' dir='ltr'>ἐμαυτὸν</span> 
     </span>
    </p>
   </div>
   <div class='ocr_carea' id='block_1_51' title="bbox 2121 1956 3703 2031">
    <p class='ocr_par' dir='ltr' id='par_1_51' title="bbox 2121 1956 3703 2031">
     <span class='ocr_line' id='line_1_51' title="bbox 2121 1956 3703 2031; baseline -0.003 -18"><span class='ocrx_word' id='word_1_378' title='bbox 2121 1958 2247 2013; x_wconf 78' lang='grc' dir='ltr'>καθ’</span> <span class='ocrx_word' id='word_1_379' title='bbox 2276 1960 2494 2031; x_wconf 83' lang='grc' dir='ltr'>ἡμέραν</span> <span class='ocrx_word' id='word_1_380' title='bbox 2521 1961 2842 2031; x_wconf 86' lang='grc' dir='ltr'>ἐρχόμενον.</span> <span class='ocrx_word' id='word_1_381' title='bbox 2879 1979 2896 2012; x_wconf 81' lang='grc' dir='ltr'><strong>ι</strong></span> <span class='ocrx_word' id='word_1_382' title='bbox 2926 1962 3040 2015; x_wconf 80' lang='grc' dir='ltr'>Καὶ</span> <span class='ocrx_word' id='word_1_383' title='bbox 3063 1962 3095 2030; x_wconf 81' lang='grc' dir='ltr'><strong>ἠ</strong></span> <span class='ocrx_word' id='word_1_384' title='bbox 3120 1960 3266 2030; x_wconf 75' lang='grc' dir='ltr'>ψυχή</span> <span class='ocrx_word' id='word_1_385' title='bbox 3299 1976 3400 2029; x_wconf 89' lang='grc' dir='ltr'><strong>μου</strong></span> <span class='ocrx_word' id='word_1_386' title='bbox 3428 1956 3703 2027; x_wconf 83' lang='grc' dir='ltr'>ἐταράχθη</span> 
     </span>
    </p>
   </div>
   <div class='ocr_carea' id='block_1_52' title="bbox 2123 2049 3709 2124">
    <p class='ocr_par' dir='ltr' id='par_1_52' title="bbox 2123 2049 3709 2124">
     <span class='ocr_line' id='line_1_52' title="bbox 2123 2049 3709 2124; baseline -0.001 -21"><span class='ocrx_word' id='word_1_387' title='bbox 2123 2051 2350 2121; x_wconf 83' lang='grc' dir='ltr'>σφόδρα.</span> <span class='ocrx_word' id='word_1_388' title='bbox 2387 2071 2409 2105; x_wconf 72' lang='grc' dir='ltr'><strong>ι</strong></span> <span class='ocrx_word' id='word_1_389' title='bbox 2464 2052 2605 2120; x_wconf 84' lang='grc' dir='ltr'>Ὀρῶ</span> <span class='ocrx_word' id='word_1_390' title='bbox 2659 2053 2751 2107; x_wconf 80' lang='grc' dir='ltr'><strong>τὸν</strong></span> <span class='ocrx_word' id='word_1_391' title='bbox 2789 2053 3031 2122; x_wconf 81' lang='grc' dir='ltr'>κλέπτην</span> <span class='ocrx_word' id='word_1_392' title='bbox 3078 2052 3551 2124; x_wconf 78' lang='grc' dir='ltr'>προσεγγίζοντα,</span> <span class='ocrx_word' id='word_1_393' title='bbox 3611 2049 3709 2101; x_wconf 72' lang='grc' dir='ltr'><strong>καὶ</strong></span> 
     </span>
    </p>
   </div>
   <div class='ocr_carea' id='block_1_53' title="bbox 2119 2140 3707 2214">
    <p class='ocr_par' dir='ltr' id='par_1_53' title="bbox 2119 2140 3707 2214">
     <span class='ocr_line' id='line_1_53' title="bbox 2119 2140 3707 2214; baseline -0.001 -22"><span class='ocrx_word' id='word_1_394' title='bbox 2119 2140 2369 2210; x_wconf 83' lang='grc' dir='ltr'>ἁρπάσαι</span> <span class='ocrx_word' id='word_1_395' title='bbox 2397 2140 2495 2195; x_wconf 87' lang='grc' dir='ltr'><strong>τοῦ</strong></span> <span class='ocrx_word' id='word_1_396' title='bbox 2523 2141 2641 2212; x_wconf 86' lang='grc' dir='ltr'>βίου</span> <span class='ocrx_word' id='word_1_397' title='bbox 2683 2160 2752 2214; x_wconf 88' lang='grc' dir='ltr'><strong>με</strong></span> <span class='ocrx_word' id='word_1_398' title='bbox 2781 2143 3083 2196; x_wconf 82' lang='grc' dir='ltr'>σπεύδοντα</span> <span class='ocrx_word' id='word_1_399' title='bbox 3104 2160 3118 2172; x_wconf 88' lang='grc'><strong>·</strong></span> <span class='ocrx_word' id='word_1_400' title='bbox 3161 2161 3179 2191; x_wconf 76' lang='grc' dir='ltr'><strong>ι</strong></span> <span class='ocrx_word' id='word_1_401' title='bbox 3223 2142 3334 2196; x_wconf 80' lang='lat' dir='ltr'><strong>Kal</strong></span> <span class='ocrx_word' id='word_1_402' title='bbox 3369 2143 3401 2210; x_wconf 84' lang='grc' dir='ltr'>ἡ</span> <span class='ocrx_word' id='word_1_403' title='bbox 3429 2140 3578 2210; x_wconf 71' lang='grc' dir='ltr'>ψυχή</span> <span class='ocrx_word' id='word_1_404' title='bbox 3605 2157 3707 2208; x_wconf 87' lang='grc' dir='ltr'><strong>μου</strong></span> 
     </span>
    </p>
   </div>
   <div class='ocr_carea' id='block_1_54' title="bbox 2122 2229 3709 2304">
    <p class='ocr_par' dir='ltr' id='par_1_54' title="bbox 2122 2229 3709 2304">
     <span class='ocr_line' id='line_1_54' title="bbox 2122 2229 3709 2304; baseline -0.003 -20"><span class='ocrx_word' id='word_1_405' title='bbox 2122 2231 2399 2304; x_wconf 85' lang='grc' dir='ltr'>ἐταράχθη</span> <span class='ocrx_word' id='word_1_406' title='bbox 2437 2234 2673 2302; x_wconf 76' lang='grc' dir='ltr'>σφόδρα.</span> <span class='ocrx_word' id='word_1_407' title='bbox 2714 2252 2732 2285; x_wconf 76' lang='grc' dir='ltr'><strong>ι</strong></span> <span class='ocrx_word' id='word_1_408' title='bbox 2780 2234 2922 2304; x_wconf 83' lang='grc' dir='ltr'>Ὀρῶ</span> <span class='ocrx_word' id='word_1_409' title='bbox 2950 2234 3049 2304; x_wconf 81' lang='grc' dir='ltr'>τὴν</span> <span class='ocrx_word' id='word_1_410' title='bbox 3089 2232 3269 2299; x_wconf 79' lang='grc' dir='ltr'>ἔξοδον</span> <span class='ocrx_word' id='word_1_411' title='bbox 3299 2229 3393 2283; x_wconf 87' lang='grc' dir='ltr'><strong>τοῦ</strong></span> <span class='ocrx_word' id='word_1_412' title='bbox 3424 2230 3543 2299; x_wconf 83' lang='grc' dir='ltr'>βίου</span> <span class='ocrx_word' id='word_1_413' title='bbox 3584 2230 3709 2282; x_wconf 75' lang='grc' dir='ltr'>ὲπιο</span> 
     </span>
    </p>
   </div>
   <div class='ocr_carea' id='block_1_55' title="bbox 2124 2320 3710 2395">
    <p class='ocr_par' dir='ltr' id='par_1_55' title="bbox 2124 2320 3710 2395">
     <span class='ocr_line' id='line_1_55' title="bbox 2124 2320 3710 2395; baseline -0.003 -20"><span class='ocrx_word' id='word_1_414' title='bbox 2124 2324 2349 2389; x_wconf 83' lang='grc' dir='ltr'>στᾶσαν,</span> <span class='ocrx_word' id='word_1_415' title='bbox 2379 2324 2526 2395; x_wconf 87' lang='grc' dir='ltr'><strong>κὰμέ</strong></span> <span class='ocrx_word' id='word_1_416' title='bbox 2556 2325 2632 2395; x_wconf 84' lang='grc' dir='ltr'>μὴ</span> <span class='ocrx_word' id='word_1_417' title='bbox 2646 2324 2860 2394; x_wconf 57' lang='grc' dir='ltr'>ἔχοντα</span> <span class='ocrx_word' id='word_1_418' title='bbox 2891 2325 3127 2394; x_wconf 82' lang='grc' dir='ltr'>ἐφόδιον.</span> <span class='ocrx_word' id='word_1_419' title='bbox 3169 2323 3315 2392; x_wconf 85' lang='grc' dir='ltr'><strong>Ὀρῶ</strong></span> <span class='ocrx_word' id='word_1_420' title='bbox 3356 2321 3449 2374; x_wconf 79' lang='grc' dir='ltr'><strong>τὸν</strong></span> <span class='ocrx_word' id='word_1_421' title='bbox 3486 2320 3710 2389; x_wconf 80' lang='grc' dir='ltr'>λογοθε-</span> 
     </span>
    </p>
   </div>
   <div class='ocr_carea' id='block_1_56' title="bbox 2120 2411 3709 2487">
    <p class='ocr_par' dir='ltr' id='par_1_56' title="bbox 2120 2411 3709 2487">
     <span class='ocr_line' id='line_1_56' title="bbox 2120 2411 3709 2487; baseline -0.003 -19"><span class='ocrx_word' id='word_1_422' title='bbox 2120 2416 2317 2469; x_wconf 86' lang='grc' dir='ltr'>τοῦντα</span> <span class='ocrx_word' id='word_1_423' title='bbox 2345 2416 2408 2469; x_wconf 82' lang='grc' dir='ltr'><strong>τὸ</strong></span> <span class='ocrx_word' id='word_1_424' title='bbox 2451 2415 2731 2487; x_wconf 71' lang='grc' dir='ltr'>ἔγγραφον</span> <span class='ocrx_word' id='word_1_425' title='bbox 2771 2433 2863 2485; x_wconf 89' lang='grc' dir='ltr'><strong>μοι</strong></span> <span class='ocrx_word' id='word_1_426' title='bbox 2904 2414 3337 2477; x_wconf 82' lang='grc' dir='ltr'>ἐπιδεικνύοντα,</span> <span class='ocrx_word' id='word_1_427' title='bbox 3374 2413 3469 2467; x_wconf 75' lang='grc' dir='ltr'>καὶ</span> <span class='ocrx_word' id='word_1_428' title='bbox 3508 2411 3709 2482; x_wconf 63' lang='grc' dir='ltr'>πικρὸν</span> 
     </span>
    </p>
   </div>
   <div class='ocr_carea' id='block_1_57' title="bbox 2121 2501 3707 2576">
    <p class='ocr_par' dir='ltr' id='par_1_57' title="bbox 2121 2501 3707 2576">
     <span class='ocr_line' id='line_1_57' title="bbox 2121 2501 3707 2576; baseline -0.004 -18"><span class='ocrx_word' id='word_1_429' title='bbox 2121 2507 2249 2568; x_wconf 83' lang='grc' dir='ltr'>τοὺς</span> <span class='ocrx_word' id='word_1_430' title='bbox 2273 2501 2507 2576; x_wconf 75' lang='grc' dir='ltr'>δημίους</span> <span class='ocrx_word' id='word_1_431' title='bbox 2549 2505 2951 2573; x_wconf 83' lang='grc' dir='ltr'>ἐμϐλέποντας.</span> <span class='ocrx_word' id='word_1_432' title='bbox 3012 2504 3154 2574; x_wconf 84' lang='grc' dir='ltr'><strong>ὀρῶ</strong></span> <span class='ocrx_word' id='word_1_433' title='bbox 3187 2503 3416 2566; x_wconf 80' lang='grc' dir='ltr'>πολλοὺς</span> <span class='ocrx_word' id='word_1_434' title='bbox 3447 2501 3578 2565; x_wconf 71' lang='grc' dir='ltr'>τοὺς</span> <span class='ocrx_word' id='word_1_435' title='bbox 3604 2517 3707 2552; x_wconf 84' lang='grc' dir='ltr'>κα-</span> 
     </span>
    </p>
   </div>
   <div class='ocr_carea' id='block_1_58' title="bbox 2121 2592 3706 2669">
    <p class='ocr_par' dir='ltr' id='par_1_58' title="bbox 2121 2592 3706 2669">
     <span class='ocr_line' id='line_1_58' title="bbox 2121 2592 3706 2669; baseline -0.016 -6"><span class='ocrx_word' id='word_1_436' title='bbox 2121 2598 2427 2669; x_wconf 80' lang='grc' dir='ltr'>τηγόρους,</span> <span class='ocrx_word' id='word_1_437' title='bbox 2476 2598 2572 2651; x_wconf 72' lang='grc' dir='ltr'>καὶ</span> <span class='ocrx_word' id='word_1_438' title='bbox 2621 2597 2815 2650; x_wconf 80' lang='grc' dir='ltr'>οὐδένα</span> <span class='ocrx_word' id='word_1_439' title='bbox 2859 2596 3201 2667; x_wconf 77' lang='grc' dir='ltr'><strong>συνήγορον⁹</strong></span> <span class='ocrx_word' id='word_1_440' title='bbox 3250 2614 3269 2646; x_wconf 74' lang='grc' dir='ltr'><strong>ι</strong></span> <span class='ocrx_word' id='word_1_441' title='bbox 3325 2594 3436 2648; x_wconf 74' lang='grc' dir='ltr'><strong>Καὶ</strong></span> <span class='ocrx_word' id='word_1_442' title='bbox 3477 2595 3510 2664; x_wconf 77' lang='grc' dir='ltr'>ἡ</span> <span class='ocrx_word' id='word_1_443' title='bbox 3554 2592 3706 2663; x_wconf 78' lang='grc' dir='ltr'>ψυχή</span> 
     </span>
    </p>
   </div>
   <div class='ocr_carea' id='block_1_59' title="bbox 2126 2686 3710 2764">
    <p class='ocr_par' dir='ltr' id='par_1_59' title="bbox 2126 2686 3710 2764">
     <span class='ocr_line' id='line_1_59' title="bbox 2126 2686 3710 2764; baseline -0.005 -20"><span class='ocrx_word' id='word_1_444' title='bbox 2126 2708 2229 2762; x_wconf 91' lang='grc' dir='ltr'><strong>μου</strong></span> <span class='ocrx_word' id='word_1_445' title='bbox 2282 2691 2561 2764; x_wconf 81' lang='grc' dir='ltr'>ἐταράχθη</span> <span class='ocrx_word' id='word_1_446' title='bbox 2625 2691 2853 2760; x_wconf 81' lang='grc' dir='ltr'>σφόδρα.</span> <span class='ocrx_word' id='word_1_447' title='bbox 2902 2709 2919 2742; x_wconf 85' lang='grc' dir='ltr'><strong>ι</strong></span> <span class='ocrx_word' id='word_1_448' title='bbox 2982 2690 3080 2742; x_wconf 81' lang='grc' dir='ltr'><strong>Διὰ</strong></span> <span class='ocrx_word' id='word_1_449' title='bbox 3126 2687 3284 2740; x_wconf 87' lang='grc' dir='ltr'>τοῦτο</span> <span class='ocrx_word' id='word_1_450' title='bbox 3346 2687 3559 2758; x_wconf 77' lang='grc' dir='ltr'>φρίττω</span> <span class='ocrx_word' id='word_1_451' title='bbox 3608 2686 3710 2738; x_wconf 70' lang='grc' dir='ltr'>καὶ</span> 
     </span>
    </p>
   </div>
   <div class='ocr_carea' id='block_1_60' title="bbox 2122 2778 3708 2854">
    <p class='ocr_par' dir='ltr' id='par_1_60' title="bbox 2122 2778 3708 2854">
     <span class='ocr_line' id='line_1_60' title="bbox 2122 2778 3708 2854; baseline -0.006 -16"><span class='ocrx_word' id='word_1_452' title='bbox 2122 2785 2374 2852; x_wconf 83' lang='grc' dir='ltr'>ἀγωνιῶ,</span> <span class='ocrx_word' id='word_1_453' title='bbox 2411 2786 2507 2837; x_wconf 77' lang='grc' dir='ltr'>καὶ</span> <span class='ocrx_word' id='word_1_454' title='bbox 2547 2785 2600 2838; x_wconf 89' lang='grc' dir='ltr'><strong>τί</strong></span> <span class='ocrx_word' id='word_1_455' title='bbox 2656 2784 2854 2854; x_wconf 81' lang='grc' dir='ltr'>πράξω</span> <span class='ocrx_word' id='word_1_456' title='bbox 2899 2783 3001 2836; x_wconf 83' lang='grc' dir='ltr'><strong>οὐκ</strong></span> <span class='ocrx_word' id='word_1_457' title='bbox 3047 2778 3186 2835; x_wconf 77' lang='grc' dir='ltr'>οἶδα.</span> <span class='ocrx_word' id='word_1_458' title='bbox 3222 2782 3320 2833; x_wconf 78' lang='grc' dir='ltr'>Ἂν</span> <span class='ocrx_word' id='word_1_459' title='bbox 3369 2780 3480 2849; x_wconf 84' lang='grc' dir='ltr'><strong>γάρ</strong></span> <span class='ocrx_word' id='word_1_460' title='bbox 3514 2778 3708 2849; x_wconf 83' lang='grc' dir='ltr'>χρόνον</span> 
     </span>
    </p>
   </div>
   <div class='ocr_carea' id='block_1_61' title="bbox 2124 2870 3711 2948">
    <p class='ocr_par' dir='ltr' id='par_1_61' title="bbox 2124 2870 3711 2948">
     <span class='ocr_line' id='line_1_61' title="bbox 2124 2870 3711 2948; baseline -0.006 -17"><span class='ocrx_word' id='word_1_461' title='bbox 2124 2876 2337 2948; x_wconf 72' lang='grc' dir='ltr'>αἰτήσω</span> <span class='ocrx_word' id='word_1_462' title='bbox 2362 2876 2530 2947; x_wconf 81' lang='grc' dir='ltr'>ζωῆς,</span> <span class='ocrx_word' id='word_1_463' title='bbox 2556 2875 2833 2945; x_wconf 85' lang='grc' dir='ltr'>φοϐοῦμαι</span> <span class='ocrx_word' id='word_1_464' title='bbox 2864 2875 2939 2946; x_wconf 82' lang='grc' dir='ltr'>μὴ</span> <span class='ocrx_word' id='word_1_465' title='bbox 2979 2871 3302 2943; x_wconf 80' lang='grc' dir='ltr'>προσθήκην</span> <span class='ocrx_word' id='word_1_466' title='bbox 3329 2870 3492 2925; x_wconf 79' lang='grc' dir='ltr'>αὐτὸν</span> <span class='ocrx_word' id='word_1_467' title='bbox 3525 2872 3711 2941; x_wconf 84' lang='grc' dir='ltr'>ἁμαρ-</span> 
     </span>
    </p>
   </div>
   <div class='ocr_carea' id='block_1_62' title="bbox 2123 2963 3712 3041">
    <p class='ocr_par' dir='ltr' id='par_1_62' title="bbox 2123 2963 3712 3041">
     <span class='ocr_line' id='line_1_62' title="bbox 2123 2963 3712 3041; baseline -0.006 -18"><span class='ocrx_word' id='word_1_468' title='bbox 2123 2970 2389 3041; x_wconf 84' lang='grc' dir='ltr'>τημάτων</span> <span class='ocrx_word' id='word_1_469' title='bbox 2429 2972 2774 3040; x_wconf 83' lang='grc' dir='ltr'>ποιήσωμαι.</span> <span class='ocrx_word' id='word_1_470' title='bbox 2830 2969 2928 3021; x_wconf 75' lang='grc' dir='ltr'>Ἂν</span> <span class='ocrx_word' id='word_1_471' title='bbox 2977 2966 3052 3037; x_wconf 82' lang='grc' dir='ltr'>μὴ</span> <span class='ocrx_word' id='word_1_472' title='bbox 3097 2963 3559 3036; x_wconf 69' lang='grc' dir='ltr'>προετοιμασθεὶς</span> <span class='ocrx_word' id='word_1_473' title='bbox 3607 2979 3712 3014; x_wconf 85' lang='grc' dir='ltr'>πο-</span> 
     </span>
    </p>
   </div>
   <div class='ocr_carea' id='block_1_63' title="bbox 441 3042 2022 3132">
    <p class='ocr_par' dir='ltr' id='par_1_63' title="bbox 441 3042 2022 3116">
     <span class='ocr_line' id='line_1_63' title="bbox 441 3042 2022 3116; baseline -0.002 -17"><span class='ocrx_word' id='word_1_474' title='bbox 441 3044 684 3099; x_wconf 90' lang='lat' dir='ltr'><strong>nientem</strong></span> <span class='ocrx_word' id='word_1_475' title='bbox 712 3046 953 3115; x_wconf 86' lang='lat' dir='ltr'><strong>judicem</strong></span> <span class='ocrx_word' id='word_1_476' title='bbox 988 3047 1092 3103; x_wconf 88' lang='lat' dir='ltr'><strong>sim</strong></span> <span class='ocrx_word' id='word_1_477' title='bbox 1118 3042 1521 3116; x_wconf 82' lang='lat' dir='ltr'><strong>aspectaturus,</strong></span> <span class='ocrx_word' id='word_1_478' title='bbox 1567 3045 1780 3114; x_wconf 80' lang='lat' dir='ltr'><strong>ignoro.</strong></span> <span class='ocrx_word' id='word_1_479' title='bbox 1816 3042 2022 3111; x_wconf 81' lang='lat' dir='ltr'><strong>Quippe</strong></span> 
     </span>
    </p>
   </div>
   <div class='ocr_carea' id='block_1_64' title="bbox 2127 3042 3713 3132">
    <p class='ocr_par' dir='ltr' id='par_1_64' title="bbox 2129 3053 3713 3132">
     <span class='ocr_line' id='line_1_64' title="bbox 2129 3053 3713 3132; baseline -0.007 -17"><span class='ocrx_word' id='word_1_480' title='bbox 2129 3060 2333 3132; x_wconf 85' lang='grc' dir='ltr'>ρευθῶ,</span> <span class='ocrx_word' id='word_1_481' title='bbox 2392 3061 2571 3125; x_wconf 83' lang='grc' dir='ltr'>ποίοις</span> <span class='ocrx_word' id='word_1_482' title='bbox 2613 3061 2917 3131; x_wconf 74' lang='grc' dir='ltr'>ὀφθαλμοῖς</span> <span class='ocrx_word' id='word_1_483' title='bbox 2959 3058 3227 3126; x_wconf 81' lang='grc' dir='ltr'>θεάσομαι</span> <span class='ocrx_word' id='word_1_484' title='bbox 3256 3056 3350 3108; x_wconf 67' lang='grc' dir='ltr'>τὸν</span> <span class='ocrx_word' id='word_1_485' title='bbox 3388 3054 3588 3125; x_wconf 79' lang='grc' dir='ltr'>κριτὴν</span> <span class='ocrx_word' id='word_1_486' title='bbox 3618 3053 3713 3105; x_wconf 81' lang='grc' dir='ltr'>ἐλ-</span> 
     </span>
    </p>
   </div>
   <div class='ocr_carea' id='block_1_65' title="bbox 440 3136 2025 3207">
    <p class='ocr_par' dir='ltr' id='par_1_65' title="bbox 440 3136 2025 3207">
     <span class='ocr_line' id='line_1_65' title="bbox 440 3136 2025 3207; baseline -0.001 -17"><span class='ocrx_word' id='word_1_487' title='bbox 440 3137 661 3205; x_wconf 86' lang='lat' dir='ltr'><strong>provexi</strong></span> <span class='ocrx_word' id='word_1_488' title='bbox 713 3138 778 3192; x_wconf 90' lang='lat' dir='ltr'><strong>ad</strong></span> <span class='ocrx_word' id='word_1_489' title='bbox 833 3153 1103 3191; x_wconf 89' lang='lat' dir='ltr'><strong>summum</strong></span> <span class='ocrx_word' id='word_1_490' title='bbox 1164 3152 1335 3207; x_wconf 87' lang='lat' dir='ltr'><strong>usque</strong></span> <span class='ocrx_word' id='word_1_491' title='bbox 1388 3136 1639 3201; x_wconf 71' lang='lat' dir='ltr'><strong>malitiae;</strong></span> <span class='ocrx_word' id='word_1_492' title='bbox 1681 3151 1786 3190; x_wconf 92' lang='lat' dir='ltr'><strong>non</strong></span> <span class='ocrx_word' id='word_1_493' title='bbox 1846 3144 2025 3191; x_wconf 86' lang='lat' dir='ltr'><strong>cessat</strong></span> 
     </span>
    </p>
   </div>
   <div class='ocr_carea' id='block_1_66' title="bbox 440 3229 2023 3300">
    <p class='ocr_par' dir='ltr' id='par_1_66' title="bbox 440 3229 2023 3300">
     <span class='ocr_line' id='line_1_66' title="bbox 440 3229 2023 3300; baseline -0.001 -17"><span class='ocrx_word' id='word_1_494' title='bbox 440 3230 708 3300; x_wconf 80' lang='lat' dir='ltr'><strong>malignus</strong></span> <span class='ocrx_word' id='word_1_495' title='bbox 724 3230 1025 3285; x_wconf 87' lang='lat' dir='ltr'><strong>molestiam</strong></span> <span class='ocrx_word' id='word_1_496' title='bbox 1047 3229 1256 3299; x_wconf 79' lang='lat' dir='ltr'><strong>facere;</strong></span> <span class='ocrx_word' id='word_1_497' title='bbox 1276 3232 1460 3286; x_wconf 87' lang='lat' dir='ltr'><strong>hostes</strong></span> <span class='ocrx_word' id='word_1_498' title='bbox 1471 3230 2023 3300; x_wconf 73' lang='lat' dir='ltr'><strong>jugiterimpuguant;</strong></span> 
     </span>
    </p>
   </div>
   <div class='ocr_carea' id='block_1_67' title="bbox 442 3321 2026 3389">
    <p class='ocr_par' dir='ltr' id='par_1_67' title="bbox 442 3321 2026 3389">
     <span class='ocr_line' id='line_1_67' title="bbox 442 3321 2026 3389; baseline 0.001 -14"><span class='ocrx_word' id='word_1_499' title='bbox 442 3322 761 3377; x_wconf 90' lang='lat' dir='ltr'><strong>intestinum</strong></span> <span class='ocrx_word' id='word_1_500' title='bbox 793 3324 973 3378; x_wconf 89' lang='lat' dir='ltr'><strong>carnis</strong></span> <span class='ocrx_word' id='word_1_501' title='bbox 1005 3322 1203 3377; x_wconf 86' lang='lat' dir='ltr'><strong>bellum</strong></span> <span class='ocrx_word' id='word_1_502' title='bbox 1241 3322 1614 3377; x_wconf 80' lang='lat' dir='ltr'><strong>vehementius</strong></span> <span class='ocrx_word' id='word_1_503' title='bbox 1647 3321 1774 3375; x_wconf 79' lang='lat' dir='ltr'><strong>furit</strong></span> <span class='ocrx_word' id='word_1_504' title='bbox 1802 3337 1814 3383; x_wconf 93' lang='lat'><strong>;</strong></span> <span class='ocrx_word' id='word_1_505' title='bbox 1845 3334 2026 3389; x_wconf 65' lang='lat' dir='ltr'><strong>prava</strong></span> 
     </span>
    </p>
   </div>
   <div class='ocr_carea' id='block_1_68' title="bbox 441 3412 2023 3486">
    <p class='ocr_par' dir='ltr' id='par_1_68' title="bbox 441 3412 2023 3486">
     <span class='ocr_line' id='line_1_68' title="bbox 441 3412 2023 3486; baseline 0.001 -20"><span class='ocrx_word' id='word_1_506' title='bbox 441 3412 803 3481; x_wconf 80' lang='lat' dir='ltr'><strong>cogitationes</strong></span> <span class='ocrx_word' id='word_1_507' title='bbox 833 3428 942 3468; x_wconf 89' lang='lat' dir='ltr'><strong>non</strong></span> <span class='ocrx_word' id='word_1_508' title='bbox 982 3415 1304 3486; x_wconf 91' lang='lat' dir='ltr'><strong>quiescunt;</strong></span> <span class='ocrx_word' id='word_1_509' title='bbox 1342 3429 1443 3470; x_wconf 88' lang='lat' dir='ltr'><strong>nec</strong></span> <span class='ocrx_word' id='word_1_510' title='bbox 1475 3428 1701 3483; x_wconf 88' lang='lat' dir='ltr'><strong>usquam</strong></span> <span class='ocrx_word' id='word_1_511' title='bbox 1737 3423 1820 3469; x_wconf 91' lang='lat' dir='ltr'><strong>est</strong></span> <span class='ocrx_word' id='word_1_512' title='bbox 1848 3413 2023 3483; x_wconf 75' lang='lat' dir='ltr'><strong>pomi—</strong></span> 
     </span>
    </p>
   </div>
   <div class='ocr_carea' id='block_1_69' title="bbox 443 3506 637 3560">
    <p class='ocr_par' dir='ltr' id='par_1_69' title="bbox 443 3506 637 3560">
     <span class='ocr_line' id='line_1_69' title="bbox 443 3506 637 3560; baseline 0.015 -3"><span class='ocrx_word' id='word_1_513' title='bbox 443 3506 637 3560; x_wconf 86' lang='lat' dir='ltr'><strong>tentia.</strong></span> 
     </span>
    </p>
   </div>
   <div class='ocr_carea' id='block_1_70' title="bbox 519 3597 2024 3668">
    <p class='ocr_par' dir='ltr' id='par_1_70' title="bbox 519 3597 2024 3668">
     <span class='ocr_line' id='line_1_70' title="bbox 519 3597 2024 3668; baseline 0.003 -18"><span class='ocrx_word' id='word_1_514' title='bbox 519 3615 538 3649; x_wconf 79' lang='grc' dir='ltr'><strong>ι</strong></span> <span class='ocrx_word' id='word_1_515' title='bbox 578 3598 683 3652; x_wconf 91' lang='lat' dir='ltr'><strong>Sed</strong></span> <span class='ocrx_word' id='word_1_516' title='bbox 735 3607 814 3660; x_wconf 88' lang='lat' dir='ltr'><strong>tu.</strong></span> <span class='ocrx_word' id='word_1_517' title='bbox 853 3598 1103 3666; x_wconf 88' lang='lat' dir='ltr'><strong>Domine,</strong></span> <span class='ocrx_word' id='word_1_518' title='bbox 1155 3598 1477 3668; x_wconf 79' lang='lat' dir='ltr'><strong>usquequo?</strong></span> <span class='ocrx_word' id='word_1_519' title='bbox 1528 3618 1547 3650; x_wconf 79' lang='grc' dir='ltr'><strong>ι</strong></span> <span class='ocrx_word' id='word_1_520' title='bbox 1583 3597 1701 3654; x_wconf 83' lang='lat' dir='ltr'><strong>Non</strong></span> <span class='ocrx_word' id='word_1_521' title='bbox 1750 3597 2024 3667; x_wconf 82' lang='lat' dir='ltr'><strong>expressit</strong></span> 
     </span>
    </p>
   </div>
   <div class='ocr_carea' id='block_1_71' title="bbox 440 3691 2018 3763">
    <p class='ocr_par' dir='ltr' id='par_1_71' title="bbox 440 3691 2018 3763">
     <span class='ocr_line' id='line_1_71' title="bbox 440 3691 2018 3763; baseline 0.002 -20"><span class='ocrx_word' id='word_1_522' title='bbox 440 3691 707 3759; x_wconf 87' lang='lat' dir='ltr'><strong>propheta</strong></span> <span class='ocrx_word' id='word_1_523' title='bbox 741 3693 870 3761; x_wconf 88' lang='lat' dir='ltr'><strong>quid</strong></span> <span class='ocrx_word' id='word_1_524' title='bbox 922 3692 1041 3746; x_wconf 87' lang='lat' dir='ltr'><strong>istis</strong></span> <span class='ocrx_word' id='word_1_525' title='bbox 1090 3693 1403 3763; x_wconf 73' lang='lat' dir='ltr'><strong>significare</strong></span> <span class='ocrx_word' id='word_1_526' title='bbox 1444 3692 1622 3747; x_wconf 84' lang='lat' dir='ltr'><strong>vellet.</strong></span> <span class='ocrx_word' id='word_1_527' title='bbox 1670 3692 1834 3747; x_wconf 77' lang='lat' dir='ltr'><strong>Forte</strong></span> <span class='ocrx_word' id='word_1_528' title='bbox 1867 3706 2018 3757; x_wconf 81' lang='lat' dir='ltr'><strong>vero,</strong></span> 
     </span>
    </p>
   </div>
   <div class='ocr_carea' id='block_1_72' title="bbox 440 3783 2024 3853">
    <p class='ocr_par' dir='ltr' id='par_1_72' title="bbox 440 3783 2024 3853">
     <span class='ocr_line' id='line_1_72' title="bbox 440 3783 2024 3853; baseline -0.001 -17"><span class='ocrx_word' id='word_1_529' title='bbox 440 3797 562 3836; x_wconf 87' lang='lat' dir='ltr'><strong>cum</strong></span> <span class='ocrx_word' id='word_1_530' title='bbox 590 3799 652 3837; x_wconf 79' lang='lat' dir='ltr'><strong>ex</strong></span> <span class='ocrx_word' id='word_1_531' title='bbox 679 3784 877 3838; x_wconf 84' lang='lat' dir='ltr'><strong>stnnmi</strong></span> <span class='ocrx_word' id='word_1_532' title='bbox 912 3784 1057 3839; x_wconf 92' lang='lat' dir='ltr'><strong>illius</strong></span> <span class='ocrx_word' id='word_1_533' title='bbox 1085 3785 1338 3839; x_wconf 64' lang='lat' dir='ltr'><strong>maeroris</strong></span> <span class='ocrx_word' id='word_1_534' title='bbox 1368 3784 1441 3849; x_wconf 83' lang='lat' dir='ltr'><strong>vi,</strong></span> <span class='ocrx_word' id='word_1_535' title='bbox 1472 3786 1645 3838; x_wconf 83' lang='lat' dir='ltr'><strong>audax</strong></span> <span class='ocrx_word' id='word_1_536' title='bbox 1677 3783 1883 3853; x_wconf 90' lang='lat' dir='ltr'><strong>aliquid</strong></span> <span class='ocrx_word' id='word_1_537' title='bbox 1914 3783 2024 3838; x_wconf 90' lang='lat' dir='ltr'><strong>Deo</strong></span> 
     </span>
    </p>
   </div>
   <div class='ocr_carea' id='block_1_73' title="bbox 443 3874 2024 3943">
    <p class='ocr_par' dir='ltr' id='par_1_73' title="bbox 443 3874 2024 3943">
     <span class='ocr_line' id='line_1_73' title="bbox 443 3874 2024 3943; baseline 0.003 -18"><span class='ocrx_word' id='word_1_538' title='bbox 443 3874 600 3927; x_wconf 81' lang='lat' dir='ltr'><strong>vellet</strong></span> <span class='ocrx_word' id='word_1_539' title='bbox 638 3876 838 3938; x_wconf 89' lang='lat' dir='ltr'><strong>dicere,</strong></span> <span class='ocrx_word' id='word_1_540' title='bbox 891 3876 1128 3943; x_wconf 90' lang='lat' dir='ltr'><strong>seipsnm</strong></span> <span class='ocrx_word' id='word_1_541' title='bbox 1190 3875 1549 3931; x_wconf 87' lang='lat' dir='ltr'><strong>nihilominus</strong></span> <span class='ocrx_word' id='word_1_542' title='bbox 1609 3874 1884 3939; x_wconf 87' lang='lat' dir='ltr'><strong>cohibuit,</strong></span> <span class='ocrx_word' id='word_1_543' title='bbox 1925 3889 2024 3929; x_wconf 91' lang='lat' dir='ltr'><strong>nec</strong></span> 
     </span>
    </p>
   </div>
   <div class='ocr_carea' id='block_1_74' title="bbox 443 3968 2021 4036">
    <p class='ocr_par' dir='ltr' id='par_1_74' title="bbox 443 3968 2021 4036">
     <span class='ocr_line' id='line_1_74' title="bbox 443 3968 2021 4036; baseline 0.003 -18"><span class='ocrx_word' id='word_1_544' title='bbox 443 3969 606 4021; x_wconf 86' lang='lat' dir='ltr'><strong>audet</strong></span> <span class='ocrx_word' id='word_1_545' title='bbox 635 3968 687 4021; x_wconf 90' lang='lat' dir='ltr'><strong>in</strong></span> <span class='ocrx_word' id='word_1_546' title='bbox 708 3968 885 4036; x_wconf 85' lang='lat' dir='ltr'><strong>palam</strong></span> <span class='ocrx_word' id='word_1_547' title='bbox 910 3969 1230 4036; x_wconf 86' lang='lat' dir='ltr'><strong>producere,</strong></span> <span class='ocrx_word' id='word_1_548' title='bbox 1259 3969 1355 4024; x_wconf 88' lang='lat' dir='ltr'><strong>sed</strong></span> <span class='ocrx_word' id='word_1_549' title='bbox 1385 3969 1462 4022; x_wconf 86' lang='lat' dir='ltr'><strong>ait</strong></span> <span class='ocrx_word' id='word_1_550' title='bbox 1492 3990 1504 4024; x_wconf 94' lang='lat'>:</span> <span class='ocrx_word' id='word_1_551' title='bbox 1531 3987 1550 4019; x_wconf 71' lang='grc' dir='ltr'><strong>ι</strong></span> <span class='ocrx_word' id='word_1_552' title='bbox 1575 3969 1639 4023; x_wconf 79' lang='lat' dir='ltr'><strong>Et.</strong></span> <span class='ocrx_word' id='word_1_553' title='bbox 1664 3978 1744 4033; x_wconf 90' lang='lat' dir='ltr'><strong>tu,</strong></span> <span class='ocrx_word' id='word_1_554' title='bbox 1776 3968 2021 4035; x_wconf 83' lang='lat' dir='ltr'><strong>Domine,</strong></span> 
     </span>
    </p>
   </div>
   <div class='ocr_carea' id='block_1_75' title="bbox 443 4061 2024 4131">
    <p class='ocr_par' dir='ltr' id='par_1_75' title="bbox 443 4061 2024 4131">
     <span class='ocr_line' id='line_1_75' title="bbox 443 4061 2024 4131; baseline 0.004 -21"><span class='ocrx_word' id='word_1_555' title='bbox 443 4061 765 4128; x_wconf 77' lang='lat' dir='ltr'><strong>ttsqueqtto?</strong></span> <span class='ocrx_word' id='word_1_556' title='bbox 808 4080 827 4111; x_wconf 75' lang='grc' dir='ltr'><strong>ι</strong></span> <span class='ocrx_word' id='word_1_557' title='bbox 870 4061 1010 4118; x_wconf 75' lang='lat' dir='ltr'><strong>Ecce</strong></span> <span class='ocrx_word' id='word_1_558' title='bbox 1037 4061 1193 4117; x_wconf 89' lang='lat' dir='ltr'><strong>vides</strong></span> <span class='ocrx_word' id='word_1_559' title='bbox 1227 4061 1477 4131; x_wconf 78' lang='lat' dir='ltr'><strong>pertinax</strong></span> <span class='ocrx_word' id='word_1_560' title='bbox 1524 4062 1823 4117; x_wconf 85' lang='lat' dir='ltr'><strong>adversarii</strong></span> <span class='ocrx_word' id='word_1_561' title='bbox 1853 4062 1905 4117; x_wconf 91' lang='lat' dir='ltr'><strong>in</strong></span> <span class='ocrx_word' id='word_1_562' title='bbox 1938 4075 2024 4117; x_wconf 90' lang='lat' dir='ltr'><strong>me</strong></span> 
     </span>
    </p>
   </div>
   <div class='ocr_carea' id='block_1_76' title="bbox 443 4156 2024 4226">
    <p class='ocr_par' dir='ltr' id='par_1_76' title="bbox 443 4156 2024 4226">
     <span class='ocr_line' id='line_1_76' title="bbox 443 4156 2024 4226; baseline 0.001 -19"><span class='ocrx_word' id='word_1_563' title='bbox 443 4165 719 4208; x_wconf 81' lang='lat' dir='ltr'><strong>certamen</strong></span> <span class='ocrx_word' id='word_1_564' title='bbox 753 4172 767 4210; x_wconf 87' lang='lat'><strong>:</strong></span> <span class='ocrx_word' id='word_1_565' title='bbox 801 4156 981 4210; x_wconf 88' lang='lat' dir='ltr'><strong>carnis</strong></span> <span class='ocrx_word' id='word_1_566' title='bbox 1013 4171 1247 4226; x_wconf 80' lang='lat' dir='ltr'><strong>pugnam</strong></span> <span class='ocrx_word' id='word_1_567' title='bbox 1290 4156 1837 4223; x_wconf 86' lang='lat' dir='ltr'><strong>irreconciliabilem;</strong></span> <span class='ocrx_word' id='word_1_568' title='bbox 1868 4167 2024 4209; x_wconf 80' lang='lat' dir='ltr'><strong>atrox</strong></span> 
     </span>
    </p>
   </div>
   <div class='ocr_carea' id='block_1_77' title="bbox 443 4234 2025 4319">
    <p class='ocr_par' dir='ltr' id='par_1_77' title="bbox 443 4234 2025 4319">
     <span class='ocr_line' id='line_1_77' title="bbox 443 4234 2025 4319; baseline 0.002 -21"><span class='ocrx_word' id='word_1_569' title='bbox 443 4246 576 4299; x_wconf 88' lang='lat' dir='ltr'><strong>illud</strong></span> <span class='ocrx_word' id='word_1_570' title='bbox 608 4263 671 4303; x_wconf 88' lang='lat' dir='ltr'><strong>ac</strong></span> <span class='ocrx_word' id='word_1_571' title='bbox 702 4234 1019 4319; x_wconf 77' lang='lat' dir='ltr'><strong>perpetuum</strong></span> <span class='ocrx_word' id='word_1_572' title='bbox 1072 4251 1293 4315; x_wconf 92' lang='lat' dir='ltr'><strong>bellum,</strong></span> <span class='ocrx_word' id='word_1_573' title='bbox 1323 4265 1386 4306; x_wconf 87' lang='lat' dir='ltr'><strong>ac</strong></span> <span class='ocrx_word' id='word_1_574' title='bbox 1417 4252 1615 4305; x_wconf 79' lang='lat' dir='ltr'><strong>virium</strong></span> <span class='ocrx_word' id='word_1_575' title='bbox 1651 4263 1893 4303; x_wconf 87' lang='lat' dir='ltr'><strong>mearum</strong></span> <span class='ocrx_word' id='word_1_576' title='bbox 1926 4249 2025 4302; x_wconf 85' lang='lat' dir='ltr'><strong>im-</strong></span> 
     </span>
    </p>
   </div>
   <div class='ocr_carea' id='block_1_78' title="bbox 446 4341 2027 4413">
    <p class='ocr_par' dir='ltr' id='par_1_78' title="bbox 446 4341 2027 4413">
     <span class='ocr_line' id='line_1_78' title="bbox 446 4341 2027 4413; baseline -0.001 -19"><span class='ocrx_word' id='word_1_577' title='bbox 446 4341 815 4397; x_wconf 82' lang='lat' dir='ltr'><strong>becillitatem.</strong></span> <span class='ocrx_word' id='word_1_578' title='bbox 844 4341 961 4397; x_wconf 80' lang='lat' dir='ltr'><strong>Jaut</strong></span> <span class='ocrx_word' id='word_1_579' title='bbox 985 4357 1135 4413; x_wconf 80' lang='lat' dir='ltr'><strong>ergo,</strong></span> <span class='ocrx_word' id='word_1_580' title='bbox 1160 4357 1465 4412; x_wconf 89' lang='lat' dir='ltr'><strong>nsquequo,</strong></span> <span class='ocrx_word' id='word_1_581' title='bbox 1486 4343 1731 4407; x_wconf 89' lang='lat' dir='ltr'><strong>Domine,</strong></span> <span class='ocrx_word' id='word_1_582' title='bbox 1759 4341 2027 4410; x_wconf 85' lang='lat' dir='ltr'><strong>patienter</strong></span> 
     </span>
    </p>
   </div>
   <div class='ocr_carea' id='block_1_79' title="bbox 2133 3144 3711 3225">
    <p class='ocr_par' dir='ltr' id='par_1_79' title="bbox 2133 3144 3711 3225">
     <span class='ocr_line' id='line_1_79' title="bbox 2133 3144 3711 3225; baseline -0.007 -19"><span class='ocrx_word' id='word_1_583' title='bbox 2133 3154 2296 3208; x_wconf 86' lang='grc' dir='ltr'>θόντα</span> <span class='ocrx_word' id='word_1_584' title='bbox 2324 3154 2618 3225; x_wconf 84' lang='grc' dir='ltr'>ἀμηχανῶ.</span> <span class='ocrx_word' id='word_1_585' title='bbox 2671 3152 2788 3206; x_wconf 81' lang='grc' dir='ltr'><strong>Ἐπ’</strong></span> <span class='ocrx_word' id='word_1_586' title='bbox 2818 3152 2987 3222; x_wconf 78' lang='grc' dir='ltr'>ἄκρον</span> <span class='ocrx_word' id='word_1_587' title='bbox 3024 3147 3223 3210; x_wconf 82' lang='grc' dir='ltr'>κακίας</span> <span class='ocrx_word' id='word_1_588' title='bbox 3259 3145 3523 3217; x_wconf 80' lang='grc' dir='ltr'>ἐλήλυθα·</span> <span class='ocrx_word' id='word_1_589' title='bbox 3556 3144 3655 3197; x_wconf 79' lang='grc' dir='ltr'>καὶ</span> <span class='ocrx_word' id='word_1_590' title='bbox 3681 3145 3711 3196; x_wconf 82' lang='grc' dir='ltr'><strong>ὁ</strong></span> 
     </span>
    </p>
   </div>
   <div class='ocr_carea' id='block_1_80' title="bbox 2132 3239 3710 3320">
    <p class='ocr_par' dir='ltr' id='par_1_80' title="bbox 2132 3239 3710 3320">
     <span class='ocr_line' id='line_1_80' title="bbox 2132 3239 3710 3320; baseline -0.008 -18"><span class='ocrx_word' id='word_1_591' title='bbox 2132 3248 2371 3320; x_wconf 81' lang='grc' dir='ltr'>πονηρὸς</span> <span class='ocrx_word' id='word_1_592' title='bbox 2415 3247 2644 3317; x_wconf 85' lang='grc' dir='ltr'>διοχλῶν</span> <span class='ocrx_word' id='word_1_593' title='bbox 2695 3248 2756 3300; x_wconf 87' lang='grc' dir='ltr'><strong>οὑ</strong></span> <span class='ocrx_word' id='word_1_594' title='bbox 2811 3243 3062 3307; x_wconf 78' lang='grc' dir='ltr'>παύεται,</span> <span class='ocrx_word' id='word_1_595' title='bbox 3096 3243 3147 3295; x_wconf 85' lang='lat' dir='ltr'><strong>ol</strong></span> <span class='ocrx_word' id='word_1_596' title='bbox 3197 3239 3385 3312; x_wconf 72' lang='grc' dir='ltr'>ἐχθροὶ</span> <span class='ocrx_word' id='word_1_597' title='bbox 3447 3239 3710 3307; x_wconf 82' lang='grc' dir='ltr'>πολεμεῖν</span> 
     </span>
    </p>
   </div>
   <div class='ocr_carea' id='block_1_81' title="bbox 2129 3331 3712 3410">
    <p class='ocr_par' dir='ltr' id='par_1_81' title="bbox 2129 3331 3712 3410">
     <span class='ocr_line' id='line_1_81' title="bbox 2129 3331 3712 3410; baseline -0.01 -14"><span class='ocrx_word' id='word_1_598' title='bbox 2129 3342 2232 3396; x_wconf 81' lang='grc' dir='ltr'><strong>οὐκ</strong></span> <span class='ocrx_word' id='word_1_599' title='bbox 2273 3341 2639 3410; x_wconf 84' lang='grc' dir='ltr'>ἀφίστανται,</span> <span class='ocrx_word' id='word_1_600' title='bbox 2677 3341 2714 3407; x_wconf 37' lang='grc' dir='ltr'><strong>,ὁ</strong></span> <span class='ocrx_word' id='word_1_601' title='bbox 2759 3337 2906 3391; x_wconf 78' lang='grc' dir='ltr'>ἔνδον</span> <span class='ocrx_word' id='word_1_602' title='bbox 2935 3339 3037 3407; x_wconf 84' lang='grc' dir='ltr'>τῆς</span> <span class='ocrx_word' id='word_1_603' title='bbox 3068 3334 3270 3405; x_wconf 73' lang='grc' dir='ltr'>σαρκδς</span> <span class='ocrx_word' id='word_1_604' title='bbox 3292 3331 3532 3401; x_wconf 84' lang='grc' dir='ltr'>πόλεμος</span> <span class='ocrx_word' id='word_1_605' title='bbox 3574 3347 3712 3399; x_wconf 62' lang='grc' dir='ltr'>σφο-</span> 
     </span>
    </p>
   </div>
   <div class='ocr_carea' id='block_1_82' title="bbox 2149 3421 3711 3501">
    <p class='ocr_par' dir='ltr' id='par_1_82' title="bbox 2149 3421 3711 3501">
     <span class='ocr_line' id='line_1_82' title="bbox 2149 3421 3711 3501; baseline -0.007 -18"><span class='ocrx_word' id='word_1_606' title='bbox 2149 3430 2401 3501; x_wconf 84' lang='grc' dir='ltr'>δρότερον</span> <span class='ocrx_word' id='word_1_607' title='bbox 2423 3432 2797 3501; x_wconf 84' lang='grc' dir='ltr'>ἀγριαίνεται,</span> <span class='ocrx_word' id='word_1_608' title='bbox 2829 3429 2880 3481; x_wconf 87' lang='grc' dir='ltr'>οἱ</span> <span class='ocrx_word' id='word_1_609' title='bbox 2911 3425 3145 3497; x_wconf 72' lang='grc' dir='ltr'>πονηροὶ</span> <span class='ocrx_word' id='word_1_610' title='bbox 3174 3421 3426 3493; x_wconf 76' lang='grc' dir='ltr'>λογισμοὶ</span> <span class='ocrx_word' id='word_1_611' title='bbox 3456 3421 3559 3475; x_wconf 81' lang='grc' dir='ltr'><strong>οὐκ</strong></span> <span class='ocrx_word' id='word_1_612' title='bbox 3581 3422 3711 3491; x_wconf 78' lang='grc' dir='ltr'>ἡρε-</span> 
     </span>
    </p>
   </div>
   <div class='ocr_carea' id='block_1_83' title="bbox 2133 3517 3029 3593">
    <p class='ocr_par' dir='ltr' id='par_1_83' title="bbox 2133 3517 3029 3593">
     <span class='ocr_line' id='line_1_83' title="bbox 2133 3517 3029 3593; baseline -0.001 -18"><span class='ocrx_word' id='word_1_613' title='bbox 2133 3521 2295 3593; x_wconf 89' lang='grc' dir='ltr'>μοῦσι</span> <span class='ocrx_word' id='word_1_614' title='bbox 2313 3538 2326 3551; x_wconf 86' lang='grc'><strong>·</strong></span> <span class='ocrx_word' id='word_1_615' title='bbox 2355 3523 2449 3575; x_wconf 73' lang='grc' dir='ltr'><strong>καὶ</strong></span> <span class='ocrx_word' id='word_1_616' title='bbox 2486 3522 2747 3592; x_wconf 85' lang='grc' dir='ltr'>μετάνοια</span> <span class='ocrx_word' id='word_1_617' title='bbox 2769 3517 3029 3589; x_wconf 80' lang='grc' dir='ltr'>οὐδαμοῦ.</span> 
     </span>
    </p>
   </div>
   <div class='ocr_carea' id='block_1_84' title="bbox 2206 3600 3711 3683">
    <p class='ocr_par' dir='ltr' id='par_1_84' title="bbox 2206 3600 3711 3683">
     <span class='ocr_line' id='line_1_84' title="bbox 2206 3600 3711 3683; baseline -0.011 -14"><span class='ocrx_word' id='word_1_618' title='bbox 2206 3631 2225 3663; x_wconf 73' lang='grc' dir='ltr'><strong>ι</strong></span> <span class='ocrx_word' id='word_1_619' title='bbox 2268 3613 2378 3668; x_wconf 76' lang='grc' dir='ltr'><strong>Καὶ</strong></span> <span class='ocrx_word' id='word_1_620' title='bbox 2405 3614 2495 3677; x_wconf 80' lang='grc' dir='ltr'><strong>σὺ,</strong></span> <span class='ocrx_word' id='word_1_621' title='bbox 2527 3611 2722 3683; x_wconf 78' lang='grc' dir='ltr'>Κύριε.</span> <span class='ocrx_word' id='word_1_622' title='bbox 2744 3612 2849 3674; x_wconf 83' lang='grc' dir='ltr'>ἓως</span> <span class='ocrx_word' id='word_1_623' title='bbox 2880 3612 3046 3677; x_wconf 58' lang='lat' dir='ltr'><strong>mea;</strong></span> <span class='ocrx_word' id='word_1_624' title='bbox 3082 3630 3102 3661; x_wconf 72' lang='grc' dir='ltr'><strong>ι</strong></span> <span class='ocrx_word' id='word_1_625' title='bbox 3136 3610 3204 3663; x_wconf 81' lang='grc' dir='ltr'>Τί</span> <span class='ocrx_word' id='word_1_626' title='bbox 3232 3606 3427 3678; x_wconf 80' lang='grc' dir='ltr'>δηλοῦν</span> <span class='ocrx_word' id='word_1_627' title='bbox 3457 3600 3711 3657; x_wconf 81' lang='grc' dir='ltr'>ἐντεῦθεν</span> 
     </span>
    </p>
   </div>
   <div class='ocr_carea' id='block_1_85' title="bbox 2133 3695 3710 3776">
    <p class='ocr_par' dir='ltr' id='par_1_85' title="bbox 2133 3695 3710 3776">
     <span class='ocr_line' id='line_1_85' title="bbox 2133 3695 3710 3776; baseline -0.003 -17"><span class='ocrx_word' id='word_1_628' title='bbox 2133 3705 2409 3776; x_wconf 86' lang='grc' dir='ltr'>βούλεται,</span> <span class='ocrx_word' id='word_1_629' title='bbox 2434 3706 2535 3759; x_wconf 83' lang='grc' dir='ltr'><strong>οὐκ</strong></span> <span class='ocrx_word' id='word_1_630' title='bbox 2568 3706 2830 3775; x_wconf 81' lang='grc' dir='ltr'>ἐσήμανε.</span> <span class='ocrx_word' id='word_1_631' title='bbox 2866 3704 3019 3773; x_wconf 83' lang='grc' dir='ltr'>Τάχα</span> <span class='ocrx_word' id='word_1_632' title='bbox 3056 3704 3133 3765; x_wconf 89' lang='grc' dir='ltr'><strong>δέ,</strong></span> <span class='ocrx_word' id='word_1_633' title='bbox 3164 3704 3226 3768; x_wconf 80' lang='grc' dir='ltr'>ἐξ</span> <span class='ocrx_word' id='word_1_634' title='bbox 3259 3702 3434 3771; x_wconf 77' lang='grc' dir='ltr'>ἄκρας</span> <span class='ocrx_word' id='word_1_635' title='bbox 3469 3695 3710 3763; x_wconf 74' lang='grc' dir='ltr'>ἀθυμῖας</span> 
     </span>
    </p>
   </div>
   <div class='ocr_carea' id='block_1_86' title="bbox 2129 3789 3710 3870">
    <p class='ocr_par' dir='ltr' id='par_1_86' title="bbox 2129 3789 3710 3870">
     <span class='ocr_line' id='line_1_86' title="bbox 2129 3789 3710 3870; baseline -0.003 -18"><span class='ocrx_word' id='word_1_636' title='bbox 2129 3798 2408 3870; x_wconf 86' lang='grc' dir='ltr'>τολμηρόν</span> <span class='ocrx_word' id='word_1_637' title='bbox 2449 3815 2503 3850; x_wconf 89' lang='grc' dir='ltr'><strong>τι</strong></span> <span class='ocrx_word' id='word_1_638' title='bbox 2552 3795 2790 3866; x_wconf 77' lang='grc' dir='ltr'>θελήσας</span> <span class='ocrx_word' id='word_1_639' title='bbox 2836 3797 3016 3848; x_wconf 86' lang='grc' dir='ltr'>εἰπεῖν</span> <span class='ocrx_word' id='word_1_640' title='bbox 3062 3795 3201 3865; x_wconf 84' lang='grc' dir='ltr'>πρὸς</span> <span class='ocrx_word' id='word_1_641' title='bbox 3228 3792 3323 3846; x_wconf 80' lang='grc' dir='ltr'><strong>τὸν</strong></span> <span class='ocrx_word' id='word_1_642' title='bbox 3367 3790 3525 3848; x_wconf 79' lang='grc' dir='ltr'>Θεὸν,</span> <span class='ocrx_word' id='word_1_643' title='bbox 3556 3789 3710 3854; x_wconf 75' lang='grc' dir='ltr'>ὅμως</span> 
     </span>
    </p>
   </div>
   <div class='ocr_carea' id='block_1_87' title="bbox 2131 3878 3708 3962">
    <p class='ocr_par' dir='ltr' id='par_1_87' title="bbox 2131 3878 3708 3962">
     <span class='ocr_line' id='line_1_87' title="bbox 2131 3878 3708 3962; baseline -0.006 -17"><span class='ocrx_word' id='word_1_644' title='bbox 2131 3892 2320 3962; x_wconf 82' lang='grc' dir='ltr'>ἐπέχει</span> <span class='ocrx_word' id='word_1_645' title='bbox 2351 3889 2566 3955; x_wconf 77' lang='grc' dir='ltr'>ἑαυτὸν,</span> <span class='ocrx_word' id='word_1_646' title='bbox 2598 3890 2692 3943; x_wconf 79' lang='grc' dir='ltr'><strong>καὶ</strong></span> <span class='ocrx_word' id='word_1_647' title='bbox 2714 3887 2875 3941; x_wconf 79' lang='grc' dir='ltr'>τοῦτο</span> <span class='ocrx_word' id='word_1_648' title='bbox 2898 3888 2988 3940; x_wconf 82' lang='grc' dir='ltr'>ὑπ’</span> <span class='ocrx_word' id='word_1_649' title='bbox 3016 3887 3138 3956; x_wconf 66' lang='grc' dir='ltr'>ὄψιν</span> <span class='ocrx_word' id='word_1_650' title='bbox 3160 3885 3388 3954; x_wconf 82' lang='grc' dir='ltr'>ἀγαγεῖν</span> <span class='ocrx_word' id='word_1_651' title='bbox 3414 3882 3474 3935; x_wconf 78' lang='grc' dir='ltr'><strong>οὐ</strong></span> <span class='ocrx_word' id='word_1_652' title='bbox 3507 3878 3708 3947; x_wconf 79' lang='grc' dir='ltr'>τολμᾷ.</span> 
     </span>
    </p>
   </div>
   <div class='ocr_carea' id='block_1_88' title="bbox 2130 3968 3709 4053">
    <p class='ocr_par' dir='ltr' id='par_1_88' title="bbox 2130 3968 3709 4053">
     <span class='ocr_line' id='line_1_88' title="bbox 2130 3968 3709 4053; baseline -0.012 -14"><span class='ocrx_word' id='word_1_653' title='bbox 2130 3983 2268 4039; x_wconf 84' lang='grc' dir='ltr'>ἀλλά</span> <span class='ocrx_word' id='word_1_654' title='bbox 2319 3999 2488 4053; x_wconf 81' lang='grc' dir='ltr'>φησι·</span> <span class='ocrx_word' id='word_1_655' title='bbox 2537 4000 2556 4032; x_wconf 73' lang='grc' dir='ltr'><strong>ι</strong></span> <span class='ocrx_word' id='word_1_656' title='bbox 2604 3982 2715 4033; x_wconf 73' lang='grc' dir='ltr'>Καὶ</span> <span class='ocrx_word' id='word_1_657' title='bbox 2749 3979 2846 4048; x_wconf 59' lang='lat' dir='ltr'><strong>ob},</strong></span> <span class='ocrx_word' id='word_1_658' title='bbox 2901 3978 3098 4046; x_wconf 81' lang='grc' dir='ltr'>Κύριε,</span> <span class='ocrx_word' id='word_1_659' title='bbox 3133 3978 3239 4040; x_wconf 75' lang='grc' dir='ltr'>ἕως</span> <span class='ocrx_word' id='word_1_660' title='bbox 3291 3974 3451 4036; x_wconf 61' lang='lat' dir='ltr'><strong>ardes;</strong></span> <span class='ocrx_word' id='word_1_661' title='bbox 3487 3991 3506 4022; x_wconf 73' lang='grc' dir='ltr'><strong>ι</strong></span> <span class='ocrx_word' id='word_1_662' title='bbox 3578 3968 3709 4021; x_wconf 75' lang='grc' dir='ltr'>Ἰδοὺ</span> 
     </span>
    </p>
   </div>
   <div class='ocr_carea' id='block_1_89' title="bbox 2135 4058 3711 4141">
    <p class='ocr_par' dir='ltr' id='par_1_89' title="bbox 2135 4058 3711 4141">
     <span class='ocr_line' id='line_1_89' title="bbox 2135 4058 3711 4141; baseline -0.012 -14"><span class='ocrx_word' id='word_1_663' title='bbox 2135 4072 2355 4141; x_wconf 85' lang='grc' dir='ltr'>βλέπεις</span> <span class='ocrx_word' id='word_1_664' title='bbox 2399 4072 2501 4141; x_wconf 77' lang='grc' dir='ltr'>τὴν</span> <span class='ocrx_word' id='word_1_665' title='bbox 2532 4072 2654 4137; x_wconf 84' lang='grc' dir='ltr'>κατ’</span> <span class='ocrx_word' id='word_1_666' title='bbox 2704 4069 2842 4140; x_wconf 88' lang='grc' dir='ltr'>ἐμοῦ</span> <span class='ocrx_word' id='word_1_667' title='bbox 2893 4068 3148 4121; x_wconf 77' lang='grc' dir='ltr'>ἔνστασιν</span> <span class='ocrx_word' id='word_1_668' title='bbox 3201 4065 3299 4120; x_wconf 87' lang='grc' dir='ltr'><strong>τοῦ</strong></span> <span class='ocrx_word' id='word_1_669' title='bbox 3346 4060 3568 4134; x_wconf 80' lang='grc' dir='ltr'>ἐχθροῦ,</span> <span class='ocrx_word' id='word_1_670' title='bbox 3610 4058 3711 4127; x_wconf 79' lang='grc' dir='ltr'><strong>τὴν</strong></span> 
     </span>
    </p>
   </div>
   <div class='ocr_carea' id='block_1_90' title="bbox 2131 4149 3710 4232">
    <p class='ocr_par' dir='ltr' id='par_1_90' title="bbox 2131 4149 3710 4232">
     <span class='ocr_line' id='line_1_90' title="bbox 2131 4149 3710 4232; baseline -0.012 -12"><span class='ocrx_word' id='word_1_671' title='bbox 2131 4162 2396 4220; x_wconf 78' lang='grc' dir='ltr'>ἄσπονδον</span> <span class='ocrx_word' id='word_1_672' title='bbox 2420 4163 2521 4232; x_wconf 86' lang='grc' dir='ltr'>τῆς</span> <span class='ocrx_word' id='word_1_673' title='bbox 2563 4161 2768 4232; x_wconf 79' lang='grc' dir='ltr'>σαρκὸς</span> <span class='ocrx_word' id='word_1_674' title='bbox 2809 4161 3010 4229; x_wconf 85' lang='grc' dir='ltr'>μάχην,</span> <span class='ocrx_word' id='word_1_675' title='bbox 3042 4158 3133 4211; x_wconf 75' lang='grc' dir='ltr'><strong>τὸν</strong></span> <span class='ocrx_word' id='word_1_676' title='bbox 3164 4153 3578 4210; x_wconf 86' lang='grc' dir='ltr'>ἀκατάλλακτον</span> <span class='ocrx_word' id='word_1_677' title='bbox 3608 4149 3710 4202; x_wconf 79' lang='grc' dir='ltr'><strong>πό-</strong></span> 
     </span>
    </p>
   </div>
   <div class='ocr_carea' id='block_1_91' title="bbox 2132 4240 3709 4327">
    <p class='ocr_par' dir='ltr' id='par_1_91' title="bbox 2132 4240 3709 4327">
     <span class='ocr_line' id='line_1_91' title="bbox 2132 4240 3709 4327; baseline -0.013 -16"><span class='ocrx_word' id='word_1_678' title='bbox 2132 4258 2321 4327; x_wconf 79' lang='grc' dir='ltr'>λεμον,</span> <span class='ocrx_word' id='word_1_679' title='bbox 2352 4256 2449 4310; x_wconf 79' lang='grc' dir='ltr'>καὶ</span> <span class='ocrx_word' id='word_1_680' title='bbox 2477 4254 2576 4326; x_wconf 81' lang='grc' dir='ltr'>τὴν</span> <span class='ocrx_word' id='word_1_681' title='bbox 2594 4249 2813 4308; x_wconf 84' lang='grc' dir='ltr'>ἀτονίαν</span> <span class='ocrx_word' id='word_1_682' title='bbox 2838 4252 2939 4321; x_wconf 77' lang='grc' dir='ltr'><strong>τῆς</strong></span> <span class='ocrx_word' id='word_1_683' title='bbox 2969 4250 3108 4321; x_wconf 79' lang='grc' dir='ltr'>ἐμῆς</span> <span class='ocrx_word' id='word_1_684' title='bbox 3137 4247 3449 4319; x_wconf 86' lang='grc' dir='ltr'>δυνάμεως.</span> <span class='ocrx_word' id='word_1_685' title='bbox 3484 4240 3709 4301; x_wconf 69' lang='grc' dir='ltr'>Λοιπὸν,</span> 
     </span>
    </p>
   </div>
   <div class='ocr_carea' id='block_1_92' title="bbox 2132 4332 3711 4419">
    <p class='ocr_par' dir='ltr' id='par_1_92' title="bbox 2132 4332 3711 4419">
     <span class='ocr_line' id='line_1_92' title="bbox 2132 4332 3711 4419; baseline -0.012 -16"><span class='ocrx_word' id='word_1_686' title='bbox 2132 4350 2239 4413; x_wconf 82' lang='grc' dir='ltr'>ἓως</span> <span class='ocrx_word' id='word_1_687' title='bbox 2264 4349 2393 4402; x_wconf 72' lang='grc' dir='ltr'>πότε</span> <span class='ocrx_word' id='word_1_688' title='bbox 2426 4332 2826 4419; x_wconf 81' lang='grc' dir='ltr'>μακροθυμεῖς,</span> <span class='ocrx_word' id='word_1_689' title='bbox 2863 4342 3070 4413; x_wconf 86' lang='grc' dir='ltr'>Κύριε;</span> <span class='ocrx_word' id='word_1_690' title='bbox 3122 4339 3230 4399; x_wconf 76' lang='grc' dir='ltr'>ἓως</span> <span class='ocrx_word' id='word_1_691' title='bbox 3267 4338 3396 4392; x_wconf 83' lang='grc' dir='ltr'>πότε</span> <span class='ocrx_word' id='word_1_692' title='bbox 3432 4334 3536 4388; x_wconf 81' lang='grc' dir='ltr'><strong>οὐκ</strong></span> <span class='ocrx_word' id='word_1_693' title='bbox 3566 4332 3711 4386; x_wconf 69' lang='grc' dir='ltr'>ἐκδια</span> 
     </span>
    </p>
   </div>
   <div class='ocr_carea' id='block_1_93' title="bbox 445 4423 2022 4506">
    <p class='ocr_par' dir='ltr' id='par_1_93' title="bbox 445 4434 2022 4504">
     <span class='ocr_line' id='line_1_93' title="bbox 445 4434 2022 4504; baseline -0.002 -16"><span class='ocrx_word' id='word_1_694' title='bbox 445 4434 720 4488; x_wconf 81' lang='lat' dir='ltr'><strong>sustines?</strong></span> <span class='ocrx_word' id='word_1_695' title='bbox 751 4450 1031 4504; x_wconf 77' lang='lat' dir='ltr'><strong>usquequo</strong></span> <span class='ocrx_word' id='word_1_696' title='bbox 1069 4451 1173 4490; x_wconf 91' lang='lat' dir='ltr'><strong>non</strong></span> <span class='ocrx_word' id='word_1_697' title='bbox 1224 4434 1548 4491; x_wconf 82' lang='lat' dir='ltr'><strong>ulcisceris?</strong></span> <span class='ocrx_word' id='word_1_698' title='bbox 1599 4444 1881 4503; x_wconf 86' lang='lat' dir='ltr'><strong>usquequo</strong></span> <span class='ocrx_word' id='word_1_699' title='bbox 1921 4446 2022 4486; x_wconf 92' lang='lat' dir='ltr'><strong>non</strong></span> 
     </span>
    </p>
   </div>
   <div class='ocr_carea' id='block_1_94' title="bbox 2127 4423 3713 4506">
    <p class='ocr_par' dir='ltr' id='par_1_94' title="bbox 2132 4423 3713 4506">
     <span class='ocr_line' id='line_1_94' title="bbox 2132 4423 3713 4506; baseline -0.015 -9"><span class='ocrx_word' id='word_1_700' title='bbox 2132 4444 2282 4506; x_wconf 81' lang='grc' dir='ltr'>κεϊς;</span> <span class='ocrx_word' id='word_1_701' title='bbox 2331 4441 2437 4504; x_wconf 73' lang='grc' dir='ltr'>ἕως</span> <span class='ocrx_word' id='word_1_702' title='bbox 2484 4439 2617 4492; x_wconf 83' lang='grc' dir='ltr'>πότε</span> <span class='ocrx_word' id='word_1_703' title='bbox 2643 4438 2744 4491; x_wconf 86' lang='grc' dir='ltr'><strong>οὐκ</strong></span> <span class='ocrx_word' id='word_1_704' title='bbox 2781 4434 3129 4494; x_wconf 84' lang='grc' dir='ltr'>ἐπιϐλέπεις,</span> <span class='ocrx_word' id='word_1_705' title='bbox 3182 4430 3279 4484; x_wconf 77' lang='grc' dir='ltr'>καὶ</span> <span class='ocrx_word' id='word_1_706' title='bbox 3321 4427 3433 4481; x_wconf 85' lang='grc' dir='ltr'>τῶν</span> <span class='ocrx_word' id='word_1_707' title='bbox 3494 4423 3713 4479; x_wconf 77' lang='grc' dir='ltr'>ἐπιϐου-</span> 
     </span>
    </p>
   </div>
   <div class='ocr_carea' id='block_1_95' title="bbox 445 4523 2031 4596">
    <p class='ocr_par' dir='ltr' id='par_1_95' title="bbox 445 4523 2031 4596">
     <span class='ocr_line' id='line_1_95' title="bbox 445 4523 2031 4596; baseline 0 -18"><span class='ocrx_word' id='word_1_708' title='bbox 445 4527 664 4595; x_wconf 84' lang='lat' dir='ltr'><strong>aspicis,</strong></span> <span class='ocrx_word' id='word_1_709' title='bbox 699 4542 799 4580; x_wconf 94' lang='lat' dir='ltr'><strong>uec</strong></span> <span class='ocrx_word' id='word_1_710' title='bbox 823 4527 987 4581; x_wconf 86' lang='lat' dir='ltr'><strong>abiis</strong></span> <span class='ocrx_word' id='word_1_711' title='bbox 1014 4527 1232 4593; x_wconf 84' lang='lat' dir='ltr'><strong>liberas,</strong></span> <span class='ocrx_word' id='word_1_712' title='bbox 1266 4542 1495 4596; x_wconf 84' lang='lat' dir='ltr'><strong>quorum</strong></span> <span class='ocrx_word' id='word_1_713' title='bbox 1531 4536 1760 4596; x_wconf 87' lang='lat' dir='ltr'><strong>appetor</strong></span> <span class='ocrx_word' id='word_1_714' title='bbox 1789 4523 2031 4578; x_wconf 81' lang='lat' dir='ltr'><strong>insidiis?</strong></span> 
     </span>
    </p>
   </div>
   <div class='ocr_carea' id='block_1_96' title="bbox 447 4614 2028 4689">
    <p class='ocr_par' dir='ltr' id='par_1_96' title="bbox 447 4614 2028 4689">
     <span class='ocr_line' id='line_1_96' title="bbox 447 4614 2028 4689; baseline -0.001 -19"><span class='ocrx_word' id='word_1_715' title='bbox 447 4618 768 4686; x_wconf 86' lang='lat' dir='ltr'><strong>Quanquam</strong></span> <span class='ocrx_word' id='word_1_716' title='bbox 795 4621 938 4673; x_wconf 90' lang='lat' dir='ltr'><strong>enim</strong></span> <span class='ocrx_word' id='word_1_717' title='bbox 971 4634 1070 4689; x_wconf 78' lang='lat' dir='ltr'><strong>ego</strong></span> <span class='ocrx_word' id='word_1_718' title='bbox 1099 4619 1350 4689; x_wconf 81' lang='lat' dir='ltr'><strong>indignus</strong></span> <span class='ocrx_word' id='word_1_719' title='bbox 1378 4636 1494 4675; x_wconf 87' lang='lat' dir='ltr'><strong>smn</strong></span> <span class='ocrx_word' id='word_1_720' title='bbox 1519 4637 1533 4684; x_wconf 93' lang='lat'><strong>;</strong></span> <span class='ocrx_word' id='word_1_721' title='bbox 1562 4628 1615 4672; x_wconf 91' lang='lat' dir='ltr'><strong>tu</strong></span> <span class='ocrx_word' id='word_1_722' title='bbox 1644 4628 1822 4672; x_wconf 79' lang='lat' dir='ltr'><strong>tamen</strong></span> <span class='ocrx_word' id='word_1_723' title='bbox 1848 4614 2028 4669; x_wconf 66' lang='lat' dir='ltr'><strong>multa:</strong></span> 
     </span>
    </p>
   </div>
   <div class='ocr_carea' id='block_1_97' title="bbox 450 4708 2027 4780">
    <p class='ocr_par' dir='ltr' id='par_1_97' title="bbox 450 4708 2027 4780">
     <span class='ocr_line' id='line_1_97' title="bbox 450 4708 2027 4780; baseline -0.001 -17"><span class='ocrx_word' id='word_1_724' title='bbox 450 4711 840 4765; x_wconf 75' lang='lat' dir='ltr'><strong>misericordizn</strong></span> <span class='ocrx_word' id='word_1_725' title='bbox 875 4726 937 4766; x_wconf 88' lang='lat' dir='ltr'><strong>ac</strong></span> <span class='ocrx_word' id='word_1_726' title='bbox 969 4711 1210 4766; x_wconf 76' lang='lat' dir='ltr'><strong>clemens</strong></span> <span class='ocrx_word' id='word_1_727' title='bbox 1243 4727 1325 4767; x_wconf 89' lang='lat' dir='ltr'><strong>es.</strong></span> <span class='ocrx_word' id='word_1_728' title='bbox 1360 4710 1513 4777; x_wconf 86' lang='lat' dir='ltr'><strong>Quod</strong></span> <span class='ocrx_word' id='word_1_729' title='bbox 1546 4709 1789 4780; x_wconf 78' lang='lat' dir='ltr'><strong>negligas</strong></span> <span class='ocrx_word' id='word_1_730' title='bbox 1823 4723 1886 4762; x_wconf 88' lang='lat' dir='ltr'><strong>ac</strong></span> <span class='ocrx_word' id='word_1_731' title='bbox 1933 4708 2027 4762; x_wconf 82' lang='lat' dir='ltr'><strong>de-</strong></span> 
     </span>
    </p>
   </div>
   <div class='ocr_carea' id='block_1_98' title="bbox 447 4800 2030 4873">
    <p class='ocr_par' dir='ltr' id='par_1_98' title="bbox 447 4800 2030 4873">
     <span class='ocr_line' id='line_1_98' title="bbox 447 4800 2030 4873; baseline 0 -17"><span class='ocrx_word' id='word_1_732' title='bbox 447 4803 671 4871; x_wconf 87' lang='lat' dir='ltr'><strong>spicias,</strong></span> <span class='ocrx_word' id='word_1_733' title='bbox 695 4804 867 4856; x_wconf 70' lang='lat' dir='ltr'><strong>ruina:</strong></span> <span class='ocrx_word' id='word_1_734' title='bbox 895 4805 1111 4857; x_wconf 87' lang='lat' dir='ltr'><strong>occasio</strong></span> <span class='ocrx_word' id='word_1_735' title='bbox 1144 4804 1202 4857; x_wconf 84' lang='lat' dir='ltr'><strong>lit</strong></span> <span class='ocrx_word' id='word_1_736' title='bbox 1238 4804 1324 4868; x_wconf 87' lang='lat' dir='ltr'><strong>iis,</strong></span> <span class='ocrx_word' id='word_1_737' title='bbox 1356 4818 1495 4873; x_wconf 87' lang='lat' dir='ltr'><strong>quos</strong></span> <span class='ocrx_word' id='word_1_738' title='bbox 1519 4803 1752 4858; x_wconf 89' lang='lat' dir='ltr'><strong>deseris.</strong></span> <span class='ocrx_word' id='word_1_739' title='bbox 1789 4800 1930 4859; x_wconf 70' lang='lat' dir='ltr'><strong>Hmc.</strong></span> <span class='ocrx_word' id='word_1_740' title='bbox 1964 4815 2030 4856; x_wconf 86' lang='lat' dir='ltr'><strong>ac</strong></span> 
     </span>
    </p>
   </div>
   <div class='ocr_carea' id='block_1_99' title="bbox 451 4893 2028 4965">
    <p class='ocr_par' dir='ltr' id='par_1_99' title="bbox 451 4893 2028 4965">
     <span class='ocr_line' id='line_1_99' title="bbox 451 4893 2028 4965; baseline -0.001 -17"><span class='ocrx_word' id='word_1_741' title='bbox 451 4895 518 4948; x_wconf 92' lang='lat' dir='ltr'><strong>iis</strong></span> <span class='ocrx_word' id='word_1_742' title='bbox 542 4893 763 4958; x_wconf 84' lang='lat' dir='ltr'><strong>similia,</strong></span> <span class='ocrx_word' id='word_1_743' title='bbox 788 4896 1034 4964; x_wconf 78' lang='lat' dir='ltr'><strong>cogitans</strong></span> <span class='ocrx_word' id='word_1_744' title='bbox 1057 4896 1319 4965; x_wconf 89' lang='lat' dir='ltr'><strong>propheta</strong></span> <span class='ocrx_word' id='word_1_745' title='bbox 1353 4895 1463 4951; x_wconf 90' lang='lat' dir='ltr'><strong>Deo</strong></span> <span class='ocrx_word' id='word_1_746' title='bbox 1489 4894 1759 4964; x_wconf 85' lang='lat' dir='ltr'><strong>proloqui,</strong></span> <span class='ocrx_word' id='word_1_747' title='bbox 1792 4895 2028 4962; x_wconf 87' lang='lat' dir='ltr'><strong>seipsnm</strong></span> 
     </span>
    </p>
   </div>
   <div class='ocr_carea' id='block_1_100' title="bbox 449 4986 2028 5058">
    <p class='ocr_par' dir='ltr' id='par_1_100' title="bbox 449 4986 2028 5058">
     <span class='ocr_line' id='line_1_100' title="bbox 449 4986 2028 5058; baseline 0 -18"><span class='ocrx_word' id='word_1_748' title='bbox 449 4987 715 5050; x_wconf 82' lang='lat' dir='ltr'><strong>coercuit,</strong></span> <span class='ocrx_word' id='word_1_749' title='bbox 765 4996 923 5040; x_wconf 90' lang='lat' dir='ltr'><strong>utne</strong></span> <span class='ocrx_word' id='word_1_750' title='bbox 968 4987 1047 5041; x_wconf 90' lang='lat' dir='ltr'><strong>sic</strong></span> <span class='ocrx_word' id='word_1_751' title='bbox 1098 4989 1346 5057; x_wconf 88' lang='lat' dir='ltr'><strong>loquens,</strong></span> <span class='ocrx_word' id='word_1_752' title='bbox 1392 5000 1653 5058; x_wconf 84' lang='lat' dir='ltr'><strong>pugnare,</strong></span> <span class='ocrx_word' id='word_1_753' title='bbox 1686 5001 1751 5042; x_wconf 87' lang='lat' dir='ltr'><strong>ac</strong></span> <span class='ocrx_word' id='word_1_754' title='bbox 1780 4986 1925 5041; x_wconf 83' lang='lat' dir='ltr'><strong>velut</strong></span> <span class='ocrx_word' id='word_1_755' title='bbox 1975 4986 2028 5040; x_wconf 90' lang='lat' dir='ltr'><strong>in</strong></span> 
     </span>
    </p>
   </div>
   <div class='ocr_carea' id='block_1_101' title="bbox 452 5079 2031 5150">
    <p class='ocr_par' dir='ltr' id='par_1_101' title="bbox 452 5079 2031 5150">
     <span class='ocr_line' id='line_1_101' title="bbox 452 5079 2031 5150; baseline 0.002 -19"><span class='ocrx_word' id='word_1_756' title='bbox 452 5092 672 5133; x_wconf 87' lang='lat' dir='ltr'><strong>causam</strong></span> <span class='ocrx_word' id='word_1_757' title='bbox 725 5079 892 5134; x_wconf 87' lang='lat' dir='ltr'><strong>Deum</strong></span> <span class='ocrx_word' id='word_1_758' title='bbox 944 5093 1147 5135; x_wconf 91' lang='lat' dir='ltr'><strong>vocare</strong></span> <span class='ocrx_word' id='word_1_759' title='bbox 1199 5081 1490 5135; x_wconf 85' lang='lat' dir='ltr'><strong>videretur.</strong></span> <span class='ocrx_word' id='word_1_760' title='bbox 1547 5079 1920 5150; x_wconf 83' lang='lat' dir='ltr'><strong>Deincepsque</strong></span> <span class='ocrx_word' id='word_1_761' title='bbox 1960 5079 2031 5134; x_wconf 86' lang='lat' dir='ltr'><strong>ad</strong></span> 
     </span>
    </p>
   </div>
   <div class='ocr_carea' id='block_1_102' title="bbox 456 5170 1857 5240">
    <p class='ocr_par' dir='ltr' id='par_1_102' title="bbox 456 5170 1857 5240">
     <span class='ocr_line' id='line_1_102' title="bbox 456 5170 1857 5240; baseline 0.001 -16"><span class='ocrx_word' id='word_1_762' title='bbox 456 5171 547 5226; x_wconf 89' lang='lat' dir='ltr'><strong>Dei</strong></span> <span class='ocrx_word' id='word_1_763' title='bbox 577 5171 1025 5240; x_wconf 79' lang='lat' dir='ltr'><strong>supplicationem</strong></span> <span class='ocrx_word' id='word_1_764' title='bbox 1058 5174 1301 5227; x_wconf 90' lang='lat' dir='ltr'><strong>animum</strong></span> <span class='ocrx_word' id='word_1_765' title='bbox 1335 5170 1698 5237; x_wconf 80' lang='lat' dir='ltr'><strong>transferens,</strong></span> <span class='ocrx_word' id='word_1_766' title='bbox 1730 5172 1807 5226; x_wconf 83' lang='lat' dir='ltr'><strong>ait</strong></span> <span class='ocrx_word' id='word_1_767' title='bbox 1844 5190 1857 5227; x_wconf 90' lang='lat'><strong>:</strong></span> 
     </span>
    </p>
   </div>
   <div class='ocr_carea' id='block_1_103' title="bbox 528 5263 2028 5335">
    <p class='ocr_par' dir='ltr' id='par_1_103' title="bbox 528 5263 2028 5335">
     <span class='ocr_line' id='line_1_103' title="bbox 528 5263 2028 5335; baseline 0.001 -20"><span class='ocrx_word' id='word_1_768' title='bbox 528 5282 547 5315; x_wconf 73' lang='grc' dir='ltr'><strong>ι</strong></span> <span class='ocrx_word' id='word_1_769' title='bbox 589 5263 882 5330; x_wconf 85' lang='lat' dir='ltr'><strong>Converte,</strong></span> <span class='ocrx_word' id='word_1_770' title='bbox 914 5264 1177 5327; x_wconf 84' lang='lat' dir='ltr'><strong>Domine;</strong></span> <span class='ocrx_word' id='word_1_771' title='bbox 1212 5265 1361 5335; x_wconf 90' lang='lat' dir='ltr'><strong>eripe</strong></span> <span class='ocrx_word' id='word_1_772' title='bbox 1391 5267 1629 5320; x_wconf 87' lang='lat' dir='ltr'><strong>animam</strong></span> <span class='ocrx_word' id='word_1_773' title='bbox 1658 5279 1833 5319; x_wconf 87' lang='lat' dir='ltr'><strong>meam</strong></span> <span class='ocrx_word' id='word_1_774' title='bbox 1869 5283 1883 5321; x_wconf 90' lang='lat'><strong>:</strong></span> <span class='ocrx_word' id='word_1_775' title='bbox 1919 5264 2028 5317; x_wconf 86' lang='lat' dir='ltr'><strong>sal-</strong></span> 
     </span>
    </p>
   </div>
   <div class='ocr_carea' id='block_1_104' title="bbox 457 5352 2029 5426">
    <p class='ocr_par' dir='ltr' id='par_1_104' title="bbox 457 5352 2029 5426">
     <span class='ocr_line' id='line_1_104' title="bbox 457 5352 2029 5426; baseline 0.001 -20"><span class='ocrx_word' id='word_1_776' title='bbox 457 5369 581 5410; x_wconf 84' lang='lat' dir='ltr'><strong>vum</strong></span> <span class='ocrx_word' id='word_1_777' title='bbox 613 5370 697 5410; x_wconf 90' lang='lat' dir='ltr'><strong>me</strong></span> <span class='ocrx_word' id='word_1_778' title='bbox 731 5354 817 5410; x_wconf 82' lang='lat' dir='ltr'><strong>fac</strong></span> <span class='ocrx_word' id='word_1_779' title='bbox 857 5366 1079 5426; x_wconf 87' lang='lat' dir='ltr'><strong>propter</strong></span> <span class='ocrx_word' id='word_1_780' title='bbox 1126 5356 1556 5411; x_wconf 82' lang='lat' dir='ltr'><strong>misericordiam</strong></span> <span class='ocrx_word' id='word_1_781' title='bbox 1591 5364 1764 5410; x_wconf 86' lang='lat' dir='ltr'><strong>tuam.</strong></span> <span class='ocrx_word' id='word_1_782' title='bbox 1807 5373 1827 5407; x_wconf 76' lang='grc' dir='ltr'><strong>ι</strong></span> <span class='ocrx_word' id='word_1_783' title='bbox 1863 5352 2029 5409; x_wconf 80' lang='lat' dir='ltr'><strong>Juxta</strong></span> 
     </span>
    </p>
   </div>
   <div class='ocr_carea' id='block_1_105' title="bbox 454 5447 2029 5518">
    <p class='ocr_par' dir='ltr' id='par_1_105' title="bbox 454 5447 2029 5518">
     <span class='ocr_line' id='line_1_105' title="bbox 454 5447 2029 5518; baseline -0.003 -15"><span class='ocrx_word' id='word_1_784' title='bbox 454 5447 667 5503; x_wconf 82' lang='lat' dir='ltr'><strong>Domini</strong></span> <span class='ocrx_word' id='word_1_785' title='bbox 694 5450 943 5518; x_wconf 85' lang='lat' dir='ltr'><strong>proprias</strong></span> <span class='ocrx_word' id='word_1_786' title='bbox 960 5449 1222 5512; x_wconf 87' lang='lat' dir='ltr'><strong>rationes,</strong></span> <span class='ocrx_word' id='word_1_787' title='bbox 1245 5449 1409 5505; x_wconf 90' lang='lat' dir='ltr'><strong>etiam</strong></span> <span class='ocrx_word' id='word_1_788' title='bbox 1435 5449 1703 5518; x_wconf 87' lang='lat' dir='ltr'><strong>propheta</strong></span> <span class='ocrx_word' id='word_1_789' title='bbox 1725 5461 2029 5503; x_wconf 88' lang='lat' dir='ltr'><strong>sermonem</strong></span> 
     </span>
    </p>
   </div>
   <div class='ocr_carea' id='block_1_106' title="bbox 2133 4516 3712 4592">
    <p class='ocr_par' dir='ltr' id='par_1_106' title="bbox 2133 4516 3712 4592">
     <span class='ocr_line' id='line_1_106' title="bbox 2133 4516 3712 4592; baseline -0.014 -4"><span class='ocrx_word' id='word_1_790' title='bbox 2133 4529 2400 4588; x_wconf 85' lang='grc' dir='ltr'>λευόντων</span> <span class='ocrx_word' id='word_1_791' title='bbox 2444 4531 2546 4584; x_wconf 84' lang='grc' dir='ltr'><strong>οὐκ</strong></span> <span class='ocrx_word' id='word_1_792' title='bbox 2600 4528 3014 4588; x_wconf 71' lang='grc' dir='ltr'>ἀπαλλάσσειςς</span> <span class='ocrx_word' id='word_1_793' title='bbox 3046 4525 3133 4577; x_wconf 69' lang='lat' dir='ltr'><strong>Ei‘</strong></span> <span class='ocrx_word' id='word_1_794' title='bbox 3159 4522 3271 4592; x_wconf 83' lang='grc' dir='ltr'>γὰρ</span> <span class='ocrx_word' id='word_1_795' title='bbox 3308 4519 3405 4574; x_wconf 73' lang='grc' dir='ltr'><strong>καὶ</strong></span> <span class='ocrx_word' id='word_1_796' title='bbox 3450 4516 3565 4586; x_wconf 81' lang='grc' dir='ltr'>ἐγὼ</span> <span class='ocrx_word' id='word_1_797' title='bbox 3622 4517 3712 4568; x_wconf 79' lang='grc' dir='ltr'>ἀν-</span> 
     </span>
    </p>
   </div>
   <div class='ocr_carea' id='block_1_107' title="bbox 2133 4603 3711 4686">
    <p class='ocr_par' dir='ltr' id='par_1_107' title="bbox 2133 4603 3711 4686">
     <span class='ocr_line' id='line_1_107' title="bbox 2133 4603 3711 4686; baseline -0.01 -12"><span class='ocrx_word' id='word_1_798' title='bbox 2133 4620 2319 4686; x_wconf 80' lang='grc' dir='ltr'>άξιος,</span> <span class='ocrx_word' id='word_1_799' title='bbox 2354 4618 2491 4673; x_wconf 83' lang='grc' dir='ltr'><strong>ἀλλά</strong></span> <span class='ocrx_word' id='word_1_800' title='bbox 2545 4619 2610 4671; x_wconf 80' lang='grc' dir='ltr'><strong>σὺ</strong></span> <span class='ocrx_word' id='word_1_801' title='bbox 2644 4615 2930 4678; x_wconf 84' lang='grc' dir='ltr'>πολυέλεος</span> <span class='ocrx_word' id='word_1_802' title='bbox 2967 4615 3065 4666; x_wconf 67' lang='grc' dir='ltr'>καὶ</span> <span class='ocrx_word' id='word_1_803' title='bbox 3107 4609 3494 4681; x_wconf 83' lang='grc' dir='ltr'>φιλάνθρωπος</span> <span class='ocrx_word' id='word_1_804' title='bbox 3517 4625 3531 4638; x_wconf 79' lang='grc'><em>’</em></span> <span class='ocrx_word' id='word_1_805' title='bbox 3581 4608 3615 4674; x_wconf 77' lang='grc' dir='ltr'><strong>ἡ</strong></span> <span class='ocrx_word' id='word_1_806' title='bbox 3649 4603 3711 4671; x_wconf 75' lang='grc' dir='ltr'>σή</span> 
     </span>
    </p>
   </div>
   <div class='ocr_carea' id='block_1_108' title="bbox 2134 4699 3708 4785">
    <p class='ocr_par' dir='ltr' id='par_1_108' title="bbox 2134 4699 3708 4785">
     <span class='ocr_line' id='line_1_108' title="bbox 2134 4699 3708 4785; baseline -0.013 -17"><span class='ocrx_word' id='word_1_807' title='bbox 2134 4714 2445 4785; x_wconf 74' lang='grc' dir='ltr'>παρόρασις</span> <span class='ocrx_word' id='word_1_808' title='bbox 2511 4710 2867 4770; x_wconf 85' lang='grc' dir='ltr'>κατάπτωσις</span> <span class='ocrx_word' id='word_1_809' title='bbox 2898 4706 3109 4775; x_wconf 89' lang='grc' dir='ltr'>γίνεται</span> <span class='ocrx_word' id='word_1_810' title='bbox 3137 4705 3255 4766; x_wconf 87' lang='grc' dir='ltr'>τοῖς</span> <span class='ocrx_word' id='word_1_811' title='bbox 3289 4699 3708 4770; x_wconf 80' lang='grc' dir='ltr'>ἐγκαταλιμπα-</span> 
     </span>
    </p>
   </div>
   <div class='ocr_carea' id='block_1_109' title="bbox 2133 4792 3705 4876">
    <p class='ocr_par' dir='ltr' id='par_1_109' title="bbox 2133 4792 3705 4876">
     <span class='ocr_line' id='line_1_109' title="bbox 2133 4792 3705 4876; baseline -0.011 -16"><span class='ocrx_word' id='word_1_812' title='bbox 2133 4806 2403 4876; x_wconf 88' lang='grc' dir='ltr'>νομένοις.</span> <span class='ocrx_word' id='word_1_813' title='bbox 2450 4802 2639 4856; x_wconf 85' lang='grc' dir='ltr'>Ταῦτα</span> <span class='ocrx_word' id='word_1_814' title='bbox 2685 4800 2781 4854; x_wconf 77' lang='grc' dir='ltr'>καὶ</span> <span class='ocrx_word' id='word_1_815' title='bbox 2824 4799 2894 4852; x_wconf 83' lang='grc' dir='ltr'>τὰ</span> <span class='ocrx_word' id='word_1_816' title='bbox 2925 4796 3150 4851; x_wconf 87' lang='grc' dir='ltr'>τοιαῦτα</span> <span class='ocrx_word' id='word_1_817' title='bbox 3183 4794 3319 4866; x_wconf 80' lang='grc' dir='ltr'>πρὸς</span> <span class='ocrx_word' id='word_1_818' title='bbox 3347 4793 3484 4847; x_wconf 82' lang='grc' dir='ltr'>Θεὸν</span> <span class='ocrx_word' id='word_1_819' title='bbox 3516 4792 3547 4842; x_wconf 87' lang='grc' dir='ltr'>ὁ</span> <span class='ocrx_word' id='word_1_820' title='bbox 3578 4805 3705 4860; x_wconf 83' lang='grc' dir='ltr'>προ·</span> 
     </span>
    </p>
   </div>
   <div class='ocr_carea' id='block_1_110' title="bbox 2130 4881 3703 4967">
    <p class='ocr_par' dir='ltr' id='par_1_110' title="bbox 2130 4881 3703 4967">
     <span class='ocr_line' id='line_1_110' title="bbox 2130 4881 3703 4967; baseline -0.012 -16"><span class='ocrx_word' id='word_1_821' title='bbox 2130 4899 2307 4967; x_wconf 82' lang='grc' dir='ltr'>φήτης</span> <span class='ocrx_word' id='word_1_822' title='bbox 2338 4894 2772 4965; x_wconf 86' lang='grc' dir='ltr'>βουλευσάμενος</span> <span class='ocrx_word' id='word_1_823' title='bbox 2803 4889 3180 4961; x_wconf 81' lang='grc' dir='ltr'>προενεγκεῖν,</span> <span class='ocrx_word' id='word_1_824' title='bbox 3215 4885 3453 4954; x_wconf 82' lang='grc' dir='ltr'>ἐπέσχεν</span> <span class='ocrx_word' id='word_1_825' title='bbox 3484 4881 3703 4939; x_wconf 73' lang='grc' dir='ltr'>ἐαυτὸν.</span> 
     </span>
    </p>
   </div>
   <div class='ocr_carea' id='block_1_111' title="bbox 2130 4974 3701 5059">
    <p class='ocr_par' dir='ltr' id='par_1_111' title="bbox 2130 4974 3701 5059">
     <span class='ocr_line' id='line_1_111' title="bbox 2130 4974 3701 5059; baseline -0.009 -17"><span class='ocrx_word' id='word_1_826' title='bbox 2130 4989 2219 5042; x_wconf 85' lang='grc' dir='ltr'><strong>ἵνα</strong></span> <span class='ocrx_word' id='word_1_827' title='bbox 2253 4988 2328 5059; x_wconf 84' lang='grc' dir='ltr'>μὴ</span> <span class='ocrx_word' id='word_1_828' title='bbox 2357 4987 2687 5059; x_wconf 85' lang='grc' dir='ltr'>μαχόμενος,</span> <span class='ocrx_word' id='word_1_829' title='bbox 2710 4984 2805 5038; x_wconf 77' lang='grc' dir='ltr'>καὶ</span> <span class='ocrx_word' id='word_1_830' title='bbox 2826 4979 2941 5036; x_wconf 76' lang='grc' dir='ltr'>οἷον</span> <span class='ocrx_word' id='word_1_831' title='bbox 2963 4979 3344 5053; x_wconf 77' lang='grc' dir='ltr'>δικαζόμενος,</span> <span class='ocrx_word' id='word_1_832' title='bbox 3368 4976 3525 5030; x_wconf 78' lang='grc' dir='ltr'>ἔνθεν</span> <span class='ocrx_word' id='word_1_833' title='bbox 3550 4974 3701 5041; x_wconf 74' lang='grc' dir='ltr'>φανῇ·</span> 
     </span>
    </p>
   </div>
   <div class='ocr_carea' id='block_1_112' title="bbox 2129 5067 3703 5143">
    <p class='ocr_par' dir='ltr' id='par_1_112' title="bbox 2129 5067 3703 5143">
     <span class='ocr_line' id='line_1_112' title="bbox 2129 5067 3703 5143; baseline -0.011 -9"><span class='ocrx_word' id='word_1_834' title='bbox 2129 5081 2226 5134; x_wconf 59' lang='grc' dir='ltr'><strong>καὶ⁵</strong></span> <span class='ocrx_word' id='word_1_835' title='bbox 2257 5080 2446 5133; x_wconf 72' lang='grc' dir='ltr'>λοιπὸν</span> <span class='ocrx_word' id='word_1_836' title='bbox 2475 5079 2557 5141; x_wconf 89' lang='grc' dir='ltr'>εἰς</span> <span class='ocrx_word' id='word_1_837' title='bbox 2600 5076 2812 5130; x_wconf 86' lang='grc' dir='ltr'>ἱκεσίαν</span> <span class='ocrx_word' id='word_1_838' title='bbox 2865 5073 3003 5127; x_wconf 84' lang='grc' dir='ltr'>Θεοῦ</span> <span class='ocrx_word' id='word_1_839' title='bbox 3050 5070 3351 5143; x_wconf 82' lang='grc' dir='ltr'>μεταφέρει</span> <span class='ocrx_word' id='word_1_840' title='bbox 3421 5069 3515 5121; x_wconf 75' lang='grc' dir='ltr'><strong>τὸν</strong></span> <span class='ocrx_word' id='word_1_841' title='bbox 3567 5067 3703 5131; x_wconf 85' lang='grc' dir='ltr'>λογι-</span> 
     </span>
    </p>
   </div>
   <div class='ocr_carea' id='block_1_113' title="bbox 2132 5170 2645 5242">
    <p class='ocr_par' dir='ltr' id='par_1_113' title="bbox 2132 5170 2645 5242">
     <span class='ocr_line' id='line_1_113' title="bbox 2132 5170 2645 5242; baseline -0.002 -19"><span class='ocrx_word' id='word_1_842' title='bbox 2132 5170 2293 5242; x_wconf 77' lang='grc' dir='ltr'>σμὸν,</span> <span class='ocrx_word' id='word_1_843' title='bbox 2317 5170 2414 5223; x_wconf 85' lang='grc' dir='ltr'><strong>καί</strong></span> <span class='ocrx_word' id='word_1_844' title='bbox 2442 5186 2610 5241; x_wconf 82' lang='grc' dir='ltr'>φησιν</span> <span class='ocrx_word' id='word_1_845' title='bbox 2630 5183 2645 5199; x_wconf 90' lang='grc'><strong>·</strong></span> 
     </span>
    </p>
   </div>
   <div class='ocr_carea' id='block_1_114' title="bbox 2206 5252 3699 5333">
    <p class='ocr_par' dir='ltr' id='par_1_114' title="bbox 2206 5252 3699 5333">
     <span class='ocr_line' id='line_1_114' title="bbox 2206 5252 3699 5333; baseline -0.008 -17"><span class='ocrx_word' id='word_1_846' title='bbox 2206 5285 2224 5316; x_wconf 74' lang='grc' dir='ltr'><strong>ι</strong></span> <span class='ocrx_word' id='word_1_847' title='bbox 2288 5263 2673 5333; x_wconf 76' lang='grc' dir='ltr'>Ἐπίστρεψον,</span> <span class='ocrx_word' id='word_1_848' title='bbox 2728 5260 2938 5333; x_wconf 80' lang='grc' dir='ltr'>Κύριε,</span> <span class='ocrx_word' id='word_1_849' title='bbox 3009 5258 3169 5328; x_wconf 75' lang='grc' dir='ltr'>ῥῦσαι</span> <span class='ocrx_word' id='word_1_850' title='bbox 3206 5253 3306 5325; x_wconf 81' lang='grc' dir='ltr'>τὴν</span> <span class='ocrx_word' id='word_1_851' title='bbox 3357 5252 3540 5323; x_wconf 84' lang='grc' dir='ltr'>ψυχήν</span> <span class='ocrx_word' id='word_1_852' title='bbox 3586 5264 3699 5318; x_wconf 72' lang='grc' dir='ltr'>μου.</span> 
     </span>
    </p>
   </div>
   <div class='ocr_carea' id='block_1_115' title="bbox 2131 5344 3701 5429">
    <p class='ocr_par' dir='ltr' id='par_1_115' title="bbox 2131 5344 3701 5429">
     <span class='ocr_line' id='line_1_115' title="bbox 2131 5344 3701 5429; baseline -0.011 -17"><span class='ocrx_word' id='word_1_853' title='bbox 2131 5358 2307 5413; x_wconf 82' lang='grc' dir='ltr'>σῶσόν</span> <span class='ocrx_word' id='word_1_854' title='bbox 2338 5375 2405 5429; x_wconf 93' lang='grc' dir='ltr'><strong>με</strong></span> <span class='ocrx_word' id='word_1_855' title='bbox 2423 5358 2612 5411; x_wconf 74' lang='grc' dir='ltr'>ἕνεκεν</span> <span class='ocrx_word' id='word_1_856' title='bbox 2633 5354 2729 5409; x_wconf 88' lang='grc' dir='ltr'><strong>τοῦ</strong></span> <span class='ocrx_word' id='word_1_857' title='bbox 2752 5355 2935 5416; x_wconf 84' lang='grc' dir='ltr'>ἐλέους</span> <span class='ocrx_word' id='word_1_858' title='bbox 2958 5369 3072 5406; x_wconf 76' lang='grc' dir='ltr'>σου.</span> <span class='ocrx_word' id='word_1_859' title='bbox 3113 5368 3131 5401; x_wconf 82' lang='grc' dir='ltr'><strong>ι</strong></span> <span class='ocrx_word' id='word_1_860' title='bbox 3166 5348 3321 5403; x_wconf 81' lang='grc' dir='ltr'>Κατά</span> <span class='ocrx_word' id='word_1_861' title='bbox 3344 5348 3414 5401; x_wconf 76' lang='grc' dir='ltr'>τὰ</span> <span class='ocrx_word' id='word_1_862' title='bbox 3449 5344 3701 5415; x_wconf 75' lang='grc' dir='ltr'>ἰδιώματα</span> 
     </span>
    </p>
   </div>
   <div class='ocr_carea' id='block_1_116' title="bbox 2131 5440 3697 5518">
    <p class='ocr_par' dir='ltr' id='par_1_116' title="bbox 2131 5440 3697 5518">
     <span class='ocr_line' id='line_1_116' title="bbox 2131 5440 3697 5518; baseline -0.009 -16"><span class='ocrx_word' id='word_1_863' title='bbox 2131 5448 2228 5502; x_wconf 91' lang='grc' dir='ltr'><strong>τοῦ</strong></span> <span class='ocrx_word' id='word_1_864' title='bbox 2261 5447 2560 5510; x_wconf 86' lang='grc' dir='ltr'>Δεσπὸτου,</span> <span class='ocrx_word' id='word_1_865' title='bbox 2592 5446 2827 5518; x_wconf 84' lang='grc' dir='ltr'>προάγει</span> <span class='ocrx_word' id='word_1_866' title='bbox 2866 5444 2960 5498; x_wconf 84' lang='grc' dir='ltr'><strong>τὸν</strong></span> <span class='ocrx_word' id='word_1_867' title='bbox 2989 5443 3149 5510; x_wconf 85' lang='grc' dir='ltr'>λόγον</span> <span class='ocrx_word' id='word_1_868' title='bbox 3185 5441 3277 5493; x_wconf 75' lang='grc' dir='ltr'><strong>καὶ</strong></span> <span class='ocrx_word' id='word_1_869' title='bbox 3323 5441 3354 5492; x_wconf 81' lang='grc' dir='ltr'>ὁ</span> <span class='ocrx_word' id='word_1_870' title='bbox 3400 5440 3697 5518; x_wconf 34' lang='lat' dir='ltr'><strong>«meum?</strong></span> 
     </span>
    </p>
   </div>
   <div class='ocr_carea' id='block_1_117' title="bbox 454 5516 2022 5613">
    <p class='ocr_par' dir='ltr' id='par_1_117' title="bbox 454 5516 2022 5613">
     <span class='ocr_line' id='line_1_117' title="bbox 454 5516 2022 5613; baseline 0 -19"><span class='ocrx_word' id='word_1_871' title='bbox 454 5516 722 5611; x_wconf 68' lang='lat' dir='ltr'><strong>producit.</strong></span> <span class='ocrx_word' id='word_1_872' title='bbox 757 5541 857 5597; x_wconf 81' lang='lat' dir='ltr'><strong>Ubi</strong></span> <span class='ocrx_word' id='word_1_873' title='bbox 907 5542 1051 5597; x_wconf 85' lang='lat' dir='ltr'><strong>enim</strong></span> <span class='ocrx_word' id='word_1_874' title='bbox 1103 5543 1353 5613; x_wconf 88' lang='lat' dir='ltr'><strong>superius</strong></span> <span class='ocrx_word' id='word_1_875' title='bbox 1404 5516 1674 5598; x_wconf 79' lang='lat' dir='ltr'><strong>dixisset:</strong></span> <span class='ocrx_word' id='word_1_876' title='bbox 1716 5560 1735 5593; x_wconf 77' lang='grc' dir='ltr'><strong>σ</strong></span> <span class='ocrx_word' id='word_1_877' title='bbox 1775 5539 2022 5594; x_wconf 78' lang='lat' dir='ltr'><strong>Miserere</strong></span> 
     </span>
    </p>
   </div>
   <div class='ocr_carea' id='block_1_118' title="bbox 2127 5516 3700 5613">
    <p class='ocr_par' dir='ltr' id='par_1_118' title="bbox 2134 5516 3700 5611">
     <span class='ocr_line' id='line_1_118' title="bbox 2134 5516 3700 5611; baseline -0.013 -17"><span class='ocrx_word' id='word_1_878' title='bbox 2134 5540 2319 5593; x_wconf 78' lang='grc' dir='ltr'>Εἰπὼν</span> <span class='ocrx_word' id='word_1_879' title='bbox 2347 5539 2458 5611; x_wconf 78' lang='grc' dir='ltr'><strong>γὰρ</strong></span> <span class='ocrx_word' id='word_1_880' title='bbox 2487 5516 2769 5611; x_wconf 74' lang='grc' dir='ltr'>ἀνωτέρω,</span> <span class='ocrx_word' id='word_1_881' title='bbox 2817 5555 2836 5589; x_wconf 74' lang='grc' dir='ltr'><strong>ι</strong></span> <span class='ocrx_word' id='word_1_882' title='bbox 2895 5534 3150 5605; x_wconf 81' lang='grc' dir='ltr'>Ἐλέησόν</span> <span class='ocrx_word' id='word_1_883' title='bbox 3197 5548 3286 5603; x_wconf 85' lang='grc' dir='ltr'><strong>με,</strong></span> <span class='ocrx_word' id='word_1_884' title='bbox 3317 5529 3530 5601; x_wconf 69' lang='grc' dir='ltr'>Κύριε·</span> <span class='ocrx_word' id='word_1_885' title='bbox 3580 5516 3700 5575; x_wconf 59' lang='lat' dir='ltr'><strong>una!</strong></span> 
     </span>
    </p>
   </div>
   <div class='ocr_carea' id='block_1_119' title="bbox 512 5665 2022 5741">
    <p class='ocr_par' dir='ltr' id='par_1_119' title="bbox 512 5665 2010 5740">
     <span class='ocr_line' id='line_1_119' title="bbox 512 5665 2010 5740; baseline 0.003 -20"><span class='ocrx_word' id='word_1_886' title='bbox 512 5666 559 5698; x_wconf 81' lang='grc'>⁸⁸</span> <span class='ocrx_word' id='word_1_887' title='bbox 588 5665 733 5724; x_wconf 82' lang='lat' dir='ltr'><strong>Psal.</strong></span> <span class='ocrx_word' id='word_1_888' title='bbox 786 5685 940 5738; x_wconf 88' lang='lat' dir='ltr'><strong>xxttt,</strong></span> <span class='ocrx_word' id='word_1_889' title='bbox 972 5671 1076 5739; x_wconf 71' lang='lat'><strong>2|;</strong></span> <span class='ocrx_word' id='word_1_890' title='bbox 1118 5689 1189 5739; x_wconf 74' lang='lat' dir='ltr'><strong>vr,</strong></span> <span class='ocrx_word' id='word_1_891' title='bbox 1233 5674 1284 5740; x_wconf 79' lang='lat'><strong>3,</strong></span> <span class='ocrx_word' id='word_1_892' title='bbox 1334 5675 1385 5729; x_wconf 68' lang='grc'>4.</span> <span class='ocrx_word' id='word_1_893' title='bbox 1463 5672 1508 5706; x_wconf 73' lang='grc'><strong>⁸³</strong></span> <span class='ocrx_word' id='word_1_894' title='bbox 1542 5672 1733 5728; x_wconf 78' lang='lat' dir='ltr'><strong>Matth.</strong></span> <span class='ocrx_word' id='word_1_895' title='bbox 1769 5685 1884 5734; x_wconf 76' lang='lat' dir='ltr'><strong>xm,</strong></span> <span class='ocrx_word' id='word_1_896' title='bbox 1920 5668 2010 5724; x_wconf 77' lang='lat'><strong>30.</strong></span> 
     </span>
    </p>
   </div>
   <div class='ocr_carea' id='block_1_120' title="bbox 2127 5665 2534 5741">
    <p class='ocr_par' dir='ltr' id='par_1_120' title="bbox 2127 5671 2534 5741">
     <span class='ocr_line' id='line_1_120' title="bbox 2127 5671 2534 5741; baseline 0.007 -16"><span class='ocrx_word' id='word_1_897' title='bbox 2127 5677 2130 5696; x_wconf 74' lang='grc'><strong><em>⁵</em></strong></span> <span class='ocrx_word' id='word_1_898' title='bbox 2165 5671 2297 5726; x_wconf 88' lang='lat' dir='ltr'><strong>Luc.</strong></span> <span class='ocrx_word' id='word_1_899' title='bbox 2332 5688 2447 5741; x_wconf 88' lang='lat' dir='ltr'><strong>xm,</strong></span> <span class='ocrx_word' id='word_1_900' title='bbox 2481 5674 2534 5728; x_wconf 83' lang='lat'><strong>6.</strong></span> 
     </span>
    </p>
   </div>
  </div>
