3988 6142
360 204 501 273 1125
1542 218 1822 279 ORATIO

1991 222 2350 286 PSALMUM
2381 228 2479 288 VI.

3493 230 3628 295 li‘lﬁ

357 338 447 391 με,
483 321 680 391 Κύριε,
706 341 722 373 ι
762 322 954 392 ἐπάγει
985 324 1193 390 τούτοις
1225 326 1352 398 ἐξῆς
1381 328 1460 393 τὸ,
1487 348 1504 379 ι
1543 330 1902 402 Ἐπίστρεψον

2048 337 2173 398 mei,
2204 338 2614 403 Domino;sana
2643 352 2751 401 me,
2781 338 3007 393 Domine
3032 358 3046 394 :
3079 358 3095 390 ι
3122 339 3189 395 iis
3210 341 3406 398 deinde
3428 344 3629 398 subne-

353 414 428 477 ὼς
462 416 672 485 ποιμὴν
707 415 1043 488 ἐπίστρεψον
1065 436 1076 448 ·
1112 438 1130 470 ι
1154 419 1249 472 καὶ
1279 420 1356 485 ὡς
1378 421 1572 492 ὁδηγὸς
1591 463 1606 488 ,
1639 424 1800 492 ῥῦσαι
1822 443 1835 455 ο
1867 422 1943 490 ὡς

351 505 615 571 δυνατὸς,
652 525 670 557 ι
712 505 895 562 Σῶσόν
936 527 1004 580 με
1034 510 1225 564 ἕνεκεν
1254 515 1348 566 τοῦ
1397 513 1582 579 ἐλέους
1619 531 1734 570 σου.
1774 536 1793 569 ι
1830 519 1942 589 Οὐχ

353 594 517 648 ἕνεκα
547 594 660 649 τῶν
691 597 868 668 ἔργων
899 614 1024 669 μου,
1059 604 1274 675 πονηρά
1299 603 1409 676 γάρ
1439 604 1578 657 εἰσιν
1604 620 1617 634 ο
1647 607 1747 678 οὐχ
1776 608 1942 663 ἕνεκα

353 685 462 738 τῶν
491 687 669 756 λόγων
699 696 828 759 μου,
865 690 1087 759 μάταιοι
1120 695 1229 764 γάρ
1260 696 1400 748 εἰσιν
1420 711 1434 725 ο
1488 697 1589 767 οὺχ
1636 699 1802 752 ἓνεκα
1830 700 1940 753 τῶν

351 776 633 845 λογισμῶν
682 797 807 850 μου,
860 770 1117 854 ῥυπαροι
1144 785 1253 857 γάρ
1284 788 1456 840 εἰσιν
1490 789 1648 854 ἀλλὰ,
1702 809 1721 842 ι
1756 791 1939 846 Σῶσόν

354 887 421 939 με
453 872 639 926 ἕνεκεν
667 873 760 926 τοῦ
790 873 977 939 ἐλέους
1012 893 1129 931 σου.
1167 896 1187 929 ι
1220 879 1282 931 El
1314 879 1370 931 δέ
1419 879 1751 935 δικάσασθαι
1799 885 1938 953 πρός

352 980 421 1034 με
461 964 675 1036 βούλει,
721 969 831 1036 ἐγὼ
879 971 1257 1042 προλαμὸἀνω
1291 973 1390 1044 τὴν
1426 975 1526 1045 σὴν
1581 975 1790 1047 κρίσιν,
1843 979 1936 1032 καὶ

349 1059 473 1111 κατ’
503 1061 747 1129 ἐμαυτοῦ
771 1061 872 1134 τὴν
915 1063 1196 1133 ἀπόφασιν
1233 1067 1477 1138 ἐκφέρω,
1514 1069 1609 1121 καὶ⁵
1643 1069 1895 1140 ὁμολογῶ
1916 1111 1930 1135 ,

347 1150 426 1202 ὅτι
456 1149 603 1215 ἄξιος
633 1152 871 1206 Θανάτου
910 1155 1047 1223 ἐγώ.
1078 1157 1304 1221 Λοιπὸν,
1346 1177 1365 1209 ι
1410 1159 1596 1214 Σῶσόν
1630 1178 1698 1231 με
1744 1162 1933 1217 ἕνεκεν

344 1237 442 1291 τοῦ
472 1238 663 1304 ἐλέους
710 1258 825 1296 σου.
864 1263 883 1296 ο
921 1244 1015 1308 Εἰς
1042 1244 1103 1298 τὸ
1140 1244 1288 1310 ἔλεός
1320 1266 1415 1300 σου
1456 1251 1814 1321 καταφεύγω,
1845 1253 1935 1306 οὐ-

344 1329 433 1382 δὲν
484 1331 625 1402 ἔχων
656 1338 1029 1406 προσαγαγεῖν
1073 1354 1178 1391 σοι.
1214 1338 1403 1403 Ἔλεος
1435 1340 1575 1394 αἰτῶ
1616 1343 1768 1412 παρὰ
1797 1343 1891 1397 σοῦ
1915 1361 1927 1374 ·

347 1423 423 1493 μὴ
449 1421 695 1498 ζητήσῃς
729 1445 798 1497 με
830 1426 931 1499 τὴν
965 1428 1161 1484 τούτου
1200 1433 1396 1503 τιμήν.
1440 1434 1632 1500 Οὐδεὶς
1662 1438 1772 1508 γάρ
1798 1454 1929 1491 ποτε

342 1514 441 1585 τὴν
492 1515 870 1588 ἐλεημοσύνην
923 1521 1267 1593 πιπράσκει,
1313 1524 1453 1578 ἀλλά
1492 1513 1671 1598 ’δῶρον
1722 1528 1930 1599 ταύτην

343 1608 594 1679 παρέχει.
624 1611 738 1676 Διὸ,
780 1628 800 1662 ι
836 1612 1020 1667 Σῶσόν
1068 1630 1137 1684 με
1166 1614 1357 1669 ἕνεκεν
1384 1619 1479 1671 τοῦ
1519 1618 1703 1682 ἐλέους
1742 1638 1860 1675 σου.
1902 1639 1921 1672 ι

340 1702 629 1774 Μνήσθητι
660 1704 768 1759 τῶν
793 1707 971 1776 λόγων
999 1702 1074 1762 ὧν
1104 1711 1162 1762 ἐν
1195 1713 1315 1775 ταῖς
1342 1712 1526 1780 ἁγίαις
1556 1731 1650 1768 σου
1681 1714 1925 1786 Γραφαῖς

340 1798 605 1869 εἴρηκας·
639 1801 722 1855 ὅτι
763 1820 782 1854 ι
835 1802 1145 1877 Ἐπιμελῶς
1173 1806 1424 1876 ἔγκειται
1462 1808 1675 1862 διάνοια
1704 1809 1798 1863 τοῦ
1832 1812 1926 1863 ἀν-

341 1891 563 1963 θρώπου
592 1896 684 1949 ἐπὶ
721 1896 789 1950 τὰ
813 1898 1049 1970 πονηρά
1100 1903 1164 1954 ἐκ
1206 1902 1458 1972 νεότητος
1495 1902 1686 1957 αὐτοῦ.
1720 1923 1739 1956 ›
1772 1905 1923 1975 Μνή-

338 1984 502 2056 σθητι
529 1987 611 2041 ὅτι
631 1988 919 2060 ἄνθρωπος
946 1994 1268 2063 ματαιότητι
1298 1992 1578 2065 ὡμοιώθη,
1612 1997 1705 2049 καὶ
1733 1995 1814 2049 ὅτι
1863 1998 1922 2050 οὐ

331 2076 749 2150 δικαιωθήσεται
774 2082 1009 2137 ἐνώπιόν
1035 2102 1129 2138 σου
1162 2088 1271 2150 πᾶς
1299 2083 1428 2150 ζῶν.
1470 2104 1488 2136 ι
1538 2087 1665 2140 Ἐἀν
1694 2087 1925 2157 ἀνομίας

340 2173 733 2245 παρατηρήσῃ,
770 2174 853 2239 τίς
880 2175 1288 2249 ὑποστήσεται;
1329 2197 1348 2230 ι
1392 2179 1678 2249 Μνήσθητι
1707 2181 1790 2232 ὅτι
1829 2181 1921 2233 οὐ·

335 2258 448 2324 δεὶς
478 2263 719 2334 καθαρὸς
748 2265 857 2320 ἀπὸ
889 2267 1090 2339 ῥύπου,
1117 2269 1229 2322 οὐδ’
1259 2270 1326 2324 ἂν
1425 2270 1524 2339 μία
1544 2271 1727 2340 ἡμέρα
1751 2274 1782 2340 ἡ
1809 2271 1922 2342 ζωὴ

335 2351 536 2420 αὐτοῦς·
581 2355 677 2409 καὶ
718 2356 802 2409 ὅτι
859 2376 877 2408 ι
918 2360 976 2412 ἐν
1011 2360 1269 2429 ἀνομίαις
1320 2361 1682 2431 συνελήφθην,
1733 2363 1825 2414 καὶ
1865 2364 1923 2417 ἐν

335 2442 642 2515 ἁμαρτίαις
685 2446 947 2517 ἐκίσσησέ
990 2466 1058 2518 με
1089 2450 1123 2520 ἡ
1154 2451 1338 2521 μήτηρ
1375 2468 1499 2521 μου.
1556 2470 1575 2503 ι
1632 2451 1921 2520 Μνήσθητι

333 2532 564 2588 ὅτιούδέ
596 2537 760 2600 αὐτὸς
788 2540 816 2591 ὁ
836 2539 1066 2610 οὐρανὸς
1095 2540 1339 2612 καθαρὸς
1372 2539 1604 2595 ἐνώπιόν
1638 2559 1731 2594 σου
1754 2558 1766 2571 ·
1800 2542 1921 2595 οὐδὲ

332 2626 383 2677 οἱ
403 2625 624 2695 ἄγγελοι
655 2630 813 2683 αὐτοὶ
838 2631 1219 2703 ἀναμάρτητοι
1256 2633 1488 2687 ἐνώπιόν
1521 2650 1640 2696 σου,
1662 2632 1717 2685 εἴ
1739 2650 1799 2700 γε
1826 2631 1922 2686 καὶ

332 2717 395 2783 ἐξ
433 2720 664 2792 οὐρανοῦ
716 2721 914 2778 ἔπεσόν
969 2741 1117 2788 τινες
1161 2723 1230 2777 δι’
1282 2724 1669 2796 ὑπερηφανίαν
1715 2723 1915 2777 αὐτῶν.

337 2829 359 2862 ι
401 2812 629 2868 Ἕνεκεν
649 2815 742 2869 τοῦ
765 2816 950 2881 ἐλέους
977 2834 1069 2871 σου
1105 2816 1280 2871 σῶσόν
1307 2835 1376 2888 με
1396 2832 1410 2846 ·
1449 2837 1469 2870 ι
1495 2816 1595 2887 ἐμὲ
1628 2816 1719 2869 τὸν
1737 2815 1918 2880 ἐλέους

329 2904 608 2975 δεόμενον.
660 2910 724 2962 Ei
767 2892 894 2981 γὰρ’
911 2910 1002 2962 τὸν
1030 2909 1179 2975 ἀξιον
1230 2909 1460 2977 σώζεις,
1492 2911 1540 2963 εί
1573 2907 1665 2962 τὸν
1711 2907 1919 2962 δίκαιον

2004 410 2017 425 ’
2044 429 2140 483 ctit
2170 429 2324 494 illud,
2360 448 2378 481 ι
2414 429 2706 492 Converte,
2737 441 3017 486 converte.
3098 440 3158 484 ut
3193 441 3503 500 pastorum
3530 451 3629 492 ne

2043 518 2175 585 dux,
2205 520 2395 588 eripe;
2429 528 2489 574 ut
2536 531 2754 588 potens,
2797 540 2815 573 ι
2855 520 3074 576 Salvum
3130 536 3215 576 me
3267 519 3354 575 fac
3407 534 3626 593 prepter

2043 610 2475 667 misericordiam
2526 618 2698 667 tuam.
2742 632 2759 663 ι
2797 613 2909 666 Νοιι
2968 624 3190 682 propter
3243 627 3408 682 Opera
3463 629 3619 681 mea;

2041 703 2239 772 quippe
2282 704 2420 757 mala
2469 714 2624 773 sunt;
2666 720 2770 759 non
2820 714 3044 774 propter
3088 719 3241 759 meos
3293 720 3621 760 sermones:

2040 808 2165 847 nam
2198 806 2325 849 sunt
2368 797 2518 861 vani;
2575 812 2679 852 non
2731 807 2955 865 pr0pter
3009 811 3157 851 meas
3209 797 3568 867 cogitationes
3604 816 3623 854 ι

2039 886 2313 957 siquidem
2361 899 2484 943 sunt
2538 890 2873 944 immundus:
2912 890 3029 952 sed,
3068 908 3085 940 ι
3137 888 3359 944 Salvum
3405 905 3490 944 me
3539 892 3623 945 lae

2037 991 2263 1051 propter
2310 982 2749 1037 misericordiam
2782 990 2949 1035 tuam.
3001 1000 3018 1032 ι
3054 980 3208 1048 Quod
3238 983 3283 1035 si
3317 981 3452 1036 velis
3488 983 3618 1036 mihi

2037 1073 2185 1128 litem
2222 1075 2516 1139 intentare,
2566 1085 2713 1128 tuum
2760 1090 2859 1144 ego
2889 1074 3151 1139 judicium
3187 1089 3417 1143 occupo,
3459 1075 3622 1143 inque

2036 1166 2304 1235 meipsum
2351 1168 2683 1237 pronuntio,
2721 1182 2783 1222 ac
2818 1183 2902 1221 me
2931 1182 3081 1220 reum
3117 1167 3308 1222 mortis
3357 1166 3621 1221 conﬁteor

2034 1274 2098 1314 ac
2149 1274 2407 1330 agnosco.
2463 1258 2757 1321 Caeterum,
2794 1276 2811 1307 ι
2850 1257 3072 1312 Salvum
3124 1275 3208 1313 me
3263 1258 3349 1313 lae
3396 1266 3620 1328 propter

2034 1352 2465 1407 miscricordiam
2521 1364 2689 1406 tuam.
2732 1372 2750 1403 ι
2785 1351 2866 1405 Ad
2904 1362 3050 1406 tuam
3098 1352 3358 1420 confugio
3404 1352 3620 1406 miseri-

2030 1444 2297 1508 cordiam,
2333 1460 2455 1499 cum
2495 1444 2625 1498 mihi
2661 1444 2802 1498 desit
2844 1442 2974 1511 quid
3017 1442 3267 1497 oderam.
3299 1440 3410 1496 Abs
3444 1452 3494 1496 te
3522 1442 3620 1495 mi-

2030 1537 2384 1591 sericordiam
2414 1535 2597 1602 ﬂagito
2629 1554 2640 1588 :
2672 1543 2727 1588 ttt
2766 1550 2836 1589 ne
2862 1535 2983 1603 ejus
3031 1534 3264 1602 pretium
3299 1548 3327 1586 a
3362 1547 3448 1587 me
3470 1548 3615 1602 qua:-

2030 1639 2142 1680 ras.
2178 1623 2347 1678 Nemo
2390 1626 2588 1693 quippe
2636 1623 3068 1677 misericordiam
3116 1621 3323 1685 vendit,
3372 1623 3464 1675 sed
3494 1635 3614 1674 eam

2030 1718 2203 1787 gratis
2253 1716 2461 1770 tribuit.
2520 1714 2747 1777 Idcirco,
2787 1733 2804 1765 ι
2854 1713 3076 1768 Salvum
3125 1727 3210 1766 me
3258 1713 3344 1767 lac
3392 1722 3616 1783 propter

2031 1807 2460 1862 misericordiam
2495 1815 2661 1859 tuam.
2697 1823 2715 1856 ι
2745 1804 3015 1875 Memento
3050 1803 3342 1856 verborum
3367 1813 3609 1864 tuorum,

2028 1914 2148 1970 qum
2183 1899 2236 1954 in
2262 1899 2438 1954 sacris
2466 1896 2692 1951 Litteris
2718 1896 3035 1965 prolocutus
3058 1910 3137 1949 es.
3156 1892 3478 1958 Nimirum,¢
3513 1893 3613 1947 ho-

2027 1994 2189 2047 minis
2235 2002 2468 2047 mentem
2523 1989 2810 2059 diligeuter
2856 1988 2907 2040 in
2952 1985 3094 2039 mala
3137 1986 3399 2039 intentam
3441 2000 3471 2039 a
3514 1999 3611 2039 sua

2021 2082 2771 2156 juventute’U'.»Memento
2803 2080 3078 2134 hominem
3118 2077 3342 2132 vanitati
3388 2076 3612 2133 assimi-

2027 2177 2193 2230 latum
2224 2190 2364 2241 esse,
2393 2190 2457 2230 ac
2491 2174 2604 2228 fore
2636 2181 2692 2225 ut
2726 2188 2829 2225 non
2861 2168 3191 2237 iustificetur
3215 2168 3395 2224 omnis
3422 2167 3608 2224 vivens

2025 2284 2207 2325 coram
2263 2278 2315 2323 te
2357 2268 2425 2321 ".
2466 2285 2484 2318 ι
2533 2266 2588 2321 Si
2644 2264 2965 2333 iniquitates
3036 2261 3435 2327 observaveris,
3484 2262 3606 2332 quis

2025 2360 2317 2415 sustinebit
2343 2357 2415 2411 9‘?
2448 2376 2466 2409 ι
2505 2332 2775 2410 Memento
2802 2354 3073 2408 neminem
3103 2369 3131 2407 a
3164 2354 3323 2408 sorde
3347 2354 3607 2407 mundum

2023 2467 2163 2516 esse,
2193 2467 2259 2504 ne
2285 2451 2329 2505 si
2358 2466 2461 2504 una
2493 2450 2607 2503 dies
2639 2449 2713 2503 sit
2740 2449 2847 2502 vita
2877 2449 2993 2518 ejus
3028 2465 3044 2502 :
3075 2456 3241 2515 utque
3271 2463 3290 2496 ι
3324 2445 3376 2499 in
3409 2446 3608 2514 iniqui.

2026 2541 2227 2595 tatilms
2258 2546 2555 2607 conceptus
2586 2538 2711 2605 sim,
2739 2549 2787 2593 et
2817 2539 2870 2591 in
2906 2536 3147 2608 peccatis
3176 2536 3489 2605 conceperit
3521 2550 3608 2590 me

2024 2643 2197 2687 mater
2225 2647 2342 2685 mea
2378 2630 2446 2684 ".
2492 2650 2513 2682 ›
2548 2629 2821 2685 Memento
2857 2646 2924 2684 ne
2952 2630 3149 2684 coelum
3197 2629 3370 2697 ipsum
3413 2641 3599 2681 coram

2027 2734 2076 2778 te
2106 2723 2364 2776 mundum
2399 2736 2522 2778 esse
2549 2722 2620 2786 ”,
2656 2736 2834 2790 neque
2865 2721 3088 2791 angelos
3119 2736 3241 2776 esse
3270 2735 3453 2774 coram
3485 2729 3537 2772 te
3568 2732 3599 2772 ι

2022 2826 2244 2886 peccato
2283 2817 2551 2870 immunes
2573 2814 2641 2879 ⁸⁷,
2675 2814 2940 2882 siquidem
2970 2828 3157 2867 eorum
3195 2811 3362 2880 aliqui
3389 2811 3605 2865 cecide-

2023 2917 2149 2961 runt
2179 2924 2209 2961 e
2238 2908 2376 2965 caelo
2424 2914 2648 2977 pr0pter
2700 2903 3029 2973 superbiam.
3069 2920 3088 2953 ι
3138 2902 3358 2956 Salvum
3398 2915 3484 2955 me
3520 2900 3607 2955 fac

330 2996 599 3067 ἐλεήσεις,
625 2999 779 3054 οὐδὲν
815 3001 1131 3071 θαυμαστόν
1153 3017 1167 3031 ο
1208 3000 1324 3053 ἀλλ’
1354 3002 1402 3053 εί
1432 3000 1534 3070 ἐμὲ
1556 3000 1647 3052 τὸν
1673 2999 1913 3064 ἀνάξιον,

2025 3009 2243 3067 promer
2293 2995 2725 3053 misericordiam
2769 3003 2968 3048 tuam:
3014 3014 3032 3046 ο
3074 3009 3181 3057 me,
3221 2994 3461 3063 inquam,
3512 2991 3604 3060 qui

329 3088 427 3141 τοῦ
460 3089 643 3155 ἐλέους
668 3108 763 3146 σου
796 3092 1073 3157 ἀξιώσεις,
1110 3092 1273 3146 τοῦτο
1302 3092 1396 3146 καὶ
1422 3094 1575 3159 ξένον
1596 3108 1608 3120 '
1637 3090 1798 3145 τοῦτο
1826 3091 1920 3144 καὶ

331 3180 499 3250 μέγα.
535 3182 646 3237 Καὶ
674 3184 783 3255 γὰρ
828 3185 1013 3257 ἰατρὸς
1046 3184 1167 3239 τότε
1202 3184 1571 3255 θαυμάζεται,
1607 3185 1696 3239 ὅτε
1728 3184 1920 3248 νόσους

327 3272 583 3338 ἀνιάτους
634 3277 808 3344 ἰᾶται,
871 3280 966 3332 καὶ
1007 3277 1333 3349 ἀνθρώπους
1385 3278 1637 3348 χαλεπῶς
1667 3277 1893 3348 ἔχοντας

327 3364 673 3435 ἐπαναγάγει
716 3368 854 3439 πρὸς
906 3369 1272 3441 εὺρρωστίαν.
1322 3370 1433 3424 Καὶ
1480 3370 1734 3441 βασιλεὺς
1792 3369 1914 3422 τότε

326 3448 657 3521 ἐπαινεῖται,
698 3460 788 3513 ὅτε
837 3462 954 3523 τοῖς
998 3462 1239 3529 ἀναξίοις
1280 3462 1589 3534 χαρίζεται.
1622 3457 1782 3525 Οἶδας
1816 3460 1915 3532 τὴν

327 3547 614 3603 ἀσθένειαν
656 3550 760 3621 τῆς
804 3551 1058 3622 φύσεως,
1088 3554 1166 3616 ὡς
1198 3556 1293 3607 καὶ
1333 3553 1544 3618 πλάσας
1588 3553 1779 3625 αὐτὴν,
1818 3554 1915 3606 καὶ

328 3640 407 3710 μὴ
436 3638 757 3707 ἀπαξιώσας
793 3644 999 3712 ταύτην
1033 3644 1376 3700 ἐνδύσασθαι.

2023 3089 2396 3145 misericordia
2446 3104 2653 3159 egeam.
2682 3073 2985 3158 PSiquidem
3028 3088 3173 3141 enim
3223 3102 3348 3141 eum
3392 3084 3604 3139 salvum

2018 3180 2317 3251 fztcis,oqtti
2366 3182 2564 3251 dignus
2612 3190 2696 3236 est
2731 3199 2746 3236 :
2783 3180 3050 3247 siquidem
3109 3177 3388 3233 misereris
3445 3176 3599 3246 justi,

2021 3274 2157 3328 nihil
2192 3289 2276 3329 res
2315 3275 2698 3330 admirationis
2730 3274 2894 3328 habet
2934 3295 2946 3329 :
2981 3273 3063 3328 sin
3100 3283 3282 3326 autem
3316 3270 3600 3336 indignum

2020 3382 2125 3429 me,
2168 3376 2255 3420 tua
2288 3369 2657 3424 misericordia
2719 3368 3047 3436 itupertieris
3079 3382 3091 3417 :
3130 3368 3231 3420 hoc
3286 3364 3472 3432 utique
3502 3375 3602 3415 no-

2020 3474 2182 3527 vum;
2219 3460 2321 3515 hoc
2370 3475 2621 3530 maguum
2665 3462 2777 3515 lict.
2813 3461 2963 3516 Tunc
2994 3460 3192 3528 quippe
3224 3456 3465 3511 medicus
3498 3452 3599 3507 ad-

2019 3553 2293 3607 mirationi
2342 3552 2594 3615 habetur,
2633 3530 2754 3606 e‘um
2802 3554 3019 3608 morbos
3054 3548 3382 3606 incurabiles
3415 3553 3595 3607 sanat,

2017 3644 2270 3713 maleque
2306 3642 2527 3695 allectos
2558 3643 2799 3707 pristinae
2847 3640 3144 3697 valetudini
3192 3647 3428 3708 reparat.
3481 3634 3598 3688 Rex

327 3749 545 3802 quoque
594 3747 725 3790 tunc
769 3736 1080 3791 celebratur
1115 3736 1385 3801 laudibus,
1421 3752 1546 3793 cum
1612 3738 1665 3791 in
1705 3738 2009 3792 immeritos
2066 3736 2353 3790 munilicus
2371 3736 2618 3789 e.t.Scis
2670 3746 2879 3789 natura:
2925 3729 3598 3801 imbecillitatem,quippe

324 3824 419 3892 qui
453 3839 569 3878 eam
605 3823 949 3890 l'ormaveris,
997 3842 1098 3882 nec
1147 3828 1316 3897 ipsam
1371 3828 1597 3882 induere
1642 3828 1965 3899 dedignatus
1990 3825 2085 3881 sis.

397 3913 518 3977 Διὸ,
576 3934 594 3966 ι
631 3916 812 3971 Σῶσὸν
854 3936 921 3988 με
969 3919 1158 3973 ’ἐνεκεν
1204 3919 1296 3974 τοῦ
1350 3919 1536 3984 ἐλέους
1582 3937 1701 3974 σου.
1741 3939 1760 3972 ι
1816 3921 1909 3990 Μὴ

2082 3917 2441 3987 Quapropter,
2480 3937 2498 3968 ι
2537 3918 2872 3991 Salvumme
2904 3917 2992 3973 l'ac
3024 3926 3246 3988 propter
3282 3915 3596 3972 misericor-

324 4005 530 4078 νικήσῃ
575 4009 608 4076 ἡ
652 4008 763 4079 ἐμὴ
813 4010 1062 4081 ῥᾳθυμία
1092 4011 1191 4081 τὴν
1215 4012 1456 4083 ἄμετρόν
1482 4028 1577 4065 σου
1602 4011 1913 4083 φιλανθρω-

2024 4012 2155 4066 liam
2195 4020 2364 4065 tuam.
2409 4028 2427 4062 ι
2465 4009 2544 4065 Ne
2576 4012 2781 4074 vincat,
2815 4025 3020 4079 quaeso,
3057 4025 3173 4063 mea
3211 4007 3471 4077 segnities
3496 4006 3597 4058 im-

325 4096 489 4150 πίαν’
519 4114 539 4148 ι
574 4098 665 4170 Μὴ
694 4101 776 4163 εἰς
805 4101 986 4170 κρίσιν
1006 4100 1168 4174 ἐλθῃς
1195 4102 1338 4173 μετά
1363 4102 1470 4156 τῶν
1499 4102 1702 4156 δούλων
1736 4119 1853 4156 σου.
1883 4123 1903 4157 ι

2024 4118 2254 4158 mensam
2302 4102 2648 4158 clemQttiam
2697 4118 2761 4159 ac
2804 4103 3193 4171 benignitatem
3229 4110 3415 4154 tuam:
3459 4117 3476 4149 ι
3520 4097 3596 4151 Ne

327 4191 390 4243 Εἰ
437 4192 546 4262 γάρ
596 4193 857 4264 κριθῆναι
897 4194 1171 4267 βουληθῇς
1201 4196 1339 4265 πρὸς
1371 4196 1552 4265 ἡμᾶς,
1597 4196 1707 4250 πᾶν
1736 4196 1913 4268 στόμα

2024 4205 2180 4249 ηιιινεε
2228 4195 2284 4248 in
2330 4194 2597 4263 judicium
2646 4206 2768 4248 cum
2810 4193 2986 4248 servis
3035 4192 3145 4245 tuis
3191 4191 3261 4245 ³⁸.
3304 4211 3323 4242 ι
3358 4191 3411 4243 Si
3450 4191 3592 4242 enim

320 4284 715 4353 φραγήσεται,
775 4285 943 4356 μηδὲν
992 4286 1115 4357 ἔχον
1168 4286 1641 4358 ἀπολογήσασθαι.
1673 4287 1738 4339 Τί
1796 4287 1908 4358 γὰρ

2024 4286 2248 4341 volueris
2281 4284 2490 4354 judicio
2539 4285 2823 4341 nobiscum
2879 4286 3235 4347 contendere,
3277 4282 3595 4337 obstruatur

320 4374 594 4446 ἐροῦμενς
648 4376 741 4445 Μὴ
790 4376 953 4440 ὄντας
1003 4379 1153 4448 ἡμᾶς
1196 4379 1484 4449 ἐποίησας,
1532 4378 1907 4449 πλανηθέντας

2024 4386 2224 4447 Jportet
2253 4392 2414 4431 omne
2440 4392 2523 4440 os,
2550 4376 2697 4431 omni
2731 4378 3053 4431 destitutum
3085 4375 3420 4430 defensione.
3455 4372 3591 4439 Quid

319 4466 705 4536 ἐπέστρεψας,
756 4467 1108 4532 ἀπολωλότας
1149 4468 1462 4541 ἐζήτησας,
1509 4469 1680 4540 τιμίῳ
1711 4470 1907 4539 ἐξηγόο

2024 4469 2152 4524 :nim
2192 4468 2393 4523 dicturi
2447 4468 2678 4523 sumus?
2709 4469 2842 4523 Cum
2897 4484 3002 4522 non
3046 4475 3314 4529 essemus,
3351 4465 3591 4525 crta-ti;

319 4575 499 4629 ρασας
543 4559 765 4630 αἵματι,
814 4562 965 4623 υἱοὺς
1008 4561 1156 4631 ἡμᾶς
1209 4560 1347 4614 Θεοῦ
1395 4561 1491 4615 καὶ
1533 4560 1910 4633 κληρονόμους

2024 4575 2197 4617 :rrore
2260 4559 2482 4631 lapsos,
2552 4561 2898 4626 convertisti;
2961 4558 3205 4629 perditos
3258 4557 3589 4628 quaerivisti;

318 4651 685 4721 κατέστησας.
706 4650 820 4714 Διὸ,
844 4669 862 4703 ι
893 4652 986 4722 Μὴ
1009 4652 1255 4723 μνησθῇς
1283 4650 1391 4704 τῶν
1412 4652 1654 4722 ἀνομιῶν
1678 4651 1857 4722 ἡμῶν·
1884 4671 1902 4705 ι

321 4740 462 4811 μηδὲ
479 4740 918 4815 ἀντισταθμίσῃς
941 4744 1063 4806 ταῖς
1084 4742 1380 4814 ἁμαρτίαις
1402 4743 1501 4812 τὴν
1521 4741 1620 4814 σὴν
1648 4742 1907 4814 ἀπειλήνο

317 4828 460 4883 ἀλλά
486 4830 577 4884 τὸν
621 4830 830 4886 δίκαιόν
881 4850 973 4888 σου
1009 4831 1174 4902 ζυγὸν
1233 4851 1251 4884 ι
1287 4833 1471 4886 κλῖνον
1502 4834 1568 4886 ἐκ
1611 4832 1803 4888 τούτου
1825 4836 1906 4899 είς

316 4921 516 4976 τοῦτο·
561 4942 582 4975 ι
626 4925 693 4978 ἐκ
743 4924 839 4979 τοῦ
886 4924 1160 4996 ἡμετέρου
1216 4923 1443 4994 φορτίου
1522 4926 1604 4989 είς
1656 4925 1717 4978 τὸ
1765 4926 1910 4997 μέγα

316 5014 473 5079 ἔλεός
515 5031 634 5070 σου.
688 5016 876 5070 Σῶσόν
921 5033 989 5087 με
1016 5016 1210 5070 ἕνεκεν
1247 5016 1346 5084 τῆς
1379 5017 1747 5087 χρηστότητός
1782 5035 1907 5079 σου,

314 5107 388 5161 δι’
423 5101 494 5180 ἧς
529 5108 736 5180 κόσμον
764 5108 1141 5179 ἀπολλύμενον
1179 5107 1425 5170 ἔσωσας·
1466 5107 1560 5161 καὶ
1605 5109 1804 5172 πάντες
1859 5110 1909 5163 oi

315 5200 417 5254 ἀπ’
465 5200 665 5261 αἰῶνος
697 5201 1084 5264 δικαιωθέντες
1144 5202 1234 5256 διὰ
1277 5202 1483 5271 ταύτης
1513 5201 1622 5255 τῶν
1647 5204 1706 5254 ἐν
1736 5204 1909 5271 ἐπαγ-

316 5290 534 5359 γελίαις
580 5291 903 5365 ἠξιώθησαν
950 5294 1192 5362 ἀγαθῶν.
1239 5294 1362 5348 Κᾶν
1417 5297 1525 5363 γὰρ
1574 5295 1778 5348 Μωσέα
1825 5313 1909 5360 τις

315 5383 485 5456 εἴπῃ,
530 5384 647 5438 κᾶν·
690 5385 937 5457 .Ἀαρὼν,
986 5389 1090 5441 κᾶν
1141 5387 1336 5449 Δαϐὶδ,
1393 5389 1499 5443 κᾶν
1555 5388 1761 5458 Πέτρον
1810 5389 1903 5443 τὸν

312 5536 438 5571 ⁹¹’⁹²
470 5536 608 5593 Gen.
648 5555 763 5604 vttt,
791 5540 882 5595 2|.
960 5539 1164 5594 "Psal.
1203 5557 1392 5605 cum,
1430 5545 1492 5604 ις
1535 5559 1702 5603 CXL",
1727 5543 1781 5597 2.
1859 5547 1907 5578 ⁹¹⁶
1939 5545 2080 5601 Psal.
2109 5562 2296 5609 cxxux,
2326 5549 2377 5603 5.

2008 4655 2252 4725 pretioso
2283 4652 2565 4709 redemisti
2599 4654 2905 4724 sanguine;
2946 4653 3035 4707 Dei
3060 4666 3158 4706 uos
3185 4652 3325 4705 lilios
3343 4666 3405 4704 ac
3431 4658 3590 4705 lucre-

2008 4746 2104 4802 des
2135 4746 2488 4802 constituisti.
2541 4745 2901 4816 Quapropter,
2940 4764 2960 4797 ι
3000 4743 3081 4799 Ne
3117 4743 3430 4799 memineris
3485 4744 3590 4795 ini-

2011 4837 2280 4919 quitatum
2331 4848 2641 4893 nostrarum
2677 4838 2724 4871 ”
2761 4856 2777 4894 :
2819 4858 2837 4887 ι
2879 4853 3054 4907 neque
3099 4838 3335 4907 peccatis
3384 4838 3591 4891 nostris

1986 4939 2157 5003 ,tuam
2184 4945 2252 4985 ex
2287 4930 2521 4985 adverso
2548 4930 3024 4985 comminationem
3057 4931 3382 5000 appenderis
3417 4930 3585 4997 :quiu

2009 5022 2210 5092 potius,
2240 5008 2445 5091 jttsiam
2485 5022 2630 5076 illam
2669 5031 2815 5074 tuam
2865 5022 3054 5075 libram
3099 5040 3118 5072 ι
3158 5021 3358 5075 inclina
3387 5034 3452 5097 ert
3483 5019 3586 5072 hoc

2010 5117 2062 5170 in
2089 5116 2193 5171 hoc
2228 5116 2281 5182 ¹;
2319 5134 2338 5167 ι
2374 5130 2440 5170 οι
2480 5124 2667 5170 nostro
2704 5129 2873 5170 onere
2904 5116 2956 5171 in
2985 5128 3232 5181 magnam
3266 5114 3410 5166 illam
3441 5123 3583 5164 tuam

2008 5207 2470 5262 misericordiam.
2506 5205 2747 5269 ,Salvum
2782 5222 2868 5262 me
2900 5209 2985 5263 lae
3015 5217 3237 5276 propter
3287 5205 3582 5261 benitatem

2010 5307 2176 5365 tuam,
2209 5313 2307 5369 per
2335 5312 2497 5369 quam
2525 5298 2785 5357 mundum
2816 5300 3084 5368 perditum
3119 5299 3328 5351 salvum
3363 5295 3538 5350 feciin
3567 5311 3580 5346 :

2009 5407 2306 5462 omnesque
2340 5408 2370 5447 a
2406 5391 2607 5449 saeculo
2641 5390 2766 5462 justi
2803 5406 2898 5461 per
2934 5405 3054 5445 eam
3089 5391 3226 5443 bona
3256 5387 3582 5457 repromissa

2456 5548 2503 5581 ”
2527 5547 2670 5603 Psal.
2700 5565 2752 5613 ι,
2781 5547 2833 5602 7.
2911 5548 2957 5580 "
2979 5545 3077 5602 Job
3114 5561 3198 5612 xv,
3243 5544 3325 5601 15.
3406 5544 3450 5578 ⁹τ
3482 5542 3582 5601 Job

317 5622 399 5676 tv,
428 5609 519 5666 18.
597 5610 644 5642 ’⁸
680 5609 819 5664 Psal.
853 5626 1021 5677 caLtt,
1055 5612 1107 5665 ἓ.
1185 5614 1230 5645 ’θ
1258 5614 1633 5676 Psal.t.nvm,
1681 5615 1729 5667 8.
1817 5619 1829 5647 ⁸
1879 5614 1918 5668 Ρ

2072 5634 2256 5683 exs",
2292 5621 2341 5673 9.
