3988 6142
404 251 534 318 lla"!

1603 271 1662 332 S.
1703 270 2104 334 ANASTASH
2162 275 2485 339 SINAITE

3526 288 3654 354 1123

403 366 663 434 consequi
707 383 1043 428 meruerunt.
1088 373 1408 445 Quanquam
1442 383 1585 435 enim
1623 385 1746 451 quis
1788 385 1970 439 Mosen

2092 387 2294 455 πρῶτον
2324 391 2433 441 τῶν
2468 392 2804 457 ἀποστόλων,
2851 396 2955 448 κᾶν
2991 397 3200 451 Παῦλον
3238 400 3329 451 τὸν
3365 403 3446 460 είς
3484 405 3656 477 τρίτον

401 459 547 512 dit-at
577 462 631 526 ¹;
665 476 973 532 quanquam
1005 466 1152 520 dicat
1183 470 1359 522 Aaron
1391 470 1448 536 3;
1482 465 1784 543 quanquam
1817 477 1972 529 Davi-

405 552 524 603 dem
550 553 601 617 ‘;
623 569 929 622 quanquam
958 555 1178 610 Petrum
1208 562 1572 628 apostolorum
1603 568 1896 635 principem
1919 570 1971 634 5;

405 656 711 708 quanquam
764 643 1009 709 Paulum,
1051 651 1142 716 qui
1190 653 1255 703 ad
1291 654 1506 706 tertium
1564 673 1733 726 usque
1781 660 1974 714 cu-lnm

409 745 596 801 raptus
629 745 712 789 est
740 739 761 769 ⁸
791 751 806 790 :
840 753 909 792 ne
939 755 1103 792 unum
1131 744 1346 809 quidem
1383 747 1570 800 horum
1603 752 1772 815 possit
1797 755 1979 806 dicere

405 841 432 875 a
465 837 686 892 peccato
735 827 1046 884 immunem.
1091 833 1603 908 Quamobrem,ipse
1620 855 1836 909 quoque
1865 846 1977 897 sola

407 916 510 969 ﬁde
561 917 756 970 salvari
818 936 1022 985 quzero.
1078 922 1242 988 Fide,
1297 927 1536 994 inquam,
1589 947 1692 984 non
1740 949 1804 986 ex
1860 951 1978 990 meo

405 1022 568 1074 opere
602 1011 661 1072 ⁷;
700 1019 758 1062 ιιι
789 1015 856 1064 ad
891 1029 972 1065 me
1019 1031 1231 1083 quoque
1271 1020 1510 1075 clemens
1535 1037 1598 1076 ac
1630 1024 1894 1095 benignus
1925 1040 1976 1079 tu

407 1098 554 1151 dicas
585 1117 599 1152 :
627 1118 644 1149 ι
681 1099 838 1162 Fides
871 1111 956 1154 tua
991 1116 1041 1156 te
1063 1106 1268 1158 salvum
1305 1107 1432 1161 fecit
1461 1124 1476 1162 :
1506 1113 1636 1164 vade
1665 1115 1715 1164 in
1748 1131 1875 1179 pace
1900 1117 1975 1167 ⁸.»

406 1187 618 1244 Nemini
646 1194 789 1245 enini
838 1199 1102 1259 omnium,
1140 1201 1340 1265 quibus
1373 1203 1582 1254 veniam
1622 1205 1839 1267 dedisti.
1877 1208 1980 1259 Dn-

409 1281 573 1345 tniur,
613 1284 830 1338 dixisti:
873 1284 1046 1354 Opera
1085 1294 1174 1340 tua
1213 1299 1261 1343 te
1292 1291 1498 1344 salvum
1535 1293 1778 1347 feCeruut
1811 1315 1824 1349 :
1859 1301 1978 1364 quia

412 1389 432 1421 ι
467 1370 657 1429 Omnis
705 1385 886 1430 nostra
943 1376 1154 1444 juStitia
1227 1389 1480 1450 tanqnant
1553 1400 1764 1452 pannus
1830 1405 1979 1442 men-

2073 480 2304 549 οὐρανὸν
2345 483 2705 550 ἁρπαγέντα,
2763 486 2953 540 οὐδένα
3012 490 3218 544 τούτων
3270 493 3654 563 ἀναμάρτητον

2075 569 2187 632 ἔξει
2230 573 2426 623 εἰπεῖν.
2474 574 2566 625 Διὸ
2619 576 2802 627 πίστει
2842 578 2979 651 μόνῃ
3011 579 3166 648 κάγὼ
3195 584 3435 652 σωθῆναι
3474 586 3621 655 ζητῶ

2081 661 2286 724 πίστει,
2319 664 2379 714 οὐ
2412 664 2633 732 πράξει,
2671 667 2758 719 ἵνα
2788 669 2882 718 καὶ
2914 670 3048 738 πρὸς
3093 673 3192 742 ἐμὲ
3217 675 3246 726 ὁ
3276 675 3655 747 φιλάνθρωπος

2082 751 2276 822 εἴπῃςο
2315 772 2332 803 ι
2375 755 2437 806 Ἠ
2471 756 2652 820 πίστις
2698 775 2791 810 σου
2843 761 3050 813 σέσωκέ
3087 779 3178 815 σε·
3211 765 3446 834 πορεύου
3474 769 3551 828 είς
3582 769 3655 820 ει-

2089 846 2280 916 ρήνην.
2321 865 2338 895 ι
2397 848 2585 910 Ὅσοις
2632 853 2908 917 συνέγνως
2951 855 3062 908 τῶν
3115 855 3419 926 ἀνθρώπων
3449 858 3534 927 ἐφ’
3578 854 3657 922 οἷς

2086 938 2355 1006 ἥμαρτον,
2405 940 2674 1002 Δέσποτα,
2704 943 2879 994 οὐδενὶ
2911 945 3092 996 αὐτῶν
3119 948 3348 1017 εἴρηκας
3369 963 3382 976 ⁸
3415 950 3497 1001 Τὰ
3523 950 3656 1019 ἔργα

2087 1045 2181 1080 σου
2233 1031 2439 1083 σέσωκέ
2486 1049 2577 1096 σε,
2623 1033 2706 1085 ὃτι
2738 1052 2756 1083 ι
2803 1035 2956 1086 ιιᾶσα
2977 1035 3294 1094 δικαιοσύνη
3332 1039 3654 1110 ἀνθρώπου,

2078 1121 2310 1173 ἐνώπιόν
2369 1136 2497 1182 σου,
2545 1126 2714 1194 ῥάκος
2758 1129 3212 1200 ἀποκαθημὲνης.
3273 1154 3291 1182 ν
3349 1132 3440 1184 Διδ
3498 1134 3658 1184 πάλιν

2079 1213 2223 1279 λέγω
2249 1231 2261 1242 ·
2299 1233 2316 1263 ι
2357 1216 2538 1267 Σῶσόν
2574 1235 2639 1286 με
2663 1219 2849 1272 ’ἕνεκεν
2881 1221 2972 1273 τοῦ
3005 1224 3188 1285 ἐλέους
3225 1240 3316 1276 σου
3339 1239 3350 1253 '
3380 1225 3473 1276 xui.
3500 1241 3658 1277 καταο

2077 1305 2258 1371 διώξει
2287 1325 2352 1376 με
2378 1309 2437 1360 τὸ
2464 1310 2612 1373 ἔλεός
2644 1327 2739 1363 σου
2779 1313 2960 1377 πάσας
2995 1315 3091 1378 τὰς
3130 1315 3342 1386 ἡμέρας
3378 1316 3480 1384 τῆς
3512 1316 3658 1384 ζωῆς

2085 1417 2208 1468 μου.
2245 1419 2263 1450 ι

409 1482 626 1524 struatm
660 1473 680 1503 ⁸
721 1492 738 1522 ι
779 1475 830 1526 in
861 1488 1155 1544 conspectu
1193 1489 1302 1532 tuo.
1358 1480 1540 1551 Itaque
1585 1499 1797 1538 rursum
1866 1491 1994 1544 aio:
2044 1511 2061 1542 ι
2105 1496 2322 1552 sum.“
2367 1516 2452 1554 me
2489 1499 2572 1554 [ac
2618 1511 2838 1572 propter
2883 1503 3308 1558 misericordiam
3357 1514 3525 1557 mam,
3597 1501 3658 1556 Et

413 1566 779 1618 misericordia
832 1577 918 1620 tua
950 1574 1313 1640 subsequetur
1361 1591 1445 1629 me
1488 1579 1741 1633 munibus
1793 1583 1982 1638 diebus
2022 1590 2142 1642 Vilze
2175 1610 2304 1646 mea!
2333 1596 2397 1647 '°.
2444 1615 2462 1645 ι

480 1663 850 1730 Snbsequetur
873 1682 971 1729 me,
993 1668 1086 1736 qui
1119 1668 1256 1721 male
1285 1687 1311 1722 a
1344 1678 1394 1723 te
1423 1670 1619 1737 fugiam
1660 1695 1669 1726 ;
1699 1678 1788 1744 qui
1813 1682 1988 1733 conti-

2163 1690 2502 1755 Καταδιώξει
2538 1708 2604 1760 με
2631 1691 2722 1745 τὸν
2754 1691 2942 1756 κακῶς
2972 1693 3080 1746 ἀπὸ
3105 1693 3198 1746 σοῦ
3230 1693 3500 1762 φεύγοντα
3523 1709 3536 1722 ·
3568 1693 3658 1746 τὸν

408 1768 512 1806 nne
525 1757 587 1805 ad
609 1766 886 1824 peccatum
904 1775 1139 1811 tillt'l'alll.
1157 1759 1233 1812 Tu
1249 1765 1414 1824 enint,
1433 1781 1553 1818 cum
1569 1771 1644 1820 sis
1664 1787 1680 1817 ι
1714 1770 1870 1834 Deus,
1893 1775 1983 1841 qui

410 1844 542 1896 facis
571 1846 832 1898 mirabilia
868 1849 1034 1906 solus,
1063 1849 1287 1904 mirifica
1327 1867 1489 1920 super
1523 1869 1607 1908 tne
1637 1857 1799 1909 etiam
1840 1869 1982 1911 tuam

412 1936 842 1989 misericordiam
881 1940 944 1991 ”.
985 1958 1002 1989 ι
1038 1939 1117 1992 Tu
1147 1941 1343 2009 quippe
1371 1954 1652 2011 sperantes
1693 1947 1744 1999 itt
1783 1957 1833 2001 te
1875 1951 1984 2000 Sal-

411 2041 506 2077 vos
539 2025 670 2080 fat-is
695 2026 736 2057 ¹¹
764 2068 778 2090 ,
812 2027 1071 2098 facisque,
1103 2047 1263 2101 supra
1297 2049 1456 2101 quant
1515 2036 1747 2102 petimus
1770 2048 1858 2090 aut
1904 2041 1984 2091 in-

415 2118 723 2186 telligiuuts.
764 2120 1006 2174 Accessit
1034 2122 1100 2175 ad
1161 2134 1212 2177 te
1269 2124 1578 2193 aliquando,
1616 2127 1859 2191 Domine,
1893 2131 1983 2198 qui

410 2209 596 2259 decem
618 2208 838 2260 millium
867 2209 1132 2263 talentoru
1161 2230 1188 2261 ιι
1216 2211 1399 2266 debito
1430 2215 1726 2270 obstrictus
1760 2228 1877 2270 erat
1916 2218 1980 2282 η,

412 2313 646 2366 cumque
677 2299 792 2353 leve
824 2300 950 2367 quid
991 2301 1233 2354 beneﬁcii
1291 2304 1539 2372 accipere
1589 2317 1852 2376 rogasset,
1886 2324 1984 2378 pro

413 2399 501 2442 tua
529 2391 639 2458 ipse
660 2391 942 2444 clementia
976 2393 1286 2446 Utlin'rrlllll
1340 2394 1389 2446 ei
1454 2395 1692 2448 debitum
1747 2398 1982 2455 donasti.

411 2479 518 2535 Sed
555 2492 608 2535 et
649 2483 901 2551 prodigus
929 2497 1178 2534 reversus
1206 2483 1332 2535 olim
1384 2483 1446 2545 ”,
1503 2501 1666 2536 unum
1715 2501 1745 2540 e
1777 2502 1984 2540 merce-

409 2575 581 2627 nariis
615 2575 719 2627 tuis
749 2574 862 2625 ﬁeri
912 2572 1228 2642 ﬂagitabat:
1277 2583 1329 2625 tu
1389 2584 1591 2641 autem,
1625 2591 1722 2643 pro
1774 2591 1983 2631 merce-

411 2669 571 2727 lario.
604 2668 769 2720 lilium
800 2683 919 2718 eum
957 2683 1018 2718 ne
1077 2668 1340 2720 haeredetn
1397 2667 1592 2720 fecisti.
1621 2667 1785 2723 Petiit
1845 2668 1985 2725 latro

410 2757 472 2813 ut
504 2761 618 2828 ejus
643 2761 983 2814 tnemini~ses
1007 2759 1058 2812 itt
1097 2776 1260 2828 regno
1323 2767 1414 2811 tuo
1450 2760 1492 2790 ¹⁵
1525 2777 1537 2812 :
1576 2769 1629 2812 tu
1682 2771 1862 2817 autem
1897 2771 1982 2816 to-

415 2865 524 2905 tum
565 2855 636 2905 illi
671 2856 978 2920 paradisum
1007 2855 1231 2922 largitus
1259 2871 1337 2905 es.
1367 2853 1612 2906 Accessit
1639 2857 1895 2908 meretrix
1928 2855 1981 2910 in

412 2948 593 3004 ﬂetum
646 2951 968 3017 resoluta“,
1001 2950 1311 3018 maioraque
1374 2951 1584 3017 accepit
1634 2963 1794 3017 quant
1858 2962 1982 3017 spe-

416 3053 562 3097 raret
596 3059 656 3096 ac
689 3053 979 3111 qua-reret.
1017 3042 1193 3095 Flevit
1215 3053 1267 3094 et
1298 3041 1487 3092 Petrus
1522 3049 1754 3104 tantum,
1779 3039 1984 3107 ipsum.
2013 3036 2056 3095 C

414 3153 518 3204 que
543 3135 690 3204 regni
723 3135 982 3188 caelorum
1013 3134 1212 3187 creasti
1233 3133 1581 3199 clavigerum.
1605 3129 1716 3193 Sic,
1743 3129 1987 3194 Domine,

417 3228 663 3282 moribus
721 3234 1093 3294 comparatum
1149 3225 1340 3286 habes,
1394 3237 1452 3276 ut
1491 3223 1544 3276 in
1591 3222 1908 3292 desperatis,
1937 3221 1988 3276 in

415 3321 613 3390 quibus
646 3319 788 3374 nulla
843 3318 1034 3372 salutis
1062 3331 1187 3386 spes
1244 3316 1450 3384 reliqua
1511 3314 1780 3376 videatur,
1820 3315 1872 3366 in
1925 3313 1992 3367 iis

416 3412 715 3466 clementiae
744 3419 846 3464 tua:
879 3425 943 3463 ac
965 3407 1322 3478 benignitatis
1348 3406 1771 3476 magnitudinem
1807 3415 1991 3458 osten-

416 3506 536 3560 das.
567 3505 859 3574 Pr0pterea
887 3513 1091 3572 repeto,
1119 3517 1219 3558 nec
1249 3502 1490 3558 desinam
1549 3514 1784 3568 unquam
1845 3511 1993 3566 repe-

421 3607 575 3650 tere:
615 3615 632 3646 ι
715 3595 934 3649 Salvum
1006 3609 1091 3648 me
1127 3593 1213 3648 fac
1293 3601 1513 3662 propter
1560 3591 1990 3648 misericordiam

420 3697 589 3741 tuam.
633 3705 653 3738 ι

493 3794 512 3828 ι
553 3777 817 3842 Quoniam
845 3791 948 3829 non
981 3785 1063 3830 est
1100 3775 1150 3828 in
1186 3783 1361 3830 morte
1405 3774 1495 3843 qui
1533 3789 1741 3828 memor
1763 3773 1836 3827 sit
1863 3774 1938 3828 tui
1975 3791 1989 3827 :

423 3871 475 3922 in
502 3869 715 3922 inferno
755 3881 936 3921 autem
963 3868 1081 3935 quis
1107 3867 1453 3922 conﬁtebitur
1484 3867 1614 3921 tibi?
1643 3885 1661 3918 ι
1695 3865 1990 3932 PrOpterea

423 3961 619 4014 festino
651 3982 665 4015 ;
702 3967 987 4028 propterea
1042 3959 1236 4012 anxius
1279 3974 1421 4019 sum,
1447 3958 1603 4026 plane
1653 3959 1992 4027 exploratum

424 4053 648 4114 habens,
683 4066 953 4118 nunquam
988 4066 1074 4103 me
1105 4050 1158 4102 in
1193 4051 1405 4102 inferno
1441 4046 1819 4102 confessurum
1855 4046 1984 4113 Deo,

425 4145 513 4196 tibi
551 4143 718 4196 semel
749 4145 871 4197 vitae
913 4143 1035 4197 ﬁnis
1057 4144 1421 4210 occupaverit.
1457 4140 1612 4195 Nulla
1647 4141 1793 4195 enim
1827 4149 1912 4195 est
1941 4141 1994 4194 in

426 4235 636 4289 inferno
664 4236 979 4304 pmnitentia
1015 4251 1027 4288 :
1057 4236 1241 4303 nequit
1269 4234 1462 4302 aliquis
1500 4244 1849 4302 peceatorum
1889 4231 1996 4286 illic

427 4328 640 4380 veniam
674 4327 929 4395 consequi
952 4343 967 4392 ;
989 4340 1091 4380 non
1121 4334 1299 4394 potest
1337 4325 1448 4378 ﬁeri
1476 4334 1534 4378 ut
1559 4325 1682 4393 quis
1719 4322 1994 4377 remissio-

2087 1783 2172 1833 ἀεὶ
2197 1783 2330 1852 πρὸς
2355 1784 2451 1853 τὴν
2471 1785 2747 1855 ἁμαρτίαν
2771 1784 3054 1856 τρέχοντα.
3090 1786 3162 1838 Σὺ
3185 1789 3313 1856 γὰρ,
3346 1804 3365 1836 ι
3395 1786 3526 1849 Θεὸς
3557 1785 3654 1850 ὢν,

2089 1873 2262 1922 ποιῶν
2290 1871 2572 1941 θαυμάσια
2608 1874 2792 1942 μόνος,
2827 1873 3225 1943 θαυμάστωσον
3269 1876 3363 1927 καὶ
3391 1877 3478 1927 ἐπ’
3534 1876 3658 1943 ἐμοὶ

2087 1963 2146 2014 τὸ
2177 1963 2324 2026 ἔλεός
2354 1982 2466 2017 σου.
2514 1985 2533 2016 ι
2568 1965 2639 2018 Σὺ
2675 1966 2785 2037 γὰρ
2815 1967 2940 2029 τοὺς
2982 1966 3303 2031 ἐλπίζοντας
3338 1969 3430 2020 ἐπὶ
3471 1969 3527 2023 σέ
3550 1971 3658 2024 ad»

2089 2053 2204 2116 ζεις
2235 2070 2248 2084 ·
2291 2057 2385 2108 καὶ
2433 2061 2606 2119 ποιεῖς
2661 2058 2803 2109 ὑπὲρ
2855 2057 2883 2109 ὃ
2951 2059 3252 2130 αἰτούμεθα
3308 2059 3340 2131 ἦ
3406 2059 3654 2129 νοοῦμεν.

2087 2148 2370 2218 Προσῆλθὲ
2425 2149 2505 2202 σοί
2542 2164 2694 2215 ποτε,
2755 2153 3024 2216 Δέσποτα,
3103 2152 3311 2222 μυρίων
3382 2153 3659 2206 ταλάντων

2087 2237 2395 2309 ὀφειλέτης,
2415 2243 2507 2293 καὶ
2540 2243 2743 2313 μικρὰν
2772 2244 2917 2313 αὑτῷ
2949 2243 3315 2312 χάρενλαϐεϊν
3346 2244 3658 2312 αἰτήσαντι,

2085 2331 2299 2384 τελείαν
2323 2333 2396 2395 ὡς
2433 2333 2818 2406 φιλάνθρωπος
2864 2337 2963 2406 τὴν
3014 2333 3368 2404 συγχώρησιν
3399 2333 3657 2395 δέδωκας.

2099 2423 2466 2496 Ἐπιστρέψας
2496 2427 2628 2480 ποτέ
2661 2429 2757 2481 καὶ
2802 2430 2830 2480 ὁ
2860 2428 3092 2490 ἄσωτος,
3135 2417 3222 2489 ἐἷς
3270 2433 3376 2479 τῶν
3429 2424 3662 2494 μισθίων

2089 2533 2183 2568 σου
2220 2499 2492 2570 ἐδυσώπει
2531 2519 2784 2587 γενέσθαι
2814 2536 2830 2551 ο
2862 2520 2927 2572 σὺ
2956 2519 3012 2573 δέ
3071 2519 3189 2573 υίδν
3219 2517 3380 2570 αὐτὸν
3413 2518 3507 2570 καὶ
3531 2516 3661 2585 κλη-

2088 2609 2316 2678 ρονόμον
2346 2609 2469 2661 ἀντὶ
2503 2609 2732 2678 μισθίων
2788 2611 3117 2678 πεποίηκας.
3163 2609 3435 2680 ᾘτήσατο
3484 2608 3512 2658 ὁ
3562 2606 3660 2675 λῃ-

2087 2701 2237 2772 στὴς.
2273 2705 2497 2773 μνήμην
2514 2704 2682 2757 αὑτοῦ
2709 2704 2896 2758 λαϐεῖν
2949 2707 3006 2758 ἐν
3044 2707 3110 2775 τῇ
3141 2703 3389 2774 βασιλείᾳ
3419 2719 3515 2754 σου
3546 2717 3560 2731 ο
3597 2701 3662 2753 σὺ

2085 2793 2141 2846 δέ
2171 2795 2289 2847 ὅλον
2338 2795 2486 2864 αὐτῷ
2525 2796 2617 2848 τὸν
2668 2797 3000 2868 παράδεισον
3051 2793 3332 2865 ἐδωρήσω.
3375 2790 3660 2861 Προσῆλθσ

2085 2883 2180 2934 καὶ
2219 2882 2389 2952 πόρνη
2427 2883 2764 2953 δακρύουσα,
2789 2885 2884 2936 καὶ
2910 2884 3052 2951 ὑπὲρ
3086 2881 3342 2950 ἃῆλπισε
3395 2880 3491 2931 καὶ
3532 2876 3628 2945 ἐζή

2086 2987 2273 3043 τησεν,
2311 2973 2526 3027 ἐλαϐεν.
2594 2974 2894 3044 Ἐδάκρυσε
2943 2974 3039 3026 καὶ
3093 2973 3299 3042 Πέτρος
3339 2969 3520 3040 μόνον,
3570 2973 3662 3021 καὶ

2090 3067 2400 3138 κλειδοῦχον
2434 3069 2596 3120 αὑτὸν
2631 3068 2733 3137 τῆς
2790 3067 2902 3120 τῶν
2952 3065 3203 3138 οὐρανῶν
3253 3063 3532 3134 βασιλείας
3573 3077 3669 3111 πε-

2091 3160 2347 3228 ποίηκας.
2387 3157 2649 3213 Τοιοῦτόν
2673 3174 2790 3220 σου,
2831 3158 3100 3216 Δέσποτα,
3137 3155 3200 3208 τὸ
3258 3153 3401 3216 ιθος,
3459 3153 3518 3204 ἐν
3556 3151 3668 3212 τοῖς

2091 3250 2542 3318 ἀπεγνωσμένοις
2561 3265 2574 3279 ·
2605 3251 2664 3302 ἐν
2685 3252 2797 3312 τοῖς
2846 3249 3116 3319 μηδεμίαν
3147 3246 3339 3300 ἐλπίδα
3391 3241 3669 3311 σωτηρίας

2091 3340 2325 3412 ἔχουσιν,
2354 3342 2411 3392 ἐν
2436 3341 2621 3401 αὐτοῖς
2649 3339 3024 3392 ἐνδείκνυσθαι
3053 3339 3112 3391 τδ
3148 3335 3380 3406 μέγεθος
3412 3333 3513 3401 τῆς
3571 3347 3664 3399 cpt-

2090 3432 2446 3502 λανθρωπίας
2481 3448 2598 3483 σου.
2649 3430 2748 3484 Διὰ
2797 3429 2956 3482 τοῦτο
3003 3429 3171 3498 λέγω,
3233 3427 3329 3480 καὶ
3385 3425 3559 3492 λέγων
3603 3421 3668 3474 οὐ

2094 3524 2376 3593 παύσομαι
2401 3541 2415 3556 ο
2455 3541 2473 3574 ι
2510 3521 2695 3576 Σῶσὸν
2729 3537 2796 3592 με
2821 3521 3009 3574 ἕνεκεν
3031 3517 3128 3573 τοῦ
3163 3519 3348 3581 ἐλέους
3378 3531 3496 3569 σου.
3537 3530 3557 3566 ι

2171 3807 2189 3841 ι
2235 3789 2356 3842 Ὀτι
2384 3787 2485 3840 οὐκ
2503 3785 2652 3840 ἐστιν
2672 3787 2729 3838 ἐν
2759 3784 2837 3855 τῷ
2865 3783 3082 3853 θανάτῳ
3101 3783 3129 3836 ὁ
3157 3778 3510 3852 μνημονεύων
3539 3794 3632 3832 σου
3651 3791 3668 3808 ⁶

2096 3880 2152 3932 ἐν
2184 3879 2239 3932 δὲ
2274 3877 2350 3948 τῷ
2379 3877 2480 3947 ᾄδῃ
2537 3875 2621 3938 τίς
2669 3871 3130 3944 ἐξομολογήσεταί
3166 3888 3270 3934 σοις
3307 3887 3325 3919 ι
3374 3869 3475 3921 Διὰ
3512 3867 3675 3919 τοῦτο

2097 3969 2314 4023 σπεύδω
2345 3986 2358 3998 ·
2394 3967 2482 4020 διὰ
2516 3967 2677 4020 τοῦτο
2699 3965 2944 4033 ἀγωνιῶ,
2976 3963 3262 4028 γινώσκων
3294 3960 3562 4030 ἀκριϐῶς,
3588 3960 3672 4010 ὅτι

2095 4060 2231 4115 ἐπὰν
2304 4057 2370 4112 τὸ
2408 4058 2587 4129 πέρας
2648 4056 2745 4124 τῆς
2781 4053 2928 4123 ζωῆς
2982 4069 3084 4121 μου
3145 4049 3464 4119 φθάσωμαι,
3515 4046 3674 4098 οὐδα-

2100 4151 2217 4224 μῶς
2257 4153 2334 4219 τῷ
2365 4147 2484 4218 Θεῷ
2533 4148 2592 4200 ἐν
2627 4146 2704 4217 τῷ
2750 4146 2852 4217 ᾄδῃ
2888 4141 3385 4213 ὲξομολογήσομαι.
3431 4139 3509 4190 Οὐ
3563 4137 3673 4205 γάρ

2097 4246 2248 4298 ἐστιν
2283 4245 2401 4295 ἐκεῖ
2439 4241 2702 4312 μετάνοια
2724 4256 2739 4272 ο
2797 4239 2898 4290 οὐκ
2927 4235 3076 4289 ἔστιν
3119 4234 3235 4286 ἐκεῖ
3264 4231 3451 4284 λαϐεῖν
3484 4229 3673 4298 ἀμαρ-

2095 4334 2218 4398 τίας
2249 4331 2600 4404 συγχώρησιν
2626 4349 2639 4363 ο
2682 4331 2783 4384 οὐκ
2820 4329 2967 4382 ἐστιν
2998 4329 3056 4381 ἐν
3089 4324 3168 4396 τῷ
3201 4326 3465 4396 μνήματι,
3485 4322 3674 4391 πλημ-

431 4435 551 4473 nem
581 4419 905 4474 delictorum
939 4421 992 4472 in
1035 4419 1278 4488 sepulcro
1312 4417 1532 4472 referat.
1577 4417 1844 4474 Nundina:
1873 4427 1988 4472 sunt

2103 4401 2803 4494 pskilpd'rowvatopiaaa'iat
2837 4422 3052 4488 ἄφεσιν.
3105 4414 3420 4486 Πανήγυρὶς
3454 4415 3604 4466 ἐστιν
3645 4413 3676 4464 ὁ

428 4526 664 4577 praesens
698 4511 805 4563 vita
843 4510 972 4563 :ubi
1018 4525 1146 4578 ergo
1215 4510 1468 4564 nundinae
1525 4509 1715 4564 solutae
1777 4510 1996 4571 fuerint.

431 4615 588 4653 nemo
619 4601 885 4670 negotiari
918 4609 1112 4668 potest.
1141 4599 1314 4654 Stadii
1345 4615 1504 4654 cursu
1548 4609 1786 4670 peracto,
1818 4601 2000 4656 nullus

430 4689 586 4743 miles
609 4690 769 4742 habet
799 4698 1032 4743 certare.
1057 4688 1155 4744 Ubi
1182 4705 1288 4743 nox
1307 4692 1672 4761 occupaverit,
1701 4693 1834 4746 nihil
1862 4692 1996 4746 lucri

437 4787 680 4848 apparet.
715 4779 852 4831 Audi
909 4779 1040 4847 quid
1104 4778 1380 4848 Scriptura
1431 4783 1575 4836 dicat
1606 4800 1619 4836 :
1649 4801 1666 4832 ι
1710 4782 1853 4836 Mors
1885 4783 2002 4835 viro

438 4867 672 4936 requies,
705 4868 857 4934 cujus
884 4869 1194 4924 abscondita
1231 4881 1315 4926 est
1353 4873 1433 4926 via
1471 4889 1484 4927 :
1537 4873 1802 4935 conclusit
1851 4875 1996 4928 enim

432 4955 581 5008 Deus
611 4969 774 5024 super
803 4971 925 5009 eum
959 4957 1022 5011 ".
1069 4975 1087 5009 ι
1125 4957 1222 5014 Ubi
1281 4970 1459 5014 autem
1511 4961 1652 5014 Deus
1713 4963 2002 5026 cont-lusit,

436 5062 541 5102 non
573 5056 659 5100 est
683 5055 1030 5116 peccatorum
1053 5051 1392 5118 pmnitentia.
1429 5049 1546 5106 Vita
1583 5052 1697 5106 haec
1739 5057 2001 5108 certami-

435 5135 594 5191 nibus
625 5137 800 5206 posita
836 5147 920 5195 est
951 5156 964 5192 :
1009 5138 1205 5209 futura,
1228 5141 1336 5209 illa,
1365 5141 1512 5210 justo
1539 5144 1742 5214 judicio
1777 5161 1792 5198 :
1821 5159 2004 5214 quam-

432 5229 655 5297 obrem,
708 5249 729 5284 ι
765 5232 976 5288 salvum
1043 5249 1132 5289 me
1181 5233 1267 5290 fac
1309 5243 1529 5306 propter
1573 5236 2002 5310 misericordiam

2099 4515 2212 4586 βίος
2241 4531 2256 4547 ο
2294 4517 2432 4569 ἐπὰν
2530 4509 2625 4567 οὖν
2657 4513 2790 4583 λυθῄ
2824 4515 2856 4582 ὴ
2908 4511 3216 4579 πανήγυρις
3245 4545 3261 4569 ,
3300 4506 3474 4568 οὐδεὶς
3533 4520 3675 4571 πραο

2098 4605 2512 4674 γματεύσασθαι
2542 4605 2788 4658 δύναται.
2824 4604 2993 4657 Ἑπὰν
3063 4601 3125 4653 τὸ
3154 4596 3366 4650 στάδιον
3400 4593 3673 4662 παρέλθῃ,

2097 4699 2272 4760 οὐδεὶς
2309 4696 2636 4766 ἀγωνίζεται
2674 4695 3036 4766 στρατιώτης.
3087 4691 3256 4747 Ἑπὰν
3351 4690 3385 4758 ἡ
3427 4686 3523 4752 νὺξ
3581 4701 3675 4736 κα·

2099 4791 2333 4863 ταλάσῃ,
2366 4789 2426 4843 τὸ
2457 4789 2649 4861 κέρδος
2696 4788 2757 4842 οὐ
2794 4788 3067 4855 φαίνεται.
3119 4786 3386 4837 Ἀκουσον
3420 4779 3471 4833 τί
3511 4791 3676 4846 φησιν

2103 4883 2137 4950 η
2173 4881 2385 4949 Γραφή⁸
2435 4898 2453 4930 ι
2485 4878 2730 4940 Θάνατος
2770 4877 2925 4947 ἀνδρὶ
2967 4872 3296 4935 ἀνάπαυσις,
3348 4863 3410 4924 οὗ
3470 4869 3506 4938 ἡ
3553 4866 3674 4927 ὁδὸς

2101 4966 2412 5037 ἀπεκρύόη.
2449 4966 2773 5019 Συνέκλεισε
2808 4966 2917 5033 γὰρ
2961 4964 2990 5015 ὁ
3042 4962 3176 5024 Θεὸς
3208 4961 3303 5012 ἀπ’
3338 4954 3510 5011 αὐτοῦ
3546 4957 3665 5001 πνοι

2103 5057 2279 5110 Ὅπου
2302 5055 2438 5108 Θεοῦ
2465 5053 2854 5123 συγκλεισμος,
2903 5051 3178 5122 ἁμαρτίας
3206 5049 3307 5102 οὐκ
3341 5046 3459 5100 ἐστι
3510 5040 3673 5113 μετάρ-

2103 5165 2240 5202 νοια.
2267 5140 2436 5210 Οὗτος
2461 5148 2489 5199 ὁ
2513 5146 2627 5216 βίος
2687 5145 2790 5199 τῶν
2810 5144 3038 5210 ἀγώνων
3064 5159 3077 5172 ·
3109 5139 3340 5202 ἐκεῖνος,
3371 5136 3673 5199 δικαιοκρι-

2103 5238 2264 5304 σίαςο
2307 5260 2325 5292 ι
2372 5240 2554 5294 Σῶσόν
2593 5257 2658 5309 με
2707 5239 2896 5293 ἕνεκεν
2928 5236 3021 5291 τοῦ
3076 5234 3262 5296 ἐλέους
3316 5245 3432 5284 σου.
3477 5225 3564 5278 Ἐν
3614 5219 3670 5272 δὲ

491 5329 512 5360 ³
543 5324 706 5385 Num.
741 5348 832 5395 xx,
865 5328 952 5382 12.
1029 5329 1050 5360 ³
1077 5327 1256 5382 Exod.
1290 5340 1465 5384 ιικιι,
1493 5323 1551 5395 2,
1629 5325 1649 5357 ⁵
1684 5325 1723 5381 ΙΙ
1759 5323 1893 5393 Reg.
1922 5339 2000 5384 ιιι.
2030 5325 2084 5379 4.
2157 5325 2180 5356 ³
2212 5324 2398 5380 Matth.
2439 5341 2584 5389 xui,
2614 5324 2700 5380 70.
2772 5334 2793 5365 ο
2829 5327 2869 5381 ll
2907 5327 3033 5381 Cor.
3072 5342 3164 5391 xu,
3191 5325 3248 5378 2.
3322 5323 3345 5355 ⁸
3386 5321 3534 5395 Vid_e_
3561 5334 3674 5377 not.

415 5417 472 5456 It.
509 5399 597 5452 15.
631 5396 652 5427 ⁸
687 5392 1054 5462 Luc.vu,50.
1110 5400 1131 5429 ’
1160 5397 1264 5452 lsa.
1298 5410 1443 5467 ulv,
1475 5394 1528 5451 6.
1594 5396 1634 5427 ¹⁰
1660 5397 1804 5452 Psal.
1844 5392 1975 5467 vas

2099 5411 2196 5456 xu.
2229 5396 2281 5450 6.
2314 5398 2352 5427 ¹¹
2384 5397 2540 5467 l’sal.
2565 5411 2764 5461 σχειν,
2788 5398 2844 5452 4.
2883 5398 2921 5428 ¹’
2956 5399 3096 5453 l’sal.
3140 5410 3252 5463 va,
3291 5395 3350 5467 7.
3417 5393 3458 5428 ³³
3486 5392 3676 5448 Matth.

415 5487 574 5532 mn,
610 5467 702 5525 24.
774 5471 817 5502 ’δ
847 5473 981 5526 Luc.
1020 5485 1112 5538 xv,
1165 5468 1254 5523 i9.
1292 5467 1333 5500 “
1380 5465 1532 5530 Luc.
1573 5483 1731 5531 nm,
1764 5467 1852 5520 ιε.
1919 5465 1961 5497 ⁸⁸

2095 5487 2126 5519 ·.
2164 5482 2261 5528 νιι,
2286 5467 2374 5521 57.
2446 5467 2486 5498 ¹⁷
2517 5466 2620 5522 Job
2654 5480 2732 5530 In,
2763 5467 2853 5522 Ξῖ).

1713 5558 1950 5614 VARI/ﬁ
1977 5556 2382 5613 LECTIONES.

488 5640 549 5665 "'
583 5634 672 5688 ῖσ.
715 5634 803 5686 ἐπ’
835 5631 1027 5690 αὐτοῦ.
