3988 6142
382 389 524 456 1131

1595 400 1657 457 s.
1699 397 2098 482 ANAsTASII
2138 398 2465 459 SINAITIE

3514 401 3655 468 1132

389 509 661 567 dediderit
680 525 701 569 _:
741 509 835 563 sed
862 522 957 578 per
986 507 1457 577 compunctionem
1484 506 1710 579 adeptus
1728 508 1799 560 sit
1817 506 1964 560 salu-

2070 522 2163 557 κεν
2206 508 2403 560 ἑαυτὸν
2450 508 2530 570 εἰς
2590 506 2870 577 ρᾳθυμίαν
2901 524 2916 538 ’
2967 506 3103 562 ἀλλὰ
3148 508 3237 563 διὰ
3301 511 3671 585 κατανύξεως

388 615 653 673 temzper
712 601 981 672 lacrymas
1003 601 1332 657 emundatus
1354 600 1446 663 sit,
1476 615 1541 654 ac
1592 615 1689 671 per
1746 599 1959 656 confes-

388 698 594 753 sionem
616 693 971 765 justillcatus.
1006 692 1132 748 Haec
1154 691 1275 763 kille
1300 693 1410 762 egit
1463 692 1797 761 poenitentia:
1827 702 1965 747 tem-

386 803 539 859 pore,
567 803 688 858 quae
717 796 769 843 et
800 786 901 857 ipsi
927 799 1119 840 omnes
1147 786 1198 839 in
1233 784 1349 853 ipsa
1384 799 1673 853 possumus
1704 794 1963 856 praestare

388 888 692 935 senectute.
715 878 975 947 Quasnam
1009 876 1136 931 illa?
1164 890 1349 943 orare,
1374 891 1613 946 gemere,
1642 876 1799 944 ﬂere,
1833 894 1963 933 con-

389 970 724 1038 tlteri.Quod
751 971 795 1024 si
826 970 991 1025 etiam
1023 970 1106 1022 vis
1136 970 1279 1027 scire
1306 970 1434 1039 quid
1467 970 1622 1026 nobis
1654 970 1778 1027 inde
1807 985 1963 1039 acce-

388 1063 502 1125 dat,
533 1061 656 1115 audi
690 1076 809 1130 qua:
844 1068 1166 1129 sequuntur.
1194 1059 1331 1115 Cum
1389 1062 1649 1118 dixisset:
1686 1081 1705 1114 ι
1747 1063 1961 1118 invete—

392 1147 506 1201 ravi
547 1147 690 1202 inter
716 1162 907 1203 omnes
938 1148 1205 1203 inimicos.
1233 1164 1401 1215 meos,
1439 1169 1458 1202 ι
1504 1159 1638 1216 tum,
1671 1155 1963 1208 accedente

378 1237 736 1307 paenitentia,
770 1237 1018 1307 divinam
1050 1239 1102 1293 in
1146 1254 1207 1295 se
1250 1228 1670 1298 illustrationem
1698 1245 1958 1312 sentiens,

391 1330 575 1386 hostes
616 1329 871 1400 deinceps
912 1346 1036 1386 cum
1085 1341 1358 1402 potestate
1412 1335 1684 1405 increpat,
1723 1337 1908 1394 dicens
1944 1358 1957 1393 :

456 1509 731 1564 Discedite
757 1525 788 1565 a
837 1526 945 1576 me,
988 1526 1183 1566 omnes
1226 1512 1317 1581 qui
1353 1513 1656 1582 operamini
1703 1514 1962 1585 iniquita-

390 1608 520 1655 tem.
571 1619 590 1652 ι
634 1600 742 1656 lloe
773 1613 859 1658 est
910 1620 923 1656 :
980 1603 1288 1672 Abscedite,
1348 1614 1578 1670 cessate,
1613 1606 1959 1674 erubescite;

393 1708 413 1742 ι
463 1682 1030 1762 ηυοηίαηιυειοιιιίἰνίι
1077 1694 1337 1751 Dominus
1377 1711 1560 1752 vocem
1588 1770 1591 1773 Α
1624 1696 1782 1753 ﬂetus
1814 1700 1957 1766 mei;

383 1785 666 1840 exaudivit
704 1784 970 1847 Dominus
1025 1787 1463 1857 deprecationem
1527 1804 1739 1856 meam;
1777 1792 1960 1846 Domi-

390 1893 491 1933 nus
523 1879 826 1935 orationem
853 1895 1029 1936 meam
1072 1883 1328 1952 suscepit.
1358 1882 1701 1943 Ernbeseant
1736 1894 1789 1940 et
1832 1900 1962 1943 con-

391 1970 682 2025 turbentur
719 1986 910 2026 omnes
958 1972 1161 2028 inimici
1205 1975 1308 2029 mei
1353 1988 1368 2029 :
1401 1985 1715 2032 avertantur
1739 1989 1795 2033 et.
1832 1993 1961 2034 eru-

391 2065 617 2121 bescant
649 2065 806 2121 valde
835 2066 1111 2123 velociter.
1161 2086 1179 2119 ι
1206 2069 1460 2126 Vidistin’
1487 2070 1853 2142 lacrymarum
1870 2091 1964 2146 po-

395 2157 655 2217 tentiam?
681 2156 927 2231 Vidistiu'
949 2160 1304 2217 confessionis
1320 2163 1589 2253 fluctum}
1609 2167 1861 2233 Vidistiu'
1884 2170 1964 2223 in-

396 2249 782 2305 veterationcm
812 2250 866 2305 in
886 2257 1044 2313 omni
1074 2262 1425 2321 peccatorum
1455 2249 1682 2327 genere,
1708 2270 1871 2330 atque
1896 2276 1964 2317 ex

395 2339 464 2395 iis
524 2343 1135 2410 regenerationemiNe
1194 2346 1326 2401 mihi
1371 2361 1501 2417 ergo
1554 2349 1669 2419 jam
1719 2351 1962 2407 dixeris:

395 2430 573 2486 Senex
625 2446 787 2499 sum;
838 2433 1088 2489 infirmus
1141 2451 1304 2503 sum;
1344 2439 1671 2508 inveteravi;
1720 2444 1772 2498 in
1818 2446 1963 2498 omni

392 2534 620 2593 peccato
672 2526 929 2580 consuevi
973 2544 986 2580 :
1042 2542 1140 2580 nec
1180 2518 1409 2598 possum
1459 2533 1692 2601 amplius
1735 2534 1827 2590 Dei
1884 2537 1962 2588 fa-

393 2629 519 2669 ccre
547 2615 837 2682 mandata;
897 2632 962 2672 ne
1019 2619 1147 2686 quid
1199 2621 1333 2676 mihi
1390 2623 1645 2693 deinceps
1700 2625 1965 2695 ejusmodi

395 2705 635 2771 dixeris;
672 2721 772 2761 nec
810 2706 956 2761 aliud
1017 2708 1310 2778 quidquam
1375 2716 1699 2770 excusanda:
1724 2717 1968 2774 dilationi

395 2796 463 2853 ad
493 2806 810 2865 praetextum
835 2799 1141 2869 protuleris.
1172 2800 1307 2863 Nam
1335 2804 1518 2860 statim
1536 2806 1637 2862 tibi
1665 2814 1966 2878 ostendam,

398 2896 458 2942 ut
488 2888 542 2942 iu
567 2889 683 2958 ipsa
735 2900 1039 2957 senectute,
1098 2892 1293 2948 melius
1345 2910 1508 2965 quam
1562 2897 1615 2953 in
1664 2898 1967 2971 juveutnte,

398 2980 653 3035 mandata
691 2995 911 3037 servare
941 2985 1140 3054 possis.
1187 2985 1341 3057 Rogo
1396 2991 1539 3044 enim
1586 2998 1674 3057 te,
1704 3006 1968 3061 quosnam

400 3079 679 3148 Scriptura
708 3085 893 3138 beatos
936 3086 1215 3153 praedicat,
1260 3103 1384 3145 cum
1426 3089 1547 3144 ait:
1589 3108 1608 3142 ι
1654 3090 1807 3147 Beati
1838 3108 1972 3162 pau-

2066 596 2271 668 ἐσώθη,
2298 598 2389 652 διὰ
2431 598 2687 670 δακρύων
2729 599 3039 672 ἐκαθάρθη,
3080 600 3175 654 καὶ
3202 602 3278 655 διε
3319 604 3660 679 ἐξομολογήο

2069 705 2206 752 σεως
2228 689 2549 759 ἐδικαιώθη.
2586 690 2775 749 Ταῦτα
2806 692 3047 763 ποιήσας
3094 694 3154 747 ὲν
3182 693 3286 764 .τῷ
3323 695 3429 766 τῆς
3482 714 3659 767 μετα-

2066 779 2216 843 νοίας
2237 766 2435 851 καιρῷ,
2464 781 2610 853 ἅπερ
2643 783 2890 848 ἅπαντες
2936 784 3032 838 καὶ
3064 785 3227 856 ἡμεῖς
3266 787 3325 840 ὲν
3378 766 3532 858 αὐτῷ
3574 788 3657 859 τῷ

2065 874 2216 943 γήρα
2255 876 2432 927 ποιεῖν
2468 874 2774 947 δυνάμεθα.
2800 877 2934 930 Τίνα
2963 876 3172 947 ταῦτα;
3205 878 3493 951 δεηθῆναι,
3522 898 3653 934 στε-

2067 962 2248 1032 νάξαι,
2280 966 2572 1038 δακρῦσαι,
2606 969 3145 1041 ἐξομολογήσασθαι.
3172 972 3236 1024 Εἰ
3264 973 3323 1026 δὲ
3348 973 3445 1026 καὶ
3486 974 3541 1027 τι
3586 976 3656 1028 ἐκ

2064 1055 2271 1110 τούτων
2289 1060 2421 1128 ἡμῖν
2449 1062 2853 1132 προγενήσεται
2878 1060 3058 1136 θέλεις
3082 1050 3310 1133 μαθεῖν
3340 1065 3509 1120 ἄκουε
3536 1067 3652 1121 τῶν

2064 1151 2212 1220 ἑξῆς.
2252 1151 2456 1229 Εἰπὼν,
2519 1173 2537 1204 ι
2580 1155 2964 1227 Ἐπαλαιὼθην
2997 1159 3055 1211 ὲν
3102 1159 3241 1211 πᾶσι
3282 1161 3397 1223 τοῖς
3427 1161 3651 1232 ἐχθροῖς

2067 1259 2170 1313 μου
2201 1259 2216 1273 ·
2254 1263 2272 1297 ι
2323 1242 2445 1298 εἶτα
2478 1246 2577 1317 τῆς
2640 1248 2936 1317 μετανοίας
2992 1248 3309 1321 γινομένης,
3364 1254 3423 1306 ὲν
3461 1252 3647 1324 ἑαυτῷ

2065 1335 2217 1416 θείας
2247 1337 2572 1409 ὲλλάμψεως
2591 1340 3012 1413 αἰσθανόμενος,
3044 1345 3279 1416 ἐπιτιμᾷ
3309 1344 3494 1400 λοιπὸν
3530 1349 3648 1411 τοῖς

2065 1414 2394 1509 πολεμοῦσιν
2424 1432 2585 1485 αὐτὸν
2618 1435 2738 1502 μετ’
2766 1428 3018 1500 ἐξουσίας
3044 1435 3139 1489 καὶ
3169 1414 3320 1504 λέγει
3342 1455 3357 1468 ·

2136 1537 2159 1575 ι
2209 1522 2509 1593 Ἀπόστητε
2534 1524 2632 1579 ἀπ’
2652 1525 2791 1597 ἐμοῦ
2816 1528 3018 1590 πάντες
3045 1529 3096 1581 οἱ
3150 1529 3510 1598 ἐργαζόμενοι
3546 1529 3651 1601 τὴν

2064 1611 2295 1684 ἀνομίαν
2318 1631 2333 1647 ο
2373 1634 2391 1667 ι
2434 1617 2751 1683 τουτέστιν,
2788 1619 3177 1691 Ἀναχωρεῖτε,
3219 1620 3526 1685 παύσασθε,
3559 1624 3649 1676 αι-

2065 1701 2371 1773 σχύνθητε·
2402 1704 2484 1758 ὅτι
2546 1706 2840 1778 εἰσήκουσε
2887 1707 3095 1779 Κύριος
3145 1712 3245 1780 τῆς
3306 1709 3495 1779 φωνῆς
3551 1711 3649 1763 τοῦ

2064 1796 2346 1867 κλαυθμοῦ
2381 1817 2485 1870 μου
2517 1816 2531 1830 ·
2592 1801 2792 1872 ήκουσε
2830 1802 3037 1875 Κύριος
3071 1805 3172 1874 τῆς
3210 1806 3449 1877 δεήσεώς
3501 1823 3643 1877 μου*

2064 1890 2270 1961 Κύριος
2299 1893 2398 1964 τὴν
2433 1898 2749 1968 προσευχήν
2808 1912 2911 1970 μου
2964 1897 3350 1971 προσεδέξατο.
3401 1904 3644 1972 Αἰσχυν-

2056 1983 2292 2053 ,θείησαν
2330 1988 2434 2040 καὶ
2474 1989 2886 2061 ταραχθειησαν
2942 1992 3149 2056 πάντες
3184 1993 3234 2045 οε
3279 1993 3468 2064 ἐχθροί
3503 2011 3605 2063 μου
3631 2012 3646 2026 ·

2064 2074 2555 2148 ἁποστραφείησαν
2630 2079 2733 2132 καὶ
2808 2081 3342 2151 καταισχυνθείησαν
3432 2084 3648 2154 σφόδρα

2054 2166 2373 2235 διὰτάχους.
2412 2185 2430 2218 ι
2459 2163 2624 2243 ,Εἶδες
2677 2168 2787 2223 τῶν
2823 2169 3078 2242 δακρύων
3110 2170 3208 2242 τὴν
3263 2170 3447 2241 texti»);
3492 2155 3647 2235 Εἶδες

2065 2254 2168 2323 τῆς
2194 2256 2642 2330 ὲξομολογήσεως
2670 2259 2763 2314 τὸν
2790 2262 3037 2332 καρπόνς
3069 2257 3227 2325 Εἶδες
3261 2261 3359 2333 τὴν
3399 2264 3461 2315 ὲν
3497 2264 3648 2335 πάσῃ

2069 2350 2327 2423 ἁμαρτίᾳ
2363 2350 2689 2418 παλαίωσιν,
2737 2352 2845 2406 καὶ.
2873 2354 3266 2424 ὰναγέννησιν;
3315 2353 3528 2435 Οὐκοῦν
3570 2356 3645 2425 μή

2071 2451 2162 2510 μοι
2186 2444 2353 2514 εἴπῃς
2378 2460 2390 2473 ·
2416 2442 2599 2514 Γέρων
2630 2444 2770 2515 εἰμὶ,
2810 2444 3047 2515 ἀσθενής
3081 2445 3219 2515 ειμι,
3270 2445 3644 2523 ἑπαλαιώθην,

2072 2532 2310 2603 συνήθης
2341 2533 2613 2605 ἐγενόμην
2644 2534 2826 2605 πάσης
2883 2535 3160 2605 ἁμαρτίας
3187 2551 3204 2569 ο
3249 2536 3432 2590 λοιπὸν
3462 2537 3648 2590 οὐκέτι

2068 2622 2306 2693 δύναμαι
2358 2625 2583 2695 ποιῆσαι
2650 2625 2749 2688 τὰς
2824 2618 3045 2691 ἐντολὰς
3083 2625 3180 2679 τοῦ
3234 2626 3391 2682 Θεοῦ.
3461 2626 3649 2697 Μηδὲν

2059 2715 2612 2790 κτοιοῦτονλαλήσῃς,
2650 2717 2786 2788 μηδέ
2824 2733 2878 2771 τι
2907 2718 3161 2788 ἄλλοιμοι
3177 2719 3649 2790 προφασιζόμενος
3744 2748 3753 2751 -

2068 2810 2168 2880 τὴν
2194 2809 2498 2880 ἀναϐολὴν,
2556 2808 2917 2880 προενὲ’γκῃς.
2958 2810 3114 2865 Ἐπεὶ
3153 2809 3360 2873 εὐθέως
3412 2810 3495 2863 σοὶ
3539 2808 3649 2862 δει-

2074 2916 2260 2969 κνυμι,
2281 2902 2361 2954 ὅτι
2393 2900 2487 2953 ἐὰν
2507 2900 2668 2970 μόνον
2687 2899 2943 2973 θελήσῃς,
2965 2901 3022 2953 ὲν
3050 2899 3201 2970 αὑτῷ
3231 2898 3310 2969 τῷ
3328 2900 3477 2969 γήρᾳ.
3503 2890 3648 2968 ὑπὲρ

2071 2991 2169 3061 τὴν
2196 2992 2421 3063 νεότητα
2450 2991 2684 3059 φυλάξαι
2707 2992 2775 3044 τὰ
2809 2991 3208 3062 προστάγματα
3238 2990 3467 3060 δυνήσῃ.
3508 2990 3649 3043 Εἰπὲ

2072 3086 2180 3155 γάρ
2232 3103 2320 3154 μοι
2357 3125 2370 3150 ,
2416 3085 2566 3148 τίνας
2612 3086 2641 3137 ό
2684 3084 2841 3152 λόγος
2878 3082 3204 3154 μακαρίζεις
3244 3101 3262 3133 t
3288 3082 3571 3150 Μακάριοι
3600 3082 3651 3133 οἱ

400 3187 557 3242 peres
581 3174 774 3241 spiritu
799 3174 867 3232 ’³.
917 3192 935 3225 ι
964 3174 1128 3230 Plane
1164 3178 1404 3233 dicturus
1429 3194 1527 3235 es:
1562 3180 1687 3246 Eos,
1715 3183 1805 3249 qui
1842 3194 1969 3236 sunt

2076 3180 2303 3248 πτωχοὶ,
2327 3178 2523 3247 λέγων,
2554 3177 2632 3248 τῷ
2663 3176 2965 3248 πνεύματι;
3012 3195 3031 3229 ι
3070 3177 3297 3246 Πάντως
3324 3178 3493 3246 ἐρεῖς,
3523 3173 3651 3236 τοὺς

400 3282 563 3321 sensu
583 3267 819 3321 demisso
838 3276 998 3335 atque
1026 3269 1237 3323 humili.
1272 3268 1629 3334 Quandonam
1694 3288 1821 3329 vero
1874 3291 1970 3327 no-

400 3358 487 3412 bis
541 3357 834 3413 demissior
892 3373 1086 3415 sensus
1139 3376 1204 3414 ae
1237 3362 1535 3428 humilior;
1573 3365 1625 3417 in
1662 3363 1968 3430 iuventute,

399 3465 468 3504 an
494 3450 547 3504 in
579 3453 776 3507 senio?
800 3451 988 3508 Nonne
1021 3454 1193 3524 liquet
1218 3456 1272 3509 in
1297 3456 1495 3515 senio?
1528 3457 1755 3529 Etenim.
1804 3459 1971 3515 fastus

398 3541 619 3612 quidam
652 3557 714 3597 ac
740 3556 917 3605 tumor
937 3543 1213 3611 juventuti
1256 3550 1582 3616 congenitos
1615 3560 1718 3604 est.
1750 3569 1785 3602 ‹.
1818 3551 1967 3608 Beati

399 3633 489 3701 qui
518 3633 702 3702 lugent
739 3634 864 3709 ".a
893 3634 1011 3701 Dic,
1047 3651 1177 3706 rogo
1209 3656 1222 3692 :
1258 3637 1526 3704 Quidnam
1582 3643 1646 3695 ad
1680 3643 1880 3697 luctum
1908 3660 1970 3699 ac

400 3726 871 3795 compunctioncm
915 3726 1410 3797 expeditiusputes
1447 3748 1461 3784 :
1513 3741 1870 3797 senectutem,
1903 3750 1968 3788 an

394 3812 960 3880 iuventutemiPlane
1015 3818 1183 3883 dices,
1206 3827 1567 3887 senectutem.
1613 3839 1633 3872 ι
1678 3822 1827 3879 Beati
1870 3827 1971 3880 mi-

403 3918 485 3961 tes
519 3906 587 3961 ³⁸.
636 3926 655 3958 ι
702 3906 895 3964 Nonne
918 3910 1186 3966 universis
1216 3909 1517 3967 confessum
1533 3915 1968 3984 estjuventutcm

401 4001 554 4051 senio
578 4000 963 4069 promptiorem
993 4016 1135 4066 esse,
1160 4016 1223 4055 ac
1252 4001 1467 4057 facilius
1484 4003 1742 4059 labilem?
1772 4005 1970 4076 Liquet

402 4104 540 4145 sane
556 4098 616 4143 ut
641 4090 687 4144 si
709 4092 889 4144 omnia
916 4091 1258 4160 expemleris,
1289 4093 1479 4162 majori
1507 4104 1840 4150 senectutem
1862 4114 1970 4165 pra:

393 4180 697 4248 iuventute,
758 4182 1102 4237 inventurum
1138 4191 1191 4237 te
1246 4183 1312 4236 ad
1347 4184 1575 4239 salutem
1619 4185 1878 4253 subsidio,
1907 4202 1972 4243 ac

405 4274 497 4327 Dei
524 4274 881 4329 observandis
932 4275 1202 4330 mandatis
1238 4277 1703 4344 comparationem
1733 4279 1967 4334 eﬂieere.

403 4363 476 4419 Ut
513 4380 642 4422 vero
676 4367 853 4421 resita
879 4366 1094 4429 habeat,
1115 4368 1317 4436 accipe.
1358 4366 1781 4438 Vigente'aetate,
1816 4386 1971 4427 amor

401 4474 692 4526 corporum
724 4458 954 4513 validius
987 4459 1227 4525 infestat,
1254 4474 1316 4514 ac
1340 4463 1625 4519 molestius
1656 4465 1969 4521 exardescit

403 4548 696 4617 cupiditas,
728 4548 960 4605 avaritia
987 4563 1226 4619 quoque,
1254 4560 1310 4605 et
1333 4551 1513 4606 inanis
1533 4552 1735 4622 gloria,
1750 4562 1807 4613 et
1821 4555 1967 4623 gula,
1993 4530 2047 4591 Β

2044 4630 2047 4635 ’
2078 4635 2190 4704 ρία,
2224 4636 2319 4689 καὶ
2352 4634 2652 4701 κενοδοξία,
2685 4635 2781 4687 καὶ
2823 4631 3267 4702 γαστριμαργία,
3320 4629 3420 4682 καὶ
3471 4630 3647 4682 πάντα

407 4653 472 4691 ac
508 4638 712 4708 reliqua
746 4641 876 4693 vitia
927 4641 1132 4706 omnia,
1169 4650 1295 4696 tunc
1344 4659 1531 4699 rursus
1565 4645 1972 4714 impressionem

410 4727 649 4792 faciunt,
679 4738 839 4795 atque
876 4731 1210 4800 impugnant.
1249 4732 1327 4786 Ac
1362 4733 1507 4788 sicut
1543 4750 1664 4788 cum
1694 4736 1800 4790 duo
1832 4736 1974 4793 lucta

407 4818 859 4888 congrediuntur,
880 4822 1178 4876 imminutis
1192 4822 1345 4876 alteri
1366 4824 1574 4879 viribus
1597 4825 1734 4880 alter
1750 4829 1975 4885 omnino

407 4908 601 4963 fortior
656 4909 1079 4966 inveniturzsic
1110 4913 1161 4966 in
1215 4914 1394 4967 anima
1445 4929 1508 4969 ac
1563 4931 1809 4986 corpore.
1832 4918 1971 4975 Cum

407 5001 588 5063 carnis
617 5001 944 5072 cupiditates
998 5019 1061 5057 ac
1089 5005 1249 5070 vires,
1285 5020 1388 5063 non
1418 5022 1571 5076 teque
1619 5010 1670 5063 in
1701 5022 1979 5071 sencCtute

408 5103 572 5162 atque
594 5094 645 5147 in
660 5093 940 5163 juventute
963 5096 1195 5161 valeant,
1225 5098 1403 5166 plane,
1440 5109 1498 5154 ut
1526 5108 1652 5155 tunc
1696 5104 1874 5157 anima
1910 5107 1977 5159 ad

410 5185 504 5240 Dei
569 5186 917 5256 exsequenda
969 5186 1222 5243 mandata
1256 5190 1481 5246 excitari
1523 5192 1686 5257 velit,
1707 5196 1977 5261 potentior

408 5281 530 5335 erit.
565 5280 640 5335 Ea
666 5290 825 5336 aetate
851 5282 1171 5351 propensior
1203 5282 1366 5339 habet
1390 5284 1457 5339 ad
1505 5272 1975 5356 compunetionem

409 5390 475 5429 ac
495 5375 784 5445 lacrymas.
809 5372 978 5429 Porro
1009 5375 1277 5446 lacrymas
1307 5377 1447 5441 dico,
1477 5392 1596 5447 quae
1612 5378 1719 5433 Deo
1742 5393 1975 5434 consen-

413 5476 584 5523 taneae
616 5479 766 5524 sunt.
807 5467 941 5522 Nam
996 5479 1122 5524 sunt
1151 5470 1311 5524 etiam
1376 5469 1628 5540 lacrymte
1684 5472 1975 5538 naturales,

416 5560 598 5625 qualus
625 5560 857 5615 libamus
938 5574 1101 5629 super
1161 5572 1429 5615 mortuos.
1462 5560 1600 5615 Sunt
1648 5561 1979 5632 etlacrymae

417 5648 707 5713 Satauicm,
788 5666 925 5720 quas
1014 5652 1233 5720 quidam
1310 5652 1557 5717 fundunt,
1636 5650 1721 5705 vel
1804 5652 1980 5707 inanis

491 5800 535 5830 οι
576 5799 742 5854 Matth
800 5818 854 5866 ν,
887 5804 941 5855 s.
1016 5804 1061 5836 ιθ
1096 5803 1307 5857 εοεαε.
1388 5801 1592 5856 “ibid.
1636 5802 1688 5855 ι.

2072 3267 2169 3336 τὴν
2224 3267 2460 3319 διάνοιαν
2501 3267 2982 3337 κατεσταλμένους
3014 3267 3108 3319 καὶ
3146 3267 3459 3328 ταπεινούς.
3509 3265 3648 3318 Πότε

2071 3355 2584 3429 οὖν-ταπεινότερον
2630 3358 2789 3428 ήμῶν
2832 3360 2948 3410 ἐστι
2987 3358 3049 3409 τὸ
3102 3358 3357 3428 φρόνημα
3390 3371 3407 3389 ο
3435 3357 3496 3408 ὲν
3529 3356 3651 3408 νεό-

2071 3468 2216 3521 τητι,
2249 3450 2282 3520 ἢ
2324 3453 2381 3503 ὲν
2422 3451 2599 3521 γήρᾳ;
2636 3450 2751 3503 Οὐκ
2783 3448 3005 3519 εὔδηλον
3035 3449 3118 3502 ὃτι
3158 3451 3216 3501 ὲν
3256 3448 3434 3518 γήρας
3499 3446 3652 3515 Σύμ-

2074 3559 2239 3611 φῑὶτος
2269 3542 2380 3611 γὰρ
2408 3543 2507 3611 τῆς
2534 3542 2791 3610 νεότητος
2819 3543 2848 3594 ό
2885 3540 3073 3609 τῦφος.
3108 3557 3126 3591 ι
3158 3538 3503 3609 Μακάριοιοί
3525 3546 3651 3589 πεν-

2075 3632 2314 3696 θοῦντες.
2353 3652 2370 3684 ι
2404 3634 2540 3686 Εἰπὲ
2570 3632 2633 3704 δή
2672 3649 2798 3703 μοι,
2825 3631 2978 3684 ποῖόν
3014 3633 3131 3684 ἐστι
3173 3631 3310 3702 πρὸς
3326 3629 3528 3691 πένθος
3554 3628 3651 3682 καὶ

2073 3723 2369 3788 κατάνυξιν
2407 3724 2757 3795 ἑτοιμότερον
2782 3740 2798 3756 ο
2821 3722 2883 3776 τὸ
2924 3723 3126 3794 γῆρας.
3152 3722 3199 3792 ἢ
3219 3723 3252 3791 ὴ
3277 3720 3499 3789 νεότης;
3542 3718 3647 3771 Εὖ-

2071 3816 2231 3887 δηλον
2262 3817 2349 3869 ὅτε
2373 3815 2436 3869 τὸ
2486 3816 2687 3886 γῆρας.
2748 3834 2768 3867 ‹
2805 3816 3087 3883 Μακάριοι
3124 3815 3175 3870 οἱ
3207 3814 3424 3883 πραεῖς.
3465 3828 3486 3862 ι
3521 3806 3650 3880 Ἆρ’

2072 3908 2193 3978 οὐχὶ
2224 3908 2427 3972 πάντες
2464 3908 2895 3979 ὁμολογήσουσιν
2929 3907 3195 3978 ὀξυτέραν
3244 3901 3386 3959 εἶναι
3415 3904 3512 3957 τοῦ
3545 3905 3647 3974 γή-

2075 4016 2182 4068 ρως
2198 4000 2297 4070 τὴν
2321 4000 2550 4070 νεότητα
2570 4000 2663 4053 καὶ
2683 3999 3070 4070 εὐέμπτωτον;
3091 3996 3330 4085 Εὔδηλον
3347 3995 3429 4048 ὅτι
3447 3993 3645 4057 οὕτως,

2072 4090 2168 4143 ἐὰν
2193 4091 2369 4145 πάντα
2399 4093 2769 4162 κατανοήσῃς,
2803 4090 3063 4160 εὑρήσεις
3078 4089 3141 4142 τὸ
3160 4088 3338 4158 γῆρας
3355 4086 3513 4157 παρὰ
3549 4086 3649 4156 τὴν

2072 4182 2300 4252 νεότητα
2333 4183 2631 4253 συνεργῶν
2675 4198 2759 4236 σοι
2811 4181 2912 4251 τὴν
2970 4179 3266 4251 σωτηρξαν,
3308 4176 3406 4230 καὶ
3452 4176 3647 4245 ἐπιτη-

2071 4273 2341 4344 δειότερον
2367 4273 2791 4344 παρασκευάζον
2833 4272 2969 4342 πρὸς
3010 4271 3111 4340 τὴν
3140 4271 3247 4322 τῶν
3299 4267 3528 4321 ἐντολῶν
3557 4283 3650 4334 φυ-

2071 4364 2419 4436 λοιτιήννΚαλ⁸
2448 4366 2616 4430 ὅπως,
2668 4365 2856 4418 ἄκουε.
2892 4364 2994 4415 ’Ἐν
3048 4362 3260 4431 νεότητι
3326 4360 3424 4412 καὶ
3478 4362 3506 4413 ό
3541 4358 3649 4412 τῶν

2073 4456 2344 4526 σωμάτων
2369 4456 2512 4527 ἔρως
2530 4455 2903 4526 σφοδρότερον
2922 4451 3132 4521 ἐνοχλεῖ
3159 4468 3171 4482 ·
3207 4450 3300 4503 καὶ
3325 4450 3359 4518 ἡ
3385 4447 3647 4517 ἐπιθυμία

2072 4545 2459 4617 χαλεπώτερον
2487 4544 2852 4612 ὲξανάπτεται
2880 4545 2940 4595 ὲν
2963 4543 3178 4611 νεότητι
3198 4555 3211 4569 ·
3249 4538 3346 4592 καὶ
3387 4538 3649 4609 φιλαργυ-

2072 4727 2139 4781 τὰ
2168 4727 2330 4797 λοιπὰ
2361 4728 2531 4797 πάθη,
2566 4727 2731 4783 πάλιν
2758 4723 3075 4778 ἐπιτίθεται
3105 4724 3233 4776 τότε
3274 4722 3372 4776 καὶ
3393 4721 3642 4790 πολεμεῖ.

2073 4820 2184 4874 Καὶ
2216 4816 2467 4890 καθάπερ
2490 4820 2587 4874 δύο
2625 4818 2992 4878 παλαιόντων,
3025 4818 3121 4870 ἐὰν
3160 4810 3242 4878 εἷς
3289 4813 3591 4883 ἀσθενήσῃ,
3618 4813 3645 4862 ό

2072 4912 2257 4983 ἔτερος
2287 4912 2550 4982 κρείττων
2580 4911 2798 4974 πάντως
2824 4909 3173 4978 εὑρίσκεται·
3213 4905 3389 4968 οὕτως
3423 4906 3517 4957 ἐπὶ
3551 4904 3641 4972 τῆς

2070 5003 2253 5074 ψυχῆς
2280 5005 2375 5057 καὶ
2396 5003 2495 5055 τοῦ
2516 5002 2770 5072 σώματος
2796 5017 2809 5031 ’
2835 5000 2944 5053 τῶν
2960 4999 3198 5068 ὀρέξεων
3227 4995 3459 5050 καὶτῶν
3493 4994 3645 5048 δυνά·

2077 5111 2224 5165 μεων
2261 5096 2359 5162 τῆς
2399 5093 2624 5163 σαρκὸς,
2662 5092 2722 5145 οὐ
2767 5091 2867 5162 τὴν
2904 5090 3029 5161 ἴσην
3076 5087 3319 5159 ἐχουσῶν
3372 5085 3645 5155 ἑκατέρων

2076 5190 2254 5258 ἰσχὺν,
2290 5187 2517 5258 πρός”τε
2546 5182 2892 5256 γῆραςιόμοῠ
2925 5182 3023 5237 καὶ
3069 5182 3299 5249 νεότητα
3323 5195 3337 5210 ·
3396 5179 3493 5231 ἐὰν
3517 5176 3644 5237 ὅλως

2078 5279 2313 5351 βουληθῇ
2351 5280 2384 5348 ἡ
2430 5278 2590 5349 ψυχὴ,
2621 5279 2759 5349 πρὸς
2815 5274 3083 5346 ἐργασίαν
3140 5269 3503 5337 διαναστῆναι
3542 5265 3644 5319 τῶν

2077 5373 2328 5437 ἐντολῶν,
2355 5373 2475 5426 τότε
2516 5371 2715 5443 μᾶλλον
2756 5369 2952 5440 ἰσχύει.
2993 5367 3127 5419 Τότε
3167 5365 3307 5434 πρὸς
3356 5358 3644 5423 κατάνυξιν

2081 5468 2177 5520 καὶ
2203 5466 2414 5535 δάκρυά
2442 5467 2588 5518 εστιν
2622 5461 2958 5536 ὲπιρῤεπής.
2993 5458 3216 5527 Δάκρυα
3261 5455 3321 5507 δὲ
3367 5454 3533 5531 λέγω,
3577 5446 3641 5500 τὰ

2081 5559 2225 5614 κατὰ
2257 5559 2409 5612 Θεόν.
2460 5558 2582 5611 Εἰσὶ
2620 5557 2728 5626 γὰρ
2769 5554 2981 5623 δάκρυα
3021 5550 3119 5601 καὶ
3156 5545 3384 5617 φυσικὰ,
3412 5539 3501 5596 οἷα
3537 5542 3638 5599 τοῖς

2083 5654 2298 5721 νεκροῖς
2340 5649 2742 5720 ὲπιστάζομενο
2800 5645 2909 5698 εἰσὶ
2945 5644 3160 5713 δάκρυα
3220 5640 3315 5692 καὶ
3351 5630 3633 5696 Σατανικά,
