3988 6142
385 375 534 451 H37.

1555 381 1841 445 ORATIO
1880 384 1963 445 ΙΝ
2003 384 2367 446 I‘SALMUM
2405 386 2506 446 VI.

3527 369 3663 459 i135

380 490 441 546 ἂν
483 487 580 543 καὶ
637 491 1125 563 παραφθείραντες
1166 491 1449 556 παντελῶς
1514 498 1639 557 ταῖς
1687 493 1952 548 τοιαύται;

2074 503 2131 546 ut
2184 504 2549 562 pet-vertatur,
2603 496 2760 564 idque
2818 497 3160 566 cumprimis,
3203 499 3522 556 si'ncfariis
3568 506 3667 558 lm-

381 582 695 654 ἐργασίαις,
754 586 850 637 καὶ
904 584 1098 639 τοῦτον
1146 584 1242 638 τοῦ
1294 585 1503 648 εὐθέως
1544 587 1966 656 ἀπαγαγόντες,

380 675 474 727 καὶ
494 674 929 743 ’τελευταίονκὲπλ⁵
956 677 1017 730 τὸ
1043 677 1167 748 ὅρος
1189 678 1352 731 αὐτὸν
1379 677 1816 742 ἀναϐιϐάσαντες
1848 680 1972 748 μεθ’

380 768 623 833 ἑαυτῶν,
652 771 748 822 καὶ
778 768 1086 841 λῄσταρχον
1117 773 1272 841 κοινῇ
1310 771 1825 842 χειροτονήσαντες,
1875 773 1972 826 an

382 859 606 930 μεγέθει
630 860 846 930 ἡλικίας
868 864 963 916 καὶ
985 863 1215 933 δυνάμει
1245 863 1570 934 προέχοντα,
1596 864 1665 918 τὰ
1695 864 1973 935 ἀνήκεστα

379 950 686 1019 ἔπραττον·
728 955 1072 1023 ὁρμητήριον
1105 954 1166 1007 τὸ
1195 954 1328 1007 αὐτὸ
1358 955 1484 1025 ὅρος
1521 955 1841 1026 ποιούμενοι
1878 957 1972 1010 καὶ

379 1042 745 1114 προσφύγιον.
782 1044 1008 1112 Χρόνων
1036 1045 1325 1116 τοιγαροῦν
1352 1046 1411 1097 ἐν
1438 1045 1516 1115 τῷ
1553 1049 1705 1119 μέσῳ
1734 1046 1970 1101 διελθόν-

376 1150 485 1187 των
511 1134 612 1186 οὐκ
636 1134 857 1202 ὀλίγων,
886 1134 1199 1189 ἐπανελθὼν
1221 1136 1250 1188 6
1315 1136 1819 1208 ἀπόστολοςοιἋγε
1854 1157 1970 1210 μοι,

377 1226 578 1294 φησὶν,
615 1226 707 1278 ἐπὶ
743 1226 963 1279 πάντων
998 1227 1134 1298 πρὸς
1164 1228 1255 1281 τὸν
1288 1228 1626 1292 ἐπίσκοπον,
1658 1229 1756 1301 τὴν
1788 1249 1972 1297 παρα-

378 1314 554 1385 θήκην
592 1316 657 1386 ἣν
688 1314 1027 1387 ’παρεθέμην
1068 1336 1150 1372 σοι
1201 1320 1294 1373 ἐπὶ
1331 1320 1572 1393 μάρτυρι
1617 1323 1737 1393 Θεῴ
1771 1324 1861 1376 καὶ
1903 1327 1967 1396 τῇ

388 1406 705 1478 Ἐκκλησία.
747 1429 764 1460 ι
806 1409 864 1462 Ὀ
896 1410 953 1463 δὲ
982 1410 1285 1475 ἐπίσκοπος
1311 1414 1406 1466 ἐπὶ
1436 1413 1498 1467 τὸ
1527 1415 1736 1485 Ιῥήματι
1763 1416 1968 1469 ἐκπλα-

372 1497 514 1565 γείς-ο
539 1499 762 1568 ἐνόμιζε
785 1500 895 1569 γάρ
918 1502 1176 1571 χρήματα
1198 1503 1348 1574 αύτῷ
1375 1521 1497 1559 τινα
1525 1506 1967 1578 παρατεθειμὲνα

374 1586 585 1658 ζητεῖν·
612 1588 665 1641 τί
691 1591 783 1643 καὶ
807 1590 1228 1667 λέγειν-ἠπόρει.
1269 1594 1327 1647 ’0
1357 1594 1414 1648 δὲ
1453 1597 1707 1667 Ἰωάννης
1728 1598 1804 1663 ὡς
1827 1596 1967 1653 εἶδεν

374 1678 537 1731 αὑτὸν
570 1665 1009 1751 ἀμηχανοῦντα·’
1039 1701 1058 1736 ι
1103 1685 1241 1754 ’Λγε
1289 1703 1415 1756 μοι,
1453 1690 1589 1759 φησὶ
1628 1665 1791 1745 πάλιν
1829 1692 1967 1766 πρὸς

374 1770 561 1834 αὐτὸν,
585 1769 631 1824 ὧ
664 1773 954 1841 ἐπίσκοπε,
985 1774 1076 1829 τὸν
1102 1777 1326 1832 νεανίαν
1362 1780 1574 1835 ἐκεῖνον
1600 1780 1659 1834 ὃν
1686 1799 1769 1836 σοι
1800 1801 1968 1856 παρε-

2077 583 2318 637 minibus
2371 598 2433 637 ac
2467 587 2883 654 currupteribus
2940 588 3410 655 commisccalur;
3459 592 3663 660 princi-

2076 674 2164 742 pio
2210 674 2427 743 quidem
2478 691 2506 728 a
2557 676 2797 731 factiosis
2860 679 3185 748 quibusdam
3240 681 3394 746 viris,
3468 685 3559 754 qui
3612 699 3665 739 et

2075 765 2175 835 ipsi
2240 767 2600 836 perditissimi
2662 779 2879 833 essent,
2962 772 3027 826 ad
3085 784 3401 843 sumptuosa
3475 778 3664 831 (ξοπινί-

2076 857 2159 925 t'ia
2212 867 2605 925 provocatum;
2641 867 2754 913 tum
2807 862 2875 916 ad
2915 858 3081 929 furta,
3123 878 3186 918 ae
3229 866 3659 934 grassationes‘:

2075 962 2411 1016 prorsusque
2462 948 2805 1005 facinoribus
2836 950 3104 1020 ejusmodi
3158 954 3536 1024 depravatum,
3576 968 3662 1014 at-

2076 1053 2181 1107 que
2206 1054 2236 1091 a
2282 1048 2434 1093 recto
2473 1040 2792 1107 abductum,
2837 1057 2902 1097 ac
2931 1044 3150 1099 demum
3188 1046 3240 1099 in
3274 1058 3511 1104 montem
3568 1052 3664 1107 ad-

2073 1132 2316 1196 ductum,
2339 1132 2725 1203 communique
2757 1149 2946 1189 eorum
2970 1136 3200 1193 consilio
3232 1138 3504 1196 latronum
3553 1143 3660 1197 du-

2072 1234 2188 1275 cem
2217 1232 2491 1289 creatum,
2524 1218 2782 1294 tanquam
2813 1228 2903 1302 qui
2934 1235 3144 1300 statura
3189 1234 3438 1302 corporis
3472 1250 3537 1290 ac
3574 1250 3661 1291 ro-

2073 1310 2204 1366 bore
2227 1322 2538 1381 praastaret,
2575 1299 2972 1372 immanissima
3003 1320 3210 1387 pariter
3244 1299 3507 1391 agitasse;
3536 1338 3658 1378 cum

2070 1402 2172 1457 sibi
2221 1403 2296 1457 illi
2343 1413 2583 1459 montem
2630 1406 2804 1473 illum,
2834 1422 2933 1463 ceu
2992 1419 3206 1477 portum
3257 1415 3546 1482 quemdam
3598 1431 3660 1469 ac

2072 1493 2276 1564 asylum
2335 1494 2611 1550 fecissent.
2651 1496 2871 1552 Interim
2922 1510 3105 1555 autem
3145 1516 3249 1556 non
3302 1506 3513 1560 inodico
3547 1508 3660 1561 ela—

2069 1601 2166 1654 pso
2216 1595 2482 1659 tempore,
2518 1604 2795 1645 reversum
2827 1595 3043 1650 tandem
3086 1598 3419 1668 apostolum,
3455 1602 3525 1655 ita
3569 1620 3656 1668 pa-

2070 1675 2175 1730 lam
2227 1678 2482 1733 omnibus
2539 1680 2795 1749 episcozio
2832 1683 3132 1743 dixisse:
3199 1706 3219 1739 ι
3263 1687 3423 1744 Modo
3477 1691 3657 1759 profer

2069 1767 2393 1837 depositum,
2426 1774 2572 1840 quod
2607 1774 2700 1829 tibi
2737 1775 2837 1830 sub
2867 1777 2977 1833 Deo
3000 1787 3168 1846 teste,
3205 1794 3271 1835 ac
3325 1781 3593 1849 Ecclesia,
3623 1803 3651 1839 ιι

376 1857 550 1929 θέμην
571 1860 647 1924 ὼς
679 1863 988 1935 ἑπισκόπῳ.
1023 1883 1042 1916 ι
1093 1865 1151 1919 '0
1170 1866 1229 1920 δὲ
1258 1870 1510 1923 νεανίαν
1538 1871 1800 1938 ἀκούσας,
1840 1851 1952 1927 στε-

2073 1873 2159 1913 me
2208 1862 2588 1933 consignatum
2646 1867 2837 1922 habes.
2900 1887 2921 1921 ι
2973 1868 3334 1943 Obsmpuisse
3383 1886 3559 1931 autem
3601 1878 3659 1932 in

375 1949 544 2014 νάξας
582 1951 725 2021 μέγα
755 1954 850 2007 καὶ
882 1955 1104 2027 πικρὸν,
1129 1953 1250 2011 εἶτα
1271 1958 1606 2030 δακρυθεὶς,
1640 1981 1660 2015 ι
1691 1964 1966 2037 Τέθνηκεν

377 2042 607 2106 ἐκεῖνος,
654 2062 673 2095 ι
701 2045 839 2115 πρὸς
878 2046 1138 2121 Ἰωάννην
1169 2052 1556 2122 ἀποκρίνεται.
1594 2055 1707 2110 Καὶ
1738 2057 1903 2122 εὐθὺς
1937 2059 1966 2112 6

390 2130 668 2202 ’detvvqc'
698 2152 717 2186 ι
755 2124 881 2200 Πῶς
910 2136 943 2209 ἢ
969 2138 1108 2210 ποίῳ
1141 2141 1332 2213 τρόπῳ
1354 2181 1369 2207 ,
1410 2144 1558 2198 εἰπέ.
1587 2164 1606 2197 ι
1642 2145 1702 2198 '0
1725 2144 1784 2200 δὲ
1816 2166 1832 2200 ι
1862 2148 1965 2201 Τὸν

377 2224 650 2279 ἀπευκτὸν
690 2228 790 2299 τῆς
816 2229 1029 2303 ψυχῆς,
1071 2233 1238 2305 φησὶ,
1281 2234 1534 2293 θάνατον.
1598 2238 1804 2312 Ἀπέϐη
1855 2241 1966 2311 γὰρ

379 2317 642 2388 πονηρὸς,
659 2321 751 2372 καὶ
779 2320 1018 2394 ἐξώλης,
1047 2325 1145 2378 καὶ
1171 2325 1378 2400 λῃστὴς
1410 2323 1736 2399 βιαιότατος.
1763 2351 1779 2384 ι
1802 2333 1911 2386 Καὶ
1936 2335 1964 2387 6

416 2410 735 2476 ἀπόστολος·
766 2433 785 2465 ‹
813 2416 996 2470 Καλόν
1023 2435 1108 2485 σε,
1130 2413 1176 2473 ὦ
1194 2421 1484 2487 ἐπίσκοπε,
1514 2424 1840 2496 φύλακατῆς
1857 2427 1964 2497 ψυ-

376 2500 480 2572 χῆς
508 2505 823 2577 κατέστησα
852 2509 946 2562 τοῦ
983 2511 1207 2580 παιδός;
1241 2533 1261 2565 ι
1297 2513 1483 2569 Ταῦτα
1510 2515 1700 2581 εἰπὼν,
1737 2519 1833 2572 καὶ
1871 2519 1962 2573 ἵπ-

375 2609 478 2649 πον
507 2596 768 2669 αἰτήσας,
803 2599 921 2671 ἅμα
949 2602 1044 2655 καὶ
1081 2603 1334 2673 ὁδηγοὺς,
1361 2607 1457 2678 τῆς
1484 2609 1563 2672 είς
1582 2608 1643 2662 τὸ
1669 2608 1962 2682 λῃστήριον

370 2684 693 2760 ἀπαγούσης
727 2692 939 2762 ἥπτετο
967 2695 1181 2766 τρίϐου.
1213 2698 1323 2752 Καὶ
1364 2698 1440 2762 ὡς
1471 2695 1618 2770 εἶχεν
1649 2701 1846 2772 ἠλαυνε
1884 2702 1962 2776 τῷ

368 2777 523 2848 ἵππῳ
562 2781 787 2848 ἐπιϐὰς,
828 2783 1155 2854 βουλόμενος
1195 2786 1257 2839 τὸ
1304 2788 1576 2861 πλανηθὲν
1616 2792 1959 2847 ἀνακαλέσα-

368 2865 496 2922 σθαι
526 2870 820 2940 πρόὸατον.
852 2874 963 2927 Καὶ
992 2874 1056 2945 δὴ
1082 2875 1296 2944 φθάσας
1323 2878 1420 2931 ἐπὶ
1455 2880 1518 2933 τὸ
1556 2879 1717 2952 ὄρος,
1749 2882 1962 2953 λαμϐά-

364 2976 518 3014 νεται
547 2961 654 3015 ὑπὸ
674 2964 771 3032 τῆς
802 2967 1165 3037 προφυλακῆς
1195 2969 1304 3023 τῶν
1332 2969 1571 3043 λῃστῶν,
1605 2973 1772 3043 μηδὲν
1805 2975 1960 3029 ἀντι-

364 3053 582 3118 τείνων,
622 3056 656 3125 ὴ
715 3057 909 3128 ἕτερον
962 3058 1160 3127 λέγων,
1213 3061 1330 3115 ἀλλ’
1364 3063 1396 3135 ἢ
1436 3064 1597 3119 τοῦτο
1630 3067 1726 3120 καὶ
1766 3068 1955 3138 μόνον’

370 3160 393 3196 ι
426 3145 523 3252 Eli
546 3146 641 3200 τὸν
667 3148 907 3219 ἄρχοντα
1111 3153 1351 3252 ἀγάγετέ
1377 3173 1465 3225 με.
1500 3175 1519 3209 ι
1565 3157 1623 3210 '0
1644 3158 1701 3212 δὲ
1729 3158 1958 3232 λῄσταρ-
1984 3193 2026 3252 C

362 3253 458 3308 χος
494 3238 570 3302 ὼς
621 3241 782 3310 μόνον
834 3243 1104 3298 ἐθεάσατο
1152 3244 1244 3300 τὸν
1308 3246 1563 3321 Ἰωάννην
1620 3253 1955 3324 ἐρχόμενον,

360 3330 502 3385 καθὸ
544 3335 1072 3405 παρεσκευασμένος
1116 3337 1299 3392 ἵστατο
1347 3340 1443 3393 καὶ
1495 3342 1955 3416 καθωπλισμένος

362 3424 464 3476 σὺν
495 3423 678 3488 αὐτοῖς
705 3429 813 3489 τοῖς
837 3428 938 3498 τῆς
967 3428 1225 3503 λῃστείας
1249 3434 1625 3505 παρασήμοις,
1657 3436 1850 3509 ᾤχετο.
1896 3442 1961 3493 '0

360 3514 420 3567 δὲ
472 3515 730 3586 Ἰωάννης
761 3515 952 3589 ὥσπερ
997 3520 1092 3574 τοῦ
1137 3524 1344 3593 γήρους
1389 3524 1814 3596 ἐπιλαθόμενος,
1859 3533 1955 3585 καὶ

361 3608 566 3672 παντὸς
611 3607 773 3662 ἄλλου
821 3611 917 3663 τοῦ
961 3612 1068 3666 ἀπὸ
1118 3615 1219 3685 τῆς
1259 3616 1483 3686 πορείας
1530 3620 1815 3690 καμάτου,
1861 3622 1951 3675 τὸν

361 3699 745 3769 ὑποφεύγοντα
774 3702 1074 3756 κατεδίωκε
1095 3745 1109 3768 ,
1138 3706 1358 3777 κράζων
1387 3709 1603 3779 μεγάλα
1623 3714 1720 3765 καὶ
1750 3712 1946 3781 λέγων·

365 3808 384 3842 ι
419 3790 609 3861 Στῆθι,
663 3795 876 3859 τέκνον,
915 3796 990 3867 μὴ
1036 3797 1226 3865 φοὸοὖ.
1276 3799 1342 3852 Τί
1385 3818 1453 3870 με
1487 3802 1709 3871 φεύγεις
1737 3804 1828 3859 τὸν
1859 3806 1948 3859 σὸν

359 3884 610 3955 πατέρας
649 3884 714 3937 Τί
748 3902 836 3956 μοι
864 3886 1069 3961 κόπους
1105 3889 1408 3961 παρέχεις;
1441 3893 1724 3966 Οἴκτειρόν
1764 3914 1830 3967 με
1856 3897 1947 3951 τὸν

359 3975 618 4046 γέροντα·
657 3976 802 4049 ἔχεις
832 3979 1024 4033 ἐλπίδα
1056 3984 1335 4055 σωτηρίας
1356 4002 1369 4016 ·
1406 3984 1517 4053 ἐγὼ
1553 3986 1694 4059 ὑπὲρ
1727 3989 1820 4042 σοῦ
1847 3990 1944 4061 τὴν

358 4069 538 4140 ψυχήν
580 4087 682 4141 μου
725 4070 895 4142 θήσω,
943 4073 1018 4138 ὡς
1053 4075 1081 4127 6
1119 4075 1326 4147 Κύριος
1360 4077 1500 4150 ὑπὲρ
1540 4080 1722 4151 ἡμῶν.
1767 4083 1947 4137 Μόνον

360 4160 540 4232 στῆθι,
573 4164 782 4228 τέκνον,
816 4166 1090 4219 πιστεύων
1118 4167 1201 4220 ὅτι
1232 4169 1261 4221 ό
1296 4169 1531 4239 Χριστός
1565 4188 1632 4243 με
1658 4173 1944 4227 ἀπέστειλε

351 4248 453 4320 τὴν
477 4252 757 4322 σωτηρίαν
790 4270 874 4307 σοι
901 4254 968 4307 δι’
997 4254 1132 4325 ἐμοῦ
1166 4256 1645 4328 προμηθούμενος.
1695 4262 1814 4315 Ἐπ’
1844 4265 1944 4333 ἐμὲ

350 4340 415 4394 τὸ
447 4343 668 4412 φορτίον
696 4343 804 4396 τῶν
836 4345 1125 4415 ἁμαρτιῶν
1157 4363 1273 4413 σου,
1318 4347 1406 4400 ἐπ’
1436 4349 1537 4418 ἐμὲ
1560 4349 1622 4403 τὸ
1658 4345 1795 4421 αἷμα
1834 4354 1943 4406 τῶν

352 4434 462 4489 ἀπὸ
508 4436 601 4489 σοῦ
639 4438 841 4503 ἀδίκως
875 4440 1299 4509 ἀναιρεθέντων.
1361 4459 1381 4492 ι
1423 4441 1612 4497 Ταῦτα
1658 4446 1875 4513 ἁκούων
1915 4449 1942 4500 6

2070 1952 2238 2008 verbo
2286 1954 2387 2009 hoc
2433 1958 2750 2028 episcopum
2805 1962 3057 2030 (putabat
3090 1965 3237 2019 enim
3294 1969 3650 2035 pecuniarum

2068 2044 2270 2114 aliquid
2297 2044 2558 2105 Joannem
2586 2040 2859 2120 quaerere,
2890 2056 3035 2124 quod
3094 2055 3340 2126 deposito
3397 2060 3653 2115 tradidis-

2066 2140 2194 2207 set),
2238 2138 2462 2193 dubium
2525 2144 2711 2197 animo
2764 2146 2898 2215 quid
2954 2152 3334 2217 responderet.
3386 2149 3649 2205 Joannem

2069 2242 2219 2294 vero,
2246 2244 2369 2285 cum
2412 2233 2495 2289 sic
2528 2234 2741 2306 inopem
2787 2238 3004 2294 consilii
3037 2242 3268 2308 videret,
3320 2244 3448 2297 talia
3502 2245 3649 2299 intu~

2066 2316 2194 2373 lisse
2243 2336 2320 2379 τι
2360 2321 2567 2391 Adduc,
2624 2342 2657 2379 ο
2692 2327 2968 2398 episcope,
3002 2343 3162 2399 quem
3224 2331 3321 2386 tibi
3383 2343 3647 2403 tanquam

2064 2411 2321 2482 episcopo
2368 2414 2770 2473 adolescentem
2819 2420 3068 2489 deposito
3133 2423 3351 2479 tradidi.
3395 2443 3417 2478 ι
3469 2425 3647 2487 Illum,

2065 2515 2187 2555 cum
2231 2503 2617 2560 adolescente»:
2662 2511 2926 2579 audisset,
2966 2512 3169 2582 ingenti
3205 2530 3511 2583 amaraque
3548 2533 3646 2588 ge-

2065 2595 2222 2660 tnitu,
2258 2596 2593 2667 subindequ
2625 2599 2678 2653 in
2714 2600 2984 2674 lacrymas
3020 2604 3283 2677 eﬂusum,
3311 2604 3506 2663 Joanni
3557 2625 3647 2663 re—

2062 2687 2369 2757 spondisse,
2422 2706 2544 2745 eum
2595 2700 2869 2749 mortuum
2899 2711 3041 2751 esse.
3085 2697 3394 2769 Statimque
3425 2715 3653 2770 percon-

2066 2784 2212 2832 tante
2233 2776 2465 2847 Joanne,
2500 2785 2792 2852 quomodo,
2821 2796 2913 2840 aut
2939 2803 3045 2857 qua
3069 2789 3121 2844 id
3151 2793 3363 2848 ratione
3387 2793 3636 2858 haberet,

2062 2868 2261 2925 dixisse
2292 2872 3092 2949 episcopum,‘deprecabilem
3144 2884 3341 2939 anima:
3393 2896 3644 2943 mortem.

2066 2977 2084 3012 ι
2121 2963 2354 3032 Etenim,
2386 2966 2584 3036 inquit,
2617 2972 2789 3024 evasit
2815 2989 3048 3041 nequam
3077 2990 3142 3030 ac
3186 2978 3455 3045 perditus,
3485 2979 3651 3035 ιιιιτος

2060 3069 2298 3125 numque
2320 3060 2679 3117 suavissimus.
2721 3083 2739 3116 ι
2761 3062 3009 3133 Tumque
3036 3082 3157 3121 eum
3187 3068 3589 3141 ad‘episcopum
3628 3093 3642 3126 :

2068 3162 2088 3197 ι
2141 3146 2347 3202 Bonum
2375 3159 2445 3216 te,
2475 3166 2508 3208 ο
2556 3155 2831 3224 cpisc0p0,
2865 3156 3223 3215 adolescentis
3271 3162 3471 3216 anima:
3505 3178 3647 3219 con-

2060 3239 2210 3294 stitui
2245 3244 2571 3299 custodem?
2613 3264 2633 3298 ι
2675 3246 2880 3316 Hisque
2909 3248 3090 3317 dictis,
3142 3265 3208 3305 ae
3250 3253 3420 3321 petito
3465 3268 3641 3324 equo,

2063 3350 2161 3391 nec
2194 3352 2300 3392 non
2329 3338 2428 3393 vite
2452 3339 2845 3409 ducibus,_iter
2867 3344 2934 3397 ad
2961 3345 3230 3399 latronum
3275 3346 3406 3402 illud
3455 3348 3641 3404 diver-

2056 3430 2261 3484 sorium
2293 3431 2621 3502 arbipuisse,
2646 3437 2827 3491 studio
2860 3439 2978 3491 ovis
3013 3437 3253 3492 errantis
3301 3442 3639 3495 revocandae.

2052 3521 2132 3575 Ac
2155 3535 2311 3588 sane,
2338 3539 2461 3578 cum
2485 3526 2726 3581 venisset
2756 3528 2823 3581 ad
2848 3536 3113 3593 montem,
3148 3544 3175 3581 a
3206 3528 3481 3585 latronum
3535 3545 3635 3585 ex.-

2054 3615 2225 3668 cubiis
2247 3626 2466 3685 captum
2499 3633 2644 3683 esse,
2680 3634 2802 3673 cum
2836 3621 2971 3675 nibil
3002 3624 3115 3690 ipse
3145 3622 3505 3690 obniteretur,
3539 3642 3639 3681 nec

2053 3706 2201 3760 aliud
2251 3708 2550 3779 quidquam
2599 3712 2840 3779 diceret,
2870 3722 3069 3782 praeter
3104 3714 3207 3769 boc
3238 3715 3413 3770 solum
3446 3732 3461 3771 :
3498 3737 3517 3771 ι
3559 3722 3645 3775 Ad

2054 3810 2295 3853 vestrum
2323 3815 2413 3854 me
2433 3802 2625 3857 ducem
2671 3803 2941 3858 adducite.
2981 3823 3005 3857 ι
3033 3804 3334 3872 Caeterum,
3365 3807 3643 3866 latronum

2049 3894 2379 3963 principem,
2426 3903 2485 3950 ut
2522 3905 2728 3951 tantum
2780 3898 3085 3968 aspexisset
3123 3901 3431 3956 venientem
3474 3902 3637 3959 Joan-

2052 4000 2196 4051 nem,
2222 4002 2330 4056 quo
2369 3987 2557 4044 habitu
2587 3989 2888 4047 instructus
2919 4002 3274 4064 armatusque
3307 4010 3429 4050 cum
3450 3998 3635 4065 sociis,

2049 4080 2319 4135 latronum
2350 4080 2706 4138 nobilissimis
2761 4084 2964 4152 stabat,
3005 4087 3302 4157 aufugisse.
3332 4088 3630 4158 Joannem,

2050 4168 2195 4224 velut
2226 4173 2541 4239 senectutis,
2579 4189 2643 4229 ac
2674 4174 2840 4230 totius
2885 4177 2953 4231 ab
2987 4177 3184 4234 itinere
3235 4179 3460 4249 laboris,
3491 4183 3631 4237 obli-

2051 4269 2183 4325 tum,
2214 4260 2508 4332 fugientem
2542 4267 2846 4320 insecutum
2878 4282 3018 4330 esse,
3051 4269 3223 4324 altum
3269 4271 3395 4339 quid
3431 4272 3484 4326 in
3516 4273 3632 4328 haec

2047 4355 2206 4410 verba
2234 4358 2559 4412 clamantem
2589 4381 2600 4414 :
2639 4375 2659 4410 ι
2696 4358 2867 4424 Siste,
2900 4360 2995 4419 fili.
3031 4377 3098 4416 ne
3124 4362 3335 4417 timeas.
3361 4363 3503 4430 Quid
3546 4383 3634 4422 me

2047 4455 2196 4502 tuum
2240 4458 2448 4518 patrem
2503 4448 2685 4521 fugis?
2716 4450 2855 4518 Quid
2894 4452 3022 4507 mihi
3057 4451 3302 4508 laborem
3353 4456 3637 4513 l'acisY'l‘e

350 4528 680 4599 ἀποτρέχων
706 4529 1012 4594 νεανίσκος,
1037 4531 1168 4605 ἔστῃ
1201 4532 1363 4602 ῥίψας
1388 4533 1457 4587 τὰ
1473 4535 1636 4602 ὅπλα,
1665 4538 1758 4591 καί
1774 4539 1941 4610 πρόσ-

2056 4541 2149 4594 mei
2181 4540 2329 4595 senis
2380 4543 2776 4609 misereat;.est
2817 4559 2942 4614 spes
2991 4544 3216 4601 salutis:
3250 4562 3349 4615 ego
3390 4549 3627 4602 animum

349 4635 456 4673 εισι
481 4619 559 4692 τῷ
592 4620 835 4693 Ἰωάννῃ,
860 4623 1081 4692 τρέμων
1103 4624 1240 4695 όμοῦ
1277 4628 1372 4680 καὶ
1402 4627 1609 4682 κλαίων
1664 4631 1935 4701 σφοδρῶς,

348 4710 428 4775 ὡς
482 4713 619 4783 μηδὲ
678 4713 1014 4784 φθέγγεσθαι
1066 4716 1173 4771 ὑπὸ
1224 4720 1333 4775 τῶν
1379 4721 1633 4794 δακρύων
1688 4726 1936 4795 ἰσχύειν,

353 4800 590 4871 μάλιστα
616 4802 696 4874 τῷ
724 4806 788 4857 ὲκ
822 4804 917 4858 τοῦ
962 4806 1195 4871 πένθους
1226 4809 1421 4881 λυγμῷ
1464 4815 1788 4886 τῆς,φωνῆς
1817 4818 1938 4869 ἐπι-

348 4894 717 4964 κοπτομένης.
761 4896 820 4949 '0
855 4897 912 4950 δὲ
958 4897 1214 4972 Ἰωάννης
1260 4901 1484 4972 θαρρεῖν
1526 4905 1704 4976 αὐτῷ,
1751 4923 1936 4976 παραυ

347 4983 707 5055 κελευόμενος
728 4987 819 5040 καὶ
843 4990 1059 5059 χρηστά
1092 4991 1419 5062 προσδυκᾷν,
1448 4996 1528 5057 εἰς
1559 4995 1935 5068 πληροφορίαν

345 5071 424 5127 ὣν
449 5092 509 5127 τε
539 5075 692 5130 λείαν
728 5080 1174 5152 παραθαρρύνων
1203 5083 1397 5149 αὐτὸν,
1432 5086 1589 5156 ἔλεγε
1624 5089 1698 5160 μὴ
1740 5092 1934 5161 ἀπογι-

346 5164 579 5219 νώσκειν
612 5167 709 5240 τὴν
740 5170 935 5223 ἑαυτοῦ
963 5174 1239 5243 σωτηρίαν
1260 5191 1273 5205 ·
1309 5180 1593 5248 κατεφίλει
1623 5182 1723 5250 τὴν
1749 5183 1933 5250 δεξιάν

342 5256 510 5309 αὐτοῦ
547 5263 726 5333 χεῖρα,
768 5261 848 5315 ἔτι
879 5262 1051 5335 αὐτὴν
1091 5267 1424 5339 ᾑμαγμένην
1453 5270 1638 5324 λαϐὼν
1660 5312 1675 5338 ,
1710 5274 1786 5338 ὡς
1828 5276 1929 5348 ἤδη

341 5349 716 5420 καθαρθεῖσαν
738 5356 852 5417 τοῖς
882 5354 1167 5427 δάκρυσιν·
1202 5358 1258 5413 ὃν
1287 5362 1380 5413 καὶ
1403 5360 1785 5437 διορθούμενος
1809 5370 1931 5431 ταῖς

339 5434 744 5505 διδασκαλίαις,
778 5442 871 5494 καὶ
898 5443 995 5496 τοῦ
1028 5446 1325 5518 πτώματος
1357 5451 1612 5517 ἀνιστῶν,
1636 5454 1697 5506 οὐ
1726 5455 1928 5527 πρότε-

2043 4648 2218 4688 meam
2260 4649 2358 4703 pro
2391 4643 2443 4690 te
2474 4650 2696 4704 ponam,
2720 4653 2825 4705 qua
2860 4638 3122 4694 Dominus
3150 4642 3358 4695 ratione
3401 4656 3500 4711 pro
3531 4658 3641 4698 ηομ-ς

2040 4724 2126 4779 bis
2184 4726 2384 4796 posuit.
2434 4726 2670 4782 Tantum
2720 4729 2877 4794 siste,
2912 4730 3029 4797 fili;
3062 4730 3114 4785 id
3171 4732 3354 4787 animo
3411 4735 3627 4788 firnmm

2039 4817 2245 4873 habens
2271 4819 2496 4875 missum
2533 4837 2618 4874 me
2645 4822 2709 4876 ad
2747 4833 2797 4878 te
2842 4837 2872 4876 a
2920 4822 3168 4903 Christo,
3199 4825 3291 4893 qui
3333 4834 3483 4880 tuam
3532 4842 3641 4895 per.

2039 4925 2127 4965 me
2155 4910 2386 4966 salutem
2416 4923 2587 4968 curet.
2619 4911 2678 4968 ln
2714 4929 2801 4968 me
2837 4914 2906 4969 sit
2934 4931 3070 4970 onus
3120 4927 3335 4976 tuorum
3366 4928 3624 4986 peccato-

2035 5019 2156 5058 rum
2187 5024 2199 5059 :
2242 5005 2293 5058 in
2330 5022 2415 5060 me
2452 5023 2638 5060 eorum
2681 5010 2923 5078 sanguis,
2955 5009 3046 5077 qui
3094 5018 3185 5063 tua
3225 5009 3424 5078 injuste
3457 5027 3618 5065 manu

2039 5096 2306 5152 interfecti
2331 5107 2476 5154 sunt.
2524 5117 2555 5152 ι,
2583 5098 3035 5154 "meandientem
3068 5099 3312 5170 fugacem
3338 5100 3617 5169 juvenem,

2034 5187 2252 5242 stetisse
2309 5188 2564 5257 projcetis
2627 5191 2817 5256 armis,
2844 5208 2908 5246 ac
2939 5194 3005 5245 ad
3063 5192 3351 5259 Joannem,
3380 5205 3623 5249 tremore

2033 5280 2238 5349 pariter
2260 5295 2324 5335 ac
2353 5280 2484 5336 ﬂetu
2517 5282 2718 5348 valido,
2750 5293 2808 5337 ut
2851 5298 2922 5339 ne
2962 5284 3180 5353 quidem
3231 5285 3377 5353 loqui
3407 5301 3504 5353 per
3544 5287 3622 5339 la-

2032 5385 2247 5441 crymas
2287 5371 2578 5438 sineretur,
2606 5374 2842 5444 singultu
2867 5375 3103 5430 maxime
3140 5390 3169 5428 a
3200 5373 3345 5427 luctu
3390 5389 3454 5428 ac
3486 5390 3621 5429 moe-

2032 5477 2157 5517 rore
2186 5477 2372 5518 vocem
2403 5464 2780 5527 intercidente,
2809 5463 3129 5520 accessisse.
3154 5462 3446 5527 Joannem,
3474 5464 3617 5518 bono

341 5545 435 5599 ρον
465 5531 680 5602 ἀπέστη
713 5534 782 5586 τὰ
820 5537 971 5613 πρὸς.
996 5539 1336 5612 ἐπιστροφὴν
1374 5544 1470 5597 καὶ
1509 5545 1801 5616 διόρθωσιν
1830 5549 1925 5602 τοῦ

339 5621 679 5688 ἀποστάντος
707 5627 961 5693 ἐπινοῶν,
991 5628 1093 5694 ἕως
1123 5634 1289 5687 αὐτὸν
1325 5636 1488 5690 πάλιν
1511 5641 1577 5710 τῇ
1623 5640 1925 5715 Ἐκκλησία

339 5716 645 5785 συνήγαγεο
673 5718 807 5772 πᾶσι
833 5723 944 5784 τοῖς
968 5724 1267 5792 μετέπειτα
1313 5728 1372 5780 τὸ
1395 5731 1521 5801 περὶ
1541 5732 1631 5785 τὸν
1659 5736 1923 5806 νεώτερον

339 5802 550 5857 ἐκεῖνον
569 5810 937 5881 γεγενημένον
961 5817 1249 5881 μετανοίας
1268 5818 1596 5890 εἰλικρινοῦς
1621 5823 1927 5893 ὑπόδειγμα

2029 5554 2212 5611 animo
2264 5556 2546 5624 jubentem
2585 5568 2744 5621 esse,
2775 5571 2838 5611 ac
2874 5558 3044 5612 bonas
3085 5570 3307 5627 sperare
3338 5597 3353 5621 ,
3398 5566 3606 5612 certam

2028 5648 2248 5702 omnino
2271 5647 2521 5702 fiduciam
2559 5647 2772 5713 fecisse,
2808 5663 2873 5703 ac
2919 5664 2986 5705 ne
3028 5650 3094 5705 de
3129 5665 3225 5705 sua
3256 5648 3430 5705 salute
3464 5664 3632 5719 spem.

2028 5736 2307 5803 abjiceret,
2332 5736 2603 5793 edixisse:
2628 5740 2747 5808 ejus
2782 5740 3088 5797 osculatam
3142 5741 3447 5808 dexteram,
3489 5755 3615 5797 cum

2026 5829 2202 5882 adhuc
2257 5840 2537 5884 cruentam
2597 5830 2944 5903 accepisset,
2994 5835 3143 5890 velut
3183 5835 3294 5906 jam
3356 5833 3614 5897 lacrvmis
