3988 6142
386 335 520 405 ll“

1540 330 1818 392 ORATIO
1861 328 1939 388 ΙΝ
1980 322 2340 387 PSALMUM
2380 321 2478 383 VI.

3476 310 3635 377 ιιιῑ

452 445 642 503 Ταῦτα
679 445 773 499 καὶ
805 442 1029 499 πλείονα
1063 444 1269 496 τούτων
1298 443 1418 505 ταῖς
1458 441 1689 508 ἐξοδίοις
1731 434 1902 510 ὥραις
1923 439 1951 490 ὁ

2123 434 2250 488 llaec
2275 446 2338 488 ac
2377 432 2444 486 iis
2478 429 2631 500 plura
2676 425 2943 485 conﬁtens
2976 423 3117 479 latro
3149 422 3282 476 hora
3314 422 3516 487 exitus,
3551 440 3616 481 ac

387 537 588 612 λῃστὴς
619 534 1142 606 ἐξομολογούμενος,
1178 534 1270 587 καὶ
1297 533 1365 585 τὰ
1399 532 1613 603 δάκρυα
1647 526 1731 593 οἷς
1780 529 1952 582 ἱλεού-

389 645 550 702 μενος
579 627 669 679 τὸν
712 626 848 679 Θεὸν
872 664 887 691 ,
917 624 1109 678 ἑαυτὸν
1141 623 1427 695 περιέρρει
1458 663 1473 684 ,
1512 621 1593 692 τῷ
1623 625 1721 692 τῆς
1754 619 1948 673 ἑαυτοῦ

389 710 633 787 κεφαλῆς
664 713 1123 786 περικαλύμματι
1150 713 1494 783 άπομάσσων
1514 753 1527 775 ,
1572 711 1862 783 παρέδωκε
1889 711 1960 762 τὸ

387 808 609 880 πνεῦμα
637 823 654 840 ο
689 808 765 870 ὡς
814 807 1040 877 ὕστερον
1084 802 1375 877 παρὰ’τῶν
1413 802 1951 875 συμπαρακειμένων

362 901 539 971 ἀὑτῷ
608 897 856 968 ἀκριϐῶς
901 901 929 951 ὁ
962 897 1203 961 τοιοῦτος
1239 896 1469 960 θάνατος
1500 894 1835 965 διεγνώσθη.
1890 895 1950 947 Ὀ

386 992 445 1046 δὲ
475 989 858 1061 φιλάνθρωπος
906 988 1039 1052 Θεὸς
1068 989 1162 1042 καὶ
1196 986 1388 1058 Σωτὴρ
1423 986 1518 1041 τοῦ
1548 986 1743 1055 γένους
1771 983 1950 1056 ὴμῶν,

388 1082 689 1153 κηδόμενος
716 1080 827 1135 τῶν
856 1081 935 1143 εἰς
969 1078 1132 1150 βάθος
1162 1080 1427 1133 ἐλθόντων
1460 1077 1671 1144 κακῶν,
1695 1077 1791 1131 καὶ
1814 1077 1953 1130 ἀπο-

388 1169 763 1239 γινωσκόντων
813 1169 914 1237 τὴν
963 1167 1172 1222 ἑαυτῶν
1220 1166 1520 1238 σωτηρίαν,
1563 1167 1641 1229 ὡς
1697 1166 1763 1220 ἂν
1807 1166 1954 1237 ἔχειν

388 1261 700 1325 ἀκούοντες,
738 1261 832 1312 καὶ
858 1259 966 1312 ἀπὸ
1007 1260 1108 1328 τῆς
1149 1258 1408 1327 τελευτῆς
1446 1258 1539 1311 τοῦ
1578 1256 1774 1329 λῃστοῦ
1809 1259 1955 1327 ὡφε-

388 1349 621 1414 λεῖσθαι,
637 1350 732 1402 καὶ
749 1349 847 1419 τὴν
872 1348 1210 1418 ἐπιστροφὴν
1236 1350 1311 1420 μὴ
1330 1348 1748 1417 ἀπογινώσκειν,
1773 1349 1954 1418 ἰατρόν

388 1457 512 1494 τινα
538 1437 799 1509 εὐλαϐείᾳ
850 1437 1100 1502 συζῶντα
1139 1439 1265 1492 ίδεῖν
1295 1441 1588 1509 οἰκονομεῖ,
1646 1440 1786 1494 κατὰ
1830 1443 1955 1502 τοὺς

391 1530 590 1594 ὕπνους
615 1532 673 1603 ἐν
699 1530 884 1601 ἐκείνῃ
913 1533 980 1601 τῇ
1012 1532 1170 1583 νυκτὶ
1194 1530 1317 1584 καθ’
1353 1533 1419 1602 ἢν
1453 1533 1546 1585 καὶ
1564 1534 1592 1584 ὁ
1613 1531 1815 1603 λῃστὴς
1842 1533 1958 1587 ἑτε-

2054 527 2344 596 lacrymas,
2391 521 2587 593 quibus
2620 519 2820 588 seipse
2857 516 3024 571 Deum
3060 514 3283 583 plaeans
3329 513 3618 583 perfunde-

2054 616 2167 683 bat,
2197 615 2391 684 capitis
2432 613 2597 667 linteo
2637 611 2975 676 abnergens,
3017 605 3220 662 elllavit
3252 605 3522 671 animam,
3562 616 3620 659 ut

2055 708 2394 778 postmodum
2429 718 2526 775 per
2555 718 2651 759 eos
2681 703 2773 772 qui
2802 700 2966 756 vicini
2999 701 3191 755 eodem
3223 697 3621 755 decumbebant

2056 800 2194 864 loco,
2231 798 2538 853 accuratius
2566 794 2838 864 cognitum
2869 800 2972 847 est.
2998 792 3251 847 Clemens
3278 800 3459 845 autem
3484 790 3621 844 Deus

2057 907 2120 948 ac
2154 891 2399 947 Salvator
2439 889 2658 944 humani
2696 887 2936 959 generis,
2986 898 3174 940 eorum
3221 898 3405 939 curam
3457 896 3623 954 agens

2056 985 2148 1056 qui
2200 992 2471 1039 venerunt
2516 982 2570 1036 in
2606 991 2949 1052 peccatorum
3006 977 3356 1047 profundum,
3403 990 3466 1030 ac
3510 988 3624 1032 suae

2055 1079 2249 1134 salutis
2275 1077 2544 1149 abjiciunt
2576 1088 2750 1144 spem,
2778 1086 2906 1142 quo,
2940 1086 3005 1127 ex
3053 1068 3280 1125 latronis
3319 1078 3493 1124 morte
3525 1083 3622 1122 au-

2052 1172 2267 1226 dientes
2313 1167 2656 1225 commodum
2716 1173 3017 1234 reportent,
3070 1177 3171 1220 nec
3222 1162 3514 1230 desperent
3561 1162 3625 1214 de

2055 1262 2432 1326 conversione,
2459 1259 2562 1329 piis
2582 1257 2871 1327 quemdam
2903 1253 3149 1309 moribus
3182 1252 3473 1316 medicum,
3507 1251 3623 1320 ipsa

2059 1363 2217 1412 nocte
2261 1369 2365 1423 qua
2416 1352 2561 1407 latro
2604 1350 2880 1413 decessit,
2921 1347 2975 1401 in
3006 1346 3214 1401 somnis
3261 1345 3446 1403 videre
3496 1344 3626 1398 facit

2059 1446 2336 1501 venientes
2371 1443 2437 1499 ad
2467 1458 2590 1500 eum
2630 1441 2936 1507 Ethiopes,
2969 1453 3033 1492 ac
3080 1436 3302 1500 chartis,
3333 1450 3469 1506 quas
3491 1436 3626 1490 seri-

2058 1550 2175 1611 ptas
2199 1538 2528 1601 inferebant,
2563 1536 2680 1605 ejus
2705 1533 2909 1588 scelera
2934 1531 3115 1585 omnia
3149 1537 3505 1585 ostentantes.
3532 1526 3626 1579 Vi-

388 1621 651 1691 λεύτησεν
678 1661 694 1686 ,
731 1621 996 1683 Αἰθίοπας
1044 1620 1298 1685 ἐλθόντας
1347 1622 1485 1692 πρὸς
1514 1622 1699 1687 αὐτὸν,
1738 1623 1833 1676 καὶ
1876 1618 1957 1685 οἷς

2062 1631 2217 1687 debat
2248 1640 2464 1699 quoque
2507 1627 2700 1681 borum
2735 1631 3009 1695 spectator
3042 1637 3139 1691 per
3166 1620 3459 1682 somnium,
3494 1620 3628 1672 duos

390 1712 723 1783 ἐπεφέροντο
757 1711 988 1781 χάρταις
1025 1712 1346 1781 ἐγγράφοις,
1402 1713 1470 1765 τὰ
1515 1711 1663 1784 αὐτῷ
1702 1715 1957 1784 ἡμαρτη-

2062 1721 2321 1790 quosdam
2368 1718 2519 1772 viros
2543 1716 2779 1779 lucidos,
2813 1714 3003 1782 eisque
3037 1709 3295 1782 praefatos
3342 1710 3628 1781 Etitiopcs

395 1803 531 1872 μένα
561 1802 740 1856 πάντα
787 1801 1248 1877 ἑπιδεικνύοντας.
1311 1803 1512 1857 Ἑδίδου
1547 1805 1604 1857 δὲ
1656 1804 1733 1874 τῷ
1783 1805 1957 1858 ταῦτα

2062 1776 2238 1863 illatas
2302 1806 2644 1876 proferentes
2706 1804 2931 1858 chartas
2973 1816 3036 1856 ac
3087 1776 3628 1865 contendentem—nt

392 1895 685 1966 θεωροῦντι
713 1893 775 1948 τὸ
810 1894 964 1965 ὄναρ,
993 1895 1085 1949 καὶ
1118 1895 1385 1959 δύοτινὰς
1415 1897 1728 1964 φωτοειδείς
1757 1897 1959 1968 ἄνδρας

390 1988 545 2059 ὁρᾷν,
589 1987 725 2059 πρὸς
776 1986 870 2050 οὓς
901 1987 996 2040 καὶ
1039 1987 1169 2050 τοὺς
1204 1987 1469 2051 Αἰθίοπας
1517 1988 1793 2051 ἐκείνους,
1833 1990 1960 2051 τοὺς

391 2076 824 2146 ἐπιφερομένους
854 2076 1062 2145 χάρτας
1091 2075 1496 2142 ἐπιδεικνύναι,
1534 2079 1630 2130 καὶ
1670 2077 1958 2146 βούλεσθαι

394 2167 515 2238 μεθ’
551 2168 759 2221 ἑαυτῶν
788 2166 1090 2235 λαμϐάνειν
1117 2166 1210 2219 τὸν
1247 2166 1450 2237 λῃστήν
1471 2185 1485 2197 ·
1519 2169 1646 2230 τοὺς
1677 2169 1730 2222 δὲ
1764 2185 1959 2236 φωτει-

392 2256 516 2333 νσὺς
562 2255 761 2325 ἄνδρας
805 2255 913 2308 τῶν
944 2254 1120 2308 ἄλλων
1170 2255 1510 2327 ἀποροῦντας
1536 2298 1551 2322 ,
1604 2257 1791 2326 ζητεῖν
1838 2252 1957 2328 ἑνῇ

393 2350 680 2402 κατέκειτο
716 2347 895 2418 κλίνῃ,
931 2347 985 2398 εί
1009 2345 1359 2417 πωςίεῦρωσί
1390 2365 1442 2401 τι
1470 2349 1565 2415 καὶ
1594 2349 1750 2403 αὐτοὶ
1773 2390 1787 2413 ,
1823 2351 1959 2419 πρὶς

392 2439 492 2509 τὴν
520 2438 627 2492 τῶν
661 2437 934 2492 Αἰθιόπων
985 2439 1338 2509 ἀποτροπήν·
1379 2440 1429 2492 οἶ
1465 2441 1559 2493 καὶ
1598 2441 1850 2510 εὑρόντες
1896 2443 1958 2494 τὸ

391 2530 490 2598 τῆς
535 2528 780 2599 κεφαλῆς
808 2527 903 2581 τοῦ
950 2528 1149 2600 λῃστοῦ
1184 2529 1582 2601 περικάλυμμα
1617 2532 1827 2602 πλῆρες
1877 2532 1956 2584 ἔτι

391 2619 642 2690 δακρύων
686 2612 760 2673 ὧν
795 2619 979 2690 ἐξέχεε
1007 2620 1290 2690 μετανοῶν
1317 2623 1375 2675 ἑν
1426 2621 1503 2691 τῷ
1542 2622 1755 2692 μέλλειν
1794 2623 1960 2676 αὑτὸν

392 2710 672 2777 τελευτᾷν,
726 2710 886 2763 τοῦτο
931 2712 1027 2763 καὶ
1066 2711 1164 2781 τὴν
1206 2710 1626 2781 φιλανθρωπίαν
1666 2712 1773 2779 ,τοῦ
1822 2714 1957 2767 Θεοῦ

396 2799 651 2869 βαλόντες
687 2800 767 2862 είς
793 2794 890 2869 τὴν
933 2800 1063 2869 μίαν
1098 2799 1412 2869 πλάστιγγα
1456 2802 1555 2870 τῆς
1581 2803 1885 2877 τρυτάνης,
1924 2806 1955 2875 ἢ

395 2890 489 2942 καὶ
521 2890 608 2942 διὰ
633 2890 692 2943 τὸ
731 2890 900 2962 μηδὲν
930 2889 1074 2959 ἔχειν
1098 2892 1179 2951 είς
1201 2891 1261 2943 τὸ
1286 2892 1834 2963 ἀντισταθμίζεσθαι,
1862 2898 1961 2950 καὶ

391 2984 505 3044 τοῖς
548 2982 855 3050 τιθεμένοις
902 2982 1256 3051 βαρύνεσθαι,
1310 2986 1396 3052 ἐφ’
1443 2984 1612 3052 ὕψους
1659 2987 1823 3058 ⁴ᾔρετο
1867 2990 1958 3041 καὶ

2061 1900 2326 1953 latronem
2377 1910 2561 1952 secum
2611 1895 2925 1962 abriperent
2959 1912 2974 1947 :
3008 1890 3131 1947 illos
3168 1905 3297 1944 vero
3345 1892 3513 1956 viros,
3548 1892 3629 1944 in-

2059 2004 2241 2059 quam,
2264 1988 2383 2043 luce
2402 1986 2737 2058 splendidos,
2758 1999 2880 2040 cum
2906 1982 3011 2037 alia
3031 1984 3303 2044 deessent,
3326 1994 3631 2049 quaerentes

2061 2080 2114 2130 in
2163 2076 2327 2140 lecto,
2375 2090 2483 2146 quo
2515 2076 2563 2130 is
2589 2074 3092 2144 jacebat,'uum_et
3139 2072 3244 2141 ipsi
3293 2073 3499 2142 aliquid
3549 2072 3632 2126 l‘u-

2060 2169 2247 2237 gandae
2279 2170 2450 2223 turbae
2478 2168 2555 2224 illi
2575 2166 2889 2235 Ethiopnm
2911 2164 3155 2219 inrenire
3183 2172 3446 2232 possent:
3478 2179 3632 2219 cum-

2060 2272 2163 2327 que
2196 2259 2228 2312 ii
2258 2258 2486 2312 latronis
2518 2257 2647 2312 illud
2681 2255 2873 2325 capitis
2896 2254 3123 2309 linteum
3149 2252 3405 2323 Iacrymis
3428 2256 3627 2319 adhuc,

2059 2366 2196 2419 quas
2234 2340 2598 2421 pmnitens‘iu
2635 2350 2825 2403 mortis
2863 2348 3146 2416 procinctu
3178 2345 3481 2412 cﬂ‘ndisset,
3510 2348 3627 2418 ple-

2060 2458 2187 2496 num
2221 2443 2582 2505 invenissent,
2616 2442 2668 2495 in
2699 2454 2861 2494 unam
2887 2447 3101 2495 staterae
3125 2438 3355 2503 lancem,
3386 2453 3448 2493 ac
3470 2440 3628 2493 simul

2063 2535 2153 2589 Dei
2184 2536 2458 2589 mittentes
2489 2533 2836 2588 clementiam
2862 2548 2877 2596 ;
2913 2546 3035 2601 quae
3061 2531 3280 2600 quidem
3315 2530 3461 2596 lanx,
3488 2533 3630 2600 quod

2062 2625 2194 2678 nihil
2246 2631 2396 2679 esset
2451 2623 2594 2693 quod
2638 2638 2708 2676 ex
2760 2622 2993 2677 adverso
3049 2622 3289 2690 pondere
3343 2632 3631 2692 gravaret,

2061 2717 2232 2770 altera
2262 2715 2421 2769 illatis
2447 2729 2543 2782 per
2570 2713 2857 2782 Ethiopes
2888 2713 3105 2782 scriptis
3142 2713 3327 2780 plena,
3356 2727 3419 2766 ac
3459 2714 3512 2767 in
3545 2730 3633 2767 so-

2062 2806 2166 2861 lum
2194 2807 2469 2874 depressa,
2502 2805 2553 2857 in
2585 2803 2818 2857 sublime
2847 2802 2984 2856 levis
3010 2803 3225 2857 sublata
3249 2810 3370 2858 erat
3397 2822 3410 2858 :
3440 2819 3637 2873 magna

2061 2896 2435 2951 exclamarunt
2487 2909 2618 2949 voce
2640 2912 2654 2948 :
2680 2912 2701 2945 ι
2739 2892 2921 2948 Vincit
2953 2892 3049 2950 Dei
3083 2894 3407 2959 clementia;
3440 2914 3460 2947 ι
3508 2910 3631 2950 mm

2061 2998 2239 3043 autem
2296 2985 2579 3055 Etltinpes
2620 2985 3104 3054 quidenrconlusi
3151 2988 3434 3051 abierunt;
3496 2986 3639 3040 lucis

392 3071 785 3140 ἀνεκουφίζετο
806 3089 819 3101 ο
854 3074 947 3125 καὶ
984 3075 1089 3144 γὰρ
1116 3074 1212 3144 τὴν
1252 3074 1444 3144 ἑτέραν
1476 3077 1525 3128 οἰ
1561 3078 1819 3139 Αἰθίοπες
1844 3084 1957 3143 τοῖς

2066 3095 2191 3134 vero
2234 3080 2431 3147 angeli,
2479 3086 2753 3147 acceptam
2817 3078 3043 3135 latronis
3076 3079 3311 3134 animam
3365 3082 3418 3133 in
3465 3082 3633 3134 casias

393 3161 694 3233 ἐγγράφοις
739 3158 887 3233 εἶχον
936 3165 1376 3236 πεπληρωμένην
1410 3168 1501 3220 καὶ
1544 3168 1954 3243 καθελκομένην

2060 3186 2240 3226 secum
2268 3168 2621 3239 collegerunt.

395 3259 474 3320 είς
503 3257 699 3327 ἔδαφος
723 3275 735 3289 ·
771 3278 789 3309 ι
839 3260 984 3329 Νικᾷ
1030 3261 1060 3329 ἡ
1096 3261 1475 3332 φιλανθρωπία
1509 3263 1604 3316 τοῦ
1636 3265 1793 3328 Θεοῦ,
1837 3286 1856 3318 ι
1893 3269 1950 3320 ἐν
1992 3267 2203 3339 μεγάλῃ
2228 3266 2381 3335 φωνῇ
2445 3263 2741 3333 ἐξεϐόησαν
2767 3281 2780 3295 ⁸
2815 3265 2906 3318 καὶ
2965 3265 3126 3329 εὐθὺς
3173 3267 3221 3319 οί
3256 3266 3356 3336 μὲν
3380 3266 3633 3329 Αἰθίοπες

396 3351 1235 3427 κατῃσχυμμὲνοινύπέστρεφονο
1261 3358 1311 3410 οἱ
1340 3357 1394 3411 δὲ
1412 3358 1506 3412 τοῦ
1539 3358 1712 3428 φωτὸς
1740 3359 1959 3432 ἄγγελοι
1998 3363 2256 3428 λαϐόντες
2319 3360 2418 3431 τὴν
2458 3358 2637 3430 ψυχὴν
2666 3360 2762 3413 τοῦ
2823 3360 3045 3433 λῃστοῦ,
3088 3364 3166 3424 εἰς
3200 3362 3465 3431 οὐρανοὺς
3514 3362 3633 3434 μείν

398 3444 605 3498 ἑαυτῶν
638 3461 700 3497 συ
708 3447 1031 3515 νανήγαγον.

466 3534 655 3588 Ταῦτα
705 3539 733 3589 ὁ
784 3537 1076 3607 εἰρημένος
1139 3536 1321 3610 ίατρδς
1380 3538 1513 3611 ὄναρ
1567 3542 1711 3606 ἰδὼν,
1763 3543 1966 3607 εὐθέως

397 3622 636 3685 ἀναστὰς
650 3622 724 3684 ὡς
754 3619 871 3694 εἶχε
899 3625 1100 3694 τάχους
1128 3625 1350 3696 ἔρχεται
1382 3630 1462 3691 εἰς
1493 3629 1554 3681 τὸ
1589 3636 1962 3702 νοσοκομεῖον·

399 3712 496 3764 καὶ
523 3714 900 3784 προσεγγίσας
930 3717 995 3785 τῇ
1045 3714 1200 3786 κλίνῃ
1248 3716 1345 3769 τοῦ
1395 3717 1630 3789 λῃστοῦ,
1665 3720 1829 3774 αὐτὸν
1866 3723 1964 3791 μὲν

398 3802 642 3873 εὑρίσκει
666 3804 764 3875 ἥδη
787 3804 1191 3859 ἑκπνεύσαντα·
1215 3807 1278 3859 τὸ
1304 3806 1361 3858 δὲ
1387 3810 1782 3880 περικάλυμμα
1812 3812 1963 3883 παρά

396 3895 497 3964 τὴν
522 3893 708 3965 κλίνην
739 3897 841 3967 ὁρᾷ
873 3896 1126 3966 κείμενον
1155 3896 1447 3969 διάϐροχον
1480 3900 1601 3953 ὅλον
1631 3904 1695 3954 ἐκ
1724 3902 1831 3955 τῶν
1866 3904 1960 3957 δα-

398 3984 584 4056 κρύων
610 4002 625 4018 ο
652 3989 749 4039 καὶ
787 3987 851 4057 δὴ
885 3988 1074 4058 μαθὼν
1115 3989 1263 4058 παρά
1298 3990 1408 4043 τῶν
1443 3991 1667 4061 πλησίον
1702 4011 1928 4053 κατακει
1950 4028 1962 4037 -

400 4075 581 4145 μένων
617 4076 858 4130 ἀσθενῶν
889 4075 981 4129 τοῦ
1011 4076 1243 4131 θανάτου
1269 4079 1360 4132 τὸν
1394 4080 1596 4151 τρόπον
1622 4125 1635 4149 ,
1672 4082 1773 4153 τὴν
1799 4084 1993 4153 μετάν

397 4184 551 4220 νοιαν
573 4207 589 4232 ,
624 4168 767 4221 αὐτὰ
796 4168 869 4222 τά
888 4169 1115 4240 ῥήματα
1140 4170 1175 4224 ἃ
1203 4171 1340 4243 πρὸς
1372 4172 1505 4226 Θεὸν
1530 4172 1961 4245 ἐξομολογούμε-

396 4274 488 4319 νος
513 4257 719 4324 ἐλεγεν,
762 4258 949 4313 ἄπεισι
980 4261 1115 4331 πρὸς
1150 4263 1243 4315 τὸν
1273 4263 1471 4334 εὐσεϐῆ
1506 4265 1602 4318 καὶ
1637 4267 1963 4321 πιστότατον

399 4347 645 4417 βασιλέα,
683 4349 822 4420 ἔχων
847 4352 939 4404 ἐπὶ
965 4355 1150 4423 χεῖρας
1184 4354 1245 4407 τὸ
1282 4355 1644 4424 περικλυσθὲν
1667 4359 1960 4427 κεφαλόδε-

2141 3537 2238 3595 Ubi
2277 3552 2436 3608 porro
2466 3536 2724 3607 prmisitns
2756 3530 3000 3591 medicus
3024 3535 3135 3591 iam
3161 3537 3211 3590 in
3244 3542 3448 3596 somnis
3468 3544 3635 3601 vidis-

2064 3645 2167 3698 sul,
2203 3647 2435 3703 surgens
2488 3631 2697 3693 statim,
2749 3644 2908 3698 quam
2939 3629 3046 3683 cito
3082 3631 3276 3697 potuit,
3309 3634 3375 3685 ad
3416 3637 3630 3689 domum

2063 3740 2183 3779 eam
2214 3725 2552 3778 iniit-morum
2580 3722 2729 3775 venit
2766 3736 2779 3772 :
2816 3721 3148 3789 propiusque
3184 3722 3248 3775 ad
3285 3722 3513 3780 latronis
3540 3742 3631 3781 ac-

2061 3816 2261 3871 cedens
2300 3812 2524 3876 lectum,
2570 3812 2744 3878 ipsum
2789 3810 3004 3878 quidem
3049 3810 3162 3880 jam
3188 3803 3433 3867 animam
3464 3815 3634 3869 exha—

2062 3906 2201 3958 lasse
2231 3886 2454 3956 invenit.
2488 3899 2644 3954 Videt
2689 3912 2817 3952 vero
2861 3897 2915 3952 in
2948 3897 3088 3954 lecto
3136 3901 3416 3957 sudarium
3464 3914 3630 3959 totum

2061 3989 2312 4061 lacrymis
2367 3987 2680 4050 madidum;
2742 4002 2974 4059 cumque
3006 4005 3034 4043 a
3072 3990 3229 4044 simul
3260 4008 3291 4047 e
3331 3996 3634 4065 prOpEnqnn

2062 4081 2510 4138 decumbentibus
2552 4076 2803 4146 inﬁrmis,
2862 4080 2982 4151 ejus
3029 4083 3221 4136 mortis
3281 4084 3637 4143 intellexisset

2063 4171 2305 4238 modum,
2342 4168 2851 4239 pmnitentiamque,
2888 4184 2951 4227 ac
2979 4170 3090 4240 ipsa
3131 4173 3293 4228 verba
3333 4190 3453 4245 quae
3498 4192 3633 4231 con-

2063 4262 2302 4319 fessione
2333 4262 2399 4316 ad
2442 4258 2608 4315 Deum
2645 4262 2957 4331 prolocutus
3004 4272 3168 4330 esset,
3203 4266 3313 4319 abit
3347 4268 3529 4322 statim
3567 4286 3631 4322 an

2069 4356 2462 4425 pientissimum
2507 4369 2574 4409 ac
2620 4354 3142 4411 Christianissimum
3207 4359 3630 4427 imperatorem,

399 4455 535 4508 σμον
570 4440 670 4510 τῆς
718 4443 1012 4511 μετανοίας
1042 4446 1155 4508 τοῖς
1197 4445 1430 4517 δάκρυσι
1458 4464 1472 4479 ο
1508 4450 1601 4502 καὶ
1650 4450 1960 4538 ἐπιδεικνὺς

2067 4447 2226 4499 udum
2263 4446 2497 4513 undique
2525 4444 2857 4514 poenitentiae
2888 4447 3145 4518 lacrytnis
3183 4448 3364 4505 ferens
3390 4452 3634 4507 manibus

394 4529 547 4599 αὐτῷ
571 4530 633 4582 τὸ
672 4533 1084 4603 ἐπιφερόμενον.
1116 4534 1209 4588 καὶ
1243 4536 1612 4608 διηγούμενος
1640 4540 1783 4611 ἅπερ
1825 4529 1965 4594 κατὰ

394 4621 522 4682 τοὺς
566 4619 769 4685 ὕπνους
813 4622 1080 4677 ἐθεάσατο
1106 4663 1120 4686 ,
1167 4626 1261 4679 καὶ
1297 4627 1444 4700 ειπερ
1488 4629 1681 4698 μαθεῖν
1715 4630 1958 4700 ἴσχυσεν,

405 4729 425 4761 ι
463 4710 915 4782 Εὑχαριστοῦμεν
940 4713 1016 4785 τῷ
1042 4715 1183 4785 Θεῷ,
1213 4715 1390 4784 λέγων
1419 4760 1431 4783 ,
1470 4719 1829 4775 εὖσεϐέστατε
1870 4720 1969 4793 βα-

403 4799 578 4864 σιλεῦ,
609 4800 689 4853 ὅτι
716 4802 1010 4866 ἀκούοντες
1039 4802 1240 4874 λῃστὴν
1265 4806 1509 4861 σωθέντα
1538 4809 1605 4862 δι’
1642 4810 1968 4884 ἐξομολογή-

404 4906 543 4954 σεως
578 4892 671 4945 ἐπὶ
709 4892 801 4946 τοῦ
825 4893 1060 4964 σταυροῦ
1091 4897 1242 4966 παρά
1264 4897 1359 4950 τοῦ
1386 4900 1642 4970 οὐρανίου
1678 4902 1965 4972 βασιλέως,

400 4978 498 5034 νῦν
527 4980 743 5053 εἴδομεν
766 4985 860 5036 ἐπὶ
901 4984 996 5037 σοῦ
1039 4986 1132 5039 τοῦ
1160 4989 1409 5055 ἐπιγείου
1448 4990 1734 5060 βασιλέως,
1767 4993 1968 5066 λῃστὴν

400 5071 588 5144 ἕτερον
618 5078 964 5148 σεσωσμένον
997 5078 1063 5131 δι’
1098 5079 1546 5152 ἑξομολογήσεως
1588 5083 1710 5153 ίσης
1750 5087 1842 5139 καὶ
1870 5104 1969 5155 με-

400 5164 641 5229 τανοίας.
682 5185 702 5217 ι

474 5342 662 5401 Ταῦτα
708 5348 784 5419 μὴ
827 5349 990 5419 μόνον
1033 5349 1323 5419 ἀκούωμεν
1371 5350 1559 5414 ἁπλῶς
1585 5388 1600 5415 ,
1650 5353 1968 5421 ἀγαπητοὶ,

402 5437 542 5493 ἀλλὰ
580 5439 675 5494 καλ⁵
716 5439 1065 5511 πιστεύωμεν
1116 5441 1293 5511 ἀληθῆ
1323 5438 1499 5495 εἶναι·
1550 5441 1752 5513 μᾶλλον
1794 5442 1850 5497 δὲ
1896 5444 1969 5513 μὴ

406 5528 570 5601 μόνον
630 5519 957 5603 ἀκούωμεν,
989 5533 1127 5588 ἀλλὰ
1170 5536 1264 5588 καὶ
1311 5534 1971 5606 πῳπαρασκευαζὼμεθα

406 5621 538 5691 πρὶν
568 5624 761 5694 ἑπιστῇ
791 5624 851 5677 τὸ
880 5625 1065 5687 τέλος,
1122 5627 1528 5696 προφθάνοντες
1575 5627 1633 5680 τὸ
1681 5627 1970 5698 πρόσωπον

402 5710 497 5762 τοῦ
531 5710 666 5765 Θεοῦ
696 5715 761 5766 δι’
801 5716 1135 5781 ἐπιστροφῆς
1162 5718 1254 5768 καὶ
1288 5716 1522 5782 ἀληθοῦς
1554 5720 1844 5784 μετανοίας
1868 5736 1879 5749 ⁸
1903 5718 1969 5766 δι’

2065 4538 2258 4608 capitis
2285 4537 2413 4592 illud
2442 4528 2719 4591 sudarium
2749 4555 2761 4591 :
2786 4546 3178 4608 ostentansque
3205 4540 3400 4619 ipsum,
3434 4557 3497 4596 ac
3514 4558 3636 4613 quae

2065 4628 2289 4681 vidisset
2319 4628 2373 4681 in
2406 4629 2630 4692 somnis,
2666 4642 2893 4697 quaeque
2929 4629 3140 4683 discere
3187 4630 3467 4698 potuisset,
3509 4648 3635 4687 nar-

2066 4734 2235 4775 rans:
2276 4738 2294 4770 ‹
2333 4719 2583 4784 Gratias,
2647 4719 2853 4789 inquit,
2918 4720 3254 4789 pientissime
3316 4721 3634 4792 imperator,

2066 4820 2289 4880 agamus
2336 4809 2478 4877 Deo,
2521 4812 2662 4880 quod
2707 4809 2970 4865 latronem
3021 4814 3321 4877 audientes,
3359 4830 3387 4867 a
3426 4815 3636 4870 caelesti

2068 4900 2215 4973 Rege
2259 4902 2312 4956 in
2347 4917 2508 4956 cruce
2541 4918 2636 4970 per
2673 4904 3069 4960 confessionem
3116 4915 3464 4959 consecutum
3498 4907 3640 4960 salu-

2070 5002 2213 5059 tem;
2238 4984 2402 5047 alium
2428 4984 2785 5050 nihilominus
2813 4995 3103 5062 latronem,
3125 5000 3230 5051 tuis
3254 4999 3412 5051 modo
3437 4998 3635 5052 terreni

2071 5084 2412 5154 imperatoris
2466 5088 2819 5156 temporibus,
2883 5089 3073 5159 aequali
3121 5088 3362 5144 exhibita
3418 5088 3635 5144 co‘nl‘es-

2070 5174 2221 5230 sione
2250 5192 2314 5231 ac
2341 5180 2678 5247 poenitentia,
2729 5179 2955 5234 salutem
2997 5179 3126 5232 item
3164 5180 3414 5248 adeptum
3451 5180 3631 5233 videas

2074 5278 2214 5317 mus.
2253 5283 2272 5316 D

2144 5353 2352 5409 Nedum
2405 5357 2542 5421 lucc,
2582 5357 2915 5418 cbarissimi,
2962 5356 3281 5424 simpliciter
3330 5362 3632 5430 audiamus,

2075 5459 2261 5499 verum
2319 5446 2480 5499 etiam
2530 5459 2657 5498 vera
2713 5458 2836 5499 esse
2885 5447 3204 5511 credamus;
3257 5448 3499 5515 quinimo
3546 5468 3641 5507 ue-

2075 5536 2201 5591 dnm
2234 5534 2533 5599 audiamus,
2592 5550 2781 5591 verum
2830 5539 2993 5591 ctiam
3045 5547 3275 5604 mature,
3327 5541 3641 5611 priusquam

2078 5627 2197 5682 linis
2254 5626 2435 5692 inslcl,
2496 5643 2881 5696 prteparetnur,
2957 5644 3397 5702 prmoccupaules
3447 5634 3641 5693 faciem

2078 5717 2287 5771 Domini
2331 5733 2425 5786 per
2462 5720 2865 5774 conversionem
2903 5735 2962 5776 ac
3005 5736 3185 5778 veram
3233 5728 3651 5784 nmttitentiam;
