3988 6142
336 355 472 420 1145

1290 353 1373 415 ΙΝ
1418 353 1650 415 ILLUD
1690 363 1704 401 ε
1748 350 2160 413 SECUNDUM
2200 350 2610 412 IMAGINEM.

3428 348 3562 414 1146

336 467 430 535 μὲν
462 461 579 516 ἔστι
606 460 790 532 γυμνὴ
823 462 856 532 ἡ
884 460 1051 531 ψυχὴ,
1079 459 1178 531 τῆς
1206 462 1421 532 γυμνῆς
1448 461 1698 530 θεότητος
1726 477 1739 491 ο
1773 460 1894 513 καθ’

2007 461 2122 513 ride
2179 462 2531 529 praetignrans
2585 477 2599 512 :
2650 455 2829 511 forsan
2881 464 3057 510 autem
3113 458 3290 512 anima
3338 464 3560 514 seorsim

331 556 591 627 ὁμοίωσιν
619 554 677 607 δι
711 554 810 624 τῆς
834 553 930 606 τοῦ
968 553 1142 621 Λόγου
1170 552 1501 623 σαρκώσεως
1563 551 1626 605 τὸ
1649 551 1901 603 σύνθετον

334 646 490 717 ήμῶν
524 647 625 715 τῆς
652 643 833 714 ψυχῆς
864 645 957 698 καὶ
984 643 1079 698 τοῦ
1109 643 1384 714 σώματος.
1407 643 1628 699 Μᾶλλον
1652 643 1711 697 δὲ
1735 642 1900 697 πάλιν

334 739 422 792 ἐπ’
445 738 615 807 αὐτὴν
642 736 735 790 τοῦ
759 737 918 806 λόγου
961 737 1059 807 τὴν
1087 736 1259 808 ἀρχὴν
1286 736 1694 809 ἁναδράμωμεν
1716 751 1731 764 ο
1756 736 1900 806 tate?-

336 826 427 879 θεν
460 825 652 894 ὥσπερ
687 824 750 879 ἐκ
792 842 938 887 τινος
981 826 1162 895 πηγῆς
1198 824 1417 895 πρῶτον
1449 823 1739 893 ζητοῦντες
1762 863 1778 887 ,
1818 822 1899 886 τὸ,

335 919 387 971 τί
430 918 628 988 δήποτε
680 918 756 987 μὴ
794 917 919 970 καθ’
946 918 1241 986 ὁμοιότητα
1266 916 1373 969 τῶν
1416 915 1620 968 λοιπῶν
1644 913 1900 982 λογικῶν,

336 1008 504 1078 ἧγουν
530 1005 641 1059 τῶν
665 1005 933 1073 ἀγγέλων,
968 1005 1001 1073 ἦ
1037 1005 1200 1058 πάλιν
1236 1006 1356 1058 κατ’
1390 1003 1616 1073 ἰσότητα
1650 1001 1760 1056 τῶν
1801 1004 1903 1072 Ep.-

334 1097 520 1167 ψύχων
571 1095 725 1160 ζώων
776 1096 1153 1166 ὁμοιοτρόπως
1203 1095 1302 1158 τὰς
1341 1094 1758 1166 προπατορικὰς
1807 1093 1902 1150 καὶ

337 1186 642 1257 κορυφαίας
685 1186 846 1255 ἡμῶν
896 1186 925 1238 ὁ
975 1186 1107 1248 Θεὸς
1154 1186 1518 1249 ὑποστάσεις,
1569 1183 1663 1254 τοῦ
1709 1184 1900 1252 Ἀδὰμ,

338 1277 511 1345 λέγω,
535 1277 752 1346 καὶτῆς
781 1275 948 1341 Εὔας,
991 1276 1085 1330 καί
1117 1275 1214 1329 τοῦ
1246 1275 1601 1346 προελθόντος
1634 1274 1694 1338 ἐξ
1722 1274 1903 1327 αὐτῶν

338 1367 488 1430 υἱοῦ,
531 1367 869 1437 πεποίηκενο
930 1366 1076 1422 ἀλλὰ
1112 1366 1202 1420 τὸν
1236 1366 1334 1437 μὲν
1395 1366 1567 1435 Ἀδὰμ
1639 1363 1904 1426 ἀναιτίως

338 1460 429 1515 καί
483 1458 796 1529 ἁγεννήτως
834 1457 1112 1529 ὑπέστησε
1138 1474 1153 1489 ·
1186 1457 1281 1509 τὸν
1325 1456 1384 1510 δὲ
1429 1456 1682 1527 δεύτερον
1736 1453 1903 1508 αὑτοῦ

337 1551 659 1622 ἄνθρωπον,
690 1555 785 1606 τὺν
823 1554 962 1619 υἱὸν,
1005 1552 1269 1623 γεννητόν
1290 1567 1303 1581 ·
1334 1552 1436 1623 τὴν
1474 1552 1533 1605 δὲ
1568 1550 1710 1604 Εὕαν
1730 1591 1745 1613 ,
1778 1549 1905 1604 οὔτε

337 1641 632 1710 γεννητῶς,
661 1641 787 1696 οὔτε
814 1643 976 1696 πάλιν
1017 1643 1308 1705 ἀναιτίως,
1348 1641 1486 1695 ἀλλὰ
1521 1639 1748 1710 ληπτῶς
1780 1640 1905 1710 ἦτοι

335 1732 719 1804 ἑκπορευτῶς,
769 1734 835 1787 ἑκ
890 1736 991 1805 τῆς
1040 1734 1231 1797 οὐσίας
1273 1732 1370 1786 τοῦ
1419 1732 1671 1786 ἁναιτίου
1729 1731 1904 1800 ’Δδὰμ

337 1823 661 1888 ἐξελθοῦσαν
702 1825 961 1895 ἀρρήτως
993 1823 1259 1876 ούσίωσεν
1282 1838 1297 1853 ·
1339 1824 1435 1876 καὶ
1479 1824 1674 1893 μήπως
1698 1822 1809 1893 ἄρα
1843 1822 1901 1874 αἰ

335 1916 483 1986 τρεῖς
543 1910 702 1969 αὗται
751 1915 859 1967 τῶν
906 1916 1189 1985 προγόνων
1245 1912 1478 1981 κεφαλαί
1504 1952 1520 1976 ,
1566 1913 1749 1980 πάσης
1801 1912 1902 1981 τῆς

337 2004 759 2075 ἀνθρωπότητος
801 2004 1078 2075 ὀμοούσιοι
1134 2005 1496 2070 ὑποστάσεις,
1539 2003 1660 2058 κατ’
1713 2004 1902 2057 εἰκόνα

335 2096 487 2160 τινὰ,
508 2096 583 2159 ὡς
619 2097 718 2152 καὶ
756 2096 1005 2167 Μεθοδίῳ
1035 2098 1213 2161 δοκεῖ,
1246 2094 1493 2158 τυπικῶς
1533 2096 1902 2164 γεγόνασιτῆς

338 2188 501 2257 ἁγίας
532 2189 628 2241 καὶ
656 2190 943 2259 ὁμοουσίου
978 2190 1209 2262 Τριάδος
1234 2207 1248 2220 ·
1268 2189 1363 2242 τοῦ
1402 2188 1502 2259 μὲν
1532 2189 1779 2242 ἁναιτίου
1808 2189 1904 2242 καὶ

337 2280 639 2350 ἀγεννήτου
690 2281 885 2350 Ἂδὰμ,
928 2280 1101 2335 τύπον
1147 2283 1240 2334 καὶ
1279 2281 1464 2333 εἰκόνα
1498 2279 1715 2350 ἔχοντος
1743 2320 1758 2344 ,
1807 2277 1902 2332 τοῦ

338 2370 583 2423 ἁναιτίου
636 2371 730 2423 καὶ
779 2372 999 2425 πάντων
1045 2372 1220 2424 αἰτίου
1273 2370 1718 2442 παντοκράτορος
1765 2368 1902 2422 Θεοῦ

339 2461 434 2514 καὶ
468 2461 711 2532 Πατρόςο
750 2448 845 2515 τοῦ
899 2462 957 2516 δὲ
1006 2460 1271 2530 γεννητοῦ
1309 2460 1474 2515 αὐτοῦ
1529 2461 1672 2525 υἰοῦ,
1720 2461 1904 2514 εἰκόνα

340 2549 835 2620 προδιαγράφοντος
867 2551 961 2604 τοῦ
983 2550 1245 2622 γεννητοῦ
1278 2550 1410 2605 Υἰοῦ
1446 2551 1540 2606 καί⁵
1571 2551 1750 2618 Λόγου
1799 2550 1900 2604 τοῦ

341 2640 508 2695 Θεοῦ’
553 2641 652 2711 τῆς
685 2641 742 2694 δὲ
776 2641 1121 2712 ὲκπορευτῆς
1154 2640 1299 2705 Εῦας
1320 2681 1335 2705 ,
1386 2641 1764 2713 σημαινούσης
1804 2644 1905 2713 τὴν

340 2731 437 2785 τοῦ
482 2733 638 2800 ἁγίου
681 2732 998 2803 Πνεύματος
1050 2733 1395 2802 ὲκπορευτὴν
1439 2733 1762 2786 ὑπόστασιν.
1813 2733 1907 2787 Διὸ

341 2822 462 2876 οὐδὲ
501 2823 834 2893 ἐνεφύσησεν
876 2824 1013 2895 αὐτῇ
1060 2823 1090 2875 ό
1128 2823 1261 2887 Θεὸς
1291 2824 1459 2895 πνοὴν
1494 2823 1670 2893 ζωῆς,
1709 2824 1797 2878 διὰ
1844 2823 1908 2879 τὸ

341 2912 510 2967 τύπον
543 2914 717 2984 αὐτὴν
747 2911 887 2968 εἶναι
928 2914 1030 2985 τῆς
1061 2914 1156 2968 τοῦ
1198 2914 1354 2982 ἁγίου
1384 2914 1703 2986 Πνεύματος
1735 2916 1906 2987 πνοῆς

342 3006 440 3069 καὶ
497 3006 683 3077 ζωῆς·
745 3009 841 3062 καὶ⁵
877 3007 967 3061 διὰ
1026 3008 1088 3060 τὸ
1143 3008 1362 3078 μέλλειν
1411 3009 1582 3081 αὐτὴν
1627 3010 1699 3062 δι’
1745 3011 1905 3080 ἁγίου

341 3097 662 3169 Πνεύματος
698 3086 956 3164 δέξασθαι
987 3099 1119 3153 Θεὸν
1140 3141 1153 3167 ,
1188 3101 1280 3154 τὸν
1322 3101 1489 3165 ὅντως
1523 3101 1654 3156 ὄντα
1684 3103 1904 3157 πάντων

343 3189 513 3261 πνοὴν
541 3192 635 3243 καί
664 3191 831 3261 ζωήν.
871 3191 1034 3244 Ὄθεν
1066 3193 1161 3244 καὶ
1203 3191 1353 3245 ἔστιν
1397 3192 1602 3247 ἰδέσθαι
1636 3194 1733 3247 καὶ
1772 3193 1906 3249 θαυ-

345 3277 539 3347 μάσαι,
570 3280 652 3333 ὅτι
685 3282 713 3333 ὁ
741 3280 841 3349 μὲν
866 3280 1163 3350 ἁγέννητος
1205 3280 1379 3350 Ἀδὰμ
1423 3281 1583 3336 ἄλλον
1611 3284 1909 3354 ἀγέννητον

343 3368 376 3438 ἢ
410 3369 648 3424 ἀναίτιον
677 3372 735 3423 ὲν
766 3370 1076 3441 ἀνθρώποις
1108 3372 1208 3423 ούκ
1250 3372 1411 3443 ἔσχεν
1440 3373 1626 3443 ὅμοιον
1654 3391 1668 3405 ·
1717 3374 1908 3446 ὥσπερ

342 3460 464 3513 οὐδὲ
499 3462 534 3530 ἡ
568 3460 879 3533 ὲκπορευτὴ
915 3460 1061 3514 Εῦαο
1122 3461 1198 3526 ὼς
1231 3463 1392 3517 τύποι
1446 3463 1671 3535 ἀληθεῖς
1730 3468 1908 3537 ὑπάρ-

324 3567 533 3621 χοντες
571 3551 665 3605 τοῦ
694 3553 992 3622 ἁγεννήτου
1027 3554 1264 3623 Πατρὸς,
1305 3556 1399 3607 καὶ
1426 3554 1520 3608 τοῦ
1551 3557 1708 3624 ἁγίου
1734 3558 1908 3611 Ilvati-

347 3659 515 3713 ματος
536 3658 547 3672 ’
576 3644 603 3695 ό
629 3644 686 3696 δὲ
719 3646 977 3714 γεννητὸς
1014 3645 1141 3709 Tib;
1176 3646 1385 3709 πάντας
1414 3647 1754 3718 ἀνθρώπους,
1781 3666 1908 3716 γεν-

344 3734 542 3803 νητοὺς
574 3735 721 3797 υἰοὺς
753 3734 935 3799 ὂντας,
965 3735 1230 3805 ἀδελφοὺς
1260 3738 1462 3807 ὁμοίως
1495 3737 1653 3809 ἔσχεν
1682 3738 1761 3801 ὡς
1788 3739 1909 3792 κατ’

344 3825 531 3878 εἰκόνα
562 3828 656 3879 καὶ
686 3827 947 3896 ὁμοίωσιν
974 3828 1211 3897 τυπικὴν
1246 3829 1509 3899 ὑπάρχων
1538 3830 1779 3901 Χριστοῦ
1814 3830 1907 3884 τοῦ

344 3917 606 3987 γεννητοῦ
638 3916 768 3969 Υἰοῦ
788 3959 803 3979 ,
838 3917 897 3981 ὃς
935 3918 1160 3985 ἐγένετο
1192 3919 1479 3990 ἄνθρωπος
1501 3961 1516 3987 ,
1560 3922 1909 3991 πρωτότοκος

342 4009 474 4062 ἄνευ
516 4011 723 4078 σπορᾶς
757 4010 815 4063 ὲν
846 4008 1066 4074 πολλοῖς
1093 4010 1362 4079 ἀδελφοῖς.
1399 4013 1464 4066 Εἰ
1509 4012 1566 4066 δὲ
1609 4012 1684 4083 μὴ
1732 4011 1908 4077 οὕτω,

346 4101 446 4152 καὶ
481 4100 624 4153 κατὰ
655 4101 816 4155 τοῦτο
845 4101 907 4154 τὸ
949 4090 1073 4155 κάτ’
1108 4104 1296 4156 εἰκόνα
1324 4102 1522 4171 ταῦτα,
1561 4104 1615 4157 τί
1667 4104 1729 4175 δή
1780 4121 1910 4158 ποτε

348 4190 427 4262 μὴ
455 4193 740 4258 τέσσαρες,
772 4193 866 4247 δύο
889 4234 904 4259 ,
931 4193 963 4264 ἢ
997 4194 1241 4256 πλείονες
1268 4194 1593 4259 ὑποστάσεις
1630 4195 1738 4249 τῶν
1778 4213 1911 4269 προ-

346 4282 603 4351 πατόρων
620 4284 1374 4355 γεγόνασι,παρη).λαγμένας
1402 4284 1621 4356 ἔχουσαι
1650 4286 1746 4349 τὰς
1779 4287 1912 4339 ύπο-

345 4374 610 4437 στατικάς
639 4374 819 4429 αὐτῶν
855 4376 1162 4446 ἰδιότητας,
1214 4377 1358 4445 λέγω
1404 4378 1470 4448 δὴ
1519 4376 1580 4430 τὸ
1617 4377 1913 4447 ἀγέννητον

2002 559 2214 619 sumpta
2263 560 2344 603 est
2392 551 2460 605 ad
2501 548 2793 616 imaginem
2827 562 2988 600 merae
3015 547 3357 613 Divinitatis,
3395 561 3562 604 totum

2003 655 2131 695 vero
2185 656 2254 694 ex
2300 641 2485 694 anima
2532 647 2718 693 nostra
2769 648 2825 693 et
2864 654 3092 709 corpore
3124 644 3456 701 coalescens.
3499 644 3565 697 ad

2002 728 2402 783 similitudinem
2434 727 2592 782 Verbi
2618 729 2781 782 divini
2811 729 3219 784 incarnationis.
3257 731 3360 784 Sed
3391 733 3569 800 potius

2003 821 2068 872 ad
2119 820 2385 874 sermonis
2435 820 2758 887 principium
2811 828 3184 885 revertamur,
3236 822 3380 884 inde,
3413 826 3567 892 quasi

2004 925 2068 961 ex
2100 907 2250 961 fonte
2276 909 2530 975 quodam,
2561 912 2793 973 primum
2820 908 3153 975 intptirentes
3178 925 3344 977 quare
3373 927 3476 964 non
3502 914 3569 965 ad

2004 999 2412 1052 similitudinem
2447 1010 2762 1053 czcterorutn
2792 1000 3153 1067 spiritualium
3186 1003 3420 1066 entinm,
3475 1019 3568 1057 seu

2005 1090 2352 1159 angelorum,
2406 1091 2486 1143 vel
2518 1092 2679 1143 etiam
2735 1094 2801 1143 ad
2857 1093 3409 1146 instar‘animalinnt
3459 1097 3571 1163 pri-

2006 1180 2205 1233 marias
2254 1181 2517 1248 majorum
2561 1191 2869 1237 ,Iostrornm
2926 1199 3185 1251 personas
3247 1189 3383 1241 hens
3439 1186 3574 1239 fece-

2006 1269 2111 1334 rit,
2158 1270 2349 1324 Adami
2417 1272 2537 1325 dico
2601 1271 2849 1339 Evmqne,
2903 1285 2954 1327 et
3007 1277 3099 1327 lilii
3149 1291 3214 1329 ex
3269 1279 3396 1343 ipsis
3446 1280 3570 1341 orti,

2005 1360 2100 1414 sed
2138 1361 2405 1414 Adamum
2438 1362 2657 1431 quidem
2703 1366 2911 1431 absque
2939 1377 3163 1433 parente
3194 1378 3245 1420 et
3277 1369 3571 1438 ingenitum

2006 1450 2334 1515 condiderit,
2367 1452 2659 1505 secundum
2689 1463 2867 1507 amem
2895 1456 2964 1510 ab
2984 1471 3049 1510 eo
3074 1458 3365 1525 lionﬁnem,
3393 1460 3444 1513 id
3470 1472 3572 1523 est,

2005 1542 2123 1610 ejus
2154 1540 2321 1595 (ilium
2357 1544 2617 1610 genitum,
2653 1543 2819 1597 Evam
2846 1561 2974 1600 vero
3008 1563 3184 1617 neque
3207 1553 3442 1619 genitam
3476 1569 3567 1606 nc-

2006 1647 2109 1701 qne
2141 1634 2453 1702 ingenitam,
2490 1635 2583 1688 sed
2615 1635 2971 1704 desumptive,
3007 1638 3122 1693 sive
3153 1656 3249 1708 per
3274 1644 3575 1709 processio-

2010 1723 2092 1777 nis
2142 1724 2399 1787 modum,
2467 1741 2553 1778 ex.
2586 1726 2750 1793 ipsius
2804 1726 3025 1796 iugeniti
3074 1731 3265 1785 Adatni
3319 1732 3573 1787 substan-

1930 1800 1975 1859 Β
2007 1816 2076 1869 lia
2118 1829 2392 1883 egressam
2446 1815 2791 1872 ineﬂ'abiliter
2838 1819 3088 1885 ﬁnxerit;
3147 1823 3270 1875 item
3305 1825 3575 1891 quomodo

2004 1903 2108 1957 illae
2161 1913 2269 1959 tres
2326 1915 2605 1973 parentum
2656 1917 2961 1961 nostrorum
3011 1924 3274 1977 personat,
3312 1913 3576 1968 universae

2005 1996 2329 2055 humanitati
2385 1999 2913 2065 consubstantiales,
2973 2001 3150 2069 typice
3185 2003 3251 2057 ad
3285 2004 3572 2072 imaginem

2003 2101 2203 2143 sancta:
2254 2099 2309 2144 et
2353 2090 2836 2146 consubstantialis
2878 2092 3202 2160 Trinitatis,
3264 2104 3321 2148 ut
3355 2097 3573 2150 Metho-

2005 2181 2095 2233 dio
2122 2180 2329 2248 placet,
2377 2181 2486 2234 sint
2511 2180 2753 2247 eﬂectm,
2799 2183 3007 2236 Adamn
3036 2183 3302 2252 siquidem
3336 2195 3393 2237 nt
3422 2186 3573 2254 inge-

2007 2273 2144 2336 nito,
2178 2273 2401 2340 ingeniti
2433 2283 2487 2327 et
2517 2275 2891 2328 universorum
2919 2274 3186 2339 FactoI'is,
3209 2275 3383 2331 Patris
3406 2279 3577 2332 omni-

2006 2365 2262 2433 potentis,
2297 2374 2479 2436 typum
2519 2376 2574 2419 et
2608 2366 2892 2435 imaginem
2924 2368 3217 2429 ‘rcfernnt;
3257 2368 3367 2422 tilio
3396 2380 3572 2422 autem

2006 2454 2124 2523 ejus
2168 2456 2347 2525 genito
2374 2494 2389 2521 ,
2449 2456 2609 2510 Verbi
2650 2458 2845 2519 divini,
2886 2456 3001 2511 Filii
3039 2458 3234 2527 geniti,
3287 2460 3572 2529 imaginem

2007 2548 2421 2618 praeﬁgurante;
2475 2549 2798 2617 procedente
2823 2563 2949 2602 vero
2980 2550 3107 2612 Eva,
3142 2553 3315 2605 sancti
3344 2554 3576 2623 Spiritus

2008 2642 2386 2711 procedentem
2422 2656 2704 2710 personam
2739 2643 3112 2711 signiﬁcante,
3167 2645 3308 2699 unde
3339 2646 3573 2699 animam

2009 2732 2136 2786 vitae
2187 2731 2330 2786 Deus
2370 2732 2423 2785 in
2455 2745 2576 2785 eam
2612 2747 2716 2785 non
2750 2732 3070 2800 inspiravit,
3133 2741 3192 2787 ut
3236 2744 3391 2805 typus
3421 2736 3576 2791 ﬂeret

2009 2823 2184 2878 sancti
2238 2823 2474 2891 Spiritus
2529 2822 2621 2891 qui
2671 2822 2851 2876 anima
2898 2833 2951 2877 et
2999 2825 3106 2880 vita
3153 2834 3275 2890 est,
3338 2835 3394 2883 et
3447 2829 3572 2896 quia

2010 2928 2107 2983 per
2151 2912 2411 2983 Spiritum
2460 2925 2703 2969 sanctum
2753 2925 2897 2970 esset
2930 2916 3095 2971 Deum
3126 2928 3431 2987 receptura,
3459 2935 3578 2974 ont-

2012 3007 2160 3060 nium
2209 3021 2337 3061 vere
2389 3007 2622 3063 animam
2671 3014 2725 3061 ct
2769 3008 2955 3063 vitam.
3017 3009 3094 3064 Ex
3131 3026 3235 3080 quo
3286 3012 3462 3065 videre
3492 3022 3578 3067 est

2012 3108 2064 3151 et
2092 3098 2278 3151 mirari
2313 3099 2457 3167 quod
2490 3099 2763 3167 ingenitus
2789 3099 3028 3154 Adamns
3061 3101 3261 3156 nullum
3294 3102 3435 3157 inter
3458 3118 3578 3157 om-

2010 3203 2106 3244 nes
2134 3190 2379 3245 homines
2409 3190 2514 3246 sibi
2546 3190 2800 3258 similem,
2833 3206 2926 3246 seu
2955 3191 3270 3261 ingenitum,
3304 3193 3574 3257 habuerit,

2006 3297 2179 3351 neque
2207 3283 2502 3352 procedens
2536 3284 2665 3349 Eva,
2698 3299 2765 3339 eo
2795 3286 2937 3353 quod
2962 3295 3145 3339 essent
3175 3300 3299 3341 vere
3330 3289 3436 3357 typi
3468 3286 3574 3341 Pa-

2007 3373 2106 3426 tris
2136 3374 2358 3443 ingeniti
2384 3385 2437 3428 et
2460 3374 2699 3445 Spiritus
2739 3377 2937 3440 sancti,
2971 3376 3111 3431 ﬁlius
3163 3388 3338 3429 autem
3364 3378 3576 3446 genitus

2004 3476 2194 3515 Omnes
2229 3462 2477 3517 homines
2515 3464 2617 3518 sibi
2650 3466 2856 3519 similes
2879 3505 2894 3531 ,
2938 3476 2995 3518 ut
3034 3468 3241 3535 genitos
3264 3508 3277 3528 ,
3329 3468 3579 3523 habuerit

2006 3560 2060 3604 et
2100 3552 2328 3615 fratres,
2376 3555 2500 3620 quia
2542 3555 2608 3606 ad
2646 3555 2934 3622 imaginem
2967 3564 3020 3607 et
3049 3556 3453 3610 similitudinem
3489 3567 3573 3627 ty-

2010 3640 2183 3708 pieam
2212 3650 2332 3693 erat
2353 3641 2579 3706 Christi,
2608 3641 2727 3694 Filii
2753 3643 2941 3709 geniti,
2968 3645 3056 3710 qni
3087 3644 3247 3697 homo
3275 3646 3446 3698 factus
3469 3657 3573 3710 est,

2006 3731 2393 3799 pritnogenittts
2425 3731 2543 3786 sine
2576 3732 2781 3786 semine
2815 3733 2866 3786 in
2896 3734 3080 3787 multis
3106 3732 3385 3789 fratribus.
3421 3735 3574 3801 Quod

2007 3822 2052 3875 si
2086 3822 2157 3874 ita
2193 3836 2299 3875 non
2326 3831 2470 3876 esset
2494 3861 2510 3886 ,
2563 3837 2737 3891 neque
2775 3838 2838 3877 eo
2866 3839 3027 3877 scnsn
3061 3828 3127 3878 ad
3160 3826 3446 3894 imaginem
3477 3828 3572 3883 Dei

2010 3913 2134 3969 faeti
2162 3924 2341 3968 essent
2362 3923 2793 3983 protoparentes,
2812 3931 2908 3968 cur
2931 3931 3037 3970 non
3061 3928 3308 3986 quatuor,
3330 3930 3422 3971 aut
3444 3920 3571 3985 duo,

2007 4012 2099 4057 aut
2149 4003 2329 4072 plures
2372 4003 2590 4058 fuerunt
2635 4019 2915 4074 personae,
2992 4008 3304 4076 personales
3352 4011 3576 4078 singulae

2007 4103 2063 4149 et
2103 4094 2349 4149 diversas
2380 4093 2645 4150 habentes
2682 4097 3040 4166 preprietates
3063 4136 3078 4161 ,
3139 4098 3432 4166 ingenitum
3467 4101 3574 4153 sci-

2009 4183 2134 4236 licet
2166 4191 2221 4237 et
2248 4183 2491 4253 genitum
2519 4184 2614 4237 sed
2649 4187 2964 4253 procedens,
2988 4194 3040 4239 et
3070 4196 3176 4241 tres
3207 4189 3453 4243 tantum?
3487 4186 3577 4244 Sic

2003 4275 2061 4327 in
2095 4275 2198 4329 hoc
2232 4273 2298 4327 ad
2333 4275 2620 4344 imaginem
2664 4283 2720 4329 et
2761 4276 3170 4332 similitudinem
3199 4279 3362 4333 habet
3393 4281 3446 4334 in
3478 4283 3576 4334 tri-

2011 4369 2111 4423 bus
2137 4366 2382 4436 personis
2414 4368 2646 4437 typicam
2676 4367 3018 4435 Trinitatem,
3054 4371 3105 4424 in
3138 4372 3365 4426 unitate.

341 4464 522 4517 καὶτὸ
552 4466 833 4534 γεννητὸν,
861 4465 1040 4519 καὶτὸ
1074 4466 1430 4537 ὲκπορευτὸν,
1470 4468 1606 4521 ἀλλὰ
1656 4470 1809 4538 τρεῖς
1873 4466 1967 4521 καὶ
2009 4461 2219 4533 μόναςς
2263 4458 2472 4512 Οὐκοῦν
2521 4458 2664 4529 ἔχεις
2700 4460 2763 4513 τδ
2810 4464 2927 4516 κατ’
2993 4464 3175 4517 εἰκόνα
3230 4463 3324 4517 καὶ
3380 4463 3578 4535 ὁμοίω-

255 4556 266 4563 ’
344 4570 453 4614 σιν,
484 4552 719 4623 τοπικὴν
759 4553 961 4623 Τριάδα
994 4555 1052 4606 ἐν
1087 4555 1275 4622 μονάδι
1304 4596 1319 4621 ,
1352 4556 1411 4609 ἐν
1433 4557 1613 4625 τρισὶν
1660 4555 2040 4609 ύποστάσεσιν.

429 4642 745 4694 ’Δκόλουθόν
771 4658 831 4693 σε
861 4641 1053 4711 μαθεῖν
1080 4643 1175 4696 καὶ
1208 4644 1409 4713 μονάδα
1437 4646 1496 4697 ὲν
1530 4644 1719 4715 Τριάδι
1746 4662 1759 4676 ·
1792 4645 1907 4708 πῶς

2084 4639 2344 4709 Sequitur
2371 4651 2429 4693 ut
2458 4640 2634 4695 discas
2660 4650 2712 4697 et
2739 4643 2997 4697 unitatem
3027 4643 3079 4697 in
3106 4643 3370 4701 Trinitate
3395 4664 3410 4702 :
3434 4650 3578 4718 quod

342 4733 405 4787 δὲ
455 4732 614 4786 τοῦτο
654 4733 836 4794 καλῶς
884 4731 1178 4800 διαγνῶναι
1209 4734 1449 4806 δυνήσῃ,
1491 4734 1723 4789 ἄκουσόν
1767 4752 1913 4795 τινος

342 4824 457 4878 τῶν
511 4826 690 4892 σοφῶν
753 4841 835 4879 σοι
894 4823 1308 4894 παραινοῦντος,
1364 4826 1459 4878 καὶ
1496 4826 1746 4893 λέγοντος
1773 4843 1784 4854 ·
1848 4826 1913 4879 Εἰ

346 4913 530 4984 βούλει
572 4914 772 4981 γνῶναι
811 4912 945 4966 Θεὸν
973 4955 987 4980 ,
1021 4912 1310 4984 προλαϐὼν
1366 4913 1535 4982 γνῶθι
1584 4916 1779 4968 σαυτὸν
1848 4917 1912 4968 ὲκ

342 5006 451 5075 τῆς
482 5005 683 5059 σαυτοῦ
703 5047 717 5072 ,
754 5007 911 5074 φησὶ,
943 5008 1311 5075 κατασκευῆς,
1342 4984 1533 5075 sica;-
1571 5007 1770 5061 σαυτοῦ
1795 5024 1917 5060 συν-

346 5100 585 5166 θέσεως,
639 5100 705 5153 ὲκ
750 5101 860 5153 τῶν
896 5100 1049 5164 ἐντὸς
1099 5098 1336 5153 ἑαυτοῦ·
1391 5100 1556 5154 εἴσιθι
1607 5100 1809 5163 ὑποδὺς
1858 5101 1916 5152 ἐν

347 5190 558 5261 σαυτῷ·
591 5192 881 5261 διάὸλεψον
910 5193 966 5243 ἐν
1009 5191 1258 5262 ἐσόπτρῳ
1292 5190 1399 5245 τινὶ
1431 5193 1489 5244 ἐν
1518 5194 1583 5262 τῇ
1614 5191 1757 5262 ψυχῇ
1787 5192 1916 5244 ἑαυ-

345 5282 483 5337 τοῦ·
536 5283 812 5354 διάκρινον
851 5285 949 5351 τὴν
998 5282 1202 5355 ταύτης
1254 5283 1622 5353 κατασκευὴν,
1670 5283 1764 5335 καὶ
1809 5281 1916 5352 ὄψῃ

349 5373 556 5427 σαυτὸν
587 5376 708 5425 κατ’
736 5374 920 5426 εἰκόνα
949 5374 1044 5425 καὶ
1079 5372 1339 5442 ὁμοίωσιν
1370 5372 1506 5426 Θεοῦ
1552 5373 1913 5441 τυγχάνοντα.

363 5462 675 5533 ’Δνώνυμός
718 5481 811 5517 σου
853 5466 963 5535 γὰρ
1011 5466 1107 5517 καὶ
1140 5464 1438 5531 ἄγνωστος,
1470 5464 1564 5517 καὶ
1608 5462 1790 5532 νοερὰ,
1822 5463 1919 5516 καὶ

346 5555 620 5619 ἀθάνατος
649 5558 749 5625 τῆς
777 5556 955 5626 ψυχῆς
979 5558 1011 5626 ἡ
1047 5557 1204 5609 οὐσία
1234 5557 1356 5609 κατ’
1390 5555 1573 5608 εἰκόνα
1602 5555 1698 5613 καὶ
1721 5556 1920 5625 ὁμοίω·

350 5664 439 5699 σιν
465 5647 702 5718 τυπικὴν
736 5647 830 5702 τοῦ
862 5649 1149 5718 άνωνύμου
1178 5650 1273 5701 καὶ
1305 5648 1644 5720 ἁγνωρίστου
1675 5648 1770 5701 καὶ
1796 5631 1923 5701 ἀθα-

349 5738 515 5799 νάτου
548 5739 682 5793 Θεοῦ
710 5740 1044 5808 καθέστηκεν
1063 5758 1074 5769 ·
1109 5740 1231 5794 οὔτε
1260 5740 1367 5810 γὰρ
1395 5740 1553 5805 Θεοῦ,
1588 5739 1710 5793 οὔτε
1741 5740 1919 5810 ψυχῆς

2019 4742 2077 4787 ιιι
2108 4734 2390 4802 perspicue
2418 4732 2683 4802 intelligas
2707 4773 2724 4799 ,
2779 4737 2900 4789 audi
2931 4736 3163 4805 aliquem
3191 4752 3223 4792 e
3245 4739 3578 4807 sapientibus

2021 4823 2113 4875 tibi
2144 4823 2410 4877 dicentem
2465 4836 2480 4875 :
2532 4822 2587 4877 Si
2623 4824 2703 4878 vis
2742 4825 2905 4879 Deum
2940 4843 3293 4897 cegnoscere,
3349 4832 3577 4900 teipsum

2019 4914 2166 4981 prius
2192 4927 2376 4979 nosce,
2406 4914 2508 4969 hoc
2533 4923 2619 4969 est
2650 4930 2716 4969 ex
2748 4924 2835 4969 tua
2859 4920 3112 4983 essentia,
3145 4935 3209 4973 ex
3241 4928 3328 4974 tua
3352 4916 3579 4992 compo-

2012 5005 2227 5072 sitione,
2267 5019 2334 5059 ex
2368 5005 2472 5061 tuis
2500 5006 2879 5073 interioribus;
2934 5009 2984 5062 in
3019 5013 3249 5077 teipsum
3279 5014 3575 5079 descende;

2013 5095 2067 5148 in
2128 5097 2366 5149 animam
2427 5107 2574 5152 tuam
2654 5099 2801 5153 velut
2868 5101 2924 5154 in
2981 5106 3246 5171 quoddam
3301 5106 3576 5171 Speculum

2013 5188 2198 5241 oculos
2226 5187 2365 5257 ﬁge;
2407 5190 2522 5259 ejus
2553 5189 2804 5245 discerne
2834 5192 3148 5254 essentiam,
3181 5202 3235 5245 et
3265 5200 3317 5245 te
3348 5197 3411 5246 ad
3443 5197 3578 5246 ima.

2014 5274 2190 5346 ginem
2217 5280 2695 5336 etsimilitudinem
2736 5283 2826 5334 Dei
2860 5293 3097 5336 creatum
3134 5284 3335 5336 videbis
3371 5303 3383 5338 :
3422 5286 3578 5336 innn.

2014 5368 2243 5437 minata,
2297 5372 2511 5441 ignota,
2560 5372 2861 5441 spiritualis
2910 5372 3336 5440 imntortalisque
3387 5377 3578 5429 animm

2014 5469 2117 5516 tum
2141 5464 2440 5517 substantia
2467 5473 2547 5518 est
2575 5464 2641 5516 ad
2672 5458 2959 5531 imaginem
2988 5473 3040 5516 et
3064 5464 3469 5517 similitudinem
3496 5478 3577 5537 ty-

2013 5557 2188 5627 picam
2214 5556 2558 5620 innominati,
2588 5554 3000 5623 inintelligibilis
3025 5566 3078 5609 et
3107 5556 3427 5612 immortalis
3453 5558 3577 5617 Dei:

2017 5663 2195 5714 neque
2226 5650 2370 5702 enim
2409 5648 2501 5703 Dei
2557 5662 2730 5716 neque
2768 5647 3066 5715 spiritualis
3100 5649 3294 5704 animm
3329 5660 3577 5704 naturam

2020 5740 2170 5794 novit
2215 5755 2448 5809 unquam
2506 5740 2665 5795 homo
2715 5740 2767 5795 in
2812 5741 2914 5797 hoc
2955 5739 3150 5797 sarculo
3179 5739 3414 5813 degens;
3461 5759 3581 5814 quas
