3988 6142
326 376 459 441 ῙῙ4Ἰ

1517 382 1578 442 S.
1619 380 2018 444 ANASTASII
2048 380 2370 444 SINAITIE

3432 386 3566 454 1H8

322 500 520 555 corpus
551 500 582 540 e
611 495 844 555 quatuor
867 486 1152 543 clementis
1178 496 1433 545 constans
1464 490 1704 546 viviﬁcat
1724 533 1741 558 ,
1783 489 1896 546 col-

2011 490 2220 560 ιογικῆς
2240 490 2432 544 οὐσίαν
2474 489 2617 559 ἔγνω
2640 490 2752 546 τῶν
2781 492 2839 546 ἐν
2865 490 3022 545 αίῶνί
3057 508 3140 555 τις
3187 499 3569 563 γεγενημένων

324 578 445 649 ligit
494 590 549 633 et
589 588 911 645 conservat,
985 581 1162 635 anima
1214 587 1300 636 est
1345 582 1413 635 ad
1464 582 1753 652 imaginem
1801 581 1897 635 Dei

2011 580 2097 635 Ξονθ
2108 582 2305 652 ρώπων
2325 600 2339 613 ·
2372 581 2634 646 ζωοποιὸς
2662 585 2758 637 καὶ
2781 583 3080 654 συστατικὴ
3112 583 3206 636 καὶ
3234 584 3571 657 προνοητικὴ

327 671 594 722 universa:
625 668 957 736 providentis
987 678 1252 724 creatura:
1284 670 1425 725 infra
1455 664 1512 726 et
1537 685 1698 739 supra
1728 688 1741 723 :
1767 684 1903 740 qua-

328 767 552 828 propter
583 759 858 813 nescimus
890 759 979 813 ubi
1013 758 1155 814 Deus
1183 762 1407 827 habitet,
1435 762 1527 816 sed
1554 770 1759 814 tantum
1784 774 1903 814 cre-

330 852 509 904 dimus
542 863 667 903 eum
698 850 752 903 iu
782 850 1035 904 omnibus
1059 866 1214 917 esse;
1268 852 1443 921 neque
1470 852 1673 920 pariter
1700 851 1901 906 scimus

330 943 420 995 uhi
454 942 661 995 habitet
692 942 870 995 anima
906 943 958 995 iu
984 956 1234 1012 corpore,
1287 943 1537 998 novimus
1566 951 1745 997 autem
1779 950 1900 994 tan-

332 1041 446 1087 tum
482 1048 599 1089 eauti
635 1033 690 1087 in
721 1048 785 1088 eo
809 1048 929 1087 esse
958 1043 1011 1087 et
1037 1048 1216 1101 agere.

1996 674 2029 741 ἡ
2086 672 2234 745 ψυχὴ
2283 674 2520 745 ὑπάρχει
2552 678 2655 746 τῆς
2707 675 3097 747 τετραστοίχου
3158 673 3254 728 τοῦ
3319 672 3574 743 σώματος

1997 764 2231 831 φύσεως,
2271 765 2392 819 κατ’
2421 766 2606 823 εἰκόνα
2633 766 2770 820 Θεοῦ
2799 765 2893 819 τοῦ
2927 765 3230 837 προνοητοῦ
3261 765 3444 834 πάσης
3474 763 3575 833 τῆς

1995 857 2407 928 τετραπεράτου
2459 858 2552 911 καὶ
2605 857 2707 928 τῆς
2755 857 2868 912 ἀνω
2907 860 3155 922 κτίσεως.
3203 857 3407 926 Διόπερ
3448 853 3576 907 οῦτε

1996 944 2089 998 τὸν
2126 946 2220 999 τοῦ
2247 946 2386 1000 Θεοῦ
2431 949 2599 1001 τόπον
2639 948 2768 1002 ἔνθα
2799 950 3066 1012 κατοικεῖ,
3108 946 3248 1001 ἀλλά
3283 946 3446 1017 μόνον
3484 962 3577 997 πι-

1922 1090 1927 1093 ,
2004 1037 2292 1109 στεύομεν,
2317 1039 2399 1093 ὅτι
2418 1041 2476 1093 ὲν
2500 1040 2662 1093 παντί
2689 1044 2859 1095 ἐστιν·
2887 1039 3011 1093 οὔτε
3037 1040 3145 1111 μὴν
3165 1039 3259 1093 τὸν
3288 1038 3455 1092 τόπον
3475 1036 3575 1105 τῆς

330 1124 511 1195 ψυχῆς
539 1124 763 1194 οἴδαμεν
799 1123 928 1177 ἔνθα
958 1126 1100 1177 οἰκεῖ
1134 1126 1192 1177 ὲν
1222 1125 1299 1194 τῷ
1335 1124 1548 1195 σώματι
1582 1140 1596 1155 ο
1629 1120 1766 1176 ἀλλά
1828 1121 1993 1191 μόνον
2054 1129 2420 1200 ἐπιστάμεθα,
2455 1133 2537 1185 ὅτι
2564 1134 2622 1186 έν
2645 1131 2724 1202 τῷ
2790 1132 3044 1204 παναγίῳ
3105 1129 3325 1202 σώματί
3347 1131 3580 1185 ἐστικαὶ

332 1219 569 1287 ἐνεργεῖ.

403 1312 591 1365 Altero
643 1310 806 1364 etiam
853 1312 1013 1365 modo
1067 1312 1244 1365 anima
1283 1321 1374 1366 tua
1413 1313 1587 1368 estad
1614 1315 1903 1385 imaginem

337 1400 465 1467 Dei,
500 1402 767 1471 siquidem
800 1402 1029 1457 diversm
1053 1412 1134 1457 est
1157 1411 1362 1456 naturae
1393 1417 1457 1455 ac
1482 1403 1659 1457 omnis
1688 1414 1906 1460 creatu-

336 1509 437 1560 ra;
496 1492 640 1562 quod
674 1507 804 1546 vero
838 1492 1141 1547 mirabilius
1172 1500 1286 1559 est,
1345 1507 1518 1561 neque
1548 1500 1722 1561 potest
1754 1510 1907 1554 mens

338 1585 573 1639 humana
605 1584 698 1637 Dei
727 1582 1421 1653 exsistentimjprobationes
1443 1591 1708 1652 evertere,
1734 1600 1907 1655 neque

302 1698 311 1713 ι
337 1675 509 1744 magis
537 1674 730 1729 anime:
756 1683 978 1740 nostrae,
1007 1689 1226 1744 quoquo
1254 1676 1413 1730 modo
1440 1678 1507 1730 ad
1530 1678 1902 1732 exsistentiam

2079 1312 2234 1382 Ἔχει
2284 1328 2377 1365 σου
2424 1312 2520 1366 καὶ
2556 1313 2748 1384 ἕτερον
2781 1314 2902 1368 κατ’
2938 1313 3124 1367 εἰκόνα
3157 1314 3294 1367 Θεοῦ
3324 1316 3357 1384 ἡ
3387 1315 3532 1386 ψυχή
3558 1332 3577 1350 ⁸

2002 1401 2145 1472 λέγω
2170 1402 2235 1474 δὴ
2260 1402 2321 1455 τὸ
2354 1402 2695 1473 έτεροούσιον
2728 1406 2896 1475 αὐτὴν
2933 1401 3074 1458 εἶναι
3127 1406 3312 1475 πάσης
3347 1406 3583 1474 κτιστῆς

2003 1493 2254 1562 φύσεωςο
2288 1495 2350 1547 τὸ
2389 1494 2447 1547 δὲ
2485 1496 2702 1550 πάντων
2738 1496 3175 1567 παραδοξότερον
3217 1496 3313 1550 τοῦ
3360 1500 3419 1550 ὲν
3447 1499 3583 1567 ἡμῖν

2001 1585 2125 1639 κατ’
2158 1587 2377 1650 εἰκόνα,
2424 1586 2600 1639 ἐκεῖνό
2660 1588 2833 1651 ἐστιν,
2866 1588 2948 1640 ὅτι
2994 1586 3118 1640 οὔτε
3153 1587 3255 1657 τῆς
3303 1587 3402 1641 τοῦ
3438 1586 3583 1642 Θεοῦ

2007 1674 2300 1742 ὑπάρξεως
2330 1675 2458 1739 τοὺς
2490 1675 2683 1743 λόγους
2758 1676 3101 1747 ἀνθρώπινος
3144 1676 3269 1742 νοῦς
3306 1677 3583 1731 πατασσέ-

336 1766 565 1821 venerit.
634 1764 738 1820 Sed
759 1805 774 1831 ,
828 1780 925 1834 age
948 1803 963 1829 ,
1014 1765 1297 1841 veniamus
1325 1781 1466 1821 nunc
1500 1768 1564 1820 ad
1594 1782 1902 1836 supremum

2011 1782 2097 1820 σαι
2142 1766 2364 1819 δύναται
2391 1805 2407 1831 ,
2439 1764 2567 1819 οὕτε
2595 1767 2697 1836 τῆς
2729 1766 2969 1837 ψυχικῆς
3006 1769 3165 1838 ἡμῶν
3207 1768 3396 1832 οὐσίας
3416 1811 3431 1835 ,
3464 1769 3584 1833 πῶς

336 1858 586 1927 imaginis
618 1866 671 1912 et
703 1856 1072 1912 similitudinis
1106 1857 1356 1921 modum,
1416 1858 1481 1911 ad
1513 1859 1901 1913 ostendendum

335 1952 390 2005 in
420 1952 625 2016 anima,
658 1950 804 2020 quod
834 1964 1020 2005 sumus
1047 1949 1304 2019 polliciti,
1350 1950 1610 2005 unitatem
1642 1949 1905 2005 Divinita-

338 2041 410 2097 tis
442 2040 496 2094 in
527 2039 798 2094 Trinitale
853 2056 867 2094 :
920 2037 1269 2094 manifestum
1298 2048 1383 2094 est
1411 2046 1589 2095 autem
1633 2039 1731 2094 tria
1761 2055 1903 2106 esse,

338 2132 578 2187 animam
607 2131 834 2196 scilicet,
866 2130 1147 2200 spirituale
1172 2130 1288 2200 ejus
1310 2133 1534 2186 verbum
1568 2140 1620 2186 et
1646 2140 1904 2199 mentem,

339 2238 501 2293 quam
533 2223 782 2293 spiritum
813 2232 970 2276 vocat
993 2222 1302 2292 Aposmlus,
1330 2238 1452 2277 cum
1477 2224 1729 2278 admouet
1756 2231 1813 2276 ut
1835 2223 1906 2277 si-

339 2330 462 2370 mus
485 2314 656 2372 sancti
690 2314 867 2368 anima
894 2321 947 2368 et
970 2328 1197 2387 corpore
1223 2322 1276 2367 et
1302 2314 1492 2383 spiritu
1509 2315 1548 2366 ⁸.
1569 2313 1739 2369 Porro
1759 2313 1908 2383 inge-

338 2408 450 2461 nita
478 2414 562 2461 est
590 2406 769 2460 anima
801 2415 985 2460 nostra
1038 2406 1089 2457 in
1134 2413 1315 2474 typum
1348 2404 1571 2471 ingeniti
1604 2405 1698 2459 Dei
1724 2411 1782 2458 et
1805 2405 1909 2458 Pa-

340 2500 473 2565 tris;
513 2514 617 2553 non
650 2507 830 2551 autem
868 2496 1162 2566 ingenitum
1199 2496 1315 2564 cjus
1343 2495 1627 2564 spirituale
1659 2495 1906 2561 verbum,

339 2592 434 2647 sed
484 2589 552 2644 ab
581 2604 643 2645 ea
675 2588 918 2659 genitum
963 2586 1341 2652 ineﬂ’abiliter,
1400 2587 1771 2653 invisibiliter,
1824 2588 1908 2641 in-

340 2681 756 2746 enarrabiliter,
806 2682 924 2735 sine
971 2678 1192 2743 labore,
1243 2680 1294 2732 in
1333 2688 1514 2750 typum
1549 2680 1723 2750 geniti.
1748 2679 1908 2748 Filii;

341 2786 493 2825 mens
519 2785 647 2826 vero
679 2783 855 2839 neque
884 2769 1144 2840 ingenita,
1194 2784 1365 2838 neque
1394 2771 1574 2840 genita
1594 2808 1609 2835 ,
1658 2771 1750 2825 sed
1783 2786 1912 2840 pro-

339 2864 557 2928 cedens,
588 2863 768 2917 omnia
797 2861 1131 2929 discurrens,
1164 2861 1343 2915 omnia
1371 2872 1641 2928 scrutans,
1670 2862 1916 2917 invisibi-

340 2955 465 3009 liter
516 2952 904 3019 considerans,
964 2953 1031 3007 ad
1081 2953 1374 3022 imaginem
1413 2961 1467 3006 et
1504 2952 1910 3008 similitudinem

2007 1856 2087 1916 εἰς
2151 1853 2387 1925 ὓπαρξιν
2441 1854 2654 1924 πέφυκέ
2717 1872 2779 1908 τε
2841 1859 2937 1909 καὶ
2981 1858 3368 1927 παραγίνεται.
3436 1857 3585 1911 Ἀλλ’

2004 1945 2104 2014 ἆγε
2131 1944 2196 2016 δὴ
2229 1946 2319 1997 ἐπ’
2344 1928 2481 2017 αὐτὸ
2519 1946 2580 1998 τὸ
2623 1945 2960 2016 κυριώτατον
2988 1948 3083 2000 τοῦ
3116 1948 3238 2001 κατ’
3263 1949 3454 2003 εἰκόνα
3488 1950 3583 2002 καὶ

2005 2037 2266 2108 ὁμοίωσιν
2296 2037 2564 2107 ἔλθωμεν,
2599 2039 2751 2102 ὅπως
2779 2039 2922 2092 κατὰ
2969 2040 3070 2103 τὰς
3096 2039 3420 2112 ὑποσχέσεις
3464 2041 3583 2095 δεί-

2006 2128 2187 2198 ξωμεν
2216 2128 2278 2181 τὸ
2324 2127 2615 2195 μοναδικὶν
2653 2128 2752 2199 τῆς
2782 2131 2840 2182 ἐν
2874 2129 3069 2201 Τριάδι
3098 2130 3352 2201 θεότητος
3382 2148 3396 2161 ·
3432 2135 3586 2185 ποῖον

2005 2218 2064 2272 δέ
2093 2220 2211 2271 ἐστι
2238 2217 2397 2271 τοῦτο
2430 2259 2444 2286 ,
2485 2217 2708 2289 εὔδηλον
2741 2220 2824 2272 ὅτι
2856 2220 2890 2289 ἡ
2930 2221 3177 2291 ἡμετέρα
3220 2221 3385 2275 πάλιν
3411 2219 3587 2292 ψυχὴ,

2006 2309 2104 2362 καὶ
2141 2307 2171 2359 ὁ
2205 2309 2409 2379 ταύτης
2458 2311 2645 2380 νοερὸς
2693 2309 2850 2378 λόγος
2878 2351 2893 2376 ,
2929 2311 3022 2364 καὶ
3051 2312 3081 2365 ό
3115 2311 3241 2375 νοῦς
3267 2329 3281 2343 ·
3340 2312 3524 2365 ὅντινα
3555 2314 3588 2367 ὁ

2019 2402 2342 2465 Ἀπόστολος
2380 2402 2598 2473 πνεῦμα
2637 2403 3100 2473 προσηγόρευσεν,
3130 2404 3221 2457 ὅτε
3264 2404 3585 2458 διακελεύε-

2006 2511 2099 2547 ται
2125 2495 2317 2564 ἁγίους
2348 2495 2496 2565 ἡμᾶς
2538 2490 2678 2547 εἷναι
2711 2498 2776 2566 τῇ
2814 2494 2959 2567 ψυχῇ
3006 2496 3101 2549 καὶ
3128 2494 3207 2566 τῷ
3244 2494 3462 2565 σώματι
3490 2497 3587 2549 καὶ

2010 2587 2086 2658 τῷ
2129 2586 2422 2656 πνεύματι.
2482 2585 2801 2656 ’Λγέννητος
2841 2586 2941 2656 μὲν
2978 2587 3088 2658 γὰρ
3133 2586 3300 2641 πάλιν
3350 2588 3502 2640 ἐστὶν
3552 2588 3585 2658 ἡ

2009 2678 2155 2750 ψυχὴ
2205 2681 2300 2733 καὶ
2337 2679 2573 2741 ἀναίτιος
2628 2680 2709 2743 είς
2769 2683 2941 2732 τύπον
2995 2679 3092 2732 τοῦ
3144 2678 3439 2750 ἀγεννὴτου
3487 2677 3585 2731 καὶ

2011 2772 2258 2826 ἁναιτίου
2307 2770 2444 2824 Θεοῦ
2496 2772 2591 2824 καὶ
2642 2772 2889 2840 Πατρός⁶
2946 2772 3047 2824 οὐκ
3097 2768 3396 2840 ἀγέννητος
3445 2770 3503 2823 δὲ
3555 2771 3586 2824 6

2013 2861 2197 2934 νοερὸς
2239 2862 2412 2931 αὐτῆς
2445 2861 2624 2929 λόγος,
2660 2860 2773 2913 ἀλλ’
2811 2858 2869 2926 ἐξ
2899 2862 3070 2932 αὐτῆς
3102 2861 3445 2931 γεννώμενος
3477 2859 3583 2933 ἀρ·

2015 2954 2193 3024 ῥήτως
2228 2954 2323 3006 καὶ
2353 2952 2624 3023 ἀοράτως,
2656 2953 3080 3023 ἀνερμηνεύτως
3100 2953 3196 3007 καὶ⁵
3222 2951 3473 3015 ἀπαθῶς,
3503 2951 3585 3016 είς

340 3045 664 3101 sanctissimi
700 3054 755 3100 et
788 3045 1129 3114 procedentis
1159 3044 1426 3115 Spiritus,
1482 3047 1548 3099 de
1578 3060 1686 3115 quo
1716 3046 1910 3100 dicitur

2012 3046 2183 3099 τύπον
2210 3045 2304 3098 τοῦ
2336 3044 2598 3115 γεννητοῦ
2626 3044 2759 3097 Υίοῦ
2788 3061 2802 3075 ο
2839 3044 2868 3096 ό
2896 3044 2954 3098 δὲ
3011 3043 3137 3107 νοῦς
3186 3043 3308 3098 οὐδὲ
3338 3042 3583 3105 ἀναίτιός

341 3140 482 3207 quod
514 3138 698 3192 omnia
730 3145 1005 3191 scrutatur
1030 3177 1046 3203 ,
1097 3137 1260 3190 etiam
1294 3137 1554 3207 profunda
1585 3137 1735 3192 Dei’.
1794 3138 1910 3191 Non

2015 3139 2185 3202 ἐστιν,
2232 3135 2358 3189 οὐδὲ
2388 3134 2646 3204 γεννητὸς
2665 3173 2680 3199 ,
2709 3133 2823 3187 ἀλλ’
2855 3133 3187 3203 ἐκπορευτὺς
3210 3171 3227 3198 ,
3256 3133 3434 3204 πάντη
3467 3132 3587 3185 δια-

341 3238 424 3285 εει
454 3231 753 3299 procedens
777 3229 960 3283 anima
993 3229 1292 3298 usquedum
1321 3239 1407 3283 est
1436 3230 1487 3283 in
1512 3243 1762 3299 corpore,
1792 3230 1916 3285 alio-

341 3324 503 3392 quin,
551 3322 595 3377 si
630 3321 969 3392 procederet,
1007 3320 1058 3374 in
1092 3329 1367 3375 momento
1391 3335 1754 3388 moreremur;
1806 3336 1914 3376 non

340 3424 425 3471 est
468 3414 763 3482 ingenitum
814 3413 1038 3468 verbum
1086 3424 1369 3478 n05trum,
1430 3412 1666 3482 alioquin
1715 3412 1916 3482 stupidi

343 3516 392 3561 et
446 3505 586 3559 bruti
632 3518 914 3571 essemus;
975 3506 1117 3573 quod
1151 3514 1330 3558 autem
1364 3513 1446 3558 est
1485 3518 1646 3574 quam
1681 3505 1917 3559 maxime

344 3594 609 3658 mirabile,
634 3592 871 3647 animam
897 3592 1113 3661 quidem
1140 3592 1440 3661 simplicem
1463 3592 1746 3657 habemus,
1766 3608 1916 3648 men-

345 3699 449 3741 tem
492 3700 707 3755 quoque
757 3700 919 3738 tinam
968 3694 1023 3738 et
1069 3684 1495 3749 inconcretamk
1533 3685 1755 3739 verbum
1787 3700 1916 3741 vero

349 3780 567 3847 duplex,
609 3777 876 3846 duplicem
909 3777 1114 3830 habens
1141 3776 1571 3846 generationem,
1598 3776 1727 3831 licet
1751 3792 1915 3831 unum

344 3881 399 3924 et
454 3868 744 3924 indivisum
798 3876 1016 3922 maneat
1080 3887 1093 3922 :
1156 3876 1448 3937 generatur
1494 3867 1637 3923 enim
1694 3870 1913 3924 verbum

346 3964 397 4015 in
449 3962 650 4025 corde,
713 3959 1247 4029 incomprehensibili
1295 3969 1349 4013 et
1394 3961 1708 4029 incorporea
1751 3976 1915 4030 gene-

347 4053 578 4115 ratione,
625 4053 768 4105 intus
799 4062 1016 4119 quoque
1045 4058 1225 4104 manet
1250 4049 1560 4114 invisibile;
1615 4050 1791 4104 denuo
1821 4063 1917 4103 au-

348 4142 861 4212 tem’corporaliter
910 4155 1006 4210 per
1051 4139 1191 4195 labia
1233 4150 1521 4210 generatur
1571 4149 1625 4196 et
1664 4142 1917 4196 omnibus

347 4234 693 4289 manifestum
748 4232 845 4300 ﬁt;
920 4247 1019 4287 nec
1069 4241 1249 4286 tamen
1307 4246 1336 4285 a
1388 4241 1686 4300 generante
1736 4232 1915 4286 anima

348 4326 587 4393 recedit,
655 4333 713 4380 ut
770 4338 836 4378 ex
879 4323 1079 4394 duplici
1124 4322 1272 4377 verbi
1318 4323 1490 4376 nostri
1536 4325 1910 4392 generatione,

2014 3214 2249 3299 τρέχὼν,
2304 3226 2396 3279 καὶ
2447 3225 2518 3278 τὰ
2561 3225 2740 3278 πάντα
2792 3224 3143 3278 διασκοπῶν
3196 3224 3294 3279 καὶ
3336 3224 3587 3295 ἀοράτως

2015 3318 2313 3388 ψηλαφῶν,
2344 3317 2465 3370 κατ’
2505 3318 2691 3371 εἰκόνα
2738 3319 2832 3369 καὶ
2862 3317 3122 3387 ὁμοίωσιν
3165 3316 3261 3370 τοῦ
3310 3316 3585 3384 παναγίου

2016 3412 2112 3463 καὶ
2141 3409 2474 3480 ὲκπορευτοῦ
2514 3408 2864 3479 Πνεύματος.
2885 3407 3020 3478 Περὶ
3048 3401 3111 3461 οῦ
3139 3408 3375 3481 εἴρηται,
3407 3409 3490 3462 δτι
3520 3407 3585 3460 rb

2015 3500 2245 3570 Πνεῦμα
2291 3499 2470 3552 πάντα
2519 3500 2714 3569 ἐρευνᾷ
2741 3499 2833 3551 καὶ
2877 3497 2945 3551 τὰ
2980 3496 3120 3567 βάθη
3153 3499 3246 3551 τοῦ
3281 3495 3437 3552 Θεοῦ.
3470 3498 3586 3552 Οὐκ

2017 3593 2164 3645 ἔστιν
2196 3592 2506 3661 ἐκπορευτὴ
2539 3593 2572 3662 ἡ
2611 3592 2783 3661 ψυχὴ,
2828 3591 2936 3653 ’ἕως
2974 3584 3036 3645 οὗ
3070 3592 3223 3642 ἐστιν
3253 3592 3312 3644 ἐν
3359 3589 3436 3658 τῷ
3482 3588 3589 3642 σώ-

2020 3700 2189 3753 ματι’
2246 3683 2372 3735 ἐπεὶ
2417 3682 2814 3753 εἰςὲκπορευτὴ
2861 3676 2950 3750 ἦν,
3007 3681 3117 3752 ἄρα
3157 3681 3223 3734 ἂν
3279 3681 3404 3734 καθ’
3438 3680 3589 3750 ὥραν

2017 3775 2455 3845 ἀπεθνήσκομεν.
2484 3773 2597 3827 Οὐκ
2632 3773 2780 3828 ἔστιν
2807 3773 3104 3843 ἀγέννητος
3140 3774 3169 3825 ό
3200 3772 3356 3840 λόγος
3389 3775 3419 3841 ἡ
3431 3774 3547 3841 μῶν
3570 3811 3585 3832 ,

2016 3866 2140 3919 ἐπεὶ
2176 3865 2364 3933 ἄλογοι
2399 3880 2545 3928 τινες
2581 3865 2676 3918 καὶ
2707 3863 3003 3935 κτηνώδεις
3047 3863 3374 3933 ὑπήρχομεν
3396 3878 3409 3891 ·
3440 3864 3499 3914 τὸ
3529 3861 3588 3914 δὲ

2017 3955 2450 4026 παραδοξότερον
2478 3953 2588 4007 τῶν
2617 3952 2937 4023 παραδόξων
2958 3950 3186 4017 τούτων,
3210 3952 3389 4003 ἐκεῖνό
3415 3952 3587 4015 ἐστιν,

2015 4049 2099 4102 ὅτι
2128 4047 2307 4118 ψυχὴν
2340 4048 2440 4117 μὲν
2473 4045 2657 4115 ἁπλῆν
2698 4061 2822 4097 τινα
2853 4045 3071 4113 ἔχομεν,
3106 4040 3310 4112 ὁμοίως
3339 4043 3435 4095 καὶ
3463 4040 3589 4095 νοῦν
3686 4056 3695 4063 ’

2020 4139 2304 4211 μοναδικὺν
2347 4139 2441 4192 καὶ
2469 4136 2783 4201 ἀσύνθετον,
2834 4135 2991 4203 λόγον
3027 4133 3084 4186 δὲ
3115 4132 3358 4209 διπλοῦν,
3391 4133 3588 4202 διπλῆν

2017 4232 2208 4302 ἔχοντα
2233 4232 2294 4284 τὸ
2322 4229 2454 4284 αὐτὸ
2476 4227 2575 4299 τὴν
2599 4228 2874 4298 γέννησιν,
2905 4227 2999 4279 καὶ
3023 4225 3121 4278 ἕνα
3154 4227 3248 4279 καὶ
3275 4224 3575 4301 ἀμέριστον

2018 4324 2442 4394 φυλαττόμενον.
2475 4322 2742 4375 Γεννᾶται
2789 4322 2899 4392 γάρ
2920 4323 2948 4374 ὁ
2979 4320 3136 4388 λόγος
3176 4320 3234 4372 ὲν
3266 4322 3333 4391 τῇ
3366 4320 3585 4390 καρδίᾳ,

345 4433 444 4486 pro
471 4416 701 4497 quadam
729 4414 963 4483 imagine
988 4422 1042 4467 et
1070 4412 1447 4479 similitudine,
1474 4412 1746 4483 duplicem
1774 4414 1910 4471 Ver-

2018 4415 2272 4486 γέννησίν
2326 4433 2450 4469 τινα
2517 4412 2904 4483 ἀκατάληπτον
2956 4410 3052 4467 καὶ
3105 4410 3401 4479 ἀσώματον
3427 4427 3439 4439 ·
3495 4410 3587 4462 καὶ

348 4508 397 4562 bi
425 4507 590 4561 divini
623 4505 1029 4575 generationem
1059 4516 1537 4572 cognosceremus,
1560 4504 1651 4571 qui
1677 4505 1921 4561 invisibi-

346 4600 473 4654 liter
502 4608 557 4653 et
585 4595 932 4651 ineti‘abiliter
970 4610 999 4647 a
1030 4593 1193 4649 Patre
1217 4604 1299 4649 est
1326 4595 1543 4664 genitus
1572 4606 1697 4651 ante
1724 4601 1916 4654 saecula

346 4703 401 4744 et
431 4689 485 4742 iu
515 4686 695 4751 Patre,
732 4684 890 4755 quasi
926 4684 981 4739 in
1011 4684 1189 4738 anima
1221 4683 1454 4739 latenter
1477 4696 1694 4751 manet,
1749 4687 1920 4742 donec

347 4797 418 4835 ex
451 4789 639 4833 sancta
666 4775 915 4845 Virgine,
946 4775 1089 4829 velut
1119 4789 1183 4829 ex
1211 4775 1375 4830 corde
1398 4775 1654 4845 quodam,
1681 4778 1920 4835 incorru-

349 4867 612 4937 ptibiliter
646 4876 701 4919 et
733 4864 936 4934 absque
965 4864 1150 4919 dolore
1174 4904 1190 4928 ,
1246 4863 1542 4920 secundum
1573 4881 1793 4920 carnem
1826 4885 1922 4921 na-

350 4966 596 5012 sueretur
624 4962 681 5008 ct
710 4953 865 5008 nobis
894 4952 1250 5024 corporaliter
1278 4969 1345 5007 ex
1372 4952 1540 5008 altera
1566 4955 1915 5023 generatione

348 5056 654 5118 appareret.

2021 4509 2170 4580 μένει
2199 4507 2347 4562 ἔνδον
2383 4506 2749 4578 ἀγνώριστον·
2773 4506 2868 4559 καὶ
2900 4507 3156 4575 γεννᾶται
3181 4504 3444 4576 δευτέραν
3468 4505 3587 4574 γένο

2016 4616 2173 4671 νησιν
2231 4599 2332 4670 τὴν
2391 4597 2714 4669 σωματικὴν
2757 4596 2845 4650 διὰ
2891 4596 3154 4666 χειλέων,
3189 4595 3281 4649 καὶ
3313 4595 3436 4648 τότε
3480 4596 3588 4655 τοῖς.

2018 4693 2152 4745 πᾶσι
2200 4689 2548 4762 γνωρίζεται,
2585 4690 2684 4761 τῆς
2736 4689 2793 4742 δὲ
2828 4688 3173 4757 γεννησάσης
3222 4687 3385 4740 αὑτὸν
3412 4685 3584 4755 ψυχῆς

2015 4782 2077 4834 ού
2136 4781 2469 4851 χωρίζεταιθ
2524 4781 2612 4833 ἵνα
2663 4779 2749 4833 διὰ
2791 4780 2901 4833 τῶν
2931 4777 3163 4832 δύοτοῦ
3219 4777 3383 4844 λόγου
3436 4774 3586 4847 ἡμῶν

2016 4874 2330 4943 γεννήσεων
2406 4873 2591 4940 σαφῶς
2622 4873 2721 4936 τάς
2757 4872 2850 4925 δύο
2888 4870 2983 4925 τοῦ
3020 4868 3159 4924 Θεοῦ
3199 4870 3375 4937 Λόγου
3403 4868 3587 4937 γεννήο

2024 4979 2139 5025 σεις
2170 4963 2292 5017 κατ’
2336 4964 2522 5017 εἰκόνα
2556 4964 2677 5018 τινὰ
2713 4965 2809 5017 καὶ
2857 4964 3121 5034 ὁμοίωσιν
3168 4962 3458 5032 μάθωμεν.
3499 4961 3581 5013 Γε-

2021 5054 2281 5125 γέννηται
2314 5055 2425 5126 γὰρ
2472 5056 2721 5126 ἀοράτως
2764 5055 2859 5109 καὶ
2887 5053 3309 5124 ἀνερμηνεύτως
3346 5053 3456 5124 πρὸ
3487 5048 3587 5102 τῶν

347 5140 560 5195 αἰώνων
595 5143 660 5193 ἐκ
696 5139 946 5210 Πατρός,
979 5139 1073 5193 καὶ
1103 5139 1253 5210 μένει
1282 5138 1563 5207 ἄγνωστος
1582 5178 1597 5204 ,
1623 5139 1698 5203 ὡς
1755 5142 1812 5195 ἐν
1843 5160 1949 5197 τινι
1986 5145 2129 5219 ψυχῇ
2163 5148 2295 5216 πρὸς
2318 5149 2409 5201 τὸν
2439 5150 2681 5221 Πατέραι
2720 5149 2847 5215 ἕως,
2873 5148 3062 5218 ὥσπερ
3091 5150 3153 5201 ἐκ
3179 5147 3407 5220 καρδίας
3428 5144 3584 5207 τινος,

347 5234 445 5303 τῆς
473 5232 635 5302 ἁγίας
665 5232 946 5306 Παρθένου
986 5231 1242 5303 ἀφθόρως
1305 5233 1401 5285 καὶ
1429 5232 1645 5298 ἀπόνως
1668 5236 1992 5306 γεγέννηται
2017 5239 2079 5293 τὸ
2105 5243 2247 5295 κατά
2311 5243 2511 5315 σάρκα,
2556 5244 2650 5298 καὶ
2711 5242 3037 5314 ἐνεφανίσθη
3096 5243 3231 5313 ἡμῖν
3263 5238 3587 5310 σωματικῶς

232 5378 237 5397 ,
345 5326 432 5380 διὰ
463 5327 724 5399 δευτέρας
756 5327 1084 5396 γεννήσεως.

415 5419 671 5487 Ccruitur
716 5419 878 5473 etiam
940 5419 992 5471 in
1038 5416 1294 5485 homine,
1360 5419 1514 5486 quasi
1572 5421 1623 5473 in
1679 5420 1911 5490 imagine

345 5525 397 5567 et
432 5527 555 5586 typo
580 5554 595 5580 ,
644 5515 843 5585 duplex
876 5515 957 5569 vis
988 5515 1039 5568 in
1073 5514 1361 5585 imagiuc'm
1389 5525 1442 5571 et
1464 5527 1644 5588 typum
1668 5517 1869 5573 Christi
1899 5535 1913 5573 :

347 5609 800 5679 quemadmodum
826 5610 970 5664 enim
1005 5610 1121 5679 ejus
1149 5610 1406 5667 divinitas
1438 5612 1543 5682 egit
1579 5612 1911 5679 theandricc,

425 5759 440 5795 ‘
483 5759 695 5815 Coloss.
725 5779 761 5827 I,
798 5763 887 5819 22.
964 5768 982 5796 ¹
1017 5766 1033 5819 l
1064 5767 1188 5819 (lor.
1227 5782 1285 5824 tl,
1328 5766 1405 5819 10.

2102 5424 2327 5497 ὈρΞὶται
2354 5425 2515 5479 πάλιν
2551 5424 2626 5488 ὡς
2658 5426 2715 5478 ὲν
2746 5423 2917 5477 εἰκόνι
2963 5420 3071 5475 τινὶ
3102 5419 3199 5474 καὶ
3231 5420 3390 5489 τύπῳ
3416 5458 3431 5483 ,
3457 5418 3585 5485 λέγω

2022 5518 2081 5572 ἐν
2119 5518 2194 5588 τῷ
2219 5517 2524 5589 ἀνθρώπῳ,
2562 5518 2657 5570 καὶ
2700 5515 2852 5586 διττή
2892 5531 2976 5575 τις
3030 5511 3312 5581 ἐνεργείας
3358 5512 3586 5581 ἔμφασις

2022 5613 2101 5674 είς
2128 5612 2311 5666 εἰκόνα
2339 5612 2433 5664 καὶ
2456 5610 2625 5664 τύπον
2651 5609 2893 5679 Χριστοῦ
2921 5623 2935 5639 ο
2957 5605 3207 5674 καθάπερ
3226 5604 3335 5674 γὰρ
3366 5605 3398 5674 ἠ
3429 5597 3582 5656 αὐτοῦ
