3988 6142
322 325 459 392 Ῑίίθ

1554 340 1828 400 SERMO.
1864 356 1949 376 -’
1966 345 2126 406 ΜοΝ
2136 347 2323 408 [TUM
2332 393 2347 408 .

3399 343 3539 409 1150

311 441 498 512 θεότης
529 441 772 514 ἐνήργει,
813 444 905 498 καὶ
935 444 1266 535 θεανδρικῶς
1302 449 1521 520 ἐνήργει
1547 452 1643 504 καὶ
1676 451 1875 517 θεῖκῶς

1985 460 2180 535 agebat
2208 462 2384 514 autem
2414 468 2465 514 et
2488 458 2672 515 .divine
2701 458 2753 513 in
2783 458 2934 513 caelis
2953 498 2968 523 ,
3023 463 3152 511 ante
3178 456 3426 526 corporis
3456 456 3543 512 sui

312 537 371 588 ἐν
406 535 620 607 οὐρανῷ
662 536 771 607 πρὸ
815 537 915 606 τῆς
949 530 1046 593 τοῦ
1080 536 1342 609 ,σώματος
1380 541 1770 609 ἀναπλάσεως,
1798 544 1874 609 ὡς

309 626 741 696 ἁπερίγραπτος,
772 628 869 682 καί⁸
901 628 976 700 μὴ
1008 632 1412 700 περιγραφεῖσα
1445 633 1504 685 ἐν
1533 632 1611 703 τῷ
1637 633 1873 704 σώματι,

309 715 449 769 οὕτω
501 718 597 771 καὶ
637 720 671 788 ἡ
715 718 863 790 ψυχὴ
896 721 930 790 ἡ
967 723 1088 775 κατ’
1122 721 1308 777 εἰκόνα
1344 723 1437 776 καὶ
1487 723 1747 793 ὁμοίωσιν
1779 724 1875 779 τοῦ

310 805 540 875 ἀοράτου
589 806 728 860 Θεοῦ
784 809 961 876 Λόγου
995 809 1337 880 ὑπάρχουσα,
1384 812 1601 881 ἐνεργεῖ
1643 813 1745 884 μὲν
1781 812 1878 866 καὶ

306 896 705 969 ψυχανδρικῶς,
736 902 983 954 τουτέστι
1008 893 1437 974 σωματοψύχως,
1466 904 1546 966 εἰς
1574 896 1744 958 τύπον
1771 905 1867 957 τοῦ

308 989 641 1060 θεανδρικῶς
664 991 928 1061 Χριστοῦ.
969 991 1213 1064 Ἐνεργεῖ
1237 994 1294 1048 δὲ
1323 996 1418 1049 καί
1444 995 1688 1066 ψυχικῶς
1712 995 1877 1066 μόνον

308 1076 536 1133 πλεῖστά
576 1095 698 1133 τινα
720 1120 735 1143 ,
788 1081 862 1152 μὴ
916 1084 1305 1154 συνεργοῦντος
1352 1085 1487 1157 αὑτῇ
1543 1086 1637 1139 τοῦ
1673 1087 1875 1140 οἰκείου

308 1166 558 1236 σώματος
580 1207 596 1232 ,
633 1170 713 1233 εἰς
742 1170 912 1225 τύπον
959 1171 1052 1226 τοῦ
1082 1173 1317 1244 ἀοράτου
1350 1173 1488 1227 Θεοῦ
1529 1174 1737 1243 Λόγου,
1778 1173 1875 1227 τοῦ

307 1258 481 1314 πολλὰ
502 1261 750 1332 ἀοράτως
785 1263 1180 1333 ἐνεργήσαντος
1203 1264 1298 1318 καὶ
1319 1264 1669 1336 ἐνεργοῦντος
1699 1266 1758 1319 ἐν
1788 1266 1879 1318 οὑ-

307 1351 457 1423 ρανῷ
490 1352 586 1405 καὶ
616 1353 710 1405 ἐπὶ
734 1354 859 1423 γῆς,
897 1353 987 1409 διὰ
1010 1355 1110 1424 τῆς
1137 1355 1556 1427 ἁπεριγράπτου
1582 1355 1745 1410 αὑτοῦ
1781 1356 1877 1411 καὶ

305 1442 655 1513 παγκοσμίου
685 1443 877 1513 θεῖκῆς
899 1445 1200 1515 ἐνεργείας.
1238 1446 1303 1499 Ἠ
1330 1440 1422 1500 οὖν
1459 1446 1646 1517 ἀγάπη
1681 1449 1716 1517 ή
1747 1446 1876 1517 περί

303 1532 436 1586 Θεδν
460 1533 600 1588 κατὰ
630 1532 868 1604 ψυχικὴν
905 1535 1000 1588 καὶ
1022 1534 1192 1606 μόνην
1220 1535 1548 1590 ἐπιτελεῖται
1572 1536 1877 1606 ἐνέργειαν,

303 1623 364 1677 οὑ
398 1622 677 1694 χρῄζουσα
700 1625 759 1678 ἐν
787 1624 963 1696 τούτῳ
990 1627 1090 1696 τῆς
1119 1627 1439 1698 συνεργείας
1467 1626 1562 1680 τοῦ
1597 1625 1869 1698 σώματος’

302 1715 504 1785 ὁμοίως
534 1715 632 1769 καὶ
656 1718 691 1786 ἡ
727 1715 951 1779 πίστις,
981 1715 1226 1787 ψυχικῆς
1264 1717 1359 1771 καὶ
1385 1718 1553 1787 μόνης
1594 1717 1877 1787 ἐνεργείας

1978 549 2338 611 creationem,
2389 560 2446 603 nt
2480 548 2944 617 incircumscripta
2967 587 2982 611 ,
3034 556 3163 600 cum‘
3201 561 3307 600 non
3334 546 3392 600 in
3420 562 3543 600 cor-

1977 652 2107 707 pore
2135 639 2705 706 circumseriberetnr,
2757 639 2828 694 ita
2861 648 2915 692 et
2945 637 3123 690 anima
3155 637 3218 691 ad
3253 624 3542 703 imaginem

1977 737 2032 780 et
2080 729 2489 792 similitudinem
2535 728 2700 783 Verbi
2739 729 2907 788 divini
2945 727 3083 783 facta
3133 728 3240 797 agit
3277 728 3545 796 pS)'Cll‘tlt-

1977 816 2162 881 drice,
2213 818 2262 871 id
2305 827 2388 873 est
2437 834 2556 871 cum
2600 833 2829 887 corpore
2875 818 2927 869 in
2972 815 3400 895 typumﬁhristi
3449 815 3544 870 Dei

1942 912 2031 983 ‘et
2074 906 2342 971 hominis,
2402 907 2511 975 agit
2549 918 2728 961 autem
2776 922 2990 975 quoque
3042 915 3097 960 et
3150 917 3207 959 ut
3250 899 3541 975 plurimum

1975 1008 2039 1049 ex
2069 1010 2127 1049 se
2157 996 2300 1061 sola,
2337 998 2464 1064 quin
2495 1009 2785 1052 concurrat
2815 999 3089 1067 proprium
3119 1012 3343 1066 corpus,
3381 1000 3432 1050 in
3463 1008 3549 1066 ty-

1977 1099 2101 1153 pum
2127 1085 2412 1140 invisibilis
2435 1085 2590 1141 Verbi
2616 1087 2888 1157 Dei,quod
2913 1088 3260 1140 invisibiliter
3283 1087 3446 1140 multa
3475 1088 3547 1141 fe-

1977 1173 2051 1229 cit
2082 1182 2135 1227 et
2162 1173 2289 1229 facit
2317 1175 2372 1229 in
2405 1176 2541 1231 cmlo
2567 1186 2619 1229 et
2651 1177 2701 1229 in
2729 1185 2905 1238 terra,
2938 1186 3161 1245 propter
3191 1192 3342 1231 suam
3376 1176 3548 1231 incir—

1976 1264 2362 1333 cumscriptam
2418 1275 2474 1317 ct
2526 1264 2841 1318 immensam
2902 1266 3173 1317 actionem
3233 1263 3474 1317 divinam
3518 1282 3542 1317 ’ς

1977 1351 2214 1408 Charitas
2236 1354 2501 1422 siquidem
2531 1355 2583 1408 in
2611 1354 2777 1408 Deum
2807 1355 2854 1407 vi
2881 1354 2990 1407 sola
3021 1354 3214 1407 anima;
3239 1354 3542 1423 perﬁcitur,

1978 1457 2078 1496 nec
2099 1444 2300 1514 indiget
2322 1445 2568 1515 (Orporis
2587 1445 2824 1511 auxilio;
2851 1444 3102 1499 similiter
3123 1455 3179 1499 et
3202 1444 3332 1499 ﬁdes
3353 1445 3548 1499 animae

1978 1534 2145 1589 solius
2175 1535 2281 1587 vim
2309 1535 2566 1600 ostendit,
2598 1549 2702 1589 non
2730 1548 2890 1589 secus
2921 1550 2984 1587 ac
3012 1548 3134 1603 spes
3160 1543 3212 1588 et
3234 1533 3543 1599 humilitas;

1978 1634 2031 1678 et
2066 1638 2131 1677 ne
2162 1624 2314 1692 plura
2343 1625 2539 1693 dicam,
2575 1639 2765 1679 omnes
2795 1626 3115 1679 necessariae
3147 1633 3202 1678 et
3231 1623 3547 1693 spirituales

1979 1715 2244 1777 virtutes,
2289 1730 2518 1784 quarum
2552 1716 2705 1770 radix
2737 1727 2789 1768 et
2817 1715 3225 1769 fundamentum
3260 1725 3342 1770 est
3372 1717 3548 1772 cordis

305 1808 455 1860 ἐστὶν
500 1805 756 1874 ἔνδειξις·
810 1807 1077 1872 ὡσαύτως
1130 1810 1227 1861 καὶ
1270 1810 1305 1879 ἡ
1340 1808 1495 1871 ἐλπὶς
1520 1851 1534 1874 ,
1564 1804 1878 1878 ’καταψυ-

1983 1806 2284 1871 mu'nditia,
2340 1806 2389 1859 vi
2435 1807 2607 1861 solum
2652 1807 2917 1874 spirituali
2969 1806 3162 1860 anima:
3191 1816 3391 1862 nostrae
3420 1822 3547 1876 per-

300 1898 466 1969 χικὴν
498 1900 595 1952 καὶ
638 1899 808 1970 μόνην
849 1898 1178 1955 ἐπιτελεῖται
1203 1900 1519 1973 ἐνέργειαν·
1560 1899 1751 1970 ὥσπερ
1777 1900 1872 1954 καὶ¹

299 1989 797 2060 ταπεινοφροσύνη,
849 1990 919 2045 δι’
982 1991 1264 2060 ἐνεργείας
1329 1992 1508 2064 ψυχῆς
1544 1994 1870 2069 ,ἐνεργεῖται

300 2081 395 2134 καὶ
438 2080 764 2150 ὑφίσταταν
826 2082 921 2135 καί
974 2082 1383 2153 περιληπτικῶς
1436 2084 1632 2147 εἰπεῖν,
1692 2084 1868 2136 πᾶσαι

300 2172 359 2225 αἰ
425 2172 723 2240 ἀναγκαῖαι
777 2173 872 2226 καὶ
930 2175 1302 2244 πνευματικαὶ
1348 2174 1540 2245 ἀρεταὶ
1598 2166 1674 2229 ὧν
1712 2164 1867 2243 ’ῥίζα

301 2263 397 2316 καὶ
439 2262 688 2334 θεμέλιός
712 2264 860 2318 ἐστιν
898 2266 930 2333 ἡ
957 2264 1268 2334 καθαρότης
1301 2265 1402 2335 τῆς
1433 2265 1662 2336 καρδίας
1684 2305 1697 2328 ,
1729 2264 1871 2318 κατὰ

300 2355 401 2426 τὴν
446 2354 643 2426 νοερὰν
690 2356 788 2407 καὶ
842 2355 1009 2426 μόνην
1060 2356 1160 2424 τῆς
1199 2356 1427 2426 λογικῆς
1478 2356 1636 2425 ἡμῶν
1688 2355 1870 2427 ψυχῆς

300 2447 579 2517 ἐνέργειαν
611 2440 1017 2511 ἐπιτελοῦνται,
1065 2446 1125 2499 οὑ
1164 2447 1461 2517 χρῄζουσαι
1489 2445 1583 2499 τοῦ
1622 2446 1872 2516 σώματος

301 2540 382 2602 εἰς
410 2539 507 2610 τὴν
532 2539 744 2592 ἐαυτῶν
769 2538 943 2609 ἐκπλή
954 2555 1141 2609 ρωσιν,
1172 2538 1334 2591 Ὅθεν
1362 2539 1457 2591 καί
1487 2539 1537 2590 οἰ
1572 2554 1645 2607 πη
1657 2539 1740 2608 ρο“ι
1780 2537 1872 2589 καὶ

300 2629 552 2694 ἀσθενεῖς
575 2670 589 2693 ,
631 2630 726 2683 καὶ
776 2630 1026 2700 ἀκίνητοι
1062 2628 1215 2692 ὄντες
1264 2632 1329 2698 τῇ
1368 2628 1533 2698 σαρκὶ
1565 2669 1579 2692 ,
1612 2627 1871 2681 δύνανται

300 2722 390 2774 διὰ
419 2721 525 2774 τῶν
564 2721 824 2774 τοιούτων
854 2720 1066 2791 ἀρετῶν
1128 2723 1195 2791 τῇ
1236 2719 1378 2772 κατὰ
1416 2719 1595 2790 ψυχὴν
1622 2718 1873 2789 ἐνεργείᾳ

301 2811 662 2883 εὐαρεστῆσαι
702 2811 780 2882 τῷ
824 2810 963 2881 Θεῷ.
1000 2811 1109 2865 Καὶ
1139 2812 1197 2864 ἐν
1229 2810 1308 2880 τῷ
1353 2809 1507 2880 ὑπνῳ
1535 2809 1592 2862 δέ
1637 2809 1874 2878 μάλιστα

301 2902 383 2973 τῷ
419 2903 542 2957 καθ’
578 2900 736 2974 ἡμᾶς
777 2902 1054 2957 δείκνυται
1099 2902 1160 2956 τὸ
1197 2900 1374 2956 διττὸν
1421 2902 1523 2971 τῆς
1563 2900 1683 2955 καθ’
1727 2901 1875 2969 ἡμᾶς

302 2996 612 3069 ἐνεργείας
645 2996 740 3051 τοῦ
782 2996 891 3068 γὰρ
949 2995 1202 3067 σώματος
1242 2995 1433 3065 ὥσπερ
1464 2993 1877 3064 νενεκρωμένας

1972 1896 2259 1959 ﬁciuntur,
2302 1910 2408 1950 non
2437 1896 2684 1965 corporis
2710 1895 2914 1949 auxilio
2956 1909 3056 1964 pro
3088 1909 3184 1948 sua
3213 1894 3548 1964 perfectione

1972 2000 2191 2061 egentes
2243 2008 2257 2044 :
2313 1991 2544 2060 ideoque
2578 1989 2753 2044 trunci
2782 1999 2840 2042 et
2869 1988 3065 2042 inﬁrmi
3113 1997 3167 2043 et
3209 1989 3300 2058 qui
3332 2003 3392 2043 se
3422 2004 3540 2043 cor-

1970 2081 2227 2151 poraliter
2252 2095 2471 2137 movere
2498 2095 2603 2135 non
2627 2088 2880 2149 possunt,
2912 2094 3008 2148 per
3038 2080 3158 2132 illas
3187 2088 3362 2143 tamen
3386 2078 3549 2134 virtu-

1973 2181 2053 2228 tes
2107 2173 2298 2228 animae
2338 2175 2554 2228 actione
2596 2171 2707 2227 Deo
2747 2180 2973 2242 possunt
3022 2171 3253 2241 placere.
3301 2171 3357 2224 In
3396 2184 3545 2224 smn-

1972 2279 2042 2319 no
2073 2278 2203 2326 vero
2243 2263 2541 2333 praesertim
2588 2270 2775 2331 postra
2827 2278 2886 2316 se
2913 2262 3154 2316 ostendit
3200 2260 3280 2314 vis
3313 2250 3543 2329 duplex:

1972 2355 2096 2408 dum
2127 2354 2272 2407 enim
2305 2368 2503 2423 corpus
2547 2353 2694 2408 velut
2725 2362 2970 2406 mortuos
3019 2360 3073 2406 et
3106 2349 3220 2404 fere
3247 2348 3549 2403 immobiles

1972 2442 2171 2498 habeat
2199 2458 2391 2497 sensus
2416 2458 2542 2498 suos
2562 2483 2578 2507 ,
2637 2442 2933 2511 Spiritnalis
2963 2451 3018 2497 et
3046 2439 3325 2497 rationalis
3353 2439 3551 2493 animae

1973 2536 2056 2591 vis
2112 2535 2526 2606 vigilantissima
2587 2543 2642 2590 et
2690 2534 2924 2603 ingenita
2984 2531 3166 2586 omnia
3215 2530 3548 2600 perlustrat;

1974 2627 2168 2682 deinde
2194 2666 2210 2690 ,
2262 2626 2530 2696 quomodo
2561 2641 2591 2678 a
2615 2639 2844 2693 corpore
2878 2632 3051 2677 morte
3078 2622 3344 2692 disjuncta
3373 2620 3551 2675 subsi-

1974 2726 2142 2773 steret
2178 2717 2478 2786 spiritualis
2509 2726 2562 2770 et
2590 2716 2875 2770 rationalis
2899 2714 3102 2777 anima,
3134 2713 3239 2768 nisi
3273 2727 3369 2781 per
3394 2726 3548 2766 suam

1975 2808 2344 2876 spiritualem,
2408 2808 2626 2863 vitalem
2675 2815 2732 2860 et
2814 2804 3175 2859 immortalem
3221 2802 3364 2856 vim?
3417 2798 3551 2857 0m-

1977 2900 2059 2953 nis
2087 2900 2304 2968 quidem
2338 2901 2620 2969 Scriptura
2655 2899 2915 2952 divinitus
2945 2895 3207 2965 inspirata
3233 2935 3247 2958 ,
3302 2893 3552 2961 Evange—

1978 2991 2170 3045 liorum
2221 3001 2275 3046 et
2317 2991 2690 3062 apostolorum
2736 2991 3057 3044 documenta
3105 2986 3292 3041 dicunt
3327 2984 3379 3037 in
3413 2982 3551 3038 caelo

302 3089 403 3143 καὶ
438 3089 626 3159 σχεδὸν
659 3089 1059 3159 ἀνενεργήτους
1085 3087 1184 3150 τὰς
1228 3086 1513 3156 αἰσθήσεις
1542 3085 1758 3156 ἔχοντος
1782 3125 1796 3150 ,
1843 3085 1887 3153 ιγ

1980 3097 2101 3137 esse
2131 3081 2296 3136 Deum
2330 3084 2419 3151 qui
2446 3082 2627 3137 omnia
2656 3081 2861 3150 replet,
2919 3088 3319 3149 proptereaque
3347 3074 3553 3129 scimus

302 3183 472 3253 νοερὰ
497 3182 594 3235 καὶ
622 3180 817 3252 λογικὴ
836 3181 934 3252 τῆς
954 3179 1136 3251 ψυχῆς
1162 3177 1420 3250 ἐνέργεια
1441 3219 1455 3241 ,
1491 3176 1790 3245 ἀκοίμητός
1816 3192 1876 3227 τε

306 3274 405 3328 καὶ
433 3272 695 3343 ἀσίγητος
731 3272 801 3325 τὰ
850 3272 1030 3324 πάντα
1056 3269 1363 3340 περιπολεῖ.
1413 3269 1590 3330 Ἐπεὶ,
1636 3266 1756 3329 πῶς
1788 3266 1883 3318 καὶ

305 3362 645 3435 χωριζομόνη
676 3361 771 3416 τοῦ
801 3361 1052 3431 σώματος
1074 3363 1129 3416 ἐν
1152 3360 1229 3430 τῷ
1245 3359 1479 3430 θανάτῳ,
1502 3357 1817 3412 συνίσταται
1843 3358 1876 3424 ἡ

305 3452 502 3522 λογικη
535 3450 703 3522 ψυχὴ,
734 3452 780 3504 εἰ
813 3452 887 3522 μὴ
910 3451 998 3503 διὰ
1021 3450 1123 3518 τῆς
1150 3451 1341 3520 νοερᾶς
1373 3450 1561 3518 αὑτῆς,
1605 3450 1699 3501 καὶ
1733 3447 1883 3512 ζωτι·

306 3543 431 3613 κῆς,
455 3544 550 3596 καὶ
573 3541 801 3607 ἀειζώου
826 3541 1104 3611 ἐνεργείας
1126 3558 1140 3606 ;
1166 3542 1326 3594 Πᾶσα
1350 3539 1449 3610 μὲν
1472 3542 1504 3606 ή
1526 3539 1883 3599 θεόπνευστος

306 3631 498 3702 Γραφὴ
520 3674 532 3697 ,
567 3632 1047 3700 καὶέὑαγγελικαὶ
1088 3632 1179 3684 καὶ
1213 3630 1574 3683 ἀποστολικαί
1621 3629 1877 3683 διδασκα-

305 3722 441 3785 λίαι,
485 3724 547 3776 ἐν
572 3725 820 3794 οὐρανοῖς
857 3723 1107 3791 λέγουσιν
1136 3717 1275 3775 εἶναι
1319 3721 1410 3775 τὸν
1440 3721 1508 3774 τὰ
1541 3721 1718 3774 πάντα
1750 3719 1886 3788 πλη-

309 3811 513 3884 ροῦντα
545 3812 710 3873 Θεόνο
741 3812 823 3865 διὸ
854 3810 1109 3866 κάκεῖθεν
1144 3809 1594 3879 καταϐεϐηκέναι
1625 3808 1720 3862 τὸν
1753 3808 1890 3861 Θεὸν

308 3903 483 3972 Λόγον
503 3903 844 3976 ἐγνώκαμεν,
864 3905 957 3973 καί
983 3904 1041 3957 ἰν
1065 3902 1316 3975 οὐρανοῖς
1343 3901 1507 3955 πάλιν
1528 3901 1667 3970 μετὰ
1685 3900 1891 3973 σαρκὸς

308 3995 714 4067 ἀναϐεϐηκέναι
766 3995 1122 4065 πιστεύομεν.
1169 3995 1378 4047 Οὐκοῦν
1423 3993 1473 4045 εἰ
1520 3992 1635 4045 ἀνω
1681 3991 1802 4044 ἐστί
1832 3991 1892 4044 τὸ

1982 3173 2107 3227 inde
2150 3175 2495 3246 descendisse
2529 3173 2765 3227 Verbum
2799 3171 2890 3225 Dei
2942 3178 2998 3224 et
3040 3169 3234 3224 iterum
3282 3181 3402 3220 cum
3431 3180 3555 3219 cor-

1980 3278 2112 3334 pore
2147 3268 2212 3319 ad
2241 3266 2410 3320 caelos
2442 3265 2755 3319 ascendisse
2782 3263 3094 3327 credimus;
3155 3259 3199 3314 si
3234 3260 3395 3328 igitur
3427 3271 3552 3311 sur—

1979 3368 2097 3413 5um
2130 3354 2313 3423 lumen
2342 3354 2611 3417 divinum,
2659 3351 2822 3410 Pater
2849 3362 3031 3407 noster
3061 3350 3151 3419 qui
3180 3358 3263 3407 est
3294 3349 3345 3402 in
3374 3346 3551 3409 caelis,

1981 3448 2026 3502 si
2056 3462 2270 3501 sursum
2306 3445 2537 3502 Verbum
2566 3447 2678 3510 Dei,
2708 3447 2889 3500 lumen
2923 3447 2986 3499 de
3012 3444 3233 3507 lumine,
3264 3441 3309 3495 si
3338 3454 3551 3503 sursum

1984 3537 2039 3592 in
2070 3537 2346 3593 altissimis
2378 3536 2612 3605 Spiritus
2643 3548 2894 3602 sanctus,
2954 3535 3133 3588 forsan
3168 3533 3233 3585 ad
3263 3529 3554 3600 imaginem

1989 3630 2135 3684 illius
2165 3628 2445 3681 altissima:
2475 3636 2528 3681 et
2557 3627 2915 3684 sanctissimae
2937 3624 3216 3679 Trinitatis
3247 3635 3409 3676 omne
3433 3635 3556 3674 cor-

1989 3720 2137 3790 poris
2167 3720 2338 3773 nostri
2369 3718 2548 3773 lumen
2584 3719 2636 3771 in
2669 3717 2951 3771 altioribus
2985 3716 3281 3779 habemus,
3331 3711 3554 3765 verbum

1988 3820 2041 3866 et
2073 3810 2319 3878 spiritum
2354 3809 2563 3862 narium
2600 3808 2757 3861 simul
2785 3815 3108 3875 congregata
3146 3807 3198 3858 in
3230 3802 3428 3872 capite,
3455 3816 3557 3854 un-

1989 3900 2080 3965 de,
2109 3899 2266 3969 quasi
2296 3913 2363 3953 ex
2390 3897 2650 3953 altissimo
2672 3896 2902 3966 quodam
2925 3895 3084 3959 coelo,
3111 3894 3360 3963 corporis
3384 3889 3555 3946 nostri

1994 3992 2251 4046 mundum
2286 3989 2421 4059 regit
2453 3996 2508 4041 et
2539 3987 2802 4040 illuminat
2834 3986 2962 4040 illud
2996 3985 3156 4040 trium
3190 3985 3446 4054 pleroma.

309 4086 455 4140 θεῖον
476 4087 610 4157 φῶς,
628 4086 860 4158 όΠατὴρ
893 4085 1051 4157 ἡμῶν
1068 4087 1096 4137 ὁ
1116 4086 1172 4137 ἐν
1197 4087 1307 4147 τοῖς
1330 4083 1616 4154 οὐρανοῖς
1635 4082 1732 4135 καὶ⁹
1765 4082 1877 4137 ἄνω
1914 4081 1942 4132 ό
1971 4081 2104 4143 θεὸς
2137 4080 2309 4146 Λόγος
2336 4078 2397 4130 τὸ
2431 4078 2495 4129 ἐκ
2552 4077 2647 4128 τοῦ
2701 4075 2878 4144 φωτὸς
2903 4073 3019 4144 φῶς
3038 4114 3051 4135 ,
3094 4075 3189 4127 καὶ
3208 4073 3322 4127 ἄνω
3349 4074 3406 4125 ἐν
3434 4069 3556 4139 ὑψί-

311 4192 460 4240 στοις
490 4176 553 4229 τὸ
601 4176 826 4246 Πνεῦμα
851 4175 913 4228 τὸ
937 4176 1113 4242 ἆγιον,
1149 4173 1279 4237 ἴσως
1302 4173 1423 4226 κατ’
1454 4173 1641 4226 εἰκόνα
1665 4171 1872 4245 ταύτης
1911 4171 2008 4241 τῆς
2039 4170 2264 4239 ὑψίστου
2290 4167 2448 4236 ἁγίας
2519 4167 2751 4238 Τριάὸος
2796 4168 2856 4219 ἐν
2918 4168 3034 4229 τοῖς
3065 4164 3415 4236 ὑψηλοτέροις
3436 4162 3557 4216 ὅλον

308 4267 406 4323 τοῦ
448 4267 702 4338 σώματος
730 4267 927 4338 ἔχομεν
958 4265 1018 4318 τὸ
1043 4263 1192 4333 φῶς,
1260 4262 1357 4317 καὶ
1394 4262 1488 4316 τὸν
1527 4262 1708 4330 λόγον,
1736 4263 1827 4315 καὶ
1858 4260 1918 4312 τὸ
1957 4260 2176 4329 πνεῦμα
2242 4258 2354 4311 τῶν
2403 4256 2587 4327 ῥινῶν,
2626 4254 2980 4325 πλησιόχωρα
3013 4272 3073 4307 τε
3102 4255 3198 4307 καὶ
3235 4254 3294 4305 ἐν
3334 4252 3413 4321 τῷ
3437 4252 3555 4322 ἃμα

310 4365 370 4416 ἐν
401 4364 467 4433 τῇ
499 4361 740 4432 ἡμετέρᾳ
762 4359 972 4430 κεφαλῇ
1013 4360 1372 4435 τυγχάνοντα,
1413 4358 1671 4413 κάκεῖθεν
1737 4359 1814 4420 ὼς
1853 4359 1912 4423 ἐξ
1948 4356 2180 4429 ούρανοῦ
2222 4372 2369 4419 τινος
2418 4352 2666 4425 ὑψηλοῦ,
2724 4353 2818 4406 τὸν
2870 4353 3074 4423 κόσμον
3148 4350 3242 4403 τοῦ
3301 4348 3553 4418 σώματος

307 4453 614 4510 διοικοῦντα
661 4454 759 4508 καὶ
802 4454 1107 4523 φωτίζοντα
1139 4452 1296 4508 τοῦτο
1332 4452 1391 4505 τὸ
1411 4452 1690 4522 τριαδικὸν
1728 4452 2024 4523 πλήρωμα.

1994 4668 2045 4673 ..-
2084 4668 2117 4672 --
2144 4664 2381 4671 η-σ.-..----ρ.-
2400 4664 2423 4670 ο
2450 4664 2483 4669 --
2510 4662 2628 4669 ..-ο-η..
2658 4659 2901 4670 ,ον-νοῳ-ο-ς
2922 4650 3527 4680 *Μ

1893 4680 2937 4689 ——————-———————-———-—.___
2984 4680 3019 4681 κγ

1817 4662 1977 4674 ..ιο-ς
1994 4668 2045 4673 ..-
2084 4668 2117 4672 --
2144 4666 2247 4671 κη.-.

1626 4668 1888 4690 Ἢ

926 4670 1393 4677 .___._.__.._.A-_-
1406 4670 1547 4676 ...,-..,
1568 4668 1667 4675 .._.

316 4670 1595 4701 Wm—
1626 4682 1667 4690 ..-

768 4682 1203 4694 w-

1214 4682 1595 4692 m—

1154 4841 1533 4905 MONITUM
1567 4839 1664 4902 ἸΝ
1711 4839 2191 4912 SEQUENTEM
2251 4837 2723 4898 SERMONEM.

1456 5024 1681 5087 (BANDIN.
1722 5023 1965 5083 Anecdola
1990 5024 2180 5083 (ἔνατα,
2205 5036 2254 5084 p.
2281 5021 2423 5086 xvu.)

384 5350 610 5406 Accedit
639 5349 911 5405 Anastasii
957 5347 1259 5420 presbyteri
1294 5348 1515 5402 Sinaita:
1540 5388 1555 5412 ,
1592 5348 1685 5420 qui
1724 5347 1922 5420 saeculo
1955 5348 2215 5420 vixitrn,
2248 5360 2431 5401 sermo
2456 5347 2495 5420 5,
2526 5347 2581 5399 in
2617 5358 2724 5412 quo
2758 5340 3022 5403 declarat,
3053 5332 3558 5420 {lttgrg'dlttlsffff

312 5403 587 5481 monesin
628 5403 998 5482 illudilictum,
1035 5403 1140 5472 Αιί
1158 5419 1441 5488 imaginem
1469 5403 1891 5488 conscripserit;
1925 5403 2270 5488 ostenditque
2302 5432 2406 5488 qua
2440 5403 2505 5488 de
2537 5403 2735 5477 causa,
2771 5420 2930 5488 atque
2964 5403 3121 5486 unde
3142 5405 3352 5488 initium
3386 5403 3561 5488 diutul-

315 5436 504 5481 mones
535 5437 587 5481 In
628 5433 998 5482 tllndtttctum,
1035 5433 1115 5472 Aa
1158 5434 1441 5488 imaginem
1469 5433 1685 5471 conseri
1726 5433 1891 5483 serit;
1925 5433 2270 5483 OSIenuuque
2302 5433 2406 5484 qua
2440 5433 2505 5470 ue
2537 5433 2735 5477 causa,
2771 5433 2930 5478 :tupte
2965 5433 3104 5460 uuue
3142 5433 3352 5457 Illltluul
3392 5433 3557 5452 uuam—

315 5492 387 5547 rit
415 5494 484 5553 de
515 5491 918 5559 operationibus
951 5498 1114 5558 atque
1159 5484 1529 5559 volutLIatibus
1562 5487 1613 5540 in
1654 5433 1881 5559 Citristo
1905 5487 2200 5559 disputatio
2252 5503 2275 5559 :_
2315 5485 2673 5559 deindevero
2705 5477 2957 5559 proponil
2981 5517 2996 5541 τ
3032 5475 3261 5559 quin“?!
3289 5481 3440 5559 π’ξξξξίίῖ
3475 5467 3557 5559 ζει

314 5541 481 5623 ié'ctis'
506 5541 942 5629 tiéé’iiiC’tn-isio
966 5541 1270 5615 decuerint.
1304 5541 1542 5612 Eruditze
1576 5557 1915 5627 antiquitatis
1956 5541 2229 5612 studiosos
2264 5556 2433 5610 latere
2462 5541 3444 5608 minimearbitramur:Attztstasiutn
3474 5541 3560 5594 δι’

391 5718 470 5787 (Ι)
507 5716 741 5787 Operam
781 5714 1062 5789 Chtysost.
1107 5724 1236 5772 t‘om.
1274 5712 1414 5781 XIII,
1456 5713 1666 5782 p.185.

1678 5982 1705 6011 Ι
