3988 6142
304 345 466 439 uss

1732 364 1986 430 SERMO
2024 368 2137 431 III.

3424 380 3559 449 “3'4

320 463 487 519 οἱονεὶ
526 464 923 537 προθεμελίους
964 471 1275 536 καταϐολὰς
1314 470 1702 546 ἀνορύττοντες
1728 520 1743 547 ,
1798 482 1892 534 κα)⁸

2011 485 2126 550 ’Ῐη1,
2184 485 2249 539 iis
2269 487 2501 555 primmn
2537 490 2747 545 radices
2778 506 2986 556 eorum,
3016 492 3404 562 cardinumque
3440 495 3565 551 fun-

323 555 687 625 γυμνοῦντες,
722 559 822 626 καὶ,
846 564 1355 631 προκατασείοντες,
1385 569 1687 637 τηνικαῦτα
1722 571 1892 640 εὐμα-

322 648 436 717 ρῶς
457 690 473 714 ,
506 648 584 712 ὡς
616 649 817 721 ἄριστα
850 651 1165 720 διαγνόντες
1188 697 1202 721 ,
1248 655 1450 726 ἄριστα
1480 661 1573 712 καὶ
1624 661 1896 731 ἰατρεύειν

318 738 668 809 δυνήσονται.
706 742 820 795 Οὐκ
848 744 954 796 εἰσὶ
991 746 1172 799 τοίνυν
1204 746 1384 801 λαλιαὶ
1404 788 1419 813 ,
1450 749 1789 821 ρύδὲλόγοι,
1821 743 1896 808 ὧν

324 830 445 899 οὐχὶ
493 830 780 885 ἀκούονται
829 835 884 886 αἱ
928 837 1105 902 φωναὶ
1133 838 1313 892 αὐτῶν
1335 855 1349 868 ⁸
1383 841 1519 894 ἀλλὰ
1553 844 1659 915 μὴν
1694 848 1785 898 καὶ
1817 848 1897 909 είς

326 918 507 1006 πᾶσαν
540 920 637 987 τὴν
662 922 766 990 γῆν
794 922 1018 993 ἐξῆλθεν
1040 927 1069 977 ό
1098 927 1336 1003 φβόγγος
1369 932 1569 999 αὐτῶν,
1605 936 1701 987 καὶ
1725 934 1803 998 εἰς
1830 936 1897 989 τὰ

328 1009 543 1078 πέρατα
569 1012 668 1079 τῆς
683 1012 1014 1083 οἰκουμένης
1040 1017 1108 1069 τὰ
1139 1020 1362 1088 ῥήματα
1390 1022 1591 1077 αὐτῶν.
1618 1022 1895 1094 Ἐκείνων,

328 1102 493 1170 λέγω,
534 1104 643 1156 τῶν
674 1106 1012 1174 πολεμικῶν,
1049 1111 1332 1179 Περσικῶν
1366 1130 1424 1166 τε
1456 1115 1549 1167 καὶ
1576 1111 1899 1185 Ῥωμαϊκῶν

329 1194 706 1263 παρατάξεων,
738 1197 899 1266 ἡνίκα
927 1198 1016 1250 τὸν
1035 1203 1315 1268 νικητικὸν
1335 1205 1592 1273 τρόπαιον
1613 1203 1706 1257 τοῦ
1731 1206 1899 1258 Σταυ-

331 1284 427 1354 ροῦ
463 1286 753 1356 συνεργεία
789 1287 924 1340 Θεοῦ
964 1290 1233 1360 ἐπανῆλθε
1279 1292 1401 1362 μεθ’
1446 1295 1769 1365 Ἡρακλείου
1805 1296 1897 1349 τοῦ

331 1377 596 1448 βασιλέως
629 1383 687 1432 ὲν
725 1381 1104 1452 Ἰερουσαλήμ.

401 1462 570 1529 Οὗτος
607 1470 672 1539 δὴ
718 1473 746 1523 ό
775 1474 874 1541 τῆς
918 1471 1237 1543 Ῥωμαῖκῆς
1275 1478 1396 1529 κατ’
1450 1476 1659 1530 ἐκείνου
1704 1472 1898 1545 καιροῦ

329 1561 674 1630 σκηπτοῦχος
729 1562 1003 1631 βασιλείας
1062 1565 1384 1635 Ἡράκλειος
1426 1569 1518 1620 ἐπὶ
1557 1569 1628 1622 τὰ
1658 1568 1901 1622 Χαλδαῖέι

326 1666 390 1703 τε
435 1653 529 1703 καὶ
572 1653 819 1719 Περσικὰ
874 1653 1112 1722 μέλεθρα
1157 1656 1256 1718 τὰς
1308 1657 1534 1727 πορείας
1578 1660 1900 1727 ποιούμενος

328 1741 475 1795 κατὰ
501 1742 599 1809 τὴν
640 1742 957 1811 Ἀντιοχέων
978 1745 1153 1807 πόλιν,
1183 1750 1566 1816 περιτυγχάνει
1598 1750 1704 1802 τινὶ
1743 1749 1899 1803 Ἀθα-

2001 573 2274 640 damenta,
2300 578 2535 631 eruenda
2558 589 2702 645 sunt,
2729 579 3049 633 denudanda
3083 579 3151 634 ab
3186 582 3402 650 imoque
3436 598 3567 636 con-

2002 665 2251 721 cutienda
2285 683 2299 720 :
2337 678 2464 722 tunc
2505 673 2701 740 quippe
2733 670 2909 734 facile,
2936 688 3058 725 cum
3079 672 3225 740 ipsos
3248 675 3449 741 optime
3475 691 3567 729 co-

2001 756 2236 822 gnorint,
2262 757 2342 812 eis
2377 774 2592 829 quoque
2628 770 2876 829 poterunt
2920 762 3135 829 egregie
3184 762 3404 816 mederi.
3451 763 3564 817 Nmt

2003 846 2164 915 igitur
2189 864 2377 917 nugas,
2420 861 2510 903 aut
2543 851 2913 905 inaniaverba
2947 852 3300 918 proferemus,
3335 869 3565 919 quorum

2002 951 2107 990 non
2142 937 2434 992 audiantur
2468 955 2625 994 voces
2655 958 2668 993 :
2707 942 2799 994 sed
2831 942 2882 994 in
2921 956 3136 995 onmem
3171 942 3334 996 etiam
3366 953 3564 996 terram

2000 1027 2164 1081 exivit
2206 1042 2371 1082 sonus
2416 1044 2633 1096 eorum,
2662 1042 2716 1084 et
2765 1032 2817 1084 in
2864 1034 2996 1085 lines
3025 1033 3172 1086 orbis
3211 1042 3369 1086 terra:
3404 1033 3566 1086 verba

2000 1131 2205 1174 eorum.
2236 1118 2455 1182 Eorum.
2494 1120 2731 1189 inquam,
2765 1122 3071 1185 militarium
3101 1122 3372 1187 ordinum,
3397 1122 3570 1181 Persi-

2001 1224 2182 1263 carnm
2213 1210 2688 1279 Romanarnmqne
2715 1213 3001 1277 classium,
3035 1230 3157 1268 cum
3209 1215 3561 1269 victoriosum

1999 1296 2190 1355 Crucis
2244 1311 2504 1371 trepzeum
2554 1303 2736 1359 divino
2781 1303 3088 1370 adjutorio,
3128 1321 3249 1377 cum
3308 1306 3560 1360 Heraclio

2003 1403 2125 1455 rege
2153 1390 2205 1443 in
2239 1388 2536 1445 Jerusalem
2572 1409 2844 1447 reversum
2878 1404 2983 1449 est.

2058 1478 2157 1534 llic
2177 1483 2381 1536 scilicet
2409 1480 2636 1537 Romani
2656 1486 2864 1553 imperii
2890 1502 2951 1540 ea
2972 1497 3293 1554 tempestate
3327 1491 3568 1545 modera‘

2004 1579 2086 1623 tor
2115 1569 2412 1636 Heraclius,
2438 1589 2557 1627 cum
2589 1586 2704 1642 post
2741 1576 3041 1641 Chaldaeos,
3076 1579 3377 1648 Persasque
3403 1595 3565 1648 supe-

2003 1669 2147 1711 ratos
2178 1660 2278 1713 iter
2308 1662 2373 1713 ad
2407 1662 2873 1718 Antiochcnorum
2906 1668 3179 1721 civitatem
3211 1670 3565 1736 instituisset,

2002 1749 2055 1802 in
2085 1748 2442 1804 Athanasium
2486 1756 2769 1820 quemdam
2810 1757 3001 1811 incidit
3030 1759 3246 1812 odibilis
3294 1758 3566 1813 Jacobita-

328 1830 504 1900 νασίῳ
561 1832 880 1903 πατριάρχῃ
934 1832 1213 1904 λεγομένῳ
1260 1836 1359 1904 τῆς
1403 1837 1510 1889 τῶν
1569 1836 1899 1919 Ίακωὸιτῷν

2011 1855 2118 1893 runt
2176 1842 2509 1898 hierarchias
2544 1834 2928 1913 patriarcham'
2958 1859 3350 1918 nuncupatum,
3393 1851 3570 1904 homi-

333 1922 715 1991 μισιεραρχίας
736 1962 752 1987 ,
789 1923 950 1992 δεινῷ
975 1941 1081 1976 τινι
1111 1924 1225 1977 ὄντι
1259 1928 1383 1996 περὶ
1417 1926 1609 1994 λόγους
1630 1967 1644 1989 ,
1675 1929 1767 1980 καὶ
1801 1944 1903 1981 κα-

330 2010 552 2081 κούργῳ
578 2013 645 2082 τῇ
680 2011 789 2064 τῶν
832 2012 1017 2084 Σύρων
1057 2013 1286 2084 έμφύτῳ
1318 2017 1642 2087 πανουργίᾳ.
1678 2018 1786 2071 Καὶ
1815 2035 1901 2072 κιο

331 2102 503 2174 νήσας
534 2102 672 2172 πρὸς
702 2102 864 2155 αὐτὸν
906 2105 1041 2167 τοὺς
1063 2105 1192 2174 περὶ
1224 2105 1460 2167 πίστεως
1498 2106 1611 2158 τῶν
1642 2105 1736 2159 δύο
1768 2109 1902 2177 Χρι-

330 2192 463 2247 στοῦ
488 2192 705 2261 φύσεων
735 2195 966 2263 λόγους,
997 2196 1025 2247 ὁ
1068 2194 1318 2265 βασιλεὺς
1360 2197 1689 2266 ὑπισχνεῖτο,
1733 2197 1807 2260 ὡς
1854 2198 1902 2250 εί

331 2282 582 2355 πεισθείη
609 2284 759 2353 αὐτῷ
782 2324 796 2348 ,
821 2286 916 2337 καὶ
940 2285 1159 2355 δέξηται
1190 2287 1290 2356 τὴν
1310 2287 1481 2354 ἁγίαν
1516 2287 1731 2341 σύνοδον
1760 2286 1915 2342 Χαλ-’

332 2372 601 2443 κηδόνος,
648 2375 995 2444 πατριάρχην
1042 2376 1207 2428 αὐτὸν
1253 2377 1517 2448 καθιστᾷν
1562 2378 1663 2445 τῆς
1715 2378 1904 2431 αὐτόθι

333 2464 496 2532 ἁγίας
525 2465 819 2535 καθολικῆς
859 2466 1209 2535 Ἐκκλησίας.
1239 2468 1365 2521 Εἴτε
1393 2465 1483 2522 οὖν
1514 2470 1571 2522 έν
1593 2467 1900 2541 ὑποκρίσει,

334 2556 446 2609 εἴτε
472 2556 567 2609 καὶ
592 2558 715 2610 καθ’
744 2556 934 2628 ἕτερον
962 2558 1163 2628 τρόπον
1190 2561 1342 2629 ὅμως
1386 2560 1612 2626 ἐδέξατο
1634 2558 1734 2629 τὴν
1769 2559 1903 2612 σύν-

334 2647 457 2701 οδον
504 2648 534 2699 ό
568 2647 884 2710 Ἀθανάσιος
906 2687 921 2711 ,
958 2649 1300 2719 ὁμολογήσας
1334 2650 1437 2713 τὰς
1463 2649 1557 2704 δύο
1585 2652 1645 2703 ὲν
1678 2649 1903 2721 Χριστῷ

336 2727 621 2807 ἡνωμένας
646 2737 856 2806 φύσεις.
884 2738 991 2790 Καὶ
1013 2739 1216 2792 τούτων
1242 2740 1632 2811 στοιχηθέντων
1653 2739 1905 2812 ἠρώτησε

334 2822 429 2878 τὸν
453 2823 674 2894 βασιλέα
702 2827 831 2897 περὶ
857 2825 959 2895 τῆς
987 2827 1269 2897 ἐνεργείας
1288 2865 1303 2889 ,
1330 2828 1425 2880 καὶ
1456 2827 1564 2879 τῶν
1586 2827 1905 2897 Θελημάτων

336 2913 420 2978 τὸ,
457 2913 573 2977 πῶς
602 2915 682 2967 δεῖ
720 2914 895 2968 ταῦτα
922 2915 1105 2983 λέγειν
1148 2918 1205 2968 ἐν
1233 2916 1311 2986 τῷ
1350 2916 1600 2986 Χριστῷ,
1633 2916 1831 2983 διπλᾶ,
1867 2918 1901 2988 ἢ

339 3003 738 3074 μωαδικὰ;;’0
777 3004 913 3072 γοῦν
950 3005 1204 3075 βασιλεὺς
1258 3005 1650 3076 ξενοφωνηθεὶς
1697 3007 1791 3061 ἐπὶ
1834 3010 1901 3079 τῇ

336 3095 628 3165 ἐρωτήσει,
654 3097 749 3150 ἅτε
775 3096 841 3166 δὴ
868 3096 1020 3148 οὔπω
1043 3099 1184 3149 κατὰ
1209 3098 1334 3159 τοὺς
1361 3098 1660 3167 ἡμετέρους
1679 3099 1904 3169 καιροὺς

338 3183 622 3256 κινηθείσῃ
647 3223 664 3247 ,
693 3185 895 3255 γράφει
926 3185 1062 3254 πρὸς
1092 3187 1365 3255 Μαρτῖνον
1396 3187 1487 3237 τὸν
1530 3187 1719 3239 πάπαν
1758 3186 1907 3239 Ῥώ-

342 3292 453 3344 μης
485 3274 612 3346 περὶ
642 3277 858 3329 τούτου·
891 3276 1093 3344 ὁμοίως
1123 3277 1216 3329 καὶ
1244 3277 1382 3345 πρὸς
1412 3277 1636 3347 Σέργιον
1663 3276 1754 3330 τὸν
1784 3276 1908 3330 ἐπί-

341 3383 543 3420 σκοπον
569 3367 1213 3430 Κωνσταντινουπόλεως.
1248 3369 1358 3421 Καὶ
1387 3371 1414 3421 ὁ
1444 3368 1541 3438 μὲν
1571 3368 1760 3431 πάπας
1783 3367 1911 3438 ἐσή-

339 3475 513 3530 μανεν
537 3458 685 3528 αὐτῷ
722 3458 863 3513 κατὰ
902 3459 1004 3530 τὴν
1036 3459 1334 3527 παράδοσιν
1378 3459 1485 3512 τῶν
1526 3459 1699 3526 ἁγίων
1730 3459 1909 3512 Πατέ-

341 3567 475 3619 ρων,
503 3551 697 3616 λέγων,
725 3551 806 3604 ὅτι
830 3549 958 3603 ἔνθα
986 3551 1081 3604 δύο
1107 3550 1294 3619 φύσεις
1319 3550 1694 3620 γνωρίζονται,
1717 3548 1909 3619 κτιστὴ

338 3642 477 3711 όμοῦ
500 3659 565 3699 ,τε
596 3642 689 3695 καὶ
714 3643 987 3705 ἄκτιστος,
1021 3643 1238 3710 ἀνάγκη
1268 3644 1417 3695 πᾶσα
1441 3642 1588 3711 ἔχειν
1619 3642 1790 3704 αὑτὰς
1816 3641 1912 3693 καὶ⁹

340 3734 440 3795 τὰς
488 3733 581 3786 δύο
619 3733 806 3786 ἀὐτῶν
839 3733 1076 3802 φυσικὰς
1114 3732 1383 3800 ἰδιότητας
1406 3772 1420 3798 ,
1456 3731 1600 3798 λέγω
1630 3731 1695 3801 δὴ
1724 3730 1792 3784 τὰ
1821 3730 1913 3782 θε-

291 3832 309 3895 ,ητ
337 3823 595 3893 λήματα,
626 3824 722 3877 καὶ
757 3821 856 3886 τὰς
885 3823 1184 3891 ἐνεργείαςο
1216 3814 1291 3875 ὧν
1319 3823 1429 3891 γὰρ
1491 3822 1524 3891 ή
1564 3820 1780 3890 θέλησις
1817 3820 1913 3873 καὶ

292 3916 303 3981 ἔ»
340 3922 377 3990 ἡ
415 3919 666 3990 ἐνέργεια
698 3919 797 3991 μία
824 3959 838 3984 ,
884 3917 1090 3972 τούτων
1123 3918 1340 3978 πάντως
1370 3915 1466 3968 καὶ
1511 3917 1543 3985 ὴ
1586 3914 1746 3983 φύσις
1782 3913 1911 3984 μία,

342 4012 439 4063 καὶ
468 4012 528 4063 οὐ
564 4011 656 4063 δύο
682 4010 1032 4081 τυγχάνουσι.
1066 4008 1251 4062 Ταῦτα
1282 4008 1377 4060 καὶ
1405 4007 1473 4060 τὰ
1505 4006 1733 4062 τοιαῦτα
1757 4006 1914 4075 Μαρ-

339 4099 493 4152 τίνου
518 4099 585 4151 τὰ
620 4101 944 4169 γράμματα.
968 4132 977 4136 η

432 4356 491 4408 '0
517 4357 574 4410 δὲ
607 4356 1225 4418 Κωνσταντινουπόλεως
1255 4354 1501 4425 Σέργιος,
1525 4353 1621 4407 ἅτε
1649 4352 1713 4423 δὴ
1750 4355 1919 4423 Συρο-

345 4452 512 4520 γενὴς
540 4451 819 4522 ὑπάρχων,
850 4450 924 4514 ὡς
968 4449 1031 4521 δὴ
1059 4432 1254 4517 λόγος,
1284 4448 1380 4500 καὶ
1413 4446 1618 4514 γονέων
1665 4444 1918 4499 Ἰακωσι-

345 4541 457 4595 τῶν
486 4541 736 4609 ἔγγονος,
777 4542 842 4595 τὰ
888 4542 1101 4595 ἐναντία
1133 4542 1411 4611 Μαρτίνου
1444 4538 1733 4593 ἐπέστελλε
1781 4537 1917 4608 πρὸς

358 4633 697 4704 Ἡράκλειον,
731 4634 860 4704 μίαν
886 4649 945 4686 τε
982 4633 1212 4704 φυσικὴν
1237 4634 1478 4703 θέλησιν,
1511 4633 1607 4686 καὶ
1641 4632 1920 4702 ἐνέργειαν

347 4727 410 4778 ὲν
435 4725 656 4797 Χριστῷ
686 4726 1042 4797 ὁμολογήσας.
1069 4725 1368 4795 Δεξάμενος
1394 4720 1488 4778 οὖν
1517 4726 1545 4777 ό
1569 4723 1823 4794 βασιλεὺς
1859 4723 1918 4789 ἐξ

350 4821 677 4890 ἀμφοτέρων
710 4820 777 4873 τὰ
801 4821 1105 4891 γράμματα
1134 4818 1416 4889 ἐστοίχησε
1451 4816 1652 4888 μᾶλλον
1677 4818 1789 4879 τοῖς
1818 4815 1922 4868 ὑπὸ

350 4911 580 4980 Σεργίου
632 4916 938 4984 γραφεῖσινο
992 4911 1134 4982 ἅπερ
1182 4911 1276 4963 καὶ
1338 4910 1654 4973 Ἀθανάσιος
1706 4908 1923 4971 ὑπτίαις

353 5002 545 5072 χερσὶν
592 5004 841 5072 ἀσμένως
873 5002 1118 5067 ἐδέξατο,
1153 5002 1230 5064 ὡς
1273 5001 1578 5072 κακοῦργος
1619 5000 1923 5070 γινώσκων,

351 5094 439 5151 ὅτι
467 5092 593 5146 ἔνθα
624 5094 720 5164 μία
757 5095 1006 5165 ἐνέργεια
1037 5094 1270 5163 εῐρηται,
1308 5095 1426 5145 ἐκεῖ
1456 5094 1672 5155 πάντως
1700 5093 1795 5145 καὶ
1827 5092 1924 5161 μία

354 5183 518 5253 φύσις
541 5184 887 5255 γνωρίζεται.
915 5181 1048 5237 Εἶτα
1071 5184 1456 5238 ἀποστέλλεται
1478 5186 1505 5236 ό
1532 5184 1717 5245 πάπας
1743 5179 1927 5252 Κῦρος

356 5273 417 5325 ἑν
486 5273 892 5344 Ἀλεξανδρείᾳ,
945 5276 1091 5329 ποιεῖ
1132 5274 1327 5336 καύτὸς
1368 5275 1568 5343 ὁμοίως
1625 5273 1785 5326 κάκεῖ
1830 5273 1928 5342 τὴν

360 5364 642 5436 ὑδροσαφῆ
670 5366 884 5436 ἐκείνην
904 5367 992 5420 διὰ
1036 5367 1313 5438 Θεοδώρου
1346 5366 1440 5419 τοῦ
1469 5365 1769 5436 Φαρανίτου
1799 5365 1931 5418 ἓνω⁸

357 5472 467 5520 σιν,
502 5456 700 5526 μᾶλλον
749 5457 806 5510 δὲ
835 5458 1067 5510 κένωσιν
1112 5457 1262 5527 μίαν,
1315 5456 1509 5510 καύτοὶ
1560 5454 1748 5507 αὐτόθι
1793 5456 1931 5526 γρά-

356 5549 561 5619 ψαντες
607 5549 665 5601 ὲν
712 5550 935 5619 Χριστῷ
966 5551 1204 5619 φυσικὴν
1245 5550 1345 5619 τὴν
1378 5549 1678 5619 ἐνέργειαν.
1715 5545 1931 5600 Τούτων

360 5639 427 5708 δὴ
458 5638 647 5691 λοιπὸν
686 5638 829 5692 οὕτω
863 5640 1006 5693 κατὰ
1045 5640 1153 5693 τῶν
1199 5639 1515 5708 Ἀντιοχέων
1550 5638 1643 5692 καὶ
1682 5636 1929 5715 ’ᾼλεξαν-
1976 5683 1985 5691 .

364 5730 537 5797 δρέων
564 5731 1181 5802 παρακολουθησάντων,
1218 5732 1307 5794 εἰς·
1340 5732 1481 5800 μέγα
1508 5730 1708 5793 ὄνειδος
1740 5731 1772 5799 ἡ
1806 5728 1932 5781 σύν-

2002 1946 2121 1984 nem
2144 1946 2390 1987 sermone
2418 1944 2748 2003 promptum,
2780 1945 2835 1990 et
2864 1939 3165 2006 improbum
3190 1941 3369 1993 nativa
3403 1940 3569 2009 Syro.

2002 2037 2120 2076 rum
2167 2018 2481 2078 calliditate.
2530 2025 2775 2095 Cumque
2807 2028 2910 2080 sibi
2941 2029 3169 2082 invicem
3217 2028 3285 2082 de
3333 2030 3566 2096 duplicis

2001 2110 2200 2165 Christi
2224 2122 2430 2167 natura:
2462 2114 2565 2167 [ide
2602 2117 3098 2177 communicassent
3140 2119 3479 2182 sententias,
3517 2119 3570 2172 id

2003 2203 2216 2257 tandem
2249 2204 2519 2273 pollicitus
2547 2214 2628 2257 est
2664 2205 2981 2274 imperator,
3010 2208 3053 2258 si
3085 2207 3187 2261 sibi
3235 2221 3438 2261 morem
3479 2202 3571 2277 ge-

2004 2296 2168 2357 reret,
2202 2303 2554 2362 sanctamque
2584 2294 3079 2349 Chalcedonensem
3108 2298 3371 2367 synodum
3402 2299 3572 2353 susci-

2003 2392 2187 2451 peret,
2243 2383 2413 2450 ipsum
2463 2384 2580 2453 ejus
2604 2394 2804 2438 sanctae
2838 2386 3119 2439 catholica:
3164 2385 3417 2439 Ecclesia:
3477 2401 3572 2453 pa—

2006 2470 2291 2524 triarcham
2332 2469 2446 2525 fore
2493 2467 2939 2525 constituturum.
2978 2471 3101 2525 Sive
3137 2473 3300 2543 igitur
3352 2472 3571 2525 simula-

2006 2561 2170 2627 tione,
2223 2561 2337 2616 sive
2384 2561 2489 2615 alio
2534 2560 2725 2630 quovis
2788 2559 2950 2614 modo
3004 2563 3244 2631 suscepit
3307 2562 3573 2632 synodum

2002 2653 2353 2717 Athanasius,
2390 2653 2656 2722 simulque
2683 2655 2818 2707 duas
2852 2655 2903 2707 in
2931 2652 3150 2708 Christo
3194 2653 3375 2707 unitas
3409 2660 3570 2705 natu-

2003 2755 2092 2793 ras
2109 2754 2229 2795 esse
2251 2738 2529 2794 confessus
2549 2752 2651 2796 est.
2673 2740 2766 2793 His
2790 2741 2860 2795 ita
2878 2742 3207 2809 compositis,
3225 2741 3335 2808 ipse
3353 2739 3422 2794 de
3446 2753 3576 2807 ope-

2005 2830 2322 2895 rationibus,
2348 2841 2402 2885 et
2430 2833 2792 2887 voluntatibus
2825 2843 3172 2901 percontatur
3198 2848 3227 2886 a
3270 2847 3394 2901 rege
3412 2869 3430 2894 ,
3452 2831 3574 2886 uni-

2003 2934 2193 2975 camne
2243 2929 2449 2974 tantum
2503 2939 2569 2975 an
2614 2922 2854 2990 duplices
2889 2925 2984 2977 has
3018 2924 3221 2990 pariter
3256 2923 3311 2975 in
3355 2922 3576 2976 Christo

2003 3010 2520 3079 oporteatproliteri.
2538 3011 2861 3075 Qumstimuis
2884 3011 3162 3077 utriusque
3177 3009 3411 3062 novitate
3430 3000 3583 3061 como‘

2008 3110 2181 3154 motus
2201 3115 2288 3154 rex
2309 3101 2603 3171 (nunquam
2621 3100 2815 3154 etenim
2840 3101 2904 3152 ad
2925 3110 3105 3153 nostra
3125 3100 3238 3152 hac
3256 3112 3422 3165 usque
3443 3105 3577 3150 tem-

2008 3205 2137 3259 pora
2164 3192 2396 3245 excitata
2438 3191 2653 3259 fuerat),
2689 3191 2755 3245 de
2806 3191 2889 3244 his
2933 3191 3000 3243 ad
3056 3188 3343 3242 Martinum
3388 3187 3578 3242 scribit

2012 3298 2202 3350 papam
2225 3280 2551 3345 Romanum,
2597 3281 2889 3351 itidemque
2913 3282 2979 3335 ad
3032 3281 3279 3350 Sergium
3305 3277 3576 3332 Constan-

2012 3372 2261 3441 tinopolis
2278 3374 2613 3439 episcopum.
2646 3371 2820 3439 Atque
2865 3387 2893 3424 a
2940 3386 3076 3440 papa
3105 3370 3319 3437 quidem
3353 3380 3575 3435 respon-

2010 3476 2126 3517 sum
2159 3463 2391 3529 accipit,
2418 3477 2524 3530 quo
2556 3462 2807 3517 videlicet
2836 3463 2937 3516 sibi
2976 3459 3385 3530 signiﬁcabatur
3421 3455 3576 3523 juxta

2011 3562 2321 3606 sanctorum
2385 3550 2603 3605 Patrum
2673 3552 3046 3616 traditionem,
3120 3549 3209 3603 ubi
3277 3548 3396 3601 duae
3455 3557 3576 3598 esse

2014 3649 2310 3695 noscuntur
2340 3650 2567 3707 naturae,
2599 3649 2778 3696 creata
2811 3640 3065 3694 nimirum
3088 3679 3106 3703 ,
3145 3648 3305 3707 atque
3340 3639 3578 3690 increata

2013 3732 2217 3797 simul,
2282 3731 2357 3785 ibi
2416 3745 2641 3786 necesse
2681 3734 2882 3799 pariter
2930 3744 3089 3795 esse,
3140 3740 3579 3797 unamquamque

2015 3821 2283 3876 naturales
2311 3836 2439 3877 suas
2487 3821 2682 3875 habere
2715 3821 3107 3889 proprietates;
3150 3818 3302 3883 duas,
3336 3817 3577 3885 inquam,

2015 3911 2359 3976 voluntates,
2404 3895 2582 3978 atque~
2611 3909 2956 3977 Operationes
3002 3924 3016 3960 :
3056 3921 3284 3975 quorum
3348 3917 3582 3972 namque

2014 4002 2279 4066 voluntas,
2300 3999 2645 4068 operatinqne
2666 4012 2768 4051 una
2790 4009 2892 4063 est,
2919 3998 3107 4051 horum
3132 3995 3335 4066 pariter
3367 3994 3581 4047 unicam

2015 4093 2266 4153 omnino,
2316 4105 2418 4144 non
2455 4089 2720 4158 duplicem
2774 4085 3096 4142 censendam
3152 4099 3273 4139 esse
3309 4094 3578 4136 naturam.

2020 4185 2168 4237 lianc
2199 4196 2418 4253 prorsus
2443 4179 2764 4235 sententiam
2788 4177 3001 4233 Martini
3032 4176 3223 4231 litterae
3252 4173 3581 4242 complecte-

2017 4277 2231 4331 bantur.

2093 4366 2314 4437 Sergius
2368 4380 2496 4419 vero
2533 4360 3086 4431 Constantinopolita,
3115 4358 3205 4428 qni
3253 4356 3459 4413 scilicet
3517 4371 3583 4409 ex

1952 4478 1995 4532 υ
2026 4452 2178 4524 Syria
2209 4462 2447 4506 traxerat
2481 4466 2666 4518 genus,
2696 4460 2855 4517 atque
2902 4464 2968 4503 ex
3001 4446 3275 4510 Jacobitis,
3303 4445 3581 4516 prognatis

2024 4545 2194 4613 stirpe
2225 4542 2554 4604 dimanabat,
2599 4540 2821 4593 litteras
2864 4540 2929 4591 ad
2984 4537 3288 4590 lleraclium
3333 4536 3478 4589 dedit
3531 4535 3584 4588 in

2024 4638 2307 4689 adversam
2341 4632 2574 4687 Martino
2604 4631 2930 4685 sententiam
2975 4629 3313 4698 conscriptas
3335 4669 3351 4693 ,
3393 4627 3590 4696 quibus

2025 4727 2235 4781 unicam
2287 4725 2584 4779 naturalem
2626 4723 2953 4775 voluntatem
2975 4763 2989 4787 ,
3024 4721 3506 4789 Operationemque
3537 4718 3590 4772 in

2024 4816 2238 4871 Christo
2266 4815 2641 4869 conﬁtebatur.
2694 4811 2913 4867 Litteris
2959 4815 3011 4865 in
3071 4814 3212 4865 hunc
3244 4827 3403 4879 quem
3452 4809 3595 4863 dixi-

2028 4923 2145 4962 mus
2179 4907 2392 4960 modum
2443 4906 2510 4959 ab
2550 4916 2775 4969 utroque
2808 4903 3043 4973 acceptis
3096 4904 3411 4972 imperator,
3464 4900 3591 4953 Ser-

2026 5002 2096 5073 gii
2131 5002 2306 5070 potius
2330 5000 2607 5055 sententia:
2639 5003 2913 5053 adluerere
2944 4999 3248 5062 constituit,
3284 5012 3445 5066 quam
3477 4994 3594 5062 epi-

2028 5093 2161 5146 stola
2186 5103 2556 5158 cxpreSserat,
2599 5106 2866 5160 quamque
2892 5091 3221 5145 Athanasius
3251 5088 3445 5158 gaudio
3479 5085 3595 5140 ela-

2031 5194 2116 5237 tus
2143 5184 2409 5252 resupinis
2428 5194 2716 5251 exceperat
2747 5183 2995 5237 manibus
3015 5223 3030 5247 ,
3058 5181 3145 5250 qni
3179 5180 3386 5234 scilicet
3431 5177 3591 5231 calli-

2030 5272 2128 5325 dus
2184 5280 2359 5337 norat,
2412 5270 2486 5323 ibi
2542 5272 2760 5324 Omnino
2805 5270 3014 5323 unicam
3055 5277 3300 5321 naturam
3364 5264 3593 5330 intelligi

2033 5374 2300 5431 oportere,
2331 5363 2420 5416 ubi
2454 5363 2609 5415 unica
2661 5376 2783 5414 esse
2826 5361 3069 5429 operatio
3094 5360 3385 5412 diceretur.
3423 5356 3597 5425 Cyrus

2035 5457 2238 5511 interea
2269 5457 2511 5525 pontifex
2536 5453 2916 5508 Alexandriam
2959 5452 3223 5513 mittitur,
3257 5464 3363 5517 quo
3401 5447 3503 5499 lnci
3544 5459 3598 5499 et
3689 5460 3707 5468 '

2039 5549 2151 5618 ipse
2180 5548 2431 5599 similiter
2450 5561 2545 5615 per
2577 5545 2913 5597 Theo-lorum
2947 5541 3288 5596 Pharanitem
3325 5554 3386 5590 eo
3416 5536 3593 5589 unita-

2037 5637 2127 5702 tis,
2153 5635 2264 5689 sive
2288 5635 2465 5703 potius
2503 5632 2779 5686 inanitatis
2810 5631 3062 5701 dogmate
3110 5628 3382 5693 inlicitur;
3429 5640 3598 5695 quare

2041 5728 2253 5795 utrique
2304 5725 2514 5779 unicam
2558 5724 2709 5777 hanc.
2759 5722 3057 5775 naturalem
3120 5720 3485 5786 operationem
3546 5716 3602 5770 in
