3988 6142
402 346 535 410 Ηίνῦ

1595 347 1655 405 S.
1698 345 2097 406 ANASTASII
2140 340 2467 405 ΞΙΝΑΙΤιΕ

3514 340 3654 406 1156

396 436 616 513 (illi-isto
641 452 858 523 scriptis
887 460 1246 523 propugnant.
1280 452 1378 506 llis
1409 453 1570 522 igitur
1601 454 1651 505 in
1689 454 1787 506 hac
1818 462 1966 520 post-

2082 452 2188 515 ab‘oq
2231 449 2571 517 Χαλκηδόνος
2612 449 2705 502 καὶ
2761 444 3092 520 ηκαθολικη
3138 448 3468 521 περιέπεσεν
3530 452 3649 506 Ἐκ-

396 565 457 604 ea
495 548 938 619 permanantibus
968 547 1238 599 sententia
1270 544 1529 599 adversus
1572 544 1964 610 Autiorhenos,

401 649 560 709 atque
601 637 1026 698 Alexandrinos,
1066 636 1118 688 in
1159 649 1405 706 magnam
1442 633 1632 687 incidit
1675 634 1971 688 Chalcedo-

402 729 589 784 nensis
630 729 898 800 synodus,
924 736 978 779 et
1026 714 1308 780 Catholica
1351 725 1587 779 Ecclesia
1625 725 1975 793 vituperatio-

403 837 544 874 nem.
576 817 760 874 Jacobi
805 834 1038 885 namque
1067 825 1367 871 sectatores
1424 818 1478 869 in
1529 816 1707 885 Syria,
1741 814 1976 870 Alexan-

401 912 640 980 driaeque
663 911 948 964 Theodosii
983 909 1233 976 discipuli
1278 909 1329 962 in
1377 908 1546 977 ipsius
1576 908 1812 962 dedecus
1861 904 1975 976 glo-

2066 542 2287 613 κλησία.
2321 537 2756 612 Κατεκαύχῶντο
2772 540 2882 611 γὰρ
2911 541 2960 593 oi
2990 539 3058 594 τά
3106 536 3367 595 Ἰακώϐου
3398 543 3456 595 ὲν
3484 542 3657 614 Συρίᾳ

2067 633 2434 703 φρονοῦντες,
2485 634 2577 686 καλ⁵
2628 633 2677 685 οἱ
2725 631 2792 685 τὰ
2836 631 3118 685 Θεοδοσίου
3166 633 3223 685 ἐν
3271 632 3658 705 Ἀλεξανδρείᾳ

2068 724 2390 792 φάσκοντες,
2420 724 2501 775 ὅτι
2531 720 2642 793 Ούχ
2670 723 2834 793 ἡμεῖς
2866 725 2933 792 τῇ
2960 721 3290 793 Χαλκηδόνι,
3317 721 3433 789 ἀλλ’
3455 725 3488 792 ἡ
3514 723 3661 797 Χαλ-

2071 817 2252 886 κηδών
2290 817 2493 886 μᾶλλον
2536 818 3053 888 ἡμῖνηὲκοινώνησε,
3080 816 3171 870 διὰ
3206 817 3307 887 τῆς
3336 820 3467 887 μιᾶς
3496 819 3657 889 ἐνερ-

2071 908 2221 977 γείας
2259 908 2387 979 μίαν
2417 908 2799 978 ὁμολογήσασα
2828 910 2989 976 φύσιν
3020 908 3280 979 Χριστοῦ.
3490 914 3499 921 ’

404 1006 685 1059 riabantur
710 1004 934 1058 aientes.
970 1004 1081 1058 Non
1115 1019 1211 1058 nos
1263 1003 1620 1069 Chalcedoni,
1682 1003 1774 1057 sed
1841 1001 2240 1058 Chalcedonem
2294 1006 2474 1073 potius
2516 1005 2793 1057 nobiscum
2852 1004 3206 1070 convenisse,
3259 1019 3380 1074 qua:
3408 1004 3659 1065 videlicet

402 1097 473 1151 ob
503 1097 714 1150 unicam
746 1094 946 1148 Christi
979 1096 1346 1162 operationem
1374 1094 1589 1148 unicam
1623 1109 1838 1164 quoque
1869 1104 2114 1148 naturam
2150 1094 2267 1160 ejus
2318 1093 2574 1149 fateatur.

477 1186 571 1241 His
588 1187 788 1240 auditis
807 1184 1087 1239 lleractius
1103 1185 1347 1246 erubuit;
1364 1194 1621 1239 cmterum
1663 1199 1973 1254 quanquam

2147 1181 2281 1238 Εἶτα
2311 1185 2552 1247 ἀκούσας
2580 1184 2751 1238 ταῦτα
2795 1184 3115 1254 Ἡράκλειος
3143 1183 3409 1256 ᾐσχύνθη,
3435 1186 3532 1238 καὶ
3563 1204 3660 1238 κα-

407 1292 526 1345 qure
552 1277 734 1330 animo
765 1284 1122 1346 proposuerat
1151 1277 1437 1345 repudiare
1472 1276 1657 1341 nollet,
1694 1291 1869 1345 neque
1898 1286 1976 1329 ta-

2082 1274 2302 1328 ταλῦσαι
2353 1274 2452 1344 μὲν
2493 1274 2561 1326 τὰ
2610 1276 2786 1328 οἰκεῖα
2832 1277 2932 1328 οὐκ
2981 1274 3177 1346 ἡθελε,
3215 1276 3309 1329 καὶ
3351 1276 3514 1329 πάλιν
3565 1277 3659 1329 τὸν

410 1384 529 1420 men
557 1366 828 1422 ferendam
857 1382 977 1421 esse
1001 1365 1385 1441 contumeliam
1408 1366 1763 1421 existimavit.
1792 1364 1976 1436 Itaque

2082 1366 2376 1435 ὀνειδισμὸν
2402 1366 2501 1435 οὐχ
2524 1365 2785 1435 ὑπέφερε.
2818 1366 2952 1419 Τότε
2980 1365 3045 1435 δὴ
3074 1364 3148 1428 ὡς
3173 1366 3315 1441 μέγα
3341 1383 3395 1417 τι
3419 1363 3658 1433 νομίζων

410 1458 569 1512 veluti
623 1473 873 1525 magnum
923 1440 1127 1528 aliquid
1176 1456 1358 1513 facere
1393 1457 1786 1526 excogitasset,
1845 1457 1975 1510 illud

2082 1461 2269 1519 ποιεῖν,
2306 1457 2578 1510 ἐκτίθεται
2616 1458 2677 1509 τὸ
2708 1457 3004 1527 λεγόμενον
3046 1440 3245 1512 ῖδικτον
3278 1457 3339 1509 τὸ
3371 1456 3654 1526 περιέχον,

407 1549 547 1617 quod
574 1549 811 1602 edictum
845 1556 1189 1617 nuncupatur
1232 1547 1548 1616 publicavit,
1586 1562 1693 1616 quo
1726 1548 1974 1601 contine-

408 1644 516 1701 tur,
572 1651 744 1706 neque
792 1638 1006 1692 unicam
1056 1638 1334 1703 deinceps,
1386 1650 1560 1705 neque
1609 1636 1874 1705 duplicem
1919 1637 1971 1691 in

404 1728 624 1782 Christo
661 1728 741 1783 l‘as
780 1728 919 1789 lure,
956 1727 1203 1789 conﬁteri
1242 1728 1635 1797 operationem.
1670 1725 1821 1793 Quod
1853 1743 1973 1782 cum

2086 1547 2221 1617 μήτε
2250 1547 2401 1616 μίαν,
2431 1548 2570 1617 μήτε
2593 1546 2686 1600 δύο
2707 1547 2986 1618 ἐνεργείας
3014 1548 3296 1618 ὁμολογεῖν
3327 1549 3385 1599 ἐν
3412 1546 3653 1617 Χριστῷο

2082 1642 2218 1710 ὅπερ
2248 1640 2312 1709 δὴ
2340 1641 2665 1707 ἀναγνόντες
2707 1641 2755 1693 ei
2801 1642 2868 1694 τὰ
2916 1641 3153 1710 Σεὸήρου
3186 1639 3529 1711 φρονοῦντες,
3564 1641 3657 1692 ἐπὶ

2082 1731 2395 1800 καπηλείων
2456 1732 2550 1784 καὶ
2609 1730 2905 1801 βαλανείων
2961 1732 3208 1802 διέσυρον
3275 1730 3377 1802 τὴν
3435 1731 3656 1785 καθολι-

405 1819 470 1871 ad
527 1816 715 1871 Severi
774 1826 1104 1872 sectatorum
1160 1796 1406 1872 notitiam
1457 1818 1824 1893 pervenisset,
1875 1831 1971 1886 per

2082 1822 2183 1894 κὴν
2220 1796 2576 1890 Ἐκκλησίαν,
2609 1796 2882 1889 λέγοντες·
2916 1796 3127 1893 Πρώην
3144 1821 3244 1890 μὲν
3266 1796 3655 1891 τὰῡΝεστορίου

406 1923 679 1976 cauponas
732 1909 1009 1975 continuo,
1057 1919 1219 1979 atque
1262 1923 1356 1979 per
1404 1908 1594 1962 balnea
1637 1907 1970 1962 Catholicam

407 1999 594 2052 sannis
620 1998 862 2053 lacerare
895 1998 1520 2069 cmpernntEeclesiam,
1554 1999 1605 2053 in
1632 1986 1777 2054 hunc
1807 2000 1974 2054 ferme

408 2092 626 2144 modum
657 2091 897 2146 dicentes
929 2106 1033 2145 non
1067 2092 1138 2144 ita
1169 2092 1373 2160 pridem
1403 2089 1641 2145 Nestorii
1673 2090 1972 2160 discipulos

408 2180 877 2236 Chalcedoneuses
927 2183 1089 2237 sorde
1141 2182 1351 2237 ablutos
1388 2180 1552 2243 fuisse
1578 2192 1869 2242 conversos
1906 2183 1974 2236 ad

408 2274 715 2339 veritatem,
742 2272 1065 2341 coniunctos
1089 2274 1244 2328 nobis
1268 2273 1319 2327 in
1350 2273 1507 2327 unius
1534 2272 1737 2326 Christi
1768 2282 1975 2327 naturae

2079 1914 2406 1985 φρονοῦντες
2437 1914 2483 1965 oi
2527 1912 2921 1983 Χαλκηδονῖται
2960 1914 3236 1983 ἁνένηψαν
3283 1912 3657 1982 ἐπιστρέψαν-

2069 2022 2160 2067 τες
2199 2007 2280 2066 είς
2305 2005 2737 2077 τὴνθάλήθειαν,
2769 2004 3059 2068 ένωθὲντες
3095 2006 3225 2075 ἡμῖν
3252 2004 3342 2058 διὰ
3383 2005 3486 2075 τῆς
3523 2005 3656 2074 μιᾶς

2068 2095 2352 2166 ἐνεργείαις
2404 2097 2485 2158 εἰς
2519 2095 2618 2165 τὴν
2665 2096 2795 2165 μίαν
2819 2094 2917 2148 ’τοῦ
2953 2094 3188 2166 Χριστοῦ
3238 2093 3551 2164 φύσινοννῦν
3596 2094 3655 2148 δὲ

2070 2186 2433 2254 καταγνόντες
2484 2186 2578 2239 τοῦ
2631 2186 2819 2261 καλῶς,
2871 2185 3085 2256 ἔχοντος
3140 2186 3432 2242 ἀπώλεσαν
3476 2185 3657 2256 ἀμφό-

2070 2292 2226 2348 τερα,
2266 2279 2404 2347 μήτε
2436 2276 2587 2346 μίαν,
2620 2278 2757 2346 μήτε
2783 2276 2876 2329 δύο
2904 2279 2959 2328 ὲν
2992 2277 3214 2348 Χριστῷ
3239 2274 3649 2347 ὁμολογοῦντες.

411 2364 536 2430 title,
568 2364 637 2419 ob
663 2365 877 2419 unicam
906 2365 1272 2434 operationem
1297 2380 1312 2429 ;
1340 2378 1483 2417 nunc
1517 2377 1646 2417 vero
1713 2376 1833 2431 quae
1859 2360 2006 2417 recte
2081 2358 2330 2419 instituta
2380 2364 2592 2419 fuerant
2634 2358 3075 2431 cendemnantes,
3108 2358 3408 2435 utramque
3465 2376 3652 2419 sustu-

409 2457 556 2520 lisse,
595 2469 717 2509 cum
754 2470 930 2525 neque
965 2456 1180 2534 unicam
1208 2454 1343 2524 jam,
1392 2469 1565 2523 neque
1619 2453 1887 2524 duplicem
1923 2455 1974 2508 in
2014 2455 2230 2511 Christo
2266 2458 2647 2543 conliteantpr.
2905 2522 2913 2528 _
3428 2438 3443 2447 ’

478 2547 605 2601 Haec
635 2549 881 2612 audiens,
911 2546 1458 2616 animadvertensque
1482 2547 1857 2602 Romanorum
1882 2564 1977 2601 an-

411 2635 566 2689 tistes
591 2630 879 2698 Martinus,
924 2648 1044 2689 cum
1084 2636 1304 2689 minime
1339 2637 1448 2705 pati
1491 2646 1672 2705 posset
1708 2637 1842 2692 adeo
1869 2636 1973 2689 im-

411 2728 673 2794 pudenter
706 2729 972 2782 dedecore
1012 2725 1256 2781 all‘ectam
1303 2726 1602 2783 Ecclesiam
1645 2731 1973 2798 prospicere,

410 2816 644 2883 plurium
691 2826 1003 2872 sanetorum
1054 2817 1429 2888 episcoporum
1466 2818 1652 2873 Romae
1708 2820 1973 2890 synodum

412 2904 580 2973 cogit,
625 2905 681 2958 in
725 2919 830 2975 qua
873 2922 939 2961 ex
993 2915 1302 2962 sanctorum
1350 2907 1570 2961 Patrum
1626 2910 1972 2973 testimoniis,

413 2996 548 3051 duas
601 2995 862 3051 indirisas
906 2996 1104 3052 Christi
1139 2998 1517 3067 proprietates,
1552 3000 1655 3053 hoc
1714 3007 1799 3054 est
1831 2999 1973 3052 divi-

2145 2551 2331 2605 Ταῦτα
2353 2551 2418 2623 δὴ
2450 2551 2852 2623 ἀκούσαςγκαὶ
2891 2550 3112 2621 θεωρῶν
3141 2551 3170 2603 ὁ
3208 2550 3307 2620 τῆς
3368 2549 3654 2622 Ῥωμαίων

2074 2641 2341 2713 πρόεδρος
2373 2618 2652 2712 Μαρτῖνος
2674 2683 2690 2710 ,
2736 2644 2830 2696 καὶ
2869 2643 2944 2713 μὴ
2982 2618 3187 2711 ερέρων.
3207 2618 3379 2704 οὕτως
3411 2618 3657 2711 αἰσχρῶς

2072 2735 2205 2804 ὁρᾷν
2266 2732 2667 2804 ὀνειδιζομένην
2720 2734 2818 2806 τὴν
2865 2734 3216 2802 Ἐκκλησίαν,
3280 2735 3425 2810 ποιεῖ
3472 2734 3530 2784 ἐν
3586 2734 3653 2803 τῇ

2088 2822 2274 2897 Ῥώμῃ
2306 2825 2526 2880 σύνοδον
2564 2826 2826 2881 πλειόνων
2847 2825 3009 2881 ὁσίων
3039 2825 3375 2891 ἐπισκόπων,
3410 2822 3656 2893 κηρύξας

2073 2916 2139 2968 ὲκ
2171 2917 2491 2987 Πατερικῶν
2541 2918 2858 2989 μαρτυριῶν
2903 2918 2994 2970 δύο
3032 2917 3369 2987 ἀδιαιρέτους
3414 2912 3656 2986 Χριστοῦ

2079 3007 2179 3068 τὰς
2209 3007 2495 3079 ἰδιότητας,
2524 3010 2771 3062 τουτέστι
2824 3011 2923 3079 τὴν
2959 3007 3105 3067 θείαν
3168 3009 3264 3062 καὶ
3301 3008 3405 3077 τὴν
3444 3007 3658 3079 ἀνθρωο

415 3098 539 3138 nam
575 3093 630 3139 et
663 3085 955 3139 humanam
1008 3086 1341 3140 voluntatem
1389 3087 1524 3153 ejus,
1576 3097 1738 3157 atque
1774 3086 1972 3158 opera—

2084 3098 2246 3169 πίνην
2280 3101 2501 3172 θέλησιν
2554 3101 2717 3154 αὐτοῦ
2775 3102 2871 3153 καὶ
2913 3100 3216 3169 ἐνέργειαν.
3265 3094 3399 3152 Εἶτα
3428 3097 3656 3169 τελευτᾷ

417 3179 613 3232 tionem
660 3178 835 3246 palam
870 3178 1170 3247 profitetur.
1233 3174 1356 3233 Post
1403 3181 1515 3233 haec
1545 3180 1777 3234 decessit
1808 3179 1978 3235 Hera-

414 3266 550 3323 clius
585 3286 600 3323 :
634 3267 854 3337 pellitur
875 3269 1066 3325 exsilio
1089 3268 1351 3325 Martinus
1381 3272 1448 3326 ab
1476 3270 1710 3325 Heraclii
1740 3279 1934 3342 nepote
1962 3288 1977 3326 :

417 3357 713 3428 statimque
747 3357 986 3412 surrexit
1040 3358 1318 3414 solitarius
1361 3358 1583 3415 Amalec
1631 3375 1729 3415 nos
1775 3359 1980 3415 Christi

414 3450 666 3519 populum
696 3451 1027 3518 percutiens.

486 3540 669 3597 Prima
712 3558 774 3597 ea
827 3542 929 3597 fuit
977 3543 1252 3609 terribilis,
1305 3552 1467 3612 atque
1522 3543 1842 3600 insanabilis
1870 3544 1983 3600 Ro-

416 3633 559 3688 mani
589 3634 1074 3689 exercitus'clades
1107 3652 1121 3688 :
1157 3634 1270 3700 illa,
1302 3633 1543 3702 inquam,
1568 3635 1634 3688 ad
1664 3634 1979 3704 Gabitham,

414 3737 469 3782 et
508 3727 933 3793 Hiermucham,
959 3739 1014 3783 et
1065 3727 1367 3780 Dathemon
1402 3725 1680 3794 sanguinis
1714 3726 1876 3793 fusio,
1913 3728 1981 3799 ad

413 3834 576 3889 quam
613 3819 1044 3885 Palaestinorum,
1076 3827 1131 3873 et
1159 3817 1608 3881 Cmsareensium,
1646 3825 1700 3872 et
1730 3817 1983 3874 Hieroso-

413 3908 722 3980 lymitarum
793 3917 994 3964 secutae
1043 3917 1169 3962 sunt
1218 3917 1459 3977 captiti-ae
1510 3917 1565 3963 et
1616 3909 1977 3965 incensiones.

412 3998 541 4054 lude
580 3999 795 4071 Egypti
832 4000 1125 4069 pernicies,
1170 4010 1293 4069 post
1341 4015 1467 4054 vero
1520 4001 1778 4056 continuo
1812 4000 1981 4057 Medi-

414 4102 811 4154 terraneorum,
865 4102 921 4146 ct
952 4093 1280 4156 lnsularum,
1314 4102 1368 4147 et
1407 4092 1682 4148 Romaniae
1711 4093 1979 4149 universa:

410 4180 771 4250 captivitates,
792 4176 1231 4250 insanabilesque
1251 4182 1584 4237 vastationes
1610 4182 1973 4253 contigerunt.

411 4275 612 4330 Verum
646 4289 822 4344 neque
861 4284 1147 4346 propterea
1179 4288 1366 4343 pacem
1424 4274 1651 4329 Romani
1702 4274 1977 4342 principes

409 4374 463 4423 et
522 4360 889 4437 deminatores
944 4364 1463 4432 consensionemque
1514 4362 1834 4426 ﬁrmarunt;
1891 4374 1978 4413 ve-

2098 3189 2440 3261 Ἡράκλειος
2490 3191 2788 3262 ὲξορίζεται
2815 3192 3088 3262 Μαρτῖνος
3135 3190 3238 3244 ὑπὸ
3290 3188 3385 3243 τοῦ
3430 3189 3652 3258 ἒγγὸνου

2095 3279 2441 3351 Ἡρακλείουη
2477 3283 2572 3335 καὶ
2604 3281 2798 3335 θᾶττον
2821 3281 3022 3351 ἀνέστη
3051 3283 3078 3332 ὁ
3102 3279 3366 3351 ὲρημικὸς
3407 3278 3655 3371 τΔμαλὴκ

2083 3371 2303 3426 τύπτων
2345 3373 2494 3441 ἡμᾶς
2524 3371 2615 3425 τὸν
2647 3372 2774 3426 λαδν
2810 3369 2908 3424 τοῦ
2940 3370 3198 3442 Χριστοῦ.

2155 3545 2368 3618 Ἐκείνη
2399 3540 2467 3619 ἦν
2496 3549 2530 3618 ἡ
2569 3544 2760 3616 πρώτη
2796 3543 2891 3598 καὶ
2937 3542 3145 3614 φοϐερὰ
3185 3543 3283 3599 καὶ
3311 3540 3527 3616 ἀνίατος
3559 3539 3653 3593 τοῦ

2095 3633 2408 3706 Ῥωμαῖκοῦ
2447 3635 2678 3706 στρατοῦ
2717 3635 2951 3697 πτῶσις·
3008 3635 3041 3704 ὴ
3087 3635 3230 3687 κατά
3276 3633 3373 3703 τὴν
3419 3631 3655 3686 Γαόιθᾶν

2085 3724 2251 3791 λέγω,
2282 3724 2376 3776 καὶ
2419 3724 2763 3794 ’Ῐερμουχᾶν,
2797 3724 2893 3776 xui.
2916 3721 3014 3793 τὴν
3048 3719 3652 3799 Δαθεμὼναῐμοχυσία,

2087 3816 2207 3886 μεθ’
2263 3818 2328 3887 ἣν
2382 3817 2438 3870 αἱ
2490 3815 2731 3870 Παλαιστ
2760 3833 2902 3882 νων,
2962 3817 3059 3870 καὶ
3118 3815 3463 3887 Καισαρέων,
3558 3812 3656 3866 καὶ

2094 3906 2484 3977 Ἰεροσολύμων
2535 3907 2769 3972 ἁλώσεις
2849 3908 2942 3961 καὶ
2973 3908 3299 3978 ἐμπρήσεις.
3336 3902 3472 3960 Εἶτα
3503 3906 3531 3957 ὁ
3558 3905 3654 3958 Al-

2081 3997 2310 4066 γύπτιος
2354 3997 2596 4068 ὄλεθρος,
2658 3999 2753 4050 καὶ
2787 3997 3022 4066 καθεξῆς
3072 4000 3128 4050 αἱ
3182 3997 3291 4050 τῶν
3330 3995 3652 4067 μεσογείων,

2082 4090 2179 4143 καὶ
2207 4090 2407 4159 νήσων,
2442 4089 2539 4141 καὶ
2582 4087 2892 4159 Ῥωμανίας
2922 4090 3098 4159 πάσης
3129 4087 3502 4158 αἱχμαλωσίαι
3558 4088 3653 4143 καὶ

2084 4180 2291 4233 ἀνίατοι
2316 4162 2646 4250 ἑρημώσεις.
2687 4180 2827 4232 Ἀλλ’
2857 4181 2967 4233 οὐδ’
3000 4180 3170 4242 οὕτως
3196 4180 3276 4243 είς
3300 4179 3652 4248 συναίσθησιν

2083 4267 2245 4341 ἦλθον
2270 4272 2319 4325 οἱ
2358 4271 2649 4341 Ῥωμαίων
2678 4273 2939 4342 ἄρχοντες
2991 4273 3084 4324 καὶ
3106 4270 3452 4341 κυριεύοντες
3472 4287 3486 4300 ’
3519 4271 3653 4324 ἀλλά

2080 4363 2144 4432 δὴ
2201 4362 2681 4433 μεταστειλάμενοι
2721 4364 2845 4426 τοὺς
2878 4365 2935 4415 ὲν
2988 4365 3053 4433 τῇ
3114 4362 3403 4433 Ῥωμαίων
3451 4362 3652 4432 συνόδῳ

408 4469 529 4508 rum
565 4454 737 4522 captis
771 4452 860 4518 iis,
902 4454 992 4523 qui
1026 4455 1077 4508 in
1113 4452 1356 4507 Romana
1387 4451 1596 4521 synodo
1637 4449 1974 4517 eﬂ‘ulserant,

2085 4451 2513 4521 διαλάμψαντας,
2544 4451 2978 4522 γλωσσοτομίαις
3029 4454 3122 4505 καὶ
3155 4452 3537 4522 χειροκοπῖαις
3574 4454 3651 4516 εἰς

409 4544 713 4615 linguarum
744 4544 1106 4609 sectionibus,
1149 4557 1515 4613 manuumque
1552 4541 1978 4598 abscissionibus
2012 4546 2017 4550 ’

411 4633 464 4687 in
502 4633 645 4701 ipsos
677 4634 1197 4707 animadverterunt.
1239 4632 1344 4688 Sed
1370 4634 1537 4701 quid?
1581 4633 1776 4688 horum
1823 4632 1979 4685 nobis

409 4742 436 4776 ιι
483 4725 593 4779 Deo
640 4740 898 4781 concessa
945 4725 1230 4780 retributio
1286 4726 1414 4789 fuit;
1471 4725 1558 4777 illa
1611 4724 1868 4781 nimirum
1923 4724 1977 4777 in

408 4814 693 4871 Phoenicia
742 4816 922 4870 totalis
964 4831 1102 4886 pene
1164 4816 1391 4870 Romani
1450 4817 1744 4880 exercitus,
1780 4815 1978 4869 milita-

409 4910 656 4978 riumque
680 4908 927 4963 ordinum
953 4908 1241 4977 pernicies,
1292 4917 1454 4976 atque
1503 4907 1555 4960 in
1596 4905 1751 4978 hujus
1793 4922 1978 4961 acces-

409 5017 526 5055 sum
572 5002 775 5072 pariter
810 5002 988 5056 omnis
1028 5000 1325 5056 Christiani
1381 4999 1559 5068 pupuli
1623 4998 1976 5068 locorumque

398 5095 640 5150 vastatio
673 5111 686 5148 :
724 5110 844 5165 qua:
885 5109 993 5150 non
1025 5093 1175 5164 prius
1209 5093 1480 5157 cessavit,
1537 5107 1697 5161 quam
1758 5091 1973 5146 Martini

407 5198 721 5257 persecutor
764 5187 815 5241 in
854 5186 1039 5242 Sicilia
1092 5187 1268 5257 gladio
1303 5196 1615 5256 peremptus
1658 5195 1761 5241 est.
1806 5185 1978 5251 Hujus

408 5295 568 5348 porro
615 5280 751 5334 lilins
791 5278 1182 5335 Constantinus
1205 5280 1344 5349 pius,
1381 5279 1716 5334 (ecumenica
1747 5292 1976 5347 congre-

406 5381 527 5440 gata
564 5371 791 5441 synodo,
824 5379 1045 5427 sanctas
1094 5372 1373 5440 conjunxit
1426 5370 1720 5434 Ecclesias,
1776 5369 1829 5422 in
1863 5383 1968 5437 qua

407 5463 586 5515 divina
617 5464 775 5516 simul
812 5473 868 5518 et
893 5464 1127 5518 humana
1155 5464 1282 5519 Jcsu
1308 5463 1512 5519 Christi
1550 5461 1643 5515 Dei
1678 5460 1848 5515 nostri
1878 5474 1974 5513 vo-

411 5555 609 5616 luntas,
636 5564 797 5623 atque
826 5564 1062 5624 potestas
1089 5556 1362 5610 communi
1389 5552 1732 5607 confessione
1765 5549 1971 5603 consti-

410 5651 524 5694 tuta
576 5652 679 5696 est.
712 5644 840 5709 Quze
871 5655 1054 5699 sancta
1108 5646 1370 5715 synodus,
1411 5644 1574 5698 veluti
1629 5640 1971 5708 acceptabile

407 5729 758 5797 Sacrificium,
812 5743 866 5788 et
917 5746 974 5789 ut
1026 5737 1205 5789 Aaron
1238 5735 1366 5788 illud
1436 5734 1754 5803 thymiama,
1794 5747 1821 5784 a
1864 5731 1971 5787 Deo

2089 4545 2287 4608 αὐτοὺς
2344 4546 2667 4617 ἐχρήσαντο.
2701 4544 2766 4597 Τί
2818 4545 2927 4611 δέ;⁴
2970 4546 3127 4615 καὶὴ
3180 4543 3387 4597 τούτων
3422 4545 3556 4615 ἡμῖν
3589 4544 3650 4596 ἐκ

2079 4636 2216 4689 Θεοῦ
2249 4636 2522 4701 ἀντίδοσις
2542 4652 2556 4667 ·
2589 4637 2772 4706 ἐκείνη
2799 4638 2831 4707 ἡ
2862 4638 2918 4688 ἐν
2945 4640 3009 4707 τῇ
3037 4636 3259 4710 Φοινίκῃ
3302 4637 3509 4708 μικροῦ
3542 4638 3648 4691 δεῖν

2082 4729 2356 4799 παντελὴς
2387 4730 2481 4782 τοῦ
2519 4728 2840 4799 Ῥωμαῖκοῦ
2883 4728 3136 4798 στρατοῦ,
3186 4728 3280 4781 καὶ
3330 4728 3427 4781 τοῦ
3465 4728 3645 4781 στόλου

2079 4818 2347 4886 ἀπώλεια,
2387 4821 2483 4872 καὶ
2526 4821 2558 4889 ἡ
2590 4820 2728 4872 κατὰ
2758 4818 3059 4888 πρόσϐασιν
3091 4817 3253 4872 πάλιν
3280 4819 3499 4871 πάντων
3545 4817 3645 4869 τῶν

2078 4913 2482 4984 Χριστιανικῶν
2514 4912 2716 4977 λαῶν,
2776 4914 2871 4965 καὶ
2920 4912 3099 4968 τόπων
3155 4913 3438 4983 ἐρήμωσις
3472 4929 3485 4942 ·
3532 4912 3646 4982 ἥτις

2078 5005 2179 5057 οὐκ
2237 5005 2536 5068 ἐπαύσατο,
2584 5004 2743 5075 ἄχρις
2799 5003 2864 5056 ἂν
2914 5005 2942 5056 ὁ
2974 4993 3271 5072 ¹Μαρτίνοιί
3326 5001 3563 5072 διώκτης
3591 5002 3646 5053 ἐν

2077 5094 2303 5166 Σικελίᾳ
2339 5094 2445 5148 ὑπὸ
2477 5095 2756 5165 μαχαίρας
2785 5093 3081 5148 ἀπέθανεν.
3127 5093 3185 5147 '0
3228 5092 3287 5146 δὲ
3310 5091 3503 5146 τούτου
3538 5092 3646 5153 υίὸς

2079 5188 2485 5250 Κωνσταντῖνος
2527 5188 2556 5239 ὁ
2607 5184 2838 5256 εὐσεϐὴς
2883 5185 2950 5237 δι’
2997 5186 3381 5255 οἰκουμενικῆς
3429 5185 3644 5239 συνόδου

2076 5278 2172 5341 τὰς
2207 5279 2371 5345 ἁγίας
2424 5276 2752 5344 Ἐκκλησίας
2792 5276 2994 5347 ἥνωσε,
3046 5276 3199 5331 θείαν
3246 5293 3307 5329 τε
3358 5276 3502 5346 ὁμοῦ
3556 5275 3644 5330 καὶ

2077 5369 2430 5438 ἀνθρωπίνην
2487 5370 2544 5421 ὲν
2595 5368 2816 5438 Χριστῷ
2847 5368 2923 5438 τῷ
2967 5367 3086 5439 Θεῷ
3137 5366 3292 5438 ἡμῶν
3339 5369 3486 5422 κατά
3521 5368 3644 5429 τοὺς

2076 5456 2265 5524 ἁγίους
2302 5458 2555 5528 Πατέρας
2610 5456 2954 5528 ὁμολογήσας
3002 5455 3221 5524 θέλησίν
3271 5471 3331 5506 τε
3372 5455 3468 5507 καὶ
3498 5455 3641 5522 ἐνέρ-

2075 5564 2253 5616 γειαν.
2290 5548 2449 5610 "Hm;
2481 5546 2605 5600 ὁσία
2635 5545 2872 5610 σύνοδος,
2915 5546 3106 5616 ὥσπερ
3139 5545 3299 5599 θυσία
3354 5543 3641 5615 εὐπρόσδο-

2076 5658 2221 5701 κτος,
2253 5641 2349 5693 καὶ
2382 5640 2457 5702 ὡς
2486 5642 2665 5693 ἐκεῖνο
2698 5640 2760 5690 τὸ
2789 5638 2884 5693 τοῦ
2928 5639 3142 5709 Ἀαρὼν
3186 5637 3440 5708 θυμίαμα
3476 5651 3638 5708 προσ·

2074 5733 2323 5801 δεχθεῖσα
2344 5730 2493 5801 παρά
2512 5730 2584 5801 τῷ
2615 5729 2733 5800 Θεῷ
2750 5730 2842 5782 ἐπὶ
2868 5730 3038 5784 εἴκοσι
3063 5730 3283 5802 χρόνους
3309 5730 3397 5781 τὸν
3424 5729 3636 5793 ὄλεθροι

2924 6005 2953 6018 Δ
