3988 6142
379 337 517 405 “57

1791 367 2044 427 SERMO
2087 371 2204 434 III.

3488 385 3627 456 1158

374 453 470 563 τοῦ
522 454 811 559 ,ἡμετέρου
864 460 993 516 λαοῦ
1052 463 1295 533 ἔπαυσε,
1355 471 1456 541 τὴν
1507 474 1783 547 μάχαιραν
1843 479 1950 533 τῶν

2055 493 2301 555 excepta,
2352 486 2539 558 viginti
2571 503 2838 545 annorum
2891 493 3089 563 spatio,
3138 509 3355 552 cessare
3404 500 3628 559 omnino

375 544 590 656 ἔχθρῶν
639 552 760 603 κατ’
817 553 1060 624 ἀλλήλων
1121 559 1302 614 αὐτῶν
1362 563 1558 632 ἤγαγε,
1614 544 1721 631 ’τὰς
1771 568 1950 640 χώρας

2053 573 2184 631 fecit
2218 578 2393 645 gentis
2417 569 2617 635 nostra:
2648 583 2962 651 perniciem,
3018 585 3336 656 gladiosque
3377 588 3625 644 inimico-

375 636 656 690 ἀνέπαυσε
686 679 702 701 ,
762 642 864 712 τὴν
920 645 1193 703 θάλατταν
1256 651 1487 723 πλόϊμον
1534 636 1802 727 ἐποίησε
1854 636 1953 725 τὰς

373 730 755 820 αίχμαλωσίας
795 734 1112 804 διεκώλυσε,
1180 742 1275 795 καὶ
1330 744 1479 818 πάσῃ
1541 750 1620 818 τῇ.
1670 748 1953 820 Ῥωμανίᾳ

374 817 558 872 ἄνεσιν
594 823 688 876 καὶ
722 825 1073 898 παράκλησιν
1109 832 1201 883 καὶ
1250 817 1476 904 εἰρήνην
1506 836 1566 888 ού
1604 837 1831 907 μετρίαν
1864 855 1955 891 πε-

376 910 628 981 ποίηκεν.
675 914 839 969 Ἀλλὰ
882 917 945 987 δὴ
1004 919 1177 974 ταῦτα
1225 924 1405 978 πάντα
1452 927 1502 978 oi
1555 928 1950 999 ματαιόφρονες

373 1000 475 1054 οὐκ
505 1001 776 1071 ἔγνωσαν,
793 1007 913 1059 οὐδὲ
943 1010 1208 1080 συνῆκαν,
1232 1014 1289 1066 ὲν
1310 1015 1491 1069 σκότει
1512 1016 1946 1089 διαπορεύονται,

375 1090 467 1142 ἐπὶ
505 1093 846 1163 καπηλείων.
881 1100 977 1151 καὶ
1025 1099 1342 1173 βαλανείων,
1394 1106 1488 1158 καὶ
1530 1108 1822 1179 κορασίων,
1856 1109 1951 1163 καὶ

375 1182 666 1253 ἑταιρίδων
695 1186 843 1256 ἡμᾶς
871 1188 1245 1261 διασύροντες,
1292 1194 1385 1247 καὶ
1431 1196 1753 1266 φάσκοντες,
1783 1199 1866 1252 ὅτι
1899 1200 1949 1252 οἱ

375 1274 468 1331 δύο
499 1277 784 1349 θελήματα
811 1282 1064 1351 λέγοντες
1091 1288 1149 1339 ὲν
1177 1288 1257 1358 τῷ
1285 1291 1527 1362 Χριστῷ,
1559 1294 1776 1357 πάντως
1801 1293 1863 1346 τὸ
1889 1292 1949 1347 ἓν

375 1369 581 1435 ἀγαθὸν
607 1370 851 1441 λέγουσι,
886 1376 946 1428 τὺ
975 1378 1031 1431 δὲ
1053 1377 1242 1450 ἓτερον
1268 1383 1522 1454 πονηρδν,
1559 1383 1637 1436 τδ
1664 1384 1720 1437 ἓν
1745 1384 1945 1450 θεῖκδν,

376 1459 516 1513 τὸδὲ
551 1461 740 1534 ἕτερον
769 1458 1097 1522 διαδολιιῗόν.
1134 1470 1256 1533 Πῶς
1294 1452 1657 1543 γὰρδυνατδν
1698 1475 1835 1549 ὅλως
1861 1474 1950 1527 λέ-

376 1568 493 1619 γειν
512 1554 854 1624 ἀνθρώπινον
885 1559 1097 1631 θέλημα
1120 1563 1177 1615 ἐν
1199 1564 1420 1635 Χριστῷ
1441 1582 1455 1632 ;
1481 1565 1577 1619 τοῦ
1621 1566 1946 1619 Ἀποστὸλου

374 1646 647 1714 λέγοντος,
678 1651 762 1702 ὅτι
809 1668 830 1701 ι
868 1640 1206 1725 Τδθὲλημα
1248 1659 1348 1725 τῆς
1395 1659 1599 1727 σαρκὸς
1629 1658 1778 1728 νόμῳ
1811 1657 1947 1711 Θεοῦ

374 1740 472 1809 οὐχ
518 1741 921 1798 ὑποτάσσεταιθ
963 1761 981 1795 ι
1018 1746 1148 1797 καί·
1191 1766 1209 1799 ι
1255 1747 1329 1799 Τὸ
1356 1747 1569 1817 θέλημα
1602 1747 1700 1814 τῆς
1751 1745 1952 1816 σαρκὸς

2055 681 2173 720 rum
2206 668 2257 720 in
2287 669 2431 737 ipsos
2455 670 2683 724 invicem
2705 675 2976 728 convertit
3002 692 3017 728 :
3044 676 3357 731 civitatibus
3378 682 3621 749 requiem

2052 758 2302 823 contulit,
2335 760 2606 827 placidum
2657 761 2783 817 fecit
2819 779 2990 832 mare,
3032 766 3307 835 sanguinis
3329 769 3626 825 effusiones

2053 849 2228 903 valide
2282 850 2548 918 cohibuit,
2603 855 2983 923 universasque
3030 857 3309 912 Romaniae
3359 861 3624 928 requiem,
3664 922 3673 927 1

2050 939 2485 1008 relaxationem,
2509 944 2962 1008 consolationem,
2991 961 3292 1018 pacemque
3326 950 3588 1005 ineredihi
3606 978 3624 992 -

2049 1028 2154 1084 lem
2185 1033 2538 1100 comparavit.
2562 1031 2768 1088 Verum
2790 1035 2904 1090 hac
2932 1051 3063 1091 sane
3088 1039 3269 1092 omnia
3304 1041 3626 1109 insipientes

2051 1134 2159 1175 non
2182 1133 2573 1191 cognoverunt,
2626 1139 2801 1194 neque
2837 1126 3252 1195 intellexerunt;
3291 1130 3343 1183 in
3382 1131 3621 1184 tenebris

2050 1213 2349 1276 ambulant,
2372 1224 2534 1283 atque
2560 1229 2658 1284 per
2686 1231 2977 1284 cauponas,
3000 1234 3094 1288 per
3116 1221 3329 1285 balnea,
3366 1222 3621 1290 interque

2051 1301 2492 1355 muliercularum
2535 1304 2771 1373 agmina,
2806 1314 2859 1360 et
2888 1307 3170 1375 lupanaria
3205 1309 3360 1392 npbis
3407 1310 3621 1364 calum-

2048 1392 2293 1455 niantur,
2323 1392 2531 1449 aientes
2562 1408 2656 1449 eos
2682 1396 2773 1465 qui
2793 1397 2924 1452 duas
2947 1413 3067 1453 esse
3099 1401 3147 1452 in
3180 1400 3396 1454 Christo
3432 1402 3624 1455 volun-

2051 1491 2191 1539 tates
2243 1485 2534 1549 alﬁrmant,
2592 1486 2816 1541 alteram
2868 1490 3062 1544 bonam
3114 1491 3338 1545 omnino
3397 1506 3621 1560 ponere,

2050 1575 2272 1630 alteram
2305 1576 2570 1646 iniquam,
2607 1594 2770 1632 unam
2808 1574 3063 1645 divinam,
3092 1581 3316 1634 alteram
3352 1596 3480 1636 vero
3514 1582 3624 1636 dia-

2049 1664 2300 1718 bolicam.
2325 1664 2438 1729 Qua
2460 1667 2626 1732 enim,
2655 1668 2926 1737 inquiunt,
2955 1670 3165 1724 ratione
3192 1671 3305 1725 fieri
3340 1662 3539 1741 potest,
3564 1670 3625 1725 ut

2050 1752 2287 1808 humana
2323 1768 2445 1810 esse
2481 1756 2533 1808 in
2588 1756 2807 1813 Christo
2841 1761 3054 1813 dicatur
3100 1762 3375 1827 voluntas,
3432 1763 3616 1816 aiente

375 1826 543 1896 ἔχθρα
560 1830 640 1891 εἰς
668 1829 820 1882 θεόν’
847 1850 865 1881 ι
886 1831 1003 1917 καίέ
1038 1851 1056 1883 ι
1088 1830 1275 1901 Ἦμέν
1304 1851 1434 1887 ποτε
1467 1835 1560 1888 καὶ
1596 1837 1759 1906 ἡμεῖς
1789 1837 1947 1890 ἀπει-

2051 1846 2309 1914 Apostolo
2339 1848 2483 1916 quod
2522 1865 2542 1898 ι
2579 1849 2830 1904 voluntas
2870 1851 3053 1904 carnis
3092 1851 3201 1903 Deo
3236 1866 3339 1904 non
3397 1849 3623 1917 subjici-

375 1915 517 1980 θεῖς,
568 1918 853 1983 ποιοῦντες
877 1921 946 1974 τὰ
981 1914 1263 1992 θελήματα
1313 1925 1413 1996 τῆς
1444 1925 1648 1997 σαρκός
1674 1942 1688 1955 ’
1732 1927 1794 1980 τὸ
1837 1925 1947 1997 γὰρ

375 2006 587 2078 θέλημα
630 2012 728 2082 τῆς
757 2013 961 2085 σαρκὸς
995 2014 1247 2080 θάνατος.
1292 2035 1312 2068 ι

446 2273 635 2329 Ταῦτα
661 2277 755 2330 καὶ
779 2277 850 2339 τά
875 2280 1099 2334 τοιαῦτα
1126 2282 1174 2333 oi
1200 2283 1297 2353 τῆς
1326 2282 1583 2354 ἀληθείας
1613 2284 1800 2355 ἐχθροὶ
1824 2281 1946 2337 καθ’

376 2365 534 2436 ἡμῶν
569 2368 910 2438 ὑλακτοῦσιν,
945 2374 1020 2438 ὡς
1053 2377 1238 2443 κύνες,
1267 2378 1360 2431 καὶ
1394 2379 1690 2449 ἴπποι,7καὶ
1711 2379 1943 2451 ἡμίονοι,

376 2452 456 2520 οἷς
486 2460 585 2513 οὐκ
621 2459 735 2516 ἔστι
771 2462 1007 2529 σύνεσις,
1040 2469 1502 2540 συκοφαντοῦντες
1535 2471 1705 2540 ἡμᾶς,
1743 2468 1818 2532 ὡς
1854 2469 1947 2527 δύο

377 2551 665 2620 πρόσωπα,
696 2553 791 2607 καὶ
825 2554 917 2607 δύο
946 2557 1278 2622 ὑποστάσεις
1302 2559 1559 2627 λέγοντας
1609 2559 1668 2610 ὲν
1700 2559 1942 2629 Χριστῷ,

374 2642 471 2695 καὶ
499 2643 590 2697 δύο
622 2645 960 2716 διορισμοὺς,
1007 2650 1102 2701 καὶ
1135 2649 1228 2701 δύο
1267 2651 1519 2713 ἐναντίας
1547 2649 1947 2714 ὲξουσίας,·καὶ

364 2735 743 2807 ,ἀρνουμένους
763 2738 861 2809 τὴν
881 2722 1176 2794 Θεοτόκον
1197 2742 1402 2810 φωνὴν,
1435 2742 1530 2794 καὶ
1554 2741 1734 2795 πάντα
1759 2740 1943 2803 διπλᾶ,

376 2827 472 2879 καὶ
503 2826 809 2899 διῃρημένα
860 2829 953 2905 tu}
1000 2830 1165 2883 αὑτοῦ
1215 2817 1662 2901 δογματίζοντας,
1706 2830 1806 2883 καὶ
1853 2829 1947 2883 δύο

377 2919 678 2987 ἐνεργείας,
709 2919 923 2991 ἀγαθήν
945 2936 1005 2973 τε
1035 2922 1129 2973 καὶ
1164 2920 1404 2992 πονηρὰν
1432 2923 1519 2974 ἐπ’
1543 2920 1709 2976 αὑτοῦ
1737 2920 1944 2992 κηρύτ-

353 3026 588 3073 ,τοντας.
623 3011 702 3063 Δι’
734 3003 973 3065 ὧντινων
1024 3010 1301 3085 φλυαριῶν
1340 3030 1399 3066 τε
1443 3013 1537 3065 καὶ
1571 3010 1946 3081 συκοφαντιῶν

376 3097 613 3168 ἔϐλαψαν
630 3100 815 3166 λαοὺς,
832 3101 1057 3171 ἔσχισαν
1084 3102 1431 3176 Ἑκκλησίας,
1450 3104 1720 3173 ἐτάραξαν
1736 3101 1941 3174 χώρας,

2056 1935 2194 2008 tur‘.
2221 1953 2241 1987 ›
2275 1946 2326 1990 et
2360 1954 2373 1990 :
2410 1955 2429 1989 ι
2469 1936 2726 1992 Voluntas
2757 1940 2939 1994 carnis
2963 1941 3245 1994 inimicitia
3276 1942 3328 1994 in
3360 1942 3560 1996 Deum'
3591 1960 3621 1994 »κ

2052 2036 2105 2081 et
2139 2047 2157 2079 ι
2192 2028 2417 2083 Fuimus
2448 2030 2740 2099 aliquando
2762 2033 2925 2086 etiam
2964 2048 3060 2087 nos
3096 2032 3204 2087 Deo
3238 2034 3617 2089 inobedientes

2053 2119 2237 2172 carnis
2261 2120 2588 2176 voluntatem
2614 2122 2873 2178 facientes
2904 2125 3203 2194 :_voluntas
3235 2139 3466 2194 namque
3494 2138 3621 2179 ear-

2052 2208 2138 2262 nis
2171 2221 2316 2263 mors
2344 2210 2504 2263 est”?
2542 2229 2560 2262 ›
2928 2191 2952 2202 ’

2126 2295 2271 2362 llaec,
2299 2299 2602 2368 horumque
2623 2298 2822 2353 similia
2845 2300 3105 2355 adversus
3127 2315 3229 2356 nos
3251 2301 3454 2355 latrant
3477 2301 3620 2356 veri-

2057 2389 2186 2442 tatis
2222 2389 2433 2455 hostes,
2459 2398 2517 2443 ut
2554 2404 2741 2453 canes,
2770 2398 2824 2443 et
2858 2391 3005 2459 equi,
3026 2401 3081 2445 et
3106 2392 3259 2458 muli,
3290 2393 3485 2461 quibus
3508 2408 3614 2450 non

2053 2491 2137 2536 est
2174 2480 2502 2545 intellectus,
2538 2481 2927 2536 calumniantes
2954 2477 3137 2546 nobis,
3164 2488 3416 2548 tanquam
3480 2485 3615 2538 duas

2053 2586 2347 2641 personas,
2418 2573 2658 2641 duasque
2718 2572 3095 2628 subsistentias
3179 2574 3483 2628 diceremus
3565 2574 3618 2628 in

2052 2662 2287 2723 Christo,
2339 2663 2817 2733 duplexqu‘e.item
2875 2665 3162 2718 discrimen
3216 2665 3618 2730 distinctionis,

2054 2753 2295 2819 duasque
2332 2754 2637 2808 contrarias
2676 2763 3016 2822 potestates;
3054 2765 3108 2809 et
3149 2754 3444 2810 Theotocon
3493 2754 3618 2810 Dei-

2051 2859 2198 2912 parw
2248 2834 2432 2899 vocem
2490 2858 2841 2913 negaremus;
2893 2847 3182 2916 omniaque
3228 2847 3484 2913 diversa,
3533 2855 3621 2901 at-

2053 2950 2158 3001 quc
2204 2935 2474 2991 distincta“
2511 2946 2876 2992 statueremus
2924 2938 2975 2992 in
3041 2939 3188 3007 ipso,
3222 2938 3489 3007 duplicem
3523 2939 3618 2992 de-

2059 3026 2221 3095 nique
2245 3027 2638 3096 operationem,
2697 3028 2892 3082 bonam
2922 3037 2976 3083 et
3001 3028 3199 3082 malam
3241 3028 3295 3082 in
3328 3044 3391 3084 eo
3417 3028 3622 3083 consti-

2056 3126 2351 3173 tueremus.
2394 3117 2601 3185 Quibus
2627 3120 2889 3187 dicteriis,
2920 3129 2975 3174 et
3006 3119 3293 3176 calumniis
3324 3121 3620 3174 maximum

374 3193 673 3265 ὲνύόρισαν
693 3195 794 3267 τὴν
822 3196 1029 3263 πίστιν,
1062 3197 1225 3268 ἱερεῖς
1252 3197 1579 3267 ἀπέσχισαν,
1615 3197 1944 3267 μονάζοντας

2051 3209 2343 3265 intulerunt
2402 3211 2611 3280 p0pnlis
2660 3212 2940 3276 damnum,
2973 3213 3275 3268 scisseruut
3321 3211 3619 3275 Ecclesias,

375 3286 709 3358 ὲπλάνησαν,
736 3288 1005 3360 ἄρχοντας
1039 3289 1292 3360 ἐμίαναν,
1320 3290 1388 3342 τὰ
1413 3289 1596 3343 πάντα
1624 3278 1943 3353 ἐσάλευσαν,

376 3379 556 3431 πᾶσαν
586 3378 760 3445 πόλιν,
779 3381 960 3434 πᾶσαν
993 3380 1208 3452 κώμην,
1247 3383 1431 3435 πᾶσαν
1464 3381 1754 3452 ἐπαρχίαν,
1787 3381 1948 3448 διωγ-

384 3471 518 3539 μοὺς
563 3470 918 3540 ποιήσαντες,
939 3472 1255 3543 αἰκισμοὺς,
1274 3458 1564 3541 ἑτασμοὺς,
1585 3471 1945 3541 ἀφορισμοὺς,

378 3558 633 3628 ὲξορίας,
668 3560 992 3626 καταδίκας,
1033 3560 1151 3624 οἴας
1180 3560 1301 3614 οὐδὲ
1341 3560 1636 3632 Ἀρειανοὶ“
1659 3562 1803 3614 κατὰ
1851 3560 1949 3629 τῆς

390 3651 741 3721 Ἐκκλησίας,
779 3653 938 3722 μῖσός
971 3669 1029 3705 τε
1080 3652 1325 3709 τοιοῦτον
1359 3652 1495 3722 πρὸς
1528 3652 1675 3722 ἡμᾶς
1712 3651 1947 3725 ἔχοντες,

377 3738 493 3795 οἷον
510 3742 634 3796 οὗτε
651 3744 787 3812 πρὸς
821 3743 1135 3809 Ἰουδαίους,
1156 3744 1188 3813 ἢ
1206 3744 1507 3815 Σαμαρεῖς,
1533 3742 1566 3813 ἢ
1588 3741 1945 3810 Μανιχαίους,

380 3834 412 3903 ἢ
466 3833 756 3903 Ἕλληνας,
812 3835 844 3903 ἢ
897 3834 1212 3896 ἀποστάτας
1230 3821 1493 3904 ’ἔχουσινο
1549 3832 1867 3903 αἱρούμενοι
1892 3832 1950 3884 δὲ

380 3925 582 3993 μᾶλλον
615 3924 930 3988 συνδυάζειν
960 3925 1056 3977 καὶ
1081 3923 1499 3988 συναυλίζεσθαι
1521 3926 1633 3986 τοῖς
1657 3926 1724 3976 τὰ
1753 3922 1949 3976 εἴδωλα

342 4071 349 4076 _
380 4014 799 4085 προσκυνοῦσιν,
826 4014 859 4085 ἢ
883 4017 1017 4086 ἡμῖν
1040 4018 1151 4079 τοῖς
1176 4016 1274 4080 τὰς
1293 4016 1387 4069 δύο
1410 4017 1647 4086 Χριστοῦ
1682 4016 1950 4085 ἰδιότητας

380 4106 706 4176 ἀδιᾳιρὲτως
762 4106 1007 4173 λέγουσι,
1056 4107 1150 4160 καὶ
1203 4107 1560 4177 συνεύχεσθαι
1614 4105 1813 4177 μᾶλλον
1853 4107 1951 4160 σὺν

394 4196 672 4260 Ἰουδαίοις
703 4197 1080 4268 ἐκλεγόμενοι,
1107 4199 1140 4268 ἦ
1175 4200 1271 4252 σὺν
1289 4201 1435 4275 ,ἡμῖν
1463 4201 1577 4262 τοῖς
1596 4197 1951 4267 ὁμολογοῦσιν

380 4291 439 4341 ὲν
489 4288 713 4359 Χριστῷ
771 4288 923 4343 θείαν
986 4306 1045 4343 τε
1081 4291 1176 4344 καὶ
1234 4289 1586 4361 ἀνθρωπίνην
1626 4290 1952 4361 ἀδιαιρέτως

380 4378 609 4447 θέλησίν
633 4395 693 4431 τε
727 4380 821 4432 καὶ
852 4380 1170 4451 ἐνέργειαν·
1207 4382 1287 4452 μὴ
1330 4382 1669 4452 βουλόμενοι,
1708 4383 1850 4454 τάχα
1895 4383 1952 4437 δὲ

2050 3305 2338 3357 turbarunt
2357 3304 2540 3366 urbes,
2574 3303 2769 3372 injuria
2800 3304 2959 3358 (idem
2987 3302 3306 3367 alfecerunl,
3330 3303 3624 3358 schismate

2048 3394 2346 3449 diviserunt
2384 3395 2697 3448 sacerdotes
2720 3433 2735 3458 ,
2781 3393 3111 3462 deceperunt
3158 3392 3457 3457 solitarios,
3490 3406 3621 3445 eon-

2050 3487 2378 3539 taminaruut
2410 3484 2702 3552 principes.
2747 3483 2925 3537 omnia
2965 3483 3328 3545 concitarunt,
3374 3480 3424 3533 in
3463 3480 3614 3534 omni

2050 3576 2200 3638 urbe,
2253 3575 2305 3628 in
2363 3574 2507 3628 omni
2562 3574 2821 3637 incolatu,
2879 3574 3294 3643 principatuque
3358 3586 3618 3641 persecu-

2051 3666 2250 3719 tionem
2302 3673 2730 3728 commoventes,
2766 3663 3011 3733 injurias,
3054 3661 3453 3732 inquisitiones,
3497 3675 3622 3716 sen-

2052 3757 2284 3818 tentias,
2334 3756 2549 3820 exsilia,
2597 3755 3118 3819 condemnationes,
3191 3753 3374 3822 quales
3448 3768 3624 3823 neque

2049 3848 2235 3901 Ariani
2319 3854 2730 3902 commoverunt
2805 3848 3013 3915 uspiam
3095 3845 3358 3899 adversus
3437 3842 3623 3898 Eccle-

2049 3940 2208 4003 siam,
2237 3945 2387 3991 tanto
2412 3952 2511 3992 nos
2537 3937 2660 3991 odio
2691 3935 2983 4005 prosecuti,
3019 3943 3280 4004 quantum
3314 3950 3487 4004 neque
3518 3935 3617 3988 ad-

2051 4045 2243 4103 versus
2263 4030 2503 4093 Judtcos,
2541 4027 2624 4083 vel
2671 4028 2991 4091 Samaritas,
3029 4026 3113 4082 vel
3153 4026 3504 4091 Manichaeos,
3535 4023 3621 4078 vel

2052 4120 2415 4187 Graecumve]
2462 4133 2790 4182 recesseres,
2826 4116 2941 4172 sive
2962 4125 3240 4188 apostatas
3268 4117 3450 4170 animo
3480 4129 3619 4168 con-

2051 4215 2350 4284 cepissent,
2388 4212 2715 4268 eommorari
2745 4212 2948 4279 petitis,
2983 4209 3329 4279 copularique
3355 4208 3619 4278 eligentes

2051 4320 2171 4360 cum
2204 4302 2472 4357 idolorum
2505 4299 2806 4355 cultoribus
2835 4314 2997 4368 quam
3031 4297 3338 4360 nobiscum,
3368 4298 3459 4365 qui
3487 4295 3623 4349 duas

2053 4393 2286 4448 indivise
2320 4390 2522 4446 Christi
2548 4391 2908 4459 proprietates
2938 4389 3287 4458 profitemur;
3321 4395 3376 4440 et
3424 4383 3622 4453 praeie-

384 4472 524 4543 μήτε
557 4471 848 4542 δυνάμενοι
908 4472 1211 4543 διακρῖναι,
1256 4474 1307 4527 τί
1348 4478 1452 4544 μὶν
1506 4475 1617 4546 ἔστι
1664 4476 1727 4529 τὺ
1772 4468 1950 4530 θεῑκδν

2059 4494 2240 4541 rentes
2271 4498 2392 4539 cum
2408 4482 2611 4537 Jmlaeis
2634 4483 2882 4536 oratione
2908 4480 3223 4543 convenire,
3251 4493 3414 4548 quam
3438 4476 3625 4530 nobis-

381 4563 478 4616 καὶ
502 4563 759 4616 ἀκτιστον
790 4561 1022 4634 θέλημα,
1053 4564 1106 4617 τί
1150 4564 1207 4617 δέ
1238 4566 1356 4618 ἐστι
1386 4565 1448 4619 τὸ
1494 4566 1809 4621 θεόκτιστον
1856 4568 1950 4622 καὶ

2053 4592 2198 4642 eum,
2230 4575 2329 4647 qui
2358 4575 2597 4630 divinam
2621 4575 3022 4645 humanamque
3050 4573 3280 4627 indivise
3333 4572 3385 4626 in
3409 4569 3626 4626 Christo

383 4655 666 4708 θεόσδοτον
694 4652 798 4725 τῆς
842 4653 1067 4726 λογικῆς
1096 4655 1252 4727 ἡμῶν
1298 4655 1480 4727 ψυχῆς
1510 4657 1723 4728 θέλημα
1746 4698 1760 4724 ,
1797 4658 1864 4712 δι’
1893 4654 1950 4714 οὗ

2053 4670 2287 4725 fatemur
2316 4667 2671 4733 voluntatem,
2709 4679 2872 4736 atque
2900 4666 3314 4737 operationem;
3346 4677 3467 4716 cum
3525 4674 3623 4713 no-

382 4746 693 4818 θελήματος
728 4746 1021 4817 ἐργάζεται
1054 4747 1118 4800 τὸ
1171 4747 1375 4815 ἀγαθὸν
1406 4751 1498 4803 καὶ
1525 4750 1820 4821 εὐάρεστον
1857 4750 1950 4805 τοῦ

2057 4760 2178 4825 lint,
2222 4773 2402 4829 neque
2425 4772 2555 4813 vero
2596 4760 2809 4828 possint
2832 4759 3089 4813 continuo
3116 4757 3447 4821 discernere,
3476 4766 3626 4821 qua:-

382 4836 521 4892 θεοῦ
548 4835 794 4908 θέλημα*
828 4837 882 4890 τί
918 4836 978 4891 δὲ
1022 4836 1185 4891 πάλιν
1211 4839 1331 4892 ἐστὶ
1374 4839 1436 4892 τὸ
1470 4841 1756 4911 σαρκικὸν,
1793 4844 1950 4912 ἤγουν

2057 4834 2180 4906 nam
2214 4851 2284 4906 sit
2316 4850 2519 4918 divina,
2562 4860 2727 4922 atque
2774 4848 3015 4907 ineréata
3054 4850 3304 4905 voluntas
3327 4887 3343 4912 ,
3375 4858 3625 4916 quamam

383 4927 691 4983 διαϐολικὺν
721 4928 813 4982 καὶ
866 4928 1053 4982 ὑλικὸν
1082 4928 1315 5000 θέλημα,
1360 4931 1497 5003 ὅπερ
1537 4935 1566 4986 ὁ
1603 4932 1745 4997 θεῖος
1792 4934 1950 4987 Ἀπό-

2060 4956 2187 4996 vero
2215 4954 2278 4995 ea
2311 4941 2383 4996 sit
2406 4941 2678 5005 voluntas,
2713 4954 2832 5012 quae
2860 4957 2889 4996 a
2928 4943 3035 4997 Deo
3074 4949 3259 4996 creata
3315 4946 3421 5004 est,
3457 4936 3628 4990 dono-

388 5019 600 5082 στολος,
631 5021 724 5072 καὶ
755 5019 925 5081 πᾶσαι
958 5020 1014 5072 αί
1047 5018 1259 5090 Γραφαὶ
1288 5020 1633 5077 διαϐάλλουσι
1686 5024 1782 5076 καὶ
1821 5025 1950 5078 ἀπο·

2063 5044 2167 5102 que
2194 5032 2391 5087 tributa
2422 5031 2671 5087 rationali
2713 5044 2912 5089 nostra:
2947 5043 3177 5097 naturae,
3222 5044 3329 5100 qua
3377 5026 3630 5082 videlicet

389 5109 695 5165 ϐάλλονται.
1132 5191 1137 5193 ἒ
2066 5121 2340 5177 voluntate
2354 5121 2550 5177 bonum
2564 5133 2883 5192 operamur,
2908 5134 3070 5193 atque
3090 5121 3431 5178 sanctissima
3450 5116 3632 5171 divina

390 5203 694 5280 voluntasa
737 5205 893 5260 nobis
935 5191 1261 5275 adimpletur
1292 5226 1306 5262 :
1337 5206 1572 5276 quidque
1601 5223 1789 5264 rursus
1825 5210 2078 5276 carnalis,
2130 5214 2245 5268 sive
2300 5191 2622 5281 diabolica,
2659 5227 2823 5285 atque
2888 5191 3184 5271 materialis
3244 5215 3499 5267 voluntas
3531 5207 3624 5271 sit,

391 5308 557 5364 quam
589 5307 812 5350 sanctus
840 5296 1149 5364 Apostolus,
1179 5297 1551 5370 universaque
1596 5299 1790 5355 divinat
1831 5299 2049 5359 Litterae
2084 5305 2394 5374 improbant
2419 5316 2582 5375 atque
2610 5306 2879 5375 rejiciunt.

463 5386 590 5438 Ὀτι
617 5387 726 5458 γὰρ
753 5388 853 5457 τὴν
890 5388 1166 5459 ἁμαρτίαν
1193 5388 1456 5456 πολλάκις
1484 5391 1666 5462 σάρκα
1704 5394 1950 5462 ὀνομάζει

2138 5395 2291 5462 Quod
2324 5407 2503 5453 autem
2537 5405 2817 5466 peccatum
2864 5396 3094 5466 appellet
3130 5394 3326 5449 Paulus
3363 5404 3506 5459 saepe
3524 5403 3630 5443 ειη-

328 5506 333 5510 ·
392 5478 422 5530 ὁ
449 5476 687 5542 Παῦλος,
737 5479 968 5534 ἄκουσον
997 5480 1161 5534 αὐτοῦ
1189 5481 1462 5549 λέγοντος,
1493 5484 1576 5537 ὅτι
1623 5503 1640 5536 ι
1676 5486 1823 5556 Σὰρξ
1867 5488 1950 5539 καῖ

2069 5486 2189 5555 pius
2219 5502 2461 5553 carnem,
2496 5487 2619 5541 audi
2661 5488 2833 5555 ipsum
2859 5487 3125 5540 dicentem
3156 5481 3299 5553 quod
3335 5499 3355 5533 ι
3387 5477 3549 5546 Caro,
3574 5485 3631 5531 et

396 5564 540 5641 αἷμα
572 5568 849 5639 βασιλείαν
895 5571 1032 5625 Θεοῦ
1070 5574 1130 5626 οὐ
1171 5574 1667 5646 κληρονομήσουσι,
1699 5579 1793 5631 καὶ
1822 5579 1870 5631 οἱ
1906 5581 1950 5633 ἐι

2072 5581 2291 5650 sanguis
2320 5594 2544 5650 regnum
2580 5578 2672 5635 Dei
2709 5594 2815 5633 non
2849 5578 3201 5650 possidebunt
3230 5575 3284 5645 ⁵;
3323 5594 3342 5629 ι
3363 5582 3421 5629 et
3451 5588 3465 5627 :
3499 5569 3632 5642 (qui

472 5724 666 5781 “Rom.
700 5743 814 5794 vm,
848 5731 902 5788 7.
978 5733 1000 5763 ’
1038 5731 1170 5787 ibid.
1247 5734 1266 5765 ³
1298 5733 1429 5789 ibid.
1455 5734 1511 5791 6.
1588 5738 1609 5768 "
1636 5739 1649 5789 I
1678 5737 1803 5791 Cor.
1836 5753 1921 5803 xv,
1964 5738 2053 5795 50.
