3988 6142
413 305 548 372 1159

1611 306 1671 374 s.
1715 307 2114 376 ANASTASII
2151 298 2477 374 SiNAIT/E

3499 296 3623 369 1160
3686 362 3709 372 -

412 427 464 476 in
510 436 671 477 carne
719 431 865 487 sunt,
923 426 1031 481 Deo
1081 428 1294 498 placere
1338 443 1441 482 non
1496 429 1803 498 possunt';
1847 448 1865 481 ι
1914 429 2007 483 Et.

2109 429 2252 499 παρκὶ
2298 429 2469 490 ὄντες,
2499 423 2617 494 Θεῷ
2649 423 2846 493 ἀρέσαι
2874 420 2935 472 ού
2965 412 3218 472 δύνανται
3242 420 3256 447 δ
3290 433 3307 467 ι
3347 414 3471 469 καί·
3510 434 3527 467 ι
3573 416 3627 471 '0

417 530 437 564 ι
474 513 565 581 qui
591 513 828 567 seminat
858 516 908 569 in
939 531 1123 579 Carne,
1168 519 1232 573 de
1265 533 1428 572 carne
1457 519 1621 573 etiam
1651 528 1818 575 metet
1850 535 1979 575 cor-

417 602 721 670 ruptionem
759 604 814 664 ';
860 623 879 656 ι
909 617 1002 662 et:
1040 627 1059 659 ‹
1098 607 1154 662 Si
1180 609 1480 663 secundum
1528 625 1747 664 carnem
1793 611 1984 665 ambu-

412 691 658 749 ‘laveritis
681 736 695 758 ,
729 697 968 750 futurum
1002 709 1083 753 est
1115 708 1172 753 ut
1210 701 1445 768 pereatis
1470 701 1514 767 7;
1555 719 1574 751 ι
1610 715 1833 755 carnem
1860 715 1985 769 pec-

417 793 596 837 catum
645 787 955 854 nominans,
993 806 1099 843 non
1141 801 1316 844 autem
1369 792 1552 845 carnis
1597 803 1796 847 nostra:
1827 802 1986 846 natu-

418 891 552 928 ram.
583 875 778 944 lujuria
804 879 998 947 quippe
1024 881 1185 933 etiam
1226 882 1502 936 Christum
1533 881 1775 936 alliceret
1804 884 1988 936 dicen-

418 973 527 1017 tem
560 980 573 1017 :
601 984 620 1016 ‹
652 966 870 1037 Palpate
895 985 1001 1035 me,
1030 980 1084 1023 et
1119 972 1318 1032 videte,
1350 973 1474 1040 quia
1505 972 1729 1040 spiritus
1766 988 1989 1027 carnem

421 1069 610 1111 etossa
640 1076 741 1111 non
771 1062 952 1123 habet,
977 1061 1118 1114 sicut
1144 1078 1230 1116 me
1253 1064 1446 1116 videtis
1473 1065 1676 1117 habere
1702 1064 1746 1115 ³.
1771 1083 1790 1115 ι
1827 1066 1907 1118 Ita
1934 1073 1991 1118 ut

422 1149 694 1202 carnalem
729 1150 1059 1204 voluntatem
1086 1152 1316 1206 alienam
1343 1169 1370 1207 a
1397 1153 1634 1219 Christo,
1659 1164 1992 1209 extraneam-

423 1250 529 1303 que
560 1238 819 1290 definiant
851 1242 1021 1293 sancti
1063 1240 1316 1295 Ecclesia:
1354 1243 1568 1307 Patres,
1605 1253 1659 1296 et
1694 1245 1990 1309 carnalem,

425 1330 587 1390 atque
624 1337 842 1392 peccato
874 1328 1169 1397 subjectam
1213 1332 1470 1399 operandi
1512 1333 1854 1400 facultatem;
1890 1350 1993 1389 non

424 1429 567 1477 eam,
599 1430 716 1481 quae
760 1425 967 1471 naturae
991 1429 1094 1482 est,
1131 1435 1236 1473 non
1277 1436 1419 1487 eam,
1449 1436 1568 1490 quae
1609 1432 1793 1477 creata
1825 1440 1853 1476 a
1886 1425 1997 1479 Deo

427 1514 530 1567 εει,
553 1519 654 1557 non
677 1521 818 1569 eam,
842 1522 961 1575 quae
984 1510 1049 1562 ad
1079 1510 1367 1580 imaginem
1398 1521 1451 1565 et
1468 1512 1880 1568 similitudinem
1900 1515 1996 1569 Dei

430 1595 582 1645 nobis
607 1611 862 1651 concessa
900 1608 1019 1663 est,
1062 1600 1466 1656 immaculatum
1502 1616 1556 1659 et
1599 1605 1997 1673 irreprehensi-

425 1680 589 1734 bilem
622 1687 920 1740 naturalem
953 1689 1307 1757 voluntatem,
1338 1702 1501 1762 atque
1532 1695 1925 1760 Operationem.

2084 520 2323 590 σπείρων
2354 521 2434 581 εἰς
2458 518 2559 586 τὴν
2591 517 2790 586 σάρκα,
2825 515 2889 565 ὲκ
2923 514 3022 580 τῆς
3050 507 3253 579 σαρκὸς
3282 506 3485 578 θερίσει
3513 508 3629 576 φθο-

2084 610 2219 681 ράν·
2257 629 2275 661 ι
2309 609 2401 662 καί
2423 624 2435 639 ·
2476 628 2495 660 ι
2530 608 2627 660 Ἂν
2653 606 2791 660 κατὰ
2820 604 2997 675 σάρκα
3025 600 3390 672 περιπατῆτε,
3424 599 3628 669 μέλλετε

2082 700 2451 770 ἀποθνήσκειν
2473 714 2518 750 ἰ
2553 699 2732 768 σάρκα
2761 696 2861 764 τὴν
2885 693 3163 765 ἁμαρτίαν
3192 690 3495 760 ὀνομάζων,
3527 689 3630 742 ἀλλ’

2083 793 2145 845 ού
2172 792 2285 861 τὴν
2318 790 2482 861 φύσιν
2509 790 2608 859 τῆς
2645 787 2918 856 ἡμετέρας
2945 783 3169 853 σαρκός.
3213 782 3370 834 Ἐπεὶ
3404 781 3634 849 εὑρίσκε-

2083 902 2177 937 ται
2212 883 2304 936 τὸν
2338 883 2572 953 Χριστὸν
2610 879 2911 950 ἐνυϐρίζων
2955 878 3046 930 τὸν
3074 873 3333 941 λέγοντα’
3391 892 3409 923 t
3461 872 3636 942 Ψηλα-

2088 974 2298 1044 φήσατέ
2330 989 2419 1042 με,
2455 971 2552 1024 καὶ
2582 970 2743 1033 ίδετε,
2773 970 2857 1024 ὅτι
2893 967 3109 1036 πνεῦμα
3140 966 3320 1035 σάρκα
3350 963 3444 1016 καὶ
3494 962 3638 1014 ὀστέα

2088 1067 2188 1118 οὐκ
2214 1065 2350 1134 ἔχει,
2398 1062 2582 1125 καθὼς
2631 1061 2731 1131 ἐμὲ
2773 1060 3030 1130 θεωρεῖτε
3062 1058 3276 1127 ἔχοντα.
3309 1073 3327 1106 ι
3375 1055 3535 1106 Ὥστε
3586 1053 3638 1133 τὸ

2093 1156 2352 1222 σαρκικδν
2384 1154 2596 1224 θέλημα
2626 1152 2907 1221 ἀλλότριον
2958 1149 3055 1202 καὶ
3102 1148 3255 1213 ξένον
3284 1144 3380 1199 τοῦ
3420 1142 3637 1214 Χριστοῦ

2089 1248 2141 1299 οἰ
2172 1246 2320 1314 ἅγιοι
2367 1245 2610 1314 Πατὲρες
2637 1240 2902 1313 ὁρίζουσι,
2953 1238 3049 1305 καὶ
3075 1237 3173 1306 τὴν
3228 1232 3517 1306 σαρκικὴν,
3558 1234 3642 1285 καὶ

2093 1336 2314 1407 ἐμπαθῆ
2334 1336 2433 1404 τῆς
2465 1333 2738 1404 ἁμαρτίας
2770 1322 3072 1400 ἐνέργειαν,
3099 1326 3161 1379 οὐ
3188 1326 3287 1396 τὴν
3320 1322 3569 1392 φυσικὴν,
3590 1321 3640 1411 οὐ

2093 1427 2190 1498 τὴν
2225 1426 2557 1489 θεόκτιστον,
2598 1424 2659 1475 οὺ
2715 1420 2977 1492 τὴνκατ⁹
3021 1418 3208 1471 εἰκόνα
3262 1415 3357 1468 καί⁵
3406 1414 3643 1484 ὁμοίωσιν

2095 1518 2231 1570 Θεοῦ
2291 1517 2666 1586 ὑπάρχουσαν,
2713 1514 2872 1584 ἡμῶν
2924 1511 3154 1581 ἄμωμον
3203 1507 3302 1562 καὶ
3347 1505 3647 1574 ἀδιάϐλητον

2097 1610 2330 1680 φυσικὴν
2356 1608 2577 1680 θέλησιν
2605 1606 2701 1660 καὶ
2724 1605 3030 1675 ἐνέργειαν.

501 1770 607 1826 Sed
639 1777 730 1842 qui
763 1792 891 1831 vere
931 1780 1126 1833 diaboli
1171 1790 1439 1848 potestate
1481 1783 1630 1839 intus
1661 1794 1914 1854 aguntur,
1945 1794 1999 1839 et

2181 1784 2319 1838 Ἀλλ’
2368 1784 2417 1837 οἰ
2454 1782 2670 1853 ἀληθῶς
2722 1780 2892 1844 ὅντως
2940 1775 3047 1832 ὑπὸ
3104 1774 3208 1847 τῆς
3247 1766 3524 1847 ἐνεργείας
3564 1789 3647 1826 τοι

429 1866 610 1918 carnis
638 1869 1111 1935 concupiscentiis,
1144 1881 1197 1924 et
1217 1872 1482 1926 incendiis
1501 1874 1728 1943 subjecti
1757 1884 1998 1942 manent,

431 1955 641 2023 subque
670 1958 874 2011 carnali
910 1960 1186 2016 voluntate
1207 1963 1605 2032 deprimuntur,
1640 1966 1690 2019 in
1722 1966 1855 2035 ipsis
1874 1982 2003 2022 con-

434 2048 705 2112 taminati,
753 2058 807 2102 et
858 2051 1123 2117 obvoluti,
1164 2069 1284 2108 cum
1319 2057 1628 2111 discernere
1660 2072 2000 2128 nequaquam

432 2135 652 2193 Valeant
686 2139 830 2194 inter
864 2145 1302 2212 superinductam
1341 2148 1674 2204 voluntatem
1701 2159 1758 2204 et
1785 2152 2003 2217 malam,

437 2235 494 2281 et
525 2232 919 2298 Operationem,
960 2249 1080 2302 quae
1124 2246 1320 2304 praeter
1350 2248 1600 2294 naturam
1649 2249 1753 2306 est,
1782 2251 1836 2296 et
1864 2241 2006 2295 inter

437 2329 581 2383 eam,
635 2333 754 2387 qua:
784 2335 814 2373 a
859 2323 964 2375 Deo
1008 2324 1269 2393 originem
1321 2328 1569 2394 sortitur,
1623 2337 1786 2398 atque
1832 2345 1863 2384 a
1896 2330 2006 2386 Deo

440 2400 565 2462 data
604 2419 689 2464 est
720 2409 951 2477 animat,
991 2416 1358 2472 essentialiter
1409 2420 1747 2485 rationalem,
1783 2431 1838 2476 et
1862 2422 2008 2478 desi-

443 2499 610 2554 deriis
633 2508 813 2569 aptam
844 2503 1174 2560 voluntatem
1209 2526 1222 2562 ε
1256 2523 1432 2578 neque
1463 2510 1592 2579 quid
1623 2526 1811 2567 rursus
1843 2513 1912 2568 sit
1937 2513 2011 2567 vi-

444 2588 569 2642 talis
606 2582 743 2656 ejus,
781 2601 837 2646 et
861 2594 1164 2649 subsistens
1197 2594 1428 2661 facultas
1469 2602 1737 2670 corporis,
1765 2612 1823 2657 ut
1850 2604 2010 2672 periti

443 2676 677 2734 Manetis
779 2684 1028 2754 discipuli
1099 2687 1411 2757 improbant
1478 2692 1780 2749 naturalem
1824 2709 1856 2748 a
1902 2694 2012 2751 Deo

442 2771 611 2823 Creati
647 2769 884 2828 hominis
908 2776 1265 2843 voluntatem,
1293 2791 1458 2851 utque
1487 2781 1768 2840 Manichtei
1792 2800 2013 2841 carnem

445 2866 685 2913 nostram
725 2878 753 2914 a
783 2861 893 2917 Deo
950 2867 1069 2935 ipso
1118 2870 1654 2939 editamdamnant,
1709 2874 2016 2943 iniuriaque

451 2944 693 3003 alliciunt
723 2950 902 3006 datam
939 2970 968 3007 a
1005 2956 1112 3011 Deo
1141 2960 1296 3017 nobis
1335 2962 1701 3017 vivificantem
1744 2966 2017 3033 operatio-

447 3049 594 3102 nem,
633 3038 1156 3115 intellectualetuque
1182 3065 1211 3103 a
1243 3050 1355 3105 Deo
1393 3053 1546 3108 nobis
1590 3056 1797 3123 pariter
1836 3059 2013 3112 datam

446 3124 790 3217 desiderandi
837 3133 1150 3215 facultatem
1193 3140 1465 3210 incusant,
1490 3161 1588 3214 per
1613 3162 1776 3217 quam
1808 3150 2017 3205 scilicet

448 3213 644 3273 elevati
675 3213 914 3278 divinam
950 3229 1317 3284 nanciscimur
1341 3213 1696 3292 salvationem
1728 3255 1743 3292 :
1778 3240 1877 3294 hoc
1907 3241 2017 3294 sci-

450 3306 582 3403 licet
622 3326 812 3369 eorum
859 3317 1108 3387 dogmate
1154 3337 1249 3386 per
1294 3327 1474 3381 omnia
1516 3328 1692 3397 ipsum
1752 3331 2018 3403 impetunt

449 3395 787 3461 Creatorem.

525 3487 582 3545 Si
605 3492 781 3550 autem
817 3498 1000 3570 iniqua
1026 3503 1142 3559 haec
1167 3506 1399 3577 ingenita
1422 3511 1617 3568 animm
1636 3514 1883 3571 voluntas
1910 3528 2017 3584 est,

454 3586 724 3647 quomodo
778 3588 946 3646 David
1001 3593 1176 3664 inquit
1215 3617 1228 3651 :
1267 3617 1286 3651 ‹
1328 3599 1593 3666 Quoniam
1636 3619 1704 3661 ex
1744 3609 2021 3666 voluntate

452 3687 572 3729 mea
608 3681 908 3737 confitebor
942 3685 1170 3742 Domino
1200 3691 1261 3744 ’ἲ
1305 3711 1323 3744 ι
1363 3693 1643 3759 Quomodo
1690 3709 1869 3755 autem
1898 3718 2018 3757 om-

372 3799 390 3815 .
452 3765 585 3823 nino
637 3771 815 3827 anima
866 3789 1052 3844 posset
1108 3782 1351 3838 divinum
1407 3788 1625 3858 aliquod
1679 3792 1857 3859 velle,
1915 3796 2018 3849 nisi

454 3856 703 3912 rationali
756 3874 1036 3931 prmstaret
1081 3871 1394 3928 voluntate?
1420 3856 1511 3937 vel
1540 3882 1810 3946 quomodo
1838 3856 1902 3935 ad
1932 3897 2018 3949 ea,

453 3956 577 4014 quae
604 3951 807 4017 optima
844 3964 994 4018 sunt,
1026 3966 1081 4011 et
1108 3959 1517 4030 intellectualia,
1554 3977 1742 4037 posset
1776 3972 2017 4026 animum

456 4035 723 4105 adjicere,
745 4041 824 4095 vel
845 4044 910 4098 ad
938 4046 1051 4115 ipsa
1080 4053 1289 4119 conari,
1326 4055 1430 4109 nisi
1460 4035 1777 4113 rationalem
1799 4061 2023 4118 haberet

458 4120 818 4220 facultatem?
853 4136 1050 4204 quibus
1077 4141 1330 4197 nimirum
1360 4147 1572 4203 duabus
1601 4153 2023 4220 proprietatibus

456 4216 510 4273 in
541 4236 602 4277 ea
639 4221 928 4315 manifeste
976 4226 1303 4300 exprimitur
1332 4239 1407 4304 id,
1440 4242 1584 4309 quod
1603 4216 1715 4297 est
1732 4246 1797 4299 ad
1834 4246 2025 4318 imagi-

458 4324 579 4364 nem
631 4323 685 4367 et
720 4319 1130 4379 similitudinem
1196 4325 1312 4381 Dei.
1360 4329 1650 4401 Propterea
1698 4334 1921 4406 itaque,
1967 4349 2025 4394 et

2101 1875 2350 1928 διαϐόλου
2398 1873 2807 1945 ὲνεργούμενοι,
2848 1869 2946 1924 καὶ
2979 1871 3059 1930 εἰς
3097 1867 3197 1931 τὰς
3243 1864 3518 1937 πυρώσεις
3566 1863 3649 1917 καὶ

2102 1965 2393 2028 ὲκκαύσεις
2439 1966 2537 2034 τῆς
2583 1964 2789 2035 σαρκὸς
2835 1961 3249 2031 ὲκμαινόμενοι,
3282 1957 3379 2012 καὶ
3426 1957 3526 2010 ὑπὸ
3565 1953 3649 2009 τοῦ

2105 2051 2370 2124 σαρκικόὖ
2407 2054 2712 2123 θελήματος
2737 2051 3288 2121 κατακαμπτόμενοι,
3316 2048 3410 2101 καὶ
3446 2046 3649 2116 μολυνό-

2110 2162 2282 2216 μενοι,
2315 2144 2411 2197 καὶ
2442 2144 2883 2215 βορϐορούμενοι,
2918 2143 2992 2213 μὴ
3018 2139 3348 2211 ἰσχύσαντες
3366 2138 3649 2208 διακρῖναι,

2107 2236 2159 2288 τί
2193 2241 2295 2305 μὲν
2318 2238 2431 2291 ἔστι
2460 2235 2522 2289 τὸ
2552 2235 2876 2288 ἐπείσακτον
2904 2235 2997 2287 καὶ
3026 2233 3264 2303 πονηρὸν
3296 2231 3526 2301 θέλημα,
3572 2226 3653 2280 καὶ

2109 2325 2144 2395 ἡ
2173 2326 2327 2396 παρὰ
2354 2323 2518 2395 φύσιν
2554 2325 2826 2396 ἐνέργεια,
2856 2322 2907 2376 τί
2934 2322 2993 2376 δέ
3044 2325 3161 2405 ἔστι
3191 2320 3256 2376 τὸ
3294 2319 3547 2389 θεόφυτον
3571 2315 3655 2370 καὶ

2110 2414 2386 2467 θεόσδοτον
2417 2414 2516 2484 τῆς
2563 2412 2738 2483 ψυχῆς
2783 2411 3092 2480 λογιστικὸν
3144 2411 3241 2465 καί¹
3284 2406 3655 2481 ἐπιθυμητικὸν

2109 2506 2365 2569 οὐσιῶδες
2388 2505 2622 2575 θέλημα,
2657 2506 2753 2558 καὶ
2791 2504 2843 2557 τί
2874 2503 3036 2557 πάλιν
3064 2505 3098 2573 ἡ
3145 2502 3358 2567 ζωτικὴ
3386 2500 3549 2586 αὐτῆς
3573 2496 3656 2584 καί

2101 2589 2412 2669 λσυστατικὴ
2446 2596 2543 2651 τοῦ
2585 2596 2835 2666 σώματος
2885 2595 3157 2664 ἐνέργεια,
3205 2594 3285 2658 ὡς
3322 2595 3530 2666 γνήσιοι
3572 2588 3655 2645 τοῦ

2110 2691 2391 2754 Μάνεντος
2439 2687 2681 2759 μαθητταί⁸
2719 2686 3066 2741 διαϐάλλουσι
3090 2679 3152 2739 τὸ
3180 2685 3285 2753 τῆς
3331 2682 3539 2754 φύσεως
3571 2681 3656 2736 τοῦ

2114 2784 2426 2837 θεοκτίστου
2451 2781 2739 2852 ἀνθρώπου
2770 2779 3002 2849 θέλημα,
3033 2778 3359 2842 κακίζουσιν
3377 2776 3450 2840 ὡς
3479 2778 3524 2829 οἰ
3550 2776 3657 2859 Ma-

2114 2879 2308 2947 νιχαῖοι
2340 2876 2439 2945 τὴν
2470 2874 2629 2945 ἡμῶν
2684 2872 2992 2925 θεόκτιστον
3040 2870 3240 2942 σάρκα,
3276 2868 3547 2940 ὑϐρίζουσι
3572 2867 3659 2937 τὴν

2079 2991 2082 2994 ~
2116 2964 2375 3030 ζωοποιὸν
2406 2963 2683 3016 θεόσδοτον
2714 2961 2875 3032 ἡμῶν
2910 2962 3212 3031 ἐνέργειαν,
3246 2960 3544 3029 μέμφονται
3572 2958 3660 3028 τὴν

2116 3074 2202 3110 νοε
2214 3056 2313 3126 ρὰν
2336 3051 2494 3126 ήμῶν
2523 3054 2802 3108 θεόσδοτον
2828 3052 3148 3124 ἐπιθυμίαν,
3185 3052 3255 3105 δι’
3279 3046 3349 3123 ἦς
3368 3050 3661 3121 ὀρεγόμενοι

2119 3147 2228 3225 τῶν
2274 3145 2433 3200 θείων
2492 3143 2832 3215 τυγχάνομεν
2879 3145 2979 3222 τῆς
3025 3141 3328 3213 σωτηρίας,
3361 3141 3447 3195 διὰ
3485 3136 3663 3199 παντὸς

2122 3234 2301 3289 αὐτῶν
2319 3233 2414 3287 τοῦ
2435 3233 2705 3305 δόγματος
2734 3232 2812 3304 τῷ
2843 3232 3053 3304 κτίστῃ
3080 3231 3527 3304 προσκρούοντες.

2194 3503 2259 3556 Εἰ
2299 3494 2357 3556 δὲ
2387 3501 2622 3572 πονηρὸν
2650 3495 2717 3572 ἦν
2742 3497 2804 3553 τὸ
2841 3499 3082 3571 ἔμφυτον
3106 3498 3219 3568 τῆς
3251 3494 3431 3567 ψυχῆς
3455 3493 3662 3567 θέλημα,

2126 3595 2245 3660 πῶς
2279 3612 2448 3665 φησιν
2480 3596 2509 3648 ό
2551 3594 2743 3646 Δαϐίδ·
2782 3610 2801 3643 ‹
2841 3592 2963 3645 Ὅτι
2992 3592 3086 3644 καὶ
3109 3593 3173 3644 ἐκ
3227 3587 3532 3659 θελήματός
3574 3599 3662 3654 μου

2125 3687 2595 3758 ὲξομολογήσομαι
2617 3685 2695 3756 τῷ
2723 3673 2873 3755 Θεῷς
2905 3701 2925 3735 ι
2947 3682 3073 3745 Πῶς
3101 3683 3210 3753 γὰρ
3237 3683 3306 3736 ἂν
3325 3679 3572 3744 ὃλωςκαὶ
3585 3677 3656 3729 δυ-

2128 3779 2351 3849 νήσεται
2390 3778 2422 3847 ή
2469 3775 2617 3847 ψυχὴ
2657 3774 2882 3844 θελῆσαι
2922 3790 2975 3826 τι
3018 3773 3130 3827 τῶν
3157 3772 3343 3837 θείων,
3396 3775 3442 3824 εἰ
3476 3769 3546 3840 μὴ
3571 3766 3665 3835 ἔχει

2128 3868 2353 3939 θέλησ-ιν
2380 3866 2703 3937 λογικήνςῆ
2753 3865 2871 3928 πῶς
2901 3865 3086 3935 νοήσει
3128 3881 3181 3917 τι
3226 3864 3338 3917 τῶν
3368 3858 3665 3934 κρειττόνων

2126 3961 2223 4014 καὶ
2295 3959 2521 4030 νοερῶν,
2587 3957 2621 4030 ἢ
2681 3958 2989 4027 ἐνεργήσει,
3040 3955 3114 4027 μὴ
3155 3955 3360 4024 ἔχουσα
3414 3952 3664 4022 ἐνέργειαν

2127 4051 2360 4122 νοερὰνλ,
2388 4050 2454 4103 δι’
2481 4044 2554 4104 ὧν
2585 4050 2678 4102 δύο
2724 4049 3000 4118 ἰδιοτήτων
3033 4045 3354 4115 ἐξεικονίζει
3404 4041 3579 4111 σαφῶς
3612 4038 3665 4115 «ἐν

2129 4120 2295 4212 ἑαυτῇ
2322 4120 2383 4194 τὸ
2420 4142 2540 4195 κατ’
2574 4139 2758 4193 εἰκόνα
2799 4138 2894 4191 καὶ
2936 4138 3198 4208 ὁμοίωσιν
3240 4134 3407 4202 Θεοῦ;
3458 4132 3549 4185 Διά
3572 4128 3664 4197 γὰρ

2128 4232 2286 4285 τοῦτο
2315 4232 2409 4285 καὶ
2446 4231 2608 4302 μόνον
2636 4232 2769 4300 ἡμῖν
2800 4229 3133 4299 πεπόνηνται
3157 4228 3207 4280 οἰ
3234 4226 3574 4298 προκείμενοι
3600 4218 3666 4279 είς

2130 4326 2213 4389 τὸ,
2236 4324 2359 4377 κατ’
2377 4322 2581 4385 εἰκόνα,
2610 4321 2783 4389 λόγοι,
2815 4322 2895 4383 εἰς
2917 4318 2980 4371 τὸ
3010 4318 3203 4382 δεῖξαι,
3226 4317 3302 4381 ὡς
3317 4319 3373 4369 ὲν
3404 4313 3548 4382 τύπῳ
3576 4306 3664 4361 τινὶ

366 4474 378 4481 ς
456 4398 572 4458 haec
609 4420 711 4461 una
746 4410 811 4465 de
841 4428 1008 4469 causa
1049 4417 1153 4473 duo
1191 4433 1218 4470 a
1250 4421 1406 4475 nobis
1455 4425 1697 4492 praedicti
1748 4442 2007 4484 sermone:

2132 4417 2227 4470 xui.
2246 4406 2411 4470 εἰκόνι
2439 4415 2514 4485 τῷ
2530 4413 2803 4484 ἀνθρώπῳ
2823 4414 2883 4466 οὐ
2905 4391 3064 4482 μόνον
3092 4410 3200 4463 τῶν
3223 4409 3316 4462 δύο
3336 4407 3427 4501 τοῦ
3458 4393 3662 4501 Χριστοῦ

458 4503 753 4569 conscripti
789 4516 915 4560 sunt
953 4509 1005 4562 in
1045 4509 1195 4574 illud,
1227 4513 1293 4567 ad
1336 4513 1648 4584 imaginem,
1688 4527 1746 4573 ut
1775 4522 2007 4578 ostende-

2128 4509 2324 4563 οὐσιῶν
2357 4509 2457 4578 τὴν
2485 4505 2951 4579 προδιατύπωσιν,
2974 4503 3111 4556 ἀλλὰ
3145 4501 3358 4556 καὶδύο
3401 4500 3664 4567 ὲνεργεῑων

461 4603 666 4656 remus,
706 4594 758 4647 iu
798 4598 1016 4653 homine
1063 4602 1227 4655 veluti
1266 4605 1317 4658 in
1354 4608 1527 4675 figura
1555 4620 1610 4663 et
1638 4612 1871 4680 imagine
1900 4630 2031 4682 qua-

460 4679 608 4742 dam,
634 4697 734 4736 non
768 4676 927 4740 modo
958 4689 1186 4757 duplicis
1205 4694 1407 4750 Christi
1430 4700 1683 4753 essentia:
1719 4701 2028 4771 imaginem,

2129 4602 2224 4654 καὶ
2248 4599 2566 4670 θελημάτων
2612 4597 2969 4666 ἀδιαϐλήτων,
3006 4594 3082 4657 ὡς
3116 4596 3174 4646 ὲν
3220 4593 3377 4660 τύπῳ
3414 4589 3515 4642 τινί
3544 4585 3663 4653 ἀμυ-

2128 4691 2238 4762 δρῷ
2280 4689 2701 4761 πρρδιάγραψιν.
2743 4683 2853 4741 Καὶ
2896 4688 3004 4756 γὰρ
3036 4685 3097 4738 τὸ
3138 4686 3304 4756 τιμᾷν
3342 4681 3544 4749 πατέρα
3579 4671 3663 4728 καὶ

458 4782 648 4822 verum
703 4774 863 4827 etiam
904 4779 1130 4833 duarum
1167 4789 1542 4850 operationum
1586 4790 2007 4861 voluntatumqtu

2133 4784 2366 4856 μητέρα,
2400 4784 2490 4836 καὶ
2517 4782 2782 4850 ἀδελφοὺς
2811 4780 3054 4849 ἀγαπᾷν,
3089 4779 3183 4831 καί
3213 4774 3546 4843 συγγένειαν,
3572 4774 3632 4834 φῦ

462 4859 815 4917 indivisarum
890 4872 1185 4939 exemplar.
1246 4874 1724 4935 Verumenitm'ero
1778 4895 2028 4951 patrem,

2132 4896 2264 4937 σεως
2306 4876 2653 4946 ἀνθρωπίνης
2699 4872 2923 4942 φυσικόν
2976 4873 3121 4923 ἐστιν
3154 4867 3407 4927 οὐσιῶδες
3456 4861 3656 4926 θέλημα,

462 4963 802 5024 matremque
831 4961 1124 5025 honorare,
1157 4965 1379 5029 fratres,
1414 4980 1575 5039 atque
1599 4975 2007 5042 consanguineo:

2126 4969 2303 5039 ψυχῆς
2333 4968 2656 5037 ἀδιάϐλητον
2682 4981 2694 4995 ·
2736 4965 2796 5017 τὸ
2820 4963 2877 5015 δὲ
2913 4961 3272 5029 καταλείψαι,-
3314 4956 3406 5009 καὶ
3449 4950 3657 5042 ἀρνήοαξ

462 5039 685 5114 diligere
722 5050 968 5106 humana:
987 5057 1172 5121 procul
1201 5059 1363 5112 dubio
1394 5071 1597 5116 natura:
1634 5066 1896 5121 naturalis
1924 5076 2028 5134 est,

463 5140 714 5193 essentia:
748 5142 938 5207 indita,
986 5155 1151 5215 atque
1182 5150 1248 5204 ab
1269 5152 1448 5205 anima
1482 5155 1707 5209 indivisa
1737 5157 1984 5209 voluntas
2016 5173 2029 5211 :

463 5241 583 5278 cum
653 5242 861 5300 patrem
916 5238 1126 5305 ipsum,
1178 5252 1338 5310 atque
1394 5255 1660 5314 matrem,
1726 5248 2032 5315 fratresqu

464 5329 681 5385 pmpter
718 5324 882 5381 Deum
918 5330 1319 5401 derelinquere,
1356 5346 1518 5406 atque
1549 5340 1818 5409 abnegare
1846 5339 2022 5393 divina

2131 5038 2253 5112 σθαι
2313 5058 2400 5111 διὰ
2426 5058 2559 5110 Θεὸν
2606 5056 2840 5125 πατέρα,
2881 5054 2976 5106 καὶ
3010 5052 3240 5123 μητέρα,
3276 5049 3367 5101 καὶ
3410 5038 3655 5107 ἀδελφοὺς.

2129 5150 2295 5212 ὅντως
2330 5148 2471 5202 θετον
2527 5148 2621 5201 καὶ
2677 5148 2816 5216 ὑπὲρ
2871 5146 3031 5213 φύσιν
3084 5144 3294 5213 θέλημα
3360 5136 3654 5228 ἀξιέπαξνὟ·

2144 5239 2272 5292 Ἰδοὺ
2303 5238 2395 5290 δύο
2423 5237 2703 5307 θελήματα
2731 5235 3049 5306 ἀδιάϐλητα,
3076 5234 3138 5287 τὸ
3169 5233 3267 5304 μὲν
3296 5228 3450 5297 φύσει
3478 5220 3657 5286 ἀνθρώ-

2135 5350 2310 5396 πινον,
2341 5333 2400 5385 τὸ
2436 5332 2494 5386 δὲ
2530 5334 2668 5403 ὑπὲρ
2694 5330 2855 5401 φύσιν
2886 5332 2979 5385 καὶ
3005 5330 3167 5382 θεῖον.

464 5409 556 5472 sit,
593 5412 751 5472 laude
783 5419 941 5488 digna
967 5399 1241 5488 volunt—as,
1264 5399 1642 5497 exeedcnsque
1668 5399 1875 5485 nvaturat
1904 5424 2292 5482 conditionem.
2334 5425 2408 5476 Eu
2479 5425 2662 5492 itaque
2722 5424 2854 5475 duas
2899 5422 3157 5475 indivisas
3215 5417 3535 5474 Voluntates;
3572 5399 3653 5453 Μ·

471 5516 640 5561 mana,-
659 5518 861 5566 natura:
880 5513 1126 5582 alteram,
1149 5518 1371 5573 alteram
1388 5534 1552 5590 super
1569 5531 1818 5574 naturam
1846 5519 2040 5587 ipsam,
2085 5526 2244 5582 atque
2274 5515 2533 5567 divinam-

549 5654 570 5684 ⁵
597 5655 634 5705 ll
663 5677 724 5707 ιιιι
774 5677 880 5710 tm.
910 5663 960 5715 8.
1038 5665 1121 5719 “G
1166 5666 1237 5721 1-ιι
1278 5668 1422 5731 ι·ι,8.
1500 5671 1517 5701 ⁷
1546 5668 1701 5723 Boni.
1735 5669 1953 5731 vm,l5.

2031 5668 2051 5699 ⁸
2086 5666 2217 5720 Luc.
2263 5681 2407 5727 χειν,
2441 5666 2527 5718 39.

2634 5665 2652 5694 ³
2703 5662 2842 5715 Ρδυί.
2881 5677 3047 5727 xxvii,
3081 5661 3133 5714 7.
