3988 6142
312 269 440 335 ιιδι

374 386 576 441 Λοιπὸν
635 388 722 443 ὅτε

311 476 644 541 δουλεύοντα,
676 479 751 542 ὥς
773 496 938 549 φησιν
970 482 998 533 ὁ
1028 483 1264 544 Λουκᾶς,
1303 480 1383 551 τῷ
1422 482 1645 550 Ἰωσὴφ,
1679 482 1777 534 καὶ
1802 483 1871 553 τῇ

314 570 532 637 μητέρι,
572 570 667 622 καὶ
710 571 1116 640 προστρέχοντα
1151 571 1248 624 καὶ
1280 570 1759 641 περιπλεκόμενον,
1798 572 1875 635 ὡς

314 660 547 723 παιδίον,
581 663 696 741 ταῖς
724 659 987 728 ἀγκάλαις
1005 664 1095 714 καὶ
1115 665 1226 725 τοῖς
1251 662 1426 729 ἁγίοις
1444 662 1664 725 κόλποις
1680 664 1872 732 αὐτῆς,

316 752 390 823 μή
443 753 705 823 διστὰσῃς
727 756 902 806 εἰπεῖν
932 754 1196 823 θελήματι.
1257 755 1354 807 καὶ
1388 756 1590 825 στοργῇ
1619 754 1717 823 τῆς
1753 752 1875 805 καθ’

314 846 461 912 ἡμᾶς
491 846 705 913 φύσεως
736 844 1018 908 ποιοῦντα,
1045 845 1140 898 καὶ
1169 844 1454 897 δεικνύντα
1485 845 1647 897 αὐτὸν
1674 842 1872 905 ταῦτα,

314 937 409 988 καὶ
436 935 661 997 τέλειον,
686 938 780 990 καὶ
800 937 1081 1005 όμοούσιον
1121 936 1250 1005 ἡμῖν
1278 934 1417 989 κατά
1457 934 1556 1007 τὴν
1595 933 1878 1004 ἀνθρωπό-

315 1044 450 1095 τητα
472 1027 659 1079 ἑαυτὸν
681 1028 1042 1095 ἐμφανίζοντα
1062 1027 1204 1080 κατά
1231 1027 1409 1080 πάντα
1428 1030 1647 1093 τρόπον.
1666 1025 1741 1088 ὥς
1772 1042 1876 1095 φη-

318 1135 400 1170 σιν
422 1121 447 1170 ὁ
467 1117 696 1179 Παῦλος,
717 1119 838 1187 δίχα
864 1110 1030 1187 μόνης
1058 1119 1157 1185 τῆς
1185 1118 1482 1188 ἁμαρτίας,
1504 1118 1672 1169 Ὅταν
1691 1116 1747 1169 δὲ
1770 1117 1878 1169 πά·

315 1206 400 1260 λιν
420 1208 551 1275 πρὸς
574 1207 669 1276 τὴν
684 1208 892 1278 μητέρα
916 1208 1049 1280 λέγῃ
1066 1247 1081 1269 ,
1107 1226 1125 1258 ι
1146 1208 1211 1259 Τί
1232 1209 1375 1278 ἐμοὶ,
1408 1210 1499 1261 καὶ
1523 1208 1624 1270 σοὶ,
1648 1206 1806 1275 γύναι
1825 1222 1874 1271 ς»

317 1299 409 1353 κιιί
435 1315 446 1327 ·
473 1318 492 1349 ι
531 1301 626 1361 Τίς
655 1301 771 1354 ἐστί
810 1317 912 1369 μου
941 1301 1143 1371 πατὴρ,
1174 1301 1208 1369 ἢ
1235 1303 1442 1371 μήτηρ,
1476 1300 1525 1352 εἰ
1558 1300 1685 1369 μὴ.ὁ
1710 1297 1880 1351 ποιῶν

316 1392 377 1444 τὸ
416 1392 625 1462 θέλημα
651 1394 745 1446 τοῦ
789 1394 1101 1461 πέμψαντός
1122 1410 1223 1463 με;
1275 1408 1307 1444 ι’
1346 1391 1582 1445 ἐνταῦθα
1631 1390 1879 1445 παιδεύει

317 1486 463 1553 ἡμᾶς
504 1485 563 1537 τὸ
595 1485 737 1537 θεῖον
765 1486 860 1538 καί
882 1485 1024 1555 ὑπὲρ
1044 1486 1205 1554 φύσιν
1235 1485 1469 1555 θέλημα.
1499 1485 1577 1537 Δι’
1599 1485 1748 1554 ἡμᾶς
1771 1481 1882 1553 γὰρ

318 1576 493 1629 πάντα
514 1576 688 1628 ἐποίει
721 1577 815 1629 καὶ
844 1575 1131 1646 ἔπραττεν,
1151 1578 1221 1628 ’ἐν
1251 1577 1417 1629 πᾶσιν
1446 1575 1611 1638 αὐτὸς
1647 1573 1878 1636 τέλειος,

318 1667 411 1726 καὶ
445 1667 774 1735 προτέλειος,
805 1667 917 1718 καὶο
941 1670 1029 1721 ἀεὶ
1064 1666 1281 1737 πλήρης
1326 1666 1611 1738 ὑπάρχων,
1644 1663 1881 1734 νομίζων

316 1754 374 1817 δὲ
401 1757 601 1823 μᾶλλον
644 1757 1041 1827 ἀκριϐεστέραν
1070 1758 1336 1827 ὑπάρχειν
1361 1759 1462 1826 τὴν
1506 1758 1701 1826 ἑτέραν
1732 1744 1882 1808 ἐκδο-
1911 1738 1954 1796 Β

316 1846 418 1913 χὴν
448 1849 545 1913 τὴν
568 1845 915 1912 φάσκουσαν,
942 1846 1024 1898 ὅτι
1060 1845 1148 1898 διὰ
1177 1847 1275 1913 τῆς
1305 1844 1579 1914 θελήσεως
1609 1843 1709 1912 τῆς
1732 1842 1881 1910 λογι-

318 1931 534 2000 σιτικῆς.
563 1932 657 1984 καὶ
698 1930 1075 2001 βουλευτικῆς,
1108 1935 1203 1985 καὶ
1233 1932 1582 2003 διανοητικῆς
1620 1933 1721 1998 τῆς
1765 1947 1883 1983 νοε-

317 2024 418 2090 ρᾶς
436 2023 615 2091 ψυχῆς
630 2025 729 2091 τῆς
755 2022 851 2075 τοῦ
877 2023 1065 2076 δούλου
1090 2023 1309 2093 μορφῆς
1328 2024 1570 2093 ἐπλήρου
1594 2023 1622 2074 ὁ
1648 2020 1883 2090 Χριστὸς

325 2112 416 2181 τὴν
453 2112 716 2183 ὑπακοὴν,
760 2112 853 2169 κα)⁵
906 2112 966 2165 τὸ
1003 2112 1217 2181 θέλημα
1249 2106 1346 2166 τοῦ
1372 2112 1607 2182 Πατρὺς,
1661 2114 1755 2164 καὶ
1780 2111 1883 2181 τὴν

319 2203 555 2273 ἰντολὴν,
588 2206 682 2257 καὶ
722 2207 784 2257 τὸ
823 2204 1174 2275 πρόσταγμα,
1206 2204 1304 2258 καὶ
1333 2205 1425 2256 τὸν
1457 2205 1648 2272 νόμον·
1691 2202 1777 2254 διὰ
1825 2202 1884 2254 δὲ

320 2292 481 2347 πάλιν
510 2293 612 2361 τῆς
647 2293 909 2363 ζωτικῆς,
938 2294 1031 2347 καὶ
1055 2293 1320 2356 ζωοποιοῦ
1353 2292 1660 2353 θεοσδότου,
1690 2290 1879 2360 αὐτῆς,

319 2382 463 2450 λέγω
480 2382 565 2451 δὴ,
580 2383 680 2451 τῆς
703 2382 882 2453 ψυχῆς
902 2385 1001 2452 τῆς
1015 2385 1206 2453 νοερᾶς
1230 2382 1512 2452 ἐνεργείας
1538 2381 1879 2451 συνεκράτει,

320 2474 413 2527 καὶ
446 2474 746 2537 ἑζωοποίει,
779 2476 874 2528 καὶ
892 2473 1046 2542 ηὕξει
1075 2474 1137 2527 τὸ
1165 2475 1363 2530 οἰκεῖον
1386 2473 1549 2541 σῶμα
1571 2474 1600 2525 ὁ
1623 2473 1754 2534 Θεὸς
1777 2471 1882 2525 Λό-

1708 248 1962 340 snaMo
1999 282 2115 342 III.

812 388 926 459 ἴδῃς
1003 390 1210 460 Ἰησοῦν
1282 391 1724 459 ὑποτασσόμενον
1778 392 1873 445 καὶ

2047 393 2318 449 Caeterum
2359 408 2482 449 cmn
2516 390 2700 446 Jesum
2735 389 2999 459 prospicis
3051 389 3349 456 subditum,
3383 400 3436 445 et
3468 393 3549 443 in-

3420 276 3554 340 1102

1976 484 2320 547 servientem,
2357 493 2415 536 ut
2454 482 2630 550 inquit
2677 480 2854 534 Lucas
2888 479 2953 542 “,
2983 477 3240 548 Joscplio,
3277 489 3333 533 et
3362 480 3550 542 matri,

1976 572 2110 642 ipsis
2166 586 2564 639 accurrentem,
2608 581 2661 629 et
2708 582 2764 624 ut
2795 570 3081 639 puerulum
3130 569 3305 624 sancti
3363 572 3555 640 gremii

1975 666 2091 733 ejus
2118 666 2397 733 complexu
2434 666 2852 726 circuuulatum,
2888 677 2953 715 ue
2983 661 3203 715 dubites
3238 661 3420 717 dicere
3455 676 3555 715 vo-

1977 755 2205 818 luntate,
2237 764 2290 808 et
2320 754 2561 824 ingenito
2608 763 2811 809 nostrae
2863 761 3067 804 natura:
3120 738 3305 805 amore
3337 752 3451 805 haec
3489 750 3559 804 alt

1978 847 2098 914 ipso
2134 848 2378 917 praestari
2400 887 2414 909 ,
2449 846 2927 914 demonstrarique
2950 882 2966 908 ,
3022 858 3191 913 seque
3227 860 3351 899 eum
3401 843 3557 899 nobis

1979 937 2219 1004 perfecte
2288 939 2621 991 humanitate
2694 935 3213 991 consubstantialem
3271 939 3559 990 ostendere

1979 1027 2150 1088 omni,
2185 1036 2241 1079 ιιι
2276 1027 2450 1096 inquit
2481 1026 2694 1089 Paulus,
2730 1027 2961 1092 ratione,
2999 1029 3045 1079 si
3078 1022 3299 1081 unicum
3325 1042 3554 1095 cscepe-
3626 1016 3633 1019 ’

1984 1118 2058 1172 ris
2108 1128 2411 1183 peccatum.
2461 1115 2594 1170 Cum
2665 1132 2853 1171 rursus
2909 1126 3087 1171 autem
3149 1118 3315 1172 matri
3380 1119 3554 1172 dicit:

1988 1225 2010 1259 ι
2055 1207 2192 1274 Quid
2228 1207 2357 1260 mihi
2407 1216 2614 1283 est;’et
2664 1208 2783 1271 tibi,
2830 1206 3029 1283 mulier
3056 1206 3144 1259 "?
3185 1225 3204 1256 ι
3243 1217 3339 1261 et:
3376 1228 3391 1257 ι
3426 1205 3559 1273 Quis

1985 1297 2147 1353 Pater
2169 1312 2321 1351 meus
2347 1278 2545 1361 est,‘ctv
2566 1307 2759 1361 mater,
2790 1298 2890 1351 nisi
2922 1296 2987 1357 is,
3023 1278 3114 1368 qui
3149 1296 3276 1351 facit
3308 1298 3557 1353 volunta-

1985 1404 2090 1447 tem
2118 1392 2255 1460 ejus,
2286 1392 2376 1465 qui
2406 1390 2551 1443 misit
2582 1406 2666 1443 me
2697 1389 2775 1442 "‘3
2809 1408 2827 1441 ι
2862 1388 3027 1445 Nobis
3063 1391 3128 1443 iis
3165 1389 3299 1444 lucis
3321 1390 3557 1443 divinam

1983 1481 2562 1554 supernaturalemque
2585 1495 2736 1533 suam
2762 1479 2965 1533 indicat
2990 1477 3343 1534 voluntatem.
3363 1477 3555 1534 Omnia

1983 1573 2183 1657 quippe
2219 1561 2450 1641 propter.
2474 1586 2574 1625 nos
2624 1572 2769 1636 fecit,
2801 1580 2854 1625 et
2879 1579 3137 1640 operatus
3167 1582 3247 1625 est
3287 1569 3561 1638 perfectus

1984 1665 2100 1733 ipse
2138 1664 2192 1716 in
2228 1661 2498 1728 omnibus,
2531 1672 2586 1714 ct
2617 1675 2827 1715 summe
2890 1661 3192 1730 perfectus,
3238 1673 3559 1727 semperque

1982 1756 2253 1810 exsisteus
2293 1753 2347 1807 in
2378 1753 2737 1822 plenitudine,
2772 1761 2825 1805 et
2854 1763 3099 1821 statuens
3151 1752 3401 1814 alteram,
3438 1766 3559 1821 qua

1987 1854 2110 1901 m'ox
2141 1845 2284 1898 dicta
2314 1855 2399 1899 est
2442 1843 2836 1912 subjectiouem
2873 1842 3044 1899 multo
3077 1857 3198 1896 esse
3252 1843 3554 1901 meliorem.

1984 1937 2238 2007 quoniam
2272 1949 2369 2005 per
2414 1935 2753 1997 rationalem,
2807 1943 2971 2003 atque
3016 1934 3425 1993 deliberativam
3460 1948 3555 1983 vo-

1982 2024 2268 2091 luntatem,
2286 2034 2340 2081 et
2362 2027 2710 2081 discretivam
2746 2024 3125 2078 intellectualis
3147 2025 3363 2088 animae,
3392 2036 3556 2090 quam

1985 2123 2037 2177 in
2071 2122 2244 2196 forma
2279 2121 2420 2177 servi
2455 2127 2759 2189 acceperat,
2795 2117 3045 2187 implevit
3084 2114 3338 2170 Christus
3365 2113 3557 2163 volun-

1986 2221 2175 2278 tatem,
2236 2198 2591 2282 prteceptum’,
2669 2209 2978 2279 imperium.
3025 2215 3081 2259 ct
3125 2205 3296 2273 legem
3351 2201 3555 2272 patris;

1983 2312 2146 2371 atque
2184 2301 2388 2371 pariter
2442 2314 2541 2365 per
2587 2299 2829 2361 vitalem,
2861 2305 2915 2351 et
2960 2295 3347 2354 viviﬁcantem,
3388 2307 3415 2342 a
3449 2290 3558 2342 Deo

1983 2391 2088 2447 sibi
2136 2394 2314 2446 datam
2335 2432 2349 2455 ,
2370 2406 2382 2414 ‘
2407 2403 2527 2444 eam
2550 2429 2566 2455 ,
2619 2388 2878 2456 inquam,
2926 2385 3122 2462 anima!
3182 2381 3559 2435 intellectualis

1985 2483 2318 2546 facultatem,
2356 2473 2519 2543 rexit,
2550 2477 2862 2543 viviﬁcavit,
2888 2479 3145 2545 auxitque
3170 2490 3368 2541 curpus
3394 2486 3552 2523 suum

322 2580 413 2633 γος
432 2565 573 2618 κατά
588 2565 678 2618 τὸν
691 2566 815 2635 ὅρον
830 2565 925 2618 καὶ
944 2565 1127 2634 νόμον,
1139 2565 1198 2617 ὃν
1216 2564 1416 2617 δέδωκε
1437 2565 1503 2633 τῇ
1526 2562 1716 2631 λογικῇ
1735 2560 1881 2631 ψυχῇ

1988 2574 2128 2630 Deus
2161 2573 2421 2637 Verbum,
2452 2573 2517 2626 iis
2542 2584 2675 2626 eaue
2721 2572 3006 2635 limitibus,
3055 2583 3119 2622 ac
3168 2565 3397 2635 legibus,
3439 2576 3559 2631 qua

321 2654 622 2721 ζωοποιεῖν,
653 2660 744 2710 καὶ
766 2660 1115 2728 συγκρατείν,
1137 2656 1231 2710 καὶ
1242 2654 1448 2720 αῠξειν,
1472 2654 1568 2707 καὶ
1588 2655 1757 2707 κινεῖν
1782 2655 1883 2724 τὴν

1988 2664 2240 2721 rationali
2284 2666 2481 2718 anima:
2524 2672 2654 2717 sunt
2681 2678 2711 2715 a
2743 2663 2851 2716 Deo
2902 2660 3251 2730 przescriptae,
3287 2666 3355 2709 ut
3385 2655 3558 2707 infor-

322 2747 426 2801 τῶν
447 2748 712 2816 σωμάτων
745 2746 922 2816 φύσιν.
952 2746 1115 2801 Ὅθεν
1135 2746 1229 2800 καί
1256 2745 1403 2817 ψυχὴ
1423 2743 1495 2799 δι’
1519 2744 1672 2798 ούδιν
1697 2743 1885 2813 ἕτερον

1988 2766 2120 2821 ntet,
2147 2756 2546 2815 vivere'faciat,
2572 2762 2856 2822 augeat,et
2882 2759 3093 2805 moveat
3121 2747 3364 2818 corporis
3389 2745 3559 2814 ipsius

319 2838 556 2908 εἴρηται,
596 2840 646 2894 εἰ
682 2837 756 2908 μὴ
802 2840 866 2891 εκ
891 2837 986 2892 τοῦ
1044 2838 1259 2909 ψύχειν,
1311 2838 1482 2909 ἡγουν
1510 2837 1796 2902 ζωοποιεῖν
1823 2833 1886 2888 τὸ

1989 2862 2260 2904 naturam.
2310 2845 2694 2915 Quamobrem
2730 2860 2835 2899 non
2888 2843 2990 2900 alia
3020 2843 3086 2896 de
3117 2854 3282 2897 causa
3333 2836 3561 2905 spiritus

320 2928 500 2997 σῶμα.
560 2929 654 2981 Ἐκ
690 2927 882 2983 τούτου
943 2929 1036 2982 καὶ
1085 2925 1390 2997 ἀποψύχειν
1421 2925 1484 2979 τὸ
1518 2925 1886 2996 ἀποθνήσκειν

1988 2941 2211 3009 dicitur,
2260 2939 2363 2994 nisi
2395 2939 2629 3008 eoquod
2682 2950 2880 3005 corpus
2912 2935 3173 2998 viviﬁcet,
3231 2931 3347 2986 sive
3394 2925 3561 2982 faciat

318 3019 570 3090 εἴρηται·
603 3018 792 3093 ὥσπερ
817 3019 980 3073 πάλιν
1007 3019 1067 3075 τὸ
1089 3019 1385 3090 ἀναψύχειν
1413 3017 1476 3072 τὸ
1503 3016 1626 3089 ζῇν.

1988 3032 2237 3105 spirare;
2266 3030 2567 3099 exindeque
2607 3026 2811 3098 pariter
2844 3025 3007 3089 mori,
3044 3039 3150 3079 non
3183 3009 3395 3092 spirare
3421 3032 3562 3073 nun-

1912 3091 1955 3150 c
1987 3091 2237 3193 cupstnr,
2267 3120 2629 3189 similiterque
2661 3117 2869 3181 vivere,
2910 3115 3206 3186 respirare.

2056 3206 2517 3281 Quemadmodum
2570 3221 2752 3265 autem
2805 3208 3039 3279 duplicis
3094 3202 3299 3261 Christi
3353 3208 3562 3255 natura:

1987 3305 2277 3376 imaginem
2330 3302 2741 3371 voluntatisque
2794 3299 3048 3356 similiter
3081 3298 3136 3352 in
3177 3294 3458 3368 proposito
3491 3289 3563 3345 ab

390 3210 602 3280 Ὠσπερ
627 3209 682 3263 δὲ
711 3209 897 3279 διττῆς
921 3206 1157 3279 Χριστοῦ
1204 3207 1442 3279 φύσεως,
1492 3203 1757 3268 ὡσαύτως
1787 3200 1886 3258 καὶ

316 3300 595 3371 θελήσεως
631 3300 847 3364 εἰκόνας
869 3300 1153 3371 ἐδείξαμεν
1181 3301 1264 3363 εἰς
1289 3300 1384 3353 τὸν
1406 3297 1527 3352 κατ’
1554 3296 1740 3350 εἰκόνα
1789 3293 1887 3349 καὶ

310 3391 579 3461 ὁμοίωσιν
610 3390 776 3445 αὐτοῦ
827 3391 920 3445 ὑπ’
953 3390 1120 3445 αὐτοῦ
1152 3391 1444 3461 γενόμενον
1490 3388 1745 3443 σύνθετον
1793 3385 1889 3441 ἀν-

311 3478 569 3549 θρωπονο
601 3478 743 3533 οῦτω
793 3479 956 3534 πάλιν
982 3480 1060 3541 ὡς
1087 3479 1148 3533 εν
1196 3480 1369 3535 εἰκόνι
1396 3479 1505 3533 τινὶ
1563 3478 1661 3533 καὶ
1704 3476 1882 3547 τύπῳ,

310 3570 482 3638 λέγω.
513 3572 705 3641 ὁρᾶται
756 3572 815 3625 ἰν
859 3571 938 3642 τῷ
980 3570 1254 3643 ἀνθρώπῳ
1305 3571 1403 3626 καὶ
1434 3570 1587 3641 διττή
1623 3586 1708 3632 τις
1733 3569 1886 3638 ἔνερ-

310 3662 472 3730 γείας
489 3662 727 3731 ἔμφασις
756 3665 836 3726 εἰς
863 3662 1055 3717 εἰκόνα
1092 3663 1191 3717 καὶ
1209 3661 1380 3716 τύπον
1407 3659 1668 3730 Χριστοῦ.
1690 3656 1884 3715 Καθά-

307 3769 429 3824 περ
458 3753 567 3824 γὰρ
611 3756 645 3824 ἡ
676 3754 844 3808 αὑτοῦ
882 3753 1075 3824 θεότης
1106 3754 1327 3825 ενήργιι
1365 3753 1462 3806 καὶ
1506 3749 1848 3820 θεανδρικῶς
1868 3788 1885 3814 ,

306 3845 541 3915 ἐνήργει
565 3844 622 3897 δὲ
647 3846 743 3899 καὶ
766 3843 964 3909 θεῖκῶς
992 3846 1052 3899 ἰν
1083 3843 1298 3916 ούρανῷ
1326 3843 1433 3915 πρὸ
1455 3844 1554 3914 τῆς
1579 3841 1677 3897 τοῦ
1700 3840 1889 3911 σῶμα.

305 3953 410 3999 τος
461 3935 805 4006 ἀναλήψεως,
837 3936 914 4000 ὡς
971 3936 1406 4008 ἀπερίγραπτος,
1442 3936 1538 3989 καὶ
1599 3933 1677 4004 μὴ
1725 3948 1887 4004 περι-

304 4028 588 4098 γραφεῖσα
627 4028 688 4078 ἐν
722 4024 799 4096 τῷ
832 4025 1084 4095 σώματιι
1138 4024 1285 4079 οὕτω
1316 4025 1411 4079 καὶ
1441 4025 1477 4095 ἡ
1514 4022 1662 4093 ψυχὴ
1701 4023 1735 4091 ἡ
1764 4021 1886 4075 κατ’

304 4115 506 4171 εἰκόνα
556 4116 651 4169 καὶ
675 4117 932 4186 ὁμοίωσιν
960 4114 1055 4170 τοῦ
1080 4116 1315 4187 ἀοράτου
1344 4115 1481 4168 θεοῦ
1505 4112 1888 4184 Λόγου-ύπάρο

303 4222 514 4281 χουσα,
581 4206 798 4278 ἰνεργεῖ
870 4206 970 4278 μὲν
1018 4207 1115 4261 καὶ
1163 4204 1566 4277 ψυχανδρικῶς,
1635 4203 1889 4258 τουτέστι

305 4296 730 4368 σωματοψύχως
769 4299 850 4363 εἰς
896 4298 1071 4353 τύπον
1097 4297 1191 4353 τοῦ
1221 4295 1557 4367 θεανδρικῶς
1603 4295 1845 4364 Χριστοῦ
1869 4310 1885 4327 ⁸

1986 3397 2106 3468 ipso
2141 3395 2210 3451 ad
2244 3395 2535 3467 imaginem
2568 3402 2625 3449 et
2667 3391 3083 3450 similitudinem
3122 3402 3276 3443 suam
3323 3384 3562 3441 formato

1987 3487 2210 3543 homine
2237 3484 2760 3551 demonstravimus;
2791 3483 2872 3539 sic
2911 3480 3119 3552 pariter
3147 3476 3308 3533 veluti
3338 3476 3391 3531 in
3420 3475 3561 3529 ima-

1987 3577 2113 3648 gine
2139 3576 2397 3647 quadam,
2439 3577 2680 3645 inquam,
2715 3583 2880 3644 atque
2918 3572 3089 3642 ﬁgura
3137 3567 3470 3639 prospicitur
3502 3565 3557 3620 lu

1988 3669 2206 3725 homine
2246 3667 2440 3738 duplex
2495 3666 2771 3722 facultatis
2818 3665 2989 3737 vigor'
3021 3662 3320 3720 secundum
3373 3670 3558 3733 typum

1986 3771 2043 3817 et
2065 3760 2356 3831 imaginem
2393 3758 2618 3817 Christi.
2668 3757 2882 3813 Etenim
2932 3756 3079 3813 sicut
3125 3753 3394 3810 divinitas
3440 3748 3561 3818 eius

1991 3851 2328 3918 theandriee,
2355 3851 2472 3907 sive
2503 3848 2832 3906 deiviriliter
2881 3844 3233 3919 operabatur,
3265 3851 3323 3897 et
3356 3839 3563 3911 pariter

1990 3951 2119 4000 ante
2153 3943 2398 4013 corporis
2426 3941 2851 4011 assumptionem
2882 3936 3143 3995 divinitus
3172 3935 3335 3989 etiam
3359 3946 3559 4003 opera-

1987 4035 2151 4091 batur
2193 4036 2247 4091 in
2278 4035 2438 4100 ctelo,
2470 4041 2529 4089 ut
2560 4031 3054 4101 incircumscripta,
3090 4042 3266 4099 neque
3313 4023 3561 4095 corporis

1990 4126 2227 4179 coercita
2258 4123 2518 4179 limitibus
2540 4140 2556 4190 ;
2577 4123 2650 4177 ita
2684 4124 2873 4178 anima
2897 4137 3113 4194 quoque
3147 4123 3213 4175 ad
3267 4119 3556 4191 imaginem

1989 4225 2045 4273 et
2079 4217 2487 4272 similitudinem
2516 4215 2802 4271 invisibilis
2829 4213 2924 4272 Dei
2953 4212 3117 4268 Verbi
3156 4211 3452 4273 exsisteus,
3478 4206 3561 4263 fa-

1986 4313 2248 4367 cultatem
2283 4306 2614 4379 operationis
2656 4307 2822 4361 habet
2866 4303 3296 4378 psychandricae.
3342 4302 3447 4358 hoc
3475 4310 3563 4355 est

301 4393 535 4461 ἀνεργεῖ
563 4391 622 4446 δὲ
672 4391 766 4445 καὶ
821 4389 1070 4460 ψυχικῶς
1124 4390 1308 4460 μόνον,
1351 4390 1585 4444 πλεῖστά
1610 4410 1615 4413 ·
1641 4405 1766 4443 τινα
1808 4390 1882 4460 μὴ

1992 4395 2045 4450 in
2073 4410 2272 4466 corpus
2302 4396 2540 4450 vitaliter
2563 4395 2792 4464 agentis,
2822 4395 2965 4466 quod
3002 4386 3331 4451 theandrica-
3361 4406 3562 4460 opera-

300 4480 708 4554 συνεργοῦντος
736 4481 876 4553 αὐτῇ
906 4481 1001 4536 τοῦ
1035 4481 1237 4536 οἰκείου
1286 4480 1559 4551 σώματος,
1606 4482 1687 4547 εἰς
1715 4481 1885 4536 τύπον

298 4574 415 4631 τοῦ
454 4574 688 4646 ἀοράτου
716 4573 852 4627 Θεοῦ
875 4573 1049 4640 Λόγου
1081 4573 1177 4628 τοῦ
1235 4573 1402 4628 πολλὰ
1432 4574 1683 4645 ἀοράτως
1728 4575 1883 4644 ἰνερ-

296 4667 613 4737 γήσαντος,
644 4666 741 4720 καὶ
771 4665 1123 4738 ἐνεργοῦντος
1147 4665 1208 4718 ὲν
1232 4665 1448 4739 οὐρανῷ
1478 4666 1572 4721 καί
1619 4664 1714 4720 επὶ
1752 4664 1882 4735 γῆς.

297 4758 410 4815 διὰ
437 4758 537 4829 τῆς
561 4758 982 4830 ἀπεριγρὼττου
1006 4756 1196 4822 αὑτοῦ,
1239 4759 1334 4812 καὶ
1379 4758 1752 4829 παγκοσμίου,
1787 4758 1887 4812 καὶ

297 4852 696 4926 ὑπερκοσμίου
724 4851 914 4922 θεῖκῆς
941 4850 1242 4921 ἑνεργείας.
1338 4844 1357 4863 ⁸

403 5127 470 5180 Ἣ
521 5120 616 5180 οῦν
654 5126 841 5197 ἀγάπη
878 5128 912 5197 ἠ
962 5125 1099 5199 πρὸς
1123 5125 1256 5180 θεὸν
1306 5126 1450 5180 κατά
1505 5127 1746 5198 ψυχικὴν
1791 5130 1886 5183 καὶ

293 5216 493 5290 μόνην
544 5216 873 5272 ἰπιτελεῖται
916 5215 1215 5286 ἰνέργειαν,
1244 5216 1305 5269 οὐ
1329 5218 1605 5288 χρῄζουσα
1625 5221 1686 5271 ἐν
1710 5219 1885 5288 τούτῳ

287 5305 418 5374 τῆς
448 5303 771 5375 συνεργείας,
795 5303 890 5357 τοῦ
920 5302 1172 5372 σώματος
1193 5318 1208 5333 ο
1241 5305 1443 5374 ὁμοίως
1489 5307 1584 5360 καὶ
1637 5308 1671 5376 ἡ
1700 5306 1885 5373 πίστις

283 5391 557 5467 ψυχικῆς
604 5392 696 5447 καὶ
727 5395 896 5465 μόνης
934 5394 1214 5465 ἐνεργείας
1244 5395 1390 5449 ἔστὶν
1414 5395 1638 5461 ἔνδειξις
1666 5410 1681 5425 '
1701 5396 1884 5450 ὡσαύ-

283 5500 426 5545 τως
446 5484 550 5537 καὶ
604 5485 638 5555 ὴ
670 5483 827 5549 ἐλπὶς
884 5485 1027 5539 κατὰ
1064 5485 1307 5559 ψυχικὴν
1355 5486 1450 5541 καὶ
1486 5488 1674 5561 μόνην
1700 5490 1883 5544 ὲπιτε-

1988 4486 2152 4543 tionis
2171 4485 2380 4543 Christi
2412 4488 2581 4558 ﬁgura
2612 4488 2961 4557 exprimitur,
2978 4493 3033 4541 et
3056 4483 3367 4540 facilitatem
3398 4482 3563 4538 habet

1987 4594 2180 4636 rursus
2206 4580 2544 4648 Operatiouis
2570 4578 2834 4648 spiritalis
2868 4586 3100 4643 tantum,
3133 4591 3259 4632 cum
3287 4574 3402 4645 ipsa
3433 4587 3559 4643 per-

1988 4673 2154 4727 multa
2206 4673 2625 4743 haudquaquam
2675 4686 2796 4727 cum
2836 4672 3057 4742 proprio
3112 4658 3277 4725 simul
3331 4680 3567 4737 corpore

1986 4773 2278 4833 operetur;
2323 4763 2467 4834 quod
2516 4763 2682 4833 ﬁgura
2741 4763 3068 4833 exprimitur
3125 4760 3219 4816 Dei
3270 4758 3561 4825 invisibilis

1987 4853 2176 4916 Verbi.
2214 4854 2367 4923 plura
2419 4854 2766 4909 invisibiliter
2795 4853 3012 4922 cperari
3066 4854 3322 4921 potentis,
3353 4849 3556 4905 facien-

1987 4946 2169 5017 tisque
2201 4947 2254 4999 iu
2289 4947 2446 5007 cmlo,
2495 4953 2553 5000 et
2599 4947 2653 4999 iu
2698 4955 2866 5011 terra,
2926 4943 3398 5014 iucircumscripta
3438 4956 3560 5005 sua,

1986 5037 2510 5107 perfectissimaque,
2542 5046 2597 5093 et
2625 5038 3075 5108 superexccllenti
3106 5037 3285 5091 divina
3334 5034 3554 5089 virtute.

2056 5128 2228 5183 Amor
2276 5130 2490 5199 itaque,
2530 5144 2638 5198 quo
2679 5131 2733 5184 in
2785 5129 2950 5185 Deum
3006 5128 3257 5193 ferimur,
3329 5127 3559 5197 spiritali

1994 5224 2203 5272 tantum
2234 5219 2430 5274 anima:
2467 5220 2665 5274 virtute
2692 5222 2993 5289 perﬁcitur,
3022 5218 3150 5288 quin
3181 5217 3408 5272 omnino
3438 5230 3560 5270 cor-

1991 5310 2142 5380 poris
2189 5312 2570 5381 cooperatione
2605 5313 2672 5368 ad
2719 5314 2821 5367 hoc
2868 5322 3044 5380 egeat.
3098 5308 3261 5365 Fides
3309 5307 3563 5363 similiter

1991 5401 2151 5455 unius
2178 5409 2387 5456 tantum
2422 5403 2684 5469 spiritalis
2716 5402 2876 5471 hujus
2921 5400 3200 5457 facultatis
3243 5410 3329 5456 cst
3362 5399 3557 5468 vigor:

1992 5506 2120 5562 spes
2152 5493 2341 5549 eodem
2391 5507 2605 5562 quoque
2649 5494 2808 5548 modo
2861 5495 2974 5550 sola
3025 5491 3256 5562 spiritali
3300 5489 3561 5546 facultate

385 5657 440 5690 "
478 5656 603 5712 Luc.
645 5674 705 5722 ιι,
747 5658 838 5715 5i.
915 5661 954 5694 "
985 5658 1145 5716 Joan.
1179 5676 1215 5716 tt
1271 5662 1326 5716 ι.
1404 5664 1447 5696 ¹²
1474 5663 1663 5719 Matth.
1700 5680 1796 5732 su,
1828 5664 2016 5723 4649.

640 5751 910 5815 Ρλτιιοι.
952 5756 1068 5814 Gn.
1112 5752 1427 5816 LXXXIX.

3129 5758 3206 5819 37
