3988 6142
366 350 505 418 1173

1846 338 2099 403 SERMO
2111 386 2122 399 .

3490 332 3628 399 117$

363 463 489 524 τοὺς
544 454 799 526 δεσμίους
857 453 1117 517 ἀπέλυσε,
1157 449 1399 523 βοήσασα
1444 452 1554 513 τοῖς
1592 447 1648 499 ἐν
1696 446 1936 516 δεσμοῖς,

2077 424 2185 503 ale"
2211 445 2489 501 descendit
2527 461 2538 496 :
2578 443 2692 509 ipsa
2744 440 2953 495 carceri
2988 455 3183 515 nosam
3227 442 3428 507 intulit,
3462 454 3627 523 atque

377 551 681 620 Ἐξέλθετε,
708 549 783 612 ὡς
806 546 974 600 τόπον
989 542 1380 615 ἀναπληροῦσα
1408 540 1621 595 τελείου
1653 537 1945 610 ἀνθρώπου

2050 536 2358 592 molestiam
2394 552 2408 601 ;
2447 534 2558 603 ipsa
2593 532 2777 603 ligavit
2812 542 3121 602 tyrannum,
3149 533 3463 604 vinctosque
3512 537 3626 597 dis~

365 644 459 701 τοῦ
488 646 552 697 ἐκ
568 639 751 713 ψυχῆς
775 637 1173 708 συνισταμένου
1195 637 1289 689 καὶ
1308 633 1588 705 σώματος,
1614 627 1947 701 λογιπικῶς

2076 628 2225 692 olvit,
2248 627 2316 681 iis
2333 625 2421 695 qui
2448 626 2500 679 in
2533 622 2764 678 vinculis
2782 623 3038 691 iacebant
3062 627 3425 694 proclamans,
3450 627 3631 695 Exite.

367 755 426 793 τε
461 737 538 800 ὡς
560 732 777 802 λογικὴ,
808 729 902 786 καὶ
914 728 1249 798 θελητικῶς,
1278 730 1374 782 καὶ
1392 722 1766 797 ἐνεργητικῶς
1795 724 1853 777 ἐν
1868 719 1948 792 τῷ

369 826 469 899 ᾅδῃ
489 822 863 895 κηρύττουσα,
891 822 987 875 καὶ
1021 819 1420 892 ἐπιτρέπουσα,
1456 818 1550 871 καὶ
1587 813 1947 878 σκυλεύουσα,

368 922 402 988 ἡ
439 916 605 987 νοερά
631 915 733 977 τὰς
767 914 963 984 νοεράς
1009 910 1371 981 ἐπιϐλέψασα,
1395 909 1545 980 ψυχὴ
1570 908 1665 971 τὰς
1687 905 1888 977 ψυχὰς»
1913 904 1949 973 ἡ

2052 730 2110 777 ιιι
2142 723 2314 776 locum
2345 719 2621 773 sustinens
2658 708 2881 788 perfecti
2944 717 3179 772 hominis
3223 735 3289 773 ex
3338 722 3524 779 anima
3581 738 3635 781 ct

2052 826 2281 880 corpore
2322 808 2693 873 subsistenlis,
2726 807 3088 873 ratiooaliter,
3126 809 3286 862 veluti
3327 812 3633 877 rationalis,

2053 904 2383 971 voluntarie,
2445 912 2499 957 et
2547 901 2826 970 operative
2873 900 2930 954 in
2984 901 3172 956 inferis
3230 904 3530 975 praedicans
3587 919 3638 971 ct

369 1008 563 1079 λογικὴ
591 1011 689 1071 τὰς
715 1006 965 1074 λογικὰς,
994 1007 1027 1077 ἡ
1060 1004 1267 1075 ζωτικὴ
1292 1003 1393 1067 τὰς
1432 1001 1692 1081 ξωτικὰς,
1748 1001 1782 1069 ὴ
1815 995 1952 1050 aea-

2075 1013 2205 1068 »pem
2250 997 2460 1063 ferens,
2507 1008 2561 1051 et
2594 997 2897 1051 molestiam
2956 996 3224 1064 inferens,
3258 999 3640 1055 intellectualis

370 1116 534 1162 νατος
558 1099 656 1161 τὰς
689 1096 1018 1160 ἀθανάτους,
1064 1098 1097 1166 ή
1144 1095 1482 1168 ἐνεργητικὴ
1514 1093 1613 1165 τὰς
1674 1094 1960 1163 ἐνεργητιο

372 1194 496 1257 κάς,
542 1193 577 1262 ἡ
615 1189 841 1261 ἐνθελὴς
892 1193 991 1253 τὰς
1039 1188 1355 1259 θελητικάς.
1389 1187 1514 1251 Πῶς
1564 1188 1672 1258 γὰρ
1716 1184 1782 1239 ἂν
1850 1183 1948 1238 καὶ

373 1281 621 1347 ἐδέξαντο
646 1280 706 1334 τδ
730 1281 831 1351 τῆς
860 1280 1020 1350 ἁγίας
1040 1280 1220 1351 ψυχῆς
1244 1281 1528 1351 κήρυγμα,
1559 1279 1607 1331 εί
1636 1278 1712 1348 μὴ
1739 1275 1829 1330 διὰ
1850 1275 1950 1345 τῆς

371 1376 566 1444 νοερᾶς
601 1373 785 1427 αὐτῶν
817 1373 1041 1443 λογικῆς
1075 1372 1382 1443 θελήσεως;
1453 1372 1515 1425 οὐ
1553 1371 1664 1442 γὰρ
1710 1371 1954 1438 ἀναγκα-

300 1522 307 1530 ,
374 1466 577 1531 στικῶς
630 1467 728 1522 καὶ
781 1468 1061 1530 ἀκουσίως
1115 1467 1451 1520 ἐπίστευσαν
1505 1465 1602 1519 καὶ
1643 1461 1953 1535 ἐσώθησαν,

375 1560 484 1614 οὐδ’
521 1561 929 1633 ἀπροαιρέτως,
966 1560 1083 1615 ἀλλ’
1114 1558 1381 1622 ἑκουσίως
1436 1559 1533 1612 καὶ¹
1569 1555 1769 1629 γνώμῃ
1797 1556 1957 1627 θελή-

381 1671 535 1719 σεως,
560 1654 654 1707 καὶ
674 1653 931 1724 ἐνεργείᾳ
960 1650 1437 1719 συγκαταθέσεως.

2053 1091 2453 1148 intellectuales
2484 1088 2846 1158 proSpieiens,
2880 1087 3061 1141 anima
3130 1091 3366 1158 animas,
3402 1091 3640 1146 rationa-

2058 1184 2124 1238 lis
2154 1182 2468 1248 rationales,
2517 1178 2699 1236 vitalis
2750 1179 2964 1243 vitales,
3002 1180 3323 1238 immortalis
3358 1185 3641 1241 innuorta-

2058 1278 2163 1345 les,
2193 1277 2470 1350 operativa
2512 1277 2842 1348 Operativas,
2885 1276 3072 1331 volens
3122 1277 3332 1332 rolendi
3388 1281 3643 1351 praeditas

2016 1392 2017 1395 η
2053 1367 2331 1426 facultate.
2354 1367 2638 1435 Quomodo
2681 1382 2937 1438 namque,
2970 1367 3072 1422 nisi
3132 1368 3514 1439 intellectuali,
3552 1387 3641 1424 ra-

2058 1460 2351 1530 tionalique
2391 1474 2488 1514 sua
2533 1462 2813 1513 voluntate
2836 1458 2892 1524 ii,
2931 1459 3024 1527 qui
3088 1459 3141 1513 in
3197 1460 3387 1516 inferis
3444 1474 3624 1527 erant,
3691 1457 3698 1465 ’

2056 1565 2262 1612 sanctae
2309 1552 2454 1607 illius
2517 1552 2713 1606 animae
2756 1551 3197 1623 praedicationem
3250 1555 3645 1623 susceperunt?

2058 1662 2163 1706 non
2197 1652 2342 1705 enim
2401 1649 2601 1717 quippe
2652 1653 2859 1710 coacte,
2897 1644 3013 1700 sive
3068 1644 3435 1703 involuntario
3470 1649 3646 1717 credi-

381 1750 528 1815 dere,
571 1748 813 1816 solvique
841 1746 973 1801 facti
1002 1757 1172 1802 sunt:
1223 1760 1331 1800 non
1393 1754 1598 1802 temere
1630 1747 2079 1818 inconsulloque,
2151 1758 2339 1798 \erum
2410 1751 2605 1814 sponte
2654 1739 3067 1809 deliberataque
3124 1741 3399 1803 sententia
3428 1741 3646 1809 ,vqlnn-

381 1842 531 1906 tatis,
563 1850 619 1894 et
642 1839 925 1908 compositi
967 1839 1207 1908 ipsorum
1255 1838 1591 1908 operatione,
1638 1838 1800 1893 (idem
1853 1847 2232 1910 susceperunt.

451 1929 742 1988 Πιστοῦ-ται
776 1928 833 1984 δέ
870 1946 969 1998 μου
1017 1928 1085 1982 τὰ
1126 1927 1400 1999 λεγόμενα
1451 1932 1479 1983 ὁ
1524 1930 1625 2001 τῆς
1680 1931 1964 2002 θεολογίας
1998 1941 2038 1995 Β

381 2025 640 2096 θεοφόρος
666 2024 994 2094 Γρηγὸριος,
1020 2021 1164 2076 οὕτω
1192 2039 1309 2085 πως
1350 2023 1577 2091 φάσκων
1607 2024 1737 2095 περὶ
1761 2025 1860 2094 τῆς
1899 2026 1959 2078 ἐν

380 2119 459 2188 τῷ
496 2118 596 2191 ᾅδῃ
621 2118 717 2172 τοῦ
747 2115 985 2188 Χριστοῦ
1017 2114 1376 2178 καταϐάσεως
1404 2118 1462 2170 ἐν
1490 2115 1569 2187 τῷ
1589 2115 1749 2188 Λόγῳ
1770 2106 1850 2187 τῷ
1878 2118 1959 2183 είς

297 2206 303 2211 ’
380 2214 443 2266 τὸ
465 2212 616 2279 ᾶγιον
633 2209 828 2279 Πάσχα
844 2226 856 2239 ·
885 2227 903 2259 ι
936 2208 990 2260 ‘E
1001 2211 1061 2259 ἀν
1082 2208 1140 2260 ἐν
1158 2206 1377 2278 σταυρῷ
1393 2208 1628 2278 Χριστὸς
1645 2208 1959 2279 ἀνέρχηται,

385 2302 677 2358 συνάνελθε
710 2317 723 2331 ·
759 2301 853 2354 ἐὰν
875 2301 932 2354 ἐν
963 2299 1038 2370 τῷ
1091 2299 1190 2373 ᾅδῃ
1216 2300 1568 2371 κατέρχηται,
1598 2301 1959 2367 συγκάτελοε.

383 2393 561 2448 Γνῶθι
599 2393 669 2445 τὰ
714 2393 832 2446 ἐκεῖ
867 2394 1167 2462 μυστήρια,
1213 2392 1315 2463 τὴν
1363 2391 1561 2463 διπλῆν
1606 2392 1913 2449 κατάὃασιν
1947 2411 1960 2425 ο

384 2485 594 2549 πάντας
630 2483 816 2548 ἁπλῶς
853 2482 1015 2548 σώζει
1043 2485 1330 2552 ἐπιφανεὶς
1357 2524 1372 2548 ,
1422 2483 1456 2555 ἢ
1499 2484 1662 2537 κάκεῖ
1705 2487 1833 2553 τοὺς
1877 2500 1966 2539 πι-

386 2576 714 2645 στεύονταςς
748 2594 765 2626 ι
797 2576 927 2629 Ἰδοὺ
958 2576 1020 2627 οὐ
1054 2575 1234 2639 πάσας
1267 2574 1418 2641 λέγει
1449 2574 1753 2647 Γρηγόριος
1783 2576 1883 2641 τὰς
1908 2580 1966 2631 ἐν

383 2668 464 2740 τῷ
493 2669 596 2743 ᾅδῃ
626 2669 805 2739 ψυχὰς
859 2666 1150 2734 σωθείσας,
1196 2666 1336 2722 ἀλλά
1391 2667 1560 2736 μόνας
1604 2669 1704 2734 τὰς
1744 2669 1966 2742 Χριστῷ

336 2788 347 2800 -
385 2760 762 2824 πιστευσάσας
794 2757 855 2823 ἐξ
883 2758 1092 2820 οἰκείας
1127 2757 1505 2829 προαιρέσεως
1537 2760 1630 2811 καὶ
1671 2756 1965 2830 θελήσεως.

387 2854 513 2916 Πῶς
543 2854 652 2923 γὰρ
676 2853 773 2904 καὶ
824 2848 1119 2904 πιστεῦσαι
1151 2846 1299 2920 εἶχον
1326 2849 1497 2921 χωρὶς
1531 2850 1851 2923 λογιστικῆς
1883 2854 1969 2906 θε-

386 2946 599 3018 λήσεως
635 2945 726 2998 καὶ
772 2943 1090 3015 ἐνεργείας;
1125 2941 1475 3014 Ἀνθρώπους
1498 2942 1599 3014 μὲν
1616 2944 1726 3015 γὰρ
1752 2945 1881 3009 τοὺς
1912 2948 1970 2999 ὲν

393 3037 564 3105 σαρκὶ
594 3033 689 3089 καὶ
719 3032 866 3103 ψυχῇ
909 3031 1022 3086 ἀνω
1058 3031 1153 3085 ἐπὶ
1178 3031 1284 3101 γῆς
1311 3028 1521 3096 ζῶντας
1577 3032 1665 3089 διὰ
1708 3036 1909 3106 σαρκὸς
1942 3037 1970 3089 ὁ

386 3126 627 3198 Χριστος
664 3126 759 3179 καὶ
812 3123 995 3195 ψυχῆς
1065 3122 1431 3192 ἐπεσκέψατο,
1487 3125 1582 3177 καὶ
1632 3124 1828 3193 ἔσωσε,
1894 3117 1971 3199 τῷ

386 3219 564 3290 ὁμοίῳ
594 3218 657 3271 τὸ
684 3218 871 3288 ὅμοιον
898 3213 1308 3286 ἀνακαθαίρων,
1326 3208 1418 3278 “tia;
1444 3214 1748 3289 Γρηγόριὸς
1809 3236 1965 3295 φησι,

387 3316 503 3377 τοῖς
526 3314 743 3385 ὁρατοῖς
773 3311 840 3364 δι’
875 3307 1080 3380 ὁρατῆς
1116 3308 1333 3378 φύσεως
1377 3307 1579 3374 λαλῶν,
1638 3311 1734 3363 καὶ
1786 3310 1973 3381 ἐπιδη-

391 3406 512 3479 μῶν
540 3420 554 3435 ·
600 3403 778 3475 ψυχὰς
807 3402 865 3456 δὲ
898 3402 1170 3472 σωμάτων
1200 3399 1630 3473 ἀπηλλαγμένας
1657 3401 1745 3455 διὰ
1788 3402 1972 3475 ψυχῆς

386 3500 938 3575 ἀχράντουισὼματος
963 3498 1393 3571 ἀπηλλαγμένης
1428 3497 1793 3567 ἐπεσκέψατο.

466 3766 610 3821 Εἱδέ
645 3762 846 3834 ἀθελής
875 3762 1021 3817 ἐστιν
1076 3763 1108 3833 ἡ
1171 3759 1556 3830 πανάχραντος
1608 3758 1705 3812 τοῦ
1763 3758 1974 3831 Κυρίου

390 3860 563 3934 ψυχὴ.
597 3857 887 3929 πρόδηλον,
915 3856 996 3910 ὅτι
1026 3854 1299 3917 ἀκουσίως
1339 3853 1498 3922 δίκην
1519 3851 1715 3921 ἀλόγου
1743 3852 1978 3905 ὑπετάτο

391 3970 517 4006 τετο
542 3950 619 4020 τῷ
644 3948 763 4019 Θεῷ
801 3949 982 4018 Λόγῳ,
1035 3946 1110 4009 ὡς
1147 3944 1556 4015 Ἀπολλινάριος
1609 3936 1880 4015 ληρωόεῐο
1929 3944 1979 3998 εί

392 4043 595 4114 ἀθελὴς
623 4038 712 4114 ἦν,
737 4039 983 4109 εὔδηλον,
1003 4039 1084 4091 ὅτι
1107 4036 1265 4108 δίκην
1285 4036 1433 4101 τινὸς
1465 4037 1716 4108 ἀστέρος,
1757 4037 1790 4109 ἢ
1823 4035 1981 4106 νεφέ-

391 4134 494 4203 λης
539 4132 830 4201 ἀλογίστου
870 4130 963 4184 καὶ
1002 4130 1327 4198 ἀδιανοήτου
1363 4130 1421 4181 ἐν
1466 4127 1546 4199 τῷ
1575 4127 1676 4200 ᾄδῃ
1717 4128 1979 4198 κατῆλθε,

395 4225 493 4278 καὶ
526 4224 631 4275 ὑπὸ
664 4221 765 4290 τῆς
793 4220 1082 4291 Θεὸτητος,
1127 4217 1319 4290 ὥσπερ
1367 4217 1573 4289 ἄψυχον
1628 4218 1858 4288 ὄργανον
1886 4218 1981 4272 καὶ

394 4317 615 4380 ἄλαλον,
669 4314 869 4376 ἐλάλει,
905 4314 998 4367 καὶ
1031 4312 1322 4383 ἐκήρυττε,
1367 4311 1505 4384 μήτε
1532 4311 1691 4380 λόγον
1736 4310 1980 4366 ἐνδιάθε-

394 4428 489 4463 τον
511 4408 652 4461 κατά
672 4407 769 4478 τὴν
803 4403 992 4459 οὐςίαν
1024 4403 1134 4458 τῶν
1160 4401 1354 4475 ψυχῶν
1379 4401 1607 4474 ἔχουσα,
1665 4403 1804 4475 μήτε
1855 4403 1983 4476 νόη-

398 4517 507 4562 σιν,
537 4501 673 4569 μήτε
701 4497 967 4559 διάνοιαν,
1014 4495 1155 4565 μήτε
1206 4494 1613 4566 περιγραπτήν,
1648 4493 1681 4566 ἢ
1717 4496 1983 4567 ἐκπορευ-

2136 1927 2267 1996 Quae
2289 1943 2450 1995 porro
2474 1927 2617 1983 dicta
2648 1942 2675 1980 a
2729 1941 2814 1981 me
2859 1936 3012 1991 sunt,
3071 1925 3355 1995 theologia:
3418 1927 3645 2005 signifer

2064 2021 2153 2076 ille
2183 2017 2479 2090 Gregorius
2515 2021 2822 2085 conﬁrmat,
2871 2019 2939 2073 de
2963 2016 3163 2075 Christi
3197 2018 3263 2073 ad
3305 2019 3507 2077 inferos
3537 2021 3645 2077 dese

2064 2127 2255 2177 censu,
2275 2112 2328 2167 in
2355 2111 2621 2168 Sermone
2642 2114 2708 2167 de
2743 2121 2933 2166 sancto
2959 2110 3224 2167 Paschnte
3252 2114 3370 2167 haec
3401 2113 3607 2171 habens
3632 2134 3646 2169 ε

2068 2224 2087 2258 ι
2124 2205 2181 2260 Si
2214 2205 2264 2259 in
2291 2219 2507 2260 crucem
2533 2205 2779 2260 ascendit
2804 2203 3078 2271 Christus,
3105 2205 3267 2265 simul
3298 2208 3570 2277 ascende;
3601 2208 3648 2260 si

2065 2294 2120 2351 in
2177 2295 2450 2350 infernum
2505 2297 2810 2363 descendit,
2842 2297 3116 2353 descende
3170 2296 3353 2362 simtu.
3386 2296 3654 2371 Quaeillie

2069 2388 2326 2460 mysteria
2360 2399 2490 2443 sunt
2537 2402 2842 2460 cognosce,
2893 2389 3167 2458 duplicem
3224 2389 3483 2451 nimirum
3527 2391 3653 2457 des-

2068 2495 2327 2548 censum;
2389 2492 2566 2535 utrum
2624 2496 2813 2561 omnes
2862 2481 2981 2537 sine
3022 2482 3131 2537 ulla
3185 2484 3504 2552 exceptione
3556 2485 3655 2543 od—

2070 2583 2233 2627 ventu
2268 2588 2367 2628 suo
2407 2573 2588 2627 salvos
2613 2573 2825 2641 fecerit,
2860 2584 3014 2630 anet
3061 2574 3171 2631 illic
3211 2590 3306 2635 eos
3335 2576 3510 2633 solum
3560 2578 3651 2647 qui

2070 2650 2502 2720 crediderunt?)
2554 2664 2696 2722 Ecce
2734 2681 2838 2722 non
2880 2681 3072 2724 omnes
3120 2669 3197 2724 ait
3251 2668 3551 2741 Gregorius
3600 2673 3653 2725 in

2072 2757 2262 2812 inferis
2327 2760 2652 2815 exsistcntes
2706 2761 2916 2816 animas
2968 2762 3148 2819 salvas
3203 2763 3517 2829 factas,sed
3561 2779 3657 2825 eas

2072 2854 2442 2918 tantum,qu;e
2474 2851 2526 2903 in
2574 2849 2853 2905 Christum
2890 2853 3113 2922 prepria
3171 2854 3442 2931 eleCtione
3484 2856 3654 2911 credi-

2072 2938 2269 2994 derant
2327 2951 2489 3010 atque
2541 2941 2835 2999 voluntate.
2887 2944 3175 3011 Quomodo
3241 2960 3373 3005 vero
3430 2945 3657 3007 credere

2074 3030 2372 3100 potuissent
2439 3033 2688 3088 rationali
2743 3036 3054 3101 voluntate,
3114 3046 3283 3108 atque
3335 3039 3657 3109 operatione

2075 3119 2387 3177 destitutae?
2417 3119 2677 3181 Homines
2725 3125 2925 3196 quippe
2981 3127 3072 3185 hic
3123 3143 3288 3199 super
3332 3138 3540 3199 terram
3602 3134 3655 3187 iu

2075 3224 2238 3265 carne
2280 3214 2572 3285 animaque
2621 3216 2866 3273 viventes
2916 3233 3014 3288 per
3055 3236 3276 3283 carnem
3314 3233 3370 3278 et
3411 3223 3654 3289 animam

2075 3303 2316 3357 visitarit
2372 3306 2645 3371 Christus,
2686 3312 3057 3382 servavitque,
3102 3313 3281 3369 simile
3332 3332 3429 3385 per
3481 3318 3659 3373 simile

2079 3410 2396 3467 repurgans,
2431 3408 2488 3453 ut
2531 3401 2646 3472 ipse
2676 3406 2851 3474 inquit
2877 3406 3196 3475 Gregorius,
3242 3408 3551 3465 visibilibus
3578 3412 3655 3469 vi-

2076 3486 2293 3541 silnliin
2333 3501 2524 3545 natura
2575 3493 2813 3560 locutus,
2864 3511 2985 3553 cum
3026 3497 3200 3566 iisque
3228 3512 3585 3556 conversatus
3641 3522 3654 3557 :

2077 3573 2288 3628 animas
2316 3588 2496 3631 autem
2522 3581 2635 3649 jam
2676 3598 2704 3635 a
2734 3586 3057 3652 corporibus
3097 3586 3305 3643 alienas
3343 3605 3440 3660 per
3476 3592 3661 3648 imma-

2081 3664 2317 3720 culatam
2354 3670 2592 3725 animam
2629 3677 2877 3743 corporis
2902 3685 3184 3744 expertem
3224 3679 3490 3749 visitavit.

2152 3756 2207 3811 Si
2245 3758 2427 3828 itaque
2484 3762 2762 3820 voluntate
2820 3776 2971 3822 caret
3038 3769 3386 3835 immaculata
3444 3773 3658 3830 Domini

2080 3849 2282 3916 anima,
2328 3854 2578 3921 sequitur
2634 3855 2921 3915 nianifeste
2952 3859 3120 3931 ipsam
3153 3865 3468 3919 necessario
3517 3867 3659 3925 irrao

2082 3939 2362 3996 tionalium
2425 3942 2600 3998 instar
2661 3945 2773 4000 Deo
2825 3946 3004 4003 Verbo
3057 3948 3228 4006 fuisse
3310 3952 3660 4023 snhjectam,

2081 4035 2533 4102 quemadmodum
2600 4038 2781 4109 inepte
2863 4041 3303 4099 comminiscitur
3377 4047 3663 4118 Apollina-

2086 4127 2196 4181 rins
2230 4144 2245 4182 :
2282 4145 2582 4200 rursusque
2613 4132 2908 4188 voluntatis
2943 4150 3141 4205 expers
3169 4138 3214 4192 si
3247 4139 3342 4204 sit,
3370 4140 3485 4210 jam
3536 4157 3667 4199 con-

2083 4234 2317 4288 sequens
2373 4222 2550 4292 palam
2601 4233 2684 4279 est
2745 4226 2919 4294 ipsam
3004 4229 3339 4286 irrationalis
3406 4234 3608 4290 sideris
3650 4277 3664 4298 ,

2084 4312 2200 4364 sive
2232 4315 2388 4369 nubis
2423 4316 2488 4369 ad
2534 4316 2709 4370 instar
2734 4318 2803 4379 ad
2831 4318 3041 4376 inferna
3079 4321 3449 4394 descendisse,
3475 4334 3532 4382 et
3562 4328 3670 4389 sub

2086 4403 2375 4460 Divinitate
2417 4406 2581 4461 veluti
2634 4394 3018 4480 inanimalum,
3048 4422 3107 4469 et
3131 4423 3340 4470 mutum
3375 4431 3666 4490 organum,

2085 4508 2206 4550 sese
2237 4497 2672 4563 sermonibus,et
2708 4501 3083 4570 praedicationi
3118 4502 3462 4575 praestitisse,
3493 4524 3667 4580 neque

392 4592 555 4662 τικὴν
585 4591 893 4661 ἐνέργειαν,
928 4584 1025 4642 καὶ
1055 4585 1287 4657 τοπικὴν
1319 4585 1673 4657 μετάστασιν.
1708 4586 1820 4641 Καὶ
1853 4586 1971 4661 ποίᾳ

2088 4587 2302 4643 ῘιιίίῚῚὶο
2349 4605 2625 4656 sermone,
2652 4593 2813 4648 sicuti
2846 4595 3040 4652 anima:
3083 4599 3339 4657 essentia:
3389 4607 3667 4671 convenit,

394 4686 586 4740 λοιπὸν
632 4682 891 4753 ἐνεργείᾳ
941 4680 1039 4733 τοῦ
1078 4678 1331 4749 σώματος
1388 4677 1688 4750 ἐχωρίσθη,
1755 4678 1979 4733 καταλι-

395 4775 741 4831 ποῦσααὺτο
768 4772 983 4844 νεκρὸν,
1018 4773 1112 4825 καλ⁵
1140 4772 1370 4845 ἄψυχον,
1414 4771 1511 4825 καὶ
1550 4770 1831 4843 ἀκίνητον,
1884 4771 1980 4824 καὶ

396 4871 766 4939 ἀνενέργητον
795 4868 890 4928 τὰς
928 4865 1038 4918 τῶν
1085 4863 1263 4934 μελῶν
1297 4864 1562 4934 κινήσεις,
1600 4864 1696 4919 καὶ
1754 4866 1982 4937 ἐνεργη-

393 4963 562 5024 τικάς
594 4961 826 5030 πράξεις
859 4957 1090 5029 ἔχοντα;
1130 4957 1267 5030 Ποία
1292 4956 1544 5028 ἐνεργείᾳ
1572 4954 1867 5024 ἐξελθοῦσα
1917 4958 1983 5013 ἐκ

390 5054 495 5109 τοῦ
523 5052 905 5124 δεσμωτηρίου
949 5049 1045 5104 τοῦ
1098 5049 1224 5121 ᾅδου
1256 5047 1559 5118 ἐπανῆλθεν
1603 5050 1683 5111 είς
1739 5048 1800 5102 τὸ
1849 5043 1978 5103 ἴδιον

397 5146 595 5216 σῶμας
640 5146 703 5198 Ἡ
732 5148 839 5216 γὰρ
872 5144 992 5196 θεία
1022 5143 1271 5215 ἐνέργεια
1289 5140 1365 5205 ὡς
1386 5140 1801 5211 ἀπερίγραπτος
1820 5137 1976 5209 οὖσα,

394 5241 496 5293 καὶ
529 5239 602 5290 τὰ
650 5238 831 5292 πάντα
881 5233 1186 5307 πληροῦσα,
1222 5231 1346 5287 οὔτε
1394 5234 1459 5286 ἐκ
1500 5233 1670 5286 τόπου
1700 5233 1780 5298 εἰς
1817 5234 1984 5288 τόπον

398 5331 722 5402 πορεύεται,
751 5329 876 5382 οὔτε
927 5329 1112 5399 χώραν
1158 5328 1223 5380 ἐκ
1256 5326 1440 5397 χώρας
1496 5325 1808 5396 ἀμείϐεται,
1858 5324 1983 5380 οὗτε

392 5423 720 5493 ἀφίσταται,
755 5420 852 5475 καὶ
903 5419 1068 5473 πάλιν
1108 5418 1353 5482 τοπικῶς
1404 5416 1794 5487 ἐπανέρχεται.
1829 5419 1891 5472 Εἰ
1929 5419 1983 5473 δὲ

392 5514 1136 5588 ἀθελὴς,καὶιάνενέργητος
1165 5510 1233 5581 ἦν
1272 5513 1330 5565 ἐν
1378 5511 1457 5582 τῷ
1512 5511 1676 5585 eam
1726 5512 1983 5584 Κυριακὴ

394 5611 570 5681 ψυχὴ,
602 5611 821 5672 πάντως
877 5610 961 5661 ὅτι
1015 5608 1110 5661 καὶ
1153 5606 1376 5674 ἀλογίαν
1437 5609 1531 5660 καὶ
1590 5607 1816 5674 ἄγνοιαν
1848 5600 1981 5677 εἶχε,

399 5703 500 5758 γαὶ
528 5699 890 5773 εὑρεθήσεται
920 5699 1223 5766 τιμιωτέρα
1258 5696 1431 5766 αὖτῆς
1462 5698 1495 5768 ἠ
1538 5696 1689 5768 ψυχὴ
1732 5696 1825 5749 τοῦ
1878 5697 1984 5749 Σα-

402 5795 580 5868 μουὴλ
615 5793 914 5849 ἀνελθοῦσα
950 5796 1014 5847 ἐκ
1044 5792 1135 5845 τοῦ
1174 5792 1299 5859 ᾃῖου
1345 5791 1437 5845 διά
1492 5809 1615 5850 τινα
1646 5792 1981 5865 οίκονομίαν,

2086 4696 2263 4749 neque
2322 4672 2703 4755 intelligentia,
2763 4702 2942 4756 neque
2987 4690 3320 4763 cogitatione
3368 4695 3666 4765 donatam;

2074 4774 2525 4849 circumscripta,
2553 4778 2982 4851 procedentique
3032 4786 3375 4855 operatione,
3410 4799 3465 4845 et
3512 4791 3668 4849 locali

2069 4867 2456 4945 translationis
2509 4869 2766 4928 facultate
2811 4875 3152 4932 destitutam.
3210 4877 3481 4938 Caeterum
3533 4898 3671 4952 qua:-
3740 4946 3741 4949 η

2086 4976 2208 5015 nam
2234 4963 2451 5017 actione
2499 4978 2530 5017 a
2579 4979 2809 5034 corpore
2848 4978 3101 5038 separata
3157 4981 3264 5040 est,
3296 4973 3472 5044 ipsum
3525 4993 3671 5034 mor-
3730 5028 3733 5032 .

2089 5063 2261 5118 tuum,
2302 5055 2661 5112 inanimatum
2713 5067 2769 5113 et
2823 5059 3104 5118 immobile
3165 5065 3500 5135 relinquens,
3552 5070 3670 5139 ipsa

2089 5147 2358 5216 privatum
2381 5148 2546 5203 etiam
2579 5158 2759 5209 motus
2790 5154 3161 5211 membrorum
3187 5155 3469 5224 facultate,
3503 5162 3668 5216 mini-

2091 5253 2285 5308 meque
2313 5241 2578 5311 operativi
2611 5252 2766 5299 actus
2797 5244 3000 5300 virtute
3030 5246 3382 5303 roboratam?
3420 5248 3667 5316 Quanam

2090 5328 2307 5385 actione
2350 5345 2414 5386 ex
2452 5330 2648 5387 inferni
2684 5334 3003 5388 carceribus
3045 5350 3262 5405 egressa
3307 5339 3360 5392 in
3388 5342 3667 5410 proprium

2087 5436 2284 5491 corpus
2326 5423 2523 5479 rediit?
2558 5423 2748 5478 Divina
2776 5426 2973 5495 quippe
2994 5432 3236 5498 operatio
3263 5432 3672 5490 incircumscri-

2087 5524 2176 5583 pta
2203 5522 2327 5569 eum
2347 5516 2442 5584 sit,
2471 5516 2769 5586 omniaque
2807 5520 3112 5589 complens,
3140 5537 3245 5579 non
3277 5523 3342 5580 de
3377 5524 3497 5580 loco
3536 5542 3667 5597 prn-

2088 5607 2233 5661 cedit
2262 5608 2329 5662 ad
2356 5607 2555 5671 locum,
2588 5623 2764 5676 neque
2785 5610 2850 5671 de
2880 5612 3104 5668 civitate
3136 5614 3191 5670 iu
3213 5616 3495 5673 civitatem
3532 5636 3665 5691 pern

2091 5698 2316 5762 transit;
2378 5713 2483 5753 non
2542 5701 2787 5771 recedit,
2824 5717 3012 5758 rnrsus
3037 5703 3286 5763 localiter
3345 5711 3667 5770 adventura.

2085 5787 2277 5861 itaque
2301 5788 2345 5846 si
2380 5790 2698 5858 voluntatis,
2727 5794 2771 5849 si
2810 5798 3149 5865 operationis
3190 5815 3391 5873 expers
3434 5804 3487 5861 in
3525 5805 3704 5861 infe-9
