3988 6142
250 179 409 244 ’1199

1498 184 1562 243 S.
1600 181 2004 244 ANASTASII
2044 183 2368 246 SINAITE

3398 193 3533 259 1200

265 298 376 368 fui;
401 307 458 354 et
486 313 652 355 nemo
677 305 763 353 est
787 297 893 369 qui
924 312 1014 355 me
1039 298 1271 362 liberet;
1306 313 1436 356 ecce
1464 299 1699 371 supplex
1726 315 1850 370 pre:

1972 316 2078 367 ιαι,
2108 299 2204 354 καὶ
2234 300 2411 366 οὐδεὶς
2447 303 2476 354 6
2502 303 2831 361 είσακούων.
2881 306 3120 381 ’Δληθῶς
3142 309 3326 364 δικαία
3359 312 3392 381 ἡ
3416 313 3536 383 κρί-

261 402 381 454 cor,
409 396 467 442 et
505 401 671 441 nemo
707 395 794 442 est
816 387 912 457 qui
939 402 1027 443 me
1052 388 1261 447 audiat.
1297 387 1439 444 Vere
1477 390 1685 459 justum
1706 386 1855 461 judi-

263 479 410 534 cium
464 479 586 534 Dei.
644 478 879 546 Quoties
918 480 1066 534 enim
1095 481 1146 535 ei
1189 481 1574 551 paenitentiam
1600 481 1849 552 promisi,

260 581 318 625 et
349 586 574 626 rursum
618 571 811 641 pejora
830 569 1133 628 faciebam!
1197 572 1425 640 Quoties
1450 573 1558 629 mei
1591 574 1853 629 misertus

261 673 368 728 est,
403 671 461 717 et
482 677 705 718 rursum
735 662 874 716 iram
898 646 1030 734 ejus
1058 664 1368 733 concitavi!

332 754 463 809 Haec
507 754 843 825 plerumque
889 755 1233 819 moribundo
1279 757 1348 812 ad
1408 773 1510 813 nos
1550 768 1855 830 praesentes

264 847 529 913 dicente,
580 847 769 903 subito
826 848 950 919 ejus
1000 849 1246 906 vincitur
1300 849 1529 921 lingua,
1586 852 1856 907 avertitur

266 954 443 1003 mens,
490 941 793 996 turbantur
835 941 1009 1008 oculi,
1060 942 1238 998 donec
1268 943 1505 1000 inferna:
1551 952 1871 1015 potestates,

266 1034 536 1105 deinceps
588 1036 1069 1106 supervenerint;
1121 1034 1385 1107 quoniam
1442 1053 1553 1092 non
1610 1038 1855 1093 invocati

266 1135 564 1181 exactores
584 1127 652 1181 ad
689 1126 936 1181 tribunal
964 1140 1067 1182 nos
1091 1127 1383 1184 trahentes
1405 1129 1683 1197 deferunt,
1715 1145 1859 1200 quos

266 1219 570 1275 ctintuens
601 1219 773 1274 miser
812 1219 1003 1285 homo,
1056 1220 1162 1274 etsi
1219 1237 1316 1275 rex
1352 1221 1457 1289 sit,
1500 1223 1587 1277 vel
1638 1233 1854 1293 potens,

204 1312 223 1329 '
269 1311 354 1366 vel
383 1313 1219 1383 tyrannus,;totusconcutitur,
1247 1323 1304 1369 et
1344 1314 1562 1381 domus,
1594 1305 1889 1387 tanquam]

269 1419 300 1456 e
352 1411 624 1465 terrarum
676 1404 1059 1474 quassatione,
1087 1414 1201 1461 tota
1236 1407 1531 1475 tremiscit,
1567 1418 1680 1464 tota
1721 1427 1856 1467 con-

273 1495 535 1551 turbatur
570 1537 584 1563 ,
640 1505 756 1551 tota
817 1505 1049 1569 stupet,
1118 1507 1176 1553 et
1234 1500 1511 1575 excitatur
1590 1502 1861 1560 formido-

270 1588 420 1643 losas
451 1589 649 1644 videns
689 1597 1017 1659 potestates,
1062 1591 1262 1646 videns
1311 1591 1518 1648 formas
1548 1604 1770 1651 exteras
1805 1607 1861 1652 et

270 1679 563 1746 violentas,
592 1681 788 1736 videns
819 1681 1103 1749 cohortes,
1129 1698 1268 1755 quas
1300 1699 1585 1755 nunquam
1612 1697 1864 1743 conteme

272 1774 456 1846 platus
490 1784 596 1829 est.
641 1775 770 1831 Haec
805 1786 939 1833 tunc
985 1776 1184 1833 obiens
1222 1780 1410 1845 videt,
1444 1796 1545 1836 nos
1584 1796 1720 1837 vero
1748 1783 1861 1854 jam

273 1882 383 1920 non
418 1866 606 1931 videt;
648 1867 744 1921 sed
769 1867 836 1922 ad
866 1878 1135 1925 vocantes
1174 1887 1301 1939 cum
1332 1881 1640 1943 potestates
1668 1888 1864 1939 exsurg-

272 1958 354 2026 git
389 1958 757 2026 stupefactus.
788 1960 954 2017 Forte
990 1972 1046 2017 et
1086 1966 1386 2021 nonnullas
1429 1982 1625 2037 preces
1666 1970 1734 2025 ad
1769 1986 1863 2026 eas

275 2049 461 2104 fundit
504 2052 828 2115 mussitans,
876 2062 1143 2123 quantum
1186 2057 1373 2128 lingua
1402 2057 1551 2129 loqui
1582 2062 1750 2116 valet.
1783 2063 1864 2117 Ex

274 2142 485 2213 quibus
515 2143 702 2198 verbis
732 2152 788 2198 et
819 2147 986 2201 rebus
1030 2158 1333 2217 praesentes
1361 2152 1691 2223 plerumque
1724 2171 1863 2210 con-

270 2233 494 2304 jicimus
527 2234 673 2304 quod
711 2237 1036 2306 tyrannicas
1064 2248 1373 2307 potestates
1396 2240 1559 2308 vidit,
1586 2250 1644 2296 et
1671 2258 1864 2300 omnes

275 2335 522 2380 tremore
564 2327 764 2382 aborto
810 2327 1229 2396 horrescimus;
1269 2339 1325 2385 et
1357 2331 1505 2386 inter
1539 2347 1642 2391 nos
1683 2333 1866 2387 innui-

274 2431 401 2470 mus
431 2416 687 2473 dicentes
719 2434 732 2470 :
766 2418 1093 2485 Precemur,
1135 2419 1358 2489 fratres,
1391 2422 1449 2477 in
1483 2436 1682 2495 magno
1713 2426 1863 2481 enim

277 2507 583 2562 certamine
613 2520 890 2565 versatur.
934 2509 1266 2567 Meditemur
1298 2522 1355 2567 et
1382 2513 1449 2568 de
1480 2514 1571 2569 illa
1602 2515 1739 2570 hora
1767 2532 1865 2571 co-

277 2600 535 2670 gitemus.
564 2599 707 2665 Quid
746 2602 896 2656 enim
926 2609 1013 2657 est
1039 2603 1240 2658 homo?
1266 2605 1439 2664 Nihil.
1477 2607 1620 2674 Quid
1656 2606 1865 2664 homo?

278 2692 517 2757 vermis,
549 2693 712 2767 cinis,
766 2694 998 2760 umbra,
1064 2697 1367 2753 somnium.
1406 2698 1552 2754 Ecce
1609 2703 1862 2769 transiit,

277 2797 407 2836 ecce
439 2782 599 2849 abiit,
631 2798 761 2839 ecce
808 2785 1066 2851 cessavit,
1094 2801 1224 2841 ecce
1262 2787 1562 2858 requievit.
1614 2789 1717 2846 Hic
1749 2808 1862 2848 ma-

279 2868 439 2944 gnus,
474 2874 744 2942 invictus,
777 2887 997 2947 potens,
1040 2880 1280 2947 validus,
1307 2882 1456 2952 jacet
1495 2882 1586 2937 ovi
1636 2885 1861 2952 mitior;

1957 410 2042 458 σις
2074 393 2172 447 τοῦ
2198 394 2357 449 Θεοῦ.
2385 394 2626 461 Ποσάκις
2654 397 2762 470 γάρ
2790 398 2940 472 αὐτῷ
2968 405 3250 471 μετανοεῖν
3281 420 3540 457 συνετασ-

1959 484 2134 556 σόμην
2167 484 2304 555 (53).
2333 486 2428 540 καλ⁷
2468 486 2632 542 πάλιν
2657 487 2724 559 τὰ
2748 488 2919 561 χείρω
2963 490 3401 564 διεπραττόμηνί
3436 497 3540 549 llo-

1958 577 2116 642 σάκις
2144 595 2213 650 με
2239 579 2463 651 ἠλέησε,
2487 582 2581 634 καὶ
2606 580 2767 635 πάλιν
2793 580 3123 655 παρώργισα
3158 587 3171 641 ί

2028 756 2218 813 Ταῦτα
2253 759 2518 822 πολλάκις
2542 758 2637 812 τοῦ
2654 759 3036 836 ⁹τελευτῶντος
3061 762 3199 833 πρὸς
3230 764 3381 834 ἡμᾶς
3412 767 3539 830 τοὺς

1958 851 2236 924 παρόντας
2260 850 2669 923 διαλεγομένου,
2703 852 2967 925 ἐξαίφνης
2995 838 3282 926 δεσμεῖται
3311 857 3537 927 ήγλῶσ-

1958 961 2047 1007 σα,
2111 942 2376 1017 ἀναπολεί
2402 945 2430 995 6
2475 942 2620 1009 νοῦς,
2651 944 2993 1000 ἀλλοιοῦνται
3027 947 3077 1001 οἱ
3103 946 3392 1019 ὀφθαλμοὶ,
3427 951 3540 1020 ἡνί-

1959 1052 2031 1087 κα
2082 1035 2140 1086 αἱ
2190 1034 2511 1088 δεσποτικαὶ
2557 1034 2818 1107 δυνάμεις
2854 1036 3045 1092 λοιπὸν
3094 1040 3538 1110 παραγένωνται.

1962 1124 2085 1176 Ὅτι
2120 1125 2168 1177 οἱ
2215 1124 2600 1203 ἀπαράκλητοι
2652 1128 2955 1198 ἀπαιτηταὶ
2987 1129 3068 1193 είς
3102 1130 3165 1184 τδ
3191 1131 3541 1203 δικαστήριον

1958 1218 2105 1286 ἡμᾶς
2135 1201 2813 1291 ἕλκοντεςάποφέρουσιν,
2846 1220 2964 1285 ⁵οὓς
3013 1223 3108 1278 καὶ
3149 1201 3489 1293 θεασάμενος
3512 1225 3541 1278 6

1959 1310 2309 1383 ταλαίπωρος
2334 1311 2644 1383 ἅνθρωπος,
2671 1313 2777 1385 κᾶν
2805 1313 3059 1384 βασιλεύς
3087 1317 3226 1381 ἐστι,
3260 1318 3365 1370 κᾶν
3388 1318 3542 1371 δυνά-

1964 1419 2119 1471 στης,
2154 1403 2260 1457 κᾶν
2298 1404 2599 1475 τύραννος,
2633 1404 2755 1468 ὅλος
2798 1405 3055 1472 δονεῖται,
3076 1407 3173 1459 καὶ
3208 1410 3236 1461 6
3261 1403 3430 1473 οἶκος,
3466 1407 3539 1470 ὼς

1960 1495 2071 1549 ἀπὸ
2127 1496 2376 1563 σεισμοῦ,
2433 1496 2554 1560 ὅλος
2601 1483 2820 1567 τρέμει,
2874 1497 2995 1561 ὅλος
3036 1501 3385 1569 ταράττεται,
3422 1498 3543 1560 ὅλος

1965 1585 2256 1657 Θαμὸεῖται
2295 1590 2390 1642 καὶ
2433 1589 2719 1656 ἐξίσταται
2768 1589 2918 1663 ,ὁρῶν
2970 1590 3234 1661 δυνάμεις
3279 1591 3540 1662 φοϐερὰς.

1894 1650 1934 1705 Β
1963 1650 2106 1745 ὁρδόν
2140 1676 2356 1747 μορφὰς
2406 1650 2560 1743 ξένας
2599 1679 2693 1733 καὶ
2733 1650 3018 1749 κραταιὰς,
3049 1650 3190 1752 όρῖῦν
3213 1650 3378 1743 τάξιν
3404 1650 3539 1752 (⁸54),

1964 1768 2030 1837 ἣν
2068 1768 2326 1822 οὐδέποτε
2373 1768 2672 1824 ἐθεάσατο·
2717 1772 2892 1826 ταῦτα
2926 1774 3066 1826 ιτότε
3112 1775 3141 1825 6
3196 1773 3543 1843 ἀπαγόμενος

1964 1861 2087 1931 ὁρᾷ,
2123 1862 2270 1931 ἡμᾶς
2303 1862 2360 1916 δὲ
2419 1862 2605 1915 οὐκέτι
2655 1861 2890 1935 καθορᾷ,
2920 1864 3058 1918 ἀλλὰ
3118 1866 3256 1935 πρὸς
3298 1865 3398 1928 τὰς
3442 1883 3541 1920 κα-

1964 1951 2164 2016 λούσας
2198 1952 2458 2024 δυνάμεις
2494 1953 2798 2026 θαμὸηθεὶς
2825 1956 3129 2020 ἐξίσταται.
3167 1957 3325 2020 Ἴσως
3354 1957 3413 2010 δὲ
3449 1957 3542 2012 καί

1963 2060 2119 2107 τινας
2145 2043 2359 2116 δεήσεις
2392 2045 2528 2115 πρὸς
2546 2046 2717 2109 αὑτὰς
2749 2049 2984 2100 ποιεῖται
3005 2045 3331 2119 ψιθυρίζων,
3358 2048 3543 2111 καθὼς

1964 2136 1997 2205 ὴ
2033 2133 2256 2204 γλῶσσα
2275 2135 2457 2190 λαλεῖν
2492 2135 2738 2191 δύναται.
2771 2137 2861 2204 Ἐξ
2886 2132 2962 2191 ὧν
2992 2137 3255 2209 ῥημάτων
3285 2139 3378 2192 καὶ
3406 2156 3543 2209 χρη-

1968 2228 2156 2299 μάτων
2189 2228 2238 2282 οί
2270 2229 2536 2301 παρόντες
2591 2229 2856 2293 πολλάκις
2896 2230 3124 2302 νοοῦμεν
3149 2272 3164 2295 ,
3211 2233 3295 2286 ὅτι
3328 2233 3427 2296 τὰς
3458 2234 3544 2285 δε-

1968 2322 2235 2385 σποτικὰς
2274 2320 2534 2394 δυνάμεις
2582 2322 2869 2389 ἐθεάσατο,
2907 2323 3001 2377 καὶ
3055 2325 3259 2387 πάντες
3292 2323 3543 2395 σύντρο-

1969 2432 2059 2485 μοι
2094 2414 2206 2485 (55)
2240 2415 2916 2488 γενόμενοι,’φρίττομεν,
2958 2418 3054 2471 καὶ
3088 2417 3225 2488 πρὸς
3285 2418 3548 2489 ἀλλήλους

1964 2504 2288 2575 διανεύομεν
2321 2505 2613 2573 λέγοντεςσ
2662 2506 3124 2579 Προσευξώμεθα,
3173 2507 3416 2577 ἀδελφοί⁸
3464 2509 3545 2571 εἰς

1965 2597 2074 2670 γὰρ
2113 2599 2305 2668 ἀγῶνα
2361 2599 2537 2669 μέγαν
2599 2599 2954 2670 παρίσταται.
3006 2600 3411 2671 Σκοπήσωμεν,
3450 2601 3547 2653 καὶ

1965 2690 2065 2761 τῆς
2089 2691 2239 2762 ὥρας
2262 2690 2465 2762 ταύτης
2492 2691 2889 2763 φροντίσωμεν.
2920 2691 2985 2745 Τί
3016 2691 3126 2763 γάρ
3155 2694 3302 2746 ἐστιν
3332 2693 3571 2769 ἄνθρωε-

1967 2803 2096 2852 πο;;
2150 2782 2408 2839 οὐδέν’τί
2461 2785 2787 2855 άνΘρωπος;
2848 2784 3065 2855 σκώληξ
3111 2786 3204 2839 καὶ
3231 2784 3410 2857 τέφρα
3452 2786 3546 2840 καί

1971 2877 2098 2931 σκιὰ
2149 2877 2242 2929 καὶ
2276 2875 2430 2946 ὅναρ.
2507 2875 2606 2929 ’ἰδὲ
2663 2874 2839 2944 διέϐη,
2897 2874 2971 2927 [δὲ
3006 2875 3251 2943 ἀπῆλθε,
3295 2876 3370 2928 ίδὲ
3415 2894 3548 2929 κατ-

279 2965 639 3036 conspicuus,
672 2968 831 3037 quasi
866 2985 976 3024 non
1016 2971 1375 3042 conspicuus,
1407 2972 1587 3030 factus
1612 2983 1698 3031 est
1730 2974 1868 3029 invi-

1973 2970 2253 3034 έπαυσεν..
2322 2970 2393 3024 ἰδὲ
2437 2969 2731 3041 ἡσύχασεν.
2777 2971 3013 3034 Ἐκεῖνος
3059 2972 3088 3023 6
3136 2971 3300 3035 πολὺς
3356 2970 3490 3043 (36),
3519 2973 3548 3024 6

280 3059 500 3125 sibilis;
529 3068 828 3130 superatus
855 3062 1053 3131 estqui
1092 3064 1411 3133 superabat,
1448 3073 1504 3120 et
1529 3081 1657 3121 ecce
1692 3067 1868 3122 abdu-

280 3163 420 3208 cunt
455 3169 567 3223 quo
600 3154 889 3211 abducunt
928 3155 1295 3225 abducentes,
1339 3159 1396 3215 in
1435 3175 1547 3230 quo
1570 3162 1694 3218 loco
1721 3171 1869 3219 stant

283 3252 591 3315 potestates
630 3253 697 3315 et
735 3245 1171 3315 dominationes,
1199 3251 1388 3306 acerbi
1421 3261 1678 3317 nostrum
1707 3269 1871 3309 accu-

285 3345 501 3410 satores
531 3337 586 3391 in
617 3353 743 3393 aere
770 3355 785 3405 ;
822 3339 877 3393 in
912 3356 1023 3409 quo
1052 3341 1332 3399 terribiles
1352 3343 1666 3417 publicani,
1693 3354 1751 3401 et
1780 3347 1869 3400 ina

285 3427 609 3497 quisitores,
635 3439 690 3483 et
713 3429 1043 3486 collectores
1068 3441 1198 3486 sunt
1221 3433 1394 3501 obvii,
1422 3435 1518 3505 qui
1544 3434 1890 3507 Scrutantur',

287 3517 599 3588 inquirunt,
642 3521 991 3588 insimulant,
1019 3524 1319 3594 proferunt
1343 3526 1590 3583 hominis
1622 3540 1868 3600 peccata,
1910 3567 1917 3575 -

286 3610 755 3682 etcltirOgrapba,
783 3614 899 3669 sive
930 3615 989 3670 in
1015 3616 1335 3687 juventute,
1363 3619 1480 3675 sive
1518 3620 1573 3674 in
1610 3630 1871 3682 senectu-

290 3713 364 3770 te,
402 3704 519 3760 sive
551 3696 959 3773 libenter,'sive
987 3709 1161 3764 invite
1186 3709 1352 3776 facta,
1385 3711 1500 3768 sive
1531 3713 1728 3780 verbo,
1755 3714 1872 3770 sive

288 3809 478 3866 opere,
525 3797 640 3852 sive
673 3797 1034 3869 cogitatione.
1077 3798 1285 3856 Multus
1319 3804 1486 3857 timor
1518 3803 1631 3871 ibi,
1662 3803 1874 3865 multus

290 3886 506 3942 misera:
526 3889 723 3943 animae
745 3898 975 3945 tremor.
1004 3889 1233 3946 lnfanda
1259 3892 1599 3968 necessitas,
1617 3910 1781 3964 quam
1803 3895 1874 3951 ab

292 3979 536 4034 inimicis
591 3980 853 4049 sustinet,
896 3981 1334 4052 impedientibus
1380 3985 1870 4059 obstantibusque,

290 4087 361 4126 ne
395 4072 659 4128 ascendat
707 4074 763 4128 in
803 4073 1030 4142 coelum,
1061 4090 1132 4130 ne
1167 4074 1225 4130 in
1259 4075 1571 4133 viventium
1590 4078 1879 4149 regionem

294 4152 665 4235 ingrediatur.
715 4165 924 4222 Verum
975 4169 1151 4222 sancti
1195 4167 1400 4237 angeli,
1447 4168 1689 4225 animam
1721 4169 1875 4229 exci-

212 4265 219 4277 ’
295 4246 537 4328 pientes,
572 4267 705 4317 tunc
739 4260 1049 4317 abducunt.
1081 4261 1196 4317 Nos
1218 4268 1426 4327 autem,
1454 4262 1622 4333 justis
1651 4271 1874 4319 mortuo

294 4351 517 4433 corpori
556 4352 884 4422 persolutis,
916 4352 986 4406 ad
1027 4354 1301 4423 tumulum
1343 4329 1640 4426 diligenter
1672 4355 1873 4411 defun-
1904 4329 1950 4386 θ

294 4452 442 4498 etum
499 4444 816 4510 etlerimus;
876 4460 1042 4515 quem
1092 4445 1169 4500 ibi
1215 4445 1616 4516 relinquentes,
1654 4446 1880 4505 domum

295 4536 633 4590 revertimur
684 4537 871 4593 maesti
926 4545 982 4591 et
1030 4537 1257 4609 abjecti,
1297 4538 1642 4609 excipientes
1680 4549 1736 4595 et
1774 4539 1882 4610 ipsi

295 4616 714 4680 ineluctabilem
740 4627 938 4682 mortis
967 4627 1164 4685 horam
1184 4671 1199 4684 .
1231 4629 1309 4684 Ne
1344 4629 1513 4701 igitur
1540 4647 1642 4686 nos
1663 4646 1884 4701 quoque

296 4714 650 4770 inveniamur
701 4716 988 4786 imparati,
1017 4717 1241 4783 fratres,
1276 4719 1338 4777 iu
1392 4720 1496 4774 bac
1523 4721 1881 4789 necessitate,

296 4823 610 4874 curramus,
638 4825 1007 4879 properamus
1026 4853 1040 4879 ,
1094 4827 1527 4889 praecaveamus,
1560 4828 1633 4868 ne
1662 4829 1731 4867 ex
1770 4815 1876 4867 im-

297 4901 527 4971 proviso
553 4901 925 4971 abripiamur.
958 4903 1369 4975 lngrediamur,
1399 4919 1471 4959 ne
1490 4902 1629 4959 foris
1658 4919 1882 4960 manea-

298 5010 457 5062 mus;
496 4994 827 5067 abjiciamus
869 5013 1071 5053 vanam
1112 4998 1277 5054 istam
1316 4996 1624 5069 ignaviam;
1649 4997 1882 5070 abjicia-

300 5102 424 5142 mus
443 5088 756 5144 socordiam
783 5097 1052 5156 nostram,
1087 5091 1141 5146 in
1176 5107 1285 5162 qua
1309 5106 1483 5160 usque
1518 5091 1586 5147 ad
1611 5091 1718 5148 hoc
1740 5104 1880 5149 tem-

394 5289 484 5363 δὸ)
514 5294 1017 5363 Συνετασᾳόμην.
1048 5292 1305 5349 Promisi.

394 5290 464 5347 53
514 5294 1017 5363 Συνετασσόμην.
1048 5292 1305 5349 Promisi.

531 5361 713 5436 Ὁρῶν
738 5361 932 5436 τάξιν.
971 5363 1208 5436 Ἤγουν,
1239 5363 1516 5436 τάγματα.

375 5432 491 5506 (55)
522 5435 868 5506 Σύντρομοι.
904 5435 943 5489 i.
975 5449 1027 5489 ο.
1068 5432 1339 5506 ἔντρομοι.

376 5503 490 5577 (ξύ)
524 5505 585 5577 ζο
613 5505 828 5577 πολύς.
859 5506 1009 5561 Πάνυ
1047 5503 1391 5577 περιϐόητος.
1414 5505 1475 5561 V.
1508 5504 1700 5577 Synes.
1745 5513 1781 5557 t.
1813 5506 1879 5565 Il,

306 5590 361 5645 ι».
387 5574 477 5635 at,
513 5574 601 5634 60.
630 5575 715 5629 6|.

378 5642 489 5712 (57)
518 5643 698 5715 Τόπῳ.
744 5646 848 5700 ἐν
867 5640 932 5714 ᾧ.

1969 3062 2262 3133 ἀήττητος,
2295 3064 2322 3116 6
2366 3061 2657 3131 δυνάστης,
2692 3063 2719 3115 6
2750 3061 3011 3132 κραταιὸς
3057 3064 3233 3115 κεῖται
3271 3062 3548 3132 προϐάτου

1970 3155 2300 3226 πραύτερος.
2340 3155 2399 3209 Ὀ
2439 3155 2658 3224 φαινὴς,
2694 3154 2768 3217 ὡς
2807 3155 2882 3225 μὴ
2915 3154 3130 3226 φαινὴς,
3155 3154 3378 3224 γέγονεν
3407 3154 3549 3221 ἀφα-

1970 3248 2087 3318 νής.
2133 3246 2459 3317 Ὀίκρατῶν
2509 3247 2875 3318 κεκράτηται,
2922 3246 3017 3300 καὶ
3063 3245 3171 3300 ἰδοὺ
3221 3246 3547 3314 ἀπάγουσιν,

1970 3341 2105 3395 ὅπου
2139 3340 2447 3408 ἀπάγουσιν
2474 3340 2522 3393 οἱ
2548 3339 2876 3408 ἀπάγοντες,
2907 3341 2964 3391 ὲν
2997 3338 3107 3409 (57)
3140 3330 3184 3406 ᾧ
3208 3339 3458 3391 ἵστανται
3493 3339 3550 3390 αἱ

1972 3432 2141 3504 ἀρχαὶ
2166 3432 2260 3484 καὶ
2288 3430 2547 3503 ἐξουσίαι,
2579 3433 2628 3486 oi
2653 3433 2841 3503 πικροὶ
2871 3430 3031 3502 ἡμῶν
3058 3433 3355 3502 κατήγοροι
3386 3433 3443 3484 ἐν
3470 3430 3551 3501 τῷ

1972 3526 2127 3597 άέριὲ
2171 3524 2245 3579 ,ὲν
2274 3517 2317 3592 ᾧ
2343 3525 2392 3578 οἱ
2430 3524 2596 3576 δεινοὶ
2628 3523 2856 3583 τελῶναι
2893 3524 2986 3577 καὶ
3021 3523 3303 3593 λογοθέται
3331 3525 3423 3578 καὶ
3454 3541 3551 3592 φο-

1977 3617 2199 3693 ρολόγοι.
2237 3616 2607 3681 συναντῶντες
2630 3657 2645 3682 ,
2691 3616 3103 3686 λογοθετοῦντες
3132 3656 3146 3680 ,
3182 3617 3515 3691 κρατοῦντες
3535 3659 3550 3685 ,

1974 3710 2432 3783 κατηγοροῦντες,
2456 3710 2828 3790 προφέροντες
2850 3708 2920 3764 τὰ
2939 3710 3033 3765 τοῦ
3059 3710 3348 3783 ἀνθρώπου
3371 3711 3553 3782 ἀμαρ-

1973 3804 2194 3873 τὴματα
2242 3801 2336 3854 καὶ
2382 3801 2854 3874 χειρόγραφα,“τά
2896 3805 2953 3856 ὲν
2984 3805 3218 3873 νεότητι,
3254 3803 3322 3857 τά
3356 3807 3412 3856 ἐν
3445 3804 3550 3873 γή-

1975 3896 2062 3965 ρει
2096 3894 2231 3964 (58),
2271 3892 2340 3947 τὰ
2379 3890 2622 3958 ἑκούσια,
2655 3893 2723 3947 τὰ
2753 3893 3006 3960 ἀκούσια,
3040 3895 3107 3950 τὰ
3138 3894 3216 3948 ’δι’
3249 3895 3446 3967 ἔργων,
3482 3895 3555 3949 τά

1975 3983 2064 4037 διὰ
2092 3983 2286 4051 λόγων,
2316 3982 2390 4035 .τά
2416 3982 2484 4036 δι’
2511 3984 2880 4053 ἐνθυμήσεων.
2930 3975 3105 4047 Πολὺς
3150 3986 3179 4037 ὀ
3220 3985 3385 4053 φόϐος
3417 3988 3552 4052 ἐκεῖ,

1977 4075 2145 4138 πολὺς
2185 4074 2287 4141 τῆς
2336 4064 2530 4157 ἀθλίας
2573 4074 2763 4144 ψυχῆς
2807 4076 2836 4128 6
2881 4075 3105 4146 τρόμος.
3155 4077 3471 4147 Ἀδιήγητος
3518 4078 3552 4147 ή

1977 4166 2216 4237 ἀνάγκη,
2244 4164 2315 4236 ἣν
2344 4164 2449 4218 ὑπὸ
2479 4164 2586 4219 τῶν
2626 4165 2836 4237 ἐχθρῶν
2869 4167 3185 4241 ὑφίσταται,
3213 4168 3554 4232 κωλυόντων,

1979 4258 2511 4332 ἐμποδιζόντωννῐνα
2550 4258 2626 4329 μὴ
2661 4260 2719 4312 ὲν
2749 4256 2828 4332 τῷ
2844 4259 3061 4332 οὐρανῷ
3089 4260 3198 4331 (59)
3226 4260 3446 4332 ἀνέλθῃ,
3467 4261 3556 4314 ἵνα

1981 4351 2057 4423 μὴ
2096 4353 2155 4404 ὲν
2184 4352 2250 4422 τῇ
2287 4348 2443 4422 χώρᾳ
2483 4349 2595 4404 τῶν
2647 4348 3152 4428 ζώντωνείσέλθῃ.
3191 4351 3329 4404 Ἀλλ’
3364 4354 3413 4405 οἱ
3460 4352 3559 4422 μὲν

1981 4446 2126 4512 ἅγιοι
2186 4441 2409 4512 ἄγγελοι
2453 4444 2552 4514 τὴν
2589 4441 2768 4514 ψυχὴν
2821 4443 3231 4514 παραλαΰόντες
3280 4444 3557 4512 ἀπάγουσι

1980 4536 2124 4591 τότε.
2171 4536 2364 4607 Ἡμεῖς
2397 4534 2476 4600 δὲ,
2503 4535 2564 4588 τὸ
2592 4535 2786 4607 θνητὸν
2824 4536 2985 4606 σῶμα
3009 4536 3392 4606 κηδεύσαντες,
3426 4537 3560 4607 πρὸς

1980 4629 2074 4683 τὸν
2115 4628 2308 4700 καιρὸν
2343 4628 2639 4698 κομίζομεν
2684 4628 2824 4698 μετὰ
2860 4629 3093 4712 σπουδῆς
3141 4628 3231 4682 τὸν
3262 4628 3556 4683 τεθνεῶτα.

1985 4724 2095 4778 Καὶ
2150 4723 2798 4788 ἐκεῖσεικαταλιπόντες,
2865 4723 3048 4776 οἴκαδε
3103 4723 3560 4793 ἀναστρέφομεν,

1987 4813 2379 4883 στυγνάζοντες
2423 4802 2519 4866 καὶ⁸
2563 4815 2857 4883 κατηφεῖς,
2896 4812 3241 4881 ἐκδεχόμενοι
3275 4812 3369 4864 καὶ
3407 4813 3563 4865 αὐτοὶ

1978 4908 2077 4980 τὴν
2123 4906 2498 4977 ἀπαραίτητον
2551 4904 2647 4958 τοῦ
2696 4904 2930 4958 θανάτου
2986 4903 3154 4974 ὤραν.
3191 4904 3292 4956 "lv'
3326 4900 3418 4957 οὖν
3469 4904 3563 4957 καὶ

1978 5004 2141 5072 ἡμεῖς
2175 4999 2250 5071 μὴ
2284 4999 2559 5068 ἁνέτοιμοι
2595 4997 3192 5072 εὑρεθῶμεν,ἀδελφοὶ.
3214 4997 3272 5049 ἐν
3306 4999 3370 5066 τῇ
3401 4997 3561 5064 ἀνάγς

2003 5111 2074 5164 κῃ
2126 5093 2339 5165 εκείνη,
2376 5089 2714 5163 δράμωμεν,
2766 5090 3116 5158 σπεύσωμεν,
3176 5088 3559 5160 προλάϐωμεν,

2058 5293 2177 5416 (5εέ
2216 5291 2318 5348 Ἐν
2357 5292 2544 5360 γήρει.
2592 5290 2685 5345 Sic
2735 5289 2864 5344 alibi
2922 5303 3098 5358 saepe,
3134 5296 3194 5370 ut
3247 5287 3382 5369 psal.
3440 5303 3559 5350 κει,

2058 5405 2070 5416 .
2122 5365 2135 5385 ’
2162 5365 2208 5415 ’ν
2246 5365 2407 5416 γήρει
2460 5360 2927 5416 πίονι.αιιοιηοάο
2969 5374 3149 5416 reneri
3211 5368 3377 5412 etiam
3422 5357 3559 5411 Luc.

1984 5357 2089 5437 14.:
2110 5357 2208 5437 ⁸Ἐν
2246 5357 2625 5437 γήρὲίπεονι,
2650 5360 2927 5437 quomodo
2969 5357 3149 5428 reperi
3211 5360 3377 5412 etiam
3422 5357 3559 5437 Luc.

1989 5451 2026 5499 ι,
2061 5435 2150 5499 56,
2184 5431 2497 5502 ἰιιοίίῳιοι
2542 5431 2935 5486 vetustissimis
2974 5438 3030 5484 et
3062 5443 3269 5500 magnae
3319 5431 3561 5482 aucturi-

1991 5504 2115 5558 tatis
2145 5504 2448 5559 codicibus.
2514 5527 2518 5537 ·

2062 5575 2172 5645 (59)
2227 5575 2324 5624 Ἕν
2364 5571 2441 5637 τῷ
2467 5570 2720 5639 οὐρανῷ.
2760 5572 2885 5635 Pro,
2915 5571 2992 5633 εἰς
3011 5569 3104 5623 τὸν
3133 5568 3377 5639 οὐρανόν.
