3988 6142
384 425 521 489 θοῒ

1590 415 1847 479 SEBMO
1890 413 1965 473 IN
2010 407 2468 474 DEFUXCTOS.

3504 387 3638 453 1202
3686 390 3691 395 ⁷

383 542 474 594 ἵνα
532 536 607 607 μὴ
661 535 813 603 ἄφνω
864 532 1434 609 προαναρπασθῶμεν.
1471 531 1836 600 Είοέλῦωμεν,
1870 528 1957 579 ἵνα

2069 538 2162 594 pus
2188 521 2466 591 viximus;
2502 532 2629 589 spes
2677 530 2944 572 exuamus
2993 526 3114 581 qum
3163 522 3265 562 nos
3317 505 3384 560 de
3438 502 3530 558 die
3580 520 3639 557 in

388 632 461 701 μὴ
484 599 923 697 δέω-μείνωμεν,
946 599 1279 694 ἀποθώμεθα
1310 599 1408 687 τὰς
1439 622 1675 694 ματαίας
1699 599 1959 691 δκνηρίας

2069 616 2208 671 diem
2247 613 2557 678 deludunt;
2601 626 2671 666 ne
2714 605 2816 665 nos
2843 606 3108 674 deinceps
3137 599 3381 701 decipiat
3424 599 3673 666 impura-

317 718 330 730 ’
381 720 613 781 ὲκείνας.
665 716 1025 787 Ἀποθὼμεθα
1049 715 1147 786 τὴν
1175 715 1452 787 ρᾳθυμίαν
1484 712 1665 787 ἡμῶν,
1694 715 1750 765 ὲν
1858 727 1958 763 πε-

383 810 710 883 ριεζήσασεν
765 807 877 879 (40)
921 807 1028 871 ἕως
1074 805 1166 859 τοῦ
1224 807 1339 861 νῦν.
1392 807 1817 879 Ἀπορῤίψωμεν
1859 803 1959 866 τὰς

385 899 754 974 χλευαξούσας
801 900 950 969 ἡμᾶς
992 898 1183 969 ἡμέρίίι
1233 900 1300 970 τῇ
1345 898 1530 970 ἡμέρᾳ
1572 897 1683 967 (41)
1715 894 1956 958 ἐλπίδας-

381 994 472 1063 Μὴ
505 991 752 1064 ἑμπαίξῃ
781 991 921 1061 ἡμῖν
944 989 1038 1042 τοῦ
1061 988 1251 1043 λοιποῦ
1281 991 1309 1042 ὁ
1366 988 1567 1073 μιαρὸς
1596 986 1693 1040 καὶ
1725 984 1961 1057 πονηρὸς
1992 1062 1995 1065 ν

380 1080 660 1152 λογισμὸς,
716 1081 800 1134 ὅτι
843 1078 1237 1158 πολλοὶεπολλὰ
1271 1076 1696 1148 βουλευσάμενοι
1748 1076 1826 1139 είς
1861 1075 1961 1144 τὴν

382 1173 580 1245 αὔριον.
627 1172 688 1226 οὐ
720 1166 1078 1236 κατέλαϐον,
1129 1170 1247 1224 ἀλλ’
1300 1169 1560 1239 ἐξαίφνης
1606 1167 1958 1240 ἡρπάγησαν,

380 1266 456 1330 ὡς
489 1265 600 1337 (42)
643 1262 928 1336 στρουθίον
959 1263 1062 1316 ὑπὸ
1112 1261 1351 1333 ἱέρακος,
1408 1260 1483 1324 ὡς
1508 1260 1693 1331 ἀρνίον
1723 1259 1829 1313 ὑπὸ
1869 1258 1964 1312 λύ-

383 1376 507 1432 κουι
549 1357 688 1425 μήτε
718 1355 950 1426 λαλῆσαι
990 1355 1128 1417 ὅλως
1161 1353 1463 1424 ἰσχύοντες,
1512 1354 1652 1424 μήτε
1696 1352 1963 1423 δῖαθήκας

385 1446 733 1518 ποιήσασθαι.
799 1447 864 1500 Oi
917 1446 1017 1515 μὲν
1082 1434 1478 1508 καθεύδοντες]
1549 1444 1658 1497 ἀπὸ
1724 1443 1965 1513 ἑσπέρας

387 1539 581 1608 ὔγιεῖς,
617 1537 720 1608 τὴν
758 1537 972 1609 πρωίαν
996 1537 1098 1591 οὐκ
1142 1536 1407 1606 ἔφθασαν.
1440 1536 1503 1593 Ol
1542 1534 1599 1588 δὲ
1636 1532 1728 1588 ἐπὶ
1756 1534 1966 1605 τραπέ-

386 1628 487 1699 ζης
523 1628 847 1700 καθήμενοι,
884 1631 943 1682 ἐν
973 1629 1111 1698 αὺτῇ
1153 1628 1531 1682 ἀπέπνευσαν.
1556 1628 1620 1681 Oi
1637 1627 1693 1681 δὲ
1729 1643 1965 1698 περιπα-

384 1717 606 1783 τοῦντες
634 1719 731 1772 καὶ
757 1718 1040 1786 πεσόντες,
1072 1716 1334 1789 ἐξαίφνης
1360 1717 1656 1779 ἀπέθανον.
1692 1719 1802 1783 Καὶ
1829 1714 1963 1771 ταῦ-

383 1827 452 1863 τα
486 1810 667 1864 πάντα
707 1810 931 1881 εἴδομεν
970 1810 1068 1865 καὶ
1126 1810 1498 1880 γινώσκομεν.
1557 1807 1649 1862 Διὸ
1706 1809 1966 1879 οὐδεμίαν

2058 717 2115 764 et
2147 721 2317 778 prava
2360 702 2732 768 ratiocinatio,
2763 701 2895 771 quia
2935 696 3097 754 multi
3120 702 3123 705 ‘
3146 693 3320 750 multa
3349 707 3478 751 cum
3510 706 3644 746 con-

2061 799 2376 854 stituissent
2418 796 2477 850 in
2506 792 2811 850 crastinam
2833 831 2847 856 ,
2881 803 2994 843 non
3027 783 3315 841 consecuti
3361 789 3510 848 sunt,
3542 779 3642 836 sed

2062 898 2294 962 repente
2330 888 2498 943 ablati
2547 892 2700 950 sunt,
2736 883 2885 939 sicut
2930 888 3117 935 turtur
3163 895 3193 932 a
3250 876 3465 941 milvio,
3498 873 3645 929 sicut

2062 996 2238 1053 agnus
2260 996 2291 1035 a
2314 980 2447 1050 lupo
2471 994 2487 1044 ;
2521 990 2702 1046 neque
2731 972 2885 1043 loqui
2911 971 3139 1027 omnino
3163 968 3434 1033 valentes,
3463 981 3646 1036 neque

2065 1082 2395 1129 testamenta
2430 1071 2642 1133 lacere.
2701 1067 2766 1122 lli
2802 1062 3436 1135 quidemdormientes,
3486 1075 3516 1113 a
3548 1073 3667 1114 ve—x

2064 1150 2225 1236 spere
2253 1142 2435 1218 adhuc
2474 1162 2642 1233 plane
2682 1160 2934 1229 valentes
2959 1199 2974 1223 ,
3023 1155 3092 1211 ad
3151 1153 3483 1209 matutinum
3533 1166 3645 1206 non

2038 1264 2483 1329 pervenerunt;
2519 1254 2601 1308 illi
2644 1267 2780 1308 vero
2812 1264 3019 1305 mensa:
3048 1245 3467 1309 accumbentes,
3495 1243 3555 1297 in
3582 1256 3648 1297 ea

2064 1352 2494 1423 exspiraverunt
2519 1366 2551 1414 ;'
2570 1347 2664 1402 alii
2710 1345 3059 1400 ambulantes
3090 1348 3147 1396 et
3170 1339 3436 1395 cadentes
3464 1335 3652 1392 subito

2064 1443 2274 1503 mortui
2302 1450 2454 1501 sunt.
2494 1442 2562 1496 Et
2593 1440 2712 1497 haec
2765 1436 2951 1492 omnia
2978 1432 3223 1488 vidimus
3258 1439 3316 1487 et
3355 1426 3648 1500 cognosci-

2065 1512 2208 1590 mus.
2238 1534 2367 1589 ldeo
2388 1533 2596 1588 nullam
2617 1530 2838 1587 veniam
2861 1543 2892 1582 a
2915 1527 3029 1582 Deo
3054 1524 3359 1590 habemus;
3385 1519 3650 1592 quoniam

2067 1642 2180 1682 non
2205 1625 2389 1692 inscii,
2421 1624 2518 1679 sed
2543 1621 2753 1679 conscii
2789 1633 3081 1684 erramus;
3115 1615 3405 1671 audientes
3423 1610 3649 1684 quidem

2067 1719 2288 1774 divinas
2317 1716 2661 1786 Scripturas,
2695 1721 2751 1768 et
2796 1726 2922 1782 quae.
2951 1708 3118 1764 nobis
3149 1707 3297 1764 dicta
3326 1714 3458 1762 sunt
3486 1703 3650 1760 nobi-
3718 1778 3729 1793 λ

2068 1804 2225 1865 scum
2261 1796 2609 1879 reputantes,"
2627 1820 2811 1874 neque
2839 1814 2974 1858 vero
3002 1800 3291 1856 facientes.
3400 1827 3409 1830 -

387 1898 724 1971 συγγνώμην
756 1901 910 1974 παρὰ
952 1900 1089 1954 θεοῦ
1145 1901 1608 1972 ἔχομεν’ὅτιούκ
1663 1901 1722 1954 ὲν
1772 1902 2036 1974 ἀγνωσία,
2079 1903 2194 1957 ἀλλ’
2246 1904 2305 1957 ὲν
2365 1900 2564 1970 γνώσει
2610 1894 2975 1968 πλανώμεθα,
3051 1896 3343 1957 ἀκούοντες
3388 1892 3486 1964 μὲν
3542 1890 3654 1943 τῶν

388 1990 556 2044 θείων
617 1992 855 2062 Γραφῶν
882 2033 898 2058 ,
931 1994 1026 2046 καὶ
1074 1992 1383 2056 ἐννοοῦντες
1436 1993 1515 2047 τὰ.
1552 1994 1842 2067 λεγόμενα,
1897 1996 1974 2067 μὴ
2016 1997 2299 2059 ποιοῦντες
2327 1995 2406 2049 δέ.
2474 1992 2477 1995 ⁷

460 2080 551 2133 Διὸ
583 2082 906 2151 παρακαλῶ,
952 2081 1025 2153 μὴ
1065 2083 1226 2151 μόνον
1254 2084 1522 2154 ἀκροαταὶ
1549 2084 1835 2155 γενώμεθα
1864 2086 1966 2157 τῆς

2143 2089 2334 2158 Itaque
2366 2100 2589 2157 precor,
2636 2100 2707 2140 ne
2754 2082 3144 2140 tantummodo
3197 2081 3466 2137 doctrinae
3497 2081 3653 2136 audi-

384 2171 629 2242 διδαχῆς,
678 2171 817 2232 ἀλλά
867 2172 964 2227 καὶ
1018 2173 1261 2243 ποιηταί.
1318 2174 1387 2228 Εἴ
1427 2193 1510 2239 τις
1558 2172 1653 2230 οῦν
1696 2176 1836 2243 μετὰ
1868 2176 1991 2247 τὴν,

388 2263 658 2334 ἀκρόασιν
702 2264 814 2317 τῶν
862 2263 959 2319 νῦν
1013 2265 1323 2345 εἰρημένων
1381 2266 1673 2338 συνήθειαν
1722 2268 1967 2340 πονηρὰν

388 2345 651 2428 πορνείας
692 2356 832 2428 ἔχων
880 2357 1111 2422 ταύτην
1143 2359 1441 2430 ἀπέκοψεν,
1482 2353 1640 2425 οὗτος
1691 2363 1968 2433 ἀκροατὴς

390 2447 580 2511 καλός.
621 2448 689 2501 Εἴ
715 2464 801 2512 τις
842 2449 1214 2521 μνησικακίαν
1247 2440 1386 2521 ἔχων
1421 2452 1556 2522 πρὺς
1611 2452 1704 2505 τὸν
1741 2452 1969 2525 πλησίον

391 2540 486 2593 κα.)⁸
531 2539 793 2612 διαλλαγῇ
829 2540 996 2612 αὐτῷ,
1048 2536 1204 2605 οὗτος
1251 2543 1412 2608 καλὸς
1441 2545 1739 2615 ἀκροατής.
1786 2545 1852 2597 El!
1887 2562 1971 2610 τις

390 2632 718 2698 κατανυγεὶς
769 2633 864 2687 ἐπὶ
908 2634 1023 2695 τοῖς
1072 2633 1310 2709 παροῦσι
1357 2634 1535 2713 λόγοις
1585 2635 1833 2706 ἐλεήμων
1873 2637 1971 2695 καὶ

388 2722 755 2792 εὐμετάδοτος
801 2718 1062 2801 γένηται,
1112 2717 1270 2789 οὗτος
1313 2725 1478 2790 καλὸς
1523 2726 1828 2799 ἀκροατής·
1885 2726 1975 2784 ἱνα

392 2809 469 2880 μὴ
497 2812 575 2875 είς
614 2808 801 2882 κρῖμα
830 2815 863 2884 ἡ
874 2813 989 2883 μῶν
1017 2813 1112 2868 καὶ
1139 2812 1279 2885 αὕτη
1304 2813 1670 2888 ἡάνάγνωσις
1696 2816 1928 2887 γένηται
1950 2834 1964 2848 ο

388 2900 667 2972 ἀκούομεν
702 2903 835 2974 γὰρ,
871 2904 965 2957 καὶ
990 2904 1052 2959 οὑ
1084 2903 1369 2975 ποιοῦμεν.
1404 2907 1468 2959 Εἰ
1502 2907 1579 2977 μὴ
1599 2908 1709 2980 γὰρ
1741 2909 1770 2961 ὀ
1800 2908 1968 2987 θρίνα-
1996 2960 2001 2965 .

388 3010 480 3057 τος
518 2991 612 3046 τοῦ
645 2993 879 3064 ἀδελφοῦ
918 3012 1011 3049 σου
1061 2996 1387 3068 σωφρονίσει
1416 3014 1497 3064 σε,
1529 2997 1971 3081 οὐδεὶς-δύναταί

391 3102 452 3139 σε
502 3087 837 3167 ὠφελήσειν.
876 3089 938 3142 Εί
984 3089 1059 3162 μὴ
1105 3084 1301 3163 νεκρὸν
1339 3090 1552 3158 βλέπων
1588 3092 1969 3164 μετανοήσεις,

390 3185 523 3237 πότε
554 3166 742 3239 λοιπὸν
767 3166 1150 3265 ὲπιστρέψειςξ
1175 3187 1224 3240 εί
1260 3187 1333 3259 μὴ
1360 3188 1452 3241 ἐπὶ
1487 3189 1600 3252 τοῖς
1621 3184 1718 3242 νῦν
1750 3187 1972 3260 εἰρημέ-

388 3290 499 3339 νοις
531 3276 857 3349 κατενύγης,
890 3279 1022 3331 πότε
1048 3278 1148 3348 τῆς
1172 3279 1447 3350 ἁμαρτίας
1466 3280 1790 3352 ἀποστήστις
1825 3280 1971 3335 Ταύ-

380 3366 822 3439 την.ἀγαπητοὶ,
853 3370 953 3441 τὴν
982 3369 1091 3423 τῶν
1114 3369 1273 3424 θείων
1302 3370 1500 3439 λογίων
1530 3372 1729 3442 πρᾶξιν
1758 3370 1970 3442 οίπρὸς

2071 2186 2245 2241 tores,
2296 2176 2398 2231 sed
2448 2185 2507 2231 et
2536 2175 2928 2231 observatores
2969 2173 3185 2229 ﬁamus.
3221 2171 3278 2227 Si
3318 2175 3447 2242 quis
3489 2173 3656 2245 igitur

2071 2275 2196 2340 post
2231 2255 2576 2323 auditionem
2609 2283 2819 2323 eorum.
2865 2281 2990 2337 quae
3034 2264 3184 2320 dicta
3220 2272 3391 2332 sunt,
3427 2276 3654 2335 pravam

2070 2357 2464 2418 fornicationis
2502 2355 2968 2413 consuetudinem
3016 2354 3251 2412 habens.
3293 2369 3415 2409 eam
3460 2356 3657 2426 praeci-

2072 2446 2241 2515 derit,
2269 2447 2317 2501 is
2352 2447 2576 2501 auditor
2610 2447 2811 2503 bonus.
2859 2444 2917 2500 Si
2951 2445 3080 2516 quis
3108 2453 3357 2500 veterem
3384 2445 3438 2500 in
3464 2445 3656 2515 proxi-

2071 2554 2224 2593 mum
2270 2539 2612 2596 simultatem
2655 2536 2871 2599 habens
2907 2536 3187 2610 ignoverit
3239 2537 3315 2602 ei,
3350 2535 3397 2593 is
3431 2536 3654 2594 auditor

2072 2630 2296 2699 bonus;
2339 2631 2401 2688 sit
2434 2632 2559 2702 quis
2601 2630 2969 2703 praesenti-bus
3003 2630 3364 2687 sermonibus
3389 2645 3657 2700 compun-

2073 2728 2198 2777 ctus
2238 2721 2565 2778 misericors
2596 2729 2654 2778 et
2696 2720 2949 2789 liberalis
2979 2722 3162 2779 factus
3201 2723 3303 2790 sit,
3355 2721 3402 2777 is
3434 2721 3658 2776 auditor
3706 2726 3709 2731 '

2072 2810 2283 2882 bonus;
2317 2821 2471 2887 ne.et
2506 2813 2670 2873 nobis
2701 2814 2926 2870 crimini
2962 2823 3215 2871 vertatur
3247 2814 3366 2873 haec
3403 2812 3656 2869 admoni-

2075 2892 2481 2971 tio;‘audimus
2512 2906 2660 2961 enim
2709 2915 2768 2961 et
2810 2922 2922 2963 non
2954 2905 3193 2977 agimus.
3226 2905 3449 2961 Etenim
3501 2905 3547 2960 si
3604 2916 3658 2959 te

2074 3010 2223 3051 mors
2248 2996 2440 3051 fratris
2485 2997 2566 3051 tui
2613 3013 2737 3053 non
2752 2998 3164 3065 emendaverit,
3196 3014 3362 3056 nemo
3391 2998 3491 3054 tibi
3522 3014 3656 3071 pro-

2072 3088 2233 3143 desse
2272 3076 2499 3160 poterit.
2525 3088 2593 3150 Si
2631 3099 2915 3146 mortuum
2946 3091 3142 3161 videns
3172 3107 3287 3147 non
3320 3092 3440 3150 haec
3469 3092 3657 3149 animo

2073 3178 2480 3249 circumspicis.
2503 3179 2727 3250 quando
2752 3180 3016 3252 deinceps
3040 3183 3427 3238 converteris?
3451 3182 3509 3238 Si
3543 3199 3657 3258 non

2073 3268 2161 3323 bis
2194 3285 2317 3339 qua:
2340 3285 2491 3325 nunc
2517 3270 2784 3327 dicuntur
2812 3271 2989 3328 fueris
3020 3283 3405 3344 compunctus,
3435 3258 3657 3345 quando

2075 3376 2105 3415 a
2136 3372 2367 3432 peccato
2396 3362 2715 3419 descisces?
2757 3363 2910 3420 Hanc
2946 3364 3138 3435 igitur,
3173 3364 3397 3432 dilecti,
3435 3365 3656 3421 divino-

386 3455 626 3528 Χριστὸν
648 3457 1021 3528 προλαϐόντες·
1042 3459 1198 3531 ἡμῶν
1228 3459 1447 3528 ἀδελφοὶ
1473 3461 1604 3530 ἡμῖν
1628 3460 1968 3533 παρέθηκαν.

2076 3466 2199 3505 rum
2230 3466 2547 3507 sermonum
2572 3452 2985 3510 observantiam
3008 3454 3206 3510 fratres
3234 3454 3437 3522 nostri,
3461 3454 3556 3525 qui
3587 3456 3658 3510 ad

386 3547 575 3600 Ταῦτα
636 3546 707 3599 τὰ
779 3547 1019 3628 ζωοποιά
1088 3549 1367 3627 ’ἐδέσματα
1432 3551 1568 3619 ἡμῖν
1643 3549 1971 3621 ἡτοίμασαν.
2022 3538 2023 3545 “

386 3634 595 3690 Τοῦτον
635 3637 766 3706 ἡμῖν
814 3636 909 3712 τδν
957 3638 1056 3708 τῆς
1090 3636 1444 3698 διδασκαλίας
1481 3633 1622 3692 οἳνον
1675 3639 1968 3709 ἐκέρασαν,

387 3728 538 3789 ὅπως
563 3724 735 3780 ταῦτα
782 3725 1117 3798 μελετῶντες
1149 3730 1211 3782 ἐν
1249 3729 1425 3793 νυκτὶ,
1468 3729 1761 3801 ἐνιήμέρᾳ,
1788 3732 1845 3784 ἐν
1874 3722 1979 3785 ἐκέ

388 3814 609 3889 κλησίᾳ,
648 3820 706 3869 ὲν
740 3820 930 3883 οἴκοις,
957 3818 1049 3871 ἐπὶ
1082 3818 1386 3892 τραπέζης,
1441 3820 1498 3873 ὲν
1545 3820 1778 3888 κλίναις,
1808 3822 1971 3894 δυνη-

390 3908 598 3978 σόμεθα
651 3908 751 3978 τῆς
805 3909 1051 3979 πονηρᾶς
1094 3909 1190 3962 καὶ
1249 3900 1482 3978 ματαίας
1527 3907 1817 3979 συνηθείας
1875 3910 1971 3963 καὶ

388 3999 647 4069 ἀμελείας
676 3998 1005 4070 ἀποστῆναι,
1040 4000 1136 4053 καὶ
1173 3999 1270 4071 τὴν
1306 3999 1483 4072 ψυχὴν
1511 4000 1670 4071 ἡμῶν
1710 3999 1966 4069 ἐπιστρέ-

387 4089 486 4159 ψαι
526 4089 620 4143 καὶ
669 4092 806 4162 πρὸς
838 4090 1152 4161 μετάνοιαν,
1181 4092 1285 4146 κᾶν
1329 4091 1438 4146 ἀπὸ
1470 4091 1565 4145 τοῦ
1598 4091 1716 4159 νῦν,
1764 4091 1964 4159 κλῖναι,

389 4180 484 4233 καὶ
511 4180 602 4233 τὸν
631 4181 908 4252 Δεσπότην
935 4182 1278 4254 δυσωπῆσαι,
1307 4183 1404 4238 καὶ
1427 4187 1526 4255 τῆς
1554 4183 1834 4255 βασιλείας
1855 4183 1965 4238 τῶν

390 4269 638 4339 οὐρανῶν
686 4272 969 4343 ἐπιτυχεῖν
1000 4315 1015 4341 ,
1070 4276 1253 4347 χάριτι
1299 4275 1395 4329 καὶ
1445 4274 1828 4349 φιλανθρωπίᾳ
1871 4275 1966 4329 τοῦ

390 4361 594 4433 Κυρίου
630 4364 789 4434 ἡμῶν
823 4366 998 4437 Ἰησοῦ
1031 4368 1298 4439 Χριστοῦ,
1329 4369 1410 4422 ὅτι
1440 4366 1591 4439 αὐτῷ
1615 4369 1814 4439 πρέπει
1840 4370 1967 4436 δόξα

391 4455 489 4508 σὺν
520 4455 599 4525 τῷ
636 4458 858 4531 ἀνάρχῳ
911 4460 1087 4531 lla-cpi
1132 4461 1227 4514 καὶ
1281 4460 1359 4533 τῷ
1409 4460 1660 4531 ζωοποιῷ
1701 4462 1792 4515 καὶ
1824 4463 1966 4536 ἁγίῳ

391 4545 695 4613 Ιῐνεύματιλ,
727 4548 822 4602 νῦν
873 4551 966 4603 καὶ
1010 4550 1096 4619 ἀεὶ
1147 4553 1242 4606 καὶ
1272 4553 1353 4616 είς
1399 4553 1526 4617 τοὺς
1575 4552 1965 4626 ἀτελευτήτους

389 4633 593 4701 αἰῶνας
623 4637 733 4691 τῶν
767 4638 1019 4696 αἰώνων.”
1038 4642 1097 4695 Ἀ
1107 4643 1235 4714 μήν.

462 4791 584 4869 (Mli
624 4793 1078 4862 περιεζήσασεν.
1132 4797 1295 4855 Forte
1331 4834 1357 4864 ,»
1395 4799 1823 4869 περιεζήσαμεν,
1871 4811 1968 4856 aut

389 4862 792 4933 πρρεξήσαμενο

458 4930 813 5004 (ιη’Ἠμέρᾳ
844 4934 917 5006 τῇ
944 4937 1155 5007 ἡμέρᾳ.
1179 4938 1433 4996 Fortasse
1455 4942 1758 5013 scripserat
1782 4940 1972 5019 ἡμέρᾳ

2074 3540 2355 3596 Christum
2386 3553 2808 3613 praecesserunt,
2856 3545 2955 3600 has
2992 3545 3336 3600 vivificantes
3369 3560 3527 3602 escas
3557 3561 3658 3601 no-

2056 3632 2164 3687 bis
2212 3642 2568 3703 paraverunt.
2613 3633 2731 3690 Hoc
2758 3636 2922 3692 nobis
2954 3636 3224 3693 doctrinae
3266 3637 3456 3692 vinum
3498 3635 3658 3692 fude-

2079 3731 2229 3789 runt,
2265 3735 2325 3778 ut
2369 3723 2488 3780 hate
2533 3725 2886 3792 meditantes,
2920 3735 3105 3794 nocte,
3147 3726 3259 3795 die,
3303 3727 3361 3782 in
3392 3726 3651 3793 ecclesia,

2077 3815 2133 3869 in
2173 3815 2360 3883 domo,
2405 3815 2478 3872 ad
2522 3832 2793 3883 mensam,
2847 3818 2905 3872 in
2952 3819 3100 3876 lecto
3150 3834 3344 3890 pravas
3376 3819 3657 3889 possimus

2077 3922 2362 3977 vanasque
2411 3909 2850 3964 consuetudines
2896 3918 2952 3965 et
2981 3911 3347 3982 negligentias
3392 3911 3651 3984 abjicere,

2077 4001 2430 4071 animamque
2479 4011 2725 4056 nostram
2778 4013 3137 4070 convertere,
3172 4010 3229 4057 et
3277 4003 3345 4058 ad
3378 4004 3654 4076 paeniten-

2077 4091 2234 4159 tiam,
2276 4092 2444 4147 etiam
2489 4109 2660 4159 nunc,
2714 4092 2984 4149 inclinare
3015 4104 3072 4150 et
3105 4102 3403 4169 tyrannum
3435 4096 3653 4166 pudore

2070 4182 2431 4250 confundere,
2478 4192 2535 4240 et
2594 4184 2664 4240 ad
2717 4201 2949 4257 regnum
3006 4188 3271 4243 ccclorum
3322 4189 3648 4258 pervenire,

2071 4274 2245 4345 gratia
2276 4284 2332 4330 et
2375 4276 2718 4333 humanitate
2764 4278 2985 4335 Domini
3036 4280 3212 4335 nostri
3261 4281 3389 4337 Jesu
3420 4280 3651 4347 Clit-isti,

2070 4383 2234 4437 quem
2262 4369 2421 4425 decet
2455 4371 2630 4441 gloria
2660 4387 2787 4427 cum
2818 4381 3028 4430 aeterno
3061 4375 3221 4431 Patre
3251 4385 3308 4430 et
3336 4374 3651 4430 vivificante

2070 4467 2259 4515 sancto
2288 4460 2522 4531 Spiritu,
2558 4479 2712 4520 nunc
2736 4472 2793 4521 et
2825 4481 3067 4539 semper,
3112 4475 3171 4523 et
3204 4467 3262 4523 in
3299 4465 3512 4525 infinita
3546 4479 3647 4523 sae-

2068 4552 2192 4606 cula
2224 4554 2577 4613 saeculorum.
2603 4555 2800 4617 Amen.

2071 4802 2378 4890 mtlﬁnpéaqt
2409 4814 2471 4859 ut
2513 4813 2598 4861 est
2614 4821 2664 4890 Β
2688 4804 2816 4890 Cor.
2852 4807 3055 4890 rv,_.l6,
3084 4817 3140 4864 et
3170 4810 3315 4890 pia]:
3352 4826 3511 4890 LIIII_.

2132 4872 2253 4997 ($42)
2296 4872 2387 4939 Ὡς
2414 4876 2738 4944 στρουθίον
2762 4880 2879 4934 ὑπὸ
2916 4872 3271 4947 ἱέρακος.Ἐι
3300 4880 3418 4937 haec
3458 4881 3649 4937 similis

2069 4950 2125 4996 tu
2170 4960 2204 4998 o
2242 4944 2440 5014 placet.
