3988 6142
1584 228 1615 243 κ

340 376 483 441 1235

1355 368 1809 433 DlSPU'I‘ATlO
1841 363 2239 425 ADVERSUS
2285 364 2618 425 J‘UDIEOS.

3477 363 3623 431 12οῦ

337 488 367 540 ὁ
391 482 628 555 Χριστὸς
660 483 689 535 ὁ
713 482 846 544 Υίὸς
876 478 970 534 τοῦ
995 479 1127 533 Θεοῦ
1160 478 1394 545 ζῶντος,
1438 476 1779 551 Χριστιανῶν
1816 492 1922 528 σω-

2036 472 2467 535 Christianorum
2500 477 3000 544 salusJudatorum
3028 491 3093 531 ac
3117 475 3413 547 gentilium-
3438 476 3615 534 disso~

336 578 535 651 τηρία,
575 576 852 631 Ἰουδαίων
879 592 939 627 τε
981 575 1077 628 καὶ
1112 572 1381 643 Ἑλλήνων
1411 572 1730 635 κατάλυσις,
1770 566 1922 622 είδὼ-

338 672 446 725 λων
480 669 825 740 καθαίρεσις.
1914 715 1918 719 θ

410 760 548 815 Εἶτα
588 760 728 831 μετὰ
757 759 819 813 τὸ
843 759 1182 829 ὁμολογῆσαι
1214 756 1305 810 τὸν
1331 744 1588 810 Ἰουδαῖον
1625 754 1826 807 εἰδέναι
1857 753 1925 806 τὰ

339 853 816 925 προερωτηθέντα.
854 852 1019 923 ἄρξον
1049 853 1186 921 πρὸς
1210 851 1375 904 αὐτὸν
1404 851 1580 902 εἰπεῖν
1605 846 1800 911 οὕτως·
1820 848 1924 913 ὅτι,

342 943 413 1000 Ὦ
439 946 680 1010 Ἰουδαῖε,
714 945 860 1015 ἅπερ
894 962 975 997 σοι
1008 944 1188 1015 μέλλω
1218 945 1415 1002 εἰπεῖν,
1444 940 1541 1011 οὐχ
1569 942 1732 1009 ἡμεῖς
1768 938 1926 1009 μόνον

342 1037 483 1092 αὐτὰ
527 1039 762 1107 λέγομεν
787 1076 803 1101 ,
854 1036 989 1090 ἀλλὰ
1025 1036 1119 1088 καὶ
1164 1035 1221 1088 αἱ
1250 1033 1468 1103 Γραφαὶ
1502 1031 1658 1097 ὑμῶν
1691 1031 1758 1083 τὰ
1787 1030 1927 1084 αὐτὰ

346 1131 688 1202 μαρτυροῦσι
718 1131 813 1184 καὶ⁹
840 1130 1083 1196 λέγουσι.
1114 1128 1155 1180 Π
1164 1127 1257 1198 ρὸς
1282 1126 1406 1179 τίνα
1431 1123 1524 1177 οὖν
1550 1119 1706 1195 εἶπεν
1728 1122 1755 1174 ὁ
1771 1121 1924 1187 Θεὸς,

348 1245 367 1275 ι
413 1225 733 1293 Ποιήσωμεν
778 1222 1066 1292 ἄνθρωπον
1120 1219 1242 1274 κατ’
1289 1220 1475 1271 εἰκόνα
1512 1216 1789 1288 ἡμετέραν
1831 1215 1928 1268 καὶ

344 1315 467 1369 καθ’
499 1313 794 1385 ὁμοίωσινς
824 1332 841 1364 ι
902 1314 1012 1366 Καὶ
1063 1313 1110 1365 εί
1163 1311 1261 1382 μὲν
1307 1309 1474 1374 εῐποι,
1512 1312 1593 1363 ὅτι
1625 1310 1771 1378 Πρὸς
1801 1308 1928 1370 τοὺς

343 1408 643 1476 ἀγγέλους,
695 1407 815 1460 εἰπὲ
859 1406 1028 1475 αὐτῷ,
1067 1405 1149 1457 ὅτι
1183 1404 1337 1465 Πῶςς
1375 1403 1486 1471 ἐγὼ
1512 1403 1622 1472 γάρ
1651 1402 1793 1469 λέγω
1820 1417 1926 1465 σοι,

343 1502 427 1555 ὃτι
458 1501 602 1568 Πρὸς
630 1498 723 1552 τὸν
754 1499 886 1552 Υἱὸν
915 1498 1073 1551 τοῦτο
1100 1492 1221 1550 εἷπε
1247 1512 1261 1528 ·
1301 1496 1365 1550 σὺ
1397 1495 1455 1549 δὲ
1488 1495 1579 1548 τὸν
1605 1494 1700 1547 ἕνα
1736 1492 1810 1564 μὴ
1836 1492 1927 1546 θέ-

343 1596 451 1649 λων
486 1592 919 1665 παραδέξασθαι,
960 1592 1187 1660 μυρίους
1218 1590 1458 1656 εἰσάγεις
1482 1605 1496 1619 ’
1550 1589 1646 1641 καὶ
1674 1587 1768 1641 τὸν
1790 1576 1929 1639 ’Υὶὸν

344 1684 598 1747 ἀθετῶν,
643 1683 882 1744 οἰκέταις
914 1681 975 1733 τὸ
1000 1680 1101 1748 τῆς
1148 1678 1461 1749 συμϐουλῆς
1501 1677 1719 1747 ἀξίωμα
1766 1692 1925 1745 περι-

350 1776 521 1846 άπτῃ·
543 1774 780 1837 καὶτοὺς
805 1771 1131 1842 ὁμοδούλους
1159 1770 1318 1840 ἡμῶν
1372 1770 1596 1841 κυρίους
1626 1769 1800 1831 ποιεῖς
1827 1770 1928 1838 τῆς

343 1867 621 1937 ἡμετέρας
646 1850 1051 1933 (δημιουργίας.
1106 1862 1262 1925 Εἰπὲ,
1304 1861 1425 1932 οὐχὶ
1458 1863 1487 1914 ὁ
1519 1860 1807 1930 ἄνθρωπος
1837 1877 1930 1914 τε·

341 1957 659 2028 λειούμενος
692 1956 783 2010 διὰ
808 1955 1084 2019 πολιτείας
1112 1953 1357 2023 ἀγαθῆς,
1402 1952 1538 2022 πρὸς
1565 1951 1665 2023 τὴν
1690 1944 1801 2005 τῶν
1825 1953 1928 2022 ἁγ-

342 2052 519 2120 γέλων
552 2050 709 2115 ἀξίαν
737 2051 1031 2118 ἀνάγεταις
1076 2049 1174 2103 καὶ
1205 2049 1356 2100 ποῖον
1384 2046 1783 2117 δημιούργημα
1814 2048 1929 2100 ἴσον
1968 2054 1971 2055 ⁷

345 2141 488 2197 εἶναι
516 2143 595 2213 τῷ
614 2144 877 2195 Κτίσαντι
902 2142 1123 2193 δύναται
1142 2140 1390 2206 ς’Σκόπει
1415 2138 1471 2191 δὲ
1501 2141 1595 2191 καὶ
1617 2138 1685 2191 τὰ
1707 2139 1927 2208 ἐφεξῆς,

354 2255 373 2287 ι
412 2235 546 2290 Κατ’
574 2234 758 2287 εἰκόνα
807 2230 1107 2304 ἡμετέραν.
1141 2251 1160 2285 ι
1222 2232 1288 2285 Τί
1331 2231 1513 2300 λέγεις
1558 2231 1695 2303 πρὸς
1736 2231 1925 2298 τοῦτο;

344 2329 436 2400 Μὴ
461 2327 626 2380 εἰκὼν
646 2328 744 2398 μία
759 2326 894 2387 Θεοῦ
914 2329 1008 2379 καὶ
1034 2325 1316 2393 ἀγγέλων;
1345 2323 1719 2393 ούδαμῶς.Ἲῒ
1739 2325 1800 2377 οὐ
1830 2324 1930 2393 μὲν

344 2421 456 2490 γὰρ
515 2420 608 2472 καὶ
665 2416 878 2487 Πατρὸς
934 2420 1084 2471 πᾶσα
1141 2418 1357 2486 ἀνάγκη
1420 2416 1520 2487 τὴν
1568 2416 1740 2487 αὐτὴν
1788 2416 1930 2469 εἶναι

348 2515 587 2583 μορφὴν,
623 2510 949 2581 θεοπρεπῶς
977 2509 1220 2579 δηλονότι
1247 2508 1346 2578 τῆς
1375 2508 1590 2579 μορφῆς
1608 2506 1928 2577 νοουμένης,

344 2603 444 2655 οὐκ
501 2603 559 2654 ὲν
608 2603 846 2672 σχήματι
892 2598 1233 2670 σωματικῷ,
1291 2598 1409 2656 ἀλλ’
1451 2599 1510 2651 ἐν
1557 2598 1636 2664 τῷ
1678 2596 1930 2667 ἰδιώματι

343 2695 444 2763 τῆς
492 2693 787 2765 θεότητο;;
824 2694 1026 2746 ’Ἄκουε
1068 2692 1127 2746 δὲ
1176 2678 1229 2744 τί
1272 2692 1419 2758 λέγει
1445 2732 1460 2756 ,
1518 2709 1536 2741 ‹
1576 2689 1712 2743 Κατ’
1745 2688 1932 2742 εἰκόνα

345 2784 678 2854 ἡμετέραν.»
716 2784 835 2836 Τίνι
864 2783 1008 2853 ἄλλῳ
1039 2798 1102 2851 γε
1132 2782 1164 2853 ἢ
1196 2781 1276 2852 τῷ
1303 2782 1705 2851 ἁπαυγάσματι
1729 2781 1827 2849 τῆς
1848 2779 1933 2834 δό-

346 2873 466 2942 ξης,
503 2876 595 2927 καὶ
630 2874 943 2944 χαρακτῆρι
971 2872 1069 2939 τῆς
1100 2873 1455 2934 ὑποστάσεως
1484 2869 1672 2936 αὑτοῦ,
1706 2869 1786 2943 τῷ
1814 2869 1931 2941 Υίῷ

346 2965 444 3019 καὶ
474 2967 633 3036 Λόγῳ
665 2966 860 3028 αὐτοῦ,
902 2967 959 3030 ὃς
989 2968 1139 3019 ἐστιν
1169 2964 1334 3018 εἰκὼν
1369 2963 1463 3018 τοῦ
1496 2964 1729 3034 ἀοράτου
1758 2962 1931 3029 θεοῦ;

348 3056 428 3125 Τῇ
455 3056 562 3124 ίδία
577 3056 755 3110 τοίνυν
783 3057 952 3109 εἰκόνι
972 3059 1038 3127 τῇ
1062 3055 1235 3127 ζώσῃ,
1251 3058 1316 3126 τῇ
1337 3054 1570 3126 είπούσῃ
1590 3071 1604 3084 ’
1635 3072 1652 3105 ι
1675 3052 1819 3122 Ἐγὼ
1840 3053 1935 3107 καὶ

2029 570 2189 637 lutio,
2221 570 2498 641 idolorum
2530 569 2780 625 abolitio.

2100 751 2221 807 Iam
2246 766 2402 813 vero,
2432 750 2529 805 ubi
2556 748 2780 804 Iudaeus
2808 746 2875 802 iis
2907 761 3032 817 quae
3062 745 3232 800 modo
3265 745 3414 801 dicta
3447 756 3610 814 sunt,

2029 834 2411 909 consenserit,
2466 842 2615 896 hunc
2670 841 2727 894 in
2779 839 3007 893 modum
3071 853 3199 892 eum
3262 837 3609 907 alloquaris:

2028 937 2161 1003 Qua:
2194 936 2316 1000 tibi,
2349 951 2382 989 ο
2423 934 2631 999 Iudaee,
2663 933 2921 987 dicturus
2968 947 3129 995 sum,
3161 946 3227 985 ea
3270 945 3381 985 non
3433 932 3613 986 solum

2028 1040 2131 1084 nos
2179 1028 2516 1093 asserimus,
2565 1025 2665 1081 sed
2699 1024 2866 1081 etiam
2916 1025 3092 1079 .vestri
3128 1023 3285 1078 Libri
3335 1032 3614 1079 testantur
3656 1022 3663 1029 ’

2030 1128 2195 1191 atque
2241 1127 2521 1175 asserunt.
2580 1118 2664 1173 Ad
2702 1132 3000 1188 quemnam
3048 1116 3217 1187 igitur
3254 1116 3395 1170 dixit
3419 1116 3567 1172 Deus
3597 1134 3641 1170 εκ

2037 1233 2055 1266 ι
2090 1212 2380 1269 Faciamus
2407 1214 2687 1267 hominem
2706 1211 3012 1266 secundum
3043 1210 3340 1280 imaginem
3364 1219 3621 1264 nostram.

2030 1316 2088 1362 et
2132 1304 2557 1361 similitudinem
2588 1305 2656 1359 “l
2683 1326 2702 1357 ι
2756 1304 2916 1371 Quod
2974 1303 3023 1357 si
3076 1303 3432 1372 responderit
3477 1320 3491 1357 :
3529 1302 3623 1358 Ad’

2030 1400 2274 1469 angelos,
2308 1399 2401 1453 dic
2427 1400 2478 1453 ci
2508 1415 2520 1450 :
2552 1397 2696 1464 Quid
2728 1396 2842 1451 ita?
2872 1395 3144 1466 Equidem
3182 1395 3250 1449 ad
3275 1394 3473 1449 Filium
3495 1395 3615 1454 haec

2030 1505 2157 1546 eum
2220 1490 2428 1545 dixisse
2497 1488 2750 1555 aﬂirmo;
2804 1497 2863 1542 tu
2929 1503 3103 1552 vero,
3160 1486 3614 1558 quandoquidem

2033 1598 2204 1639 unum
2252 1582 2456 1654 ,rejicis
2481 1623 2494 1647 ,
2552 1581 2876 1635 innumeros
2917 1578 3270 1643 introducis,
3305 1587 3365 1634 et
3414 1579 3617 1634 Filium

2032 1691 2321 1747 respuens,
2352 1675 2527 1731 servis
2568 1673 2785 1729 consilii
2826 1673 3097 1728 honorem
3127 1673 3413 1737 attribuis,
3450 1685 3639 1749 atque,

2032 1784 2333 1826 conservos
2362 1776 2582 1823 nostros
2602 1766 2739 1822 facis
2765 1766 3021 1821 dominos
3050 1766 3354 1821 creationis
3389 1774 3615 1823 nostrae.

2032 1864 2247 1927 Nonne,
2283 1877 2492 1931 quaeso,
2537 1861 2704 1916 homo
2750 1860 2896 1916 bona
2925 1863 3052 1915 vitae
3098 1861 3313 1915 ratione
3359 1875 3618 1915 consum-

2030 1967 2210 2011 matus
2226 1956 2294 2011 ad
2323 1954 2647 2026 angelorum
2677 1954 2935 2009 evehitur
2957 1954 3286 2025 dignitatem
3303 1956 3328 2007 ’ί
3354 1953 3615 2020 Quaenam

2030 2058 2217 2103 autem
2260 2042 2520 2103 creatura
2553 2046 2803 2103 Creatori
2842 2062 2945 2117 par
2980 2061 3103 2101 esse
3149 2046 3405 2117 poterit?
3444 2045 3619 2101 Catie-

2030 2140 2478 2197 rum‘considera
2502 2156 2627 2210 quae
2659 2147 2994 2210 sequuntur,
3027 2157 3045 2190 ι
3070 2139 3153 2194 Ad
3188 2138 3484 2206 imaginem
3516 2153 3619 2192 no-

2029 2243 2220 2290 stram.
2264 2253 2282 2286 ι
2320 2231 2463 2300 Quid
2492 2233 2560 2287 ad
2594 2232 2715 2288 haec
2753 2233 2952 2288 dices!
2977 2232 3118 2288 Num
3159 2248 3269 2286 una
3306 2240 3392 2286 est
3424 2231 3517 2295 Dei
3562 2239 3625 2286 et

2032 2325 2357 2394 angelorum
2421 2318 2653 2395 imago?
2717 2324 3105 2395 Nequaquam.
3177 2323 3373 2379 Nonne
3438 2323 3618 2393 imago

2031 2417 2212 2472 Patris
2240 2417 2558 2472 necessario
2609 2424 2695 2472 est
2738 2432 2848 2471 una
2888 2415 3219 2486 eademque,
3277 2415 3323 2470 si
3354 2414 3616 2471 nimirum

2031 2524 2199 2565 sensu
2227 2509 2340 2563 Deo
2378 2508 2559 2587 _digno
2603 2508 2899 2579 imaginem
2934 2507 3249 2577 acceperis,
3276 2522 3387 2561 non
3413 2521 3619 2562 secun-

2037 2602 2183 2657 dum
2208 2584 2463 2669 corporis
2512 2601 2786 2666 formam,
2817 2600 2914 2656 sed
2964 2600 3272 2656 secundum
3312 2584 3621 2655 divinitatis

2031 2700 2286 2746 naturam
2311 2691 2334 2743 ?
2360 2689 2479 2745 lam
2509 2704 2641 2743 vero
2664 2690 2710 2744 si
2743 2688 2897 2754 dicit,
2935 2686 3285 2744 «Secundum
3325 2687 3620 2756 imaginem

2032 2792 2304 2849 nostram,
2339 2802 2359 2835 ι
2398 2784 2619 2838 cuinam
2651 2783 2744 2837 alii
2772 2782 2976 2837 dixerit
2999 2796 3164 2851 quam
3186 2779 3472 2850 splendori
3506 2777 3624 2851 glo-

2035 2876 2132 2931 riae
2170 2884 2228 2930 et
2258 2874 2569 2930 ’characteri
2602 2875 2940 2930 substantia
2962 2878 3087 2929 sua:
3110 2914 3123 2937 ,
3156 2872 3296 2929 Filio
3342 2885 3408 2926 ac
3440 2870 3622 2926 Verbo

2032 2983 2155 3034 suo,
2184 2967 2279 3039 qui
2319 2975 2405 3022 est
2437 2962 2618 3038 imago
2645 2965 2944 3021 invisibilis
2973 2965 3072 3020 Dei
3096 2965 3120 3018 τ
3147 2964 3228 3019 Ad
3262 2979 3426 3019 suam
3454 2962 3624 3033 igitur

2034 3062 2209 3131 ipsius
2258 3061 2551 3132 imaginem
2586 3061 2902 3122 viventem,
2942 3073 3068 3130 quae
3107 3056 3248 3112 dixit
3289 3074 3304 3110 :
3345 3076 3363 3106 «
3402 3056 3519 3127 Ego
3563 3063 3624 3112 et

347 3151 375 3201 ὀ
403 3150 593 3216 Πατὴρ
617 3148 674 3201 έν
705 3150 887 3218 ἐσμεν·
923 3168 941 3199 ι
974 3150 1092 3211 καὶ,
1133 3167 1150 3199 ι
1182 3148 1243 3201 '0
1274 3146 1537 3219 ἑωρακὼς
1565 3146 1687 3218 ἐμὲ,
1717 3146 1928 3218 ἑώρακε

2036 3154 2200 3209 Pater
2245 3168 2420 3208 unum
2457 3168 2653 3208 sumus
2679 3155 2731 3213 '.
2766 3171 2785 3203 ι
2835 3161 2892 3208 et
2921 3169 2934 3205 :
2974 3172 2995 3203 ι
3027 3150 3132 3219 Qui
3164 3165 3253 3205 me
3285 3148 3445 3213 vidit,
3482 3147 3624 3203 vidit

345 3241 436 3293 τὸν
477 3242 718 3309 Πατέρα·
750 3261 769 3294 ι
819 3240 993 3314 ταύτῃ
1022 3240 1201 3309 λέγει’
1243 3259 1261 3292 ι
1294 3240 1617 3310 Ποιήσωμεν
1641 3239 1928 3312 ἄνθρωπον

348 3327 468 3380 κατ’
496 3328 678 3401 εἰκρνα
707 3329 1004 3399 ἡμετέραν.
1036 3349 1052 3380 ι
1088 3328 1263 3381 Ὅπου
1295 3329 1391 3400 μία
1429 3328 1614 3393 εἰκὼν,
1637 3330 1738 3382 ποῦ
1759 3331 1820 3383 τὸ
1839 3327 1936 3384 ἀνί

346 3419 532 3487 όμοιον
556 3436 572 3487 ;
599 3440 615 3469 ι
649 3422 757 3473 Καὶ
786 3420 1041 3491 ἐποίησεν
1071 3423 1099 3473 ὁ
1117 3422 1251 3484 Θεὸς
1280 3422 1372 3474 τὸν
1399 3422 1707 3491 ἄνθρωπον,
1738 3442 1757 3475 ι
1782 3424 1927 3493 οὐχὶ,

360 3512 678 3582 Ἐποίησαν.
704 3514 913 3581 Ἔφυγε
950 3513 1123 3567 ταῦτα
1150 3515 1239 3568 τὸν
1273 3514 1593 3586 πληθυσμὸν
1622 3517 1730 3568 τῶν
1761 3534 1930 3588 προσ-

349 3600 515 3653 ώπων
534 3618 548 3633 ·
580 3601 668 3652 δια
699 3603 799 3670 μὲν
828 3603 923 3654 τοῦ
952 3606 1149 3664 εἰπεῖν,
1184 3621 1202 3652 ι
1235 3604 1558 3673 Ποιήσωμεν
1586 3605 1926 3677 ἄνθρωπον,ι

350 3692 412 3747 σὲ
445 3693 538 3745 τὸν
559 3694 819 3746 Ἰουδαῖον
848 3694 1121 3747 παιδεύων
1143 3714 1155 3727 ο
1207 3694 1295 3749 διὰ
1326 3697 1381 3749 δὲ
1413 3697 1505 3750 τοῦ
1536 3700 1732 3762 εἰπεῖν,
1776 3700 1931 3767 «(Kal

349 3785 609 3851 ἐποίησεν
657 3787 685 3837 ὁ
728 3785 861 3849 Θεὸς
909 3787 1001 3839 τὸν
1047 3787 1356 3858 ἄνθρωπον,
1390 3807 1409 3840 ι
1449 3790 1540 3841 τὸν
1579 3789 1932 3860 Ἐλληνισμὸν

347 3872 676 3944 ἀπδκλείων.
728 3878 1014 3946 ’Δσφαλῶς
1062 3880 1525 3949 ἀνέδραμε-πρὸς
1568 3881 1667 3950 τὴν
1703 3881 1927 3951 μονάδα,

351 3968 437 4022 ῐνα
467 3970 562 4021 καὶ
593 3966 723 4021 Υἰὸν
755 3973 884 4036 νοῇς
919 3972 1057 4039 μετὰ
1085 3972 1298 4043 Πατρὸς
1317 4012 1331 4039 ,
1380 3974 1476 4025 καὶ
1496 3970 1609 4044 ’τῆς
1637 3974 1931 4041 πολυθετας

350 4062 595 4134 ἐκρύγῃς
609 4063 669 4115 τὸ
690 4062 1048 4117 ἐπικίνδυνον.
1145 4076 1150 4080 ’

422 4241 511 4310 Τῷ
545 4241 600 4294 δὲ
636 4243 834 4303 εἰπεῖν,
872 4262 892 4295 ι
929 4243 1040 4296 Καὶ
1071 4242 1403 4316 ἐνεφύσησεν
1437 4247 1519 4311 είς
1542 4247 1606 4301 τὸ
1634 4246 1928 4319 πρόσωπον

350 4334 514 4385 αὐτοῦ
549 4336 718 4404 πνοὴν
750 4334 922 4404 ζωῆς,
978 4337 1071 4389 καὶ
1098 4332 1319 4404 ἐγένεδτο
1348 4340 1377 4391 ὁ
1404 4337 1693 4409 ἅνθρωπος
1720 4341 1801 4400 είς
1825 4340 1931 4409 ψυ-

350 4432 447 4496 χὴν
480 4425 682 4491 ζῶσαν,
716 4446 734 4478 ι
770 4428 832 4480 οὐ
864 4429 1099 4499 φανερόν
1129 4432 1296 4493 ἐστιν,
1336 4431 1420 4484 ὅτι
1446 4431 1539 4484 τοῦ
1567 4432 1726 4500 ἁγίου
1752 4431 1928 4485 Πνεύ-

2036 3247 2203 3303 etiam
2235 3246 2455 3303 Patrem
2474 3247 2516 3312 ³,
2555 3267 2573 3299 ι
2605 3245 2672 3301 ad
2700 3246 2862 3311 hanc,
2893 3246 3141 3315 inquam,
3174 3243 3348 3297 dixit:
3391 3261 3408 3293 ο
3439 3241 3626 3296 Facia-

2037 3354 2162 3394 mus
2190 3339 2471 3394 hominem
2518 3338 2824 3394 seeundum
2867 3336 3164 3407 imaginem
3206 3344 3475 3389 nostram.
3505 3352 3524 3384 ι
3565 3333 3622 3387 in

2037 3449 2148 3505 quo
2169 3442 2353 3488 autem
2376 3447 2485 3487 una
2506 3431 2689 3503 imago
2707 3472 2721 3496 ,
2752 3430 2849 3486 ubi
2875 3430 2984 3485 erit
3013 3426 3321 3483 dissimile?
3350 3445 3371 3479 ι
3395 3425 3465 3480 Ει
3494 3423 3627 3483 fecit

2039 3527 2184 3580 Deus
2228 3525 2535 3584 hominem,
2569 3542 2587 3574 ι
2644 3538 2790 3587 non,
2842 3540 2863 3574 ι
2911 3520 3185 3575 fecerunt.
3222 3538 3241 3571 ι
3294 3516 3411 3573 Hoc
3458 3516 3631 3572 modo

2037 3626 2403 3681 personarum
2452 3610 2822 3680 pluralitatem
2875 3608 3109 3665 evitavit
3150 3626 3164 3662 :
3222 3606 3488 3660 nimirum
3536 3604 3624 3659 di-

2038 3702 2216 3758 cendo
2248 3719 2261 3754 :
2301 3721 2317 3752 ι
2352 3702 2641 3756 Faciamus
2688 3700 2993 3762 hominem,
3024 3719 3042 3751 ι
3068 3708 3149 3755 ‘te
3197 3697 3450 3753 Judaeum
3484 3697 3624 3752 edo.

2038 3810 2170 3849 cens
2193 3834 2208 3858 ,
2239 3794 2477 3849 dicende
2508 3803 2692 3848 autem
2728 3810 2742 3846 :
2781 3812 2800 3844 ι
2831 3791 3052 3847 Etl‘eeit
3080 3782 3228 3846 Deus
3258 3790 3560 3853 hominem,
3595 3809 3616 3842 ι

2036 3886 2325 3958 gentilium
2360 3901 2610 3941 errorem
2646 3884 2927 3956 rejiciens.
2977 3883 3158 3954 Atque
3202 3883 3284 3937 sic
3316 3882 3491 3953 probe
3528 3882 3627 3943 de-

2036 3978 2367 4034 monstravit
2396 3977 2669 4031 unitatem
2694 4016 2709 4040 ,
2750 3985 2814 4030 ut
2846 3975 3047 4029 Filium
3089 3974 3256 4029 simul
3303 3989 3426 4029 cum
3466 3973 3625 4028 Patre

2036 4084 2324 4143 agnoscas,
2361 4076 2419 4125 et
2471 4067 2845 4139 periculosam
2881 4067 3184 4121 multorum
3219 4065 3451 4120 deorum
3502 4063 3625 4135 cpi.-

2035 4166 2260 4220 nlonem
2286 4162 2553 4219 declines.
2626 4164 2635 4175 '

2105 4255 2243 4312 Cum
2288 4264 2476 4310 autem
2526 4253 2733 4309 dicitur
2777 4270 2790 4306 :
2838 4271 2855 4304 ι
2887 4250 2958 4307 Et
2992 4251 3284 4322 inspiravit
3333 4251 3389 4305 in
3424 4248 3647 4305 faciem

2034 4351 2155 4421 ejus
2171 4349 2510 4424 spiraculum
2535 4346 2661 4401 vitae
2679 4388 2692 4411 ,
2719 4353 2776 4402 et
2805 4345 2983 4401 factus
3008 4351 3095 4399 est
3116 4343 3282 4398 homo
3301 4344 3361 4397 in
3383 4343 3644 4397 animam.

2034 4445 2315 4499 viventem
2337 4450 2379 4508 ⁵,
2416 4462 2435 4494 ι
2462 4456 2646 4503 nonne
2676 4436 2969 4495 manifesto
3011 4438 3253 4509 Spiritus
3290 4436 3464 4493 sancti
3503 4435 3624 4492 elli-

353 4535 520 4588 μαῖος
555 4519 651 4588 τὴν
681 4518 833 4591 θείαν
860 4521 1142 4588 ἐνέργειαν
1182 4521 1420 4593 ἐδήλωσε
1445 4539 1459 4587 ;
1518 4516 1689 4575 Τοῦτο
1719 4523 1813 4577 καὶ
1842 4521 1928 4576 διὰ

2036 4537 2186 4593 cacia
2219 4536 2308 4591 his
2341 4533 2531 4590 verbis
2580 4531 2910 4588 indicatur?
2943 4529 3061 4586 Hoc
3101 4530 3270 4593 etiam
3321 4518 3624 4601 propheta-

347 4612 454 4664 τῶν
479 4613 775 4682 προφητῶν
805 4612 1109 4682 ἐκηρύχθη.
1139 4613 1214 4675 ὡς
1239 4616 1295 4666 ὲν
1316 4614 1415 4683 τῷ,
1443 4632 1461 4666 ι
1485 4614 1711 4685 Πνεῦμα
1727 4615 1932 4689 Κυρίου

348 4707 433 4758 ἐπ’
464 4706 615 4775 ἐμὲ’-ι
657 4708 769 4768 καὶ,
809 4723 827 4756 ι
862 4705 1088 4773 Πνεῦμα
1117 4707 1324 4776 Κυρίου
1352 4707 1639 4778 ὡδήγησεν
1666 4707 1922 4773 αὐτούς’»

347 4794 463 4857 καὶ,
505 4811 522 4841 ι
559 4793 782 4862 Πνεῦμα
814 4795 1125 4864 ἐπιστήμης
1158 4796 1423 4866 ἐνέπλησε
1485 4797 1577 4849 τὸν
1604 4796 1922 4870 Βεσελεὴλ,»

345 4884 435 4936 τὸν
484 4886 848 4955 ἀρχιτέκτονα
893 4886 994 4954 τῆς
1042 4887 1266 4957 σκηνῆς
1308 4890 1421 4953 καὶ,
1473 4904 1494 4938 ι
1528 4889 1752 4959 Πνεῦμα
1784 4908 1930 4962 παρ-

347 4977 671 5045 οξυνόμενον
695 4995 710 5009 ’
741 4996 762 5029 ι
820 4979 913 5030 καὶ
950 4997 968 5029 ι
1003 4978 1227 5048 Πνεῦμα
1265 4978 1469 5049 ἐξᾶραν
1495 4980 1684 5037 Ἠλίαν
1729 4985 1788 5036 ἐν
1827 4984 1930 5056 ἂρ-

351 5088 479 5141 ματι
513 5070 606 5123 καὶ
639 5069 870 5141 ξητηθὲν
917 5073 1071 5142 παρὰ
1101 5071 1741 5131 Ἐλισσαίουνδιπλάσιον·
1775 5097 1794 5129 ι
1832 5078 1928 5133 καὶ

350 5163 630 5230 Πνεύματι
663 5163 853 5233 ἀγαθῷ
876 5165 969 5217 καὶ
1026 5165 1342 5236 ἡγεμονικῷ
1370 5168 1535 5222 Δαὸὶδ
1562 5169 1928 5242 ὀδηγούμενός

344 5271 405 5308 τε
458 5255 553 5323 καὶ
586 5256 997 5325 στηριζόμενος.
1041 5258 1392 5329 Ἐπηγγέλθη
1419 5260 1476 5313 δὲ
1509 5261 1614 5314 ὑπὸ
1648 5264 1746 5331 μὲν
1770 5264 1927 5336 Ἰωὴλ

345 5349 631 5418 πρότερον,
664 5367 683 5399 ι
704 5351 812 5402 Καὶ
844 5352 901 5402 ὲν
930 5353 1050 5413 ταῖς
1078 5352 1332 5421 ἐσχάταις
1363 5354 1619 5425 ἡμέραις,
1655 5344 1927 5425 λέγοντος,

342 5444 521 5515 ἐκχεῶ
577 5446 686 5499 ἀπὸ
736 5447 829 5499 τοῦ
877 5447 1325 5520 Πνεύματόςμου
1354 5450 1446 5502 ἐπὶ
1469 5454 1649 5505 πᾶσαν
1673 5454 1870 5526 σάρκα,
1905 5474 1924 5510 ι

344 5536 546 5610 δηλαδὴ
569 5539 668 5611 τὴν
693 5540 1085 5609 πιστεύσασαν,
1136 5560 1155 5595 ί
1185 5543 1279 5597 καὶ
1309 5544 1402 5597 ἐπὶ
1428 5545 1555 5608 τοὺς
1582 5547 1730 5612 υἱοὺς
1752 5549 1926 5619 ὑμῶν,

418 5741 433 5771 ¹
475 5738 614 5814 Gen.
649 5741 826 5814 1,267.7
870 5745 909 5814 γ’
940 5743 1096 5799 Joan.
1130 5760 1161 5798 χ
1189 5787 1201 5807 ,
1248 5746 1337 5801 50.
1453 5748 1472 5777 ³
1513 5747 1670 5804 Joan.
1696 5768 1804 5814 xw,
1837 5753 1888 5810 9.

2004 5755 2025 5786 ⁵
2054 5754 2193 5811 Gen.
2221 5772 2279 5821 ιι,
2304 5755 2360 5812 7.

2038 4647 2162 4688 rum
2189 4629 2511 4685 testimonio
2543 4626 2932 4690 conﬁrmatur,
2958 4631 3020 4678 ut
3044 4624 3101 4678 in
3130 4622 3241 4678 illis
3272 4638 3289 4675 ι
3336 4640 3354 4673 ι
3382 4621 3626 4691 Spiritus

2037 4699 2253 4774 Domini
2289 4732 2459 4787 super
2488 4731 2575 4771 me
2603 4717 2649 4781 ⁸,
2691 4734 2710 4767 ι
2756 4722 2814 4769 et
2846 4731 2859 4768 :
2896 4732 2915 4765 ι
2946 4713 3191 4784 Spiritus
3223 4712 3440 4767 Domini
3467 4712 3627 4768 duxit

2036 4825 2152 4873 eos,
2185 4829 2203 4861 ι
2256 4818 2313 4864 et
2352 4826 2367 4863 :
2405 4827 2425 4861 ι
2458 4808 2704 4878 Spiritus
2737 4806 3074 4879 cognitionis
3105 4806 3341 4877 replevit
3377 4806 3624 4862 Beseleel

2037 4902 2399 4957 architectum
2428 4886 2775 4970 tabernaculi
2798 4901 2819 4932 ⁸
2843 4941 2857 4966 ,
2894 4918 2914 4951 ι
2953 4906 3053 4954 et:
3102 4917 3121 4951 ι
3158 4898 3402 4969 Spiritus
3442 4900 3627 4954 irrita-

2035 5003 2167 5061 tus;
2207 5014 2225 5046 ι
2263 5004 2321 5050 et
2357 5012 2369 5049 :
2414 5013 2432 5045 ι
2463 4993 2706 5064 Spiritus
2758 4992 3058 5048 sustollens
3100 4993 3278 5048 Eliam
3326 4993 3382 5047 in
3429 5008 3621 5055 curru,

2035 5098 2093 5145 et
2117 5087 2466 5142 desideratus
2513 5086 2815 5157 dupliciter
2853 5086 2925 5141 ah
2969 5086 3206 5140 Eliszeo"
3234 5102 3250 5151 ;
3283 5105 3305 5137 ι
3353 5083 3631 5140 θιιῡεινίἀ

2038 5184 2250 5254 Spiritu
2298 5184 2447 5239 bono
2496 5192 2554 5239 et
2605 5183 2901 5255 principali
2953 5182 3265 5239 conductus
3319 5189 3376 5235 et
3423 5180 3624 5234 δυσαι-

2038 5283 2127 5332 tus
2149 5277 2191 5330 ⁸.
2224 5296 2242 5328 ι
2275 5277 2588 5332 Promissus
2644 5285 2728 5331 est
2787 5276 2953 5330 etiam
3008 5275 3079 5329 ab
3107 5274 3259 5329 Joele
3317 5272 3492 5343 prius,
3526 5272 3621 5327 ubi

2039 5367 2310 5424 dixitzcEt
2331 5369 2545 5424 ultimis
2600 5368 2798 5423 diebus
2847 5364 3127 5420 effundam
3153 5365 3221 5419 de
3251 5361 3460 5433 Spiritu
3496 5376 3621 5417 meo

2038 5477 2206 5532 super
2225 5477 2445 5517 omnem
2458 5477 2707 5525 carnem,
2732 5478 2751 5511 ι
2765 5458 2973 5514 scilicet
2990 5456 3362 5522 credentem,¢
3384 5462 3442 5510 et
3452 5467 3620 5524 super

2038 5551 2184 5607 ﬁlios
2224 5561 2441 5609 vestros
2467 5560 2523 5607 et
2552 5565 2720 5621 super
2752 5548 2892 5603 tilias
2922 5554 3135 5601 vestras
3161 5548 3205 5612 ³,
3236 5563 3256 5596 ι
3312 5554 3370 5602 et
3399 5551 3616 5605 caetera.

2474 5757 2493 5789 ⁵
2534 5755 2638 5812 lsa.
2682 5769 2791 5824 ut,
2824 5753 2841 5808 l
2869 5768 2883 5822 ;
2915 5748 3050 5808 Luc.
3080 5766 3153 5819 IV,
3180 5748 3266 5806 l8.
3372 5749 3393 5783 '
3429 5749 3628 5808 Exod..

349 5824 506 5876 ων,
536 5811 627 5866 Si.
704 5812 723 5845 ’
762 5813 829 5868 IV
851 5813 983 5885 Reg.
1027 5830 1086 5881 ιι,
1120 5814 1205 5870 15.
1283 5819 1303 5851 ⁸
1341 5818 1363 5873 Ι
1404 5817 1537 5889 Reg.
1567 5835 1674 5891 xvi,
1705 5811 1802 5878 15f
1864 5825 1884 5856 ⁹
1916 5824 1928 5881 l

2082 5842 2142 5897 ιι,
2175 5811 2277 5881 28ξ
