3988 6142
333 293 469 362 121)?

1535 304 1598 364 S.
1636 302 2035 364 ANASTASII
2074 308 2407 370 SlNAszE.

3463 294 3601 386 1203‘

328 412 396 469 Et
426 432 439 469 :
482 412 765 484 «Spiritus
797 414 1021 473 divinus
1059 416 1192 473 fecit
1234 400 1352 481 me,
1383 429 1439 475 et
1483 420 1687 475 halitus
1715 420 1908 479 Omni-

2025 426 2108 478 καὶ
2159 426 2253 479 ἐπὶ
2299 426 2401 492 τὰς
2443 428 2752 502 θυγατέρας
2799 431 3009 503 ὑμῶν,›
3050 434 3147 490 καὶ
3176 434 3245 491 τὰ
3275 436 3426 507 ἑξῆς.
3460 439 3594 507 Καὶ,

328 505 573 576 patentis
608 522 696 562 me
724 505 914 562 docuit
947 508 1008 563 ιθ.
1042 527 1061 561 ι
1101 504 1165 564 Et
1200 527 1392 585 rursus
1426 529 1438 565 :
1483 532 1500 563 ‹
1534 512 1772 581 Emittes
1794 514 1919 585 Spi-

282 588 288 594 ’
331 598 497 652 ritum
544 608 697 654 tuum
720 641 734 663 ,
785 608 843 655 et
876 603 1257 669 creabuntur,
1294 615 1351 660 et
1382 607 1678 663 renovabis
1716 608 1916 665 faciem

330 696 493 742 terra:
521 687 586 740 “.
621 706 639 738 ι
682 687 950 745 Similiter
974 692 1117 748 Deus
1150 693 1317 748 etiam
1350 694 1419 749 de
1449 695 1659 753 Adamo
1684 698 1912 756 dicens:

336 799 355 830 ι
395 780 537 836 Ecce
571 781 751 838 factus
800 792 888 840 est
913 784 1088 841 Adam
1128 797 1195 843 ut
1224 804 1370 845 unus
1393 806 1423 845 e
1465 792 1629 847 nobis
1656 794 1737 863 ’³,
1760 814 1778 846 ›
1809 796 1914 850 Pa-

328 881 496 938 trem,
534 874 736 932 Filium
772 886 937 948 atque
975 879 1247 951 Spiritum
1297 894 1550 940 sanctum
1583 885 1789 941 innuit.
1820 888 1917 943 His

329 964 508 1036 adjice
538 975 595 1023 et
622 969 912 1045 considera
952 972 1100 1041 quod
1137 989 1169 1028 a
1214 976 1327 1031 Deo
1363 978 1421 1033 in
1446 979 1567 1049 lege
1596 983 1914 1054 promulga—

331 1068 424 1112 tur
460 1076 473 1113 :
507 1078 525 1112 ι
558 1061 723 1125 Audi,
757 1063 948 1131 Israel,
977 1067 1247 1126 Dominus
1272 1072 1418 1129 Deus
1459 1084 1623 1141 tuus,
1649 1077 1927 1133 Dominus.

333 1166 477 1208 unus
501 1163 587 1209 est
618 1154 679 1209 ⁸³.
704 1174 723 1206 ι
769 1156 968 1213 Nonne
998 1159 1105 1216 hac
1132 1178 1268 1219 voce
1312 1174 1397 1221 ter
1425 1170 1660 1239 repetita
1689 1180 1918 1240 apparet

330 1256 576 1303 sanctam
610 1247 939 1306 Trinitatem
975 1270 1098 1310 esse
1132 1272 1302 1311 unum
1327 1259 1537 1316 Deum?
1566 1263 1785 1317 Patrem
1819 1278 1918 1325 aue

332 1348 443 1393 tem
484 1355 550 1394 ac
598 1342 798 1398 Filium
844 1353 901 1400 et
947 1344 1216 1416 Spiritum
1266 1360 1520 1406 sanctum
1571 1368 1694 1409 esse
1743 1369 1915 1409 unum

330 1431 526 1493 Deum.
565 1442 680 1488 tum
732 1435 898 1491 dictis
945 1446 1061 1492 tum
1110 1440 1369 1498 dicendis
1410 1444 1698 1514 probatur.
1742 1445 1916 1501 Porro

330 1520 462 1577 hinc
495 1539 719 1593 quoque
748 1526 881 1582 illud
910 1529 1215 1602 intelliges,
1243 1534 1392 1603 quod
1432 1535 1633 1599 Filium
1667 1537 1915 1607 appella-

331 1630 454 1669 mus
482 1632 632 1680 eum,
668 1616 736 1672 de
767 1635 879 1689 quo
910 1622 1180 1694 Propheta
1207 1626 1350 1683 dixit
1385 1645 1399 1683 :
1446 1646 1463 1679 ι
1489 1628 1671 1687 Verbo
1696 1630 1917 1688 Domini

328 1709 454 1763 caeli
502 1709 705 1767 ﬁrmati
752 1723 884 1769 sunt
929 1717 991 1771 “.
1033 1736 1053 1769 ι
1116 1718 1406 1786 Quomodo
1433 1731 1621 1780 autem
1652 1724 1891 1780 dicimus

330 1800 599 1869 Spiritum
639 1807 941 1862 sanctum?
990 1809 1122 1866 «Et.
1151 1809 1360 1880 Spiritu
1408 1814 1521 1867 oris
1573 1815 1695 1885 ejus
1737 1815 1921 1871 omnis

329 1891 506 1948 virzus
557 1908 752 1951 eorum
786 1897 921 1962 ¹⁵;›
975 1899 1051 1954 ita
1105 1902 1252 1961 enim
1301 1902 1357 1959 in
1414 1904 1689 1965 Trinitate
1743 1922 1915 1963 unum

328 1983 503 2040 Deum
533 1986 792 2044 colimus.
833 1990 953 2045 Jam
980 2008 1188 2065 quaeso,
1217 2010 1250 2049 0
1278 1995 1490 2061 Iudaee,
1522 1997 1742 2052 cuinam
1768 1998 1918 2055 Scri~

328 2091 492 2151 plura
543 2094 727 2138 vestra
763 2083 917 2139 dicit.
949 2086 1106 2143 haec:
1147 2109 1165 2140 ι
1200 2090 1470 2146 Dominus
1499 2091 1567 2146 ad
1612 2107 1699 2147 me
1731 2092 1869 2147 dixit
1900 2109 1914 2146 :

336 2196 355 2226 ι
393 2175 569 2232 Filius
591 2192 749 2232 incus
774 2193 853 2237 ,es
886 2186 942 2233 tu
964 2219 980 2245 ,
1011 2195 1114 2250 ego
1139 2181 1306 2239 hodie
1352 2192 1405 2240 te
1445 2187 1612 2256 genui
1643 2186 1730 2239 *οἳ
1760 2205 1777 2239 ι
1812 2185 1916 2241 Ubi

328 2267 600 2336 psalmum
648 2268 717 2324 de
759 2269 1057 2326 Salomone
1091 2272 1260 2328 verba
1307 2273 1492 2331 facere
1525 2278 1914 2347 responderit,

329 2361 610 2431 interroga
640 2377 766 2417 eum
797 2380 813 2416 :
844 2360 1235 2433 Quotuplicem
1270 2374 1434 2421 terrm
1465 2377 1681 2437 partem
1708 2370 1915 2439 guber-

328 2452 484 2508 navit
515 2451 780 2509 Saturno?
813 2454 1040 2510 Scilicet
1072 2472 1176 2515 nec
1204 2458 1492 2514 dimidiam
1518 2501 1533 2524 ,
1563 2476 1668 2518 nec
1695 2463 1916 2519 tertiam

330 2554 541 2615 partem
586 2555 769 2610 terrae,
810 2547 909 2604 sed
950 2548 1124 2605 solam
1148 2549 1419 2607 Iudaeam.
1449 2553 1720 2609 Cancrum
1745 2556 1918 2625 probe

329 2637 586 2694 attendas
610 2679 625 2704 ,
654 2655 688 2693 o
720 2639 944 2703 .ludme,
976 2651 1037 2696 ut
1078 2641 1358 2714 intelligas
1396 2645 1668 2715 psalmum
1696 2663 1808 2704 non
1844 2646 1918 2702 de

331 2732 650 2798 Salomone,
685 2733 785 2789 sed
814 2722 1141 2791 de-Christo
1179 2753 1363 2808 agere.
1405 2736 1499 2794 Sic
1520 2739 1671 2794 enim
1698 2739 1868 2801 habet
1900 2758 1913 2794 :

338 2846 354 2869 ι
390 2826 656 2881 Dominus
706 2827 847 2882 dixit
886 2828 954 2883 ad
1006 2844 1096 2884 me
1125 2845 1141 2883 :
1170 2830 1348 2887 Filius
1391 2847 1550 2887 meus
1595 2847 1657 2887 es
1702 2840 1785 2897 tu,
1814 2848 1917 2903 ego

329 2913 496 2969 hodie
526 2924 577 2972 te
603 2917 791 2986 genui.
820 2918 1005 2975 Pelea
1036 2935 1144 2987 me,
1175 2931 1231 2977 et
1263 2922 1407 2978 dabo
1450 2923 1552 2979 tibi
1580 2933 1779 2994 gentes
1806 2924 1919 2993 lue-

330 3006 623 3064 reditatem
652 3018 825 3074 tuam,
857 3018 914 3066 et
940 3013 1349 3081 possessionem
1386 3022 1537 3073 tuam
1571 3015 1706 3071 ﬁnes
1732 3024 1914 3085 terrae.

2027 535 2047 569 ι
2079 517 2303 589 Πνεῦμα
2334 521 2395 574 τὸ
2422 520 2565 576 θεῖον
2595 524 2654 577 τὸ
2678 525 2912 597 ποιῆσάν
2936 545 3026 598 με,
3056 528 3195 601 πνοὴ
3214 528 3270 583 δὲ
3295 530 3601 603 Παντοκράν

2018 627 2180 682 τορος
2212 613 2245 683 ἡ
2272 613 2606 683 διδάσκρυσά
2630 635 2752 688 με.»
2790 620 2901 672 Kal
2928 622 3111 687 πάλιν,
3141 641 3160 674 ι
3190 622 3604 691 Ἐξαποστελεῖς

2018 704 2080 757 τὸ
2114 705 2343 775 Πνεῦμά
2373 724 2466 761 σου
2488 744 2517 777 ,_
2563 709 2660 762 καὶ
2694 709 3103 781 κτισθήσονται,
3138 712 3233 766 καὶ
3266 713 3603 779 ἁνακαινιεῖς

2018 796 2081 849 τὸ
2131 797 2423 868 πρόσωπον
2453 800 2553 870 τῆς
2596 799 2723 869 γῆς.
2760 820 2779 854 ι
2822 802 3067 873 Ὀμοίως
3098 803 3157 857 δέ
3189 806 3286 859 καὶ
3316 804 3395 876 τῷ
3425 807 3604 861 εἰπεῖν

2017 886 2111 939 τὸν
2140 887 2273 941 Θεὸν
2306 890 2441 960 περὶ
2465 890 2560 944 τοῦ
2582 891 2756 964 Ἀδάμ
2776 932 2792 956 ,
2839 893 2920 947 ὅτι
2960 913 2979 946 ι
3018 895 3153 949 Ἰδοὺ
3183 895 3406 965 γέγονεν
3431 896 3606 968 Ἀδάμ

2018 979 2096 1042 ὡς
2134 974 2216 1045 εἷς
2258 980 2324 1046 ἐξ
2352 982 2565 1054 ήμῶν,›
2607 984 2852 1056 Πατέρα,
2884 986 3033 1053 Υίὺν,
3070 987 3166 1041 καὶ
3194 987 3352 1057 ἅγιον
3377 989 3605 1059 Πνεῦμα

2018 1070 2189 1138 δηλοῖ.
2240 1071 2574 1149 Ἀρίθμησον
2621 1074 2681 1128 δέ
2739 1078 2833 1129 καὶ
2875 1076 3074 1145 τοῦτο,
3123 1080 3218 1134 καὶ
3248 1080 3325 1134 ῐδε
3377 1080 3436 1134 τὸ
3462 1080 3604 1151 ὑπὲρ

2019 1160 2114 1217 τοῦ
2138 1163 2276 1218 Θεοῦ
2307 1167 2603 1238 εἰρημένον
2629 1168 2720 1223 διὰ
2740 1168 2835 1224 τοῦ
2859 1170 3025 1240 νόμου
3049 1170 3320 1240 λέγοντος
3345 1173 3603 1239 «Ἄκουε,

2020 1254 2262 1325 Ἰσραὴλ,
2302 1256 2509 1330 Κύριος
2542 1259 2570 1315 ὁ
2595 1258 2730 1323 Θεός
2758 1277 2874 1327 σου,
2900 1261 3106 1333 Κύριος
3130 1255 3215 1327 εἷς
3235 1263 3444 1318 ἐστιν.»
3472 1263 3607 1335 οὐχὶ

2021 1347 2257 1417 φανερὸν
2282 1348 2519 1420 ὑπάρχει
2549 1349 2640 1405 διὰ
2664 1352 2761 1422 τῆς
2787 1352 3153 1426 τρισαρίθμου
3178 1354 3378 1422 λέξεως
3398 1357 3607 1426 ταύτης

2019 1439 2101 1492 ὅτι
2133 1441 2165 1511 ή
2196 1441 2329 1508 ἁγία
2350 1442 2522 1513 τριάς
2558 1444 2692 1510 Θεὸς
2721 1440 2799 1510 εἷς
2827 1448 3019 1513 ἐστιν;
3049 1448 3175 1502 Ὅτι
3201 1447 3258 1502 δὲ
3290 1449 3483 1521 Πατὴρ
3511 1449 3608 1503 καὶ

2021 1531 2159 1595 Υἱὸς.
2193 1534 2289 1586 καὶ
2327 1535 2482 1603 ἅγιον
2523 1535 2750 1608 Πνεῦμα
2794 1538 2929 1602 Θεὸς
2962 1533 3047 1604 εἷς
3081 1541 3223 1605 ἐστι,
3250 1540 3345 1594 καὶ
3368 1539 3476 1596 ἀπὸ
3496 1539 3608 1594 τῶν

2022 1623 2300 1695 ῥηθέντων
2324 1627 2418 1680 καὶ
2438 1620 2513 1681 ὧν
2536 1627 2828 1700 ὀφείλομεν
2846 1630 3050 1699 λέγειν,
3073 1631 3258 1702 δῆλον.
3287 1632 3399 1688 Καὶ
3422 1633 3610 1687 ἐντεῦ-

2021 1716 2112 1769 θεν
2132 1718 2529 1791 καίπρόσσχες.
2572 1722 2811 1776 Ἐκεῖνον
2838 1723 2949 1795 γάρ
2985 1724 3262 1796 καλοῦμεν
3287 1724 3445 1792 Υίδν,
3472 1725 3608 1795 περὶ
3680 1741 3707 1747 ·

2019 1803 2081 1863 οὗ
2109 1811 2137 1863 ὁ
2164 1812 2451 1883 προφήτης
2478 1809 2623 1867 εἴπεο
2653 1834 2685 1879 ι,
2710 1813 2802 1886 Τῷ
2867 1811 3014 1893 λόγῳ
3047 1816 3255 1888 Κυρίου
3294 1818 3345 1871 οἱ
3381 1816 3608 1888 οὐρανοὶ

2019 1902 2453 1973 ἐστερεώθησαν.
2493 1925 2513 1958 ι
2549 1906 2646 1971 Et;
2672 1907 2719 1960 »ὃ
2774 1906 2831 1961 δὲ
2871 1907 3107 1978 λέγομεν
3145 1908 3373 1980 Πνεῦμα
3414 1908 3606 1979 ᾶγιονς

2026 2013 2045 2046 ι
2074 1996 2186 2051 Kal
2217 1993 2297 2066 τῷ
2331 1996 2613 2068 Πνεῦματι
2633 1997 2729 2052 τοῦ
2767 1999 3042 2070 στόματος
3070 2000 3239 2055 αὐτοῦ
3273 2004 3426 2057 πάσα
3453 2004 3487 2075 ή
3514 2002 3609 2056 δύ·-

2019 2103 2181 2156 ναμις
2206 2087 2407 2142 αὑτῶψ
2452 2107 2472 2141 ι
2505 2087 2651 2143 οὕτω
2677 2090 2787 2160 γάρ
2817 2093 2978 2161 ἡμεῖς
3018 2094 3077 2146 ἐν
3106 2093 3298 2164 Τριάδι
3326 2092 3462 2147 Θεὸν
3507 2092 3608 2147 ἕνα

2021 2174 2272 2248 σέϐομεν.
2311 2181 2445 2234 Εἰπὲ
2465 2179 2522 2237 δὲ
2553 2181 2640 2245 σὺ,
2669 2175 2715 2235 ὦ
2751 2182 2993 2250 Ἰουδαῖε,
3023 2184 3163 2255 πρὸς
3187 2185 3308 2239 τίνα
3343 2187 3375 2255 ή
3414 2184 3610 2263 Γρᾳφὴ

2021 2269 2174 2339 ὑμῶν
2204 2269 2375 2338 λέγει,
2422 2271 2503 2325 ὅτι
2544 2290 2564 2324 ι
2584 2272 2786 2344 Κύριος
2817 2268 2940 2327 εἶπε
2971 2276 3106 2347 πρός
3140 2293 3206 2346 με
3225 2292 3238 2305 ·
3272 2276 3398 2340 Υἱός
3426 2294 3526 2347 μου
3555 2272 3612 2329 εἰ

2020 2361 2108 2426 σὺ,
2136 2360 2249 2431 ἐγὼ
2273 2363 2518 2434 σήμερον
2551 2364 2867 2432 γεγέννηκά
2896 2383 2956 2419 σε
2983 2383 2997 2433 ;
3043 2386 3063 2419 ›
3099 2368 3207 2421 Kal
3237 2369 3283 2425 ei
3320 2368 3419 2437 μὲν
3451 2366 3606 2439 εἴπῃ,

2019 2454 2103 2506 ὅτι
2150 2455 2281 2524 περὶ
2328 2454 2681 2528 Σολομῶντος
2714 2456 2865 2526 λέγει
2907 2459 2936 2512 ὁ
2983 2458 3218 2530 ψαλμὸς,
3252 2459 3372 2513 εἰπὲ
3425 2459 3605 2529 αὐτῷ’

2021 2548 2132 2601 Kal
2167 2548 2333 2601 πόσον
2362 2548 2530 2621 μέρος
2555 2551 2653 2605 τοῦ
2678 2551 2887 2622 κόσμου
2918 2551 3239 2622 ἐκυρίευσεν
3264 2555 3292 2606 ό
3321 2552 3607 2623 Σολομῶν;

2021 2639 2279 2708 Δήλονότι
2307 2640 2430 2695 οὐδὲ
2460 2641 2523 2694 τὺ
2558 2634 2757 2713 ἥμισυ,
2793 2643 2917 2697 οὐδὲ
2945 2641 3006 2697 τὸ
3029 2643 3219 2717 τρίτον
3246 2644 3342 2698 τοῦ
3370 2645 3604 2716 κόσμου,

2019 2728 2134 2782 ἀλλ’
2179 2729 2213 2799 ἢ
2248 2732 2409 2799 μόνον
2442 2730 2542 2802 τὴν
2587 2729 2868 2787 Ἰουδαίαν.
2900 2732 3017 2786 Kal
3048 2732 3281 2787 ἄκουσον
3317 2733 3609 2803 νουνεχῶς,

2018 2814 2064 2873 ὧ
2109 2820 2355 2885 Ἰουδαῖε,
2388 2822 2483 2877 καὶ
2514 2821 2656 2894 μάθε
2682 2824 2765 2877 ὅτι
2795 2822 3041 2895 περὶτοῦ
3068 2825 3308 2897 Χριστοῦ
3338 2829 3367 2880 ό
3392 2826 3612 2897 ψαλμὶις

2019 2912 2189 2981 λέγει,
2223 2914 2318 2968 καὶ
2362 2915 2484 2985 οὐχὶ
2507 2915 2636 2986 περὶ
2664 2916 3035 2987 Σολομῶντος.
3068 2917 3232 2986 Λέγει
3268 2918 3395 2988 γάρ·
3433 2937 3452 2970 ι
3491 2918 3611 2973 K6-

2021 3022 2136 3077 ριος
2174 3004 2295 3060 εἷπε
2351 3002 2490 3078 πρός
2532 3025 2600 3079 με
2616 3025 2635 3057 .·
2687 3009 2815 3074 Υἱός
2846 3027 2961 3079 μου
2994 3005 3046 3063 εἷ
3096 3011 3183 3074 σὺ,
3222 3010 3334 3079 ἐγὼ
3368 3014 3615 3083 σήμερον

327 3098 530 3157 Fasces
564 3115 662 3155 eos
699 3100 757 3155 in
792 3101 950 3172 virga
991 3102 1170 3160 ferrea
1192 3145 1207 3170 ,
1242 3105 1397 3161 velut
1430 3121 1556 3165 vasa
1590 3106 1741 3178 ﬁguli
1779 3123 1914 3162 con-

2025 3098 2329 3169 γεγέννηκά
2342 3116 2430 3151 σε*
2460 3098 2685 3175 αττησαι
2718 3102 2851 3171 παρ’
2878 3100 3037 3171 ἐμοῦ,
3064 3101 3161 3155 καὶ
3186 3102 3344 3155 δώσω
3372 3118 3452 3155 σοι
3479 3101 3611 3177 ἔθνη

332 3204 481 3250 teres
532 3207 629 3248 eos
655 3192 721 3250 ⁸⁷.
752 3192 914 3249 »Ιιιω
954 3210 1099 3263 vero
1138 3211 1265 3251 cum
1318 3205 1535 3253 certum
1576 3207 1743 3268 atque
1763 3209 1918 3271 extra

330 3304 553 3343 onmem
569 3286 940 3344 dubitationis
961 3291 1136 3346 aleam
1162 3292 1401 3360 positum
1430 3291 1525 3357 sit,
1546 3291 1916 3357 Salomonem,

332 3385 413 3439 uti
441 3382 703 3447 diximus,
738 3398 922 3453 neque
948 3383 1262 3448 dimidiam,
1299 3380 1730 3454 neque'tertiam
1754 3396 1919 3441 terra:

330 3485 570 3544 partem,
604 3475 703 3531 sed
744 3476 919 3532 solam
979 3483 1186 3533 terram
1230 3476 1517 3533 Judaicam
1558 3478 1916 3548 gubernasse,

331 3583 444 3635 ulto
473 3577 745 3637 tempore,
770 3582 979 3637 quaeso,
1020 3582 1054 3622 ο
1082 3566 1290 3633 Jndme,
1324 3567 1461 3622 lines
1487 3577 1649 3624 terrae
1676 3568 1920 3639 possedit

332 3658 594 3714 Salonio?
615 3658 849 3725 Quando
872 3659 1025 3729 pavit
1048 3674 1148 3715 eos
1174 3660 1233 3715 in
1268 3661 1416 3731 virga
1437 3660 1661 3717 ferrea?
1684 3660 1919 3727 Quando

332 3752 488 3806 velut
518 3767 648 3808 vasa
691 3751 842 3824 ﬁguli
888 3752 1152 3810 contrivit
1190 3753 1382 3811 hostes
1419 3769 1553 3811 suos
1569 3753 1918 3823 lNunqnam

332 3860 583 3901 omnino.
740 3876 749 3883 ·

407 4125 486 4180 Ad
515 4125 689 4183 Judzei
721 4134 905 4181 autem
940 4126 1307 4203 objectionem
1342 4138 1373 4182 ε’
1393 4130 1447 4184 Si
1479 4129 1651 4186 Filius
1677 4142 1762 4187 est
1798 4133 1918 4198 Dei,

335 4223 416 4272 nti
452 4218 724 4283 asseritis,
756 4220 1037 4289 quomodo
1066 4222 1270 4277 dixerit
1310 4223 1455 4278 Deus
1486 4223 1642 4292 quasi
1686 4225 1756 4279 ad
1797 4241 1922 4281 ser-

333 4329 464 4367 vum
499 4332 514 4369 :
557 4332 575 4365 ι
611 4314 744 4370 Pete
795 4330 826 4368 a
875 4330 998 4377 me.
1043 4324 1103 4370 et
1146 4315 1293 4370 dabo
1343 4315 1482 4371 tibi?
1514 4335 1531 4369 ι
1585 4326 1643 4372 et
1673 4333 1918 4377 rursus:

340 4423 358 4454 ι
401 4406 511 4475 Ego
539 4403 707 4461 hodie
740 4415 793 4461 te
818 4406 1022 4477 genui?
1046 4427 1066 4458 ι
1108 4407 1368 4461 similiter
1401 4407 1560 4477 quasi
1600 4408 1669 4464 ad
1696 4425 1918 4466 servum

332 4498 429 4567 qui
463 4506 612 4566 petat
641 4508 808 4567 atque
840 4497 1102 4566 accipiat,
1147 4507 1208 4552 et
1235 4498 1306 4553 de
1337 4498 1611 4556 hodierno
1639 4501 1752 4567 die,
1793 4518 1919 4558 cum

334 4592 484 4645 dicat
511 4608 523 4644 :
561 4608 578 4639 ι
611 4590 726 4660 Ego
756 4590 925 4645 hodie
954 4598 1007 4644 te
1031 4589 1230 4660 genui;
1268 4610 1284 4642 ι
1318 4607 1416 4646 vos
1440 4592 1741 4651 Christiani
1768 4595 1917 4651 enim

333 4687 464 4731 ante
504 4677 772 4731 mundum
826 4677 1054 4732 omnino
1103 4694 1233 4733 eum
1275 4692 1468 4736 natum
1512 4699 1635 4739 esse
1687 4684 1916 4743 dicitis:

335 4765 406 4819 ad
446 4764 610 4828 hanc,
641 4765 890 4834 inquam,
917 4764 1289 4836 objectionem
1321 4768 1372 4824 ei
1406 4770 1487 4825 sic
1516 4773 1916 4842 reSpondebis:

337 4859 413 4911 lle
443 4872 511 4913 eo
539 4856 690 4927 quod
720 4857 884 4913 Pater
913 4857 983 4914 ad
1014 4857 1215 4916 Filium
1243 4860 1450 4919 dixerit
1477 4881 1491 4917 :
1531 4882 1550 4916 ι
1590 4865 1722 4922 Pete
1749 4882 1781 4922 a
1808 4882 1920 4934 me,

334 4965 392 5005 et
425 4950 569 5008 dabo
609 4952 733 5018 tibi,
776 4971 795 5006 ι
827 4953 944 5008 noli
974 4953 1203 5011 oﬂ'endi.
1243 4954 1398 5027 Saepe
1452 4958 1603 5014 enim
1642 4976 1740 5015 rex
1779 4977 1923 5031 quo-

334 5061 469 5113 que,
502 5044 674 5100 animi
703 5044 1095 5103 benevolentia
1123 5047 1348 5115 ductus,
1392 5051 1459 5105 ad
1503 5051 1679 5107 tilium
1727 5052 1867 5109 dicit
1902 5072 1916 5108 :

334 5135 489 5207 Roga
537 5151 652 5201 me,
702 5143 760 5192 et
810 5137 1113 5196 concedam
1159 5138 1262 5194 tibi
1311 5140 1586 5212 quidquid
1653 5143 1919 5201 volueris.

334 5228 494 5295 Quod
530 5238 717 5285 autem
764 5229 982 5287 addidit
1013 5249 1026 5285 :
1066 5249 1083 5281 ι
1118 5231 1233 5301 Ego
1264 5231 1432 5288 hodie
1470 5243 1523 5289 te
1570 5236 1761 5307 genui,
1806 5256 1826 5285 ι
1866 5237 1921 5291 id

335 5322 404 5376 de
434 5322 796 5390 generatione
825 5323 950 5393 ejus
976 5323 1288 5379 secundum
1327 5340 1553 5382 carnem
1602 5327 1921 5399 intelligen-

334 5412 467 5467 dum
490 5428 596 5477 est,
628 5415 905 5485 siquidem
934 5417 1116 5472 Patris
1143 5418 1485 5489 benignitate
1508 5435 1539 5474 e
1572 5428 1760 5476 sancta
1795 5421 1925 5477 Dei-

331 5517 547 5575 μοι-εει
576 5523 795 5578 semper
827 5509 1043 5580 virgine
1086 5509 1255 5565 Maria
1301 5520 1467 5566 natus
1493 5519 1597 5567 est.
1643 5512 1723 5567 Ad
1754 5529 1919 5583 quem

408 5689 450 5719 ¹⁰
482 5687 585 5747 Job
611 5705 798 5756 nun,
828 5691 881 5745 4.

338 5774 403 5820 ιι,
431 5760 481 5811 '.’.
560 5759 602 5788 ¹⁷
642 5758 776 5813 ibid.
810 5760 869 5827 8,
897 5762 950 5812 9.

962 5691 998 5718 "
1030 5690 1171 5744 Psal.
1198 5706 1285 5747 cut
1313 5732 1327 5757 ,
1353 5692 1439 5746 50.
1520 5694 1559 5725 “
1592 5693 1729 5749 Gen.
1764 5710 1839 5760 ιιι,
1874 5694 1964 5748 2:2.

2024 3192 2125 3261 τὴν
2166 3191 2534 3262 κληρονομίαν
2583 3209 2699 3260 σου,
2743 3194 2839 3247 καὶ
2890 3193 2988 3265 τὴν
3032 3193 3363 3264 κατάσχεσιν
3413 3210 3513 3247 σου
3540 3192 3614 3247 τά

2028 3286 2243 3357 πέρατα
2270 3287 2370 3356 τῆς
2395 3286 2520 3358 γῆς·
2557 3289 2845 3358 ποιμανεῖς
2873 3288 3073 3353 αὐτοὺς
3098 3290 3158 3341 ἐν
3190 3288 3371 3359 ῥάϐδῳ
3389 3289 3610 3361 σιδηρᾷ,

2025 3378 2102 3441 ὡς
2128 3378 2300 3449 σκεύη
2336 3380 2628 3450 κεραμέως
2669 3380 2980 3451 συντρίψεις
3030 3380 3251 3444 αὐτούς.
3289 3400 3307 3431 ι
3346 3381 3484 3434 Εἰπέ
3518 3398 3612 3451 μοι

2026 3466 2119 3524 οῦν
2156 3470 2220 3524 σὺ
2254 3470 2408 3543 ἄρτι,
2453 3471 2697 3538 Ἰουδαῖε,
2734 3473 2954 3536 πάντως
2982 3472 3139 3545 δῆλον
3182 3473 3275 3527 καὶ
3311 3471 3612 3542 ὁμολογού-

2030 3563 2190 3633 μενόν
2220 3565 2391 3628 ἐστιν,
2424 3565 2501 3627 ὡς
2534 3546 2785 3634 εἴπομεν,
2812 3566 2895 3618 ὅτι
2944 3566 3113 3636 ἥμισυ
3147 3567 3249 3638 τῆς
3296 3566 3401 3635 γῆς
3450 3565 3612 3618 Σολο-

2030 3654 2147 3724 μῶν
2172 3656 2233 3708 οὐ
2276 3655 2562 3726 κατέσχεν,
2592 3656 2714 3710 οὐδὲ
2763 3654 2823 3710 τὸ
2869 3656 3075 3726 τρίτον,
3109 3656 3268 3719 ἐκτὸς
3313 3660 3407 3709 καὶ
3449 3656 3613 3725 μόνον

2025 3745 2127 3815 τὴν
2174 3743 2433 3800 Ἰουδαίαν
2464 3746 2588 3817 γῆν.
2621 3747 2844 3813 Λοιπὸν,
2888 3747 3019 3800 πότε
3067 3746 3335 3817 κατέσχεν
3375 3749 3405 3803 ὁ
3452 3747 3614 3800 Σολοο

2031 3837 2149 3907 μῶν
2176 3836 2247 3891 τά
2277 3838 2488 3909 πέρατα
2517 3837 2787 3909 τῆς.γῆς;
2821 3838 2960 3892 Πότε
2992 3839 3051 3893 δὲ
3090 3840 3387 3911 ὲποίμανεν
3412 3841 3614 3904 αὐτοὺς

2027 3930 2085 3982 ἐν
2115 3929 2298 4000 ῥάϐδῳ
2329 3929 2527 4001 σιδηρᾷ
2553 3947 2569 3995 ;
2606 3929 2747 3983 Πότε
2779 3928 2838 3984 δὲ
2865 3931 2940 3997 ὡς
2966 3929 3134 4002 σκεύη
3167 3930 3457 4002 κεραμέως
3490 3948 3614 3986 συν-

2028 4019 2217 4090 έτριψε
2259 4022 2385 4085 τοὺς
2415 4021 2644 4093 ἐχθροὺς
2677 4020 2842 4075 αὑτοῦ
2868 4022 2901 4090 ;’
2928 4022 3152 4087 Πάντως
3184 4022 3466 4078 οὐδέποτε.

2098 4137 2161 4191 Εἰ
2189 4136 2246 4189 δὲ
2284 4135 2412 4207 είπῃ
2448 4138 2476 4189 ὁ
2512 4137 2784 4201 Ἰουδαῖος·
2818 4138 2881 4190 Εἰ
2916 4137 3043 4201 Υἱός
3073 4139 3188 4191 ἐστι
3218 4137 3312 4192 τοῦ
3341 4137 3499 4204 Θεοῦ,
3536 4138 3612 4202 ὡς

2028 4226 2238 4296 λέγετε,
2273 4226 2390 4290 πῶς
2418 4222 2572 4280 εἶπεν
2602 4229 2631 4281 ό
2658 4227 2892 4293 Θεὸς-ὡς
2921 4229 3059 4300 πρὸς
3080 4228 3287 4283 δοῦλον·
3325 4251 3342 4281 ι
3376 4231 3609 4301 Αἶτησαι

2029 4320 2163 4391 παρ’
2186 4316 2353 4390 ἐμοῦ,
2375 4320 2470 4373 καὶ
2516 4318 2675 4372 δώσω
2713 4336 2830 4386 σοι;
2866 4339 2884 4372 ι
2918 4321 3015 4373 καὶ
3046 4320 3228 4374 πάλιν·
3263 4339 3282 4373 ι
3329 4321 3471 4389 Ἐγὼ
3513 4323 3607 4391 σή-

2033 4424 2198 4480 μερον
2224 4408 2534 4478 γεγέννηκά
2557 4424 2648 4475 σε;
2691 4426 2711 4459 ι
2756 4408 2897 4478 τάχα
2931 4409 3007 4471 ὡς
3029 4408 3168 4479 πρὸς
3193 4407 3401 4473 δοῦλον,
3432 4408 3521 4462 διὰ
3553 4411 3611 4462 τὸ

1947 4479 2199 4551 Παίτεῖν
2237 4499 2333 4552 καὶ
2377 4495 2701 4567 λαμϐάνειν
2745 4499 2847 4551 καὶ
2882 4496 2959 4560 ὡς
3007 4498 3284 4568 ἐφήμερον
3311 4540 3324 4559 ,
3387 4498 3476 4551 διὰ
3525 4499 3606 4561 τὸ,

2033 4610 2051 4642 ι
2108 4588 2249 4659 Ἐγὼ
2286 4590 2538 4662 σήμερον.
2568 4589 2877 4661 γεγέννηκά
2907 4607 2965 4642 σε
2986 4606 3001 4620 ο
3038 4608 3056 4639 ι
3095 4590 3190 4643 καὶ
3227 4590 3337 4661 γὰρ
3374 4590 3533 4659 ὑμεῖς
3559 4590 3607 4642 oi

2027 4681 2348 4752 Χριστιανοὶ
2381 4681 2487 4752 πρὸ
2521 4679 2614 4733 τοῦ
2649 4678 2858 4748 κόσμου
2892 4679 3014 4732 ὅλου
3045 4679 3234 4746 λέγετε
3257 4680 3348 4732 ’ὃτι
3380 4679 3607 4749 ἐγεννή-

2029 4775 2116 4846 θη·
2150 4774 2273 4828 είπέ
2329 4774 2478 4844 αὐτῷ
2507 4774 2699 4837 οὕτως·
2744 4774 2880 4844 Περὶ
2900 4772 3024 4826 -τοῦ
3071 4774 3247 4827 εἰπεῖν
3274 4772 3365 4825 τὸν
3392 4772 3609 4842 Πατέρα

2028 4866 2166 4937 πρὸς
2199 4867 2290 4920 τὸν
2308 4867 2471 4929 Ὺίὺν,
2506 4867 2585 4919 ὅτι
2623 4885 2642 4916 ι
2691 4865 2924 4934 Λῖτησαι
2976 4867 3105 4938 παρ’
3141 4864 3298 4936 ἐμοῦ,
3330 4865 3433 4919 καὶ.
3453 4864 3610 4919 δώσω

2028 4975 2133 5025 σοι,
2173 4978 2191 5012 ι
2225 4957 2300 5030 μὴ
2327 4957 2701 5023 σκανδαλίζου’
2736 4958 2907 5011 πολλὰ
2934 4958 3043 5026 γὰρ
3069 4958 3165 5010 καὶ
3194 4956 3447 5026 βασιλεὺς
3475 4958 3610 5029 πρὸς

2024 5052 2115 5105 τὸν
2143 5051 2311 5105 αὑτοῦ
2369 5053 2484 5105 υἱὸν
2513 5051 2665 5119 λέγει
2719 5051 2828 5104 άπὸ
2862 5050 3066 5121 πολλῆς
3097 5051 3343 5121 ἀγάπης·
3378 5049 3611 5120 Δίτησαί

2030 5161 2140 5214 μοι,
2172 5145 2267 5197 καὶ
2292 5144 2518 5214 παρέχω
2542 5161 2625 5197 σοι
2651 5145 2705 5197 εἰ
2732 5163 2785 5196 τι
2812 5144 3008 5209 Θέλεις.
3033 5146 3143 5199 Kal
3174 5145 3490 5217 πάλιν-περὶ
3518 5143 3610 5198 τοῦ

2027 5239 2223 5302 εἰπεῖν,
2281 5254 2299 5286 ι
2345 5236 2487 5305 Ἐγὼ
2520 5238 2763 5307 σήμερον
2801 5236 3113 5306 γεγέννηκά
3160 5253 3241 5300 σε,
3283 5256 3303 5289 ι
3359 5236 3611 5307 περὶτῆς

2025 5327 2170 5382 κατὰ
2226 5327 2408 5396 σάρκα
2463 5329 2771 5396 γεννήσεως
2815 5327 2979 5380 αὑτοῦ
3023 5327 3210 5395 λέγει’
3255 5326 3478 5397 εὐδοκία
3505 5326 3612 5396 γάρ

2024 5420 2119 5474 τοῦ
2151 5420 2386 5491 Πατρδς,
2416 5418 2614 5489 ἐτέχθη
2646 5420 2709 5472 ἔκ
2734 5419 2835 5489 τῆς
2862 5419 3026 5486 ἁγίας
3049 5419 3316 5473 Θεοτόκου
3341 5419 3439 5473 καὶ
3473 5418 3613 5470 Ἀει-

2025 5513 2297 5584 παρθένου
2328 5512 2571 5584 Μαρίας.
2616 5511 2738 5564 Τίνι
2763 5512 2873 5583 γάρ
2897 5507 3018 5564 εἶπέ
3049 5527 3180 5564 ποτε
3204 5510 3311 5564 τῶν
3335 5509 3610 5580 ἀγγέλων,

2047 5696 2089 5725 ¹³
2114 5694 2274 5748 Deut.
2306 5710 2377 5759 γι,
2416 5694 2459 5747 l.
2543 5692 2743 5748 “Psal.
2781 5707 2950 5757 xxx",
2982 5691 3033 5746 6.
3116 5690 3317 5747 "ibid.
3400 5692 3443 5723 “
3468 5689 3606 5747 l’sal.
