  <div class='ocr_page' id='page_1' title='image "/cluster/home/n/w/nwhite01/storage/ocr_20150623/89/mdp.39015008868328/632.png"; bbox 0 0 3988 6142; ppageno 0'>
   <div class='ocr_carea' id='block_1_1' title="bbox 421 463 1787 543">
    <p class='ocr_par' dir='ltr' id='par_1_1' title="bbox 421 463 1787 543">
     <span class='ocr_line' id='line_1_1' title="bbox 421 463 1787 543; baseline 0 -20"><span class='ocrx_word' id='word_1_1' title='bbox 421 490 439 522; x_wconf 81' lang='grc' dir='ltr'><strong>ι</strong></span> <span class='ocrx_word' id='word_1_2' title='bbox 486 470 740 542; x_wconf 71' lang='grc' dir='ltr'>Υἱός-μου</span> <span class='ocrx_word' id='word_1_3' title='bbox 769 463 823 523; x_wconf 64' lang='lat' dir='ltr'><strong>et</strong></span> <span class='ocrx_word' id='word_1_4' title='bbox 853 468 943 536; x_wconf 74' lang='lat' dir='ltr'><strong>ab,</strong></span> <span class='ocrx_word' id='word_1_5' title='bbox 973 469 1085 540; x_wconf 66' lang='grc' dir='ltr'><strong>ἐγὼ</strong></span> <span class='ocrx_word' id='word_1_6' title='bbox 1107 468 1350 543; x_wconf 80' lang='grc' dir='ltr'><strong>σήμερον</strong></span> <span class='ocrx_word' id='word_1_7' title='bbox 1378 470 1686 541; x_wconf 78' lang='grc' dir='ltr'><strong>γεγέννηκά</strong></span> <span class='ocrx_word' id='word_1_8' title='bbox 1727 486 1787 523; x_wconf 83' lang='grc' dir='ltr'><strong>σε</strong></span> 
     </span>
    </p>
   </div>
   <div class='ocr_carea' id='block_1_2' title="bbox 419 561 1991 634">
    <p class='ocr_par' dir='ltr' id='par_1_2' title="bbox 419 561 1991 634">
     <span class='ocr_line' id='line_1_2' title="bbox 419 561 1991 634; baseline -0.001 -19"><span class='ocrx_word' id='word_1_9' title='bbox 419 584 441 615; x_wconf 71' lang='grc' dir='ltr'><strong>ι</strong></span> <span class='ocrx_word' id='word_1_10' title='bbox 452 562 586 631; x_wconf 73' lang='grc' dir='ltr'>Οὐχὶ</span> <span class='ocrx_word' id='word_1_11' title='bbox 602 561 809 631; x_wconf 83' lang='grc' dir='ltr'>πάντες</span> <span class='ocrx_word' id='word_1_12' title='bbox 827 562 934 616; x_wconf 68' lang='lat' dir='ltr'><strong>elei</strong></span> <span class='ocrx_word' id='word_1_13' title='bbox 959 561 1307 634; x_wconf 82' lang='grc' dir='ltr'>λειτουργικὰ</span> <span class='ocrx_word' id='word_1_14' title='bbox 1330 561 1613 633; x_wconf 83' lang='grc' dir='ltr'>πνεύματα</span> <span class='ocrx_word' id='word_1_15' title='bbox 1627 564 1703 625; x_wconf 80' lang='grc' dir='ltr'>εἰς</span> <span class='ocrx_word' id='word_1_16' title='bbox 1718 561 1991 615; x_wconf 75' lang='grc' dir='ltr'><strong>διακονίαν</strong></span> 
     </span>
    </p>
   </div>
   <div class='ocr_carea' id='block_1_3' title="bbox 415 652 1992 725">
    <p class='ocr_par' dir='ltr' id='par_1_3' title="bbox 415 652 1992 725">
     <span class='ocr_line' id='line_1_3' title="bbox 415 652 1992 725; baseline 0 -18"><span class='ocrx_word' id='word_1_17' title='bbox 415 652 856 723; x_wconf 78' lang='grc' dir='ltr'><strong>ἀποστελλόμενα</strong></span> <span class='ocrx_word' id='word_1_18' title='bbox 875 671 925 723; x_wconf 73' lang='grc'><strong>;»</strong></span> <span class='ocrx_word' id='word_1_19' title='bbox 960 655 1072 708; x_wconf 76' lang='grc' dir='ltr'><strong>Καὶ</strong></span> <span class='ocrx_word' id='word_1_20' title='bbox 1092 654 1255 708; x_wconf 88' lang='grc' dir='ltr'>πάλιν</span> <span class='ocrx_word' id='word_1_21' title='bbox 1284 654 1541 725; x_wconf 75' lang='grc' dir='ltr'>ὁλλαχοῦο</span> <span class='ocrx_word' id='word_1_22' title='bbox 1578 672 1598 705; x_wconf 76' lang='grc' dir='ltr'><strong>ι</strong></span> <span class='ocrx_word' id='word_1_23' title='bbox 1624 654 1764 722; x_wconf 87' lang='grc' dir='ltr'><strong>Ἐγὼ</strong></span> <span class='ocrx_word' id='word_1_24' title='bbox 1797 653 1992 722; x_wconf 74' lang='grc' dir='ltr'>ἔσομαι</span> 
     </span>
    </p>
   </div>
   <div class='ocr_carea' id='block_1_4' title="bbox 417 746 1994 817">
    <p class='ocr_par' dir='ltr' id='par_1_4' title="bbox 417 746 1994 817">
     <span class='ocr_line' id='line_1_4' title="bbox 417 746 1994 817; baseline 0 -18"><span class='ocrx_word' id='word_1_25' title='bbox 417 746 497 808; x_wconf 79' lang='grc' dir='ltr'><strong>είς</strong></span> <span class='ocrx_word' id='word_1_26' title='bbox 527 746 769 817; x_wconf 77' lang='grc' dir='ltr'>Πατέρα,</span> <span class='ocrx_word' id='word_1_27' title='bbox 805 747 899 800; x_wconf 79' lang='grc' dir='ltr'>καὶ</span> <span class='ocrx_word' id='word_1_28' title='bbox 930 747 1091 811; x_wconf 83' lang='grc' dir='ltr'>αὐτὸς</span> <span class='ocrx_word' id='word_1_29' title='bbox 1120 748 1270 800; x_wconf 74' lang='grc' dir='ltr'>ἔσται</span> <span class='ocrx_word' id='word_1_30' title='bbox 1298 764 1390 816; x_wconf 86' lang='grc' dir='ltr'><strong>μοι</strong></span> <span class='ocrx_word' id='word_1_31' title='bbox 1443 747 1525 810; x_wconf 78' lang='grc' dir='ltr'>εἰς</span> <span class='ocrx_word' id='word_1_32' title='bbox 1562 746 1707 801; x_wconf 82' lang='grc' dir='ltr'>Υἱόν.</span> <span class='ocrx_word' id='word_1_33' title='bbox 1759 765 1778 798; x_wconf 72' lang='grc' dir='ltr'><strong>ι</strong></span> <span class='ocrx_word' id='word_1_34' title='bbox 1809 746 1994 799; x_wconf 84' lang='grc' dir='ltr'>Ταῦτα</span> 
     </span>
    </p>
   </div>
   <div class='ocr_carea' id='block_1_5' title="bbox 418 835 1991 911">
    <p class='ocr_par' dir='ltr' id='par_1_5' title="bbox 418 835 1991 911">
     <span class='ocr_line' id='line_1_5' title="bbox 418 835 1991 911; baseline -0.001 -20"><span class='ocrx_word' id='word_1_35' title='bbox 418 838 529 908; x_wconf 79' lang='grc' dir='ltr'><strong>γάρ</strong></span> <span class='ocrx_word' id='word_1_36' title='bbox 556 840 700 893; x_wconf 81' lang='grc' dir='ltr'>κατὰ</span> <span class='ocrx_word' id='word_1_37' title='bbox 750 839 811 892; x_wconf 78' lang='grc' dir='ltr'>τὸ</span> <span class='ocrx_word' id='word_1_38' title='bbox 840 838 1181 911; x_wconf 83' lang='grc' dir='ltr'>ἀνθρώπινον</span> <span class='ocrx_word' id='word_1_39' title='bbox 1238 839 1333 894; x_wconf 79' lang='grc' dir='ltr'>καὶ</span> <span class='ocrx_word' id='word_1_40' title='bbox 1380 840 1481 911; x_wconf 83' lang='grc' dir='ltr'><strong>τὴν</strong></span> <span class='ocrx_word' id='word_1_41' title='bbox 1524 838 1791 909; x_wconf 75' lang='grc' dir='ltr'>ἔνσαρκον</span> <span class='ocrx_word' id='word_1_42' title='bbox 1826 835 1991 891; x_wconf 80' lang='grc' dir='ltr'>αὐτοῦ</span> 
     </span>
    </p>
   </div>
   <div class='ocr_carea' id='block_1_6' title="bbox 422 929 1993 1003">
    <p class='ocr_par' dir='ltr' id='par_1_6' title="bbox 422 929 1993 1003">
     <span class='ocr_line' id='line_1_6' title="bbox 422 929 1993 1003; baseline 0.001 -22"><span class='ocrx_word' id='word_1_43' title='bbox 422 929 735 1000; x_wconf 76' lang='grc' dir='ltr'><strong>οἰκονομίαν</strong></span> <span class='ocrx_word' id='word_1_44' title='bbox 774 930 1015 1003; x_wconf 77' lang='grc' dir='ltr'>εἴρηκεν,</span> <span class='ocrx_word' id='word_1_45' title='bbox 1045 932 1106 985; x_wconf 82' lang='grc' dir='ltr'>οὑ</span> <span class='ocrx_word' id='word_1_46' title='bbox 1144 931 1243 1003; x_wconf 80' lang='grc' dir='ltr'>τὴν</span> <span class='ocrx_word' id='word_1_47' title='bbox 1289 931 1512 985; x_wconf 84' lang='grc' dir='ltr'>αἰώνιον</span> <span class='ocrx_word' id='word_1_48' title='bbox 1542 929 1798 1000; x_wconf 80' lang='grc' dir='ltr'>γέννησιν</span> <span class='ocrx_word' id='word_1_49' title='bbox 1823 929 1993 999; x_wconf 80' lang='grc' dir='ltr'>δηλοῖ,</span> 
     </span>
    </p>
   </div>
   <div class='ocr_carea' id='block_1_7' title="bbox 428 1019 1995 1093">
    <p class='ocr_par' dir='ltr' id='par_1_7' title="bbox 428 1019 1995 1093">
     <span class='ocr_line' id='line_1_7' title="bbox 428 1019 1995 1093; baseline -0.001 -20"><span class='ocrx_word' id='word_1_50' title='bbox 428 1019 563 1074; x_wconf 78' lang='grc' dir='ltr'>ἀλλὰ</span> <span class='ocrx_word' id='word_1_51' title='bbox 587 1022 685 1091; x_wconf 83' lang='grc' dir='ltr'>τὴν</span> <span class='ocrx_word' id='word_1_52' title='bbox 721 1022 829 1075; x_wconf 91' lang='grc' dir='ltr'><strong>τῶν</strong></span> <span class='ocrx_word' id='word_1_53' title='bbox 858 1022 1065 1093; x_wconf 83' lang='grc' dir='ltr'>χρόνων</span> <span class='ocrx_word' id='word_1_54' title='bbox 1098 1022 1555 1093; x_wconf 81' lang='grc' dir='ltr'>συνεζευγμένην.</span> <span class='ocrx_word' id='word_1_55' title='bbox 1599 1019 1661 1076; x_wconf 88' lang='lat' dir='ltr'><strong>&#39;O</strong></span> <span class='ocrx_word' id='word_1_56' title='bbox 1696 1021 1804 1092; x_wconf 74' lang='grc' dir='ltr'>γὰρ</span> <span class='ocrx_word' id='word_1_57' title='bbox 1834 1019 1995 1090; x_wconf 79' lang='grc' dir='ltr'>φύσει</span> 
     </span>
    </p>
   </div>
   <div class='ocr_carea' id='block_1_8' title="bbox 427 1110 1995 1184">
    <p class='ocr_par' dir='ltr' id='par_1_8' title="bbox 427 1110 1995 1184">
     <span class='ocr_line' id='line_1_8' title="bbox 427 1110 1995 1184; baseline -0.001 -21"><span class='ocrx_word' id='word_1_58' title='bbox 427 1110 555 1174; x_wconf 79' lang='grc' dir='ltr'><strong>Υἱὸς</strong></span> <span class='ocrx_word' id='word_1_59' title='bbox 586 1111 721 1164; x_wconf 82' lang='grc' dir='ltr'>Θεοῦ</span> <span class='ocrx_word' id='word_1_60' title='bbox 745 1112 937 1180; x_wconf 80' lang='grc' dir='ltr'>γέγονε</span> <span class='ocrx_word' id='word_1_61' title='bbox 971 1115 1063 1166; x_wconf 77' lang='grc' dir='ltr'>καὶ</span> <span class='ocrx_word' id='word_1_62' title='bbox 1098 1112 1258 1182; x_wconf 85' lang='grc' dir='ltr'>φύσει</span> <span class='ocrx_word' id='word_1_63' title='bbox 1294 1112 1580 1184; x_wconf 76' lang='grc' dir='ltr'>ἄνθρωπος</span> <span class='ocrx_word' id='word_1_64' title='bbox 1609 1111 1697 1165; x_wconf 85' lang='grc' dir='ltr'><strong>διὰ</strong></span> <span class='ocrx_word' id='word_1_65' title='bbox 1716 1111 1813 1182; x_wconf 83' lang='grc' dir='ltr'>τὴν</span> <span class='ocrx_word' id='word_1_66' title='bbox 1839 1110 1995 1181; x_wconf 82' lang='grc' dir='ltr'>ἡμῶν</span> 
     </span>
    </p>
   </div>
   <div class='ocr_carea' id='block_1_9' title="bbox 424 1198 1997 1272">
    <p class='ocr_par' dir='ltr' id='par_1_9' title="bbox 424 1198 1997 1272">
     <span class='ocr_line' id='line_1_9' title="bbox 424 1198 1997 1272; baseline 0.003 -23"><span class='ocrx_word' id='word_1_67' title='bbox 424 1198 718 1267; x_wconf 76' lang='grc' dir='ltr'><strong>σωτηρίαν,</strong></span> <span class='ocrx_word' id='word_1_68' title='bbox 757 1199 818 1251; x_wconf 83' lang='grc' dir='ltr'>οὐ</span> <span class='ocrx_word' id='word_1_69' title='bbox 854 1200 996 1253; x_wconf 83' lang='grc' dir='ltr'>κατὰ</span> <span class='ocrx_word' id='word_1_70' title='bbox 1020 1201 1183 1272; x_wconf 83' lang='grc' dir='ltr'>χάριν</span> <span class='ocrx_word' id='word_1_71' title='bbox 1211 1201 1371 1255; x_wconf 82' lang='grc' dir='ltr'>τοῦτο</span> <span class='ocrx_word' id='word_1_72' title='bbox 1404 1201 1694 1270; x_wconf 85' lang='grc' dir='ltr'>λαμϐάνων</span> <span class='ocrx_word' id='word_1_73' title='bbox 1731 1201 1867 1271; x_wconf 77' lang='grc' dir='ltr'>(ἔχει</span> <span class='ocrx_word' id='word_1_74' title='bbox 1888 1200 1997 1271; x_wconf 75' lang='grc' dir='ltr'><strong>γάρ</strong></span> 
     </span>
    </p>
   </div>
   <div class='ocr_carea' id='block_1_10' title="bbox 421 1290 1996 1363">
    <p class='ocr_par' dir='ltr' id='par_1_10' title="bbox 421 1290 1996 1363">
     <span class='ocr_line' id='line_1_10' title="bbox 421 1290 1996 1363; baseline -0.002 -16"><span class='ocrx_word' id='word_1_75' title='bbox 421 1291 557 1347; x_wconf 73' lang='grc' dir='ltr'>αὐτὸ</span> <span class='ocrx_word' id='word_1_76' title='bbox 580 1291 720 1346; x_wconf 81' lang='grc' dir='ltr'>κατὰ</span> <span class='ocrx_word' id='word_1_77' title='bbox 748 1290 927 1361; x_wconf 67' lang='grc' dir='ltr'>φύσιν*</span> <span class='ocrx_word' id='word_1_78' title='bbox 958 1294 1053 1346; x_wconf 75' lang='grc' dir='ltr'>καὶ</span> <span class='ocrx_word' id='word_1_79' title='bbox 1088 1293 1358 1363; x_wconf 86' lang='grc' dir='ltr'>λαμϐάνει</span> <span class='ocrx_word' id='word_1_80' title='bbox 1386 1292 1544 1346; x_wconf 82' lang='grc' dir='ltr'>τοῦτο</span> <span class='ocrx_word' id='word_1_81' title='bbox 1595 1291 1758 1346; x_wconf 87' lang='grc' dir='ltr'>πάλιν</span> <span class='ocrx_word' id='word_1_82' title='bbox 1787 1290 1861 1355; x_wconf 84' lang='grc' dir='ltr'><strong>ὡς</strong></span> <span class='ocrx_word' id='word_1_83' title='bbox 1897 1292 1996 1345; x_wconf 82' lang='grc' dir='ltr'>άν-</span> 
     </span>
    </p>
   </div>
   <div class='ocr_carea' id='block_1_11' title="bbox 424 1376 1996 1452">
    <p class='ocr_par' dir='ltr' id='par_1_11' title="bbox 424 1376 1996 1452">
     <span class='ocr_line' id='line_1_11' title="bbox 424 1376 1996 1452; baseline -0.001 -19"><span class='ocrx_word' id='word_1_84' title='bbox 424 1381 665 1452; x_wconf 78' lang='grc' dir='ltr'>θριυπος,</span> <span class='ocrx_word' id='word_1_85' title='bbox 689 1382 827 1451; x_wconf 82' lang='grc' dir='ltr'>ὅπερ</span> <span class='ocrx_word' id='word_1_86' title='bbox 852 1376 1017 1452; x_wconf 73' lang='grc' dir='ltr'>εἶχεν,</span> <span class='ocrx_word' id='word_1_87' title='bbox 1045 1381 1121 1442; x_wconf 78' lang='grc' dir='ltr'>ὡς</span> <span class='ocrx_word' id='word_1_88' title='bbox 1151 1382 1303 1446; x_wconf 84' lang='grc' dir='ltr'>Θεός.</span> <span class='ocrx_word' id='word_1_89' title='bbox 1336 1381 1598 1451; x_wconf 73' lang='grc' dir='ltr'>Ὕψιστος</span> <span class='ocrx_word' id='word_1_90' title='bbox 1622 1380 1727 1451; x_wconf 86' lang='grc' dir='ltr'><strong>γὰρ</strong></span> <span class='ocrx_word' id='word_1_91' title='bbox 1748 1379 1842 1445; x_wconf 83' lang='grc' dir='ltr'>ὢν,</span> <span class='ocrx_word' id='word_1_92' title='bbox 1867 1379 1996 1444; x_wconf 84' lang='grc' dir='ltr'><strong>Θεὸς</strong></span> 
     </span>
    </p>
   </div>
   <div class='ocr_carea' id='block_1_12' title="bbox 424 1471 1998 1547">
    <p class='ocr_par' dir='ltr' id='par_1_12' title="bbox 424 1471 1998 1547">
     <span class='ocr_line' id='line_1_12' title="bbox 424 1471 1998 1547; baseline -0.004 -16"><span class='ocrx_word' id='word_1_93' title='bbox 424 1477 659 1544; x_wconf 64' lang='grc' dir='ltr'>ἐγένετο)</span> <span class='ocrx_word' id='word_1_94' title='bbox 682 1494 696 1508; x_wconf 78' lang='grc' dir='ltr'><strong><em>ο</em></strong></span> <span class='ocrx_word' id='word_1_95' title='bbox 741 1475 855 1530; x_wconf 79' lang='grc' dir='ltr'>ἀλλ’</span> <span class='ocrx_word' id='word_1_96' title='bbox 886 1476 961 1540; x_wconf 82' lang='grc' dir='ltr'><strong>ῶς</strong></span> <span class='ocrx_word' id='word_1_97' title='bbox 1009 1476 1108 1547; x_wconf 74' lang='grc' dir='ltr'>μὶν</span> <span class='ocrx_word' id='word_1_98' title='bbox 1138 1477 1290 1540; x_wconf 82' lang='grc' dir='ltr'>Θεὸς,</span> <span class='ocrx_word' id='word_1_99' title='bbox 1328 1476 1604 1545; x_wconf 79' lang='grc' dir='ltr'><strong>Δεσπότης</strong></span> <span class='ocrx_word' id='word_1_100' title='bbox 1630 1471 1699 1545; x_wconf 77' lang='grc' dir='ltr'>ἦν</span> <span class='ocrx_word' id='word_1_101' title='bbox 1725 1473 1833 1527; x_wconf 91' lang='grc' dir='ltr'><strong>τῶν</strong></span> <span class='ocrx_word' id='word_1_102' title='bbox 1861 1476 1998 1527; x_wconf 80' lang='grc' dir='ltr'>ὅλων</span> 
     </span>
    </p>
   </div>
   <div class='ocr_carea' id='block_1_13' title="bbox 423 1559 1999 1639">
    <p class='ocr_par' dir='ltr' id='par_1_13' title="bbox 423 1559 1999 1639">
     <span class='ocr_line' id='line_1_13' title="bbox 423 1559 1999 1639; baseline -0.001 -21"><span class='ocrx_word' id='word_1_103' title='bbox 423 1568 528 1619; x_wconf 82' lang='grc' dir='ltr'>ἀεί·</span> <span class='ocrx_word' id='word_1_104' title='bbox 558 1567 634 1631; x_wconf 81' lang='grc' dir='ltr'>ὡς</span> <span class='ocrx_word' id='word_1_105' title='bbox 665 1567 720 1621; x_wconf 80' lang='grc' dir='ltr'>δὲ</span> <span class='ocrx_word' id='word_1_106' title='bbox 746 1567 1055 1638; x_wconf 74' lang='grc' dir='ltr'>ἄνθρωπος,</span> <span class='ocrx_word' id='word_1_107' title='bbox 1086 1567 1456 1639; x_wconf 80' lang='grc' dir='ltr'>προσελάϐετο</span> <span class='ocrx_word' id='word_1_108' title='bbox 1480 1566 1635 1631; x_wconf 77' lang='grc' dir='ltr'>δόξαν</span> <span class='ocrx_word' id='word_1_109' title='bbox 1658 1566 1833 1637; x_wconf 80' lang='grc' dir='ltr'>ἥνπερ</span> <span class='ocrx_word' id='word_1_110' title='bbox 1854 1559 1999 1635; x_wconf 79' lang='grc' dir='ltr'>εἶχεν</span> 
     </span>
    </p>
   </div>
   <div class='ocr_carea' id='block_1_14' title="bbox 422 1652 2000 1731">
    <p class='ocr_par' dir='ltr' id='par_1_14' title="bbox 422 1652 2000 1731">
     <span class='ocr_line' id='line_1_14' title="bbox 422 1652 2000 1731; baseline -0.001 -20"><span class='ocrx_word' id='word_1_111' title='bbox 422 1658 497 1722; x_wconf 85' lang='grc' dir='ltr'>ὡς</span> <span class='ocrx_word' id='word_1_112' title='bbox 531 1658 683 1721; x_wconf 74' lang='grc' dir='ltr'>θεός·</span> <span class='ocrx_word' id='word_1_113' title='bbox 712 1660 806 1713; x_wconf 76' lang='grc' dir='ltr'>καὶ</span> <span class='ocrx_word' id='word_1_114' title='bbox 830 1659 1031 1731; x_wconf 68' lang='grc' dir='ltr'>ᾔτησεν</span> <span class='ocrx_word' id='word_1_115' title='bbox 1068 1659 1132 1713; x_wconf 81' lang='grc' dir='ltr'>οὐ</span> <span class='ocrx_word' id='word_1_116' title='bbox 1162 1658 1347 1713; x_wconf 84' lang='grc' dir='ltr'>λαϐεῖν</span> <span class='ocrx_word' id='word_1_117' title='bbox 1381 1656 1526 1728; x_wconf 75' lang='grc' dir='ltr'>άπερ</span> <span class='ocrx_word' id='word_1_118' title='bbox 1558 1657 1658 1710; x_wconf 78' lang='grc' dir='ltr'>οὐκ</span> <span class='ocrx_word' id='word_1_119' title='bbox 1681 1652 1846 1727; x_wconf 79' lang='grc' dir='ltr'>εἶχεν,</span> <span class='ocrx_word' id='word_1_120' title='bbox 1879 1656 2000 1710; x_wconf 80' lang='grc' dir='ltr'>ἀλλ’</span> 
     </span>
    </p>
   </div>
   <div class='ocr_carea' id='block_1_15' title="bbox 425 1747 1999 1823">
    <p class='ocr_par' dir='ltr' id='par_1_15' title="bbox 425 1747 1999 1823">
     <span class='ocr_line' id='line_1_15' title="bbox 425 1747 1999 1823; baseline -0.001 -17"><span class='ocrx_word' id='word_1_121' title='bbox 425 1751 568 1821; x_wconf 74' lang='grc' dir='ltr'>ἅπερ</span> <span class='ocrx_word' id='word_1_122' title='bbox 600 1747 714 1822; x_wconf 75' lang='grc' dir='ltr'>εἶχε</span> <span class='ocrx_word' id='word_1_123' title='bbox 748 1752 1049 1823; x_wconf 81' lang='grc' dir='ltr'><strong>δειχθῆναι,</strong></span> <span class='ocrx_word' id='word_1_124' title='bbox 1087 1751 1270 1816; x_wconf 86' lang='grc' dir='ltr'>καθὼς</span> <span class='ocrx_word' id='word_1_125' title='bbox 1309 1752 1639 1822; x_wconf 83' lang='grc' dir='ltr'>γέγραπται,</span> <span class='ocrx_word' id='word_1_126' title='bbox 1675 1752 1757 1805; x_wconf 85' lang='grc' dir='ltr'>ὃτι</span> <span class='ocrx_word' id='word_1_127' title='bbox 1799 1771 1817 1803; x_wconf 79' lang='grc' dir='ltr'><strong>ι</strong></span> <span class='ocrx_word' id='word_1_128' title='bbox 1874 1752 1999 1805; x_wconf 86' lang='grc' dir='ltr'>Ποι-</span> 
     </span>
    </p>
   </div>
   <div class='ocr_carea' id='block_1_16' title="bbox 428 1821 2075 1915">
    <p class='ocr_par' dir='ltr' id='par_1_16' title="bbox 428 1821 2075 1915">
     <span class='ocr_line' id='line_1_16' title="bbox 428 1821 2075 1915; baseline 0.001 -21"><span class='ocrx_word' id='word_1_129' title='bbox 428 1844 615 1912; x_wconf 85' lang='grc' dir='ltr'>μανεῖς</span> <span class='ocrx_word' id='word_1_130' title='bbox 647 1821 936 1905; x_wconf 15' lang='grc' dir='ltr'>αὐτοὺςήὲν</span> <span class='ocrx_word' id='word_1_131' title='bbox 976 1842 1160 1912; x_wconf 79' lang='grc' dir='ltr'>ῥάϐδῳ</span> <span class='ocrx_word' id='word_1_132' title='bbox 1191 1821 1466 1915; x_wconf 14' lang='grc' dir='ltr'>σιδηρᾷ,ν›</span> <span class='ocrx_word' id='word_1_133' title='bbox 1508 1843 1629 1912; x_wconf 79' lang='grc' dir='ltr'>ἥτις</span> <span class='ocrx_word' id='word_1_134' title='bbox 1651 1842 1798 1895; x_wconf 74' lang='grc' dir='ltr'>ἐστὶν</span> <span class='ocrx_word' id='word_1_135' title='bbox 1831 1843 1863 1912; x_wconf 83' lang='grc' dir='ltr'>ἡ</span> <span class='ocrx_word' id='word_1_136' title='bbox 1892 1841 2001 1895; x_wconf 90' lang='grc' dir='ltr'><strong>τῶν</strong></span> <span class='ocrx_word' id='word_1_137' title='bbox 2028 1821 2075 1879; x_wconf 84' lang='grc' dir='ltr'><strong>Β</strong></span> 
     </span>
    </p>
   </div>
   <div class='ocr_carea' id='block_1_17' title="bbox 441 1933 2002 2006">
    <p class='ocr_par' dir='ltr' id='par_1_17' title="bbox 441 1933 2002 2006">
     <span class='ocr_line' id='line_1_17' title="bbox 441 1933 2002 2006; baseline -0.003 -17"><span class='ocrx_word' id='word_1_138' title='bbox 441 1935 730 2006; x_wconf 82' lang='grc' dir='ltr'>Ῥωμαίων</span> <span class='ocrx_word' id='word_1_139' title='bbox 761 1934 1044 2005; x_wconf 82' lang='grc' dir='ltr'>βασιλεία·</span> <span class='ocrx_word' id='word_1_140' title='bbox 1070 1934 1277 2006; x_wconf 86' lang='grc' dir='ltr'>ταύτην</span> <span class='ocrx_word' id='word_1_141' title='bbox 1320 1934 1431 2005; x_wconf 85' lang='grc' dir='ltr'><strong>γάρ</strong></span> <span class='ocrx_word' id='word_1_142' title='bbox 1481 1935 1692 1996; x_wconf 81' lang='grc' dir='ltr'>πιστοῖς</span> <span class='ocrx_word' id='word_1_143' title='bbox 1727 1934 1822 1986; x_wconf 74' lang='grc' dir='ltr'>καὶ</span> <span class='ocrx_word' id='word_1_144' title='bbox 1869 1933 2002 2005; x_wconf 88' lang='grc' dir='ltr'>Χρι-</span> 
     </span>
    </p>
   </div>
   <div class='ocr_carea' id='block_1_18' title="bbox 426 2024 1997 2099">
    <p class='ocr_par' dir='ltr' id='par_1_18' title="bbox 426 2024 1997 2099">
     <span class='ocr_line' id='line_1_18' title="bbox 426 2024 1997 2099; baseline -0.001 -21"><span class='ocrx_word' id='word_1_145' title='bbox 426 2030 664 2090; x_wconf 84' lang='grc' dir='ltr'>στιανοίς</span> <span class='ocrx_word' id='word_1_146' title='bbox 696 2027 976 2098; x_wconf 81' lang='grc' dir='ltr'>βασιλεῦσι</span> <span class='ocrx_word' id='word_1_147' title='bbox 1030 2027 1154 2091; x_wconf 82' lang='grc' dir='ltr'>δοὺς</span> <span class='ocrx_word' id='word_1_148' title='bbox 1200 2026 1437 2099; x_wconf 80' lang='grc' dir='ltr'>Χριστὸς</span> <span class='ocrx_word' id='word_1_149' title='bbox 1479 2027 1507 2079; x_wconf 85' lang='grc' dir='ltr'><strong>ὁ</strong></span> <span class='ocrx_word' id='word_1_150' title='bbox 1547 2026 1671 2089; x_wconf 76' lang='grc' dir='ltr'>Υἱὸς</span> <span class='ocrx_word' id='word_1_151' title='bbox 1703 2024 1797 2077; x_wconf 80' lang='grc' dir='ltr'>τοῦ</span> <span class='ocrx_word' id='word_1_152' title='bbox 1838 2024 1997 2090; x_wconf 81' lang='grc' dir='ltr'>Θεοῦ,</span> 
     </span>
    </p>
   </div>
   <div class='ocr_carea' id='block_1_19' title="bbox 428 2113 2004 2187">
    <p class='ocr_par' dir='ltr' id='par_1_19' title="bbox 428 2113 2004 2187">
     <span class='ocr_line' id='line_1_19' title="bbox 428 2113 2004 2187; baseline -0.001 -19"><span class='ocrx_word' id='word_1_153' title='bbox 428 2116 775 2171; x_wconf 82' lang='grc' dir='ltr'>ὲπιστατεύει</span> <span class='ocrx_word' id='word_1_154' title='bbox 808 2117 895 2170; x_wconf 75' lang='grc' dir='ltr'>καὶ</span> <span class='ocrx_word' id='word_1_155' title='bbox 939 2116 1329 2187; x_wconf 84' lang='grc' dir='ltr'>συμϐασιλεύει</span> <span class='ocrx_word' id='word_1_156' title='bbox 1374 2115 1579 2178; x_wconf 79' lang='grc' dir='ltr'>αὐτοῖς.</span> <span class='ocrx_word' id='word_1_157' title='bbox 1616 2114 1693 2167; x_wconf 83' lang='grc' dir='ltr'><strong>Δι’</strong></span> <span class='ocrx_word' id='word_1_158' title='bbox 1723 2113 1887 2167; x_wconf 79' lang='grc' dir='ltr'>αὑτοῦ</span> <span class='ocrx_word' id='word_1_159' title='bbox 1934 2113 2004 2166; x_wconf 86' lang='grc' dir='ltr'><strong>τὰ</strong></span> 
     </span>
    </p>
   </div>
   <div class='ocr_carea' id='block_1_20' title="bbox 427 2206 2003 2280">
    <p class='ocr_par' dir='ltr' id='par_1_20' title="bbox 427 2206 2003 2280">
     <span class='ocr_line' id='line_1_20' title="bbox 427 2206 2003 2280; baseline -0.003 -15"><span class='ocrx_word' id='word_1_160' title='bbox 427 2210 598 2265; x_wconf 81' lang='grc' dir='ltr'>πιστὰ</span> <span class='ocrx_word' id='word_1_161' title='bbox 644 2209 769 2280; x_wconf 78' lang='grc' dir='ltr'>ἔθνη</span> <span class='ocrx_word' id='word_1_162' title='bbox 814 2211 895 2273; x_wconf 84' lang='grc' dir='ltr'><strong>είς</strong></span> <span class='ocrx_word' id='word_1_163' title='bbox 950 2210 1282 2280; x_wconf 82' lang='grc' dir='ltr'>κατάσχεσιν</span> <span class='ocrx_word' id='word_1_164' title='bbox 1333 2208 1682 2279; x_wconf 76' lang='grc' dir='ltr'>κληρωθέντα</span> <span class='ocrx_word' id='word_1_165' title='bbox 1730 2206 2003 2261; x_wconf 75' lang='grc' dir='ltr'>πιστεύειν</span> 
     </span>
    </p>
   </div>
   <div class='ocr_carea' id='block_1_21' title="bbox 430 2298 2002 2372">
    <p class='ocr_par' dir='ltr' id='par_1_21' title="bbox 430 2298 2002 2372">
     <span class='ocr_line' id='line_1_21' title="bbox 430 2298 2002 2372; baseline -0.003 -16"><span class='ocrx_word' id='word_1_166' title='bbox 430 2302 807 2372; x_wconf 85' lang='grc' dir='ltr'>ποιμαίνονται</span> <span class='ocrx_word' id='word_1_167' title='bbox 837 2302 1021 2356; x_wconf 79' lang='grc' dir='ltr'>αὐτόν.</span> <span class='ocrx_word' id='word_1_168' title='bbox 1063 2301 1222 2355; x_wconf 79' lang='grc' dir='ltr'>Ὅθεν</span> <span class='ocrx_word' id='word_1_169' title='bbox 1270 2300 1368 2355; x_wconf 80' lang='grc' dir='ltr'>καὶ</span> <span class='ocrx_word' id='word_1_170' title='bbox 1396 2300 1571 2352; x_wconf 86' lang='grc' dir='ltr'>πάντα</span> <span class='ocrx_word' id='word_1_171' title='bbox 1604 2300 1671 2352; x_wconf 85' lang='grc' dir='ltr'>τὰ</span> <span class='ocrx_word' id='word_1_172' title='bbox 1720 2298 1844 2369; x_wconf 80' lang='grc' dir='ltr'>ἔθνη</span> <span class='ocrx_word' id='word_1_173' title='bbox 1874 2316 2002 2367; x_wconf 88' lang='grc' dir='ltr'>συγ-</span> 
     </span>
    </p>
   </div>
   <div class='ocr_carea' id='block_1_22' title="bbox 431 2391 2003 2465">
    <p class='ocr_par' dir='ltr' id='par_1_22' title="bbox 431 2391 2003 2465">
     <span class='ocr_line' id='line_1_22' title="bbox 431 2391 2003 2465; baseline -0.002 -17"><span class='ocrx_word' id='word_1_174' title='bbox 431 2394 697 2465; x_wconf 81' lang='grc' dir='ltr'>κρούοντα</span> <span class='ocrx_word' id='word_1_175' title='bbox 718 2394 857 2465; x_wconf 82' lang='grc' dir='ltr'>μετά</span> <span class='ocrx_word' id='word_1_176' title='bbox 883 2394 982 2465; x_wconf 88' lang='grc' dir='ltr'>τῆς</span> <span class='ocrx_word' id='word_1_177' title='bbox 1004 2393 1113 2447; x_wconf 81' lang='grc' dir='ltr'><strong>τῶν</strong></span> <span class='ocrx_word' id='word_1_178' title='bbox 1139 2392 1482 2465; x_wconf 83' lang='grc' dir='ltr'>Χριστιανῶν</span> <span class='ocrx_word' id='word_1_179' title='bbox 1507 2391 1803 2462; x_wconf 80' lang='grc' dir='ltr'>βασιλείας,</span> <span class='ocrx_word' id='word_1_180' title='bbox 1835 2393 1883 2445; x_wconf 78' lang='grc' dir='ltr'>εἰ</span> <span class='ocrx_word' id='word_1_181' title='bbox 1912 2395 2003 2445; x_wconf 73' lang='grc' dir='ltr'>καὶ</span> 
     </span>
    </p>
   </div>
   <div class='ocr_carea' id='block_1_23' title="bbox 432 2484 2004 2559">
    <p class='ocr_par' dir='ltr' id='par_1_23' title="bbox 432 2484 2004 2559">
     <span class='ocr_line' id='line_1_23' title="bbox 432 2484 2004 2559; baseline -0.003 -19"><span class='ocrx_word' id='word_1_182' title='bbox 432 2487 758 2559; x_wconf 70' lang='grc' dir='ltr'>ἡττηθῶσιν,</span> <span class='ocrx_word' id='word_1_183' title='bbox 798 2488 938 2558; x_wconf 82' lang='grc' dir='ltr'>πλὴν</span> <span class='ocrx_word' id='word_1_184' title='bbox 974 2485 1179 2557; x_wconf 85' lang='grc' dir='ltr'>ταύτην</span> <span class='ocrx_word' id='word_1_185' title='bbox 1225 2487 1285 2539; x_wconf 82' lang='grc' dir='ltr'>οὐ</span> <span class='ocrx_word' id='word_1_186' title='bbox 1324 2485 1685 2557; x_wconf 79' lang='grc' dir='ltr'>μετέστησαν,</span> <span class='ocrx_word' id='word_1_187' title='bbox 1737 2484 1861 2538; x_wconf 73' lang='grc' dir='ltr'>οὔτε</span> <span class='ocrx_word' id='word_1_188' title='bbox 1898 2486 2004 2556; x_wconf 80' lang='grc' dir='ltr'>μὴν</span> 
     </span>
    </p>
   </div>
   <div class='ocr_carea' id='block_1_24' title="bbox 435 2578 2003 2652">
    <p class='ocr_par' dir='ltr' id='par_1_24' title="bbox 435 2578 2003 2652">
     <span class='ocr_line' id='line_1_24' title="bbox 435 2578 2003 2652; baseline -0.002 -18"><span class='ocrx_word' id='word_1_189' title='bbox 435 2583 843 2652; x_wconf 63' lang='grc' dir='ltr'>μεταστήσωσιν</span> <span class='ocrx_word' id='word_1_190' title='bbox 891 2578 1071 2642; x_wconf 88' lang='grc' dir='ltr'>καθὼς</span> <span class='ocrx_word' id='word_1_191' title='bbox 1111 2580 1428 2649; x_wconf 81' lang='grc' dir='ltr'>,γέγραπται</span> <span class='ocrx_word' id='word_1_192' title='bbox 1476 2580 1535 2631; x_wconf 80' lang='grc' dir='ltr'>ἐν</span> <span class='ocrx_word' id='word_1_193' title='bbox 1568 2578 1733 2649; x_wconf 83' lang='grc' dir='ltr'>βίϐλῳ</span> <span class='ocrx_word' id='word_1_194' title='bbox 1760 2578 2003 2648; x_wconf 81' lang='grc' dir='ltr'>Ψαλμῶν</span> 
     </span>
    </p>
   </div>
   <div class='ocr_carea' id='block_1_25' title="bbox 434 2659 2006 2743">
    <p class='ocr_par' dir='ltr' id='par_1_25' title="bbox 434 2659 2006 2743">
     <span class='ocr_line' id='line_1_25' title="bbox 434 2659 2006 2743; baseline -0.002 -18"><span class='ocrx_word' id='word_1_195' title='bbox 434 2674 561 2743; x_wconf 72' lang='grc' dir='ltr'>περὶ</span> <span class='ocrx_word' id='word_1_196' title='bbox 590 2673 686 2742; x_wconf 79' lang='grc' dir='ltr'>τῆς</span> <span class='ocrx_word' id='word_1_197' title='bbox 732 2659 1003 2742; x_wconf 82' lang='grc' dir='ltr'>βασιλείας</span> <span class='ocrx_word' id='word_1_198' title='bbox 1042 2671 1137 2723; x_wconf 85' lang='grc' dir='ltr'>τοῦ</span> <span class='ocrx_word' id='word_1_199' title='bbox 1172 2669 1433 2739; x_wconf 81' lang='grc' dir='ltr'>Χριστοῦ,</span> <span class='ocrx_word' id='word_1_200' title='bbox 1468 2672 1549 2723; x_wconf 85' lang='grc' dir='ltr'>ὅτι</span> <span class='ocrx_word' id='word_1_201' title='bbox 1584 2687 1603 2719; x_wconf 80' lang='grc' dir='ltr'><strong>ι</strong></span> <span class='ocrx_word' id='word_1_202' title='bbox 1671 2667 1730 2723; x_wconf 85' lang='grc' dir='ltr'><strong>ῚΙ</strong></span> <span class='ocrx_word' id='word_1_203' title='bbox 1778 2668 2006 2739; x_wconf 76' lang='grc' dir='ltr'>ἀλήθειά</span> 
     </span>
    </p>
   </div>
   <div class='ocr_carea' id='block_1_26' title="bbox 435 2758 2003 2834">
    <p class='ocr_par' dir='ltr' id='par_1_26' title="bbox 435 2758 2003 2834">
     <span class='ocr_line' id='line_1_26' title="bbox 435 2758 2003 2834; baseline -0.004 -18"><span class='ocrx_word' id='word_1_204' title='bbox 435 2781 560 2834; x_wconf 90' lang='grc' dir='ltr'>μου,</span> <span class='ocrx_word' id='word_1_205' title='bbox 588 2764 681 2816; x_wconf 75' lang='grc' dir='ltr'>καὶ</span> <span class='ocrx_word' id='word_1_206' title='bbox 709 2764 770 2815; x_wconf 71' lang='grc' dir='ltr'><strong>τὸ</strong></span> <span class='ocrx_word' id='word_1_207' title='bbox 800 2762 948 2825; x_wconf 74' lang='grc' dir='ltr'>ἔλεός</span> <span class='ocrx_word' id='word_1_208' title='bbox 976 2779 1079 2832; x_wconf 91' lang='grc' dir='ltr'><strong>μου</strong></span> <span class='ocrx_word' id='word_1_209' title='bbox 1108 2762 1228 2831; x_wconf 84' lang='grc' dir='ltr'>μετ’</span> <span class='ocrx_word' id='word_1_210' title='bbox 1262 2760 1448 2814; x_wconf 80' lang='grc' dir='ltr'>αὐτοῦ’</span> <span class='ocrx_word' id='word_1_211' title='bbox 1480 2762 1575 2813; x_wconf 71' lang='grc' dir='ltr'>καὶ</span> <span class='ocrx_word' id='word_1_212' title='bbox 1599 2763 1657 2812; x_wconf 74' lang='grc' dir='ltr'>ἐν</span> <span class='ocrx_word' id='word_1_213' title='bbox 1682 2758 1758 2829; x_wconf 85' lang='grc' dir='ltr'>τῷ</span> <span class='ocrx_word' id='word_1_214' title='bbox 1779 2759 2003 2829; x_wconf 78' lang='grc' dir='ltr'>ὀνόματί</span> 
     </span>
    </p>
   </div>
   <div class='ocr_carea' id='block_1_27' title="bbox 374 2841 2005 2923">
    <p class='ocr_par' dir='ltr' id='par_1_27' title="bbox 374 2841 2005 2923">
     <span class='ocr_line' id='line_1_27' title="bbox 374 2841 2005 2923; baseline -0.006 -16"><span class='ocrx_word' id='word_1_215' title='bbox 374 2841 379 2846; x_wconf 52' lang='grc'><em>’</em></span> <span class='ocrx_word' id='word_1_216' title='bbox 436 2872 540 2923; x_wconf 89' lang='grc' dir='ltr'><strong>μου</strong></span> <span class='ocrx_word' id='word_1_217' title='bbox 590 2853 940 2923; x_wconf 68' lang='grc' dir='ltr'>ὑψωθήσεται</span> <span class='ocrx_word' id='word_1_218' title='bbox 997 2852 1052 2904; x_wconf 85' lang='grc' dir='ltr'>τὸ</span> <span class='ocrx_word' id='word_1_219' title='bbox 1110 2851 1281 2921; x_wconf 79' lang='grc' dir='ltr'>κέρας</span> <span class='ocrx_word' id='word_1_220' title='bbox 1329 2848 1524 2904; x_wconf 73' lang='grc' dir='ltr'><strong>αὐτοῦ⁹</strong></span> <span class='ocrx_word' id='word_1_221' title='bbox 1558 2849 1653 2902; x_wconf 78' lang='grc' dir='ltr'>καὶ</span> <span class='ocrx_word' id='word_1_222' title='bbox 1686 2848 1920 2918; x_wconf 82' lang='grc' dir='ltr'>θήσομαι</span> <span class='ocrx_word' id='word_1_223' title='bbox 1946 2848 2005 2899; x_wconf 81' lang='grc' dir='ltr'>ἐν</span> 
     </span>
    </p>
   </div>
   <div class='ocr_carea' id='block_1_28' title="bbox 435 2937 2002 3017">
    <p class='ocr_par' dir='ltr' id='par_1_28' title="bbox 435 2937 2002 3017">
     <span class='ocr_line' id='line_1_28' title="bbox 435 2937 2002 3017; baseline -0.007 -17"><span class='ocrx_word' id='word_1_224' title='bbox 435 2945 679 3017; x_wconf 78' lang='grc' dir='ltr'>θαλάσσῃ</span> <span class='ocrx_word' id='word_1_225' title='bbox 699 2946 858 3015; x_wconf 84' lang='grc' dir='ltr'>χεῖρα</span> <span class='ocrx_word' id='word_1_226' title='bbox 886 2943 1055 2997; x_wconf 80' lang='grc' dir='ltr'>αὐτοῦ</span> <span class='ocrx_word' id='word_1_227' title='bbox 1088 2943 1180 2995; x_wconf 68' lang='grc' dir='ltr'>καὶ</span> <span class='ocrx_word' id='word_1_228' title='bbox 1205 2943 1262 2995; x_wconf 83' lang='grc' dir='ltr'>ὲν</span> <span class='ocrx_word' id='word_1_229' title='bbox 1304 2943 1568 3010; x_wconf 83' lang='grc' dir='ltr'>ποταμοῖς</span> <span class='ocrx_word' id='word_1_230' title='bbox 1607 2938 1789 3005; x_wconf 79' lang='grc' dir='ltr'>δεξιάν</span> <span class='ocrx_word' id='word_1_231' title='bbox 1814 2937 2002 2991; x_wconf 72' lang='grc' dir='ltr'>αὐτοῦ·</span> 
     </span>
    </p>
   </div>
   <div class='ocr_carea' id='block_1_29' title="bbox 435 3028 2002 3105">
    <p class='ocr_par' dir='ltr' id='par_1_29' title="bbox 435 3028 2002 3105">
     <span class='ocr_line' id='line_1_29' title="bbox 435 3028 2002 3105; baseline -0.006 -14"><span class='ocrx_word' id='word_1_232' title='bbox 435 3037 595 3101; x_wconf 76' lang='grc' dir='ltr'>αὐτὸς</span> <span class='ocrx_word' id='word_1_233' title='bbox 623 3034 1008 3090; x_wconf 83' lang='grc' dir='ltr'>ὲπικαλέσεταί</span> <span class='ocrx_word' id='word_1_234' title='bbox 1040 3050 1130 3105; x_wconf 90' lang='grc' dir='ltr'><strong>με,</strong></span> <span class='ocrx_word' id='word_1_235' title='bbox 1165 3034 1355 3102; x_wconf 88' lang='grc' dir='ltr'>Πατήρ</span> <span class='ocrx_word' id='word_1_236' title='bbox 1379 3049 1481 3103; x_wconf 87' lang='grc' dir='ltr'><strong>μου</strong></span> <span class='ocrx_word' id='word_1_237' title='bbox 1516 3028 1566 3084; x_wconf 84' lang='grc' dir='ltr'>εἴ</span> <span class='ocrx_word' id='word_1_238' title='bbox 1597 3032 1682 3096; x_wconf 86' lang='grc' dir='ltr'>σὺ,</span> <span class='ocrx_word' id='word_1_239' title='bbox 1708 3031 1838 3092; x_wconf 81' lang='grc' dir='ltr'>Θεός</span> <span class='ocrx_word' id='word_1_240' title='bbox 1877 3048 2002 3101; x_wconf 85' lang='grc' dir='ltr'>μου,</span> 
     </span>
    </p>
   </div>
   <div class='ocr_carea' id='block_1_30' title="bbox 1410 356 2661 424">
    <p class='ocr_par' dir='ltr' id='par_1_30' title="bbox 1410 356 2661 424">
     <span class='ocr_line' id='line_1_30' title="bbox 1410 356 2661 424; baseline 0.001 -2"><span class='ocrx_word' id='word_1_241' title='bbox 1410 360 1869 422; x_wconf 84' lang='lat' dir='ltr'><strong>DISPUTATIO</strong></span> <span class='ocrx_word' id='word_1_242' title='bbox 1901 356 2295 422; x_wconf 80' lang='lat' dir='ltr'><strong>ADVERSUS</strong></span> <span class='ocrx_word' id='word_1_243' title='bbox 2333 361 2661 424; x_wconf 60' lang='lat' dir='ltr'><strong>JUDEOS.</strong></span> 
     </span>
    </p>
   </div>
   <div class='ocr_carea' id='block_1_31' title="bbox 3524 361 3662 428">
    <p class='ocr_par' dir='ltr' id='par_1_31' title="bbox 3524 361 3662 428">
     <span class='ocr_line' id='line_1_31' title="bbox 3524 361 3662 428; baseline 0.014 -2"><span class='ocrx_word' id='word_1_244' title='bbox 3524 361 3662 428; x_wconf 77' lang='grc'><strong>1210</strong></span> 
     </span>
    </p>
   </div>
   <div class='ocr_carea' id='block_1_32' title="bbox 1812 468 3669 542">
    <p class='ocr_par' dir='ltr' id='par_1_32' title="bbox 1812 468 3669 542">
     <span class='ocr_line' id='line_1_32' title="bbox 1812 468 3669 542; baseline 0.006 -21"><span class='ocrx_word' id='word_1_245' title='bbox 1812 486 1828 534; x_wconf 88' lang='lat'><strong>;</strong></span> <span class='ocrx_word' id='word_1_246' title='bbox 1871 488 1891 522; x_wconf 74' lang='grc' dir='ltr'><strong>ι</strong></span> <span class='ocrx_word' id='word_1_247' title='bbox 1921 499 1992 508; x_wconf 95' lang='grc'><strong><em>-</em></strong></span> <span class='ocrx_word' id='word_1_248' title='bbox 2015 470 2068 530; x_wconf 79' lang='grc' dir='ltr'><strong>Α</strong></span> <span class='ocrx_word' id='word_1_249' title='bbox 2090 468 2240 524; x_wconf 89' lang='lat' dir='ltr'><strong>enim</strong></span> <span class='ocrx_word' id='word_1_250' title='bbox 2269 472 2590 541; x_wconf 72' lang='lat' dir='ltr'><strong>angelorum</strong></span> <span class='ocrx_word' id='word_1_251' title='bbox 2626 473 2766 529; x_wconf 79' lang='lat' dir='ltr'><strong>dixit</strong></span> <span class='ocrx_word' id='word_1_252' title='bbox 2791 472 3091 542; x_wconf 85' lang='lat' dir='ltr'><strong>aliquando</strong></span> <span class='ocrx_word' id='word_1_253' title='bbox 3120 491 3133 527; x_wconf 89' lang='lat'>:</span> <span class='ocrx_word' id='word_1_254' title='bbox 3170 492 3188 525; x_wconf 79' lang='grc' dir='ltr'><strong>ι</strong></span> <span class='ocrx_word' id='word_1_255' title='bbox 3226 472 3399 530; x_wconf 82' lang='lat' dir='ltr'><strong>Filius</strong></span> <span class='ocrx_word' id='word_1_256' title='bbox 3432 492 3587 532; x_wconf 90' lang='lat' dir='ltr'><strong>meus</strong></span> <span class='ocrx_word' id='word_1_257' title='bbox 3608 493 3669 533; x_wconf 90' lang='lat' dir='ltr'><strong>es</strong></span> 
     </span>
    </p>
   </div>
   <div class='ocr_carea' id='block_1_33' title="bbox 2095 562 3671 635">
    <p class='ocr_par' dir='ltr' id='par_1_33' title="bbox 2095 562 3671 635">
     <span class='ocr_line' id='line_1_33' title="bbox 2095 562 3671 635; baseline 0.005 -22"><span class='ocrx_word' id='word_1_258' title='bbox 2095 569 2174 625; x_wconf 87' lang='lat' dir='ltr'><strong>tu,</strong></span> <span class='ocrx_word' id='word_1_259' title='bbox 2210 575 2314 631; x_wconf 86' lang='lat' dir='ltr'><strong>ego</strong></span> <span class='ocrx_word' id='word_1_260' title='bbox 2346 562 2511 617; x_wconf 85' lang='lat' dir='ltr'><strong>hodie</strong></span> <span class='ocrx_word' id='word_1_261' title='bbox 2550 571 2603 618; x_wconf 89' lang='lat' dir='ltr'><strong>te</strong></span> <span class='ocrx_word' id='word_1_262' title='bbox 2630 564 2837 635; x_wconf 84' lang='lat' dir='ltr'><strong>genui?</strong></span> <span class='ocrx_word' id='word_1_263' title='bbox 2866 583 2886 616; x_wconf 70' lang='grc' dir='ltr'><strong>ι</strong></span> <span class='ocrx_word' id='word_1_264' title='bbox 2923 596 2988 606; x_wconf 90' lang='lat'><strong>-—</strong></span> <span class='ocrx_word' id='word_1_265' title='bbox 3018 584 3036 615; x_wconf 76' lang='grc' dir='ltr'><strong>ι</strong></span> <span class='ocrx_word' id='word_1_266' title='bbox 3074 564 3267 619; x_wconf 88' lang='lat' dir='ltr'><strong>Nonne</strong></span> <span class='ocrx_word' id='word_1_267' title='bbox 3304 580 3519 620; x_wconf 81' lang='lat' dir='ltr'><strong>omnes</strong></span> <span class='ocrx_word' id='word_1_268' title='bbox 3541 577 3671 621; x_wconf 89' lang='lat' dir='ltr'><strong>sunt</strong></span> 
     </span>
    </p>
   </div>
   <div class='ocr_carea' id='block_1_34' title="bbox 2094 652 3664 727">
    <p class='ocr_par' dir='ltr' id='par_1_34' title="bbox 2094 652 3664 727">
     <span class='ocr_line' id='line_1_34' title="bbox 2094 652 3664 727; baseline 0.004 -21"><span class='ocrx_word' id='word_1_269' title='bbox 2094 652 2554 710; x_wconf 86' lang='lat' dir='ltr'><strong>administratorii</strong></span> <span class='ocrx_word' id='word_1_270' title='bbox 2583 658 2830 727; x_wconf 77' lang='lat' dir='ltr'><strong>spiritus,</strong></span> <span class='ocrx_word' id='word_1_271' title='bbox 2862 660 2916 712; x_wconf 91' lang='lat' dir='ltr'><strong>in</strong></span> <span class='ocrx_word' id='word_1_272' title='bbox 2952 658 3322 713; x_wconf 76' lang='lat' dir='ltr'><strong>ministerium</strong></span> <span class='ocrx_word' id='word_1_273' title='bbox 3354 658 3507 714; x_wconf 89' lang='lat' dir='ltr'><strong>missi</strong></span> <span class='ocrx_word' id='word_1_274' title='bbox 3532 660 3576 692; x_wconf 84' lang='grc'><strong>¹⁸</strong></span> <span class='ocrx_word' id='word_1_275' title='bbox 3595 659 3621 712; x_wconf 86' lang='lat'><strong>?</strong></span> <span class='ocrx_word' id='word_1_276' title='bbox 3645 680 3664 712; x_wconf 73' lang='grc' dir='ltr'><strong>ι</strong></span> 
     </span>
    </p>
   </div>
   <div class='ocr_carea' id='block_1_35' title="bbox 2094 743 3673 820">
    <p class='ocr_par' dir='ltr' id='par_1_35' title="bbox 2094 743 3673 820">
     <span class='ocr_line' id='line_1_35' title="bbox 2094 743 3673 820; baseline 0.007 -24"><span class='ocrx_word' id='word_1_277' title='bbox 2094 743 2163 797; x_wconf 88' lang='grc' dir='ltr'>Ει</span> <span class='ocrx_word' id='word_1_278' title='bbox 2193 760 2388 801; x_wconf 86' lang='lat' dir='ltr'><strong>rursus</strong></span> <span class='ocrx_word' id='word_1_279' title='bbox 2417 749 2527 801; x_wconf 92' lang='lat' dir='ltr'><strong>alio</strong></span> <span class='ocrx_word' id='word_1_280' title='bbox 2556 747 2611 801; x_wconf 91' lang='lat' dir='ltr'><strong>in</strong></span> <span class='ocrx_word' id='word_1_281' title='bbox 2652 749 2774 803; x_wconf 87' lang='lat' dir='ltr'><strong>loco</strong></span> <span class='ocrx_word' id='word_1_282' title='bbox 2803 767 2816 803; x_wconf 87' lang='lat'><strong>:</strong></span> <span class='ocrx_word' id='word_1_283' title='bbox 2854 770 2871 800; x_wconf 78' lang='grc' dir='ltr'><strong>ι</strong></span> <span class='ocrx_word' id='word_1_284' title='bbox 2909 750 3022 820; x_wconf 84' lang='lat' dir='ltr'><strong>Ego</strong></span> <span class='ocrx_word' id='word_1_285' title='bbox 3044 765 3143 804; x_wconf 92' lang='lat' dir='ltr'><strong>ero</strong></span> <span class='ocrx_word' id='word_1_286' title='bbox 3174 751 3225 805; x_wconf 94' lang='lat' dir='ltr'><strong>ei</strong></span> <span class='ocrx_word' id='word_1_287' title='bbox 3262 751 3319 804; x_wconf 91' lang='lat' dir='ltr'><strong>in</strong></span> <span class='ocrx_word' id='word_1_288' title='bbox 3346 751 3585 817; x_wconf 88' lang='lat' dir='ltr'><strong>Patrem,</strong></span> <span class='ocrx_word' id='word_1_289' title='bbox 3616 761 3673 807; x_wconf 87' lang='lat' dir='ltr'><strong>et</strong></span> 
     </span>
    </p>
   </div>
   <div class='ocr_carea' id='block_1_36' title="bbox 2097 834 3671 903">
    <p class='ocr_par' dir='ltr' id='par_1_36' title="bbox 2097 834 3671 903">
     <span class='ocr_line' id='line_1_36' title="bbox 2097 834 3671 903; baseline 0.006 -15"><span class='ocrx_word' id='word_1_290' title='bbox 2097 834 2215 903; x_wconf 90' lang='lat' dir='ltr'><strong>ipse</strong></span> <span class='ocrx_word' id='word_1_291' title='bbox 2246 837 2354 891; x_wconf 89' lang='lat' dir='ltr'><strong>erit</strong></span> <span class='ocrx_word' id='word_1_292' title='bbox 2384 838 2521 892; x_wconf 92' lang='lat' dir='ltr'><strong>mihi</strong></span> <span class='ocrx_word' id='word_1_293' title='bbox 2548 839 2603 893; x_wconf 91' lang='lat' dir='ltr'><strong>in</strong></span> <span class='ocrx_word' id='word_1_294' title='bbox 2637 840 2835 894; x_wconf 87' lang='lat' dir='ltr'><strong>Filium</strong></span> <span class='ocrx_word' id='word_1_295' title='bbox 2867 842 2944 894; x_wconf 69' lang='lat'><strong>“‘1</strong></span> <span class='ocrx_word' id='word_1_296' title='bbox 2973 861 2990 892; x_wconf 76' lang='grc' dir='ltr'><strong>ι</strong></span> <span class='ocrx_word' id='word_1_297' title='bbox 3020 841 3145 896; x_wconf 76' lang='lat' dir='ltr'><strong>llzec</strong></span> <span class='ocrx_word' id='word_1_298' title='bbox 3175 842 3324 896; x_wconf 90' lang='lat' dir='ltr'><strong>enim</strong></span> <span class='ocrx_word' id='word_1_299' title='bbox 3364 843 3671 897; x_wconf 88' lang='lat' dir='ltr'><strong>secundum</strong></span> 
     </span>
    </p>
   </div>
   <div class='ocr_carea' id='block_1_37' title="bbox 2100 927 3675 1004">
    <p class='ocr_par' dir='ltr' id='par_1_37' title="bbox 2100 927 3675 1004">
     <span class='ocr_line' id='line_1_37' title="bbox 2100 927 3675 1004; baseline 0.005 -23"><span class='ocrx_word' id='word_1_300' title='bbox 2100 927 2400 983; x_wconf 82' lang='lat' dir='ltr'><strong>humanam</strong></span> <span class='ocrx_word' id='word_1_301' title='bbox 2442 940 2701 986; x_wconf 89' lang='lat' dir='ltr'><strong>naturam</strong></span> <span class='ocrx_word' id='word_1_302' title='bbox 2749 940 2807 986; x_wconf 89' lang='lat' dir='ltr'><strong>et</strong></span> <span class='ocrx_word' id='word_1_303' title='bbox 2848 947 3167 1002; x_wconf 90' lang='lat' dir='ltr'><strong>corpoream</strong></span> <span class='ocrx_word' id='word_1_304' title='bbox 3213 935 3336 1004; x_wconf 86' lang='lat' dir='ltr'><strong>ejus</strong></span> <span class='ocrx_word' id='word_1_305' title='bbox 3383 935 3675 1004; x_wconf 76' lang='lat' dir='ltr'><strong>dispensa-</strong></span> 
     </span>
    </p>
   </div>
   <div class='ocr_carea' id='block_1_38' title="bbox 2099 1019 3672 1097">
    <p class='ocr_par' dir='ltr' id='par_1_38' title="bbox 2099 1019 3672 1097">
     <span class='ocr_line' id='line_1_38' title="bbox 2099 1019 3672 1097; baseline 0.007 -25"><span class='ocrx_word' id='word_1_306' title='bbox 2099 1019 2303 1075; x_wconf 79' lang='lat' dir='ltr'><strong>tionem</strong></span> <span class='ocrx_word' id='word_1_307' title='bbox 2338 1023 2588 1091; x_wconf 84' lang='lat' dir='ltr'><strong>protulit,</strong></span> <span class='ocrx_word' id='word_1_308' title='bbox 2614 1025 2687 1079; x_wconf 88' lang='lat' dir='ltr'><strong>ita</strong></span> <span class='ocrx_word' id='word_1_309' title='bbox 2714 1034 2908 1080; x_wconf 91' lang='lat' dir='ltr'><strong>utnon</strong></span> <span class='ocrx_word' id='word_1_310' title='bbox 2941 1034 3201 1081; x_wconf 67' lang='lat' dir='ltr'><strong>aeternam</strong></span> <span class='ocrx_word' id='word_1_311' title='bbox 3235 1029 3672 1097; x_wconf 77' lang='lat' dir='ltr'><strong>generationem,</strong></span> 
     </span>
    </p>
   </div>
   <div class='ocr_carea' id='block_1_39' title="bbox 2098 1106 3672 1185">
    <p class='ocr_par' dir='ltr' id='par_1_39' title="bbox 2098 1106 3672 1185">
     <span class='ocr_line' id='line_1_39' title="bbox 2098 1106 3672 1185; baseline 0.006 -23"><span class='ocrx_word' id='word_1_312' title='bbox 2098 1110 2195 1164; x_wconf 88' lang='lat' dir='ltr'><strong>sed</strong></span> <span class='ocrx_word' id='word_1_313' title='bbox 2226 1126 2346 1165; x_wconf 91' lang='lat' dir='ltr'><strong>eam</strong></span> <span class='ocrx_word' id='word_1_314' title='bbox 2368 1106 2489 1182; x_wconf 66' lang='lat' dir='ltr'><strong>qua:</strong></span> <span class='ocrx_word' id='word_1_315' title='bbox 2525 1122 2832 1183; x_wconf 85' lang='lat' dir='ltr'><strong>temporum</strong></span> <span class='ocrx_word' id='word_1_316' title='bbox 2864 1116 3102 1170; x_wconf 90' lang='lat' dir='ltr'><strong>decursu</strong></span> <span class='ocrx_word' id='word_1_317' title='bbox 3131 1116 3274 1170; x_wconf 84' lang='lat' dir='ltr'><strong>facta</strong></span> <span class='ocrx_word' id='word_1_318' title='bbox 3306 1124 3412 1185; x_wconf 87' lang='lat' dir='ltr'><strong>est,</strong></span> <span class='ocrx_word' id='word_1_319' title='bbox 3443 1117 3672 1173; x_wconf 83' lang='lat' dir='ltr'><strong>indicet.</strong></span> 
     </span>
    </p>
   </div>
   <div class='ocr_carea' id='block_1_40' title="bbox 2099 1202 3676 1272">
    <p class='ocr_par' dir='ltr' id='par_1_40' title="bbox 2099 1202 3676 1272">
     <span class='ocr_line' id='line_1_40' title="bbox 2099 1202 3676 1272; baseline 0.006 -17"><span class='ocrx_word' id='word_1_320' title='bbox 2099 1202 2202 1268; x_wconf 85' lang='lat' dir='ltr'><strong>Qui</strong></span> <span class='ocrx_word' id='word_1_321' title='bbox 2235 1206 2384 1258; x_wconf 91' lang='lat' dir='ltr'><strong>enim</strong></span> <span class='ocrx_word' id='word_1_322' title='bbox 2429 1215 2625 1261; x_wconf 86' lang='lat' dir='ltr'><strong>natura</strong></span> <span class='ocrx_word' id='word_1_323' title='bbox 2652 1215 2739 1261; x_wconf 90' lang='lat' dir='ltr'><strong>est</strong></span> <span class='ocrx_word' id='word_1_324' title='bbox 2782 1207 2955 1262; x_wconf 85' lang='lat' dir='ltr'><strong>Filius</strong></span> <span class='ocrx_word' id='word_1_325' title='bbox 2996 1208 3118 1272; x_wconf 84' lang='lat' dir='ltr'><strong>Dei,</strong></span> <span class='ocrx_word' id='word_1_326' title='bbox 3163 1208 3341 1264; x_wconf 81' lang='lat' dir='ltr'><strong>factus</strong></span> <span class='ocrx_word' id='word_1_327' title='bbox 3384 1218 3470 1264; x_wconf 86' lang='lat' dir='ltr'><strong>est</strong></span> <span class='ocrx_word' id='word_1_328' title='bbox 3507 1210 3676 1265; x_wconf 87' lang='lat' dir='ltr'><strong>etiam</strong></span> 
     </span>
    </p>
   </div>
   <div class='ocr_carea' id='block_1_41' title="bbox 2099 1296 3678 1367">
    <p class='ocr_par' dir='ltr' id='par_1_41' title="bbox 2099 1296 3678 1367">
     <span class='ocr_line' id='line_1_41' title="bbox 2099 1296 3678 1367; baseline 0.004 -19"><span class='ocrx_word' id='word_1_329' title='bbox 2099 1304 2297 1350; x_wconf 89' lang='lat' dir='ltr'><strong>natura</strong></span> <span class='ocrx_word' id='word_1_330' title='bbox 2329 1296 2493 1351; x_wconf 91' lang='lat' dir='ltr'><strong>homo</strong></span> <span class='ocrx_word' id='word_1_331' title='bbox 2534 1312 2761 1367; x_wconf 83' lang='lat' dir='ltr'><strong>propter</strong></span> <span class='ocrx_word' id='word_1_332' title='bbox 2785 1308 3032 1354; x_wconf 86' lang='lat' dir='ltr'><strong>nostram</strong></span> <span class='ocrx_word' id='word_1_333' title='bbox 3062 1300 3317 1363; x_wconf 84' lang='lat' dir='ltr'><strong>salutem,</strong></span> <span class='ocrx_word' id='word_1_334' title='bbox 3344 1316 3455 1355; x_wconf 90' lang='lat' dir='ltr'><strong>non</strong></span> <span class='ocrx_word' id='word_1_335' title='bbox 3478 1314 3678 1355; x_wconf 81' lang='lat' dir='ltr'><strong>secun-</strong></span> 
     </span>
    </p>
   </div>
   <div class='ocr_carea' id='block_1_42' title="bbox 2100 1385 3676 1460">
    <p class='ocr_par' dir='ltr' id='par_1_42' title="bbox 2100 1385 3676 1460">
     <span class='ocr_line' id='line_1_42' title="bbox 2100 1385 3676 1460; baseline 0.003 -20"><span class='ocrx_word' id='word_1_336' title='bbox 2100 1385 2230 1440; x_wconf 92' lang='lat' dir='ltr'><strong>dum</strong></span> <span class='ocrx_word' id='word_1_337' title='bbox 2267 1388 2500 1457; x_wconf 83' lang='lat' dir='ltr'><strong>gratiam</strong></span> <span class='ocrx_word' id='word_1_338' title='bbox 2532 1389 2639 1443; x_wconf 90' lang='lat' dir='ltr'><strong>hoc</strong></span> <span class='ocrx_word' id='word_1_339' title='bbox 2665 1390 2967 1459; x_wconf 83' lang='lat' dir='ltr'><strong>accipiens,</strong></span> <span class='ocrx_word' id='word_1_340' title='bbox 2997 1391 3146 1460; x_wconf 88' lang='lat' dir='ltr'><strong>quod</strong></span> <span class='ocrx_word' id='word_1_341' title='bbox 3177 1391 3345 1445; x_wconf 86' lang='lat' dir='ltr'><strong>habet</strong></span> <span class='ocrx_word' id='word_1_342' title='bbox 3369 1392 3676 1446; x_wconf 87' lang='lat' dir='ltr'><strong>secundum</strong></span> 
     </span>
    </p>
   </div>
   <div class='ocr_carea' id='block_1_43' title="bbox 2100 1480 3679 1552">
    <p class='ocr_par' dir='ltr' id='par_1_43' title="bbox 2100 1480 3679 1552">
     <span class='ocr_line' id='line_1_43' title="bbox 2100 1480 3679 1552; baseline 0.004 -21"><span class='ocrx_word' id='word_1_343' title='bbox 2100 1487 2377 1532; x_wconf 87' lang='lat' dir='ltr'><strong>naturam.</strong></span> <span class='ocrx_word' id='word_1_344' title='bbox 2413 1480 2480 1533; x_wconf 89' lang='lat' dir='ltr'><strong>Et</strong></span> <span class='ocrx_word' id='word_1_345' title='bbox 2504 1492 2703 1535; x_wconf 86' lang='lat' dir='ltr'><strong>rursus</strong></span> <span class='ocrx_word' id='word_1_346' title='bbox 2727 1490 2785 1535; x_wconf 93' lang='lat' dir='ltr'><strong>ut</strong></span> <span class='ocrx_word' id='word_1_347' title='bbox 2820 1482 2988 1535; x_wconf 91' lang='lat' dir='ltr'><strong>homo</strong></span> <span class='ocrx_word' id='word_1_348' title='bbox 3017 1482 3219 1551; x_wconf 88' lang='lat' dir='ltr'><strong>accipit</strong></span> <span class='ocrx_word' id='word_1_349' title='bbox 3246 1483 3379 1536; x_wconf 91' lang='lat' dir='ltr'><strong>illud</strong></span> <span class='ocrx_word' id='word_1_350' title='bbox 3411 1482 3556 1552; x_wconf 85' lang='lat' dir='ltr'><strong>quod</strong></span> <span class='ocrx_word' id='word_1_351' title='bbox 3582 1483 3679 1537; x_wconf 87' lang='lat' dir='ltr'><strong>ha-</strong></span> 
     </span>
    </p>
   </div>
   <div class='ocr_carea' id='block_1_44' title="bbox 2102 1568 3680 1639">
    <p class='ocr_par' dir='ltr' id='par_1_44' title="bbox 2102 1568 3680 1639">
     <span class='ocr_line' id='line_1_44' title="bbox 2102 1568 3680 1639; baseline 0.004 -17"><span class='ocrx_word' id='word_1_352' title='bbox 2102 1568 2267 1623; x_wconf 86' lang='lat' dir='ltr'><strong>bebat</strong></span> <span class='ocrx_word' id='word_1_353' title='bbox 2292 1586 2399 1639; x_wconf 88' lang='lat' dir='ltr'><strong>qua</strong></span> <span class='ocrx_word' id='word_1_354' title='bbox 2427 1571 2573 1625; x_wconf 91' lang='lat' dir='ltr'><strong>Deus</strong></span> <span class='ocrx_word' id='word_1_355' title='bbox 2603 1581 2705 1626; x_wconf 87' lang='lat' dir='ltr'><strong>est.</strong></span> <span class='ocrx_word' id='word_1_356' title='bbox 2734 1573 3050 1628; x_wconf 78' lang='lat' dir='ltr'><strong>Altissimus</strong></span> <span class='ocrx_word' id='word_1_357' title='bbox 3077 1574 3225 1628; x_wconf 90' lang='lat' dir='ltr'><strong>enim</strong></span> <span class='ocrx_word' id='word_1_358' title='bbox 3254 1590 3380 1629; x_wconf 91' lang='lat' dir='ltr'><strong>cum</strong></span> <span class='ocrx_word' id='word_1_359' title='bbox 3411 1573 3503 1639; x_wconf 88' lang='lat' dir='ltr'><strong>sit,</strong></span> <span class='ocrx_word' id='word_1_360' title='bbox 3532 1575 3680 1629; x_wconf 89' lang='lat' dir='ltr'><strong>Deus</strong></span> 
     </span>
    </p>
   </div>
   <div class='ocr_carea' id='block_1_45' title="bbox 2101 1658 3677 1734">
    <p class='ocr_par' dir='ltr' id='par_1_45' title="bbox 2101 1658 3677 1734">
     <span class='ocr_line' id='line_1_45' title="bbox 2101 1658 3677 1734; baseline 0.004 -21"><span class='ocrx_word' id='word_1_361' title='bbox 2101 1658 2228 1722; x_wconf 86' lang='lat' dir='ltr'><strong>fuit,</strong></span> <span class='ocrx_word' id='word_1_362' title='bbox 2278 1668 2335 1714; x_wconf 91' lang='lat' dir='ltr'><strong>et</strong></span> <span class='ocrx_word' id='word_1_363' title='bbox 2379 1671 2652 1730; x_wconf 78' lang='lat' dir='ltr'><strong>quatenus</strong></span> <span class='ocrx_word' id='word_1_364' title='bbox 2703 1664 2846 1719; x_wconf 83' lang='lat' dir='ltr'><strong>Deus</strong></span> <span class='ocrx_word' id='word_1_365' title='bbox 2884 1674 2988 1729; x_wconf 90' lang='lat' dir='ltr'><strong>est,</strong></span> <span class='ocrx_word' id='word_1_366' title='bbox 3037 1681 3257 1734; x_wconf 89' lang='lat' dir='ltr'><strong>semper</strong></span> <span class='ocrx_word' id='word_1_367' title='bbox 3291 1665 3677 1720; x_wconf 87' lang='lat' dir='ltr'><strong>universorum</strong></span> 
     </span>
    </p>
   </div>
   <div class='ocr_carea' id='block_1_46' title="bbox 2104 1753 3679 1828">
    <p class='ocr_par' dir='ltr' id='par_1_46' title="bbox 2104 1753 3679 1828">
     <span class='ocr_line' id='line_1_46' title="bbox 2104 1753 3679 1828; baseline 0.004 -22"><span class='ocrx_word' id='word_1_368' title='bbox 2104 1753 2372 1808; x_wconf 88' lang='lat' dir='ltr'><strong>Dominus</strong></span> <span class='ocrx_word' id='word_1_369' title='bbox 2414 1754 2554 1819; x_wconf 78' lang='lat' dir='ltr'><strong>fuit&quot;,</strong></span> <span class='ocrx_word' id='word_1_370' title='bbox 2591 1765 2651 1810; x_wconf 90' lang='lat' dir='ltr'><strong>ut</strong></span> <span class='ocrx_word' id='word_1_371' title='bbox 2687 1756 2855 1811; x_wconf 91' lang='lat' dir='ltr'><strong>homo</strong></span> <span class='ocrx_word' id='word_1_372' title='bbox 2892 1768 3073 1811; x_wconf 87' lang='lat' dir='ltr'><strong>autem</strong></span> <span class='ocrx_word' id='word_1_373' title='bbox 3106 1758 3406 1828; x_wconf 88' lang='lat' dir='ltr'><strong>assumpsit</strong></span> <span class='ocrx_word' id='word_1_374' title='bbox 3446 1757 3679 1827; x_wconf 80' lang='lat' dir='ltr'><strong>gloriam</strong></span> 
     </span>
    </p>
   </div>
   <div class='ocr_carea' id='block_1_47' title="bbox 2103 1845 3679 1918">
    <p class='ocr_par' dir='ltr' id='par_1_47' title="bbox 2103 1845 3679 1918">
     <span class='ocr_line' id='line_1_47' title="bbox 2103 1845 3679 1918; baseline 0.003 -20"><span class='ocrx_word' id='word_1_375' title='bbox 2103 1860 2266 1915; x_wconf 82' lang='lat' dir='ltr'><strong>quam</strong></span> <span class='ocrx_word' id='word_1_376' title='bbox 2303 1845 2495 1900; x_wconf 90' lang='lat' dir='ltr'><strong>habuit</strong></span> <span class='ocrx_word' id='word_1_377' title='bbox 2529 1858 2588 1901; x_wconf 90' lang='lat' dir='ltr'><strong>ut</strong></span> <span class='ocrx_word' id='word_1_378' title='bbox 2629 1848 2796 1912; x_wconf 91' lang='lat' dir='ltr'><strong>Deus,</strong></span> <span class='ocrx_word' id='word_1_379' title='bbox 2840 1858 2897 1903; x_wconf 89' lang='lat' dir='ltr'><strong>et</strong></span> <span class='ocrx_word' id='word_1_380' title='bbox 2926 1849 3103 1917; x_wconf 85' lang='lat' dir='ltr'><strong>petiit,</strong></span> <span class='ocrx_word' id='word_1_381' title='bbox 3144 1864 3256 1902; x_wconf 85' lang='lat' dir='ltr'><strong>non</strong></span> <span class='ocrx_word' id='word_1_382' title='bbox 3299 1857 3360 1903; x_wconf 90' lang='lat' dir='ltr'><strong>ut</strong></span> <span class='ocrx_word' id='word_1_383' title='bbox 3400 1849 3679 1918; x_wconf 85' lang='lat' dir='ltr'><strong>acciperet</strong></span> 
     </span>
    </p>
   </div>
   <div class='ocr_carea' id='block_1_48' title="bbox 2104 1938 3680 2008">
    <p class='ocr_par' dir='ltr' id='par_1_48' title="bbox 2104 1938 3680 2008">
     <span class='ocr_line' id='line_1_48' title="bbox 2104 1938 3680 2008; baseline 0.002 -17"><span class='ocrx_word' id='word_1_384' title='bbox 2104 1951 2227 2006; x_wconf 65' lang='lat' dir='ltr'><strong>qua!</strong></span> <span class='ocrx_word' id='word_1_385' title='bbox 2251 1953 2364 1993; x_wconf 87' lang='lat' dir='ltr'><strong>non</strong></span> <span class='ocrx_word' id='word_1_386' title='bbox 2397 1938 2656 2003; x_wconf 86' lang='lat' dir='ltr'><strong>habebat,</strong></span> <span class='ocrx_word' id='word_1_387' title='bbox 2683 1939 2781 1993; x_wconf 91' lang='lat' dir='ltr'><strong>sed</strong></span> <span class='ocrx_word' id='word_1_388' title='bbox 2817 1948 2878 1993; x_wconf 93' lang='lat' dir='ltr'><strong>ut</strong></span> <span class='ocrx_word' id='word_1_389' title='bbox 2910 1955 3031 2008; x_wconf 65' lang='lat' dir='ltr'><strong>qua:</strong></span> <span class='ocrx_word' id='word_1_390' title='bbox 3067 1939 3325 2004; x_wconf 88' lang='lat' dir='ltr'><strong>habebat,</strong></span> <span class='ocrx_word' id='word_1_391' title='bbox 3362 1939 3680 1995; x_wconf 84' lang='lat' dir='ltr'><strong>manifesta—</strong></span> 
     </span>
    </p>
   </div>
   <div class='ocr_carea' id='block_1_49' title="bbox 2105 2030 3680 2099">
    <p class='ocr_par' dir='ltr' id='par_1_49' title="bbox 2105 2030 3680 2099">
     <span class='ocr_line' id='line_1_49' title="bbox 2105 2030 3680 2099; baseline 0.003 -18"><span class='ocrx_word' id='word_1_392' title='bbox 2105 2036 2319 2095; x_wconf 88' lang='lat' dir='ltr'><strong>rentur,</strong></span> <span class='ocrx_word' id='word_1_393' title='bbox 2350 2030 2816 2099; x_wconf 90' lang='lat' dir='ltr'><strong>quemadmodum</strong></span> <span class='ocrx_word' id='word_1_394' title='bbox 2842 2030 3111 2098; x_wconf 84' lang='lat' dir='ltr'><strong>scriptum</strong></span> <span class='ocrx_word' id='word_1_395' title='bbox 3143 2040 3266 2085; x_wconf 82' lang='lat' dir='ltr'><strong>est:</strong></span> <span class='ocrx_word' id='word_1_396' title='bbox 3306 2049 3324 2082; x_wconf 88' lang='grc' dir='ltr'><strong>ι</strong></span> <span class='ocrx_word' id='word_1_397' title='bbox 3353 2031 3550 2085; x_wconf 89' lang='lat' dir='ltr'><strong>Pasces</strong></span> <span class='ocrx_word' id='word_1_398' title='bbox 3581 2045 3680 2085; x_wconf 84' lang='lat' dir='ltr'><strong>eos</strong></span> 
     </span>
    </p>
   </div>
   <div class='ocr_carea' id='block_1_50' title="bbox 2104 2122 3676 2192">
    <p class='ocr_par' dir='ltr' id='par_1_50' title="bbox 2104 2122 3676 2192">
     <span class='ocr_line' id='line_1_50' title="bbox 2104 2122 3676 2192; baseline 0.001 -17"><span class='ocrx_word' id='word_1_399' title='bbox 2104 2122 2161 2175; x_wconf 92' lang='lat' dir='ltr'><strong>in</strong></span> <span class='ocrx_word' id='word_1_400' title='bbox 2188 2122 2339 2192; x_wconf 91' lang='lat' dir='ltr'><strong>virga</strong></span> <span class='ocrx_word' id='word_1_401' title='bbox 2373 2122 2632 2187; x_wconf 76' lang='lat' dir='ltr'><strong>ferrea”,</strong></span> <span class='ocrx_word' id='word_1_402' title='bbox 2659 2142 2676 2173; x_wconf 83' lang='grc'><strong>›</strong></span> <span class='ocrx_word' id='word_1_403' title='bbox 2706 2138 2827 2191; x_wconf 65' lang='lat' dir='ltr'><strong>quia:</strong></span> <span class='ocrx_word' id='word_1_404' title='bbox 2849 2134 2936 2176; x_wconf 88' lang='lat' dir='ltr'><strong>est</strong></span> <span class='ocrx_word' id='word_1_405' title='bbox 2961 2122 3334 2176; x_wconf 83' lang='lat' dir='ltr'><strong>Romanorum</strong></span> <span class='ocrx_word' id='word_1_406' title='bbox 3360 2122 3676 2191; x_wconf 90' lang='lat' dir='ltr'><strong>imperium.</strong></span> 
     </span>
    </p>
   </div>
   <div class='ocr_carea' id='block_1_51' title="bbox 2107 2210 3681 2282">
    <p class='ocr_par' dir='ltr' id='par_1_51' title="bbox 2107 2210 3681 2282">
     <span class='ocr_line' id='line_1_51' title="bbox 2107 2210 3681 2282; baseline 0.003 -18"><span class='ocrx_word' id='word_1_407' title='bbox 2107 2210 2401 2280; x_wconf 86' lang='lat' dir='ltr'><strong>Postquam</strong></span> <span class='ocrx_word' id='word_1_408' title='bbox 2431 2211 2579 2265; x_wconf 89' lang='lat' dir='ltr'><strong>enim</strong></span> <span class='ocrx_word' id='word_1_409' title='bbox 2621 2210 2876 2266; x_wconf 79' lang='lat' dir='ltr'><strong>Christus</strong></span> <span class='ocrx_word' id='word_1_410' title='bbox 2916 2212 3023 2266; x_wconf 85' lang='lat' dir='ltr'><strong>hoc</strong></span> <span class='ocrx_word' id='word_1_411' title='bbox 3065 2229 3298 2282; x_wconf 82' lang='lat' dir='ltr'><strong>regnum</strong></span> <span class='ocrx_word' id='word_1_412' title='bbox 3335 2211 3590 2268; x_wconf 83' lang='lat' dir='ltr'><strong>ﬁdelibus</strong></span> <span class='ocrx_word' id='word_1_413' title='bbox 3624 2223 3681 2269; x_wconf 85' lang='lat' dir='ltr'><strong>et</strong></span> 
     </span>
    </p>
   </div>
   <div class='ocr_carea' id='block_1_52' title="bbox 2103 2300 3680 2373">
    <p class='ocr_par' dir='ltr' id='par_1_52' title="bbox 2103 2300 3680 2373">
     <span class='ocr_line' id='line_1_52' title="bbox 2103 2300 3680 2373; baseline 0.002 -17"><span class='ocrx_word' id='word_1_414' title='bbox 2103 2300 2439 2357; x_wconf 87' lang='lat' dir='ltr'><strong>Christianis</strong></span> <span class='ocrx_word' id='word_1_415' title='bbox 2484 2303 2912 2372; x_wconf 75' lang='lat' dir='ltr'><strong>imperatoribus</strong></span> <span class='ocrx_word' id='word_1_416' title='bbox 2961 2303 3190 2372; x_wconf 84' lang='lat' dir='ltr'><strong>largitus</strong></span> <span class='ocrx_word' id='word_1_417' title='bbox 3219 2311 3323 2366; x_wconf 89' lang='lat' dir='ltr'><strong>est,</strong></span> <span class='ocrx_word' id='word_1_418' title='bbox 3363 2303 3445 2357; x_wconf 91' lang='lat' dir='ltr'><strong>eis</strong></span> <span class='ocrx_word' id='word_1_419' title='bbox 3482 2312 3680 2373; x_wconf 69' lang='lat' dir='ltr'><strong>praeest</strong></span> 
     </span>
    </p>
   </div>
   <div class='ocr_carea' id='block_1_53' title="bbox 2105 2393 3681 2466">
    <p class='ocr_par' dir='ltr' id='par_1_53' title="bbox 2105 2393 3681 2466">
     <span class='ocr_line' id='line_1_53' title="bbox 2105 2393 3681 2466; baseline 0.003 -20"><span class='ocrx_word' id='word_1_420' title='bbox 2105 2402 2270 2463; x_wconf 89' lang='lat' dir='ltr'><strong>atque</strong></span> <span class='ocrx_word' id='word_1_421' title='bbox 2301 2403 2620 2463; x_wconf 89' lang='lat' dir='ltr'><strong>conregnat.</strong></span> <span class='ocrx_word' id='word_1_422' title='bbox 2647 2395 2754 2448; x_wconf 89' lang='lat' dir='ltr'><strong>Per</strong></span> <span class='ocrx_word' id='word_1_423' title='bbox 2772 2410 2898 2449; x_wconf 92' lang='lat' dir='ltr'><strong>eum</strong></span> <span class='ocrx_word' id='word_1_424' title='bbox 2926 2393 3113 2449; x_wconf 81' lang='lat' dir='ltr'><strong>ﬁdeles</strong></span> <span class='ocrx_word' id='word_1_425' title='bbox 3140 2395 3324 2464; x_wconf 90' lang='lat' dir='ltr'><strong>populi</strong></span> <span class='ocrx_word' id='word_1_426' title='bbox 3354 2395 3486 2449; x_wconf 89' lang='lat' dir='ltr'><strong>huic</strong></span> <span class='ocrx_word' id='word_1_427' title='bbox 3510 2411 3681 2466; x_wconf 88' lang='lat' dir='ltr'><strong>regno</strong></span> 
     </span>
    </p>
   </div>
   <div class='ocr_carea' id='block_1_54' title="bbox 2107 2485 3682 2556">
    <p class='ocr_par' dir='ltr' id='par_1_54' title="bbox 2107 2485 3682 2556">
     <span class='ocr_line' id='line_1_54' title="bbox 2107 2485 3682 2556; baseline 0.001 -17"><span class='ocrx_word' id='word_1_428' title='bbox 2107 2485 2336 2555; x_wconf 88' lang='lat' dir='ltr'><strong>ascripti</strong></span> <span class='ocrx_word' id='word_1_429' title='bbox 2369 2494 2676 2554; x_wconf 86' lang='lat' dir='ltr'><strong>pascuntur</strong></span> <span class='ocrx_word' id='word_1_430' title='bbox 2700 2495 2757 2540; x_wconf 90' lang='lat' dir='ltr'><strong>et</strong></span> <span class='ocrx_word' id='word_1_431' title='bbox 2795 2486 2851 2539; x_wconf 91' lang='lat' dir='ltr'><strong>in</strong></span> <span class='ocrx_word' id='word_1_432' title='bbox 2892 2485 2997 2539; x_wconf 77' lang='lat' dir='ltr'><strong>(ide</strong></span> <span class='ocrx_word' id='word_1_433' title='bbox 3028 2486 3409 2541; x_wconf 80' lang='lat' dir='ltr'><strong>continentur.</strong></span> <span class='ocrx_word' id='word_1_434' title='bbox 3435 2486 3682 2556; x_wconf 85' lang='lat' dir='ltr'><strong>Quapro-</strong></span> 
     </span>
    </p>
   </div>
   <div class='ocr_carea' id='block_1_55' title="bbox 2108 2576 3679 2651">
    <p class='ocr_par' dir='ltr' id='par_1_55' title="bbox 2108 2576 3679 2651">
     <span class='ocr_line' id='line_1_55' title="bbox 2108 2576 3679 2651; baseline 0.001 -20"><span class='ocrx_word' id='word_1_435' title='bbox 2108 2585 2234 2646; x_wconf 86' lang='lat' dir='ltr'><strong>pter</strong></span> <span class='ocrx_word' id='word_1_436' title='bbox 2299 2576 2430 2631; x_wconf 84' lang='lat' dir='ltr'><strong>licet</strong></span> <span class='ocrx_word' id='word_1_437' title='bbox 2486 2592 2680 2631; x_wconf 90' lang='lat' dir='ltr'><strong>omnes</strong></span> <span class='ocrx_word' id='word_1_438' title='bbox 2723 2586 2914 2647; x_wconf 79' lang='lat' dir='ltr'><strong>gentes</strong></span> <span class='ocrx_word' id='word_1_439' title='bbox 2964 2576 3407 2651; x_wconf 83' lang='lat' dir='ltr'><strong>Christianorum</strong></span> <span class='ocrx_word' id='word_1_440' title='bbox 3449 2594 3679 2649; x_wconf 82' lang='lat' dir='ltr'><strong>regnum</strong></span> 
     </span>
    </p>
   </div>
   <div class='ocr_carea' id='block_1_56' title="bbox 2109 2667 3677 2740">
    <p class='ocr_par' dir='ltr' id='par_1_56' title="bbox 2109 2667 3677 2740">
     <span class='ocr_line' id='line_1_56' title="bbox 2109 2667 3677 2740; baseline 0.003 -19"><span class='ocrx_word' id='word_1_441' title='bbox 2109 2667 2556 2738; x_wconf 83' lang='lat' dir='ltr'><strong>impugnaverint</strong></span> <span class='ocrx_word' id='word_1_442' title='bbox 2579 2683 2635 2723; x_wconf 87' lang='lat' dir='ltr'><strong>et</strong></span> <span class='ocrx_word' id='word_1_443' title='bbox 2657 2669 2727 2723; x_wconf 89' lang='lat' dir='ltr'><strong>ad</strong></span> <span class='ocrx_word' id='word_1_444' title='bbox 2764 2678 2979 2738; x_wconf 86' lang='lat' dir='ltr'><strong>tempus</strong></span> <span class='ocrx_word' id='word_1_445' title='bbox 3004 2670 3296 2724; x_wconf 79' lang='lat' dir='ltr'><strong>victoriam</strong></span> <span class='ocrx_word' id='word_1_446' title='bbox 3319 2673 3677 2740; x_wconf 89' lang='lat' dir='ltr'><strong>reportarint,</strong></span> 
     </span>
    </p>
   </div>
   <div class='ocr_carea' id='block_1_57' title="bbox 2106 2756 3682 2828">
    <p class='ocr_par' dir='ltr' id='par_1_57' title="bbox 2106 2756 3682 2828">
     <span class='ocr_line' id='line_1_57' title="bbox 2106 2756 3682 2828; baseline 0.004 -19"><span class='ocrx_word' id='word_1_447' title='bbox 2106 2756 2241 2811; x_wconf 91' lang='lat' dir='ltr'><strong>illud</strong></span> <span class='ocrx_word' id='word_1_448' title='bbox 2274 2773 2454 2827; x_wconf 87' lang='lat' dir='ltr'><strong>neque</strong></span> <span class='ocrx_word' id='word_1_449' title='bbox 2486 2772 2655 2822; x_wconf 91' lang='lat' dir='ltr'><strong>nunc,</strong></span> <span class='ocrx_word' id='word_1_450' title='bbox 2690 2773 2870 2826; x_wconf 89' lang='lat' dir='ltr'><strong>neque</strong></span> <span class='ocrx_word' id='word_1_451' title='bbox 2901 2758 2956 2811; x_wconf 90' lang='lat' dir='ltr'><strong>in</strong></span> <span class='ocrx_word' id='word_1_452' title='bbox 2987 2768 3271 2828; x_wconf 86' lang='lat' dir='ltr'><strong>posterum</strong></span> <span class='ocrx_word' id='word_1_453' title='bbox 3302 2769 3553 2815; x_wconf 84' lang='lat' dir='ltr'><strong>evertere</strong></span> <span class='ocrx_word' id='word_1_454' title='bbox 3587 2777 3682 2815; x_wconf 85' lang='lat' dir='ltr'><strong>va-</strong></span> 
     </span>
    </p>
   </div>
   <div class='ocr_carea' id='block_1_58' title="bbox 2106 2848 3682 2923">
    <p class='ocr_par' dir='ltr' id='par_1_58' title="bbox 2106 2848 3682 2923">
     <span class='ocr_line' id='line_1_58' title="bbox 2106 2848 3682 2923; baseline 0.004 -22"><span class='ocrx_word' id='word_1_455' title='bbox 2106 2848 2321 2912; x_wconf 81' lang='lat' dir='ltr'><strong>lebunt,</strong></span> <span class='ocrx_word' id='word_1_456' title='bbox 2351 2849 2428 2903; x_wconf 91' lang='lat' dir='ltr'><strong>uti</strong></span> <span class='ocrx_word' id='word_1_457' title='bbox 2478 2849 2534 2903; x_wconf 91' lang='lat' dir='ltr'><strong>iu</strong></span> <span class='ocrx_word' id='word_1_458' title='bbox 2571 2850 2719 2904; x_wconf 91' lang='lat' dir='ltr'><strong>libro</strong></span> <span class='ocrx_word' id='word_1_459' title='bbox 2767 2851 3112 2904; x_wconf 88' lang='lat' dir='ltr'><strong>Psalmorum</strong></span> <span class='ocrx_word' id='word_1_460' title='bbox 3151 2850 3220 2906; x_wconf 90' lang='lat' dir='ltr'><strong>de</strong></span> <span class='ocrx_word' id='word_1_461' title='bbox 3263 2850 3470 2907; x_wconf 86' lang='lat' dir='ltr'><strong>Christi</strong></span> <span class='ocrx_word' id='word_1_462' title='bbox 3512 2869 3682 2923; x_wconf 88' lang='lat' dir='ltr'><strong>regno</strong></span> 
     </span>
    </p>
   </div>
   <div class='ocr_carea' id='block_1_59' title="bbox 2107 2940 3685 3011">
    <p class='ocr_par' dir='ltr' id='par_1_59' title="bbox 2107 2940 3685 3011">
     <span class='ocr_line' id='line_1_59' title="bbox 2107 2940 3685 3011; baseline 0.004 -17"><span class='ocrx_word' id='word_1_463' title='bbox 2107 2940 2374 3009; x_wconf 87' lang='lat' dir='ltr'><strong>scriptum</strong></span> <span class='ocrx_word' id='word_1_464' title='bbox 2424 2940 2628 3011; x_wconf 83' lang='lat' dir='ltr'><strong>legitur</strong></span> <span class='ocrx_word' id='word_1_465' title='bbox 2665 2960 2678 2995; x_wconf 92' lang='lat'><strong>:</strong></span> <span class='ocrx_word' id='word_1_466' title='bbox 2727 2960 2745 2993; x_wconf 81' lang='grc' dir='ltr'><strong>ι</strong></span> <span class='ocrx_word' id='word_1_467' title='bbox 2778 2942 2997 2999; x_wconf 85' lang='lat' dir='ltr'><strong>Veritas</strong></span> <span class='ocrx_word' id='word_1_468' title='bbox 3041 2958 3160 2997; x_wconf 89' lang='lat' dir='ltr'><strong>mea</strong></span> <span class='ocrx_word' id='word_1_469' title='bbox 3203 2952 3259 2998; x_wconf 93' lang='lat' dir='ltr'><strong>et</strong></span> <span class='ocrx_word' id='word_1_470' title='bbox 3304 2944 3685 3001; x_wconf 82' lang='lat' dir='ltr'><strong>misericordia</strong></span> 
     </span>
    </p>
   </div>
   <div class='ocr_carea' id='block_1_60' title="bbox 2107 3033 3684 3117">
    <p class='ocr_par' dir='ltr' id='par_1_60' title="bbox 2107 3033 3684 3117">
     <span class='ocr_line' id='line_1_60' title="bbox 2107 3033 3684 3117; baseline 0.003 -31"><span class='ocrx_word' id='word_1_471' title='bbox 2107 3047 2227 3087; x_wconf 90' lang='lat' dir='ltr'><strong>mea</strong></span> <span class='ocrx_word' id='word_1_472' title='bbox 2264 3047 2389 3087; x_wconf 90' lang='lat' dir='ltr'><strong>eum</strong></span> <span class='ocrx_word' id='word_1_473' title='bbox 2419 3048 2507 3097; x_wconf 90' lang='lat' dir='ltr'><strong>eo,</strong></span> <span class='ocrx_word' id='word_1_474' title='bbox 2541 3042 2597 3088; x_wconf 93' lang='lat' dir='ltr'><strong>et</strong></span> <span class='ocrx_word' id='word_1_475' title='bbox 2628 3033 2684 3087; x_wconf 91' lang='lat' dir='ltr'><strong>in</strong></span> <span class='ocrx_word' id='word_1_476' title='bbox 2711 3034 2934 3089; x_wconf 90' lang='lat' dir='ltr'><strong>nomine</strong></span> <span class='ocrx_word' id='word_1_477' title='bbox 2965 3049 3089 3088; x_wconf 87' lang='lat' dir='ltr'><strong>meo</strong></span> <span class='ocrx_word' id='word_1_478' title='bbox 3115 3050 3286 3090; x_wconf 89' lang='lat' dir='ltr'><strong>cornu</strong></span> <span class='ocrx_word' id='word_1_479' title='bbox 3319 3037 3443 3117; x_wconf 76' lang='lat' dir='ltr'><strong>ejus</strong></span> <span class='ocrx_word' id='word_1_480' title='bbox 3474 3037 3684 3092; x_wconf 75' lang='lat' dir='ltr'><strong>exalta-</strong></span> 
     </span>
    </p>
   </div>
   <div class='ocr_carea' id='block_1_61' title="bbox 435 3121 2005 3221">
    <p class='ocr_par' dir='ltr' id='par_1_61' title="bbox 435 3121 2005 3199">
     <span class='ocr_line' id='line_1_61' title="bbox 435 3121 2005 3199; baseline -0.006 -16"><span class='ocrx_word' id='word_1_481' title='bbox 435 3131 529 3183; x_wconf 74' lang='grc' dir='ltr'>καὶ</span> <span class='ocrx_word' id='word_1_482' title='bbox 557 3129 907 3199; x_wconf 83' lang='grc' dir='ltr'>άντιλήπτωρ</span> <span class='ocrx_word' id='word_1_483' title='bbox 932 3127 1033 3196; x_wconf 79' lang='grc' dir='ltr'>τῆς</span> <span class='ocrx_word' id='word_1_484' title='bbox 1059 3127 1333 3195; x_wconf 76' lang='grc' dir='ltr'>σωτηρίας</span> <span class='ocrx_word' id='word_1_485' title='bbox 1369 3139 1491 3193; x_wconf 90' lang='grc' dir='ltr'>μου·</span> <span class='ocrx_word' id='word_1_486' title='bbox 1531 3121 1684 3190; x_wconf 83' lang='grc' dir='ltr'>κάγὼ</span> <span class='ocrx_word' id='word_1_487' title='bbox 1733 3123 2005 3194; x_wconf 85' lang='grc' dir='ltr'>πρωτότο-</span> 
     </span>
    </p>
   </div>
   <div class='ocr_carea' id='block_1_62' title="bbox 2109 3121 3684 3221">
    <p class='ocr_par' dir='ltr' id='par_1_62' title="bbox 2110 3124 3684 3196">
     <span class='ocr_line' id='line_1_62' title="bbox 2110 3124 3684 3196; baseline 0.004 -18"><span class='ocrx_word' id='word_1_488' title='bbox 2110 3124 2279 3178; x_wconf 87' lang='lat' dir='ltr'><strong>bitur.</strong></span> <span class='ocrx_word' id='word_1_489' title='bbox 2317 3125 2521 3180; x_wconf 90' lang='lat' dir='ltr'><strong>Ponam</strong></span> <span class='ocrx_word' id='word_1_490' title='bbox 2562 3124 2619 3179; x_wconf 92' lang='lat' dir='ltr'><strong>in</strong></span> <span class='ocrx_word' id='word_1_491' title='bbox 2669 3126 2808 3179; x_wconf 88' lang='lat' dir='ltr'><strong>mari</strong></span> <span class='ocrx_word' id='word_1_492' title='bbox 2857 3140 3083 3180; x_wconf 89' lang='lat' dir='ltr'><strong>manum</strong></span> <span class='ocrx_word' id='word_1_493' title='bbox 3126 3128 3267 3196; x_wconf 86' lang='lat' dir='ltr'><strong>ejus,</strong></span> <span class='ocrx_word' id='word_1_494' title='bbox 3314 3137 3373 3181; x_wconf 87' lang='lat' dir='ltr'><strong>et</strong></span> <span class='ocrx_word' id='word_1_495' title='bbox 3417 3128 3470 3183; x_wconf 89' lang='lat' dir='ltr'><strong>in</strong></span> <span class='ocrx_word' id='word_1_496' title='bbox 3502 3128 3684 3185; x_wconf 86' lang='lat' dir='ltr'><strong>tluviis</strong></span> 
     </span>
    </p>
   </div>
   <div class='ocr_carea' id='block_1_63' title="bbox 436 3211 2008 3289">
    <p class='ocr_par' dir='ltr' id='par_1_63' title="bbox 436 3211 2008 3289">
     <span class='ocr_line' id='line_1_63' title="bbox 436 3211 2008 3289; baseline -0.006 -17"><span class='ocrx_word' id='word_1_497' title='bbox 436 3236 530 3272; x_wconf 86' lang='grc' dir='ltr'><strong>κον</strong></span> <span class='ocrx_word' id='word_1_498' title='bbox 561 3217 801 3289; x_wconf 80' lang='grc' dir='ltr'>θήσομαι</span> <span class='ocrx_word' id='word_1_499' title='bbox 830 3216 1012 3280; x_wconf 80' lang='grc' dir='ltr'>αὑτὸν,</span> <span class='ocrx_word' id='word_1_500' title='bbox 1048 3214 1248 3285; x_wconf 80' lang='grc' dir='ltr'>ὑψηλὸν</span> <span class='ocrx_word' id='word_1_501' title='bbox 1275 3213 1428 3282; x_wconf 81' lang='grc' dir='ltr'>παρὰ</span> <span class='ocrx_word' id='word_1_502' title='bbox 1447 3214 1557 3273; x_wconf 74' lang='grc' dir='ltr'>τοῖς</span> <span class='ocrx_word' id='word_1_503' title='bbox 1592 3211 1869 3281; x_wconf 83' lang='grc' dir='ltr'>βασιλεῦσι</span> <span class='ocrx_word' id='word_1_504' title='bbox 1907 3211 2008 3281; x_wconf 82' lang='grc' dir='ltr'>τῆς</span> 
     </span>
    </p>
   </div>
   <div class='ocr_carea' id='block_1_64' title="bbox 435 3291 2010 3376">
    <p class='ocr_par' dir='ltr' id='par_1_64' title="bbox 435 3291 2010 3376">
     <span class='ocr_line' id='line_1_64' title="bbox 435 3291 2010 3376; baseline -0.005 -16"><span class='ocrx_word' id='word_1_505' title='bbox 435 3307 556 3376; x_wconf 82' lang='grc' dir='ltr'>γῆς·</span> <span class='ocrx_word' id='word_1_506' title='bbox 593 3308 673 3369; x_wconf 82' lang='grc' dir='ltr'><strong>είς</strong></span> <span class='ocrx_word' id='word_1_507' title='bbox 709 3305 802 3360; x_wconf 83' lang='grc' dir='ltr'>τὸν</span> <span class='ocrx_word' id='word_1_508' title='bbox 830 3305 1003 3360; x_wconf 84' lang='grc' dir='ltr'>αίῶνα</span> <span class='ocrx_word' id='word_1_509' title='bbox 1032 3304 1255 3373; x_wconf 80' lang='grc' dir='ltr'>φυλάξω</span> <span class='ocrx_word' id='word_1_510' title='bbox 1284 3301 1432 3372; x_wconf 80' lang='grc' dir='ltr'>αὐτῷ</span> <span class='ocrx_word' id='word_1_511' title='bbox 1474 3302 1537 3357; x_wconf 88' lang='grc' dir='ltr'>τὸ</span> <span class='ocrx_word' id='word_1_512' title='bbox 1571 3291 1717 3365; x_wconf 75' lang='grc' dir='ltr'>ἔλεός</span> <span class='ocrx_word' id='word_1_513' title='bbox 1756 3320 1881 3370; x_wconf 78' lang='grc' dir='ltr'>μου,</span> <span class='ocrx_word' id='word_1_514' title='bbox 1916 3302 2010 3353; x_wconf 82' lang='grc' dir='ltr'>καὶ</span> 
     </span>
    </p>
   </div>
   <div class='ocr_carea' id='block_1_65' title="bbox 435 3390 2010 3467">
    <p class='ocr_par' dir='ltr' id='par_1_65' title="bbox 435 3390 2010 3467">
     <span class='ocr_line' id='line_1_65' title="bbox 435 3390 2010 3467; baseline -0.006 -16"><span class='ocrx_word' id='word_1_515' title='bbox 435 3399 468 3466; x_wconf 83' lang='grc' dir='ltr'><strong>ἡ</strong></span> <span class='ocrx_word' id='word_1_516' title='bbox 509 3396 745 3467; x_wconf 81' lang='grc' dir='ltr'>διαθήκη</span> <span class='ocrx_word' id='word_1_517' title='bbox 795 3413 895 3465; x_wconf 88' lang='grc' dir='ltr'><strong>μου</strong></span> <span class='ocrx_word' id='word_1_518' title='bbox 946 3395 1115 3464; x_wconf 88' lang='grc' dir='ltr'>πιστὴ</span> <span class='ocrx_word' id='word_1_519' title='bbox 1152 3392 1299 3463; x_wconf 82' lang='grc' dir='ltr'>αὐτῷ</span> <span class='ocrx_word' id='word_1_520' title='bbox 1325 3409 1339 3424; x_wconf 92' lang='grc'><strong>·</strong></span> <span class='ocrx_word' id='word_1_521' title='bbox 1377 3392 1470 3446; x_wconf 69' lang='grc' dir='ltr'>καὶ</span> <span class='ocrx_word' id='word_1_522' title='bbox 1505 3390 1745 3461; x_wconf 81' lang='grc' dir='ltr'>θήσομαι</span> <span class='ocrx_word' id='word_1_523' title='bbox 1798 3393 1876 3454; x_wconf 83' lang='grc' dir='ltr'><strong>εἰς</strong></span> <span class='ocrx_word' id='word_1_524' title='bbox 1920 3391 2010 3442; x_wconf 73' lang='grc' dir='ltr'>τὸν</span> 
     </span>
    </p>
   </div>
   <div class='ocr_carea' id='block_1_66' title="bbox 438 3483 2011 3555">
    <p class='ocr_par' dir='ltr' id='par_1_66' title="bbox 438 3483 2011 3555">
     <span class='ocr_line' id='line_1_66' title="bbox 438 3483 2011 3555; baseline -0.003 -16"><span class='ocrx_word' id='word_1_525' title='bbox 438 3488 610 3539; x_wconf 80' lang='grc' dir='ltr'>αἰῶνα</span> <span class='ocrx_word' id='word_1_526' title='bbox 646 3486 740 3540; x_wconf 81' lang='grc' dir='ltr'>τοῦ</span> <span class='ocrx_word' id='word_1_527' title='bbox 767 3487 960 3549; x_wconf 73' lang='grc' dir='ltr'>αἰῶνος</span> <span class='ocrx_word' id='word_1_528' title='bbox 991 3486 1054 3539; x_wconf 81' lang='grc' dir='ltr'>τὸ</span> <span class='ocrx_word' id='word_1_529' title='bbox 1083 3485 1304 3555; x_wconf 84' lang='grc' dir='ltr'>σπέρμα</span> <span class='ocrx_word' id='word_1_530' title='bbox 1330 3483 1519 3547; x_wconf 76' lang='grc' dir='ltr'>αὑτοῦ,</span> <span class='ocrx_word' id='word_1_531' title='bbox 1561 3484 1657 3535; x_wconf 78' lang='grc' dir='ltr'>καὶ</span> <span class='ocrx_word' id='word_1_532' title='bbox 1690 3483 1781 3536; x_wconf 78' lang='grc' dir='ltr'><strong>τὸν</strong></span> <span class='ocrx_word' id='word_1_533' title='bbox 1824 3483 2011 3553; x_wconf 81' lang='grc' dir='ltr'>θρόνον</span> 
     </span>
    </p>
   </div>
   <div class='ocr_carea' id='block_1_67' title="bbox 440 3574 2012 3648">
    <p class='ocr_par' dir='ltr' id='par_1_67' title="bbox 440 3574 2012 3648">
     <span class='ocr_line' id='line_1_67' title="bbox 440 3574 2012 3648; baseline -0.003 -18"><span class='ocrx_word' id='word_1_534' title='bbox 440 3577 605 3630; x_wconf 74' lang='grc' dir='ltr'>αὐτοῦ</span> <span class='ocrx_word' id='word_1_535' title='bbox 652 3578 726 3639; x_wconf 82' lang='grc' dir='ltr'>ὡς</span> <span class='ocrx_word' id='word_1_536' title='bbox 765 3577 864 3640; x_wconf 74' lang='grc' dir='ltr'><strong>τὰς</strong></span> <span class='ocrx_word' id='word_1_537' title='bbox 896 3577 1114 3648; x_wconf 84' lang='grc' dir='ltr'>ήμέρας</span> <span class='ocrx_word' id='word_1_538' title='bbox 1137 3575 1233 3629; x_wconf 82' lang='grc' dir='ltr'><strong>τοῦ</strong></span> <span class='ocrx_word' id='word_1_539' title='bbox 1268 3574 1520 3645; x_wconf 82' lang='grc' dir='ltr'>οὐρανοῦ.</span> <span class='ocrx_word' id='word_1_540' title='bbox 1569 3576 1693 3627; x_wconf 72' lang='grc' dir='ltr'>Ἐὰν</span> <span class='ocrx_word' id='word_1_541' title='bbox 1724 3575 2012 3644; x_wconf 72' lang='grc' dir='ltr'>ἐγκαταλί-</span> 
     </span>
    </p>
   </div>
   <div class='ocr_carea' id='block_1_68' title="bbox 442 3666 2011 3737">
    <p class='ocr_par' dir='ltr' id='par_1_68' title="bbox 442 3666 2011 3737">
     <span class='ocr_line' id='line_1_68' title="bbox 442 3666 2011 3737; baseline -0.003 -15"><span class='ocrx_word' id='word_1_542' title='bbox 442 3684 623 3722; x_wconf 84' lang='grc' dir='ltr'>πωσιν</span> <span class='ocrx_word' id='word_1_543' title='bbox 646 3669 695 3719; x_wconf 82' lang='grc' dir='ltr'>οἱ</span> <span class='ocrx_word' id='word_1_544' title='bbox 728 3668 832 3721; x_wconf 72' lang='grc' dir='ltr'>υἱοὶ</span> <span class='ocrx_word' id='word_1_545' title='bbox 871 3666 1034 3720; x_wconf 81' lang='grc' dir='ltr'>αὐτοῦ</span> <span class='ocrx_word' id='word_1_546' title='bbox 1084 3667 1175 3720; x_wconf 81' lang='grc' dir='ltr'>τὸν</span> <span class='ocrx_word' id='word_1_547' title='bbox 1205 3667 1373 3737; x_wconf 52' lang='grc' dir='ltr'>νόμον,</span> <span class='ocrx_word' id='word_1_548' title='bbox 1402 3683 1528 3737; x_wconf 90' lang='grc' dir='ltr'>μου,</span> <span class='ocrx_word' id='word_1_549' title='bbox 1573 3684 1591 3717; x_wconf 72' lang='grc' dir='ltr'><strong>ι</strong></span> <span class='ocrx_word' id='word_1_550' title='bbox 1634 3666 1750 3737; x_wconf 73' lang='grc' dir='ltr'>ἤτοι</span> <span class='ocrx_word' id='word_1_551' title='bbox 1788 3668 1836 3718; x_wconf 81' lang='grc' dir='ltr'>οἱ</span> <span class='ocrx_word' id='word_1_552' title='bbox 1878 3667 2011 3735; x_wconf 86' lang='grc' dir='ltr'>Χρι-</span> 
     </span>
    </p>
   </div>
   <div class='ocr_carea' id='block_1_69' title="bbox 442 3757 2012 3828">
    <p class='ocr_par' dir='ltr' id='par_1_69' title="bbox 442 3757 2012 3828">
     <span class='ocr_line' id='line_1_69' title="bbox 442 3757 2012 3828; baseline -0.002 -16"><span class='ocrx_word' id='word_1_553' title='bbox 442 3758 667 3824; x_wconf 74' lang='grc' dir='ltr'>στιανοὶ,</span> <span class='ocrx_word' id='word_1_554' title='bbox 706 3777 723 3812; x_wconf 77' lang='grc' dir='ltr'><strong>ι</strong></span> <span class='ocrx_word' id='word_1_555' title='bbox 760 3758 856 3811; x_wconf 68' lang='grc' dir='ltr'>καὶ</span> <span class='ocrx_word' id='word_1_556' title='bbox 877 3760 990 3821; x_wconf 85' lang='grc' dir='ltr'>τοῖς</span> <span class='ocrx_word' id='word_1_557' title='bbox 1029 3757 1263 3828; x_wconf 82' lang='grc' dir='ltr'>κρίμασί</span> <span class='ocrx_word' id='word_1_558' title='bbox 1294 3774 1396 3828; x_wconf 89' lang='grc' dir='ltr'><strong>μου</strong></span> <span class='ocrx_word' id='word_1_559' title='bbox 1422 3759 1493 3811; x_wconf 58' lang='grc' dir='ltr'><strong>οὐ⁴</strong></span> <span class='ocrx_word' id='word_1_560' title='bbox 1526 3757 1882 3827; x_wconf 85' lang='grc' dir='ltr'>πορευθῶσιν’</span> <span class='ocrx_word' id='word_1_561' title='bbox 1918 3758 2012 3810; x_wconf 75' lang='grc' dir='ltr'>ἐὰν</span> 
     </span>
    </p>
   </div>
   <div class='ocr_carea' id='block_1_70' title="bbox 438 3848 2013 3921">
    <p class='ocr_par' dir='ltr' id='par_1_70' title="bbox 438 3848 2013 3921">
     <span class='ocr_line' id='line_1_70' title="bbox 438 3848 2013 3921; baseline -0.003 -15"><span class='ocrx_word' id='word_1_562' title='bbox 438 3854 506 3906; x_wconf 85' lang='grc' dir='ltr'>τὰ</span> <span class='ocrx_word' id='word_1_563' title='bbox 537 3849 886 3921; x_wconf 84' lang='grc' dir='ltr'>δικαιώματά</span> <span class='ocrx_word' id='word_1_564' title='bbox 944 3866 1047 3918; x_wconf 86' lang='grc' dir='ltr'><strong>μου</strong></span> <span class='ocrx_word' id='word_1_565' title='bbox 1079 3848 1454 3920; x_wconf 80' lang='grc' dir='ltr'>βεϐηλώσωσι,</span> <span class='ocrx_word' id='word_1_566' title='bbox 1516 3848 1611 3901; x_wconf 77' lang='grc' dir='ltr'><strong>καὶ</strong></span> <span class='ocrx_word' id='word_1_567' title='bbox 1663 3848 1759 3911; x_wconf 75' lang='grc' dir='ltr'><strong>τὰς</strong></span> <span class='ocrx_word' id='word_1_568' title='bbox 1794 3848 2013 3911; x_wconf 81' lang='grc' dir='ltr'>ἐντολάς</span> 
     </span>
    </p>
   </div>
   <div class='ocr_carea' id='block_1_71' title="bbox 443 3939 2012 4017">
    <p class='ocr_par' dir='ltr' id='par_1_71' title="bbox 443 3939 2012 4017">
     <span class='ocr_line' id='line_1_71' title="bbox 443 3939 2012 4017; baseline -0.003 -20"><span class='ocrx_word' id='word_1_569' title='bbox 443 3961 545 4016; x_wconf 88' lang='grc' dir='ltr'><strong>μου</strong></span> <span class='ocrx_word' id='word_1_570' title='bbox 583 3946 658 4017; x_wconf 80' lang='grc' dir='ltr'>μὴ</span> <span class='ocrx_word' id='word_1_571' title='bbox 696 3942 1010 4011; x_wconf 80' lang='grc' dir='ltr'>φυλάξωσι,</span> <span class='ocrx_word' id='word_1_572' title='bbox 1040 3940 1411 4010; x_wconf 78' lang='grc' dir='ltr'>ἐπισκέψομαι</span> <span class='ocrx_word' id='word_1_573' title='bbox 1445 3941 1504 3993; x_wconf 82' lang='grc' dir='ltr'>ὲν</span> <span class='ocrx_word' id='word_1_574' title='bbox 1532 3939 1717 4011; x_wconf 77' lang='grc' dir='ltr'>ῥάϐδῳ</span> <span class='ocrx_word' id='word_1_575' title='bbox 1758 3940 1855 4003; x_wconf 69' lang='grc' dir='ltr'><strong>τὰς</strong></span> <span class='ocrx_word' id='word_1_576' title='bbox 1890 3941 2012 3994; x_wconf 81' lang='grc' dir='ltr'>ἀνο-</span> 
     </span>
    </p>
   </div>
   <div class='ocr_carea' id='block_1_72' title="bbox 443 4031 2014 4107">
    <p class='ocr_par' dir='ltr' id='par_1_72' title="bbox 443 4031 2014 4107">
     <span class='ocr_line' id='line_1_72' title="bbox 443 4031 2014 4107; baseline -0.003 -19"><span class='ocrx_word' id='word_1_577' title='bbox 443 4037 573 4107; x_wconf 87' lang='grc' dir='ltr'>μίας</span> <span class='ocrx_word' id='word_1_578' title='bbox 604 4035 804 4101; x_wconf 85' lang='grc' dir='ltr'>αὺτῶν,</span> <span class='ocrx_word' id='word_1_579' title='bbox 852 4036 946 4087; x_wconf 71' lang='grc' dir='ltr'>καὶ</span> <span class='ocrx_word' id='word_1_580' title='bbox 979 4035 1037 4087; x_wconf 80' lang='grc' dir='ltr'>ὲν</span> <span class='ocrx_word' id='word_1_581' title='bbox 1074 4031 1294 4099; x_wconf 78' lang='grc' dir='ltr'>μάστιξι</span> <span class='ocrx_word' id='word_1_582' title='bbox 1323 4032 1423 4095; x_wconf 83' lang='grc' dir='ltr'><strong>τὰς</strong></span> <span class='ocrx_word' id='word_1_583' title='bbox 1453 4031 1667 4095; x_wconf 86' lang='grc' dir='ltr'>ἀδικίας</span> <span class='ocrx_word' id='word_1_584' title='bbox 1699 4031 1880 4085; x_wconf 84' lang='grc' dir='ltr'>αὐτῶν</span> <span class='ocrx_word' id='word_1_585' title='bbox 1904 4047 1917 4061; x_wconf 74' lang='grc' dir='ltr'><strong>ο</strong></span> <span class='ocrx_word' id='word_1_586' title='bbox 1953 4032 2014 4083; x_wconf 86' lang='grc' dir='ltr'>τὸ</span> 
     </span>
    </p>
   </div>
   <div class='ocr_carea' id='block_1_73' title="bbox 438 4126 2010 4198">
    <p class='ocr_par' dir='ltr' id='par_1_73' title="bbox 438 4126 2010 4198">
     <span class='ocr_line' id='line_1_73' title="bbox 438 4126 2010 4198; baseline -0.002 -18"><span class='ocrx_word' id='word_1_587' title='bbox 438 4127 495 4181; x_wconf 76' lang='grc' dir='ltr'>δὲ</span> <span class='ocrx_word' id='word_1_588' title='bbox 521 4128 669 4187; x_wconf 73' lang='grc' dir='ltr'>ἔλεός</span> <span class='ocrx_word' id='word_1_589' title='bbox 705 4145 805 4198; x_wconf 83' lang='grc' dir='ltr'><strong>μου</strong></span> <span class='ocrx_word' id='word_1_590' title='bbox 848 4126 910 4180; x_wconf 75' lang='grc' dir='ltr'>οὐ</span> <span class='ocrx_word' id='word_1_591' title='bbox 963 4126 1037 4197; x_wconf 77' lang='grc' dir='ltr'>μὴ</span> <span class='ocrx_word' id='word_1_592' title='bbox 1078 4126 1418 4181; x_wconf 87' lang='grc' dir='ltr'>διασκεδάσω</span> <span class='ocrx_word' id='word_1_593' title='bbox 1444 4126 1540 4193; x_wconf 21' lang='grc' dir='ltr'>,ἐπ’</span> <span class='ocrx_word' id='word_1_594' title='bbox 1569 4126 1770 4193; x_wconf 75' lang='grc' dir='ltr'>αὐτῶν,</span> <span class='ocrx_word' id='word_1_595' title='bbox 1806 4126 1916 4180; x_wconf 82' lang='grc' dir='ltr'>οὐδ’</span> <span class='ocrx_word' id='word_1_596' title='bbox 1949 4126 2010 4178; x_wconf 82' lang='grc' dir='ltr'>οὐ</span> 
     </span>
    </p>
   </div>
   <div class='ocr_carea' id='block_1_74' title="bbox 444 4217 2014 4292">
    <p class='ocr_par' dir='ltr' id='par_1_74' title="bbox 444 4217 2014 4292">
     <span class='ocr_line' id='line_1_74' title="bbox 444 4217 2014 4292; baseline -0.002 -18"><span class='ocrx_word' id='word_1_597' title='bbox 444 4222 519 4292; x_wconf 76' lang='grc' dir='ltr'>μὴ</span> <span class='ocrx_word' id='word_1_598' title='bbox 554 4221 799 4291; x_wconf 84' lang='grc' dir='ltr'>ἀδικήσω</span> <span class='ocrx_word' id='word_1_599' title='bbox 838 4221 936 4289; x_wconf 82' lang='grc' dir='ltr'>τὴν</span> <span class='ocrx_word' id='word_1_600' title='bbox 966 4219 1233 4291; x_wconf 85' lang='grc' dir='ltr'>διαθήκην</span> <span class='ocrx_word' id='word_1_601' title='bbox 1259 4238 1383 4291; x_wconf 90' lang='grc' dir='ltr'>μου.</span> <span class='ocrx_word' id='word_1_602' title='bbox 1415 4221 1598 4287; x_wconf 72' lang='grc' dir='ltr'>Ἀπαξ</span> <span class='ocrx_word' id='word_1_603' title='bbox 1629 4219 1818 4289; x_wconf 78' lang='grc' dir='ltr'>ὤμοσα</span> <span class='ocrx_word' id='word_1_604' title='bbox 1848 4222 1905 4272; x_wconf 85' lang='grc' dir='ltr'>ὲν</span> <span class='ocrx_word' id='word_1_605' title='bbox 1935 4217 2014 4288; x_wconf 83' lang='grc' dir='ltr'>τῷ</span> 
     </span>
    </p>
   </div>
   <div class='ocr_carea' id='block_1_75' title="bbox 440 4308 2012 4383">
    <p class='ocr_par' dir='ltr' id='par_1_75' title="bbox 440 4308 2012 4383">
     <span class='ocr_line' id='line_1_75' title="bbox 440 4308 2012 4383; baseline -0.004 -17"><span class='ocrx_word' id='word_1_606' title='bbox 440 4312 585 4383; x_wconf 80' lang='grc' dir='ltr'>ἁγίῳ</span> <span class='ocrx_word' id='word_1_607' title='bbox 614 4330 735 4381; x_wconf 90' lang='grc' dir='ltr'>μου.</span> <span class='ocrx_word' id='word_1_608' title='bbox 770 4310 848 4365; x_wconf 86' lang='grc' dir='ltr'>Ἧ</span> <span class='ocrx_word' id='word_1_609' title='bbox 867 4311 946 4382; x_wconf 84' lang='grc' dir='ltr'>τῷ</span> <span class='ocrx_word' id='word_1_610' title='bbox 981 4310 1144 4364; x_wconf 73' lang='grc' dir='ltr'>Δαϐὶδ</span> <span class='ocrx_word' id='word_1_611' title='bbox 1170 4310 1471 4381; x_wconf 80' lang='grc' dir='ltr'>ψεύσομαι;</span> <span class='ocrx_word' id='word_1_612' title='bbox 1510 4310 1570 4364; x_wconf 84' lang='grc' dir='ltr'>τὸ</span> <span class='ocrx_word' id='word_1_613' title='bbox 1595 4310 1817 4381; x_wconf 82' lang='grc' dir='ltr'>σπέρμα</span> <span class='ocrx_word' id='word_1_614' title='bbox 1846 4308 2012 4365; x_wconf 80' lang='grc' dir='ltr'>αὑτοῦ</span> 
     </span>
    </p>
   </div>
   <div class='ocr_carea' id='block_1_76' title="bbox 441 4394 2014 4475">
    <p class='ocr_par' dir='ltr' id='par_1_76' title="bbox 441 4394 2014 4475">
     <span class='ocr_line' id='line_1_76' title="bbox 441 4394 2014 4475; baseline -0.002 -16"><span class='ocrx_word' id='word_1_615' title='bbox 441 4406 524 4466; x_wconf 84' lang='grc' dir='ltr'><strong>εἰς</strong></span> <span class='ocrx_word' id='word_1_616' title='bbox 577 4404 668 4457; x_wconf 75' lang='grc' dir='ltr'>τὸν</span> <span class='ocrx_word' id='word_1_617' title='bbox 724 4394 898 4458; x_wconf 78' lang='grc' dir='ltr'>αἰῶνα</span> <span class='ocrx_word' id='word_1_618' title='bbox 953 4403 1126 4475; x_wconf 79' lang='grc' dir='ltr'>μένει,</span> <span class='ocrx_word' id='word_1_619' title='bbox 1171 4422 1191 4454; x_wconf 71' lang='grc' dir='ltr'><strong>ι</strong></span> <span class='ocrx_word' id='word_1_620' title='bbox 1235 4404 1292 4465; x_wconf 84' lang='grc' dir='ltr'>ὃς</span> <span class='ocrx_word' id='word_1_621' title='bbox 1341 4403 1458 4455; x_wconf 86' lang='grc' dir='ltr'>ὲστι</span> <span class='ocrx_word' id='word_1_622' title='bbox 1498 4402 1734 4470; x_wconf 79' lang='grc' dir='ltr'>Χριστὸς</span> <span class='ocrx_word' id='word_1_623' title='bbox 1779 4401 1841 4455; x_wconf 83' lang='grc' dir='ltr'>τὸ</span> <span class='ocrx_word' id='word_1_624' title='bbox 1873 4403 2014 4456; x_wconf 82' lang='grc' dir='ltr'>κατὰ</span> 
     </span>
    </p>
   </div>
   <div class='ocr_carea' id='block_1_77' title="bbox 2109 3215 3685 3297">
    <p class='ocr_par' dir='ltr' id='par_1_77' title="bbox 2109 3215 3685 3297">
     <span class='ocr_line' id='line_1_77' title="bbox 2109 3215 3685 3297; baseline 0.003 -28"><span class='ocrx_word' id='word_1_625' title='bbox 2109 3215 2356 3270; x_wconf 78' lang='lat' dir='ltr'><strong>dextram</strong></span> <span class='ocrx_word' id='word_1_626' title='bbox 2376 3218 2516 3286; x_wconf 86' lang='lat' dir='ltr'><strong>ejus.</strong></span> <span class='ocrx_word' id='word_1_627' title='bbox 2543 3216 2664 3297; x_wconf 67' lang='lat' dir='ltr'><strong>Ipse</strong></span> <span class='ocrx_word' id='word_1_628' title='bbox 2688 3216 2968 3271; x_wconf 82' lang='lat' dir='ltr'><strong>invocabit</strong></span> <span class='ocrx_word' id='word_1_629' title='bbox 2989 3232 3077 3272; x_wconf 92' lang='lat' dir='ltr'><strong>me</strong></span> <span class='ocrx_word' id='word_1_630' title='bbox 3106 3235 3118 3269; x_wconf 90' lang='lat'><strong>:</strong></span> <span class='ocrx_word' id='word_1_631' title='bbox 3148 3217 3308 3271; x_wconf 83' lang='lat' dir='ltr'><strong>Pater</strong></span> <span class='ocrx_word' id='word_1_632' title='bbox 3334 3232 3488 3272; x_wconf 90' lang='lat' dir='ltr'><strong>meus</strong></span> <span class='ocrx_word' id='word_1_633' title='bbox 3520 3233 3580 3273; x_wconf 90' lang='lat' dir='ltr'><strong>es</strong></span> <span class='ocrx_word' id='word_1_634' title='bbox 3602 3226 3685 3285; x_wconf 86' lang='lat' dir='ltr'><strong>tu,</strong></span> 
     </span>
    </p>
   </div>
   <div class='ocr_carea' id='block_1_78' title="bbox 2110 3305 3686 3379">
    <p class='ocr_par' dir='ltr' id='par_1_78' title="bbox 2110 3305 3686 3379">
     <span class='ocr_line' id='line_1_78' title="bbox 2110 3305 3686 3379; baseline 0.003 -20"><span class='ocrx_word' id='word_1_635' title='bbox 2110 3305 2256 3360; x_wconf 86' lang='lat' dir='ltr'><strong>Deus</strong></span> <span class='ocrx_word' id='word_1_636' title='bbox 2278 3321 2454 3371; x_wconf 90' lang='lat' dir='ltr'><strong>meus,</strong></span> <span class='ocrx_word' id='word_1_637' title='bbox 2484 3315 2541 3361; x_wconf 88' lang='lat' dir='ltr'><strong>et</strong></span> <span class='ocrx_word' id='word_1_638' title='bbox 2577 3317 2865 3375; x_wconf 88' lang='lat' dir='ltr'><strong>susceptor</strong></span> <span class='ocrx_word' id='word_1_639' title='bbox 2894 3308 3089 3361; x_wconf 89' lang='lat' dir='ltr'><strong>salutis</strong></span> <span class='ocrx_word' id='word_1_640' title='bbox 3138 3322 3294 3362; x_wconf 64' lang='lat' dir='ltr'><strong>mete.</strong></span> <span class='ocrx_word' id='word_1_641' title='bbox 3339 3307 3407 3361; x_wconf 88' lang='lat' dir='ltr'><strong>Et</strong></span> <span class='ocrx_word' id='word_1_642' title='bbox 3438 3323 3540 3379; x_wconf 90' lang='lat' dir='ltr'><strong>ego</strong></span> <span class='ocrx_word' id='word_1_643' title='bbox 3567 3309 3686 3378; x_wconf 88' lang='lat' dir='ltr'><strong>pri-</strong></span> 
     </span>
    </p>
   </div>
   <div class='ocr_carea' id='block_1_79' title="bbox 2112 3396 3687 3467">
    <p class='ocr_par' dir='ltr' id='par_1_79' title="bbox 2112 3396 3687 3467">
     <span class='ocr_line' id='line_1_79' title="bbox 2112 3396 3687 3467; baseline 0.004 -21"><span class='ocrx_word' id='word_1_644' title='bbox 2112 3396 2452 3464; x_wconf 87' lang='lat' dir='ltr'><strong>mogenitum</strong></span> <span class='ocrx_word' id='word_1_645' title='bbox 2502 3410 2702 3464; x_wconf 90' lang='lat' dir='ltr'><strong>ponam</strong></span> <span class='ocrx_word' id='word_1_646' title='bbox 2747 3396 2934 3461; x_wconf 90' lang='lat' dir='ltr'><strong>illum,</strong></span> <span class='ocrx_word' id='word_1_647' title='bbox 2975 3396 3253 3450; x_wconf 83' lang='lat' dir='ltr'><strong>excelsum</strong></span> <span class='ocrx_word' id='word_1_648' title='bbox 3305 3411 3416 3464; x_wconf 72' lang='lat' dir='ltr'><strong>prae</strong></span> <span class='ocrx_word' id='word_1_649' title='bbox 3462 3397 3687 3467; x_wconf 84' lang='lat' dir='ltr'><strong>regibus</strong></span> 
     </span>
    </p>
   </div>
   <div class='ocr_carea' id='block_1_80' title="bbox 2115 3486 3686 3543">
    <p class='ocr_par' dir='ltr' id='par_1_80' title="bbox 2115 3486 3686 3543">
     <span class='ocr_line' id='line_1_80' title="bbox 2115 3486 3686 3543; baseline 0.003 -4"><span class='ocrx_word' id='word_1_650' title='bbox 2115 3494 2293 3541; x_wconf 65' lang='lat' dir='ltr'><strong>terrae.</strong></span> <span class='ocrx_word' id='word_1_651' title='bbox 2367 3486 2424 3539; x_wconf 92' lang='lat' dir='ltr'><strong>lu</strong></span> <span class='ocrx_word' id='word_1_652' title='bbox 2484 3496 2751 3540; x_wconf 80' lang='lat' dir='ltr'><strong>aeternum</strong></span> <span class='ocrx_word' id='word_1_653' title='bbox 2820 3487 3051 3540; x_wconf 83' lang='lat' dir='ltr'><strong>servabo</strong></span> <span class='ocrx_word' id='word_1_654' title='bbox 3110 3486 3186 3539; x_wconf 91' lang='lat' dir='ltr'><strong>illi</strong></span> <span class='ocrx_word' id='word_1_655' title='bbox 3244 3486 3686 3543; x_wconf 84' lang='lat' dir='ltr'><strong>misericordiam</strong></span> 
     </span>
    </p>
   </div>
   <div class='ocr_carea' id='block_1_81' title="bbox 2113 3575 3685 3647">
    <p class='ocr_par' dir='ltr' id='par_1_81' title="bbox 2113 3575 3685 3647">
     <span class='ocr_line' id='line_1_81' title="bbox 2113 3575 3685 3647; baseline 0.003 -18"><span class='ocrx_word' id='word_1_656' title='bbox 2113 3593 2310 3639; x_wconf 80' lang='lat' dir='ltr'><strong>meum,</strong></span> <span class='ocrx_word' id='word_1_657' title='bbox 2334 3585 2391 3631; x_wconf 90' lang='lat' dir='ltr'><strong>et</strong></span> <span class='ocrx_word' id='word_1_658' title='bbox 2418 3587 2806 3631; x_wconf 85' lang='lat' dir='ltr'><strong>testamentum</strong></span> <span class='ocrx_word' id='word_1_659' title='bbox 2836 3593 3018 3631; x_wconf 89' lang='lat' dir='ltr'><strong>meum</strong></span> <span class='ocrx_word' id='word_1_660' title='bbox 3047 3575 3203 3631; x_wconf 80' lang='lat' dir='ltr'><strong>ﬁdele</strong></span> <span class='ocrx_word' id='word_1_661' title='bbox 3241 3577 3363 3645; x_wconf 83' lang='lat' dir='ltr'><strong>ipsi.</strong></span> <span class='ocrx_word' id='word_1_662' title='bbox 3392 3578 3460 3630; x_wconf 88' lang='lat' dir='ltr'><strong>Et</strong></span> <span class='ocrx_word' id='word_1_663' title='bbox 3484 3593 3685 3647; x_wconf 88' lang='lat' dir='ltr'><strong>ponam</strong></span> 
     </span>
    </p>
   </div>
   <div class='ocr_carea' id='block_1_82' title="bbox 2115 3665 3687 3739">
    <p class='ocr_par' dir='ltr' id='par_1_82' title="bbox 2115 3665 3687 3739">
     <span class='ocr_line' id='line_1_82' title="bbox 2115 3665 3687 3739; baseline 0.004 -22"><span class='ocrx_word' id='word_1_664' title='bbox 2115 3665 2167 3718; x_wconf 92' lang='lat' dir='ltr'><strong>in</strong></span> <span class='ocrx_word' id='word_1_665' title='bbox 2206 3666 2468 3720; x_wconf 70' lang='lat' dir='ltr'><strong>sacculum</strong></span> <span class='ocrx_word' id='word_1_666' title='bbox 2508 3666 2692 3720; x_wconf 59' lang='lat' dir='ltr'><strong>szeculi</strong></span> <span class='ocrx_word' id='word_1_667' title='bbox 2734 3682 2921 3721; x_wconf 87' lang='lat' dir='ltr'><strong>semen</strong></span> <span class='ocrx_word' id='word_1_668' title='bbox 2967 3667 3121 3733; x_wconf 84' lang='lat' dir='ltr'><strong>ejus,</strong></span> <span class='ocrx_word' id='word_1_669' title='bbox 3170 3675 3228 3721; x_wconf 90' lang='lat' dir='ltr'><strong>et</strong></span> <span class='ocrx_word' id='word_1_670' title='bbox 3278 3668 3537 3721; x_wconf 90' lang='lat' dir='ltr'><strong>thronum</strong></span> <span class='ocrx_word' id='word_1_671' title='bbox 3567 3670 3687 3739; x_wconf 88' lang='lat' dir='ltr'><strong>ejus</strong></span> 
     </span>
    </p>
   </div>
   <div class='ocr_carea' id='block_1_83' title="bbox 2112 3755 3687 3829">
    <p class='ocr_par' dir='ltr' id='par_1_83' title="bbox 2112 3755 3687 3829">
     <span class='ocr_line' id='line_1_83' title="bbox 2112 3755 3687 3829; baseline 0.003 -20"><span class='ocrx_word' id='word_1_672' title='bbox 2112 3756 2256 3810; x_wconf 87' lang='lat' dir='ltr'><strong>sicut</strong></span> <span class='ocrx_word' id='word_1_673' title='bbox 2297 3755 2419 3809; x_wconf 86' lang='lat' dir='ltr'><strong>dies</strong></span> <span class='ocrx_word' id='word_1_674' title='bbox 2459 3756 2607 3811; x_wconf 81' lang='lat' dir='ltr'><strong>coeli.</strong></span> <span class='ocrx_word' id='word_1_675' title='bbox 2656 3756 2710 3809; x_wconf 91' lang='lat' dir='ltr'><strong>Si</strong></span> <span class='ocrx_word' id='word_1_676' title='bbox 2744 3765 2926 3809; x_wconf 91' lang='lat' dir='ltr'><strong>autem</strong></span> <span class='ocrx_word' id='word_1_677' title='bbox 2982 3756 3383 3825; x_wconf 88' lang='lat' dir='ltr'><strong>dereliquerint</strong></span> <span class='ocrx_word' id='word_1_678' title='bbox 3424 3758 3521 3812; x_wconf 83' lang='lat' dir='ltr'><strong>ﬁlii</strong></span> <span class='ocrx_word' id='word_1_679' title='bbox 3565 3761 3687 3829; x_wconf 87' lang='lat' dir='ltr'><strong>ejus</strong></span> 
     </span>
    </p>
   </div>
   <div class='ocr_carea' id='block_1_84' title="bbox 2114 3843 3687 3915">
    <p class='ocr_par' dir='ltr' id='par_1_84' title="bbox 2114 3843 3687 3915">
     <span class='ocr_line' id='line_1_84' title="bbox 2114 3843 3687 3915; baseline 0.004 -17"><span class='ocrx_word' id='word_1_680' title='bbox 2114 3844 2187 3915; x_wconf 50' lang='lat' dir='ltr'><strong>{id</strong></span> <span class='ocrx_word' id='word_1_681' title='bbox 2212 3855 2295 3899; x_wconf 87' lang='lat' dir='ltr'><strong>est</strong></span> <span class='ocrx_word' id='word_1_682' title='bbox 2322 3843 2645 3911; x_wconf 82' lang='lat' dir='ltr'><strong>Christiani)</strong></span> <span class='ocrx_word' id='word_1_683' title='bbox 2701 3846 2875 3915; x_wconf 86' lang='lat' dir='ltr'><strong>legem</strong></span> <span class='ocrx_word' id='word_1_684' title='bbox 2907 3861 3105 3909; x_wconf 90' lang='lat' dir='ltr'><strong>meam,</strong></span> <span class='ocrx_word' id='word_1_685' title='bbox 3135 3855 3191 3900; x_wconf 89' lang='lat' dir='ltr'><strong>et</strong></span> <span class='ocrx_word' id='word_1_686' title='bbox 3216 3846 3272 3900; x_wconf 89' lang='lat' dir='ltr'><strong>in</strong></span> <span class='ocrx_word' id='word_1_687' title='bbox 3295 3847 3521 3912; x_wconf 90' lang='lat' dir='ltr'><strong>judiciis</strong></span> <span class='ocrx_word' id='word_1_688' title='bbox 3544 3849 3687 3905; x_wconf 87' lang='lat' dir='ltr'><strong>meis</strong></span> 
     </span>
    </p>
   </div>
   <div class='ocr_carea' id='block_1_85' title="bbox 2112 3935 3685 4007">
    <p class='ocr_par' dir='ltr' id='par_1_85' title="bbox 2112 3935 3685 4007">
     <span class='ocr_line' id='line_1_85' title="bbox 2112 3935 3685 4007; baseline 0.004 -18"><span class='ocrx_word' id='word_1_689' title='bbox 2112 3952 2223 3989; x_wconf 90' lang='lat' dir='ltr'><strong>non</strong></span> <span class='ocrx_word' id='word_1_690' title='bbox 2255 3935 2664 3990; x_wconf 86' lang='lat' dir='ltr'><strong>ambulaverint</strong></span> <span class='ocrx_word' id='word_1_691' title='bbox 2691 3954 2702 3988; x_wconf 95' lang='lat'>:</span> <span class='ocrx_word' id='word_1_692' title='bbox 2730 3937 2775 3990; x_wconf 90' lang='lat' dir='ltr'><strong>si</strong></span> <span class='ocrx_word' id='word_1_693' title='bbox 2799 3936 3044 4005; x_wconf 85' lang='lat' dir='ltr'><strong>justitias</strong></span> <span class='ocrx_word' id='word_1_694' title='bbox 3072 3952 3221 3990; x_wconf 90' lang='lat' dir='ltr'><strong>meas</strong></span> <span class='ocrx_word' id='word_1_695' title='bbox 3246 3936 3685 4007; x_wconf 84' lang='lat' dir='ltr'><strong>profanaverint,</strong></span> 
     </span>
    </p>
   </div>
   <div class='ocr_carea' id='block_1_86' title="bbox 2111 4028 3688 4103">
    <p class='ocr_par' dir='ltr' id='par_1_86' title="bbox 2111 4028 3688 4103">
     <span class='ocr_line' id='line_1_86' title="bbox 2111 4028 3688 4103; baseline 0.003 -21"><span class='ocrx_word' id='word_1_696' title='bbox 2111 4038 2167 4083; x_wconf 89' lang='lat' dir='ltr'><strong>et</strong></span> <span class='ocrx_word' id='word_1_697' title='bbox 2191 4028 2447 4083; x_wconf 85' lang='lat' dir='ltr'><strong>mandata</strong></span> <span class='ocrx_word' id='word_1_698' title='bbox 2478 4045 2596 4082; x_wconf 86' lang='lat' dir='ltr'><strong>mea</strong></span> <span class='ocrx_word' id='word_1_699' title='bbox 2632 4045 2742 4082; x_wconf 90' lang='lat' dir='ltr'><strong>non</strong></span> <span class='ocrx_word' id='word_1_700' title='bbox 2771 4029 3157 4092; x_wconf 83' lang='lat' dir='ltr'><strong>custodierint,</strong></span> <span class='ocrx_word' id='word_1_701' title='bbox 3186 4029 3423 4084; x_wconf 87' lang='lat' dir='ltr'><strong>visitabo</strong></span> <span class='ocrx_word' id='word_1_702' title='bbox 3446 4030 3505 4085; x_wconf 93' lang='lat' dir='ltr'><strong>in</strong></span> <span class='ocrx_word' id='word_1_703' title='bbox 3533 4030 3688 4103; x_wconf 88' lang='lat' dir='ltr'><strong>virga</strong></span> 
     </span>
    </p>
   </div>
   <div class='ocr_carea' id='block_1_87' title="bbox 2114 4120 3686 4191">
    <p class='ocr_par' dir='ltr' id='par_1_87' title="bbox 2114 4120 3686 4191">
     <span class='ocr_line' id='line_1_87' title="bbox 2114 4120 3686 4191; baseline 0.002 -16"><span class='ocrx_word' id='word_1_704' title='bbox 2114 4120 2434 4189; x_wconf 90' lang='lat' dir='ltr'><strong>iniquitates</strong></span> <span class='ocrx_word' id='word_1_705' title='bbox 2465 4135 2678 4185; x_wconf 87' lang='lat' dir='ltr'><strong>eorum,</strong></span> <span class='ocrx_word' id='word_1_706' title='bbox 2704 4129 2759 4175; x_wconf 90' lang='lat' dir='ltr'><strong>et</strong></span> <span class='ocrx_word' id='word_1_707' title='bbox 2788 4120 2843 4174; x_wconf 91' lang='lat' dir='ltr'><strong>in</strong></span> <span class='ocrx_word' id='word_1_708' title='bbox 2875 4121 3200 4175; x_wconf 73' lang='lat' dir='ltr'><strong>verberibus</strong></span> <span class='ocrx_word' id='word_1_709' title='bbox 3224 4132 3448 4190; x_wconf 86' lang='lat' dir='ltr'><strong>peccata</strong></span> <span class='ocrx_word' id='word_1_710' title='bbox 3471 4138 3686 4191; x_wconf 89' lang='lat' dir='ltr'><strong>eorum,</strong></span> 
     </span>
    </p>
   </div>
   <div class='ocr_carea' id='block_1_88' title="bbox 2112 4212 3688 4283">
    <p class='ocr_par' dir='ltr' id='par_1_88' title="bbox 2112 4212 3688 4283">
     <span class='ocr_line' id='line_1_88' title="bbox 2112 4212 3688 4283; baseline 0.003 -17"><span class='ocrx_word' id='word_1_711' title='bbox 2112 4212 2554 4266; x_wconf 88' lang='lat' dir='ltr'><strong>misericordiam</strong></span> <span class='ocrx_word' id='word_1_712' title='bbox 2587 4221 2773 4265; x_wconf 88' lang='lat' dir='ltr'><strong>autem</strong></span> <span class='ocrx_word' id='word_1_713' title='bbox 2803 4228 2978 4265; x_wconf 85' lang='lat' dir='ltr'><strong>meam</strong></span> <span class='ocrx_word' id='word_1_714' title='bbox 3010 4228 3119 4266; x_wconf 89' lang='lat' dir='ltr'><strong>non</strong></span> <span class='ocrx_word' id='word_1_715' title='bbox 3148 4212 3466 4283; x_wconf 87' lang='lat' dir='ltr'><strong>dispergam</strong></span> <span class='ocrx_word' id='word_1_716' title='bbox 3494 4214 3563 4269; x_wconf 89' lang='lat' dir='ltr'><strong>ab</strong></span> <span class='ocrx_word' id='word_1_717' title='bbox 3583 4215 3688 4283; x_wconf 89' lang='lat' dir='ltr'><strong>eis,</strong></span> 
     </span>
    </p>
   </div>
   <div class='ocr_carea' id='block_1_89' title="bbox 2112 4301 3693 4376">
    <p class='ocr_par' dir='ltr' id='par_1_89' title="bbox 2112 4301 3693 4376">
     <span class='ocr_line' id='line_1_89' title="bbox 2112 4301 3693 4376; baseline 0.003 -20"><span class='ocrx_word' id='word_1_718' title='bbox 2112 4318 2293 4372; x_wconf 86' lang='lat' dir='ltr'><strong>neque</strong></span> <span class='ocrx_word' id='word_1_719' title='bbox 2323 4301 2627 4371; x_wconf 81' lang='lat' dir='ltr'><strong>profanabo</strong></span> <span class='ocrx_word' id='word_1_720' title='bbox 2664 4310 3049 4356; x_wconf 83' lang='lat' dir='ltr'><strong>testamentum</strong></span> <span class='ocrx_word' id='word_1_721' title='bbox 3082 4319 3286 4357; x_wconf 89' lang='lat' dir='ltr'><strong>meum.</strong></span> <span class='ocrx_word' id='word_1_722' title='bbox 3306 4303 3487 4360; x_wconf 89' lang='lat' dir='ltr'><strong>Semel</strong></span> <span class='ocrx_word' id='word_1_723' title='bbox 3506 4306 3693 4376; x_wconf 82' lang='lat' dir='ltr'><strong>juravi</strong></span> 
     </span>
    </p>
   </div>
   <div class='ocr_carea' id='block_1_90' title="bbox 2115 4391 3693 4465">
    <p class='ocr_par' dir='ltr' id='par_1_90' title="bbox 2115 4391 3693 4465">
     <span class='ocr_line' id='line_1_90' title="bbox 2115 4391 3693 4465; baseline 0.002 -19"><span class='ocrx_word' id='word_1_724' title='bbox 2115 4393 2170 4447; x_wconf 88' lang='lat' dir='ltr'><strong>in</strong></span> <span class='ocrx_word' id='word_1_725' title='bbox 2213 4402 2404 4448; x_wconf 89' lang='lat' dir='ltr'><strong>sancto</strong></span> <span class='ocrx_word' id='word_1_726' title='bbox 2447 4407 2590 4456; x_wconf 92' lang='lat' dir='ltr'><strong>meo,</strong></span> <span class='ocrx_word' id='word_1_727' title='bbox 2623 4393 2669 4447; x_wconf 93' lang='lat' dir='ltr'><strong>si</strong></span> <span class='ocrx_word' id='word_1_728' title='bbox 2707 4391 2880 4446; x_wconf 86' lang='lat' dir='ltr'><strong>David</strong></span> <span class='ocrx_word' id='word_1_729' title='bbox 2926 4393 3164 4446; x_wconf 88' lang='lat' dir='ltr'><strong>mentiar</strong></span> <span class='ocrx_word' id='word_1_730' title='bbox 3195 4409 3208 4444; x_wconf 90' lang='lat'><strong>:</strong></span> <span class='ocrx_word' id='word_1_731' title='bbox 3255 4408 3444 4448; x_wconf 89' lang='lat' dir='ltr'><strong>semen</strong></span> <span class='ocrx_word' id='word_1_732' title='bbox 3479 4395 3598 4465; x_wconf 88' lang='lat' dir='ltr'><strong>ejus</strong></span> <span class='ocrx_word' id='word_1_733' title='bbox 3634 4395 3693 4450; x_wconf 85' lang='lat' dir='ltr'><strong>in</strong></span> 
     </span>
    </p>
   </div>
   <div class='ocr_carea' id='block_1_91' title="bbox 444 4484 2005 4568">
    <p class='ocr_par' dir='ltr' id='par_1_91' title="bbox 444 4494 2005 4568">
     <span class='ocr_line' id='line_1_91' title="bbox 444 4494 2005 4568; baseline -0.002 -18"><span class='ocrx_word' id='word_1_734' title='bbox 444 4496 621 4567; x_wconf 80' lang='grc' dir='ltr'>σάρκα</span> <span class='ocrx_word' id='word_1_735' title='bbox 656 4496 878 4568; x_wconf 84' lang='grc' dir='ltr'>σπέρμα</span> <span class='ocrx_word' id='word_1_736' title='bbox 917 4495 1009 4549; x_wconf 82' lang='grc' dir='ltr'>τοῦ</span> <span class='ocrx_word' id='word_1_737' title='bbox 1055 4494 1238 4557; x_wconf 75' lang='grc' dir='ltr'>Δαϐὶδ,</span> <span class='ocrx_word' id='word_1_738' title='bbox 1278 4514 1297 4546; x_wconf 80' lang='grc' dir='ltr'><strong>ι</strong></span> <span class='ocrx_word' id='word_1_739' title='bbox 1325 4495 1418 4548; x_wconf 75' lang='grc' dir='ltr'>καὶ</span> <span class='ocrx_word' id='word_1_740' title='bbox 1449 4498 1477 4547; x_wconf 80' lang='grc' dir='ltr'>ὁ</span> <span class='ocrx_word' id='word_1_741' title='bbox 1523 4494 1709 4565; x_wconf 80' lang='grc' dir='ltr'>θρόνος</span> <span class='ocrx_word' id='word_1_742' title='bbox 1740 4495 1905 4549; x_wconf 82' lang='grc' dir='ltr'>αὑτοῦ</span> <span class='ocrx_word' id='word_1_743' title='bbox 1937 4496 2005 4559; x_wconf 86' lang='grc' dir='ltr'>ὼς</span> 
     </span>
    </p>
   </div>
   <div class='ocr_carea' id='block_1_92' title="bbox 2109 4484 3694 4568">
    <p class='ocr_par' dir='ltr' id='par_1_92' title="bbox 2116 4484 3694 4554">
     <span class='ocr_line' id='line_1_92' title="bbox 2116 4484 3694 4554; baseline 0.001 -13"><span class='ocrx_word' id='word_1_744' title='bbox 2116 4496 2383 4542; x_wconf 66' lang='lat' dir='ltr'><strong>aeternum</strong></span> <span class='ocrx_word' id='word_1_745' title='bbox 2423 4484 2670 4539; x_wconf 86' lang='lat' dir='ltr'><strong>manebit</strong></span> <span class='ocrx_word' id='word_1_746' title='bbox 2726 4484 2804 4554; x_wconf 88' lang='lat' dir='ltr'><strong>(id</strong></span> <span class='ocrx_word' id='word_1_747' title='bbox 2838 4492 2923 4538; x_wconf 89' lang='lat' dir='ltr'><strong>est</strong></span> <span class='ocrx_word' id='word_1_748' title='bbox 2962 4484 3220 4540; x_wconf 87' lang='lat' dir='ltr'><strong>Christus</strong></span> <span class='ocrx_word' id='word_1_749' title='bbox 3250 4501 3439 4541; x_wconf 90' lang='lat' dir='ltr'><strong>semen</strong></span> <span class='ocrx_word' id='word_1_750' title='bbox 3472 4485 3694 4543; x_wconf 88' lang='lat' dir='ltr'><strong>Davidis</strong></span> 
     </span>
    </p>
   </div>
   <div class='ocr_carea' id='block_1_93' title="bbox 440 4583 2014 4656">
    <p class='ocr_par' dir='ltr' id='par_1_93' title="bbox 440 4583 2014 4656">
     <span class='ocr_line' id='line_1_93' title="bbox 440 4583 2014 4656; baseline 0.001 -20"><span class='ocrx_word' id='word_1_751' title='bbox 440 4586 596 4655; x_wconf 74' lang='grc' dir='ltr'>ἥλιος</span> <span class='ocrx_word' id='word_1_752' title='bbox 630 4585 869 4639; x_wconf 76' lang='grc' dir='ltr'>ἐναντίον</span> <span class='ocrx_word' id='word_1_753' title='bbox 915 4603 1038 4656; x_wconf 85' lang='grc' dir='ltr'>μου,</span> <span class='ocrx_word' id='word_1_754' title='bbox 1069 4586 1161 4638; x_wconf 79' lang='grc' dir='ltr'>καὶ</span> <span class='ocrx_word' id='word_1_755' title='bbox 1195 4585 1271 4648; x_wconf 84' lang='grc' dir='ltr'>ὼς</span> <span class='ocrx_word' id='word_1_756' title='bbox 1303 4585 1337 4654; x_wconf 83' lang='grc' dir='ltr'>ὴ</span> <span class='ocrx_word' id='word_1_757' title='bbox 1373 4583 1571 4655; x_wconf 81' lang='grc' dir='ltr'>σελήνη</span> <span class='ocrx_word' id='word_1_758' title='bbox 1604 4586 2014 4655; x_wconf 84' lang='grc' dir='ltr'>κατηρτισμένη</span> 
     </span>
    </p>
   </div>
   <div class='ocr_carea' id='block_1_94' title="bbox 442 4673 1939 4746">
    <p class='ocr_par' dir='ltr' id='par_1_94' title="bbox 442 4673 1939 4746">
     <span class='ocr_line' id='line_1_94' title="bbox 442 4673 1939 4746; baseline -0.003 -15"><span class='ocrx_word' id='word_1_759' title='bbox 442 4679 522 4742; x_wconf 84' lang='grc' dir='ltr'><strong>είς</strong></span> <span class='ocrx_word' id='word_1_760' title='bbox 553 4677 643 4730; x_wconf 81' lang='grc' dir='ltr'>τὸν</span> <span class='ocrx_word' id='word_1_761' title='bbox 669 4677 860 4743; x_wconf 82' lang='grc' dir='ltr'>αἰῶνα,</span> <span class='ocrx_word' id='word_1_762' title='bbox 895 4677 991 4729; x_wconf 56' lang='grc' dir='ltr'><strong>καὶ⁸</strong></span> <span class='ocrx_word' id='word_1_763' title='bbox 1020 4677 1048 4728; x_wconf 86' lang='grc' dir='ltr'>ὁ</span> <span class='ocrx_word' id='word_1_764' title='bbox 1084 4674 1296 4746; x_wconf 82' lang='grc' dir='ltr'>μάρτυς</span> <span class='ocrx_word' id='word_1_765' title='bbox 1338 4674 1395 4727; x_wconf 81' lang='grc' dir='ltr'>ἐν</span> <span class='ocrx_word' id='word_1_766' title='bbox 1426 4673 1640 4746; x_wconf 87' lang='grc' dir='ltr'>οὐρανῷ</span> <span class='ocrx_word' id='word_1_767' title='bbox 1671 4676 1881 4738; x_wconf 80' lang='grc' dir='ltr'>πιστός.</span> <span class='ocrx_word' id='word_1_768' title='bbox 1921 4695 1939 4726; x_wconf 72' lang='grc' dir='ltr'><strong>ι</strong></span> 
     </span>
    </p>
   </div>
   <div class='ocr_carea' id='block_1_95' title="bbox 402 4840 2018 4925">
    <p class='ocr_par' dir='ltr' id='par_1_95' title="bbox 402 4840 2018 4925">
     <span class='ocr_line' id='line_1_95' title="bbox 402 4840 2018 4925; baseline -0.002 -16"><span class='ocrx_word' id='word_1_769' title='bbox 402 4840 413 4849; x_wconf 54' lang='grc'><strong>’</strong></span> <span class='ocrx_word' id='word_1_770' title='bbox 514 4856 612 4909; x_wconf 72' lang='grc' dir='ltr'>Διὰ</span> <span class='ocrx_word' id='word_1_771' title='bbox 644 4854 701 4909; x_wconf 79' lang='grc' dir='ltr'>δὲ</span> <span class='ocrx_word' id='word_1_772' title='bbox 740 4856 801 4908; x_wconf 82' lang='grc' dir='ltr'>τὸ</span> <span class='ocrx_word' id='word_1_773' title='bbox 835 4855 908 4925; x_wconf 80' lang='grc' dir='ltr'>μὴ</span> <span class='ocrx_word' id='word_1_774' title='bbox 939 4853 1227 4907; x_wconf 82' lang='grc' dir='ltr'>ὑπολαϐεῖν</span> <span class='ocrx_word' id='word_1_775' title='bbox 1257 4870 1315 4906; x_wconf 87' lang='grc' dir='ltr'><strong>σε</strong></span> <span class='ocrx_word' id='word_1_776' title='bbox 1350 4850 1602 4906; x_wconf 79' lang='grc' dir='ltr'>Ἰουδαῖον</span> <span class='ocrx_word' id='word_1_777' title='bbox 1643 4852 1723 4905; x_wconf 82' lang='grc' dir='ltr'>ὅτι</span> <span class='ocrx_word' id='word_1_778' title='bbox 1748 4851 1834 4905; x_wconf 78' lang='grc' dir='ltr'><strong>διὰ</strong></span> <span class='ocrx_word' id='word_1_779' title='bbox 1853 4852 2018 4905; x_wconf 75' lang='grc' dir='ltr'>Δαϐὶδ</span> 
     </span>
    </p>
   </div>
   <div class='ocr_carea' id='block_1_96' title="bbox 441 4941 2013 5020">
    <p class='ocr_par' dir='ltr' id='par_1_96' title="bbox 441 4941 2013 5020">
     <span class='ocr_line' id='line_1_96' title="bbox 441 4941 2013 5020; baseline -0.006 -15"><span class='ocrx_word' id='word_1_780' title='bbox 441 4949 613 5005; x_wconf 74' lang='grc' dir='ltr'>ταῦτα</span> <span class='ocrx_word' id='word_1_781' title='bbox 642 4947 839 5020; x_wconf 68' lang='grc' dir='ltr'>ἐρρέθη</span> <span class='ocrx_word' id='word_1_782' title='bbox 870 4947 963 5000; x_wconf 60' lang='grc' dir='ltr'><strong>καὶ⁴</strong></span> <span class='ocrx_word' id='word_1_783' title='bbox 1015 4946 1114 5016; x_wconf 82' lang='grc' dir='ltr'>τὴν</span> <span class='ocrx_word' id='word_1_784' title='bbox 1158 4945 1320 4998; x_wconf 82' lang='grc' dir='ltr'>αὑτοῦ</span> <span class='ocrx_word' id='word_1_785' title='bbox 1353 4941 1651 5014; x_wconf 82' lang='grc' dir='ltr'>βασιλείαν,</span> <span class='ocrx_word' id='word_1_786' title='bbox 1694 4943 1861 5013; x_wconf 84' lang='grc' dir='ltr'>ήγουν</span> <span class='ocrx_word' id='word_1_787' title='bbox 1888 4946 2013 5006; x_wconf 85' lang='grc' dir='ltr'>τοὺς</span> 
     </span>
    </p>
   </div>
   <div class='ocr_carea' id='block_1_97' title="bbox 456 5035 2014 5109">
    <p class='ocr_par' dir='ltr' id='par_1_97' title="bbox 456 5035 2014 5109">
     <span class='ocr_line' id='line_1_97' title="bbox 456 5035 2014 5109; baseline -0.006 -12"><span class='ocrx_word' id='word_1_788' title='bbox 456 5041 762 5105; x_wconf 85' lang='grc' dir='ltr'>Ἰουδαίους,</span> <span class='ocrx_word' id='word_1_789' title='bbox 786 5039 880 5094; x_wconf 72' lang='grc' dir='ltr'><strong>καὶ</strong></span> <span class='ocrx_word' id='word_1_790' title='bbox 913 5037 1034 5109; x_wconf 74' lang='grc' dir='ltr'>οὐχὶ</span> <span class='ocrx_word' id='word_1_791' title='bbox 1071 5037 1159 5092; x_wconf 80' lang='grc' dir='ltr'><strong>διὰ</strong></span> <span class='ocrx_word' id='word_1_792' title='bbox 1203 5036 1293 5090; x_wconf 76' lang='grc' dir='ltr'><strong>τὸν</strong></span> <span class='ocrx_word' id='word_1_793' title='bbox 1321 5038 1576 5108; x_wconf 83' lang='grc' dir='ltr'>Χριστὸν,</span> <span class='ocrx_word' id='word_1_794' title='bbox 1605 5036 1801 5105; x_wconf 72' lang='grc' dir='ltr'>ἐπάγει</span> <span class='ocrx_word' id='word_1_795' title='bbox 1830 5035 1890 5091; x_wconf 86' lang='grc' dir='ltr'>τὸ</span> <span class='ocrx_word' id='word_1_796' title='bbox 1922 5053 2014 5103; x_wconf 86' lang='grc' dir='ltr'>γε-</span> 
     </span>
    </p>
   </div>
   <div class='ocr_carea' id='block_1_98' title="bbox 443 5128 2015 5205">
    <p class='ocr_par' dir='ltr' id='par_1_98' title="bbox 443 5128 2015 5205">
     <span class='ocr_line' id='line_1_98' title="bbox 443 5128 2015 5205; baseline -0.008 -16"><span class='ocrx_word' id='word_1_797' title='bbox 443 5134 598 5205; x_wconf 81' lang='grc' dir='ltr'>γονὸς</span> <span class='ocrx_word' id='word_1_798' title='bbox 645 5133 732 5186; x_wconf 72' lang='grc' dir='ltr'>διὰ</span> <span class='ocrx_word' id='word_1_799' title='bbox 760 5134 821 5185; x_wconf 77' lang='grc' dir='ltr'>τὸ</span> <span class='ocrx_word' id='word_1_800' title='bbox 852 5130 1144 5185; x_wconf 84' lang='grc' dir='ltr'>ἀποθανεῖν</span> <span class='ocrx_word' id='word_1_801' title='bbox 1197 5130 1294 5199; x_wconf 86' lang='grc' dir='ltr'>μὲν</span> <span class='ocrx_word' id='word_1_802' title='bbox 1324 5130 1412 5183; x_wconf 77' lang='grc' dir='ltr'>τὸν</span> <span class='ocrx_word' id='word_1_803' title='bbox 1457 5128 1651 5191; x_wconf 85' lang='grc' dir='ltr'>Δαϐἰδ,</span> <span class='ocrx_word' id='word_1_804' title='bbox 1685 5128 1777 5183; x_wconf 73' lang='grc' dir='ltr'>καὶ</span> <span class='ocrx_word' id='word_1_805' title='bbox 1809 5128 2015 5199; x_wconf 81' lang='grc' dir='ltr'>παρελ-</span> 
     </span>
    </p>
   </div>
   <div class='ocr_carea' id='block_1_99' title="bbox 446 5219 2013 5297">
    <p class='ocr_par' dir='ltr' id='par_1_99' title="bbox 446 5219 2013 5297">
     <span class='ocr_line' id='line_1_99' title="bbox 446 5219 2013 5297; baseline -0.005 -18"><span class='ocrx_word' id='word_1_806' title='bbox 446 5226 558 5280; x_wconf 85' lang='grc' dir='ltr'>θεῖν</span> <span class='ocrx_word' id='word_1_807' title='bbox 583 5225 681 5297; x_wconf 82' lang='grc' dir='ltr'>τὴν</span> <span class='ocrx_word' id='word_1_808' title='bbox 706 5223 981 5295; x_wconf 80' lang='grc' dir='ltr'>βασιλείαν</span> <span class='ocrx_word' id='word_1_809' title='bbox 1022 5221 1130 5275; x_wconf 87' lang='grc' dir='ltr'><strong>τῶν</strong></span> <span class='ocrx_word' id='word_1_810' title='bbox 1186 5220 1475 5284; x_wconf 81' lang='grc' dir='ltr'>Ἰουδαίων,</span> <span class='ocrx_word' id='word_1_811' title='bbox 1520 5220 1615 5274; x_wconf 70' lang='grc' dir='ltr'>καὶ</span> <span class='ocrx_word' id='word_1_812' title='bbox 1643 5221 1741 5289; x_wconf 83' lang='grc' dir='ltr'>τὴν</span> <span class='ocrx_word' id='word_1_813' title='bbox 1778 5219 2013 5273; x_wconf 78' lang='grc' dir='ltr'>παλαιάν</span> 
     </span>
    </p>
   </div>
   <div class='ocr_carea' id='block_1_100' title="bbox 447 5310 2015 5391">
    <p class='ocr_par' dir='ltr' id='par_1_100' title="bbox 447 5310 2015 5391">
     <span class='ocr_line' id='line_1_100' title="bbox 447 5310 2015 5391; baseline -0.006 -19"><span class='ocrx_word' id='word_1_814' title='bbox 447 5316 712 5391; x_wconf 80' lang='grc' dir='ltr'>διαθήκην</span> <span class='ocrx_word' id='word_1_815' title='bbox 741 5313 1103 5387; x_wconf 86' lang='grc' dir='ltr'>βεϐηλῶσθαι,</span> <span class='ocrx_word' id='word_1_816' title='bbox 1134 5313 1312 5382; x_wconf 88' lang='grc' dir='ltr'>λέγων</span> <span class='ocrx_word' id='word_1_817' title='bbox 1325 5311 1522 5376; x_wconf 71' lang='grc' dir='ltr'>οὕτως·</span> <span class='ocrx_word' id='word_1_818' title='bbox 1555 5331 1574 5364; x_wconf 83' lang='grc' dir='ltr'><strong>ι</strong></span> <span class='ocrx_word' id='word_1_819' title='bbox 1612 5312 1682 5364; x_wconf 77' lang='grc' dir='ltr'><strong>Σὺ</strong></span> <span class='ocrx_word' id='word_1_820' title='bbox 1726 5310 1783 5363; x_wconf 81' lang='grc' dir='ltr'>δὲ</span> <span class='ocrx_word' id='word_1_821' title='bbox 1809 5310 2015 5365; x_wconf 79' lang='grc' dir='ltr'>ἀπώσω</span> 
     </span>
    </p>
   </div>
   <div class='ocr_carea' id='block_1_101' title="bbox 446 5400 2011 5473">
    <p class='ocr_par' dir='ltr' id='par_1_101' title="bbox 446 5400 2011 5473">
     <span class='ocr_line' id='line_1_101' title="bbox 446 5400 2011 5473; baseline -0.008 -9"><span class='ocrx_word' id='word_1_822' title='bbox 446 5412 544 5464; x_wconf 79' lang='grc' dir='ltr'>καὶ</span> <span class='ocrx_word' id='word_1_823' title='bbox 591 5406 955 5473; x_wconf 72' lang='grc' dir='ltr'>ἑξουδενώσας</span> <span class='ocrx_word' id='word_1_824' title='bbox 1002 5403 1265 5459; x_wconf 83' lang='grc' dir='ltr'>άνεϐάλου</span> <span class='ocrx_word' id='word_1_825' title='bbox 1324 5403 1416 5455; x_wconf 82' lang='grc' dir='ltr'>τὸν</span> <span class='ocrx_word' id='word_1_826' title='bbox 1448 5400 1668 5472; x_wconf 86' lang='grc' dir='ltr'>χριστόν</span> <span class='ocrx_word' id='word_1_827' title='bbox 1733 5417 1848 5465; x_wconf 90' lang='grc' dir='ltr'>σου,</span> <span class='ocrx_word' id='word_1_828' title='bbox 1881 5417 2011 5453; x_wconf 86' lang='grc' dir='ltr'>κατ-</span> 
     </span>
    </p>
   </div>
   <div class='ocr_carea' id='block_1_102' title="bbox 447 5489 2013 5572">
    <p class='ocr_par' dir='ltr' id='par_1_102' title="bbox 447 5489 2013 5572">
     <span class='ocr_line' id='line_1_102' title="bbox 447 5489 2013 5572; baseline -0.008 -17"><span class='ocrx_word' id='word_1_829' title='bbox 447 5499 714 5572; x_wconf 76' lang='grc' dir='ltr'>έστρεψας</span> <span class='ocrx_word' id='word_1_830' title='bbox 742 5498 841 5569; x_wconf 80' lang='grc' dir='ltr'><strong>τὴν</strong></span> <span class='ocrx_word' id='word_1_831' title='bbox 873 5497 1139 5567; x_wconf 87' lang='grc' dir='ltr'>διαθήκην</span> <span class='ocrx_word' id='word_1_832' title='bbox 1162 5494 1256 5548; x_wconf 79' lang='grc' dir='ltr'>τοῦ</span> <span class='ocrx_word' id='word_1_833' title='bbox 1293 5493 1481 5547; x_wconf 84' lang='grc' dir='ltr'>δούλου</span> <span class='ocrx_word' id='word_1_834' title='bbox 1514 5508 1628 5545; x_wconf 89' lang='grc' dir='ltr'>σου·</span> <span class='ocrx_word' id='word_1_835' title='bbox 1666 5489 2013 5560; x_wconf 74' lang='grc' dir='ltr'>ὲϐεϐήλωσας</span> 
     </span>
    </p>
   </div>
   <div class='ocr_carea' id='block_1_103' title="bbox 447 5580 2012 5663">
    <p class='ocr_par' dir='ltr' id='par_1_103' title="bbox 447 5580 2012 5663">
     <span class='ocr_line' id='line_1_103' title="bbox 447 5580 2012 5663; baseline -0.006 -21"><span class='ocrx_word' id='word_1_836' title='bbox 447 5592 527 5654; x_wconf 77' lang='grc' dir='ltr'>εἰς</span> <span class='ocrx_word' id='word_1_837' title='bbox 561 5590 657 5663; x_wconf 71' lang='grc' dir='ltr'>τὴν</span> <span class='ocrx_word' id='word_1_838' title='bbox 688 5590 792 5659; x_wconf 75' lang='grc' dir='ltr'>γῆν</span> <span class='ocrx_word' id='word_1_839' title='bbox 847 5586 908 5640; x_wconf 83' lang='grc' dir='ltr'>τὸ</span> <span class='ocrx_word' id='word_1_840' title='bbox 959 5586 1206 5656; x_wconf 85' lang='grc' dir='ltr'>άγίασμα</span> <span class='ocrx_word' id='word_1_841' title='bbox 1267 5582 1450 5637; x_wconf 77' lang='grc' dir='ltr'>αὑτοῦ·</span> <span class='ocrx_word' id='word_1_842' title='bbox 1506 5580 1750 5645; x_wconf 82' lang='grc' dir='ltr'>καθεῖλες</span> <span class='ocrx_word' id='word_1_843' title='bbox 1806 5580 2012 5643; x_wconf 86' lang='grc' dir='ltr'>πάντας</span> 
     </span>
    </p>
   </div>
   <div class='ocr_carea' id='block_1_104' title="bbox 2118 4574 3694 4645">
    <p class='ocr_par' dir='ltr' id='par_1_104' title="bbox 2118 4574 3694 4645">
     <span class='ocr_line' id='line_1_104' title="bbox 2118 4574 3694 4645; baseline -0.002 -11"><span class='ocrx_word' id='word_1_844' title='bbox 2118 4578 2425 4634; x_wconf 90' lang='lat' dir='ltr'><strong>secundum</strong></span> <span class='ocrx_word' id='word_1_845' title='bbox 2471 4574 2749 4644; x_wconf 90' lang='lat' dir='ltr'><strong>carnem);</strong></span> <span class='ocrx_word' id='word_1_846' title='bbox 2794 4585 2849 4629; x_wconf 89' lang='lat' dir='ltr'><strong>et</strong></span> <span class='ocrx_word' id='word_1_847' title='bbox 2895 4575 3129 4629; x_wconf 90' lang='lat' dir='ltr'><strong>thronus</strong></span> <span class='ocrx_word' id='word_1_848' title='bbox 3169 4576 3290 4645; x_wconf 89' lang='lat' dir='ltr'><strong>ejus</strong></span> <span class='ocrx_word' id='word_1_849' title='bbox 3331 4575 3476 4629; x_wconf 90' lang='lat' dir='ltr'><strong>sicut</strong></span> <span class='ocrx_word' id='word_1_850' title='bbox 3518 4574 3599 4630; x_wconf 90' lang='lat' dir='ltr'><strong>sol</strong></span> <span class='ocrx_word' id='word_1_851' title='bbox 3633 4576 3694 4632; x_wconf 85' lang='lat' dir='ltr'><strong>in</strong></span> 
     </span>
    </p>
   </div>
   <div class='ocr_carea' id='block_1_105' title="bbox 2080 4664 3691 4738">
    <p class='ocr_par' dir='ltr' id='par_1_105' title="bbox 2080 4664 3691 4738">
     <span class='ocr_line' id='line_1_105' title="bbox 2080 4664 3691 4738; baseline -0.001 -14"><span class='ocrx_word' id='word_1_852' title='bbox 2080 4722 2087 4735; x_wconf 41' lang='lat'><strong>‘</strong></span> <span class='ocrx_word' id='word_1_853' title='bbox 2118 4677 2419 4738; x_wconf 88' lang='lat' dir='ltr'><strong>conspectu</strong></span> <span class='ocrx_word' id='word_1_854' title='bbox 2451 4682 2595 4732; x_wconf 89' lang='lat' dir='ltr'><strong>meo,</strong></span> <span class='ocrx_word' id='word_1_855' title='bbox 2626 4674 2682 4720; x_wconf 88' lang='lat' dir='ltr'><strong>et</strong></span> <span class='ocrx_word' id='word_1_856' title='bbox 2710 4666 2856 4720; x_wconf 85' lang='lat' dir='ltr'><strong>sicut</strong></span> <span class='ocrx_word' id='word_1_857' title='bbox 2876 4666 3004 4719; x_wconf 91' lang='lat' dir='ltr'><strong>luna</strong></span> <span class='ocrx_word' id='word_1_858' title='bbox 3032 4665 3277 4735; x_wconf 81' lang='lat' dir='ltr'><strong>perfecta</strong></span> <span class='ocrx_word' id='word_1_859' title='bbox 3303 4664 3359 4720; x_wconf 88' lang='lat' dir='ltr'><strong>in</strong></span> <span class='ocrx_word' id='word_1_860' title='bbox 3381 4674 3651 4722; x_wconf 68' lang='lat' dir='ltr'><strong>aeternum</strong></span> <span class='ocrx_word' id='word_1_861' title='bbox 3675 4708 3691 4735; x_wconf 90' lang='lat'><strong>,</strong></span> 
     </span>
    </p>
   </div>
   <div class='ocr_carea' id='block_1_106' title="bbox 2119 4758 2995 4816">
    <p class='ocr_par' dir='ltr' id='par_1_106' title="bbox 2119 4758 2995 4816">
     <span class='ocr_line' id='line_1_106' title="bbox 2119 4758 2995 4816; baseline -0.009 -1"><span class='ocrx_word' id='word_1_862' title='bbox 2119 4768 2176 4816; x_wconf 90' lang='lat' dir='ltr'><strong>et</strong></span> <span class='ocrx_word' id='word_1_863' title='bbox 2208 4760 2364 4815; x_wconf 90' lang='lat' dir='ltr'><strong>testis</strong></span> <span class='ocrx_word' id='word_1_864' title='bbox 2397 4759 2453 4812; x_wconf 93' lang='lat' dir='ltr'><strong>in</strong></span> <span class='ocrx_word' id='word_1_865' title='bbox 2490 4759 2630 4814; x_wconf 87' lang='lat' dir='ltr'><strong>coelo</strong></span> <span class='ocrx_word' id='word_1_866' title='bbox 2667 4758 2845 4812; x_wconf 84' lang='lat' dir='ltr'><strong>ﬁdelis</strong></span> <span class='ocrx_word' id='word_1_867' title='bbox 2871 4758 2937 4809; x_wconf 77' lang='lat'><strong>&quot;.</strong></span> <span class='ocrx_word' id='word_1_868' title='bbox 2976 4776 2995 4807; x_wconf 73' lang='grc' dir='ltr'><strong>ι</strong></span> 
     </span>
    </p>
   </div>
   <div class='ocr_carea' id='block_1_107' title="bbox 2191 4845 3694 4920">
    <p class='ocr_par' dir='ltr' id='par_1_107' title="bbox 2191 4845 3694 4920">
     <span class='ocr_line' id='line_1_107' title="bbox 2191 4845 3694 4920; baseline -0.003 -14"><span class='ocrx_word' id='word_1_869' title='bbox 2191 4851 2270 4906; x_wconf 87' lang='lat' dir='ltr'><strong>Ne</strong></span> <span class='ocrx_word' id='word_1_870' title='bbox 2297 4858 2481 4905; x_wconf 90' lang='lat' dir='ltr'><strong>autem</strong></span> <span class='ocrx_word' id='word_1_871' title='bbox 2518 4858 2596 4912; x_wconf 90' lang='lat' dir='ltr'><strong>tu,</strong></span> <span class='ocrx_word' id='word_1_872' title='bbox 2633 4847 2842 4911; x_wconf 66' lang='lat' dir='ltr'><strong>Iudaee,</strong></span> <span class='ocrx_word' id='word_1_873' title='bbox 2871 4847 2987 4902; x_wconf 67' lang='lat' dir='ltr'><strong>haec</strong></span> <span class='ocrx_word' id='word_1_874' title='bbox 3010 4845 3080 4901; x_wconf 83' lang='lat' dir='ltr'><strong>de</strong></span> <span class='ocrx_word' id='word_1_875' title='bbox 3118 4848 3324 4903; x_wconf 89' lang='lat' dir='ltr'><strong>Davide</strong></span> <span class='ocrx_word' id='word_1_876' title='bbox 3348 4849 3579 4920; x_wconf 90' lang='lat' dir='ltr'><strong>ejusque</strong></span> <span class='ocrx_word' id='word_1_877' title='bbox 3603 4865 3694 4904; x_wconf 87' lang='lat' dir='ltr'><strong>re-</strong></span> 
     </span>
    </p>
   </div>
   <div class='ocr_carea' id='block_1_108' title="bbox 2121 4934 3695 5010">
    <p class='ocr_par' dir='ltr' id='par_1_108' title="bbox 2121 4934 3695 5010">
     <span class='ocr_line' id='line_1_108' title="bbox 2121 4934 3695 5010; baseline -0.001 -18"><span class='ocrx_word' id='word_1_878' title='bbox 2121 4939 2384 5010; x_wconf 87' lang='lat' dir='ltr'><strong>gno,sive</strong></span> <span class='ocrx_word' id='word_1_879' title='bbox 2406 4936 2474 4991; x_wconf 91' lang='lat' dir='ltr'><strong>de</strong></span> <span class='ocrx_word' id='word_1_880' title='bbox 2502 4936 2707 4992; x_wconf 64' lang='lat' dir='ltr'><strong>Judaeis</strong></span> <span class='ocrx_word' id='word_1_881' title='bbox 2738 4934 3060 5003; x_wconf 86' lang='lat' dir='ltr'><strong>accipienda</strong></span> <span class='ocrx_word' id='word_1_882' title='bbox 3086 4943 3360 5001; x_wconf 87' lang='lat' dir='ltr'><strong>autumes,</strong></span> <span class='ocrx_word' id='word_1_883' title='bbox 3386 4935 3481 4990; x_wconf 92' lang='lat' dir='ltr'><strong>sed</strong></span> <span class='ocrx_word' id='word_1_884' title='bbox 3511 4936 3695 5005; x_wconf 89' lang='lat' dir='ltr'><strong>potius</strong></span> 
     </span>
    </p>
   </div>
   <div class='ocr_carea' id='block_1_109' title="bbox 2117 5025 3694 5097">
    <p class='ocr_par' dir='ltr' id='par_1_109' title="bbox 2117 5025 3694 5097">
     <span class='ocr_line' id='line_1_109' title="bbox 2117 5025 3694 5097; baseline -0.004 -12"><span class='ocrx_word' id='word_1_885' title='bbox 2117 5031 2187 5085; x_wconf 87' lang='lat' dir='ltr'><strong>de</strong></span> <span class='ocrx_word' id='word_1_886' title='bbox 2236 5029 2482 5095; x_wconf 80' lang='lat' dir='ltr'><strong>Christo,</strong></span> <span class='ocrx_word' id='word_1_887' title='bbox 2537 5027 2695 5082; x_wconf 88' lang='lat' dir='ltr'><strong>addit</strong></span> <span class='ocrx_word' id='word_1_888' title='bbox 2744 5026 2915 5097; x_wconf 89' lang='lat' dir='ltr'><strong>(quod</strong></span> <span class='ocrx_word' id='word_1_889' title='bbox 2960 5027 3129 5082; x_wconf 92' lang='lat' dir='ltr'><strong>etiam</strong></span> <span class='ocrx_word' id='word_1_890' title='bbox 3177 5026 3383 5096; x_wconf 84' lang='lat' dir='ltr'><strong>evenit)</strong></span> <span class='ocrx_word' id='word_1_891' title='bbox 3433 5025 3694 5081; x_wconf 85' lang='lat' dir='ltr'><strong>Davidem</strong></span> 
     </span>
    </p>
   </div>
   <div class='ocr_carea' id='block_1_110' title="bbox 2121 5118 3695 5188">
    <p class='ocr_par' dir='ltr' id='par_1_110' title="bbox 2121 5118 3695 5188">
     <span class='ocr_line' id='line_1_110' title="bbox 2121 5118 3695 5188; baseline -0.003 -13"><span class='ocrx_word' id='word_1_892' title='bbox 2121 5129 2426 5185; x_wconf 90' lang='lat' dir='ltr'><strong>mortuum,</strong></span> <span class='ocrx_word' id='word_1_893' title='bbox 2468 5118 2789 5173; x_wconf 69' lang='lat' dir='ltr'><strong>Judteorum</strong></span> <span class='ocrx_word' id='word_1_894' title='bbox 2835 5132 3067 5188; x_wconf 85' lang='lat' dir='ltr'><strong>regnum</strong></span> <span class='ocrx_word' id='word_1_895' title='bbox 3110 5131 3364 5171; x_wconf 88' lang='lat' dir='ltr'><strong>eversum</strong></span> <span class='ocrx_word' id='word_1_896' title='bbox 3390 5155 3404 5179; x_wconf 88' lang='lat'><strong>,</strong></span> <span class='ocrx_word' id='word_1_897' title='bbox 3450 5124 3695 5171; x_wconf 87' lang='lat' dir='ltr'><strong>etvetus</strong></span> 
     </span>
    </p>
   </div>
   <div class='ocr_carea' id='block_1_111' title="bbox 2122 5205 3694 5271">
    <p class='ocr_par' dir='ltr' id='par_1_111' title="bbox 2122 5205 3694 5271">
     <span class='ocr_line' id='line_1_111' title="bbox 2122 5205 3694 5271; baseline -0.005 -4"><span class='ocrx_word' id='word_1_898' title='bbox 2122 5219 2510 5268; x_wconf 90' lang='lat' dir='ltr'><strong>testamentum</strong></span> <span class='ocrx_word' id='word_1_899' title='bbox 2542 5209 2812 5265; x_wconf 89' lang='lat' dir='ltr'><strong>abolitum</strong></span> <span class='ocrx_word' id='word_1_900' title='bbox 2841 5223 2985 5271; x_wconf 88' lang='lat' dir='ltr'><strong>esse,</strong></span> <span class='ocrx_word' id='word_1_901' title='bbox 3015 5208 3244 5261; x_wconf 91' lang='lat' dir='ltr'><strong>dicens:</strong></span> <span class='ocrx_word' id='word_1_902' title='bbox 3274 5226 3292 5256; x_wconf 81' lang='grc' dir='ltr'><strong>ι</strong></span> <span class='ocrx_word' id='word_1_903' title='bbox 3337 5205 3419 5258; x_wconf 89' lang='lat' dir='ltr'><strong>Tu</strong></span> <span class='ocrx_word' id='word_1_904' title='bbox 3449 5220 3581 5259; x_wconf 87' lang='lat' dir='ltr'><strong>vero</strong></span> <span class='ocrx_word' id='word_1_905' title='bbox 3604 5221 3694 5259; x_wconf 88' lang='lat' dir='ltr'><strong>re-</strong></span> 
     </span>
    </p>
   </div>
   <div class='ocr_carea' id='block_1_112' title="bbox 2118 5296 3693 5375">
    <p class='ocr_par' dir='ltr' id='par_1_112' title="bbox 2118 5296 3693 5375">
     <span class='ocr_line' id='line_1_112' title="bbox 2118 5296 3693 5375; baseline -0.007 -15"><span class='ocrx_word' id='word_1_906' title='bbox 2118 5305 2309 5375; x_wconf 86' lang='lat' dir='ltr'><strong>pulisti</strong></span> <span class='ocrx_word' id='word_1_907' title='bbox 2358 5311 2414 5358; x_wconf 87' lang='lat' dir='ltr'><strong>et</strong></span> <span class='ocrx_word' id='word_1_908' title='bbox 2459 5301 2757 5371; x_wconf 79' lang='lat' dir='ltr'><strong>despexisti</strong></span> <span class='ocrx_word' id='word_1_909' title='bbox 2809 5318 2821 5351; x_wconf 89' lang='lat'><strong>:</strong></span> <span class='ocrx_word' id='word_1_910' title='bbox 2875 5298 3140 5353; x_wconf 86' lang='lat' dir='ltr'><strong>distulisti</strong></span> <span class='ocrx_word' id='word_1_911' title='bbox 3192 5296 3460 5351; x_wconf 89' lang='lat' dir='ltr'><strong>ehristum</strong></span> <span class='ocrx_word' id='word_1_912' title='bbox 3513 5305 3693 5349; x_wconf 90' lang='lat' dir='ltr'><strong>tuum.</strong></span> 
     </span>
    </p>
   </div>
   <div class='ocr_carea' id='block_1_113' title="bbox 2118 5385 3695 5459">
    <p class='ocr_par' dir='ltr' id='par_1_113' title="bbox 2118 5385 3695 5459">
     <span class='ocr_line' id='line_1_113' title="bbox 2118 5385 3695 5459; baseline -0.008 -7"><span class='ocrx_word' id='word_1_913' title='bbox 2118 5395 2377 5452; x_wconf 85' lang='lat' dir='ltr'><strong>Evertisti</strong></span> <span class='ocrx_word' id='word_1_914' title='bbox 2401 5402 2793 5450; x_wconf 88' lang='lat' dir='ltr'><strong>testamentum</strong></span> <span class='ocrx_word' id='word_1_915' title='bbox 2824 5390 2967 5445; x_wconf 86' lang='lat' dir='ltr'><strong>servi</strong></span> <span class='ocrx_word' id='word_1_916' title='bbox 2995 5388 3112 5443; x_wconf 89' lang='lat' dir='ltr'><strong>tui:</strong></span> <span class='ocrx_word' id='word_1_917' title='bbox 3145 5386 3448 5459; x_wconf 78' lang='lat' dir='ltr'><strong>profanasti</strong></span> <span class='ocrx_word' id='word_1_918' title='bbox 3473 5385 3530 5439; x_wconf 90' lang='lat' dir='ltr'><strong>in</strong></span> <span class='ocrx_word' id='word_1_919' title='bbox 3551 5397 3695 5440; x_wconf 88' lang='lat' dir='ltr'><strong>terra</strong></span> 
     </span>
    </p>
   </div>
   <div class='ocr_carea' id='block_1_114' title="bbox 2123 5476 3691 5555">
    <p class='ocr_par' dir='ltr' id='par_1_114' title="bbox 2123 5476 3691 5555">
     <span class='ocr_line' id='line_1_114' title="bbox 2123 5476 3691 5555; baseline -0.009 -12"><span class='ocrx_word' id='word_1_920' title='bbox 2123 5487 2508 5544; x_wconf 85' lang='lat' dir='ltr'><strong>sanctuarium</strong></span> <span class='ocrx_word' id='word_1_921' title='bbox 2546 5486 2689 5555; x_wconf 89' lang='lat' dir='ltr'><strong>ejus.</strong></span> <span class='ocrx_word' id='word_1_922' title='bbox 2716 5480 3050 5537; x_wconf 83' lang='lat' dir='ltr'><strong>Destruxisti</strong></span> <span class='ocrx_word' id='word_1_923' title='bbox 3083 5494 3276 5534; x_wconf 89' lang='lat' dir='ltr'><strong>omnes</strong></span> <span class='ocrx_word' id='word_1_924' title='bbox 3305 5490 3464 5546; x_wconf 88' lang='lat' dir='ltr'><strong>sepcs</strong></span> <span class='ocrx_word' id='word_1_925' title='bbox 3493 5476 3634 5547; x_wconf 91' lang='lat' dir='ltr'><strong>ejus,</strong></span> <span class='ocrx_word' id='word_1_926' title='bbox 3670 5493 3691 5529; x_wconf 73' lang='grc' dir='ltr'><strong>ι</strong></span> 
     </span>
    </p>
   </div>
   <div class='ocr_carea' id='block_1_115' title="bbox 2121 5566 3695 5648">
    <p class='ocr_par' dir='ltr' id='par_1_115' title="bbox 2121 5566 3695 5648">
     <span class='ocr_line' id='line_1_115' title="bbox 2121 5566 3695 5648; baseline -0.01 -13"><span class='ocrx_word' id='word_1_927' title='bbox 2121 5589 2176 5635; x_wconf 91' lang='lat' dir='ltr'><strong>et</strong></span> <span class='ocrx_word' id='word_1_928' title='bbox 2206 5595 2328 5648; x_wconf 74' lang='lat' dir='ltr'><strong>qua:</strong></span> <span class='ocrx_word' id='word_1_929' title='bbox 2353 5583 2662 5647; x_wconf 88' lang='lat' dir='ltr'><strong>sequuntur</strong></span> <span class='ocrx_word' id='word_1_930' title='bbox 2688 5588 2860 5642; x_wconf 90' lang='lat' dir='ltr'><strong>usque</strong></span> <span class='ocrx_word' id='word_1_931' title='bbox 2883 5572 2952 5627; x_wconf 89' lang='lat' dir='ltr'><strong>ad</strong></span> <span class='ocrx_word' id='word_1_932' title='bbox 2978 5571 3113 5625; x_wconf 85' lang='lat' dir='ltr'><strong>illud</strong></span> <span class='ocrx_word' id='word_1_933' title='bbox 3142 5587 3155 5624; x_wconf 89' lang='lat'><strong>:</strong></span> <span class='ocrx_word' id='word_1_934' title='bbox 3188 5588 3208 5623; x_wconf 74' lang='grc' dir='ltr'><strong>ι</strong></span> <span class='ocrx_word' id='word_1_935' title='bbox 3244 5566 3545 5624; x_wconf 78' lang='lat' dir='ltr'><strong>Perfudisti</strong></span> <span class='ocrx_word' id='word_1_936' title='bbox 3567 5583 3695 5623; x_wconf 87' lang='lat' dir='ltr'><strong>eum</strong></span> 
     </span>
    </p>
   </div>
   <div class='ocr_carea' id='block_1_116' title="bbox 442 5751 3193 5837">
    <p class='ocr_par' dir='ltr' id='par_1_116' title="bbox 442 5751 3193 5837">
     <span class='ocr_line' id='line_1_116' title="bbox 442 5751 3193 5837; baseline -0.007 -11"><span class='ocrx_word' id='word_1_937' title='bbox 442 5764 448 5770; x_wconf 75' lang='grc'><em>’</em></span> <span class='ocrx_word' id='word_1_938' title='bbox 519 5771 563 5803; x_wconf 74' lang='grc'><strong>’³</strong></span> <span class='ocrx_word' id='word_1_939' title='bbox 590 5768 755 5826; x_wconf 84' lang='lat' dir='ltr'><strong>llcbr.</strong></span> <span class='ocrx_word' id='word_1_940' title='bbox 788 5785 825 5832; x_wconf 85' lang='grc' dir='ltr'><strong>ι,</strong></span> <span class='ocrx_word' id='word_1_941' title='bbox 858 5768 943 5823; x_wconf 71' lang='grc'><strong>14.</strong></span> <span class='ocrx_word' id='word_1_942' title='bbox 1027 5768 1067 5799; x_wconf 70' lang='grc'><strong>’³</strong></span> <span class='ocrx_word' id='word_1_943' title='bbox 1096 5768 1138 5821; x_wconf 91' lang='lat' dir='ltr'><strong>ll</strong></span> <span class='ocrx_word' id='word_1_944' title='bbox 1172 5768 1304 5837; x_wconf 77' lang='lat' dir='ltr'><strong>lleg.</strong></span> <span class='ocrx_word' id='word_1_945' title='bbox 1338 5782 1432 5833; x_wconf 85' lang='lat' dir='ltr'><strong>vn,</strong></span> <span class='ocrx_word' id='word_1_946' title='bbox 1469 5766 1570 5832; x_wconf 81' lang='lat' dir='ltr'><strong>M;</strong></span> <span class='ocrx_word' id='word_1_947' title='bbox 1602 5763 1769 5819; x_wconf 84' lang='lat' dir='ltr'><strong>Hebr.</strong></span> <span class='ocrx_word' id='word_1_948' title='bbox 1813 5779 1850 5832; x_wconf 88' lang='grc' dir='ltr'><strong>ι,</strong></span> <span class='ocrx_word' id='word_1_949' title='bbox 1887 5760 1939 5815; x_wconf 80' lang='grc'><strong>5.</strong></span> <span class='ocrx_word' id='word_1_950' title='bbox 2013 5760 2056 5791; x_wconf 81' lang='grc' dir='ltr'><strong>³ο</strong></span> <span class='ocrx_word' id='word_1_951' title='bbox 2082 5758 2225 5815; x_wconf 83' lang='lat' dir='ltr'><strong>l’sal.</strong></span> <span class='ocrx_word' id='word_1_952' title='bbox 2249 5774 2305 5825; x_wconf 84' lang='grc' dir='ltr'><strong>ιι,</strong></span> <span class='ocrx_word' id='word_1_953' title='bbox 2338 5758 2389 5812; x_wconf 84' lang='lat'><strong>9.</strong></span> <span class='ocrx_word' id='word_1_954' title='bbox 2451 5758 2502 5830; x_wconf 26' lang='lat'><strong>.“</strong></span> <span class='ocrx_word' id='word_1_955' title='bbox 2542 5755 2684 5812; x_wconf 85' lang='lat' dir='ltr'><strong>Psal.</strong></span> <span class='ocrx_word' id='word_1_956' title='bbox 2721 5769 2973 5822; x_wconf 74' lang='lat' dir='ltr'><strong>Lxxxvm,</strong></span> <span class='ocrx_word' id='word_1_957' title='bbox 3001 5751 3193 5808; x_wconf 67' lang='lat'><strong>25-38.</strong></span> 
     </span>
    </p>
   </div>
  </div>
