3988 6142
299 272 432 340 1211

1495 274 1556 334 S.
1598 273 1998 335 ANASTASII
2039 272 2364 333 ΞΙΝΑΙὭΕ

3429 269 3567 336 1⁷213

295 389 623 447 confusione
651 390 717 442 “.
759 407 778 442 ι
823 386 896 442 Ac
929 386 1181 456 profecto
1205 387 1347 441 bene
1374 385 1618 454 Spiritus
1643 391 1877 442 sanctus
1904 440 1905 445 η

2009 384 2101 446 οὺς
2118 383 2405 453 φραγμοὺς
2429 381 2618 450 αὐτοῦ,
2654 383 2756 438 σὺν
2776 385 2888 446 ταῖς
2918 383 3146 449 λοιποες,
3190 382 3286 436 καὶ
3320 379 3433 456 [τὸ]
3459 401 3566 440 κα-

301 499 400 556 per
429 481 760 553 pr0phetam
795 480 912 534 haec
955 479 1208 534 elocutus
1233 489 1338 532 est.
1370 476 1562 547 Neque
1589 463 1738 530 enim
1765 476 1886 530 licri

299 582 486 644 potest
527 581 589 627 ut
623 573 768 625 Deus
809 569 1134 635 mentiatur,
1181 569 1285 624 sed
1315 566 1682 639 jurejurando
1718 565 1890 619 inter-

297 666 484 738 positu
531 665 920 718 inconcussam
968 661 1260 716 veritatem
1314 661 1532 726 innuit,
1577 657 1898 714 secundum-

299 757 482 812 illud:
523 775 542 808 ι
588 753 774 811 Semel
817 753 1001 826 juravi
1055 753 1110 807 in
1143 753 1380 807 veritate
1429 766 1574 814 mea,
1623 749 1672 804 si
1715 747 1889 805 David

299 849 540 904 mentiar
569 849 636 900 ³³.
680 867 699 897 ι
741 845 968 901 Davidis
995 845 1146 899 enim
1195 860 1384 900 semen
1420 843 1731 918 secundum
1764 857 1889 896 car-

299 956 430 998 nem
469 948 556 995 est
581 939 836 994 Christus
870 937 966 992 Dei
1019 937 1215 1002 Filius,
1265 935 1543 1005 siquidem
1591 951 1622 990 e
1659 931 1890 989 Davidis

301 1049 508 1108 genere
541 1031 846 1087 secundum
878 1046 1102 1086 carnem
1137 1029 1344 1100 prodiit
1388 1029 1624 1096 Deipara
1669 1038 1892 1094 semper

301 1123 470 1202 Virgo
524 1135 703 1178 mater
747 1121 958 1176 Christi
1001 1119 1100 1176 Dei
1150 1120 1350 1176 nostri.
1407 1120 1658 1189 Regnum
1702 1125 1890 1171 autem

303 1214 450 1288 quod
482 1215 697 1284 accepit
721 1225 782 1270 ut
819 1214 1009 1278 homo,
1033 1223 1221 1268 manet
1247 1213 1302 1266 in
1330 1219 1690 1282 perpetuum.
1713 1207 1892 1264 David

304 1309 454 1369 enim
490 1317 547 1363 et
577 1301 832 1364 mortuus
855 1318 912 1364 et
948 1309 1200 1378 sepultus
1232 1318 1338 1374 est,
1370 1321 1603 1378 regnum
1632 1305 1754 1376 ejus
1790 1302 1892 1358 Ju-

308 1400 530 1456 daicum
564 1399 799 1455 interiit.

380 1587 631 1657 Regnum
661 1599 798 1640 vero
817 1580 964 1654 quod
995 1581 1248 1652 promisit
1273 1581 1420 1634 Deus
1445 1576 1750 1634 secundum
1788 1574 1892 1630 ho-

1985 472 2182 543 τέχεας
2206 471 2358 542 αὐτῷ
2379 471 2666 543 αἰσχύνην.
2705 491 2728 525 ι
2760 475 2870 534 Καὶ
2899 472 3114 544 ἀληθῶς
3139 472 3319 538 καλῶς
3345 473 3570 544 Πνεῦμα

1985 561 2045 614 τὸ
2067 561 2222 631 ἇγιον
2258 563 2347 616 διὰ
2379 561 2477 615 τοῦ
2525 563 2812 634 προφήτου
2857 563 3036 618 ταῦτα
3081 558 3236 618 εἶπεν
3262 580 3276 594 ·
3308 563 3570 620 ἀδύνατον

1987 654 2097 724 γὰρ
2129 655 2222 708 τὸν
2257 655 2392 708 Θεὸν
2421 655 2752 726 ψεύσασθαι,
2798 655 2936 710 ἀλλὰ
2963 655 3030 710 δι’
3056 657 3572 736 ὃρκουίμεσίτευσε

1987 747 2048 800 τὸ
2102 749 2439 818 ἀμετάθετον
2483 749 2583 820 τῆς
2631 749 2913 820 ἀληθείας,
2948 749 3134 812 καθὼς
3185 749 3440 821 εἴρηται,
3489 753 3582 807 ὅτι·

1993 857 2014 890 ι
2058 839 2246 906 "Ama
2297 839 2490 911 ὤμοσα
2541 844 2600 894 ὲν
2636 844 2700 912 τῇ
2739 841 2969 913 ἀληθεία
3014 859 3140 911 μου.
3185 836 3263 895 Ἦ
3292 841 3371 912 τῷ
3408 843 3576 898 Δαϐὶδ

1988 930 2264 1003 ψεύσομαι
2293 949 2310 998 ς
2350 951 2370 984 ι
2395 931 2624 1002 Σπέρμα
2654 935 2767 1004 γὰρ
2813 933 2908 986 τοῦ
2937 932 3102 988 Δαϐὶϐ
3123 933 3186 986 τὸ
3228 935 3368 988 κατὰ
3393 935 3575 1004 σάρκα

1990 1023 2138 1074 ἐστὶν
2170 1025 2198 1074 ὁ
2220 1021 2456 1092 Χριστὸς
2479 1026 2508 1076 ὁ
2538 1023 2666 1086 Υἱὸς
2681 1023 2789 1076 ’τοῦ
2819 1021 2979 1078 Θεοῦ.
3013 1023 3108 1076 Ἐκ
3128 1023 3322 1102 γένους
3350 1024 3461 1096 γὰρ
3480 1025 3574 1078 τοῦ

1991 1113 2158 1168 Δαϐὶδ
2189 1113 2251 1166 τὸ
2284 1117 2426 1168 κατά
2454 1115 2633 1186 σάρκα
2660 1116 2904 1186 ὑπῆρχεν
2936 1117 2970 1186 ἡ
3013 1115 3277 1179 Θεοτόκος
3317 1117 3578 1188 Ἀειπαρ-

1993 1201 2150 1265 θένος
2195 1204 2396 1274 Μήτηρ
2436 1204 2676 1274 Χριστοῦ
2711 1205 2806 1258 τοῦ
2859 1205 2995 1258 Θεοῦ
3024 1204 3209 1274 ήμῶν·
3250 1208 3346 1260 καὶ
3377 1207 3447 1277 ἠν
3478 1206 3578 1276 βαι

2002 1293 2212 1348 σιλείαν
2263 1294 2338 1358 ὠς
2389 1295 2678 1366 ἄνθρωπος
2729 1297 2888 1352 ἔλαϐε
2925 1339 2942 1364 ,
2987 1298 3136 1368 μένει
3179 1297 3470 1369 διηνεκῶς.
3519 1300 3578 1352 '0

1999 1385 2111 1454 γὰρ
2149 1385 2314 1439 Δαϐὶδ
2345 1385 2442 1440 καὶ
2477 1385 2796 1455 ἐτελεύτησε
2843 1388 2940 1440 καὶ
2972 1388 3184 1458 ἐτάφη,
3211 1390 3308 1442 καὶ
3350 1391 3384 1460 ἡ
3421 1389 3581 1460 βασι-

1991 1480 2111 1532 λεία
2158 1479 2344 1544 αὑτοῦ,
2376 1481 2410 1550 η
2449 1480 2560 1533 τῶν
2605 1479 2896 1547 Ἰουδαίων,
2924 1481 3177 1552 ἀφῃρέθη
3207 1481 3310 1550 (1).

2071 1571 2174 1624 Ἢν
2225 1570 2282 1623 δὲ
2330 1573 2360 1624 ό
2409 1571 2543 1632 Θεὸς
2594 1569 2874 1641 βασιλείαν
2937 1571 3207 1642 ὑπέσχετο
3250 1572 3434 1627 δοῦναι
3483 1591 3586 1628 κα-

309 1681 513 1732 mineni
540 1676 672 1730 dare
697 1675 983 1729 incarnato
1000 1671 1220 1728 Christo
1247 1673 1360 1726 Deo
1381 1677 1594 1732 nostro,
1619 1676 1806 1722 manet
1834 1665 1894 1720 in

2009 1658 2065 1713 τὰ
2127 1661 2190 1712 τὸ
2265 1659 2640 1745 ἀνθρώπινον¹
2682 1661 2762 1732 τῷ
2827 1663 3160 1732 σαρκωθὲντι
3225 1662 3449 1734 Χριστῷ
3502 1664 3585 1736 τῷ

309 1774 577 1822 aeternum
601 1763 782 1834 ;quod
807 1762 1082 1818 commisit
1105 1760 1530 1832 imperatoribut'.
1548 1755 1902 1819 Christianis,

2009 1749 2125 1821 Θεῷ
2170 1752 2349 1822 ἡμῶν,
2398 1754 2552 1822 μένει
2599 1753 2870 1824 διηνεκῶς
2896 1793 2912 1816 .
2945 1754 3013 1825 ἢν
3045 1755 3142 1809 καὶ
3187 1756 3458 1826 παρέθετο
3491 1775 3586 1810 πι-

311 1866 510 1914 etcum
534 1854 672 1924 ipsis
701 1861 912 1924 regnat,
936 1863 997 1908 ut
1023 1853 1300 1907 diximus:
1328 1867 1438 1906 non
1461 1859 1547 1905 est
1563 1849 1712 1906 enim
1741 1847 1896 1928 aliud

2009 1845 2148 1906 στοῖς
2175 1842 2479 1913 βασιλεῦσι,
2500 1845 2595 1901 καὶ
2627 1844 3028 1916 συμϐασιλεύει’
3051 1850 3264 1913 αὐτοῖς,
3301 1847 3379 1912 ὡς
3429 1849 3584 1900 εἴπο-

313 1959 546 2014 regnum
592 1943 678 1997 νει
730 1943 1023 2012 imperium
1081 1942 1175 1998 illo
1231 1938 1596 2011 splendidius.
1641 1937 1798 2006 Quod
1847 1938 1896 1994 si

310 2037 398 2091 vis
421 2033 710 2089 veritatem
736 2032 1072 2102 perspicere,
1114 2045 1270 2085 sume
1311 2029 1447 2084 mihi
1485 2029 1684 2100 Moysts
1723 2041 1924 2098 popu-.

311 2126 453 2188 lum.
469 2125 560 2196 qui
583 2125 750 2180 tantis
772 2123 1054 2178 miraculis
1072 2122 1443 2193 profundique
1469 2121 1636 2176 maris
1661 2119 1899 2174 transitu

312 2216 600 2288 Egyptios
651 2213 868 2285 effugit.
921 2213 1228 2269 Considera
1275 2211 1414 2266 mihi
1460 2211 1668 2276 Jesum,
1722 2209 1901 2267 ﬁlium

313 2307 484 2370 Nave,
513 2321 614 2376 per
647 2319 812 2375 quem
842 2304 925 2359 soi
963 2303 1117 2358 stetit
1157 2309 1352 2356 contra
1389 2299 1638 2367 Gabaon,
1674 2307 1734 2356 et
1768 2299 1901 2357 luna

317 2407 512 2454 contra
538 2397 761 2460 vallem,
803 2405 864 2450 et
888 2396 993 2448 alia
1024 2393 1276 2464 quaedam
1305 2408 1526 2448 omnem
1559 2392 1782 2446 modum
1809 2407 1904 2446 su-

317 2489 568 2561 perantia
600 2487 906 2552 miracula;
934 2485 1066 2550 imo,
1111 2494 1172 2540 ut
1213 2501 1323 2540 uno
1351 2485 1524 2540 verbo
1555 2485 1760 2548 dicam,
1793 2483 1904 2539 He-

317 2581 593 2639 braeorum
637 2578 1072 2652 dominationem
1119 2577 1424 2647 perpende.
1476 2576 1670 2630 Totam
1719 2589 1903 2629 nonne

318 2673 470 2728 mille
500 2673 663 2727 annis
699 2671 968 2726 dominati
1017 2679 1168 2733 sunt,
1211 2679 1268 2725 et
1307 2669 1550 2724 ablatum
1584 2677 1670 2723 est
1708 2682 1904 2723 eorum

321 2765 650 2836 imperium?
676 2763 964 2832 Quomodo
988 2764 1093 2819 sub
1119 2764 1494 2818 Romanorum
1524 2761 1905 2818 dominatione

319 2854 564 2910 defecit?
595 2855 791 2910 Nonne
818 2855 978 2910 Titus
1006 2863 1063 2908 et
1097 2854 1470 2924 Vespasianus
1491 2869 1686 2908 omnes
1715 2851 1908 2908 conci-

323 2949 564 3004 derunt?
597 2947 792 3001 Nonne
840 2947 1028 3016 templi
1057 2945 1228 3000 diruti
1262 2945 1496 3014 vestigia
1530 2953 1715 2999 aratro
1755 2943 1906 3000 dele-

322 3037 562 3095 verunt?
589 3037 784 3092 Nonne
813 3037 1264 3108 Babyloniorum,
1309 3035 1592 3090 Medorum
1633 3045 1690 3090 et
1713 3035 1910 3088 Persa-

325 3147 450 3188 rum
481 3147 511 3185 a
540 3129 802 3184 Barliaris
829 3104 946 3183 illis
965 3128 1161 3183 Turcis
1205 3128 1529 3196 absurptum
1562 3125 1685 3181 est?
1717 3124 1820 3191 Qui
1853 3133 1910 3179 et
1935 3104 1982 3164 ε

327 3223 432 3293 ipsi
467 3221 770 3290 aliquando
814 3219 1158 3276 excidentur.
1209 3219 1403 3274 Nonne
1444 3217 1610 3272 etiam
1655 3215 1909 3272 Macedo-

325 3331 459 3370 num
486 3313 790 3368 dominatio
815 3311 1078 3367 transiit?
1103 3311 1174 3367 At
1215 3327 1348 3366 vero
1395 3311 1768 3366 Romanorum
1810 3309 1914 3363 im-

327 3407 566 3476 perium,
601 3405 715 3458 sive
741 3403 1210 3467 Christianorum,
1241 3403 1448 3473 quippe
1482 3403 1628 3472 quod
1655 3419 1763 3457 una
1783 3417 1909 3456 cum

327 3499 566 3556 Domino
616 3508 807 3550 nostro
836 3497 964 3551 Jcsu
1001 3495 1224 3549 Christo
1262 3494 1700 3554 administretur,
1734 3509 1912 3563 usque

327 3587 397 3642 ad
433 3587 622 3651 mundi
650 3585 1185 3640 consummationem
1224 3600 1333 3640 non
1365 3583 1728 3652 pertransihit
1759 3601 1772 3636 :
1801 3582 1912 3636 imo

327 3696 460 3734 vero
489 3677 764 3736 Christus.
793 3689 852 3730 ut
872 3685 957 3730 est
992 3677 1104 3730 Rex
1146 3691 1334 3746 regum
1357 3685 1412 3730 et
1442 3676 1706 3730 Dominus
1731 3675 1914 3729 domi-

331 3767 582 3826 nantium
615 3767 684 3832 ",
737 3767 974 3836 imperio
1011 3766 1104 3821 illo
1137 3768 1310 3822 utitur
1349 3767 1416 3821 ad
1454 3769 1788 3836 pascendum
1817 3782 1914 3836 po—

331 3861 520 3934 pulum
546 3876 731 3924 suum,
759 3874 934 3928 usque
959 3858 1024 3911 ad
1051 3859 1357 3913 secundum
1388 3859 1911 3929 ipsiusadventum;

330 3951 480 4022 quod
527 3949 824 4018 imperium
871 3964 983 4002 non
1023 3949 1115 4003 alii
1163 3949 1366 4018 p0pulo
1400 3951 1780 4019 relinquetur;
1817 3951 1914 4006 sed

335 4055 470 4098 tunc
501 4043 618 4110 ipse
654 4043 1130 4112 Dominus,utqui
1158 4043 1232 4097 sit
1255 4043 1418 4098 Pater
1437 4044 1606 4098 futuri
1637 4045 1822 4098 saeculi
1845 4046 1912 4112 ⁸³,

337 4135 468 4196 illud
510 4133 806 4196 obtinebit,
856 4150 980 4188 cum
1032 4135 1246 4189 scilicet
1297 4150 1490 4190 omnes
1539 4151 1914 4206 resurgemus,

335 4225 475 4282 sicut
501 4225 772 4292 scriptum
800 4233 884 4279 est
925 4226 994 4278 ".
1025 4225 1338 4295 Resurgent
1363 4225 1564 4279 mortui
1609 4234 1665 4279 et
1709 4227 1918 4280 excita-

332 4315 542 4376 buntur
569 4318 662 4385 qui
692 4317 977 4370 dormiunt
1013 4318 1066 4370 in
1099 4318 1495 4380 monumentis,
1523 4328 1580 4372 et
1611 4319 1918 4373 astahimus

2007 1951 2127 2007 μεν·
2161 1937 2225 1988 οὐ
2275 1935 2383 2006 γάρ
2427 1935 2548 1990 ὲστί
2597 1954 2681 2000 τις
2730 1937 2894 2009 ἑτέρα
2937 1937 3184 2009 βασιλεία
3225 1938 3258 2010 ἢ
3295 1939 3588 1993 δυναστεία

2002 2025 2210 2097 ταύτης
2259 2027 2732 2098 περιφανεστέρα.
2783 2031 2894 2083 Καὶ
2922 2031 2971 2082 εί
2997 2029 3178 2101 βούλει
3225 2031 3588 2098 σκοπῆσαιτδ

2005 2119 2254 2188 ἀκριϐὲς,
2299 2117 2430 2172 λάϐε
2469 2135 2560 2190 μοι
2588 2119 2682 2172 τὸν
2714 2120 2810 2173 τοῦ
2836 2121 3082 2185 Μωσέως
3118 2120 3248 2175 λαὸν
3277 2121 3369 2178 τὸν
3393 2121 3590 2176 τοσού-

2004 2228 2120 2275 τοις
2152 2210 2401 2280 σημείοις
2434 2214 2529 2264 καὶ
2584 2211 2735 2283 βυθῷ
2771 2211 3048 2284 θαλάσσης
3085 2214 3214 2278 τοὺς
3249 2213 3590 2283 Αίγυπτίους

2008 2303 2383 2358 ὲκστείλαντα·
2420 2303 2495 2356 ι’δε
2532 2321 2622 2374 μοι
2665 2303 2872 2375 Ἰησοῦν
2895 2303 2987 2358 τὸν
3017 2305 3176 2376 Ναυῆ
3207 2304 3305 2376 ἀφ’
3336 2299 3399 2360 οὗ
3436 2307 3533 2360 καὶ
3559 2305 3592 2359 δ

2006 2394 2160 2466 ἦλιος
2184 2395 2328 2448 κατὰ
2365 2393 2596 2449 Γαϐαὼν
2618 2395 2858 2460 ἵσταται,
2896 2399 2995 2452 καὶ
3019 2399 3052 2470 ἡ
3085 2399 3288 2470 σελήνη
3323 2401 3468 2456 κατὰ
3492 2399 3596 2468 φάο

2013 2499 2214 2555 ραγγα,
2245 2485 2338 2538 καὶ
2368 2483 2504 2538 ἄλλα
2541 2485 2664 2540 τινὰ
2714 2487 2930 2552 ἐξαίσια
2965 2488 3242 2559 θαύματα·
3278 2490 3376 2543 καὶ
3401 2489 3592 2554 ἁπλῶς

2011 2576 2156 2631 ἅπαν
2189 2577 2250 2630 τὸ
2279 2576 2390 2631 τῶν
2425 2577 2695 2650 Ἐϐραίων
2723 2579 2922 2650 νόησον
2953 2584 3178 2653 κράτος.
3208 2582 3282 2634 Οὐ
3311 2581 3462 2651 χίλια
3492 2581 3591 2653 ἔτη

2011 2667 2394 2735 ἐϐασίλευσαν,
2427 2671 2522 2724 καὶ
2555 2671 2792 2740 ἐξεκόπη
2835 2673 2868 2742 ἠ
2913 2672 3164 2742 βασιλεία
3199 2672 3408 2738 αὐτῶνς
3467 2673 3595 2736 Πῶς

2012 2759 2119 2822 ὑπὸ
2143 2760 2244 2828 τῆς
2273 2762 2380 2814 τῶν
2425 2761 2711 2830 Ῥωμαίων
2733 2762 3014 2833 βασιλείας
3045 2764 3296 2831 tet-Elim;
3325 2764 3402 2817 Οὐ
3433 2764 3596 2828 Τῖτος

2011 2853 2108 2906 καὶ
2137 2854 2546 2918 Οὐεσπασιανὸς
2579 2856 2894 2924 κατέκοψαν
2933 2857 3216 2920 ἃπανταςς
3241 2857 3344 2910 οὐκ
3373 2855 3600 2927 ἀρότρῳ

2012 2945 2105 2998 τὸν
2130 2945 2259 2998 ναὸν
2281 2945 2730 3018 ἐκπορθήσαντες
2756 2964 2770 3011 ;
2803 2947 2924 3018 οὐχὶ
2952 2947 3062 3000 τῶν
3092 2947 3470 3016 Βαϐυλωνίων,
3498 2950 3596 3002 καὶ

2014 3037 2138 3108 οὐχὶ
2170 3037 2280 3091 τῶν
2305 3039 2530 3107 Μήδων,
2584 3041 2707 3110 οὐχὶ
2749 3040 2882 3094 τῶν·
2908 3040 3134 3113 Περσῶν
3167 3039 3416 3113 βασιλεία
3457 3058 3598 3094 κατ-

2011 3131 2178 3200 επόθη
2198 3131 2303 3208 ὑπο
2317 3132 2424 3186 τῶν
2449 3133 2750 3204 Βαρϐάρων
2775 3133 2978 3186 τούτων
2997 3133 3108 3186 τῶν
3123 3133 3383 3204 Τοῦρκων
3397 3133 3598 3200 {Alli

2012 3224 2106 3276 καὶ
2119 3217 2293 3277 καύτοὶ
2318 3227 2742 3296 ἐκκοπήσονται.
2780 3227 2914 3296 Οὐχὶ
2944 3226 3053 3280 τῶν
3082 3225 3413 3281 Μακεδόνων
3449 3241 3598 3296 παρ-

2011 3313 2174 3382 ῆλθεν
2199 3355 2214 3380 ,
2243 3319 2276 3386 ἡ
2307 3316 2364 3368 δὲ
2391 3317 2499 3370 τῶν
2541 3316 2830 3388 Ῥωμαίων
2859 3318 3127 3388 βασιλεία,
3163 3319 3284 3390 ἦτοι
3320 3319 3428 3371 τῶν
3461 3319 3596 3390 Χρι-

2015 3406 2270 3469 στιανῶν,
2329 3408 2405 3471 ὡς
2452 3409 2968 3481 συμϐασιλευομένη
3016 3411 3172 3482 παρὰ
3225 3411 3320 3464 τοῦ
3383 3410 3593 3481 Κυρίου

2015 3496 2170 3564 ἡμῶν
2244 3496 2420 3566 Ἰησοῦ
2475 3499 2753 3568 Χριστοῦ,
2811 3501 2918 3566 ἕως
2983 3502 3080 3571 τῆς
3125 3501 3436 3566 συντελείας
3497 3501 3594 3555 τοῦ

2015 3586 2221 3655 κόσμου
2247 3587 2306 3638 οὐ
2340 3587 2758 3659 παρελεύσεται,
2800 3591 2917 3644 ἀλλ’
2949 3592 3023 3655 ὡς
3054 3591 3316 3654 Βασιλεὺς
3345 3593 3454 3644 τῶν
3493 3589 3599 3664 ,βα-

2017 3676 2362 3746 σιλευόντιιιν,
2396 3680 2488 3732 καὶ
2518 3680 2722 3752 Κύριος
2751 3681 2862 3735 τῶν
2909 3683 3292 3755 κυριευόντων,
3329 3683 3396 3736 δι’
3424 3685 3491 3738 αὖ
3505 3685 3596 3752 τῆς

2017 3771 2296 3838 ποιμαίνει
2329 3771 2421 3823 τὸν
2453 3771 2580 3824 λαὸν
2608 3774 2798 3834 αὐτοῦ,
2823 3775 2987 3846 μέχρι
3017 3775 3112 3843 τῆς
3140 3775 3398 3844 δευτέρας
3429 3773 3596 3828 αὐτοῦ

2017 3859 2346 3928 παρουσίας,
2377 3862 2499 3932 ἥτις
2533 3862 2649 3935 λαῷ
2701 3865 2875 3936 ἑτέρῳ
2929 3867 3028 3936 οὐχ
3089 3864 3596 3936 ὑπολειῴθήσεται;

2019 3951 2128 4003 Καὶ
2157 3953 2280 4004 τότε
2328 3955 2534 4026 ταύτην
2567 3956 2642 4019 ὡς
2681 3957 2868 4028 Πατὴρ
2918 3958 3012 4012 τοῦ
3067 3959 3356 4029 μέλλοντος
3384 3949 3598 4021 ἀἰῶνος

2019 4043 2260 4110 καθέξει,
2295 4047 2384 4098 ὅτε
2417 4048 2617 4111 πάντες
2661 4052 3108 4120 ἀναστησόμεθα,
3162 4051 3349 4117 καθὼς
3397 4053 3601 4122 γέγρα-

2019 4151 2174 4188 πται.
2207 4136 2629 4210 Ἀναστήσονται
2655 4142 2706 4194 οἱ
2748 4143 2956 4211 νεκροὶ,
2995 4145 3092 4196 καὶ
3129 4143 3517 4212 ἐγερθήσονται
3548 4144 3597 4196 οί

2022 4227 2080 4278 ὲν
2116 4229 2228 4290 τοῖς
2275 4231 2585 4299 μνημείοις,
2635 4235 2730 4287 καὶ
2761 4237 3233 4307 παραστησόμεθα
3263 4236 3340 4306 τῷ
3391 4236 3598 4306 βήματι

2019 4315 2122 4384 τῆς
2177 4310 2478 4374 ἀδεκάστου
2532 4324 2770 4390 κρίσεως
2823 4327 3017 4378 αὐτοῦ·
3083 4329 3333 4390 καὶτοὺς
3368 4327 3598 4398 ἐχθροὺς

335 4406 598 4461 tribunali
631 4406 936 4475 incorrupti
973 4406 1170 4476 jntlicii
1209 4409 1362 4475 ejus;
1399 4417 1454 4462 et
1483 4407 1736 4462 inimicos
1769 4409 1905 4478 ejus1

2022 4406 2210 4468 αὐτοῦ,
2256 4409 2422 4479 ἤγουν
2476 4413 2606 4476 τοὺς
2655 4416 2729 4486 μὴ
2781 4415 3118 4488 θελήσαντας
3175 4419 3268 4472 νῦν
3317 4419 3598 4472 πιστεῦσαι

333 4497 388 4552 id
429 4507 534 4559 est,
563 4498 656 4566 qui
687 4498 990 4552 noluerunt
1015 4498 1244 4552 credere
1282 4498 1357 4562 ei,
1401 4515 1576 4570 neque
1615 4501 1794 4570 ipsum
1825 4516 1914 4555 re-

333 4602 501 4657 gnare
529 4603 697 4657 super
727 4604 843 4650 eos,
875 4589 1187 4658 dissipabit,
1221 4589 1274 4644 in
1325 4591 1544 4645 inferno
1577 4600 1786 4646 aeterno
1817 4609 1920 4662 pu-

336 4676 611 4740 niendos;
670 4678 765 4745 qui
813 4693 946 4730 vero
1000 4679 1341 4734 crediderint
1382 4689 1439 4734 et
1483 4689 1752 4752 praecepta
1800 4683 1922 4752 ejus

337 4777 485 4823 recte
529 4771 902 4835 servaverint,
951 4770 1030 4824 illi
1067 4772 1488 4841 conregnahunt
1528 4775 1580 4826 in
1629 4774 1859 4838 smcula,
1896 4793 1914 4826 ι

335 4859 482 4920 sicut
508 4861 733 4929 scripsit
753 4861 972 4915 Salomo
999 4864 1051 4914 in
1087 4861 1404 4916 Proverbiis
1433 4862 1500 4925 ",
1525 4883 1542 4915 ι
1565 4865 1628 4916 lit
1657 4863 1920 4920 Dominus

337 4953 590 5021 regnabit
617 4969 784 5022 super
808 4967 904 5006 eos
935 4952 988 5005 in
1015 4953 1213 5007 smcula
1239 4953 1285 4984 ’⁸
1311 4971 1324 5005 :
1363 4971 1381 5002 ι
1413 4981 1484 4997 -
1513 4971 1535 5004 ι
1565 4954 1632 5008 ΕΙ.
1653 4969 1782 5008 ecce
1812 4955 1920 5026 (in—

2021 4498 2172 4568 αὑτῴ
2203 4502 2295 4554 καὶ
2342 4501 2662 4572 βασιλεῦσαι
2707 4509 2874 4563 αὑτὸν
2929 4512 3016 4562 ἐπ’
3057 4511 3280 4573 αὐτοὺς,
3311 4512 3600 4582 σκορπίσει

2020 4591 2078 4642 ὲν
2123 4592 2201 4662 τῷ
2233 4593 2334 4664 ᾅδῃ
2365 4598 2567 4668 αἰωνίῳ
2596 4600 3138 4674 κολασθησομένους.
3183 4605 3279 4658 καὶ
3332 4607 3604 4674 συμϐασι-

2018 4679 2306 4738 λεύσουσιν
2357 4689 2506 4758 αὐτῷ
2562 4691 2641 4754 εἰς
2693 4693 2897 4757 αἰῶνας
2940 4695 2991 4748 oi
3060 4696 3456 4756 πιστεύσαντες
3511 4697 3606 4750 καὶ

2019 4777 2258 4841 γνησίως
2295 4780 2394 4842 τὰς
2431 4782 2650 4848 ἐντολὰς
2673 4785 2840 4838 αὐτοῦ
2869 4775 3232 4859 τηρήσαντες·
3264 4789 3409 4843 καθὰ
3444 4789 3602 4842 Σολο-

2021 4870 2135 4938 μῶν
2167 4871 2314 4940 λέγει
2332 4877 2389 4928 ὲν
2416 4877 2776 4948 Παροιμίαις·
2799 4900 2816 4931 ι
2843 4883 2950 4934 Καὶ
2974 4883 3606 4951 βασιλεύσειαῦτῶνΚύ·

2020 4978 2135 5031 ριος
2179 4965 2262 5028 είς
2284 4967 2409 5030 τοὺς
2422 4970 2646 5034 αἰῶνας.
2673 4991 2796 5024 ›-‹
2819 4973 2929 5027 Καὶ
2949 4975 3058 5028 ἰδοὺ
3082 4975 3221 5045 μετὰ
3247 4975 3357 5030 τῶν
3369 4974 3606 5043 νεφελῶν

335 5044 458 5112 quit
499 5045 710 5113 Daniel)
749 5060 876 5098 Clllll
914 5045 1157 5099 nubibus
1187 5044 1311 5100 εαξιί
1345 5044 1623 5108 veniebat,
1657 5058 1713 5102 et
1746 5063 1905 5118 usqut

2017 5053 2112 5104 τοῦ
2128 5053 2359 5124 οὐρανοῦ
2393 5061 2688 5130 ἐρχόμενος
2709 5058 2809 5134 ἦν,
2842 5065 2938 5116 καὶ
2969 5064 3074 5128 ἕως
3100 5065 3194 5119 τοῦ
3228 5066 3468 5120 Παλαιοῦ
3494 5066 3604 5118 τῶν

335 5140 404 5196 ad
431 5137 736 5206 Antiquom
762 5137 978 5192 dierum
1013 5139 1293 5206 pervenit;
1325 5149 1380 5192 et
1418 5139 1518 5209 ipsi
1551 5140 1676 5194 data
1709 5150 1792 5195 est
1821 5156 1905 5211 po-

2017 5142 2242 5214 ήμερῶν
2277 5146 2503 5216 ἔφθασε·
2536 5151 2631 5202 καὶ
2667 5153 2814 5223 αὐτῷ
2838 5155 3184 5226 προσηνέχθη
3216 5158 3247 5224 ἡ
3278 5157 3415 5224 τιμὴ
3444 5155 3540 5208 καὶ
3571 5155 3604 5224 ὴ

339 5237 530 5296 testas,
561 5240 618 5286 et
649 5229 846 5294 honor,
879 5240 937 5285 et
973 5245 1166 5286 omnes
1212 5231 1390 5286 tribus
1427 5233 1668 5287 servient
1693 5234 1745 5288 ei
1775 5251 1788 5288 :
1828 5251 1905 5288 re-

2020 5232 2289 5304 βασιλεία,
2333 5243 2428 5294 καὶ
2471 5244 2644 5296 πᾶσαι
2673 5246 2728 5298 ai
2759 5245 2926 5314 φυλαὶ
2972 5247 3120 5318 αὑτῷ
3149 5246 3548 5301 δουλεύσουσιν⁸
3576 5247 3609 5318 ἠ

402 5389 446 5420 ³⁸
476 5388 620 5444 Psal.
658 5389 1117 5456 Lxxxvni,59-46.
1195 5387 1240 5418 ³³
1263 5387 1402 5444 ibid.
1439 5387 1527 5443 56.
1606 5390 1650 5422 ’⁵
1677 5390 1850 5460 Apoc.
1879 5407 1905 5445 ι

339 5458 386 5492 ³⁸
419 5459 584 5514 Μὶοίι.
627 5475 704 5525 tv,
735 5461 787 5514 7.

2021 5393 2106 5448 i6.
2189 5397 2233 5428 ²⁵
2267 5397 2369 5453 lsa.
2401 5413 2474 5463 Ix,
2511 5398 2565 5453 6.
2649 5399 2740 5454 ’⁸1
2769 5400 2896 5458 Cor.
2925 5419 3015 5471 xv,
3043 5403 3138 5458 51.
3207 5406 3250 5436 ³⁷
3281 5405 3408 5476 Sap.
3433 5419 3515 5468 tu.
3547 5405 3600 5464 8.

416 5611 490 5681 (li
523 5611 969 5691 Hineﬁineipiunt
1003 5613 1148 5691 edita
1183 5613 1372 5668 Latine
1419 5616 1817 5681 tantummodo,
1861 5626 1916 5670 et
1957 5619 2177 5688 quidem
2201 5637 2334 5691 acep

1097 5623 1148 5704 ta
1185 5621 1372 5668 Latine
1419 5621 1817 5681 tantummodo,
1861 5626 1916 5670 et
1957 5621 2177 5688 quidem
2201 5621 2485 5691 acephala,
2519 5625 2734 5692 mutila,
2768 5636 2821 5684 et
2865 5645 3008 5700 smpe
3073 5628 3408 5700 deﬁcientia,
3469 5629 3610 5704 apud

344 5677 624 5742 Curitstuzn
660 5677 883 5754 [δεδιώς.
925 5685 1020 5736 loc.
1061 5685 1148 5736 cit.
