3988 6142
364 319 498 384 1213

1375 319 1835 381 DISPUTATIO
1879 320 2274 381 ADVERSUS
2315 322 2645 383 JUDEI'ZOS.

3500 324 3635 388 13214

364 431 612 504 βασιλεία
639 431 805 486 αὐτοῦ
842 431 1092 503 βασιλεία
1120 430 1398 504 διηνοκὴς,
1466 434 1563 486 καὶ
1591 433 1809 499 ἐξουσία
1858 432 1953 485 αὺ-

2073 449 2224 503 pnum
2254 436 2394 503 ejus,
2431 450 2660 503 regnum
2708 445 2999 502 αξιοι-ηοω,
3041 444 3096 491 et
3142 447 3386 507 potestas
3428 441 3546 507 ejus
3582 460 3638 495 in

360 527 455 582 τοῦ
486 528 569 590 είς
589 525 786 596 γενεὰς
818 525 915 580 καὶ¹
942 524 1062 595 ἐτη,
1097 524 1221 597 ἣτις
1250 523 1310 579 οὐ
1355 525 1776 597 παρελεύσεται.
1815 544 1833 577 ι

428 708 568 765 Εἰδὶ
622 707 827 771 λέγεις,
854 699 901 760 ὧ
941 705 1187 765 Ἰουδαία⁹
1222 705 1435 777 Ἀκμὴν
1466 708 1532 761 οὗ
1567 707 1950 778 παραγέγονεν

360 804 389 854 ὁ
418 801 675 873 Χριστὸς,
706 799 845 853 ἀλλὰ
874 800 1095 871 περὶτὰ
1123 799 1414 857 τελευταῖα
1441 798 1535 852 τοῦ
1558 800 1754 870 χρόνου
1788 801 1949 853 αὑτὸν

361 895 642 969 ἔρχεσθαι,
690 894 742 946 τί
778 894 859 948 ἔτι
882 882 969 949 ἴνᾶ
996 897 1199 968 ποιήσῃ
1234 894 1655 966 ἀφανιζομένων
1686 893 1797 948 τῶν
1822 895 1950 965 χρό-

359 1003 499 1052 νων;
535 984 676 1043 Ἀλλ’
696 987 827 1050 ἴσως
846 988 1015 1057 ἐρεῖς,
1038 987 1122 1045 ὅτι
1140 986 1224 1040 Τὰ
1249 986 1683 1057 ἑξαφανιζάμενα
1712 986 1798 1039 ἵνα
1820 987 1953 1040 ἀνα-

362 1082 658 1151 κτήσηται,
708 1078 880 1150 ἤγουν
936 1078 1009 1134 τὰ
1036 1078 1165 1151 ἔθνη
1206 1077 1319 1134 τῶν
1360 1078 1653 1135 Ἰουδαίων.
1688 1080 1800 1132 Καὶ
1833 1077 1954 1143 πῶς

364 1168 477 1242 ἔχει
512 1167 674 1226 τοῦτο
725 1169 910 1241 λόγον,
943 1168 982 1226 ἃ
1009 1174 1078 1244 τῇ
1115 1171 1415 1243 προστάξει
1443 1171 1614 1226 αὐτοῦ
1641 1170 1739 1225 καὶ
1786 1170 1951 1243 βουλῇ

365 1262 714 1330 ἀφανίζεται,
739 1261 915 1317 ταῦτα
935 1263 1098 1319 πάλιν
1118 1261 1467 1328 ἀνακτίζεινς
1496 1261 1683 1327 Οὕτως
1711 1263 1953 1317 ἀσύστα-

364 1373 457 1409 τον
485 1355 548 1409 τὸ
581 1355 829 1427 διήγημα
860 1357 923 1411 τὸ
958 1354 1226 1410 τοιοῦτον.
1258 1354 1528 1426 Οὐδαμῶς
1567 1356 1678 1428 γὰρ
1713 1357 1952 1427 εἴρηται,

365 1448 450 1501 ὅτι
492 1449 633 1518 μετὰ
678 1447 778 1519 τὴν
810 1448 905 1502 τοῦ
938 1448 1147 1519 κόσμου
1190 1448 1384 1502 τούτου
1418 1448 1718 1503 κατάλυσιν
1790 1449 1956 1519 έτέρα

367 1556 451 1604 τις
472 1539 635 1593 πάλιν
654 1539 764 1592 τῶν
809 1540 1078 1594 Ἰουδαίων
1119 1539 1345 1611 τοιαύτη
1378 1540 1696 1611 κατασκευὴ
1730 1540 1955 1594 ἀνίστα-

365 1649 480 1687 ται.
511 1633 684 1687 τοῦτο
707 1631 765 1687 δὲ
793 1633 820 1686 6
845 1634 1132 1705 προφήτης
1149 1634 1277 1702 ὑμῖν
1316 1633 1496 1702 λέγει’
1541 1634 1798 1704 (Πέμψω
1825 1636 1956 1704 ὑμῖν

379 1722 569 1777 Ἠλίαν
587 1722 683 1777 τὸν
712 1722 1004 1794 Θεσϐίτην,
1066 1725 1200 1795 πρὶν
1230 1723 1407 1778 ἐλθεῖν
1454 1724 1554 1794 τὴν
1590 1726 1808 1795 ἡμέραν
1843 1728 1956 1780 Ku-

369 1813 491 1885 ρίου
522 1815 625 1885 τὴν
658 1782 1064 1887 μιγάληνίιέαὶ
1082 1782 1233 1887 [adit
1268 1815 1367 1888 μὴ]
1398 1782 1570 1871 HOth
1598 1782 1824 1883 παταξω
1852 1817 1953 1889 τὴν
1981 1782 2029 1841 Β

374 1906 477 1977 γῆν
530 1905 727 1977 ἄρδην.
760 1926 780 1958 ι
814 1907 882 1961 Et
915 1908 1014 1978 μὲν
1054 1902 1212 1971 οὗτος
1241 1909 1301 1963 ὃν
1335 1911 1675 1981 προσδοκᾶτε
1718 1913 1953 1982 Χριστὸν

381 1996 567 2061 Ἠλίας
588 1999 739 2052 ἐστὶν
766 2001 797 2052 6
830 2000 905 2069 μὴ
949 1999 1257 2053 ἀνακτίσαι
1310 2000 1628 2073 ὲρχὸμενος,
1677 2002 1815 2055 ἀλλὰ
1848 2021 1953 2056 πα-

367 2088 529 2155 τάξαι
546 2105 562 2121 ο
594 2089 782 2144 λοιπον
805 2092 1037 2158 νοήσατε
1066 2090 1184 2155 πῶς
1204 2091 1266 2146 οὐ
1291 2090 1507 2160 λέγεται
1527 2094 1787 2164 Χριστὸς,
1820 2093 1955 2146 ἀλλὰ

382 2182 600 2246 Ἠλίας·
637 2185 731 2237 καὶ
745 2184 848 2237 οὐκ
880 2185 947 2236 ὲκ
966 2184 1215 2255 Βηθλεὲμ
1249 2185 1529 2252 γεννᾶται,
1562 2184 1640 2247 ὡς
1668 2186 1956 2256 προφήτης

370 2274 503 2344 ὑμῖν
550 2274 844 2345 ἐμήνυσεν,
891 2275 1007 2329 ἀλλ’
1055 2277 1121 2329 ἐκ
1165 2275 1389 2327 Θεσϐὦν
1418 2275 1725 2344 γεννηθείς.
1758 2276 1818 2329 '0
1848 2276 1957 2346 γὰρ

369 2365 568 2432 εἰπὼν,
600 2385 621 2419 ι
662 2366 874 2437 Πέμψω
906 2369 1037 2437 ὑμῖν
1076 2367 1286 2432 Ἠλίαν,
1320 2386 1338 2418 ι
1366 2366 1555 2437 ἕτερός
1576 2370 1693 2421 ἐστι
1718 2367 1870 2439 παρὰ
1896 2368 1958 2420 τὸ

371 2461 733 2529 πμπῦμενον
754 2477 770 2491 ·
799 2460 897 2513 καὶ
922 2461 1004 2513 ὅτι
1034 2456 1179 2524 εἷπε,
1224 2479 1242 2510 ι
1283 2461 1374 2530 Μὴ
1412 2458 1583 2513 ἐλθὼν
1606 2459 1833 2527 πατάξω
1857 2460 1958 2531 τὴν

372 2554 480 2621 γῆν
515 2552 707 2624 ἄρδην,
753 2573 773 2606 ι
836 2553 903 2606 δι’
964 2552 1174 2606 ἐκείνου
1230 2554 1449 2623 πρῶτον
1497 2551 1958 2623 διαμαρτύρεται,

364 2643 545 2715 κῆγουν
571 2643 666 2697 τοῦ
698 2643 904 2707 Ἠλίου,
935 2645 1030 2697 καὶ
1045 2643 1166 2696 τότε
1199 2642 1405 2715 ἐξαίρει
1442 2645 1551 2696 πᾶν
1588 2643 1651 2695 τὸ
1701 2659 1961 2713 συνεστηο

374 2738 470 2801 κὸς
514 2737 693 2803 τοῦτο,
737 2739 908 2809 ἡγουν
940 2740 1084 2791 ποιεῖ
1132 2738 1232 2806 τὴν
1281 2737 1617 2792 συντέλειαν.
1667 2737 1734 2790 Τί
1763 2735 1857 2789 οὖν
1883 2736 1962 2807 τῷ

377 2829 601 2902 Χριστῷ
627 2830 812 2883 λοιπὸν
834 2829 1027 2898 δφελος
1052 2829 1345 2897 γεννᾶσθαι
1369 2828 1520 2895 τότε;
1543 2829 1630 2881 ἴνα
1656 2827 1761 2881 τίνι
1788 2827 1963 2901 ἀρέσῃ

376 2924 410 2993 ἢ
451 2921 799 2994 χρησιμεύσῃ
834 2921 936 2989 τῆς
990 2922 1300 2984 συντελείας
1345 2922 1680 2991 γενομένηςς
1722 2922 1830 2973 Καὶ
1856 2922 1963 2991 γὰρ

383 3017 539 3080 ἄλλος
598 3017 747 3069 ἐστὶν
786 3016 813 3070 6
848 3017 1085 3087 Χριστὸς
1133 3016 1227 3068 καὶ
1288 3014 1449 3078 ἄλλος
1494 3014 1703 3076 Ἦλίας.
1746 3014 1806 3067 ὐ
1855 3013 1964 3083 γὰρ

384 3110 670 3177 προφήτης
701 3107 903 3176 Δανιὴλ
939 3107 1085 3160 λίθον
1118 3106 1279 3160 αὑτὸν
1311 3105 1592 3177 ἐθεώρησε
1620 3105 1701 3177 τῷ
1755 3103 1967 3175 βασιλεῖ

383 3201 492 3253 τῶν
529 3199 908 3264 Βαόυλωνίων,
953 3200 1010 3262 ὃς
1052 3199 1148 3254 καὶ
1179 3200 1400 3267 ἐγένετο
1438 3199 1563 3269 ὅρος
1596 3198 1760 3266 μέγα.
1802 3199 1966 3266 Λέγει

385 3293 494 3363 γὰρ
540 3293 752 3358 οὕτως·
793 3314 813 3346 ι
866 3294 976 3347 Καὶ
1013 3296 1072 3346 ὲν
1127 3292 1534 3363 ταϊςὴμέραις
1589 3292 1828 3353 ἐκείναις
1860 3290 1970 3343 τῶν

388 3384 657 3456 βασιλέων
690 3385 913 3438 ἐκείνων
958 3384 1257 3452 ἀναστήσει
1283 3386 1310 3436 ὁ
1338 3383 1470 3445 Θεὸς
1520 3382 1819 3453 βασιλείαν,
1848 3382 1971 3452 ἥτις

388 3480 469 3539 εἰς
497 3476 591 3529 τὸν
617 3476 790 3529 αἰῶνα
850 3475 1407 3544 οιῖῐδιαερθιιρήσεται⁸
1438 3473 1534 3527 καὶ
1586 3472 1752 3541 αὕτη,
1783 3474 1970 3542 φησιν,

388 3569 760 3638 ἀναστήσεται
821 3570 899 3631 είς
951 3570 1079 3630 τοὺς
1128 3568 1331 3629 αἰῶνας
1354 3586 1366 3599 ·
1398 3586 1417 3619 ι
1459 3568 1553 3619 καὶ
1582 3566 1665 3619 ὅτι
1702 3585 1720 3616 ι
1752 3562 1909 3619 Εἷδεν
1946 3566 1974 3617 6

392 3659 651 3731 βασιλεὺς
674 3661 756 3712 ὅτι
776 3659 837 3718 ἐξ
854 3660 1017 3730 ὅρους
1042 3661 1253 3730 ἐτμήθη
1278 3659 1426 3721 λίθος
1477 3659 1608 3712 ἄνευ
1639 3657 1840 3727 χειρῶν
1884 3657 1977 3709 καὶ

388 3751 630 3816 ἐπάταξε
682 3753 782 3822 τὴν
820 3753 1032 3805 εἰκόνα·
1084 3747 1322 3821 ἐγενήθη
1360 3751 1417 3803 δὲ
1458 3753 1506 3825 .6
1533 3751 1677 3810 λίθος
1737 3751 1817 3813 είς
1851 3749 1976 3818 ὅρος

395 3843 558 3912 μέγα,
592 3844 684 3894 καὶ
713 3843 999 3912 ἐπλήρωσε
1025 3844 1207 3896 πᾶσαν
1237 3842 1335 3907 τὴν
1365 3843 1489 3911 γῆν.
1521 3860 1540 3892 ι
1599 3839 1884 3909 Τέσσαρας
1920 3839 1977 3891 δὲ

397 3938 633 4006 βασιλεῖς
663 3939 806 4002 λέγει
834 3937 900 3989 τὰ
931 3936 1116 4000 ἔνδοξα
1152 3953 1210 3987 τε
1265 3936 1360 3989 καὶ
1405 3936 1653 4004 ἐπίσημα
1709 3935 1961 4006 βασίλεια

396 4028 772 4085 Βαϐυλωνίων,
792 4029 1014 4095 Μήδων,
1038 4030 1127 4081 καὶ
1154 4030 1215 4081 τὸ
1232 4028 1413 4096 τρίτον
1440 4028 1732 4100 λῃστρικὸν
1756 4031 1849 4081 καὶ
1871 4029 1964 4081 δυ-

400 4138 431 4173 σ
445 4141 455 4171 ε
470 4124 776 4191 πιχείρητον
796 4123 856 4173 τὸ
871 4122 1239 4174 Μακεδονικὸν
1256 4122 1451 4183 Ἀλεξὰ
1468 4123 1639 4190 λδρνιυ,
1658 4122 1828 4192 ἦγουν
1848 4121 1959 4176 τῶν

410 4207 698 4276 Ἑλλήνων.
728 4209 914 4262 Ταῦτα
939 4210 1007 4263 τὰ
1043 4211 1173 4279 τρία
1201 4210 1267 4263 τὰ
1300 4208 1538 4263 δυνατά’
1565 4208 1661 4262 καὶ
1694 4208 1754 4260 τὸ
1786 4208 1984 4277 τέταρ-

395 4315 503 4369 τον
524 4301 685 4352 τοῦτο
738 4302 797 4354 τὸ
858 4301 1035 4372 θρασὺ
1088 4299 1621 4372 συνηριθ[μηιμένον
1646 4303 1760 4361 τοῖς
1809 4299 1980 4369 τρισί.

397 4393 553 4448 Μετὰ
582 4393 689 4463 γὰρ
710 4393 914 4456 ταύτας
934 4394 1031 4457 τὰς
1064 4394 1341 4459 βασιλείας
1375 4392 1581 4462 ἁνειρύη
1628 4392 1790 4462 αὕτη,
1816 4393 1983 4462 ἤγουν

2068 520 2452 590 generationes
2529 529 2584 575 et

2067 609 2151 666 bit
2175 614 2244 664 ’⁸.
2286 629 2306 664 ι

2120 705 2277 771 Quod
2312 706 2358 761 si
2391 706 2619 768 dixeris,
2654 722 2687 762 ο
2718 707 2946 763 Iudaee:
2980 707 3236 762 Nondum
3268 708 3423 763 venit
3472 706 3641 765 Chri-

2051 805 2191 862 stus,
2212 799 2392 869 ipsum
2411 800 2756 854 contendens
2777 801 2831 853 in
2856 799 3339 854 consummatione
3373 801 3642 870 temporis

2051 902 2371 956 venturum,
2409 892 2544 961 quid
2596 891 2765 962 igitur
2810 892 3065 946 facturus
3107 892 3313 953 venirt,
3353 907 3478 946 eum
3526 893 3642 962 jam

2052 984 2431 1040 abolebuntur
2460 986 2749 1055 tempora?
2781 985 2886 1041 Sed
2924 986 3068 1041 forte
3109 985 3475 1055 respondebis
3517 986 3643 1040 ideo

2052 1086 2351 1132 venturum
2389 1087 2450 1132 ut
2495 1078 2703 1132 abolita
2760 1087 3029 1147 tempora,
3087 1078 3141 1133 id
3193 1090 3299 1143 est,
3359 1081 3644 1134 nationem

2053 1170 2396 1237 Judaorum,
2420 1171 2698 1225 restituat.
2723 1171 2895 1237 Quam
2923 1188 3059 1226 vero
3086 1173 3359 1228 rationem
3387 1172 3643 1237 haberet,

2054 1279 2120 1319 ea
2149 1263 2466 1333 quaeipsius
2504 1264 2665 1334 jussu
2694 1272 2750 1318 et
2782 1264 3020 1319 consilio
3056 1264 3260 1318 abolita
3291 1273 3446 1327 sunt,
3479 1280 3650 1320 renoo

2054 1353 2221 1408 vare?
2243 1353 2391 1408 Talis
2428 1354 2614 1423 itaque
2632 1353 2928 1422 explicatio
2959 1354 3266 1408 subsistere
3297 1369 3407 1407 non
3440 1361 3644 1422 potest.

2056 1444 2280 1500 Minime
2309 1446 2458 1500 enim
2494 1446 2705 1500 dictum
2750 1454 2855 1510 est,
2904 1445 3054 1515 quod
3094 1454 3219 1515 post
3255 1446 3423 1517 hujus
3454 1444 3648 1500 mundi

2057 1538 2503 1598 dissolutionem.
2546 1539 2671 1593 talis
2717 1538 3041 1593 Iudaeorum
3090 1539 3421 1593 constitutio
3461 1553 3651 1592 resur-

2059 1642 2283 1688 rectura
2342 1632 2452 1699 sit;
2496 1633 2608 1685 imo
2646 1632 2915 1701 propheta
2966 1631 3125 1686 vobis
3176 1631 3348 1688 dicit:
3386 1651 3403 1682 ι
3440 1631 3649 1685 Mittam

2061 1725 2222 1781 vobis
2248 1724 2423 1778 Eliam
2454 1722 2779 1785 Thesbiten,
2826 1737 2894 1776 ne
2922 1723 3151 1776 veniens
3185 1722 3492 1792 percutiam
3542 1729 3653 1783 ter-

2059 1834 2174 1873 ram
2206 1816 2430 1887 penitus
2452 1816 2517 1868 '°.
2551 1833 2569 1865 ι
2612 1814 2787 1868 Porro
2815 1812 2861 1867 si
2911 1814 3034 1879 ille,
3080 1828 3244 1882 quem
3286 1813 3651 1882 exspectatis,

2058 1910 2313 1966 Christus
2357 1916 2443 1962 est
2473 1906 2641 1969 Elias,
2682 1905 2849 1966 Elias.
2888 1906 3142 1973 inquam,
3185 1902 3283 1973 qui
3332 1919 3442 1956 non
3486 1903 3652 1955 resti-

2061 2011 2306 2060 tuturus.
2333 2000 2431 2055 sed
2470 2013 2839 2069 percussurus
2875 1996 3083 2060 veniet,
3130 1994 3459 2065 perpendite
3513 1994 3649 2061 jam,

2063 2098 2171 2147 non
2201 2092 2494 2154 Christum,
2526 2089 2620 2143 sed
2654 2088 2827 2141 Eliam
2889 2086 3047 2139 illum
3099 2084 3311 2150 vocari,
3364 2098 3546 2152 neque
3593 2084 3651 2138 in

2061 2182 2346 2235 Bethleem
2375 2180 2550 2245 nasci,
2578 2177 2725 2232 sicut
2753 2176 2822 2228 de
2850 2174 3075 2230 Christo
3105 2174 3264 2229 vobis
3294 2191 3322 2228 a
3378 2174 3652 2244 propheta

2063 2273 2435 2343 signiﬁcatum
2494 2277 2600 2332 est,
2651 2268 2747 2322 sed
2773 2265 3030 2321 Thesbis.
3091 2264 3193 2319 Cui
3253 2265 3403 2317 enim
3478 2262 3647 2315 dixit:

2070 2382 2090 2414 ι
2113 2363 2323 2416 Mittam
2359 2359 2517 2413 vinbis
2551 2358 2748 2419 Eliam,
2780 2375 2799 2409 ι
2830 2356 2973 2410 alius
3003 2370 3136 2409 sane
3162 2363 3248 2408 est
3286 2353 3355 2407 ab
3409 2368 3476 2407 eo
3504 2352 3654 2421 quod

2064 2455 2328 2509 mittitur.
2363 2450 2608 2507 Dicenda
2639 2458 2862 2504 autem:
2907 2467 2925 2500 ι
2956 2447 3038 2502 Ne
3086 2446 3317 2501 veniens
3346 2444 3653 2514 percutiam

2066 2557 2271 2602 terram
2307 2545 2552 2614 penitus,
2587 2562 2605 2594 ι
2645 2556 2743 2611 per
2776 2541 2954 2604 illum,
2997 2540 3177 2593 Eliam
3224 2538 3505 2602 videlicet,
3545 2535 3659 2605 pri-

2068 2654 2218 2693 mum
2252 2635 2601 2697 testilleatur,
2638 2641 2694 2687 et
2730 2640 2862 2686 tunc
2914 2630 3161 2684 universi
3213 2630 3378 2700 hujus
3434 2643 3659 2697 compa-

2067 2730 2251 2801 ginem
2273 2727 2547 2789 dissolvit,
2579 2724 2632 2778 id
2662 2730 2767 2790 est,
2798 2722 3339 2778 consummationem
3378 2721 3526 2775 facit.
3554 2718 3659 2774 Cui

2063 2826 2176 2895 jam
2207 2821 2356 2875 bono
2392 2829 2522 2873 tunc
2557 2815 2824 2885 temporis
2856 2823 3021 2869 natus
3055 2813 3287 2868 fuisset?
3316 2810 3418 2867 Cui
3451 2808 3660 2881 gratiﬁ-

2071 2915 2233 2971 candi
2291 2922 2389 2968 aut
2444 2928 2607 2982 quem
2654 2908 2882 2980 juvandi
2942 2908 3138 2978 gratia,
3180 2902 3660 2960 consummatione

2660 536 2870 580 annos,
2943 534 3061 586 quae
3136 532 3245 571 non
3319 517 3634 585 pertransi—

2072 3007 2252 3063 facta?
2304 3006 2374 3061 Et
2422 3005 2567 3059 enim
2632 3002 2774 3057 alius
2821 3010 2908 3054 est
2957 2998 3232 3060 Christus,
3298 3003 3355 3052 et
3406 2996 3548 3050 alius
3576 3002 3662 3050 est

2072 3099 2239 3153 Elias.
2300 3096 2585 3152 Christum
2639 3094 2788 3148 enim
2864 3092 3268 3159 interpretatus
3322 3095 3408 3142 est
3467 3085 3663 3140 Daniel

2070 3188 2312 3257 lapidem
2363 3202 2393 3240 a
2441 3200 2569 3255 rege
2618 3181 3050 3253 Babyloniorum
3104 3179 3306 3243 visum,
3351 3176 3446 3246 qui
3503 3190 3665 3229 mons

2073 3296 2306 3351 magnus
2364 3278 2545 3332 factus
2572 3286 2677 3330 est.
2708 3275 2801 3330 Sic
2834 3274 2982 3329 enim
3005 3272 3289 3341 loquitur:
3330 3289 3347 3321 ι
3383 3270 3441 3323 ln
3466 3269 3664 3323 diebus

2074 3372 2185 3426 illis
2223 3385 2413 3439 regum
2450 3369 2670 3422 illorqu
2707 3365 3003 3421 suscitabit
3036 3365 3181 3419 Deus
3236 3378 3489 3431 regnum,
3514 3360 3667 3430 quod

2074 3464 2131 3517 in
2179 3461 2441 3516 sagcnlum
2492 3476 2603 3513 non
2655 3465 3066 3525 corrumpetur,
3108 3462 3165 3507 et
3210 3453 3389 3521 ipsum
3436 3451 3669 3505 suscita-

2074 3554 2227 3608 bitur
2277 3553 2332 3605 in
2385 3550 2631 3614 smcula;
2673 3559 2731 3601 et
2776 3546 2938 3607 vidit,
2987 3545 3188 3614 inquit,
3236 3558 3329 3596 rex
3371 3541 3669 3611 lapideme

2077 3650 2265 3697 monte
2299 3641 2545 3695 excisum
2577 3639 2700 3693 sine
2729 3637 2987 3690 manibus
3010 3643 3065 3689 et
3096 3635 3375 3704 percussit
3403 3641 3667 3699 statuam,

2077 3743 2133 3788 et
2163 3733 2339 3787 factus
2366 3741 2451 3786 est
2477 3732 2618 3799 lapis
2654 3730 2708 3783 in
2746 3737 2987 3782 montem
3024 3741 3305 3796 magnum,
3338 3731 3395 3778 et
3435 3722 3671 3793 replevit

2081 3827 2397 3881 universam
2435 3835 2636 3877 terram
2656 3823 2721 3874 θ’,
2758 3839 2775 3870 ι
2818 3820 3068 3886 Quatuor
3103 3832 3271 3888 porro
3310 3831 3468 3887 reges
3504 3830 3672 3885 regna

2080 3917 2317 3988 gloriosa
2362 3924 2418 3969 et
2441 3914 2684 3969 celebria
2718 3912 3120 3980 interpretatur
3160 3922 3418 3977 regnum,
3452 3905 3672 3959 scilicet

2080 4007 2535 4079 Babyloniorum,
2570 4003 2895 4079 Medorum;
2946 4001 3169 4055 tertium
3217 4013 3347 4053 vero
3393 3996 3671 4079 prtedato-

2083 4078 2225 4158 rium
2276 4101 2380 4155 fuit
2428 4108 2486 4154 et
2543 4078 2897 4159 indomitum,
2941 4093 3379 4155 Macedonicum,
3419 4078 3668 4158 inquam,

2082 4194 2403 4257 Alexandri,
2434 4191 2549 4247 sive
2572 4190 2907 4252 Graecorum,
2938 4200 3206 4255 regnum:
3244 4183 3359 4236 haec
3396 4180 3499 4232 tria
3533 4185 3672 4232 sunt

2085 4284 2467 4358 potentissima
2495 4301 2508 4346 ;
2535 4289 2791 4351 quartum
2830 4293 3058 4348 regnum
3095 4276 3202 4329 hoc
3231 4274 3409 4343 ipsum
3445 4278 3550 4333 est,
3580 4269 3672 4322 in-

2085 4376 2485 4446 victum,quod
2520 4376 2699 4429 tribus
2726 4370 3172 4442 praecedentibus
3208 4372 3676 4421 connumeratum

467 4453 704 4556 Χριστδῦ
742 4453 1103 4554 βασιλείῃ-ἦν
1135 4489 1163 4539 6
1184 4453 1382 4555 Δανιιίιλ
1407 4453 1687 4565 agebar-iret)
1715 4453 1812 4538 καὶ

2087 4483 2190 4529 est.
2225 4470 2342 4525 Hoc
2376 4472 2547 4532 enim,
2596 4475 2721 4537 post
2755 4466 2846 4519 illa
2894 4479 3061 4534 regna
3092 4471 3283 4516 natum
3316 4466 3431 4520 est,
3463 4453 3674 4509 Christi

397 4574 549 4644 δοχον
591 4575 810 4643 ἔρησεν.
847 4576 907 4627 Εἰ
941 4575 996 4627 δὲ
1037 4575 1195 4645 εἴπῃς
1229 4577 1330 4645 τὴν
1369 4576 1597 4646 σιδηρᾶν
1659 4573 1976 4642 Αὐγούστου

400 4669 701 4736 Καίσαρος,
731 4669 853 4721 τίνα
885 4669 933 4720 ὲ)
948 4669 1179 4721 ἑπτυνεν
1226 4669 1258 4738 ἢ
1310 4668 1582 4738 ὲδάμασεν
1612 4669 1643 4738 ή
1670 4667 1980 4735 Αὐγούστου

403 4762 494 4813 καὶ
517 4762 623 4813 τῶν
650 4760 855 4814 λοιπῶν
895 4759 1181 4828 βασιλέων,
1213 4760 1411 4823 οἵτινες
1447 4761 1540 4812 καὶ
1590 4759 1847 4828 ἐνίκησαν
1890 4758 1983 4811 καὶ

401 4852 749 4923 ἡττήθησανς
782 4854 840 4905 Εἰ
878 4856 984 4923 γὰρ
1015 4854 1161 4920 ὑμᾶς
1220 4855 1347 4914 τοὺς
1391 4852 1677 4913 Ἰουδαίους
1719 4852 1814 4904 καὶ
1848 4851 1985 4903 ἄλλα

402 4945 575 4998 πολλὰ
626 4945 752 5014 ἔθνη
793 4946 1073 5013 ἐνίκησαν,
1117 4945 1252 4997 ἀλλὰ
1288 4945 1451 4995 πάλιν
1500 4943 1847 5014 ἡττήθησαν·
1891 4942 1986 4994 καὶ

403 5034 686 5103 παρῆλθεν
718 5038 750 5103 ἡ
808 5036 903 5087 τοῦ
936 5034 1252 5101 Αὐγούστου
1313 5034 1595 5102 Καίσαρος
1624 5033 1805 5101 ἀρχή·
1859 5033 1892 5101 ἡ
1930 5031 1986 5083 δὲ

400 5125 496 5178 ιτοῦ
538 5127 773 5194 Χριστοῦ
837 5127 1087 5197 βασιλεία
1124 5128 1202 5189 είς
1233 5126 1323 5179 τὸν
1353 5126 1527 5178 αἰῶνα
1555 5126 1705 5186 τέλος
1729 5126 1827 5194 οὐχ
1849 5125 1984 5190 ἔξει.

406 5219 483 5272 Τὸ
518 5221 628 5289 γὰρ
678 5220 959 5284 λεπτύνον,
1011 5221 1277 5289 ἀήττητον
1329 5221 1423 5272 καὶ
1478 5206 1793 5285 ἀδάμαστον
1833 5218 1987 5287 μένει

407 5311 503 5363 καὶ
538 5310 839 5380 ἁδιάδοχον,
897 5313 1035 5382 ὅπερ
1069 5314 1182 5364 ἐστὶ
1213 5312 1274 5363 τὸ
1324 5312 1495 5379 ὄνομα
1528 5311 1636 5363 ’καλ
1675 5311 1707 5378 ἡ
1743 5310 1991 5380 βασιλεία

404 5402 502 5455 τοῦ
553 5404 758 5474 Κυρίου
807 5405 965 5476 ἡμῶν
1020 5404 1197 5473 Ἰησοῦ
1246 5404 1507 5471 Χριστοῦ,
1566 5402 1662 5455 καὶ
1709 5405 1742 5472 ἡ
1808 5402 1992 5463 πίστις

407 5490 627 5562 ἡμῶνή
681 5496 759 5556 είς
815 5494 997 5548 αὐτόν.
1054 5495 1215 5548 Πόσοι
1248 5494 1511 5563 Ἕλληνες
1562 5492 1655 5545 καὶ
1707 5492 1991 5556 κακόδοξοι

410 5582 649 5652 βασιλεῖς
677 5587 772 5641 καὶ
797 5586 923 5659 ἔθνη
958 5587 1308 5659 ἐπολέμησαν
1346 5586 1444 5657 τὴν
1493 5585 1677 5638 πίστιν
1704 5586 1860 5656 ἡμῶν
1884 5583 1991 5635 τῶν

2085 4565 2300 4621 scilicet
2326 4576 2577 4631 regnum,
2613 4558 2760 4627 quod
2797 4571 2899 4610 nec
2931 4550 3274 4623 corruptioni
3303 4563 3407 4602 nec
3450 4561 3675 4601 succes-

2086 4657 2230 4712 sioni
2279 4653 2580 4707 obnoxium
2625 4664 2747 4704 esse
2808 4644 3190 4716 pronuntiavit
3245 4639 3457 4695 Daniel.
3509 4638 3576 4691 Et
3628 4636 3677 4691 si

2086 4750 2294 4807 dixeris
2307 4761 2533 4818 regnum
2554 4746 2792 4798 ferreum
2806 4740 3036 4795 Cwsaris
3053 4736 3280 4807 Augusti
3304 4734 3496 4795 fuisse,
3511 4746 3677 4802 quem

2087 4845 2324 4898 aliorum
2358 4854 2548 4908 regum
2594 4834 2923 4891 comminuit
2960 4839 3018 4886 et
3042 4826 3383 4899 ~perdomuit
3440 4822 3679 4894 Augusti

2088 4950 2341 5005 regnum,
2375 4945 2563 5001 quem,
2591 4930 2836 4996 inquam,
2865 4924 3101 4978 aliorum
3134 4934 3322 4990 regum
3369 4916 3464 4986 qni
3514 4913 3681 4968 modo

2088 5029 2367 5085 vicerunt,
2395 5021 2559 5076 modo
2589 5019 2722 5073 victi
2758 5015 2924 5071 sunt?
2952 5014 3007 5068 Si
3044 5012 3192 5067 enim
3242 5024 3342 5062 vos
3371 5006 3591 5061 Juda>os
3622 5010 3681 5057 et

2092 5125 2295 5179 multas
2364 5119 2501 5172 alias
2562 5122 2755 5185 gentes
2810 5113 3103 5169 vicerunt,
3156 5103 3252 5159 sed
3316 5108 3375 5156 et
3431 5096 3676 5152 vicissim

2090 5217 2225 5271 victi
2263 5222 2414 5275 sunt,
2451 5219 2507 5265 et
2539 5206 2762 5262 transiit
2803 5200 3031 5271 Augusti
3067 5196 3299 5253 Caesaris
3339 5189 3679 5260 imperium;

2092 5307 2297 5365 Christi
2352 5310 2507 5359 vero
2538 5296 2845 5355 dominatio
2881 5294 2937 5345 in
2971 5289 3232 5344 saeculum
3285 5298 3399 5338 non
3449 5278 3682 5334 habebit

2097 5400 2297 5453 tlnein:
2333 5394 2481 5464 quod
2525 5391 2673 5445 enim
2723 5382 3083 5442 comminuit,
3142 5377 3408 5431 invictum
3467 5378 3677 5434 manet,

2095 5461 2559 5553 indomitumque,
2614 5492 2717 5532 nec
2771 5470 3182 5529 successionem
3231 5463 3477 5553 recipiti
3517 5461 3687 5531 quale

2095 5590 2180 5635 est
2210 5592 2412 5633 nomen
2440 5552 2497 5629 et
2523 5584 2752 5641 regnum
2796 5562 3016 5622 Domini
3060 5558 3237 5615 nostri
3280 5557 3408 5614 Jesu
3449 5552 3679 5625 Christi,

517 5742 564 5772 ”
584 5742 719 5798 Dan.
745 5759 842 5810 vn,
870 5744 956 5810 15,
991 5745 1072 5799 14.
1151 5744 1194 5777 ³⁰
1219 5743 1452 5799 Malach.
1481 5757 1552 5809 iv,
1578 5741 1629 5796 5.
1708 5741 1746 5771 δ’
1780 5741 1912 5795 Dan.
1943 5754 2001 5805 η,
2034 5737 2123 5802 «ii,
2149 5734 2237 5789 45.
