3988 6142
338 265 476 333 1215

1546 272 1609 334 S.
1647 272 2051 363 ANASTASII
2090 272 2429 337 SlNAlT/E‘

3480 287 3620 352 13:16

330 398 437 439 nec
465 396 576 437 non
610 388 667 436 et
699 379 837 435 fides
868 386 1059 434 nostra
1085 379 1141 434 in
1185 379 1385 450 ipsum.
1418 380 1566 447 Quot
1597 382 1836 453 gentiles
1864 390 1951 439 et.

2058 383 2387 452 ἱριστιανῶν,
2414 386 2510 440 καὶ
2528 387 2988 461 οὐχ’ήδυνήθησαν
3011 389 3218 463 ταύτην
3238 391 3425 446 σϐέσαι
3447 410 3461 457 ;
3483 381 3627 448 Ἀλλ’

330 473 590 549 pessimis
641 472 934 529 erroribus
999 472 1197 527 imbuti
1258 473 1578 543 principes,
1621 483 1923 545 gentesque

334 559 500 624 ﬁdem
541 574 809 628 nostram,
834 563 1277 621 Christianorum
1316 565 1462 629 dico,
1507 567 1923 637 impugnarunt,

335 668 393 715 et
439 674 552 713 non
596 664 898 727 potuerunt
933 656 1083 711 illam
1117 658 1510 728 exstinguere?
1541 659 1688 726 Quin
1738 660 1927 730 potius

336 751 417 806 illi
454 749 789 804 interierunt
837 757 893 804 et
940 764 1240 811 evanuere,
1292 750 1385 805 illa
1440 761 1623 806 autem
1672 753 1926 822 quotidie

338 830 515 907 magis
561 836 816 905 splendet
864 845 920 891 et
968 836 1252 894 dilatatur.
1295 840 1364 893 Et
1402 840 1447 895 si
1483 841 1623 897 velis
1666 851 1930 899 accurate

341 927 654 998 intelligere
675 937 914 997 tempus,
943 927 1102 994 illud,
1138 948 1156 980 ι
1192 929 1253 983 In
1276 927 1477 985 diebus
1507 931 1618 987 illis
1637 932 1934 987 suscitabit

341 1018 612 1073 Dominus
647 1033 900 1088 regnum,
939 1036 956 1068 ι
1017 1017 1086 1073 de
1131 1035 1301 1090 regno
1352 1019 1497 1078 inter
1551 1021 1644 1076 illa
1691 1029 1934 1092 quatuor

345 1119 569 1166 ostenso
596 1109 786 1180 accipe
810 1127 824 1164 :
849 1125 960 1164 non
990 1110 1139 1165 enim
1173 1121 1363 1181 postea
1384 1113 1714 1182 reperietur.
1734 1112 1937 1180 Quem-

347 1203 645 1258 admodum
696 1194 845 1258 enim
910 1214 1099 1273 patres
1148 1206 1317 1260 vestri
1350 1205 1631 1276 [impletae
1695 1206 1934 1277 promis-

348 1296 522 1351 sionis
544 1297 957 1366 exputationem
987 1299 1312 1364 retinentes,
1341 1298 1490 1352 illam
1515 1300 1710 1355 salutis
1733 1315 1936 1370 oppor-

350 1389 642 1445 tunitatem
680 1389 1011 1454 amiserunt,
1064 1389 1145 1457 sic
1190 1398 1247 1445 et
1288 1406 1387 1445 vos
1423 1390 1661 1447 facietis.
1709 1391 1768 1447 Si
1807 1408 1939 1463 ergo

351 1480 600 1536 creditur
652 1497 775 1537 esse
829 1481 1135 1548 Christum,
1194 1483 1397 1539 abhinc
1459 1484 1615 1539 illum
1679 1485 1939 1554 quaerite,

350 1580 543 1643 postea
572 1572 723 1628 enim
758 1588 869 1628 non
906 1576 1240 1643 reperietur.

418 1662 539 1717 Jam
573 1662 974 1728 demonstravi,
999 1664 1209 1730 Iudaee,
1248 1665 1662 1737 Scripturarum
1695 1670 1943 1728 testimo-

350 1755 449 1809 nio
502 1754 732 1823 ipsaque
780 1771 965 1810 rerum
1005 1757 1306 1822 evidentia,
1344 1759 1461 1814 haec
1508 1762 1714 1817 verba:
1763 1782 1781 1814 ι
1829 1766 1939 1833 Do-

353 1847 539 1902 minus
567 1848 703 1902 dixit
733 1848 799 1902 ad
837 1865 959 1903 me:
994 1851 1165 1906 Filius
1198 1867 1353 1907 meus
1395 1868 1455 1907 es
1516 1862 1595 1919 tu,
1643 1872 1746 1926 ego
1777 1857 1945 1913 hodie

354 1942 520 2012 genui
544 1951 595 1996 te
615 1942 686 2008 ³²;
713 1962 731 1993 ι
763 1943 857 1997 Et:
888 1963 905 1994 ι
930 1945 1149 1998 l’ostula
1183 1961 1213 1999 a
1249 1961 1355 2010 me,
1383 1954 1438 1999 et
1465 1946 1605 2002 dabo
1628 1949 1724 2004 tibi
1753 1957 1947 2021 gentes

356 2032 738 2087 hrereditatem
773 2045 920 2089 tuam
943 2035 1009 2099 ³³,
1045 2054 1061 2085 ι
1092 2035 1161 2088 de
1188 2038 1496 2092 (Economia
1544 2038 1948 2096 incarnationis

358 2123 483 2179 Filii
521 2125 615 2179 Dei
671 2125 817 2180 dicta
873 2143 1014 2188 esse.
1049 2144 1172 2196 qum
1225 2129 1293 2182 ad
1347 2129 1612 2184 effectum
1677 2132 1950 2201 perducta

359 2227 511 2282 sunt,
549 2224 607 2272 et
642 2225 756 2271 tum
788 2217 857 2272 ab
888 2218 1004 2287 ipsa
1045 2234 1230 2283 rerum
1279 2220 1579 2286 evidentia,
1621 2230 1735 2277 tum
1765 2238 1796 2277 a
1824 2238 1952 2293 pro-

360 2309 544 2378 phetis
578 2310 776 2364 vestris
815 2309 1187 2365 declarantur.
1237 2312 1326 2376 At,
1374 2314 1420 2367 si
1456 2315 1614 2381 velis,
1659 2315 1951 2387 ostendam

360 2403 463 2457 tibi
493 2401 779 2457 Christum
825 2412 953 2457 ante
988 2404 1182 2458 mundi
1216 2405 1671 2461 constitutionem
1705 2408 1952 2478 genitum

362 2493 557 2558 fuisse,
612 2509 849 2564 esseque
893 2494 1098 2559 Deum;
1128 2495 1223 2550 sed
1267 2496 1420 2566 prius
1465 2512 1565 2552 vos
1612 2497 1954 2570 interrogare

362 2584 561 2638 velim:
595 2584 787 2650 David,
830 2584 925 2653 qui
957 2601 1053 2639 rex
1086 2595 1142 2639 et
1171 2586 1444 2655 propheta
1485 2586 1610 2653 fuit,
1658 2603 1953 2657 quemnam

362 2674 559 2729 habuit
597 2675 934 2730 Dominum?
968 2676 1319 2732 Manifestum
1362 2680 1587 2733 omnino
1636 2689 1692 2735 et
1733 2680 1791 2735 in
1825 2695 1957 2736 con-

364 2766 514 2820 fesso
555 2775 660 2832 est,
695 2768 845 2837 quod
888 2769 1105 2824 nullum
1158 2770 1361 2825 habeat
1410 2770 1708 2826 Dominum
1758 2781 1958 2841 praeter

363 2855 686 2911 Creatorem
733 2860 868 2913 coeli
904 2869 971 2917 .et
1021 2869 1203 2916 terrae.
1258 2862 1399 2918 Ecce
1452 2864 1638 2933 itaque
1684 2863 1857 2917 David
1887 2864 1956 2919 de

365 2948 590 3004 Christe
625 2949 761 3004 dicit
793 2952 1087 3006 Dominum
1123 2970 1285 3008 suum
1331 2970 1473 3017 esse,
1506 2965 1563 3010 et
1591 2964 1718 3010 ante
1757 2956 1957 3011 saecula

367 3041 638 3111 genitum.
676 3043 949 3117 Equidem
992 3046 1164 3100 David
1207 3047 1264 3101 in
1304 3048 1504 3103 caelum
1534 3064 1645 3102 non
1669 3049 1955 3116 ascendit;
1982 3067 2027 3129 ρ

370 3131 508 3185 dicit
530 3141 711 3187 tamen
735 3133 853 3201 ipse
885 3132 941 3187 in
963 3134 1108 3189 libro
1139 3135 1735 3207 Psalmorum,psalmo
1759 3153 1957 3208 nempe

371 3240 492 3295 clx,
546 3224 650 3279 L:
701 3243 720 3276 ι
770 3225 917 3280 Dixit
960 3227 1228 3284 Dominus
1283 3230 1519 3285 Domino
1583 3247 1708 3286 meo
1752 3250 1766 3286 :
1817 3230 1956 3287 Sede

372 3330 404 3368 a
434 3314 644 3368 dextris
683 3315 855 3370 meis:
887 3334 904 3366 ι
936 3317 1077 3371 Ecce
1108 3316 1275 3387 igitur
1290 3318 1496 3372 Filium
1518 3320 1641 3381 Dei,
1662 3320 1958 3374 Dominum

373 3421 536 3460 suum
567 3406 980 3477 vocatzipsum
1017 3408 1166 3463 enim
1202 3409 1379 3476 Pater,
1398 3419 1525 3479 post
1559 3420 1805 3466 sanetam
1840 3411 1962 3482 ejus

371 3515 439 3554 ex
480 3499 702 3570 Virgine
748 3500 1057 3555 secundum
1098 3505 1797 3573 earnem'generationem,
1839 3512 1964 3574 post

373 3590 687 3645 salutarem.
700 3592 1038 3661 passionem,
1065 3593 1647 3664 resurrectionemque
1667 3611 1698 3650 a
1726 3595 1962 3651 mortuis

372 3690 428 3735 ct
477 3682 883 3747 ascensionem,
920 3683 1002 3737 sic
1051 3683 1386 3753 alloquitur:
1440 3704 1456 3735 ι
1501 3685 1643 3741 Sede
1677 3701 1708 3740 a
1751 3686 1962 3742 dextris

373 3775 534 3838 meis,
570 3774 748 3829 donec
779 3790 980 3845 ponam
1028 3775 1285 3831 inimicos
1337 3784 1460 3831 tuos
1510 3778 1818 3833 scabellum
1860 3793 1959 3848 pe-

373 3869 504 3923 dum
538 3877 779 3923 tuorum.
822 3887 841 3920 »
878 3867 986 3923 Sed
1027 3868 1214 3922 forsan
1249 3869 1421 3935 dices,
1481 3886 1514 3923 o
1554 3870 1764 3935 Iudaee,
1803 3869 1966 3926 Chri-

375 3970 522 4015 stum
558 3960 753 4016 scdere
793 3959 862 4014 ad
896 3960 1182 4016 dexteram
1229 3962 1429 4027 Patris,
1455 3978 1630 4031 usque
1671 3962 1740 4017 ad
1780 3971 1965 4018 extre-

375 4068 526 4105 mum
564 4052 714 4106 illum
772 4060 826 4107 et
867 4052 1231 4122 principalem
1279 4055 1399 4124 ejus
1430 4053 1751 4118 adventum,
1796 4070 1961 4124 quem

376 4160 476 4213 per
515 4145 815 4214 prophetas
864 4144 1279 4215 praenuntiavit,
1325 4146 1479 4215 quasi
1531 4146 1791 4202 videlicet
1824 4163 1965 4203 non-

376 4239 507 4292 dum
536 4238 772 4292 venerit.
819 4237 927 4293 Sed
959 4238 1239 4307 quomodo
1260 4238 1367 4293 hoc
1398 4239 1468 4292 sit
1498 4239 1697 4293 rationi
1728 4254 1963 4296 consen-

377 4337 623 4392 taneum,
659 4327 748 4383 dic
777 4328 951 4385 mihi:
988 4328 1300 4398 Quarejam
1332 4329 1960 4387 sedentidieititerum:

2027 474 2222 529 ἐκείνοι
2279 477 2376 544 μὲν
2426 478 2708 551 ἀπῴλοντο
2738 482 2834 535 καὶ
2871 481 3175 553 παρῆλθον,
3212 482 3353 555 αῦτη
3390 484 3449 539 δὲ
3505 488 3624 543 καθ’

2028 566 2269 640 ἑκάστην
2301 568 2509 641 λάμπει
2541 573 2639 626 καὶ
2676 572 3033 629 πλατύνεται.
3073 574 3187 629 Καὶ
3217 577 3267 629 εί
3301 576 3401 648 μὲν
3447 578 3626 651 βούλει

2028 660 2090 712 τὸ
2109 660 2337 731 ἀκριϐὲς
2354 664 2448 717 τοῦ
2473 664 2705 736 οὐρανοῦ
2733 664 2862 738 [leg.
2883 666 3103 740 καιροῦ]
3129 667 3344 740 μαθεῖν,
3366 668 3448 737 τό,
3483 690 3505 725 ι
3540 671 3635 731 Ἐν

2028 755 2150 815 ταῖς
2190 754 2427 825 ήμέραις
2463 757 2699 822 ἐκείναις
2719 759 3068 831 ἀναστήσειό
3097 761 3232 826 Θεὸς
3268 761 3571 832 βασιλείαν,
3608 785 3628 820 ι

2031 845 2348 917 τὴνιμεταξὺ
2364 849 2662 919 αὑτῶνζτῶν
2678 850 3324 927 δηλωθεισῶντεσσάρων
3342 857 3635 929 βασιλειῶν

2033 940 2441 1011 ἀναδειχθεῖσαν
2471 943 2718 1013 λάμὸανε
2737 958 2751 977 ⁸
2803 947 3107 1016 μετέπειτα
3148 949 3282 1021 γάρξ
3312 948 3428 1021 οὐχ’
3464 951 3636 1022 εὑρή-

2036 1049 2211 1086 σεται.
2256 1032 2347 1097 Ὦς
2379 1034 2505 1106 γὰρ
2541 1035 2591 1089 οί
2622 1037 2863 1109 πατέρες
2895 1038 3052 1109 ὑμῶν
3090 1040 3192 1113 τὴν
3249 1041 3635 1113 παρελθοῦσαν

2039 1125 2372 1195 προσδοκίαν
2401 1127 2769 1199 κρατοῦντες,
2813 1131 2913 1202 τῆς
2960 1131 3253 1204 εὐκαιρίας
3305 1116 3513 1206 ταύτης
3550 1134 3638 1200 ἐξ·

2039 1213 2280 1268 έπεσαν·
2317 1214 2493 1281 οὕτως
2542 1219 2639 1272 καὶ
2684 1220 2863 1289 ὑμεῖς.
2909 1221 2975 1274 El
3035 1220 3130 1277 οὖν
3176 1224 3469 1278 πιστεύετε
3495 1220 3638 1279 εἶναι

2040 1309 2296 1378 Χριστὸν,
2333 1310 2665 1365 ἀπεντεῦθεν
2710 1311 2927 1384 ζητεῖτε
2955 1329 2967 1343 ·
3029 1315 3330 1386 μετέπειτα
3374 1318 3484 1390 γὰρ
3537 1317 3641 1389 οὐχ

2043 1403 2386 1475 εὑρίσκεται.

2122 1666 2261 1736 Ἤδη
2289 1666 2485 1734 ἔδειξα,
2531 1667 2773 1734 Ἰουδαίε,
2797 1668 2908 1722 ἀπὺ
2934 1668 3045 1723 τῶν
3072 1666 3308 1740 Γραφῶν
3337 1666 3436 1722 καὶ
3465 1664 3646 1738 αὐτῆς

2045 1759 2146 1829 τῆς
2163 1759 2424 1830 ἀληθείας
2452 1759 2533 1829 τὸ,
2564 1779 2583 1813 ι
2625 1760 2832 1833 Κύριος
2864 1758 2989 1814 εἷπε
3037 1761 3178 1833 πρός
3215 1776 3318 1831 με·
3368 1759 3501 1824 Υῑός
3533 1777 3640 1831 μου

2048 1850 2099 1904 εί
2122 1851 2185 1904 σὺ
2196 1893 2209 1915 ,
2224 1852 2336 1920 ἐγὼ
2353 1853 2420 1924 σή
2430 1869 2495 1923 με
2502 1870 2596 1924 ρον
2611 1853 2920 1926 γεγέννηκά
2931 1870 3013 1907 σε.
3037 1853 3200 1919 altat,
3212 1872 3232 1905 ‹
3249 1853 3484 1924 Αἴτησαι
3502 1853 3640 1924 παρ’

2049 1943 2206 2015 ἐμοῦ,
2244 1943 2337 1998 καὶ
2398 1942 2554 1997 δώσω
2585 1961 2669 1998 σοι
2714 1944 2841 2016 ἔθνη
2877 1945 2979 2014 τὴν
3036 1944 3405 2017 κληρονομίαν
3461 1960 3582 2012 σου,
3615 1961 3635 1995 ι

2049 2036 2146 2089 καὶ
2169 2036 2238 2090 τά
2271 2035 2420 2106 ἑξῆς,
2446 2036 2530 2090 ὅτι
2555 2036 2805 2107 περὶτῆς
2837 2036 3111 2108 ἐνσάρκου
3168 2036 3490 2108 οἰκονομίας
3536 2033 3641 2089 τοῦ

2051 2125 2182 2181 Υίοῦ
2206 2127 2300 2178 τοῦ
2330 2125 2466 2179 θεοῦ
2500 2126 2740 2199 εἴρηται,
2773 2128 2918 2199 ἅπερ
2952 2128 3048 2181 καὶ
3080 2128 3337 2197 ἐγένοντο
3365 2127 3464 2181 καὶ
3496 2144 3644 2199 μαρ-

2051 2217 2340 2288 τυροῦνται
2380 2218 2677 2285 ύπδαύτῆς
2710 2219 2813 2289 τῆς
2847 2218 3104 2289 ἀληθείας
3164 2219 3261 2272 καὶ
3285 2218 3401 2272 τῶν
3426 2234 3645 2289 προφη-

2051 2308 2163 2362 τῶν
2194 2308 2368 2378 ὑμῶν.
2417 2308 2560 2364 Είδέ
2587 2298 2785 2373 θέλεις,
2817 2308 2978 2375 δείξω
3015 2326 3098 2362 σοι
3148 2309 3232 2363 ὅτι
3258 2309 3356 2363 καὶ
3409 2309 3516 2381 πρὸ
3538 2308 3642 2363 τοῦ

2055 2401 2263 2470 κόσμου
2302 2399 2594 2470 ἐγεννήθη,
2651 2401 2747 2453 καὶ
2811 2400 2895 2454 ὅτι
2933 2400 3069 2465 Θεός
3111 2401 3262 2453 ἐστιν
3319 2401 3348 2455 6
3379 2400 3641 2471 Χριστός.

2055 2490 2203 2561 Πλὴν
2232 2489 2450 2561 πρῶτον
2480 2491 2623 2545 θέλω
2642 2492 2839 2558 μαθεῖν
2865 2491 2927 2555 ἐξ
2961 2490 3116 2561 ὑμῶν
3142 2506 3156 2520 ·
3198 2490 3257 2545 '0
3287 2490 3454 2544 Aa6‘t6
3485 2490 3645 2561 βασι-

2055 2583 2180 2645 λεὺς
2212 2581 2288 2635 ὢν
2338 2584 2434 2638 καὶ
2469 2583 2779 2654 προφήτης,
2808 2582 2933 2636 τίνα
2976 2583 3186 2655 Κύριον
3217 2582 3312 2637 καὶ
3359 2581 3644 2652 Δεσπότην

2057 2669 2171 2744 εἶχε
2199 2692 2213 2740 ;
2242 2673 2472 2737 Πάντως
2498 2674 2656 2745 δῆλον
2683 2675 2780 2727 καὶ
2807 2674 3261 2745 ὁμολογούμενον,
3307 2674 3499 2729 οὐδένα
3522 2673 3643 2728 Κ.ύό

2061 2782 2175 2837 ριον
2195 2760 2333 2834 εἶχε,
2363 2765 2412 2818 εί
2438 2764 2514 2835 μὴ
2548 2764 2642 2819 τὸν
2669 2767 2973 2835 ποιήσαντα
2992 2765 3083 2819 τὸν
3109 2766 3342 2838 οὐρανὸν
3385 2765 3481 2819 καὶ
3538 2764 3643 2836 τὴν

2059 2860 2184 2927 γῆν.
2230 2857 2360 2911 Ἰδοὺ
2419 2857 2512 2911 οῦν
2570 2857 2735 2922 αὐτὸς
2781 2860 2809 2911 6
2841 2858 3008 2912 Δαϐὶδ
3035 2857 3185 2926 λέγει
3226 2855 3474 2929 περὶτοῦ
3514 2857 3645 2926 Χρι-

2061 2952 2211 3014 στοῦ,
2241 2951 2324 3004 ὅτι
2358 2950 2561 3021 Κύριος
2621 2949 2788 3004 αὑτοῦ
2819 2953 2958 3017 ἐστι,
2993 2953 3089 3005 καὶ
3142 2952 3225 3004 ὅτι
3268 2951 3365 3005 κα)⁵
3396 2949 3503 3021 πρὸ
3535 2950 3644 3003 τῶν

2060 3041 2271 3097 αἰώνων
2296 3042 2579 3114 ἐγεννήθη.
2614 3043 2725 3096 Καὶ
2753 3042 2919 3096 Δα6“ιδ
2950 3043 3050 3112 μὲν
3087 3043 3188 3096 οὐκ
3240 3042 3408 3113 ἀνέῦη
3439 3043 3518 3105 είς
3547 3041 3643 3095 τὸν

2060 3136 2288 3204 οὐρανόν
2310 3152 2322 3165 ο
2377 3135 2525 3202 λέγει
2556 3135 2613 3188 δέ
2642 3137 2670 3188 6
2712 3135 2873 3199 αὐτὸς
2922 3136 2979 3190 ἐν
3015 3135 3182 3207 βίϐλῳ
3215 3135 3324 3189 τῶν
3372 3135 3642 3205 Ψαλμῶν,

2060 3231 2229 3302 ήγουν
2249 3230 2349 3298 ρθ¹,
2387 3228 2562 3291 οὕτως
2583 3245 2596 3259 ·
2638 3248 2656 3279 ι
2689 3224 2861 3281 Εἶπεν
2893 3229 2922 3281 ὁ
2946 3229 3149 3298 Κύριος
3178 3227 3256 3298 τῷ
3292 3227 3483 3298 Κυρίῳ
3508 3243 3642 3298 μουο

2061 3325 2244 3378 Κάθου
2277 3325 2340 3375 ἐκ
2359 3320 2550 3386 δεξιῶν
2581 3337 2707 3390 μου.
2737 3340 2757 3373 ι
2805 3321 2938 3375 Ἰδοὺ
2961 3320 3054 3374 οὖν
3084 3322 3177 3375 τὸν
3209 3321 3336 3374 Υἱὸν
3368 3320 3464 3374 τοῦ
3481 3316 3620 3373 Θεοῦ

2061 3416 2269 3487 Κύριον
2297 3414 2495 3468 ἑαυτοῦ
2529 3413 2718 3467 καλεῖ·
2755 3413 2893 3483 πρὸς
2924 3413 3088 3467 αὐτὸν
3130 3413 3243 3483 γὰρ
3270 3409 3427 3465 εἶπεν
3477 3415 3505 3464 6
3534 3411 3646 3465 Πα-

2061 3511 2166 3582 τὴρ
2197 3508 2339 3580 μετά
2362 3508 2462 3578 τὴν
2493 3506 2656 3576 ἁγίαν
2685 3507 2853 3559 αὑτοῦ
2877 3509 2943 3560 ἐκ
2983 3505 3264 3577 Παρθένου
3292 3506 3434 3559 κατά
3466 3505 3645 3575 σάρκα

2060 3602 2333 3673 γέννησιν,
2369 3605 2467 3653 καὶ
2498 3599 2561 3652 τὸ
2591 3599 2862 3670 σωτήριον
2883 3598 3076 3665 πάθος,
3104 3597 3198 3651 καὶ
3226 3597 3324 3666 τὴν
3342 3598 3407 3650 ἐκ
3437 3594 3646 3666 νεκρῶν

2062 3692 2230 3747 αὑτοῦ
2263 3692 2583 3754 ἀνάστασιν,
2618 3691 2713 3744 καὶ
2777 3690 2876 3759 τὴν
2922 3687 3229 3759 ἀνά).ηψιν⁶”
3259 3706 3277 3739 ι
3341 3685 3528 3739 Κάθου
3580 3687 3644 3738 ἐκ

2061 3783 2254 3850 δεξιῶν
2299 3801 2424 3855 μου,
2456 3783 2561 3847 ἕως
2598 3783 2664 3836 ἂν
2694 3781 2773 3836 θῶ
2801 3782 2929 3846 τοὺς
2966 3779 3194 3853 ἐχθρούς
3223 3796 3313 3834 σου
3353 3777 3644 3857 ὑποπόδιον

2062 3877 2172 3930 τῶν
2200 3875 2379 3930 ποδῶν
2408 3892 2526 3930 σου.
2588 3892 2608 3927 ι
2677 3874 2816 3927 Ἀλλ’
2845 3860 2978 3937 ἴσως
3006 3874 3172 3942 ἐρεῖς,
3207 3865 3253 3924 ὦ
3289 3869 3534 3933 Ἰουδαϊε,
3564 3869 3644 3921 ὅτι

2063 3967 2299 4039 Χριστὸς
2329 3968 2566 4038 κάθηται
2619 3969 2678 4020 ἐν
2707 3965 2860 4037 δεξιᾷ
2909 3965 3005 4018 τοῦ
3069 3963 3228 4037 Θεοῦ,
3264 3964 3425 4034 ἄχρις
3456 3961 3524 4025 ἂν
3549 3961 3646 4030 τὴν

2066 4060 2305 4130 ἐσχάτην
2332 4058 2554 4129 καιρίαν
2579 4056 2790 4110 ἐλευσιν
2824 4057 3142 4125 ποιήσηται,
3171 4054 3239 4130 ῆν
3263 4054 3353 4107 διὰ
3387 4051 3498 4105 τῶν
3516 4068 3647 4122 προ·-

2069 4144 2256 4222 φηῖεῶν
2289 4149 2696 4221 ἐπηγγείλατο,
2731 4149 2807 4212 ὡς
2844 4148 3003 4220 δῆθεν
3049 4147 3234 4218 ἀκμὴν
3271 4147 3347 4216 μὴ
3376 4144 3643 4206 ἐλθόντος.

2066 4243 2176 4295 Καὶ
2212 4240 2328 4305 πῶς
2342 4241 2455 4311 ἔχει
2489 4238 2649 4295 τοῦτο
2686 4240 2868 4308 λόγον,
2931 4238 3095 4304 είπέ;
3134 4238 3185 4292 τί
3244 4237 3323 4307 τῷ
3352 4235 3647 4306 καθημένῳ

2069 4333 2219 4402 λέγει
2248 4333 2411 4387 πάλιν
2429 4348 2443 4362 ·
2500 4331 2739 4396 Κάθου;
2766 4331 2886 4385 Τίνι
2913 4330 2971 4384 δὲ
2992 4330 3311 4401 ’ήχθρευσαν
3354 4329 3402 4380 oi
3456 4325 3652 4395 ἐχθρά-

376 4419 553 4476 Sede?
577 4420 863 4487 Quomodo
905 4430 1090 4475 autem
1125 4421 1333 4475 inimici
1379 4421 1576 4477 infensi
1608 4423 1721 4478 sint
1753 4424 1832 4478 illi
1867 4424 1951 4494 qui

2069 4441 2259 4488 ναντες
2306 4420 2386 4494 τῷ
2424 4424 2590 4494 μήπω
2621 4421 2861 4476 ἐθέλοντι
2911 4421 3044 4494 [leg.
3096 4418 3362 4490 ἐλθόντιῇ
3390 4419 3505 4473 Καὶ
3541 4415 3647 4485 γὰρ

379 4511 628 4566 nondum
685 4512 943 4566 venerit?
994 4512 1109 4567 Hoc
1147 4513 1294 4568 enim
1328 4514 1541 4580 dicens,
1602 4514 1756 4581 Sede,
1795 4506 1963 4571 Chri-

380 4610 529 4657 stum
558 4619 588 4657 e
617 4613 759 4658 terra
788 4606 843 4658 in
890 4604 1062 4659 caelos
1118 4604 1462 4667 redeuntem,
1518 4624 1714 4662 rursus
1767 4607 1961 4664 sedere

378 4694 558 4766 jubet,
585 4696 728 4750 sicut
763 4696 917 4765 prius
942 4696 1170 4749 sedebat
1198 4712 1363 4765 super
1393 4698 1649 4753 inimicos
1677 4715 1828 4755 suos.
1853 4701 1963 4755 Vos

383 4787 615 4856 itaque,
663 4788 858 4854 Judaei,
915 4789 1125 4844 inimici
1183 4792 1303 4859 ejus
1359 4791 1522 4855 estis,
1568 4792 1671 4845 sub
1727 4792 1962 4861 pedibus

314 4910 325 4921 κ
380 4879 711 4935 Christianae
762 4883 944 4952 gentis
997 4882 1302 4936 conculcati
1351 4899 1523 4952 usque
1558 4884 1626 4937 ad
1653 4894 1956 4939 extremam

383 4974 599 5028 horam.
630 4973 783 5029 Unde
803 4984 859 5029 et
886 4973 1083 5028 merito
1113 4974 1536 5038 eoneuicamini,
1559 4976 1839 5046 etjustum
1880 4986 1962 5032 est

382 5067 532 5137 quod
560 5067 780 5137 passuri
801 5068 968 5124 estis:
995 5075 1214 5138 tempus
1234 5068 1381 5122 enim
1409 5069 1542 5124 illud
1566 5068 1713 5139 quod
1743 5070 1963 5141 jactatis

382 5169 439 5215 ct
475 5160 828 5231 exspectatis,
858 5160 973 5216 ictu
1003 5160 1150 5215 oeuli
1203 5160 1366 5215 citius
1406 5160 1562 5215 vobis
1587 5162 1960 5231 superveniet,

383 5269 494 5322 quo
511 5253 856 5324 scilicetyos,
873 5267 1000 5308 cum
1017 5252 1311 5322 deeeptore
1328 5252 1422 5307 illo
1441 5252 1791 5320 cuicreditis,
1804 5263 1963 5310 aeter-

384 5344 441 5397 ni
478 5343 623 5415 ignis
647 5346 1004 5416 supplicium,
1037 5343 1125 5399 cui
1155 5345 1295 5400 estis
1331 5345 1620 5410 reservati,
1654 5345 1958 5416 recipietis.

459 5436 675 5503 Rursus
708 5436 854 5493 idem
891 5452 986 5493 rex
1013 5445 1069 5492 et
1099 5436 1393 5506 propheta,
1418 5435 1475 5489 in
1499 5436 1695 5491 eodem
1722 5438 1957 5507 psalmo,

388 5529 544 5595 quasi
574 5528 668 5583 Dei
715 5538 771 5583 et
813 5528 992 5585 Patris
1038 5543 1336 5598 personam
1382 5528 1681 5599 accipiens,
1714 5529 1782 5583 de
1828 5528 1965 5582 Filio

466 5682 509 5714 ³³
542 5684 683 5736 Psal.
721 5701 777 5751 tt,
814 5686 863 5740 Ἰ.
936 5687 979 5718 ³³
1012 5686 1145 5740 ibid.
1187 5687 1238 5742 8.

2065 4515 2228 4569 τοῦτο
2249 4513 2474 4590 ὃγλέγενι,
2501 4511 2723 4575 Κάθου,
2750 4510 2827 4581 τῷ
2860 4510 2968 4563 ἀπὸ
2988 4511 3088 4580 τῆς
3129 4512 3234 4579 γῆς
3259 4509 3351 4561 ἐπὶ
3402 4508 3531 4570 τοὺς
3557 4508 3647 4560 οὑ·-

2070 4607 2267 4678 ρανοῦς
2301 4603 2581 4658 ἀνελθόντι
2650 4601 2876 4657 καθίσαι
2915 4601 3079 4655 πάλιν
3114 4600 3284 4669 λέγει,
3309 4598 3489 4661 καθὼς
3522 4597 3649 4667 πρὶν

2067 4700 2254 4752 ἐπάνω
2281 4692 2350 4768 ἦν
2389 4696 2498 4751 τῶν
2542 4694 2754 4770 ἐχθρῶν
2789 4692 2954 4748 αὐτοῦ
2976 4709 2989 4723 ·
3042 4693 3119 4756 ὡς
3151 4689 3292 4746 εἶναι
3347 4692 3490 4763 ὑμᾶς
3522 4689 3648 4751 τοὺς

2081 4789 2369 4852 Ἰουδαίους
2398 4787 2626 4861 ἐχθροὺς
2657 4786 2822 4845 αὑτοῦ
2851 4787 2946 4842 καὶ
2981 4786 3365 4858 πατουμένους
3392 4784 3498 4837 ὑπὸ
3525 4784 3646 4847 τοὺς

2067 4885 2235 4946 πόδας
2260 4882 2355 4937 τοῦ
2381 4879 2774 4952 Χριστιανικοῦ
2793 4881 2962 4948 φύλου
2992 4880 3097 4944 ἓως
3127 4878 3448 4941 τελευταίας
3476 4876 3644 4948 ὥρας.

2069 4977 2232 5031 Ὅθεν
2280 4976 2375 5030 καὶ
2407 4975 2633 5038 δικαίως
2664 4972 2945 5038 πατεῖσθε,
2977 4973 3073 5026 καί⁵
3126 4972 3188 5025 τὸ
3236 4971 3647 5040 ἀποϐησόμενον

2069 5070 2196 5139 ὑμῖν
2221 5068 2458 5122 δίκαιον·
2493 5066 2584 5120 τὸν
2606 5066 2716 5138 γὰρ
2745 5065 2938 5137 καιρὸν
2999 5064 3059 5118 ὃν
3096 5064 3285 5132 λέγετε
3316 5063 3409 5116 καὶ
3434 5063 3650 5132 ἐκδέχε-

2070 5163 2163 5216 σθε
2190 5160 2416 5231 φθάνειν
2446 5162 2592 5231 ὑμᾶς
2615 5159 2927 5231 βλέμματος
2951 5156 3283 5229 γοργοτέρου
3311 5154 3647 5227 παρέχεται·

2073 5254 2195 5323 μεθ’
2235 5248 2296 5307 οἶ)
2324 5253 2418 5308 καὶ
2449 5254 2608 5323 ὑμεῖς
2634 5253 2729 5307 καὶ
2848 5250 3134 5306 πιστεύετε
3160 5248 3372 5319 πλάνῳ,
3403 5248 3485 5310 είς
3516 5248 3649 5299 αίω-

2073 5348 2192 5401 νίαν
2215 5347 2385 5417 πυρὸς
2412 5347 2641 5419 ἐκδοχὴν
2665 5344 2904 5399 δέδοσθε.

2142 5438 2253 5490 Καὶ
2283 5437 2447 5490 πάλιν
2482 5438 2511 5489 6
2539 5436 2703 5501 αὐτὸς
2734 5435 3026 5508 προφήτης
3059 5431 3153 5487 καὶ⁵
3197 5430 3455 5503 βασιλεὺς
3486 5429 3545 5481 ἐν
3573 5423 3646 5495 τῷ

2073 5527 2220 5599 αὑτῷ
2249 5527 2448 5599 ψαλμῷ
2486 5528 2561 5592 ὡς
2588 5530 2651 5583 ἐκ
2704 5526 2995 5598 προσώπου
3027 5524 3116 5579 τοῦ
3142 5523 3276 5579 Θεοῦ
3310 5522 3407 5578 καὶ
3437 5516 3647 5589 Harpe:
