3988 6142
347 259 478 323 ῙΞΠ

1354 264 1810 323 DlSPU'l‘ATIO
1851 263 2253 324 ADVERSUS
2290 265 2619 327 JUD.EOS.

3472 265 3608 331 1218

343 378 594 451 περὶτοῦ
653 377 785 433 Vinii
817 382 912 433 καὶ
966 380 1139 447 Λόγου
1193 380 1283 432 τοῦ
1326 380 1461 433 Θεοῦ
1530 380 1704 444 οὕτως
1738 381 1921 447 λέγει’

2029 388 2084 435 ει
2119 381 2298 436 Verbo
2330 383 2425 437 Dei
2459 383 2541 438 sic
2581 383 2871 453 loquitur:
2915 402 2931 434 ι
2968 384 3042 437 Ex
3076 389 3235 437 utero
3270 390 3400 437 ante
3442 382 3610 438 Luci-

348 492 365 524 ι
390 473 483 524 Ἐκ
512 471 749 548 γαστρὸς
775 472 883 542 πρὸ
914 471 1196 543 ἑωσφόρου
1231 473 1501 543 ἐγέννησά
1532 490 1611 528 σε.
1667 493 1685 525 ι
1732 474 1792 524 Ὀ
1818 472 1927 543 γὰρ

348 558 629 634 ἑωσφόρος
685 565 751 632 τῇ
799 564 1036 635 τετάρτῃ
1081 564 1265 635 ἡμέρᾳ
1305 563 1560 632 ἐγένετο·
1594 566 1622 617 6
1661 563 1719 615 δὲ
1755 561 1927 632 Ἀδὰμ

341 657 408 727 τῇ
437 656 572 727 ἕκτῃ
602 654 785 726 ἡμέρᾳ
818 655 1083 726 ἐπλάσθη.
1115 655 1337 722 Λοιπὸν,
1393 650 1439 709 ὦ
1484 655 1734 720 Ἰουδαῖε,
1783 655 1923 718 εἰπὲ,

342 746 464 800 τίνα
487 746 594 817 πρὸ
627 747 982 817 παρασκευῆς
1009 746 1110 817 τῆς
1140 746 1370 810 κτίσεως
1396 745 1690 816 ἐγέννησεν
1711 749 1738 801 ὁ
1770 747 1922 809 Θεός.

342 836 410 891 *Α
422 856 491 909 ρα
514 840 642 909 περὶ
668 839 763 891 τοῦ
783 837 956 908 ’Δδᾶμ
980 838 1167 907 λέγεις
1205 839 1475 909 Οὐδαμῶς
1500 855 1515 870 ο
1550 839 1689 908 μετὰ
1708 838 1817 909 γὰρ
1836 838 1930 891 δύο

344 931 560 1001 ἡμέρας
614 929 710 984 τοῦ
741 912 1018 1000 ἐωσφόρου
1075 930 1170 985 καὶ
1202 930 1313 983 τῶν
1363 930 1611 999 ἀστέρων
1656 930 1925 999 ἐπλάσθη.

357 1023 520 1077 Ἀλλὰ
551 1020 801 1105 περιθτοῦ
825 1018 1221 1092 Ἠλειμμένου
1257 1022 1386 1093 ὑμῖν
1423 1022 1603 1090 λέγει;
1632 1021 1769 1075 ἀλλὰ
1815 1022 1929 1075 υἱὸν

344 1118 510 1175 Δαϐὶδ
531 1118 694 1172 αὑτὸν
720 1117 782 1171 οὑ
805 1117 992 1185 λέγετε
1019 1112 1160 1170 εἶναι
1182 1133 1197 1149 ο
1244 1118 1273 1169 6
1306 1118 1362 1170 δὲ
1407 1118 1572 1171 Δαϐὶδ
1606 1117 1746 1188 μετὰ
1802 1117 1932 1170 πολ-

345 1212 470 1274 λοὺς
502 1211 727 1282 χρόνους
753 1210 847 1263 τοῦ
895 1209 1068 1279 Ἀδὰμ
1094 1208 1359 1279 ἐγεννήθη
1385 1226 1397 1239 ·
1429 1212 1458 1263 6
1508 1209 1615 1279 γὰρ
1657 1209 1829 1279 Ἀδὰμ
1860 1212 1929 1281 τῇ

343 1305 479 1373 ἕκτῃ
513 1301 697 1372 ἡμέρᾳ
751 1299 1018 1370 ἐπλάσθη,
1073 1299 1149 1363 ὡς
1180 1298 1418 1371 εἴρηται,
1450 1301 1545 1353 καὶ
1574 1301 1623 1353 οί
1658 1300 1930 1371 ἑωσφόροι

344 1396 413 1463 τῇ
453 1393 687 1464 τετάρτῃ
753 1393 936 1465 ἡμέρᾳ
973 1392 1253 1461 ἐγένοντο·
1305 1394 1333 1446 ὀ
1375 1392 1433 1444 δέ
1464 1392 1595 1455 Θεὸς
1641 1394 1772 1463 περὶ
1821 1391 1920 1445 τοῦ

308 1470 313 1473 ’
349 1486 480 1539 ἰδίου
510 1484 640 1538 Υἰοῦ
667 1484 835 1553 λέγει,
891 1485 975 1538 ὅτι
1009 1502 1029 1535 ι
1068 1483 1180 1555 Πρὸ
1227 1483 1507 1556 ἐωσφόρου
1540 1483 1812 1554 ἐγέννησά
1836 1501 1927 1537 σε’

346 1579 414 1649 ab
448 1579 627 1647 ἱερεὺς
655 1579 735 1640 είς
752 1576 844 1631 τὸν
864 1576 1038 1630 αἰῶνα
1065 1575 1207 1629 κατὰ
1226 1575 1494 1646 τὴντάξιν
1518 1574 1876 1646 Μελχισεδὲκ,
1904 1595 1922 1627 ι

343 1670 624 1724 τουτέστιν
676 1670 854 1741 ἱερεὺς
904 1669 1013 1723 τῶν
1065 1669 1257 1723 ἐθνῶν.
1317 1668 1374 1722 Ὀ
1430 1668 1538 1740 γὰρ
1592 1668 1929 1740 Μελχισεδὲκ

343 1758 503 1814 οἶνον.
542 1760 636 1814 καὶ
664 1729 848 1830 ἄρτον⁷
884 1761 1193 1831 προσέφερε
1249 1760 1328 1829 τῷ
1362 1729 1522 1830 Sed),
1562 1729 1747 1823 καθὼς
1778 1746 1928 1813 καὶλό
1956 1729 2003 1788 Β

342 1851 603 1923 Χριστὸς,
632 1853 659 1905 6
684 1853 975 1923 ἀρχιερεὺς
1010 1851 1193 1922 ἡμῶν,
1227 1849 1545 1921 παρέδωκεν
1578 1853 1728 1922 ἡμᾶς
1779 1851 1927 1905 θύειν

343 1943 496 2012 αὑτῷ
526 1943 900 2012 ἀναιμάκτους
927 1941 1121 2005 θυσίας
1178 1942 1316 1995 κατὰ
1341 1942 1441 2012 τὴν
1486 1941 1640 2008 τάξιν
1662 1941 1928 2011 Μελχισε-

344 2033 461 2086 δέκ.
500 2033 770 2085 ’Ἄκουσον
794 2031 850 2084 δὲ
879 2031 975 2086 καὶ
1005 2030 1349 2100 Σολομῶντος
1388 2030 1637 2098 λέγοντος
1669 2034 1795 2101 περὶ
1827 2032 1927 2099 τῆς

342 2123 451 2196 πρὸ
484 2118 697 2176 αἰώνων
737 2122 1042 2192 γεννήσεως
1099 2120 1194 2174 τοῦ
1265 2121 1588 2191 μονογενοῦς
1647 2120 1781 2174 Υίοῦ
1831 2120 1925 2177 τοῦ

341 2214 509 2269 Θεοῦ·
541 2233 559 2265 ι
598 2213 711 2282 Πρὸ
737 2212 830 2265 τοῦ
858 2212 1055 2283 τὰ,ὅρη
1076 2212 1351 2281 γενέσθαι,
1384 2213 1490 2283 πρὸ
1541 2213 1636 2266 τοῦ
1666 2214 1767 2277 τὰς
1821 2231 1927 2283 πη-

344 2305 448 2375 γὰς
487 2285 790 2375 προελθεῖν,
825 2304 931 2376 πρὸ
974 2304 1031 2359 δὲ
1066 2305 1285 2358 πάντων
1316 2305 1542 2375 βουνῶν,
1574 2307 1742 2378 γεννᾷ
1773 2323 1862 2377 με.
1900 2326 1919 2359 ι

350 2398 534 2465 Δεῖξόν
571 2414 661 2468 μοι
689 2393 784 2450 οὖν
813 2397 932 2450 τίνα
958 2398 986 2451 6
1038 2396 1169 2461 Θεὸς
1210 2396 1317 2468 πρὸ
1357 2392 1537 2467 πάσης
1562 2398 1663 2468 τῆς
1693 2399 1925 2463 κτίσεως

343 2489 655 2560 ἐγέννησεν.
705 2488 982 2551 Ὡσαύτως
1031 2487 1089 2541 δὲ
1135 2489 1231 2541 καὶ
1283 2487 1445 2543 πάλιν
1477 2490 1506 2541 6
1532 2488 1700 2541 Aa6l8
1758 2492 1815 2544 ἐν
1845 2489 1926 2560 et-

345 2582 455 2652 σλῳ
484 2580 731 2650 Ψαλμῶν
752 2579 825 2644 οζ⁹
870 2579 1053 2643 λέγει·
1096 2597 1114 2630 ι
1168 2579 1225 2631 '0
1255 2578 1408 2643 Θεὸς,
1441 2578 1700 2654 τὸκρίμά
1729 2597 1827 2633 σου
1848 2579 1926 2650 τῷ

346 2672 559 2743 βασιλεί
611 2671 719 2735 δὸς,
783 2670 876 2723 καὶ
931 2668 1029 2741 τὴν
1063 2668 1413 2740 δικαιοσύνην
1443 2662 1536 2723 σου
1581 2669 1659 2741 τῷ
1682 2669 1784 2741 υἱῷ
1826 2670 1919 2723 τοῦ

345 2764 631 2835 βασιλέως.
673 2780 693 2814 ›
722 2762 831 2816 Καὶ
863 2761 941 2832 μὴ
973 2761 1136 2833 εἴπῃς
1164 2760 1296 2832 περὶ
1325 2760 1669 2829 Σολομῶντος
1708 2759 1887 2829 λέγειν
1909 2777 1923 2792 ο

344 2853 465 2909 εἷπε
488 2854 596 2925 γὰρ
630 2852 771 2923 μετὰ
798 2852 1010 2921 ὀλίγους
1052 2852 1293 2923 στίχους,
1315 2852 1397 2915 ὅτι
1433 2872 1452 2904 ι
1485 2850 1926 2923 Κατακυριεύσει

344 2948 452 3002 ἀπὸ
481 2946 757 3016 θαλάσσης
784 2945 888 3009 ἕως
922 2944 1220 3017 θαλάσσης,
1255 2947 1349 2999 καὶ
1369 2945 1477 3017 πρὸ
1499 2943 1594 2998 τοῦ
1624 2944 1777 3015 ἡλίου
1807 2944 1926 2999 δια-

347 3037 499 3110 μένει
534 3036 794 3109 τὸ-ὅνομα
829 3035 1015 3102 αὑτοῦ,
1046 3036 1141 3091 καὶ
1173 3037 1281 3106 πρὸ
1294 3037 1392 3106 τῆς
1424 3036 1680 3108 σελήνης,
1729 3037 1924 3105 γενεὰς
1948 3077 1993 3142 C

344 3132 577 3201 γενεῶν.
614 3150 638 3184 ›
675 3131 815 3184 Ἰδοὺ
837 3128 1017 3194 ἐδειξά
1035 3146 1119 3183 σοι
1151 3128 1341 3199 σαφῶς
1373 3131 1469 3183 καὶ
1497 3128 1587 3183 διὰ
1632 3128 1798 3183 Δαὸιδ
1830 3131 1923 3183 καὶ

342 3224 432 3280 διὰ
461 3222 830 3293 Σολομῶντος,
880 3223 963 3277 ὃτι
1008 3222 1114 3293 πρὸ
1146 3222 1332 3290 πάσης
1372 3222 1469 3290 τῆς
1499 3220 1731 3285 κτίσεως
1764 3222 1918 3291 ἐγενο

343 3316 497 3389 νήθη
527 3319 556 3371 6
599 3316 729 3381 Υίὸς
774 3317 840 3370 ἐκ
880 3315 975 3369 τοῦ
1024 3314 1255 3386 Πατρὸς,
1300 3314 1378 3378 ὡς
1433 3311 1576 3369 οἶδεν
1624 3313 1786 3379 αὐτὸς
1826 3315 1924 3387 μό-

342 3425 456 3473 νος.

412 3500 583 3555 Πάλιν
608 3499 787 3553 ἐκεῖνό
809 3516 897 3568 μοι
921 3499 1112 3553 εἴπατε
1143 3498 1323 3568 ὑμεῖς,
1351 3498 1447 3552 καὶ
1475 3497 1640 3561 εὐθὺς
1658 3497 1923 3566 φαίνεται

336 3595 374 3663 ἠ
408 3591 659 3660 ἀλήθεια,
681 3589 786 3643 τὸν
816 3589 1182 3658 ἠλειμμένογ
1198 3588 1257 3642 δν
1284 3588 1572 3659 ἐκδέχεσθε
1590 3589 1771 3658 ὑμεῖς,
1804 3588 1925 3655 τινα

335 3684 534 3751 λέγετε
556 3680 749 3746 αὑτόν;
783 3680 916 3734 Θεὸν
942 3681 976 3750 ἢ
1007 3680 1292 3751 ἄνθρωπον
1318 3680 1491 3749 ψιλὸν,
1521 3681 1598 3742 ὡς
1646 3680 1736 3734 τὸν
1760 3679 1925 3731 Δαῦὶδ

338 3774 590 3837 καὶτοὺς
623 3772 842 3836 λοιποὺς
883 3772 1242 3845 ἀνθρώπουςς
1296 3773 1451 3843 Ἔχει
1514 3774 1689 3826 εἰπεῖν
1716 3775 1745 3825 6
1794 3773 1926 3825 Ἰου-

337 3868 515 3930 δαῖος·
566 3863 892 3935 Ἄνθρωπον
931 3863 1095 3917 αὑτὸν
1124 3863 1379 3933 λέγομεν,
1412 3863 1506 3915 καὶ
1533 3863 1596 3915 ού
1620 3862 1774 3926 Θεὸν,
1806 3862 1924 3916 ἀλλ’

339 3956 416 4019 ὡς
430 3955 530 4009 ἕνα
552 3953 659 4029 τῶν
695 3952 996 4024 προφητῶν
1020 3968 1032 3981 ·
1077 3953 1178 4006 οὑκ
1224 3951 1340 4004 ἐστι
1369 3950 1479 4022 γὰρ
1522 3952 1573 4004 εί
1602 3952 1677 4022 μὴ
1717 3946 1797 4016 εἷς
1830 3953 1925 4005 καὶ

342 4047 504 4118 μόνος
538 4047 566 4100 6
606 4046 761 4112 Θεὸς,
795 4045 891 4101 καὶ
919 4044 1042 4114 ούχὶ
1091 4043 1208 4107 δύο,
1240 4041 1494 4114 καθάπερ
1523 4043 1575 4096 οί
1599 4043 1924 4112 Χριστιανοὶ

338 4140 550 4202 λέγετε.
582 4141 691 4193 Καὶ
733 4137 857 4194 ἐπεὶ
881 4135 1055 4199 οὑτως
1082 4135 1296 4203 λέγετε,
1339 4136 1423 4188 ὅτι
1478 4134 1765 4205 ἄνθρωπός
1808 4137 1925 4187 ἐστι

337 4231 495 4300 ψιλὸς
523 4234 551 4284 6
591 4230 886 4301 ἐρχόμενος
916 4228 1153 4299 Χριστὸς
1178 4226 1359 4297 ὑμῶν,
1412 4225 1730 4296 ἐνέγκωμεν
1797 4225 1924 4294 ἄρτι

338 4322 438 4386 τὰς
489 4320 669 4391 φωνὰς
702 4321 812 4374 τῶν
841 4318 1162 4390 προφητῶν,
1201 4318 1297 4372 καὶ
1356 4315 1452 4369 ἐὰν
1486 4317 1619 4370 Θεὸν
1644 4314 1927 4386 ’ἐκήρυξαν

2030 470 2208 525 terum
2238 474 2400 543 genui
2432 483 2484 528 te
2513 476 2580 540 ³³;
2616 494 2632 525 ι
2672 474 2897 529 Lucifer
2922 491 3088 544 porro
3111 482 3309 543 quarta
3342 473 3430 527 die
3464 490 3615 528 erea-

2032 570 2118 617 tus
2153 573 2257 628 est,
2290 565 2463 619 Adam
2498 581 2629 620 vero
2658 576 2810 621 sexta
2846 567 2936 621 die
2985 566 3255 620 formatus
3292 575 3397 620 εει.
3432 566 3611 627 Nune,

2031 655 2286 721 oJudaee,
2311 657 2403 710 die
2430 658 2560 711 mihi
2588 675 2601 711 :
2625 657 2798 723 Quem
2825 667 2953 712 ante
2979 659 3283 713 creationis
3308 658 3613 726 primordia

2029 748 2285 817 genuerit
2316 749 2479 803 Deus.
2504 748 2647 802 Num
2681 749 2749 804 de
2779 749 2990 803 Adamo
3028 749 3322 818 loquitur?
3356 749 3577 804 Minime
3598 791 3613 813 ,

2030 838 2305 909 siquidem
2340 848 2463 908 post
2495 841 2800 895 secundum
2825 841 2971 895 diem
2992 856 3104 910 quo
3125 840 3351 894 Lucifer
3379 850 3435 895 et
3466 850 3617 895 astra

2031 938 2216 985 creata
2248 938 2397 994 sunt,
2433 930 2708 985 formatus
2748 940 2854 987 est.
2890 931 3101 986 Forsan
3132 931 3198 986 de
3235 931 3398 986 Uncto
3427 942 3615 986 vestro

2031 1022 2323 1092 loquitur?
2348 1022 2455 1076 Sed
2486 1023 2662 1084 illum,
2693 1023 2760 1077 de
2788 1039 2899 1093 quo
2919 1039 3103 1078 sermo
3121 1030 3231 1086 est,
3258 1023 3460 1077 Filium
3485 1039 3609 1079 esse

2030 1111 2257 1168 Davidis
2278 1127 2387 1167 non
2419 1113 2649 1179 dicitur;
2674 1124 2933 1169 caeterum
2958 1115 3127 1169 David
3154 1116 3321 1186 longo
3344 1125 3612 1186 tempore,

2032 1215 2155 1274 post
2181 1205 2454 1259 Adamum
2497 1216 2556 1260 et
2594 1216 2741 1262 astra
2793 1217 2960 1262 natus
3012 1216 3097 1262 est
3124 1227 3136 1262 :
3163 1209 3407 1264 Adamus
3438 1209 3609 1272 enim,

2033 1305 2093 1350 ut
2122 1295 2333 1351 dictum
2366 1304 2475 1361 est,
2500 1307 2652 1351 sexta
2701 1298 3001 1353 ereationis
3049 1298 3141 1353 die
3188 1300 3459 1355 formatus
3503 1309 3610 1362 est,

2033 1396 2179 1442 astra
2198 1399 2396 1458 quarta
2430 1388 2521 1444 die
2557 1390 2696 1444 facta
2725 1399 2885 1457 sunt;
2915 1393 3061 1446 Deus
3087 1400 3270 1447 autem
3294 1394 3362 1447 de
3388 1394 3613 1463 proprio

2032 1480 2174 1534 Filio
2226 1481 2361 1536 dicit
2413 1500 2426 1533 :
2474 1501 2492 1532 ι
2531 1482 2672 1536 Ante
2726 1482 3044 1537 Luciferum
3082 1485 3247 1554 genui
3302 1493 3392 1548 te;
3448 1494 3504 1539 tu
3552 1500 3614 1539 es

2032 1568 2295 1627 sacerdos
2335 1573 2390 1626 in
2423 1581 2691 1628 aeternum
2747 1576 3055 1630 secundum
3089 1576 3339 1630 ordinem
3383 1576 3612 1630 Melchi-

2032 1663 2218 1730 sedec,
2262 1684 2281 1715 ι
2336 1665 2389 1718 id
2446 1675 2554 1729 est,
2597 1666 2857 1721 sacerdos
2909 1668 3156 1737 gentium
3193 1685 3206 1720 :
3244 1668 3615 1722 Melchisedee

2031 1757 2178 1811 enim
2214 1756 2404 1811 vinum
2435 1767 2489 1812 et
2518 1773 2716 1827 panem
2769 1760 2880 1813 Deo
2904 1759 3133 1825 obtulit,
3171 1760 3316 1814 sicut
3359 1770 3414 1814 et
3447 1760 3611 1815 Chri-

2030 1857 2172 1913 stus,
2202 1847 2447 1918 pontifex
2477 1860 2696 1913 noster,
2744 1851 2904 1905 nobis
2962 1851 3283 1905 mandatum
3332 1851 3505 1917 dedit,
3555 1863 3615 1906 ut

2031 1940 2134 2010 ipsi
2179 1941 2470 1996 incruenta
2512 1943 2787 1997 sacriﬁcia
2824 1944 3147 2009 oﬂ‘eramus,
3181 1946 3488 1999 secundum
3518 1962 3614 1999 or-

2029 2034 2214 2088 dinem
2250 2034 2641 2090 Melchisedec.
2687 2036 2826 2090 Audi
2860 2046 2918 2091 et
2950 2036 3301 2092 Salomonem
3334 2038 3402 2091 de
3441 2054 3612 2107 gene-

2029 2127 2245 2181 ratione
2273 2127 2544 2196 unigeniti
2572 2127 2693 2182 Filii
2734 2128 2830 2182 Dei
2871 2136 2998 2183 ante
3035 2130 3234 2183 srecula
3275 2129 3553 2183 dicentem
3595 2146 3609 2183 :

2034 2235 2052 2266 ι
2081 2216 2394 2291 Antequam
2417 2218 2615 2273 tierent
2641 2228 2876 2283 montes,
2896 2227 3189 2288 antequam
3216 2219 3397 2273 fontes
3419 2219 3607 2288 prodi-

2028 2318 2172 2374 rent,
2195 2318 2252 2364 et
2281 2318 2409 2365 ante
2431 2326 2626 2365 omnes
2654 2311 2824 2365 colles
2845 2311 3040 2381 genuit
3071 2326 3181 2366 me.
3210 2330 3228 2361 i
3257 2311 3444 2365 [ndica
3470 2327 3606 2381 ergo

2028 2402 2165 2456 mihi
2189 2418 2353 2472 quem
2384 2411 2511 2458 ante
2536 2418 2763 2457 omnem
2807 2410 3122 2457 creaturam
3154 2403 3410 2473 genuerit
3439 2404 3609 2458 Deus.

2027 2493 2162 2547 Item
2183 2492 2379 2556 David,
2412 2492 2468 2546 in
2488 2493 2635 2547 libro
2662 2493 3028 2558 Psalmorum,
3053 2492 3264 2561 psalmo
3307 2508 3470 2557 xcvn,
3506 2494 3613 2545 imo

2028 2602 2173 2651 Lxxt,
2224 2585 2427 2641 iterum
2473 2584 2649 2640 dicit:
2706 2603 2724 2635 ι
2764 2584 2934 2646 Deus,
2973 2584 3247 2654 judicium
3291 2591 3445 2638 tuum
3496 2584 3613 2655 regi

2027 2675 2118 2742 da,
2145 2685 2202 2730 et
2225 2675 2496 2745 justitiam
2544 2683 2695 2728 tuam
2748 2674 2861 2728 tilio
2907 2674 3050 2744 regis
3073 2673 3117 2705 ³⁸
3149 2690 3164 2739 ;
3199 2693 3216 2724 ι
3272 2689 3451 2743 neque
3497 2675 3615 2728 haec

2027 2769 2179 2824 dicas
2237 2768 2306 2822 de
2344 2767 2638 2822 Salomone
2695 2766 2842 2821 dicta
2897 2780 3042 2831 esse,
3099 2764 3373 2835 siquidem
3425 2766 3614 2820 subdit

2025 2860 2195 2930 paulo
2214 2868 2340 2930 post
2368 2875 2385 2910 :
2415 2858 2853 2915 «Dominabitur
2886 2873 2917 2913 a
2946 2858 3086 2912 mari
3122 2873 3299 2927 usque
3329 2858 3396 2912 ad
3425 2873 3600 2920 mare,

2027 2961 2082 3006 et
2108 2963 2396 3022 permanet
2419 2959 2548 3006 ante
2585 2951 2759 3006 solem
2785 2966 2987 3006 nomen
3018 2951 3159 3021 ejus,
3183 2959 3241 3006 et
3264 2960 3393 3005 ante
3421 2951 3611 3005 lunam

2029 3042 2084 3097 in
2135 3036 2524 3114 generationes
2564 3042 2988 3113 generationum
3017 3044 3084 3096 ³⁵.
3130 3043 3272 3097 Ecce
3320 3043 3610 3111 perspicue

2027 3133 2404 3189 demonstravi
2432 3134 2554 3197 tibi,
2593 3149 2661 3188 ex
2699 3132 2927 3188 Davidis
2970 3132 3390 3203 Salomonisque
3452 3133 3611 3187 testi-

2027 3227 2233 3291 monio,
2265 3225 2463 3280 Filium
2495 3224 2595 3280 Dei
2627 3231 2755 3279 ante
2781 3238 3004 3278 omnem
3044 3234 3358 3278 creaturam
3391 3239 3421 3277 a
3446 3222 3611 3276 Patre

2026 3318 2195 3374 fuisse
2221 3327 2567 3390 generatum,
2601 3332 2668 3373 eo
2697 3317 2863 3372 modo
2902 3332 3068 3388 quem
3101 3317 3218 3387 ipse
3253 3317 3405 3371 solus
3432 3315 3609 3370 novit.

2097 3501 2311 3555 Rursus
2334 3500 2497 3554 aliam
2534 3498 2901 3569 quaestionem
2925 3497 3126 3552 solvite
3152 3495 3312 3559 mihi,
3341 3502 3397 3548 et
3424 3494 3611 3548 statim

2026 3592 2233 3647 veritas
2267 3591 2553 3660 apparebit
2586 3608 2599 3642 :
2637 3590 2865 3645 Unctum
2892 3589 3075 3649 illum.
3117 3604 3145 3642 a
3212 3586 3373 3649 vobis
3419 3601 3616 3657 exspe-

2026 3694 2258 3749 ctatum,
2295 3698 2461 3753 quem
2509 3681 2696 3736 dicitis
2724 3681 2885 3736 esse?
2913 3682 3180 3742 Deumue,
3217 3694 3284 3732 an
3329 3677 3610 3731 heminem

2029 3783 2261 3840 tantum,
2307 3775 2454 3828 sicut
2490 3773 2598 3827 fuit
2635 3773 2751 3841 ipse
2788 3770 2983 3834 David,
3042 3768 3307 3824 ctcaeteri
3356 3766 3612 3821 homines

2026 3866 2337 3923 exsistunt?
2372 3864 2757 3934 Respondebit
2807 3878 2941 3918 sane
2986 3861 3209 3917 Judtcus
3254 3878 3266 3912 :
3318 3859 3608 3913 Hominem

2026 3972 2149 4012 esse
2191 3956 2346 4011 illum
2382 3954 2646 4016 dicimus,
2684 3970 2795 4009 non
2819 3955 3017 4019 Deum,
3049 3953 3144 4007 sed
3175 3952 3331 4021 quasi
3359 3967 3528 4005 unum
3578 3967 3610 4005 e

2026 4063 2261 4113 numero
2278 4047 2673 4117 prophetarum
2700 4063 2714 4098 :
2744 4060 2854 4099 non
2877 4053 2963 4099 est
2978 4044 3127 4098 enim
3153 4043 3259 4097 nisi
3280 4059 3423 4097 unus
3441 4043 3607 4105 Deus,

2026 4150 2083 4194 et
2109 4139 2336 4195 minime
2364 4139 2496 4203 duo,
2513 4139 2659 4194 sicut
2681 4154 2779 4193 vos
2801 4137 3105 4193 Christiani
3128 4135 3336 4197 dicitis.
3360 4133 3429 4189 At
3456 4149 3609 4195 vero,

2026 4220 2289 4302 quoniam
2325 4246 2526 4301 purum
2561 4231 2843 4287 hominem
2869 4245 2991 4285 esse
3026 4228 3233 4293 dicitis,
3278 4227 3375 4296 qui
3406 4235 3610 4280 ventu-

2028 4339 2123 4379 rus
2151 4331 2258 4388 est,
2283 4322 2570 4379 Christum
2604 4334 2876 4386 vestrum,
2913 4320 3264 4375 conferamus
3288 4319 3342 4372 in
3367 4318 3610 4371 medium

337 4413 430 4465 τὸν
460 4410 751 4481 ἐρχόμενον
789 4408 1057 4480 δηλονότι,
1085 4408 1180 4461 καὶ
1209 4409 1236 4461 6
1263 4406 1435 4460 ἐλθὼν
1468 4407 1564 4460 καὶ
1600 4405 1731 4476 παρ’
1763 4404 1919 4476 ἡμῶν

2029 4413 2177 4469 dicta
2216 4392 2639 4484 prophetarum,
2679 4422 2737 4469 et
2785 4413 3058 4483 siquidem
3090 4413 3265 4467 Deum
3300 4426 3421 4464 esse
3470 4425 3611 4478 prm-

338 4503 446 4557 τῶν
476 4503 817 4571 Χριστιανῶν
857 4488 1340 4573 προσκυνούμενος
1366 4499 1460 4553 καὶ
1487 4498 1880 4567 πιστευόμενος
1899 4540 1913 4563 ,

338 4593 502 4658 αὑτός
532 4594 679 4646 ἐστιν
708 4592 922 4662 ἀληθῶς
959 4591 1130 4655 ὑντως
1165 4593 1192 4644 ό
1225 4591 1431 4663 ἀληθὴς
1480 4590 1746 4660 Χριστός’
1783 4590 1841 4642 ὃν
1862 4590 1919 4643 δὲ

339 4685 627 4756 ἐκδέχεσθε
649 4685 806 4755 ὑμεῖς
827 4685 876 4738 οἱ
922 4683 1189 4749 Ἰουδαῖοι,
1226 4683 1428 4747 πλάνος
1466 4684 1586 4736 ἐστι
1616 4684 1710 4736 καὶ
1751 4681 1921 4735 Ἀντί-

340 4794 580 4848 χριστος.
616 4777 761 4830 Εἱδέ
804 4775 965 4830 πάλιν
1015 4776 1091 4847 μὴ
1137 4778 1583 4847 παραστήσωμεν
1620 4778 1746 4840 τοὺς
1782 4793 1919 4846 προ-

341 4873 516 4941 φήτας
539 4870 799 4938 λέγοντας
829 4869 992 4923 αὑτὸν
1037 4869 1191 4934 Θεὸν,
1245 4868 1488 4940 δηλονότι
1512 4873 1674 4940 ἡμεῖς
1703 4870 1921 4923 πλανώ-

343 4963 505 5035 μεθα,
542 4963 790 5017 Ἰουδαῖοι
826 4961 883 5016 δὲ
907 4962 1284 5034 ἀληθεύουσιν.
1322 4961 1527 5017 Εἴπατε
1568 4962 1697 5033 περὶ
1722 4962 1866 5025 τίνος
1891 4961 1921 5015 6

342 5055 629 5125 προφήτης
687 5055 867 5124 λέγει·
916 5073 934 5107 ι
995 5054 1373 5126 Εὐλογημένος
1430 5054 1460 5106 6
1516 5053 1809 5124 ἐρχόμενος
1862 5055 1920 5106 ἐν

341 5147 567 5218 ὀνόματι
588 5147 817 5219 Κυρίου,
853 5147 986 5211 Θεὸς
1017 5147 1345 5218 Κύριο;,κα“ι
1387 5146 1663 5215 ἐπέφανεν
1694 5147 1848 5216 ἡμῖν.
1892 5164 1911 5198 ι

340 5239 646 5310 Προσέχετε
684 5240 821 5310 μετὰ
842 5239 1156 5311 ἀκριϐείας·
1190 5239 1408 5303 πάντως
1434 5239 1566 5293 Θεὸν
1599 5240 1692 5293 καὶ
1714 5240 1919 5309 Κύριον

341 5330 492 5399 λέγει
513 5331 704 5407 εἰπών·
745 5351 764 5384 ι
791 5331 924 5396 Θεὸς
946 5332 1042 5386 καὶ
1068 5331 1680 5402 Κύριος,καίέπέφανεν
1716 5334 1865 5403 ἡμῖν.
1895 5354 1914 5387 ›
1966 5358 1978 5369 ·

343 5423 470 5479 Εῐτε
499 5423 593 5479 οὑν
652 5424 925 5494 ἐπέφάνεν
978 5425 1131 5495 ἡμῖν,
1159 5423 1271 5476 ίῐτε
1332 5423 1666 5495 ἐπιφανῆναι
1711 5424 1920 5494 μέλλει,

340 5516 447 5571 οὐκ
468 5516 616 5572 ἐστιν
643 5518 672 5570 6
702 5516 936 5587 Χριστὸς
964 5515 1116 5585 ὑμῶν
1170 5514 1277 5569 τῶν
1315 5515 1606 5583 Ἰουδαίων,
1640 5517 1756 5571 ἀλλ’
1783 5517 1918 5589 ἡμέ-

2022 4507 2284 4563 dicarunt
2304 4523 2432 4561 eum
2462 4507 2559 4577 qui
2586 4515 2859 4562 venturus
2881 4517 3023 4570 erat,
3050 4503 3298 4575 profecto
3318 4498 3414 4571 qui
3436 4500 3611 4565 venit,

2020 4609 2077 4656 et
2111 4601 2334 4657 anobis
2383 4600 2724 4657 Christianis
2767 4600 2990 4661 colitur,
3039 4597 3245 4666 cuique
3305 4593 3608 4657 credimus,

2020 4695 2068 4749 is
2104 4709 2268 4749 verus
2293 4693 2549 4749 Christus
2580 4700 2691 4758 est;
2729 4707 2894 4762 quem
2945 4706 3079 4745 vero
3111 4704 3229 4752 vos,
3281 4687 3456 4745 Judaei
3515 4703 3612 4739 ex-

2024 4786 2289 4856 Spectatis
2311 4786 2581 4855 impostor
2610 4794 2699 4839 est
2719 4793 2775 4839 et
2802 4782 3197 4847 antichristus;
3220 4782 3263 4835 si
3292 4791 3475 4834 autem
3503 4794 3613 4831 non

2024 4876 2457 4955 produxerimus
2496 4875 2801 4945 prophetas
2831 4875 3006 4928 Deum
3058 4885 3181 4926 esse
3222 4870 3380 4955 illum
3430 4871 3614 4925 decla—

2026 4949 2235 5034 rantes,
2262 4970 2362 5039 ipsi
2419 4984 2693 5033 erramus,
2723 4967 2901 5023 Judaai
2935 4983 3069 5021 vero
3117 4982 3249 5020 vera
3282 4949 3607 5033 loquuntur.

2026 5059 2272 5116 ludicate
2311 5060 2479 5131 igitur
2509 5060 2668 5124 mihi,
2717 5059 2786 5114 de
2832 5075 2945 5129 quo
3005 5057 3288 5127 Propheta
3338 5052 3540 5108 dixerit
3593 5069 3608 5104 :
3650 5110 3651 5115 η

2031 5168 2049 5200 ι
2083 5150 2421 5207 Benedictus
2441 5153 2537 5221 qui
2588 5150 2744 5206 venit
2794 5149 2852 5205 in
2900 5149 3129 5204 nomine
3183 5144 3434 5207 Domini;
3468 5142 3653 5203 Deusi

2024 5244 2312 5311 Dominus,
2330 5253 2387 5300 et
2405 5243 2586 5299 illuxit
2614 5242 2777 5298 nobis
2803 5245 2870 5296 ³⁸.
2910 5260 2928 5292 ›
2962 5237 3245 5294 Attendite
3264 5235 3562 5303 diligenter
3585 5246 3604 5298 ;

2030 5346 2217 5405 aperte
2262 5337 2438 5391 Deum
2460 5335 2617 5390 illum
2642 5343 2698 5390 et
2726 5332 3023 5389 Dominum
3072 5328 3340 5386 declarat,
3369 5323 3566 5377 dicens
3593 5337 3608 5374 :

2036 5448 2054 5479 ί
2077 5430 2224 5484 Deus
2243 5438 2301 5485 et
2322 5428 2607 5492 Dominus,
2628 5436 2684 5482 et
2705 5424 2884 5480 illuxit
2901 5423 3086 5477 nobis.
3108 5439 3126 5470 ›
3163 5419 3290 5474 Sive
3327 5429 3460 5485 ergo
3484 5412 3613 5467 illu-

2027 5519 2189 5584 xerit,
2206 5519 2257 5573 id
2270 5526 2374 5584 cst,
2389 5513 3023 5588 apparueritnobis,sive
3036 5508 3391 5580 appariturus
3402 5504 3613 5573 sit,non

419 5669 466 5704 ³³
496 5670 639 5725 Psal.
675 5686 783 5735 cut,
808 5671 861 5723 3.
940 5670 984 5702 ³’δ
1021 5669 1160 5725 Psal.
1194 5685 1337 5738 LXXI,
1372 5673 1419 5725 t.
1500 5672 1543 5703 ³⁸
1579 5673 1716 5727 ibid.
1751 5675 1802 5736 8,
1854 5676 1906 5726 9.
1987 5675 2029 5705 "‘
2061 5673 2201 5728 Psal.
2236 5688 2400 5737 cxvu,
2428 5670 2520 5726 26.
2563 5670 2654 5723 27.
