3988 6142
377 285 516 355 “1:221

1396 278 1859 345 DISPUTATIO
1898 276 2303 339 ADVERSUS
2340 279 2669 341 JUD/EOS.

3526 284 3664 351 1222

392 398 739 454 Ἐλεύσονται
773 398 822 450 οξ
870 395 1132 469 Ῥωμαῖοι
1166 394 1262 449 καὶ
1303 394 1527 465 ἀροῦσιν
1560 393 1715 464 ὑμῶν
1740 392 1802 444 τὸ
1824 389 1976 452 ἔθνος

2081 391 2282 446 iterum
2330 408 2343 444 :
2389 412 2406 443 ι
2445 392 2680 449 Venicnt
2712 393 2981 457 Romani,
3008 398 3068 447 et
3095 376 3303 448 tollent»
3323 405 3539 465 gentem
3574 415 3666 453 vc-

380 493 476 555 καὶ
510 491 610 560 τὴν
644 490 801 542 πόλιν
835 488 933 542 καὶ
974 489 1037 541 τὸ
1068 487 1376 557 βασίλειονῆ
1417 483 1527 558 ἆρα
1563 486 1757 555 γέγονε
1812 481 1970 536 τοῦτο

382 581 490 634 ὑπὸ
529 579 944 633 Οὐεσπασιανοῦ
988 581 1083 632 καὶ
1108 578 1292 642 Τίτου,
1328 577 1361 645 ἢ
1388 579 1450 631 οὑ
1481 577 1744 646 γέγονεν;
1781 572 1969 638 Εἶπεν,

379 675 462 728 ὅτι
493 692 513 726 ι
549 674 610 727 '0
653 674 817 744 νόμος
862 673 958 726 καὶ
995 674 1042 724 οἱ
1097 670 1379 741 προφῆται
1422 669 1526 732 ἕως
1577 669 1828 722 Ἰωάννου
1874 666 1971 719 τοῦ

379 766 713 830 Βλπτιστοῦ,
744 766 840 818 καὶ
884 765 1226 823 παύσονταιτ
1261 782 1279 815 ι
1319 758 1431 833 ἆρα
1465 761 1526 814 ού
1559 761 1751 829 γέγονε
1775 761 1970 826 τοῦτο;

381 858 486 922 Τίς
524 859 818 929 προφήτης
839 858 970 928 παρ’
1009 858 1137 926 ὑμῖν
1177 855 1317 927 μετὰ
1365 854 1615 924 Ἰωάννην
1646 854 1736 906 τὸν
1765 854 1971 905 Βαπτι-

382 953 551 1021 Grip);
589 949 887 1015 Ἑπίδειξόν
930 966 1020 1019 μοι
1043 949 1231 1001 λοιπον
1267 949 1362 1016 ἀφ’
1397 942 1458 1002 οὗ
1486 947 1847 1016 ἐσταύρωσας
1878 945 1971 997 ⁸ιὸν

384 1042 650 1113 Χριστὸν,
702 1044 853 1104 ποῖος
886 1043 1178 1112 προφήτης
1219 1039 1351 1121 παρ’
1388 1041 1516 1110 ὑμῖν
1550 1037 1787 1110 εὑρέθης
1821 1039 1973 1090 ποῖον

384 1133 658 1206 βασίλειον
679 1134 833 1203 ἔχετε
869 1131 1144 1204 σήμερον;
1179 1134 1290 1186 Ποῦ
1324 1134 1462 1186 εἰσιν
1492 1133 1541 1185 οἱ
1572 1131 1760 1202 κριταὶ
1792 1130 1970 1200 ύμῶν;

384 1229 487 1282 ποῦ
546 1230 597 1280 oi
651 1228 960 1298 ἄρχοντες;
1017 1228 1219 1290 πάντες
1273 1227 1541 1291 ἐξέλιπον.
1600 1223 1712 1277 Ποῦ
1764 1224 1794 1277 δ
1844 1224 1972 1286 ναὸς

386 1319 575 1389 uad»);
611 1318 720 1371 ἰδοὺ
770 1320 949 1369 κεῖται
994 1316 1221 1388 ἔρημος.
1265 1317 1371 1370 Ποῦ
1413 1317 1552 1369 εἰσὶν
1581 1316 1638 1368 αἱ
1662 1314 1875 1377 πλάκες
1904 1313 1971 1377 ἃς

383 1411 641 1475 naeus;
678 1410 786 1462 ἰδοῦ
819 1410 919 1462 οὐκ
954 1408 1082 1464 εἰσί.
1128 1409 1238 1461 Ποῦ
1289 1411 1343 1461 αί
1386 1408 1576 1461 θυσίαι
1622 1406 1813 1476 ὑμῶν;
1862 1405 1971 1459 ἰδοῦ

385 1501 653 1565 ἐξέλιπον.
686 1500 796 1552 Ποῦ
833 1501 865 1569 ἡ
896 1499 1130 1561 κιϐωτὸς
1157 1500 1256 1568 τῆς
1290 1498 1553 1569 διαθήκης
1575 1515 1591 1564 ;
1617 1499 1726 1551 ἰδοὺ
1758 1499 1817 1551 οὐ
1847 1498 1972 1566 φαί-

383 1610 558 1646 νεται.
598 1591 709 1644 Ποῦ
741 1592 803 1644 τὸ
839 1590 1231 1662 θυσιαστήριον
1270 1591 1300 1643 ὃ
1333 1591 1558 1660 ἐποίησε
1588 1589 1795 1658 Μωσῆς
1819 1607 1837 1656 ;
1865 1588 1970 1643 ποῦ

385 1681 418 1749 ἡ
470 1679 665 1752 ῥάϐδος
712 1681 744 1752 ὴ
800 1679 1192 1750 βλαστήσασα;
1245 1680 1347 1733 ποῦ
1394 1683 1427 1751 ἡ
1488 1681 1726 1751 στάμνος
1777 1681 1871 1733 καὶ
1909 1680 1970 1733 τὸ

388 1770 606 1841 μάννα;
639 1770 740 1823 ποῦ
765 1772 1080 1833 ἐπισκίασις
1116 1772 1171 1823 ἐν
1203 1771 1281 1840 τῷ
1309 1771 1423 1843 ναῷ
1448 1771 1542 1825 καὶ
1576 1772 1606 1823 ὁ
1634 1769 1973 1842 καθαρισμδς

359 1864 479 1937 ,τοῦ
513 1866 894 1935 ἁγιάσματο;;
947 1864 1049 1919 ποῦ
1098 1867 1157 1918 τὸ
1206 1865 1318 1937 πῦρ
1353 1865 1416 1919 τὸ
1464 1865 1869 1938 κατερχόμενον
1909 1867 1976 1919 ἐκ

383 1957 482 2011 τοῦ
529 1957 803 2029 οὐρανοῦ;
858 1956 969 2011 Ποῦ
1010 1957 1105 2010 ἕνα
1151 1958 1444 2029 προφήτην
1490 1957 1647 2029 ἔχετε
1695 1959 1971 2030 σήμερον;

387 2049 582 2102 οὐδένα
616 2047 833 2117 ἀληθῶς
874 2048 1050 2119 ἔχετε,
1096 2049 1235 2102 κατὰ
1289 2049 1388 2119 τὴν
1422 2049 1607 2120 φωνὴν
1656 2047 1971 2118 τῶνιτριῶν

387 2137 593 2191 παίδων
616 2136 715 2209 τὴν
751 2138 890 2207 ὑπὲρ
921 2137 1075 2207 ὑμῶν
1104 2138 1392 2203 λέγουσαν,
1426 2140 1511 2191 ὃτι
1549 2157 1568 2190 ι
1602 2143 1717 2191 Οὐκ
1742 2138 1888 2192 ἔστιν
1917 2141 1976 2192 ἐν

384 2230 464 2301 τῷ
494 2229 672 2300 καιρῷ
701 2231 876 2301 τούτῳ
910 2224 1095 2301 ἄρχων
1131 2233 1417 2302 προφήτης
1457 2232 1553 2284 καὶ
1585 2230 1918 2302 ἡγούμενος,
1947 2250 1966 2282 ι

386 2320 485 2372 καὶ
512 2320 580 2372 τὰ
607 2319 756 2389 ἑξῆς,
784 2339 802 2370 ι
833 2319 1065 2373 ἐνώπιον
1097 2319 1191 2375 τοῦ
1233 2320 1394 2384 Θεοῦ,
1423 2322 1519 2374 καὶ
1543 2320 1722 2391 εὑρεῖν
1750 2320 1921 2384 ἕλεος.
1950 2339 1968 2372 ι

385 2411 547 2464 Ποῖον
582 2410 693 2481 γὰρ
724 2410 1004 2477 16nov,é€
1050 2403 1125 2464 ὧν
1172 2411 1377 2465 ἔδωκεν
1406 2411 1535 2481 ὑμῖν
1564 2413 1592 2464 ὁ
1622 2412 1775 2476 Θεδς,
1820 2412 1972 2480 ἔχετε

389 2507 668 2577 σήμερον;
711 2506 874 2559 Ἀλλὰ
919 2506 1128 2570 πάντας
1183 2506 1261 2572 ἐξ,
1290 2506 1446 2576 ὑμῶν
1494 2506 1692 2576 ἐπῆρε,
1718 2508 1814 2559 καὶ
1845 2509 1975 2577 ἡμῖν

386 2599 590 2662 αὐτοὺς
620 2598 826 2652 ἔδωκε’
864 2598 971 2652 κᾶν
1021 2597 1083 2651 τὸ
1128 2592 1261 2651 Σινᾶ
1297 2597 1459 2671 εἴπῃς
1511 2598 1646 2651 ὅπου
1675 2597 1773 2650 τὸν
1812 2599 1976 2667 νόμον

389 2690 557 2755 ἐδέξω
588 2690 685 2743 καὶ
718 2692 780 2743 ού
829 2690 1124 2757 κατεδέξω,
1160 2689 1273 2742 ἀλλ’
1296 2691 1324 2742 ὁ
1351 2690 1588 2760 Χριστὸς
1617 2691 1736 2742 ἐκεῖ
1756 2689 1976 2756 δοξάζε-

390 2798 483 2836 ται
524 2783 800 2853 σήμερονο
851 2782 956 2836 κᾶν
995 2782 1086 2835 τὸν
1126 2780 1399 2850 Ἰορδάνην
1450 2781 1585 2835 ὅπου
1631 2782 1904 2851 ἐπέρασεν
1949 2783 1977 2833 ὁ

390 2872 514 2926 τότε
567 2873 695 2937 λαὸς
752 2871 908 2942 ὑμῶν
960 2874 1139 2946 εἴπῃς,
1170 2871 1307 2925 ἀλλὰ
1342 2870 1582 2942 Χριστοῦ
1613 2872 1734 2923 ἐκεῖ
1781 2870 1977 2940 βαπτι-

393 2948 654 3029 σθέντος,
689 2963 851 3027 αὐτὸς
897 2963 1026 3032 παρ’
1066 2962 1222 3033 ἡμῶν
1253 2963 1370 3015 ἐκεῖ
1396 2960 1708 3025 δοξάζεται·
1745 2962 1848 3013 κᾶν
1881 2959 1977 3030 τὴν

2078 496 2273 544 stram.
2307 493 2365 539 et
2397 486 2712 550 civitatem,
2760 495 2817 541 et
2861 500 3088 555 regnum
3114 487 3159 518 “
3185 504 3198 540 :
3228 507 3247 538 ι
3296 488 3497 541 factum
3528 491 3663 545 illud

2075 584 2159 628 est
2192 590 2291 644 per
2324 575 2722 644 Vespasianum
2752 586 2809 629 et
2836 576 3044 640 Titum,
3072 578 3156 630 vel
3185 592 3295 631 non
3321 578 3526 633 factum
3547 583 3667 636 est?

2074 667 2224 720 Dixit
2253 683 2266 719 :
2301 666 2440 720 «Lex
2460 675 2515 719 et
2542 667 2824 736 prophetae
2848 684 3021 737 usque
3070 669 3137 722 ad
3181 669 3447 724 Joannem
3484 671 3640 741 Bapti

2083 766 2246 821 stam,
2278 768 2331 811 el
2366 760 2667 814 cessabunt
2695 760 2741 791 ⁸⁰
2773 779 2785 813 :
2819 776 2837 810 ι
2880 776 3065 814 nonne
3093 770 3148 815 et
3183 762 3316 815 illud
3345 774 3430 819 est
3462 765 3666 831 imple-

2078 851 2238 903 tum?
2290 851 2492 919 Ecquis
2547 852 2694 905 inter
2751 867 2851 905 vos
2890 851 3165 921 propheta
3222 861 3349 920 post
3392 853 3663 908 Joannem

2076 942 2414 1011 Baptistam?
2460 944 2572 998 imo
2616 943 2803 998 indica
2849 943 2984 997 mihi
3036 945 3163 1012 quis
3205 946 3474 1015 propheta
3517 946 3665 1016 apud

2074 1052 2173 1090 vos
2191 1036 2450 1091 inventus
2467 1039 2559 1101 sit,
2592 1052 2659 1090 ex
2680 1053 2790 1107 quo
2816 1036 3137 1092 cruciﬁxisti
3158 1036 3474 1104 Christum;
3501 1040 3664 1109 quale

2075 1124 2294 1180 habetis
2348 1126 2511 1180 hodie
2558 1127 2832 1198 regnum?
2878 1128 2971 1182 ubi
3007 1136 3134 1182 sunt
3180 1128 3401 1199 judices
3448 1130 3664 1184 vestri?

2076 1216 2172 1270 ubi
2228 1217 2552 1286 principes?
2590 1217 2804 1272 Omnes
2848 1218 3193 1272 defecerunt.
3249 1220 3350 1274 Ubi
3398 1222 3664 1290 templum

2076 1310 2366 1363 vestrum?
2395 1324 2526 1363 ecce
2567 1309 2876 1364 desolatum
2919 1311 3087 1380 jacet.
3126 1311 3229 1365 Ubi
3287 1321 3418 1366 sunt
3463 1313 3664 1368 tabula

2074 1418 2213 1472 quas
2242 1403 2574 1473 accepistis?
2617 1419 2747 1459 ecce
2782 1420 2893 1458 non
2927 1405 3227 1459 exsistunt.
3259 1399 3362 1461 Ubi
3392 1406 3664 1460 sacriﬁcia

2072 1496 2303 1550 vestra?
2364 1511 2494 1551 ecce
2551 1496 2896 1551 defecerunt.
2962 1497 3068 1553 Ubi
3129 1513 3256 1552 arca
3310 1498 3666 1552 testamenti?

2073 1602 2206 1645 ecce
2265 1603 2375 1642 non
2431 1597 2736 1656 comparet.
2796 1588 2903 1644 Ubi
2942 1584 3044 1644 est'
3085 1590 3260 1642 altare
3321 1591 3471 1658 quod
3528 1590 3664 1644 fecit

2074 1678 2334 1752 Moyses?
2370 1679 2468 1733 ubi
2517 1674 2671 1749 virga
2718 1694 2840 1750 quae
2887 1681 3261 1750 germinavit?
3292 1682 3384 1735 ubi
3436 1698 3577 1736 urna
3606 1690 3665 1737 et

2077 1769 2320 1824 manna?
2350 1770 2444 1823 ubi
2491 1770 2582 1824 illa
2621 1772 2677 1824 in
2717 1772 2923 1841 temple
2956 1774 3270 1847 ἐπισκίασις
3318 1783 3373 1827 et
3409 1775 3663 1829 lustratio

2077 1862 2577 1918 sanctiﬁcationis?
2630 1863 2723 1917 ubi
2778 1864 2921 1933 ignis
2978 1864 3045 1919 de
3094 1867 3234 1920 coelo
3282 1862 3663 1921 descendens?

2078 1951 2182 2008 Ubi
2207 1955 2292 2008 vel
2336 1971 2504 2009 unum
2529 1957 2854 2025 prophetam
2881 1957 3046 2011 hodie
3068 1957 3328 2012 habetis?
3348 1957 3509 2012 Certe
3537 1959 3665 2012 nul-

2076 2048 2189 2102 lum
2208 2047 2448 2111 habetis,
2472 2049 2628 2119 juxta
2655 2055 2966 2103 sermonem
2992 2050 3163 2103 trium
3192 2066 3517 2119 puerorum,
3543 2051 3660 2120 qui,

2076 2154 2370 2208 personam
2415 2150 2655 2196 vestram
2707 2153 3086 2206 assumentes,
3123 2143 3385 2197 dicebant
3428 2161 3444 2197 :
3494 2162 3513 2193 ι
3544 2144 3662 2198 Non

2075 2242 2161 2287 est
2190 2234 2244 2287 in
2271 2244 2516 2302 tempore
2541 2235 2647 2289 hoc
2676 2235 2958 2305 princeps,
2986 2245 3037 2289 et
3073 2236 3365 2305 pmpheta,
3398 2246 3453 2289 et
3483 2236 3616 2305 dux,
3637 2255 3655 2287 ι

2075 2331 2132 2377 et
2154 2340 2276 2393 qua:
2318 2334 2650 2393 sequuntur,
2686 2343 2705 2374 ι
2734 2325 3239 2386 coram-Domino,
3282 2335 3344 2379 ut
3387 2327 3666 2396 possimus

2077 2413 2332 2467 invenire
2369 2413 2813 2468 misericordiam
2849 2415 2918 2465 ⁵³.
2946 2432 2971 2464 -ι
3008 2414 3187 2479 Quem
3229 2415 3378 2467 enim
3414 2416 3665 2469 locorum

2077 2521 2217 2575 quos
2245 2506 2401 2560 dedit
2426 2506 2589 2561 vobis
2616 2506 2788 2569 Deus,
2808 2507 2979 2560 hodie
3004 2506 3264 2560 habetis?
3281 2506 3485 2562 Omnes
3507 2508 3666 2562 vobis

2077 2596 2327 2660 abstulit,
2360 2606 2417 2651 et
2439 2596 2604 2652 nobis
2630 2597 2765 2667 ipsis
2790 2597 2965 2652 dedit.
2990 2597 3046 2653 Si
3071 2598 3218 2651 enim
3247 2609 3488 2653 montem
3511 2598 3661 2653 Sinai

2085 2688 2239 2742 dicas
2275 2688 2365 2743 ubi
2408 2689 2587 2758 legem
2617 2689 2902 2759 accepisti,
2943 2705 3053 2743 non
3099 2700 3284 2744 autem
3320 2691 3611 2761 suscepisti
3647 2706 3664 2743 :

2079 2788 2135 2834 at
2159 2780 2233 2834 ibi
2263 2779 2515 2835 Christus
2533 2779 2699 2834 hodie
2725 2779 3099 2850 gloriﬁcatur;
3126 2783 3168 2835 si
3197 2781 3456 2837 Iordanis
3486 2781 3670 2851 regio-

2079 2886 2230 2935 nem,
2260 2871 2352 2925 ubi
2384 2872 2641 2926 transivit
2677 2873 2807 2925 olim
2838 2875 3077 2942 populus
3110 2885 3332 2929 vester:
3363 2885 3418 2929 at
3440 2876 3666 2932 Christo

2082 2964 2155 3020 ibi
2190 2965 2488 3033 baptizato,
2516 2965 2632 3034 ipse
2659 2980 2687 3018 a
2717 2964 2880 3019 nobis
2914 2966 3118 3021 ibidem
3155 2969 3389 3033 colitur;
3431 2969 3474 3022 si
3506 2969 3667 3023 Jeru—

402 3053 764 3127 Ίερουσαλὴμ
788 3054 883 3108 καὶ
925 3053 1021 3125 τὴν
1046 3052 1187 3107 Σιὼν
1213 3052 1396 3125 εἴπῃς,
1430 3053 1566 3107 ἀλλά
1590 3052 1829 3123 Χριστοῦ
1858 3055 1975 3106 ἐκεῖ

2081 3058 2247 3112 salem
2278 3066 2335 3111 et
2380 3056 2563 3111 Sion:
2600 3066 2689 3119 at,
2739 3056 2965 3112 Christo
3017 3059 3092 3112 ibi
3140 3058 3443 3123 crueiﬁxo,
3493 3061 3667 3129 ipsius

395 3147 828 3217 σταυρωθέντος,
876 3144 945 3198 τὰ
993 3144 1163 3198 αὑτοῦ
1213 3145 1522 3217 παθήματα
1559 3147 1678 3198 ἐκεῖ
1732 3161 1974 3215 προσκυ-

392 3236 612 3291 νοῦνται
660 3238 936 3307 σήμερον·
967 3237 1078 3289 είτε
1107 3236 1169 3290 τὸ
1219 3238 1345 3309 ὄρος
1386 3236 1494 3290 τῶν
1532 3237 1763 3291 Ἐλαιῶν
1789 3238 1969 3306 εἴπῃς,

394 3329 535 3384 ἀλλὰ
576 3327 814 3399 Χριστοῦ
842 3327 1057 3381 ἐκεῖθεν
1077 3328 1503 3399 ἀναληφθέντος,
1536 3329 1702 3392 αὐτὸς
1741 3330 1859 3382 ἐκεῖ
1889 3329 1975 3382 δο-

395 3421 619 3493 ξάζεται
638 3439 652 3452 ·
681 3420 785 3475 κᾶν
812 3420 910 3491 τὴν
941 3420 1191 3492 Βηθλεέμ
1221 3422 1376 3475 πόλιν
1419 3421 1585 3474 Δαόὶδ
1628 3420 1810 3493 εἴπῃς,
1838 3420 1974 3473 ἀλλὰ

394 3512 635 3586 Χριστοῦ
684 3512 893 3566 ἐκεῖθεν
937 3513 1314 3582 γεννηθέντος,
1350 3513 1425 3575 ὠς
1465 3515 1522 3566 ἐν
1565 3512 1785 3584 οὐρανῷ
1816 3513 1977 3565 κάκεῖ

395 3603 681 3667 δοξάζεται
708 3601 958 3655 πάντοτε.
990 3602 1101 3654 Καὶ
1131 3602 1184 3654 τί
1205 3601 1351 3669 λέγω
1382 3601 1655 3672 Βηθλεέμ,
1693 3603 1789 3655 καὶ
1811 3600 1973 3661 Σιὼν.

396 3695 498 3749 καὶ
548 3693 855 3764 Ἰορδάνηνς
893 3693 1138 3764 Πάρελθε
1171 3693 1357 3760 Δὺσιν,
1402 3694 1777 3764 ἐπισκόπησον
1826 3694 1978 3747 ’Λνα-

394 3787 580 3860 τολὴν,
618 3788 919 3858 ἐκζήτησον
950 3785 1050 3859 τήν
1089 3786 1179 3840 ὑπ’
1210 3785 1459 3857 οὐρανὸν,
1495 3785 1666 3848 αὑτὰς
1688 3784 1787 3847 τὰς
1809 3785 1954 3854 Βρε-

403 3880 656 3944 ταννικὰς
679 3880 906 3949 νήσους,
948 3876 1092 3932 αὐτὰ
1125 3876 1198 3930 τὰ
1225 3876 1460 3949 ἑσπέρια
1494 3877 1590 3929 καὶ
1630 3877 1840 3946 ἔσχατα
1881 3874 1976 3927 τοῦ

405 3970 641 4040 κόσμου·
683 3968 754 4023 τὰ
806 3968 904 4039 μὲν
948 3966 1223 4022 Ἰουδαίων
1268 3968 1364 4021 καί
1422 3968 1694 4037 Ἑλλήνων
1737 3966 1977 4021 παλαιω-

404 4061 568 4115 θέντα
622 4061 717 4114 καὶ
760 4060 1148 4130 ἀφανισθέντα,
1174 4059 1243 4113 τὰ
1270 4058 1328 4112 δέ
1357 4058 1599 4130 Χριστοῦ
1649 4057 1830 4113 πάντα
1886 4076 1976 4113 πι-

400 4154 704 4223 στευόμενα
733 4153 830 4206 καὶ
852 4152 1139 4224 τιμώμενα
1164 4151 1259 4205 καὶ
1289 4150 1679 4222 βεϐαιούμενα.

468 4245 585 4300 Καὶ
638 4246 715 4317 μὴ
753 4246 938 4318 εῐπῃς,
997 4246 1084 4302 δτι
1118 4247 1361 4318 σήμερον
1388 4284 1393 4289 .
1416 4243 1876 4314 καταπονούμείκι
1927 4242 1979 4296 οι

401 4340 720 4413 Χριστιανοὶ
767 4343 864 4393 καὶ
909 4337 1455 4410 αἰχμαλωτιζόμεοαο
1511 4336 1673 4392 τοῦτο
1708 4338 1820 4410 γάρ
1860 4336 1977 4391 ἐστι

2079 3148 2365 3219 passiones
2415 3148 2620 3203 ibidem
2673 3149 2838 3204 hodie
2905 3150 3247 3216 adorantur;
3315 3151 3377 3205 si.
3419 3161 3666 3207 montem

2076 3239 2357 3294 Olivarum
2405 3256 2419 3292 :
2470 3247 2568 3305 at,
2610 3239 2832 3295 Christo
2870 3241 2999 3295 inde
3040 3241 3095 3295 in
3127 3242 3297 3296 cmlos
3333 3251 3660 3311 assumpto,

2077 3332 2195 3401 ipse
2266 3330 2344 3387 ibi
2409 3330 2794 3402 gloriﬁcatur;
2854 3332 2900 3386 si
2966 3333 3295 3398 Bethleem,
3380 3333 3664 3389 civitatem

2075 3423 2297 3479 David:
2339 3432 2433 3492 at,
2493 3423 2715 3479 Christo
2764 3424 2840 3479 ibi
2895 3426 3181 3481 inrarnato
3210 3466 3225 3490 ,
3270 3425 3376 3491 ibi,
3414 3427 3559 3481 sicut
3608 3425 3665 3481 in

2078 3516 2241 3579 coelo,
2276 3530 2497 3584 semper
2515 3514 2872 3586 gloriﬁcatur.
2912 3516 3018 3571 Sed
3047 3517 3178 3586 quid
3213 3517 3338 3573 dico
3356 3517 3663 3584 Bethleem,

2076 3614 2133 3661 et
2158 3606 2390 3666 Sion,et
2417 3606 2749 3661 Jordanem?
2774 3607 3041 3661 Percurre
3066 3607 3451 3671 Occidentem,
3469 3607 3667 3665 Orien-

2080 3704 2190 3751 tem
2217 3695 2527 3758 considera,
2564 3710 2784 3750 omnem
2808 3712 2934 3765 quae
2986 3696 3092 3751 sub
3116 3696 3259 3751 casio
3284 3706 3374 3752 est
3394 3740 3409 3765 ,
3457 3706 3666 3754 terram

2081 3786 2386 3856 investiga,
2430 3786 2577 3855 ipsas
2626 3786 2972 3842 Britannicas
3011 3788 3252 3854 insulas,
3324 3790 3471 3859 ipsas
3516 3791 3667 3847 occi—

2080 3877 2329 3932 dentales
2372 3887 2430 3933 et
2483 3886 2760 3933 extremas
2819 3880 3010 3934 mundi
3056 3883 3283 3951 plagas:
3321 3897 3667 3954 quacunque

2080 3968 2148 4024 ad
2228 3970 2544 4049 Judseorum
2602 3972 2960 4042 gentiumque
3002 3973 3344 4049 religionem
3392 3981 3665 4044 spectant,

2080 4061 2364 4130 antiquata
2393 4070 2451 4117 et
2472 4048 2712 4128 abolita;
2742 4064 2927 4118 omnia
2962 4048 3097 4119 vero
3118 4063 3331 4120 Christi
3384 4069 3665 4138 mysteria,

2081 4152 2316 4218 credita,
2342 4154 2612 4210 honorata
2635 4163 2691 4210 et
2718 4153 3043 4209 conﬁrmata
3069 4156 3334 4226 reperies.

2151 4238 2266 4299 Nec
2297 4242 2470 4307 dicas,
2504 4259 2608 4299 nos
2654 4243 2821 4299 hodie
2859 4243 3213 4300 Christianos
3241 4245 3406 4316 atlligi
3429 4286 3444 4311 ,
3482 4246 3667 4316 capti-

2083 4347 2301 4401 vosque
2358 4331 2567 4401 teneri;
2618 4333 2829 4389 etenim
2873 4333 3010 4389 illud
3057 4334 3240 4405 ipsum
3291 4346 3377 4391 est
3428 4336 3668 4392 maxime

399 4428 464 4486 τὸ
493 4432 659 4503 μέγα,
697 4431 782 4485 ὅτι
820 4432 915 4485 καὶ
950 4429 1057 4484 ὑπὸ
1096 4429 1369 4484 τοσούτων
1406 4427 1714 4500 διωκομένη
1746 4426 1845 4481 καὶ
1886 4443 1976 4481 πο-

2087 4425 2402 4481 mirandum
2427 4465 2442 4491 ,
2470 4425 2622 4497 quod
2665 4425 2807 4482 ﬁdes
2852 4434 3045 4482 nostra
3070 4468 3086 4491 ,
3138 4442 3170 4482 a
3210 4428 3379 4509 tantis
3415 4428 3669 4486 hostibus

401 4523 714 4595 λεμουμένη
761 4524 794 4595 ή
836 4524 1018 4587 πίστις
1050 4523 1229 4595 ἡμῶν,
1260 4521 1481 4576 ἵσταται
1511 4523 1603 4575 καὶ
1633 4521 1695 4575 οὐ
1724 4519 1981 4585 παύεται,

401 4616 524 4671 οῦδέ
562 4615 624 4669 τὸ
668 4614 936 4685 βασίλειον
979 4616 1140 4686 ἡμῶν
1192 4618 1571 4683 καταργεῖται,
1618 4612 1741 4667 ούδέ
1786 4614 1846 4666 αἱ
1893 4615 1983 4665 ἐκ·

402 4710 624 4781 κλησίαι
659 4708 818 4779 ήμῶν
860 4707 1153 4761 κλείονταιο
1190 4706 1328 4759 ἀλλὰ
1370 4707 1645 4775 ἀναμέσον
1682 4706 1792 4758 τῶν
1818 4704 1985 4757 ἐθνῶν

403 4801 515 4854 τῶν
563 4797 910 4871 κρατούντων
967 4797 1062 4850 καὶ
1111 4797 1419 4850 διωκόντων
1464 4797 1613 4867 ἡμᾶς
1686 4795 1985 4864 ἐκκλησίας

402 4893 625 4964 ἔχομεν,
696 4892 789 4944 καὶ
852 4889 1120 4958 σταυροὺς
1174 4889 1482 4958 πήσσομεν,
1540 4890 1636 4942 καὶ
1683 4887 1985 4957 ἐκκλησίας

406 4980 823 5052 οἰκοδομοῦμεν,
862 4979 1057 5043 θυσίας
1094 4977 1472 5048 ἐπιτελοῦμεν.
1508 4974 1801 5037 Εἷπεν,ὃτι
1843 4978 1990 5045 «Κη-

408 5074 739 5146 ρυχθήσεται
786 5072 845 5127 τὸ
877 5072 1208 5141 Εύαγγέλιον
1238 5072 1295 5123 ἐν
1334 5070 1444 5139 δλῳ
1467 5069 1544 5138 τῷ
1576 5068 1787 5140 κόσμῳ·
1822 5088 1843 5122 ι
1876 5064 1986 5140 ἆρα

408 5167 656 5237 γέγονεν,
692 5164 816 5236 ἣοῦ
867 5183 883 5233 ;
930 5158 1084 5223 Eius,
1114 5161 1284 5216 Πύλαι
1326 5159 1456 5233 ᾅδου
1506 5159 1567 5212 οὐ
1601 5158 1987 5228 κατισχύσουσι

410 5262 511 5329 τῆς
558 5258 730 5312 αὐτοῦ
774 5255 1125 5325 Ἐκκλησίας,
1179 5255 1347 5325 ήγουν
1392 5253 1491 5322 τῆς
1519 5251 1755 5314 πίστεως
1795 5250 1985 5321 ήμῶνο

412 5344 525 5423 ἄρα
548 5350 856 5422 ἐψεύσατο;
886 5350 986 5403 οὐκ
1013 5347 1261 5414 ἐγένοντο
1292 5344 1555 5415 Ἕλληνες
1586 5344 1679 5396 καὶ
1713 5342 1995 5413 αἱρεσιάρ-

412 5460 506 5514 χαι
538 5443 748 5509 πολλοὶ,
783 5442 878 5496 καὶ
907 5439 1159 5511 τύραννοι
1192 5438 1423 5509 ἰσχυροὶ,
1451 5438 1545 5491 καὶ
1585 5436 1804 5499 ὰσεὸεῖς
1839 5436 1996 5504 βασι-

412 5534 523 5600 λείς
552 5535 963 5607 πολεμήσαντες
992 5533 1090 5603 τὴν
1118 5532 1302 5586 πίστιν
1324 5530 1505 5602 ήμῶν,
1538 5531 1630 5584 καὶ
1658 5531 1759 5584 οὐκ
1793 5529 1994 5600 ἠδυνή-

2086 4529 2283 4573 vexata
2313 4527 2372 4574 et
2409 4519 2730 4589 impugnata
2753 4559 2770 4585 ,
2802 4527 2913 4575 stat
2951 4529 3009 4575 et
3041 4535 3153 4575 non
3177 4521 3368 4575 deﬁcit
3393 4538 3408 4582 ;
3434 4522 3547 4576 imo
3572 4537 3669 4577 no-

2085 4627 2194 4680 que
2238 4626 2471 4682 regnum
2522 4618 2776 4666 nostrum
2816 4616 3021 4666 ‘cessat'
3046 4627 3229 4682 neque
3256 4613 3518 4668 ecclesia:
3564 4629 3669 4669 no-

2090 4709 2188 4758 traa
2213 4690 2570 4767 clauduntur,
2610 4702 2707 4757 sed
2736 4703 2885 4756 inter
2908 4701 3121 4757 medias
3140 4714 3334 4774 gentes
3354 4745 3368 4766 ,
3401 4705 3455 4758 in
3487 4705 3670 4760 medio

2086 4810 2281 4850 eorum
2336 4794 2431 4865 qui
2494 4795 2657 4850 nobis
2717 4794 3078 4848 dominantur
3122 4807 3669 4866 persequunturque,

2087 4889 2352 4943 ecclesias
2383 4887 2671 4951 habemus,
2711 4903 2909 4943 cruces
2941 4888 3181 4957 ﬁgimus,
3214 4904 3387 4942 novas
3408 4891 3673 4946 ecclesias

2089 4980 2467 5044 aediﬁcamus,
2517 4978 2693 5033 sacris
2752 4992 3070 5048 operamu‘r.
3114 4980 3264 5034 Dixit
3311 4980 3672 5050 Evangelinm

2088 5071 2446 5141 praedicatum
2473 5069 2541 5124 iri
2578 5070 2837 5125 universo
2861 5070 3069 5125 mundo
3091 5072 3135 5102 "
3169 5089 3183 5125 :
3222 5070 3422 5125 Utrum
3446 5082 3501 5125 et
3538 5071 3671 5124 illud

2088 5161 2291 5215 factum
2317 5169 2423 5223 est,
2456 5160 2678 5215 necne?
2703 5160 2848 5214 Dixit
2888 5178 2901 5215 :
2938 5180 2956 5211 ι
2988 5162 3167 5216 Porta:
3196 5161 3357 5215 inferi
3386 5177 3501 5214 non
3528 5174 3675 5229 prm-

2094 5253 2359 5308 valcbunt
2388 5253 2656 5307 adversus
2683 5269 2802 5308 eam
2831 5254 2897 5317 ”,
2928 5272 2948 5303 ι
2986 5253 3041 5306 id
3074 5261 3180 5317 est,
3211 5253 3482 5307 adversus
3509 5253 3675 5306 ﬁdem

2096 5356 2342 5402 nostram
2371 5363 2383 5398 :
2421 5360 2491 5401 an
2517 5354 2575 5400 et
2600 5347 2653 5399 in
2684 5345 2791 5400 hoc
2830 5345 3027 5399 falsum
3059 5345 3285 5399 locutus
3319 5345 3446 5399 est?
3476 5346 3676 5400 Annon

2095 5437 2429 5492 exstiterunt
2454 5436 2688 5507 gentiles
2710 5443 2766 5488 et
2803 5434 3187 5489 haeresiarehze
3209 5435 3391 5498 multi,
3425 5434 3678 5506 tyranni-

2096 5544 2204 5600 que
2230 5534 2483 5598 potentes
2532 5535 2591 5583 et
2638 5541 2800 5596 reges
2840 5525 3033 5596 impii,
3073 5525 3167 5596 qui
3220 5525 3383 5580 ﬁdem
3429 5534 3678 5582 nostram

483 5716 532 5751 ⁸⁹
565 5718 724 5774 Joan.
760 5734 849 5784 ιι,
873 5718 960 5773 48.
1040 5716 1085 5748 ⁸⁸
1125 5714 1259 5771 Luc.
1288 5728 1397 5782 xvi,
1433 5712 1518 5768 16.
1596 5716 1639 5746 ⁸¹
1678 5715 1813 5769 Dan.
1849 5731 1922 5779 ιιι,
1952 5717 1976 5768 Ξ

2081 5716 2160 5771 59.
2244 5720 2287 5749 δ’
2323 5715 2514 5770 Matth.
2563 5724 2709 5773 xxiv,
2756 5710 2859 5762 H.’
2924 5708 2971 5741 ⁸³
3000 5708 3196 5765 Matth.
3228 5724 3338 5776 xvi,
3376 5706 3465 5767 18,
