3988 6142
310 255 443 318 1223

1511 258 1571 316 S.
1614 257 1757 314 ANA
1768 254 2012 315 STASII
2054 253 2381 316 SINAlT/E

3438 248 3576 314 1224

305 378 719 440 oppugnarunt,
756 376 810 424 et
839 384 949 423 non
990 376 1297 439 potuerunt
1340 383 1460 422 eam
1496 367 1893 437 exstinguere?

2015 367 2170 437 ίησαν
2215 364 2421 437 ταύτην
2463 359 2692 432 σϐέσαι;
2735 359 2900 418 Εἶπεν
2946 363 3078 436 ἡμῖν
3115 363 3228 427 τοῖς
3275 360 3359 426 είς
3414 364 3577 417 αὑτὸν

304 463 455 517 Dixit
499 461 683 524 nobis,
722 461 817 530 qui
868 460 1147 516 credimus
1186 460 1243 514 in
1275 474 1443 513 eum:
1490 477 1507 509 ι
1546 460 1714 513 Eritis
1760 458 1892 513 odio

304 554 568 608 omnibus
615 561 846 622 propter
892 567 1092 606 nomen
1138 565 1323 605 meum
1358 551 1449 604 διε
1486 570 1503 600 ι
1552 551 1657 620 ipsi
1699 550 1889 615 dicite,

308 646 505 709 Judaei,
531 660 717 699 nonne
749 660 888 715 prop
914 659 977 699 er
1005 659 1208 699 nomen
1233 643 1443 699 Christi
1475 659 1670 699 omnes
1701 653 1893 713 gentes

309 739 549 793 oderunt
597 752 699 792 nos
729 745 784 791 et
825 737 1257 792 abominantur?
1288 735 1358 790 Et
1400 736 1444 790 si
1478 745 1662 789 autem
1705 751 1801 789 vos
1825 735 1894 790 de

309 829 421 885 illis
460 827 720 881 omnibus
763 828 1082 892 retieeatis,
1133 816 1240 897 i'psi
1288 825 1505 896 lapides
1553 827 1891 881 clamabunt.

313 917 457 971 Sane
509 916 766 970 videmus
799 932 909 970 non
946 918 1230 972 exstitisse
1269 934 1297 972 a
1332 918 1537 989 saeculo
1572 927 1790 988 gentem
1827 918 1895 971 ab

314 1012 572 1066 munibus
610 1022 760 1065 tanto
792 1019 1038 1080 tempore
1083 1010 1457 1081 impugnatam
1483 1051 1497 1075 ,
1539 1010 1671 1079 quin
1717 1010 1896 1064 deleta

316 1103 483 1157 fuerit
509 1143 523 1166 ,
565 1112 766 1172 praeter
797 1103 967 1157 solam
1000 1102 1447 1157 Christianorum
1486 1114 1705 1172 gentem
1736 1119 1748 1154 :
1777 1117 1899 1171 qua:

316 1211 429 1247 non
466 1196 540 1248 ita
585 1194 981 1263 permansisset
1014 1194 1307 1258 indebilis,
1335 1194 1589 1263 quamvis
1618 1193 1684 1247 ab
1715 1194 1898 1247 omni-

314 1285 420 1339 bus
449 1283 709 1355 gentibus
755 1283 1096 1353 impugnata,
1128 1283 1236 1338 nisi
1281 1298 1478 1338 manus
1518 1283 1735 1338 Domini
1762 1298 1898 1337 con-

318 1385 609 1439 servasset,
649 1382 705 1428 et
734 1375 903 1428 etiam
948 1391 1100 1428 nunc
1128 1385 1483 1430 conservaret
1524 1374 1599 1428 ita
1627 1373 1900 1428 indelebi-

314 1468 446 1521 lem.
475 1467 648 1521 Nobis
677 1467 842 1521 etiam
876 1473 1223 1535 compertum
1254 1474 1359 1530 est,
1382 1467 1599 1519 nullum
1627 1465 1903 1521 Christia-

318 1574 517 1613 norum
565 1559 958 1627 imperatorem
989 1558 1244 1612 Barbaris
1287 1568 1530 1628 unquam
1582 1557 1637 1612 in
1667 1567 1901 1612 mortem

318 1667 440 1706 esse
480 1650 744 1704 traditum
775 1691 788 1715 ,
821 1650 1076 1719 quamvis
1116 1667 1145 1705 a
1180 1658 1259 1705 tot
1292 1650 1549 1721 gentibus
1575 1650 1691 1719 ,boc
1723 1650 1905 1720 impu-

1998 456 2372 524 πιστεύουσιν,
2403 457 2487 511 ὅτι
2521 475 2540 509 ι
2566 457 2795 511 Ἐσεσθε
2841 456 3159 527 μισούμενοι
3205 456 3311 509 ύπδ
3360 456 3580 509 πάντων

1994 552 2083 605 διὰ
2124 550 2187 603 τὸ
2224 550 2398 621 ὗνομά
2449 567 2552 621 μου
2578 566 2593 581 ·
2619 568 2637 601 ι
2679 549 2803 620 ἄρτι
2838 550 2998 619 ὑμεῖς
3045 549 3263 614 εἴπατε,
3310 547 3576 611 Ἰουδαῖοι,

1995 643 2058 696 οὐ
2088 642 2176 696 διὰ
2222 646 2282 697 τὸ
2321 642 2494 713 ὄνομα
2523 640 2619 695 τοῦ
2652 639 2891 711 Χριστόῦ
2935 641 3114 693 πάντα
3153 641 3302 714 ἡμᾶς
3337 640 3407 692 τὰ
3449 638 3578 710 ἔθνη

2001 738 2154 805 μισεῖ
2188 735 2283 788 κοιλ⁵
2308 734 2657 805 βδελύσσεται
2683 749 2698 797 ;
2735 733 2855 785 Κᾶν
2885 728 2979 786 οὖν
3014 733 3172 802 ὑμεῖς
3196 731 3371 785 ταῦτα
3409 734 3582 789 ᾶπαν-

1999 843 2068 878 τα
2104 825 2606 895 παρασιωπήσητε,
2648 823 2697 875 οί
2745 821 2885 874 λίθοι
2917 821 3294 891 κεκράξονται.
3324 819 3431 871 Καὶ
3460 818 3582 887 βλέ-

2000 934 2176 987 πομεν
2208 918 2291 971 ὅτι
2326 917 2424 987 οὐχ
2469 916 2698 987 εὕρηται
2730 914 2825 968 ἀπ’
2869 915 3044 985 ἀρχῆς
3075 912 3269 975 αίῶνος
3300 912 3450 975 ἔθνος
3477 912 3583 963 ὑπὸ

2003 1009 2224 1062 πάντων
2266 1007 2576 1078 πολεμηθὲν
2624 1006 2977 1076 ἐπὶιχρόνους
3024 1003 3311 1066 τοσούτους
3360 1004 3456 1056 καὶ
3506 1004 3582 1073 μὴ

2000 1097 2339 1167 ὲξαλειφθὲν,
2390 1098 2438 1150 εἰ
2484 1097 2559 1166 μὴ
2601 1096 2760 1166 μόνον
2805 1095 2864 1147 τὸ
2894 1094 3000 1147 τῶν
3030 1091 3377 1162 Χριστιανῶν
3408 1090 3580 1155 έθνος,

2000 1190 2138 1261 ὅπερ
2161 1189 2349 1243 σῦκ’ἂν
2384 1188 2598 1258 ἔμεινεν
2626 1187 3014 1252 ἀνεξάλειπτον
3037 1185 3207 1249 οὕτως
3236 1185 3339 1237 ὑπὸ
3366 1186 3585 1238 πάντων

2003 1278 2176 1332 ἐθνῶν
2201 1277 2632 1348 πολεμούμενον,
2662 1279 2711 1330 εί
2742 1276 2816 1347 μὴ
2849 1277 2972 1347 χεὶρ
3013 1276 3222 1347 Κυρίου
3267 1275 3588 1343 διεφύλαττε

2004 1372 2098 1425 καὶ
2143 1371 2496 1440 διαφυλάττει
2536 1370 2668 1423 αὐτὸ
2702 1369 3114 1435 ἁνεξάλειπτον.
3156 1369 3267 1421 Καὶ
3324 1367 3476 1430 ἄλλο,
3503 1367 3587 1419 ὅτι

2003 1442 2181 1527 οὑδεῖς
2221 1463 2566 1534 Χριστιανῶν
2611 1446 3210 1532 βασιλεὺςβαρϐάροις
3249 1457 3379 1511 ποτὲ
3440 1473 3587 1528 παρα

2007 1557 2168 1628 εδόθη
2199 1559 2279 1621 είς
2315 1548 2566 1622 θάνατον,
2602 1554 2783 1608 καίτοι
2810 1570 2874 1622 γε
2900 1552 3175 1607 τοσούτων
3204 1551 3373 1605 ἐθνῶν
3399 1551 3459 1603 τὸ
3489 1549 3589 1620 βαι

2009 1652 2206 1705 σίλειον
2231 1649 2692 1727 πολεμησάντων·
2717 1648 2777 1700 οὑ
2810 1646 2970 1717 μόνον
2990 1645 3047 1698 δὲ
3076 1645 3169 1697 τὸν
3195 1643 3443 1714 βασιλέα,
3471 1638 3590 1695 ἀλλ’

317 1750 543 1811 gnatum
585 1742 654 1795 sit
695 1740 1032 1809 imperium;
1067 1740 1200 1803 imo,
1234 1755 1344 1793 non
1376 1739 1541 1794 modo
1566 1756 1677 1794 non
1707 1749 1906 1810 potue-

2015 1744 2127 1797 οὐδὲ
2150 1743 2249 1813 τὴν
2291 1740 2485 1796 ἑαυτοῦ
2519 1741 2704 1793 εἰκόνα
2740 1742 2804 1793 ὲκ
2847 1739 2942 1792 τοῦ
2986 1738 3324 1808 νομίσματος
3384 1752 3593 1807 καταρ-

319 1843 449 1888 runt
490 1834 857 1903 imperatores
902 1832 1352 1888 Christianorum
1404 1832 1785 1897 tollere,,sed
1830 1847 1900 1887 ne

321 1925 615 1994 imaginem
643 1923 865 1992 quidem
909 1937 1102 1978 eorum
1131 1937 1256 1976 eum
1302 1922 1459 1993 signo
1489 1922 1675 1976 crucis
1707 1922 1763 1975 in
1796 1937 1901 1975 nu-

322 2017 574 2070 mismate
606 2014 1205 2085 impressum-abolere
1243 2014 1561 2080 valuerunt,
1591 2013 1807 2068 etiamsi
1847 2012 1902 2067 id

323 2125 435 2163 non
464 2108 621 2178 pauci
649 2109 862 2179 tyranni
891 2107 1246 2170 tentaverint.
1275 2107 1464 2176 Neque
1483 2116 1566 2161 est
1591 2106 1740 2176 quod
1767 2105 1905 2159 illud

324 2200 740 2269 contemptibile
778 2199 910 2269 quid
946 2208 1003 2255 et
1046 2199 1199 2269 parvi
1231 2201 1498 2254 momenti
1539 2213 1661 2254 esse
1711 2197 1906 2253 creda-

326 2308 455 2360 tur,
510 2308 711 2362 nempe
758 2291 921 2348 ﬁdem
963 2301 1208 2347 nostram
1236 2332 1251 2355 ,
1300 2306 1522 2361 semper
1571 2292 1902 2361 oppugnari,

324 2400 653 2454 semperque
715 2384 933 2437 ﬁrmam
980 2381 1348 2435 nihilominus
1398 2396 1792 2449 perseverare,
1848 2388 1904 2433 et

324 2475 717 2532 indelebilem:
752 2475 856 2530 nisi
910 2474 1059 2529 enim
1100 2474 1247 2528 Deus
1297 2474 1459 2527 ﬁdem
1503 2483 1749 2527 nostram
1790 2488 1904 2543 pra

2010 1834 2176 1907 γῆσαι
2207 1837 2305 1889 σὺν
2330 1834 2407 1904 τῷ
2449 1832 2669 1902 σταυρῷ
2693 1833 2940 1902 ἴσχυσαν,
2970 1831 3174 1900 καίπερ
3204 1829 3369 1889 τινῶν
3393 1828 3592 1899 τυράν-
3628 1860 3631 1863 ›

2011 1944 2117 1980 νων
2151 1924 2313 1979 τοῦτο
2341 1924 2777 1993 δοκιμασάντων.
2817 1923 2910 1994 Μὴ
2934 1920 3051 1994 γὰρ
3074 1921 3227 1990 ψιλόν
3266 1937 3325 1972 τε
3371 1919 3465 1972 καὶ
3498 1918 3591 1970 εὑ-

2010 2019 2161 2079 τελές
2191 2035 2271 2071 σοι
2303 2017 2538 2087 πρᾶγμα
2583 2015 2743 2068 τοῦτο
2779 2010 2920 2067 εἶναι
2954 2012 3208 2083 νομισθῇ,
3239 2012 3320 2065 ὅτι
3358 2012 3593 2063 πάντοτε

2011 2111 2111 2162 οὑκ
2140 2107 2419 2161 ἐπαύσατο
2448 2108 2481 2177 ἡ
2507 2107 2693 2170 πίστις
2716 2105 2875 2177 ήμῶν
2906 2102 3288 2173 πολεμουμένῃ
3321 2103 3416 2155 καὶ
3445 2101 3596 2153 ἱστα-

2015 2201 2151 2270 μένη
2179 2202 2274 2253 καὶ
2309 2201 2382 2271 μὴ
2419 2199 2837 2269 ὲξαλειφομένη.
2868 2198 2932 2250 Ei
2980 2197 3084 2267 γὰρ
3121 2196 3194 2267 μὴ
3235 2195 3377 2264 ὑπὲρ
3410 2195 3589 2257 πάσας

2009 2293 2105 2356 τὰς
2165 2293 2380 2356 πίστεις
2436 2293 2535 2363 τὴν
2585 2292 2866 2363 ἡμετέραν
2909 2292 2938 2343 6
2984 2289 3116 2353 Θεὸς
3170 2286 3455 2355 ἐξελέξατο
3501 2286 3599 2339 καὶ

2010 2386 2322 2454 ἠγάπησεν,
2362 2384 2463 2437 οὑκ
2504 2384 2570 2437 ἂν
2620 2382 2896 2452 ἀναμέσον
2941 2380 3051 2435 τῶν
3103 2378 3272 2433 ἐθνῶν
3305 2377 3382 2440 ὡς
3412 2376 3595 2429 λύκων

2008 2473 2178 2529 ὄντων
2200 2475 2497 2545 ἐφύλαττεν
2523 2474 2819 2529 ἀνάλωτον.

258 2556 278 2569 ’
322 2568 537 2622 caeteris
567 2566 827 2622 omnibus
873 2565 1129 2636 elegisset
1165 2572 1219 2619 et
1272 2563 1707 2634 comprobasset,
1757 2580 2039 2635 nunquam
2075 2584 2197 2623 eam
2241 2570 2386 2625 inter
2418 2578 2631 2640 gentes,
2704 2569 2856 2623 velut
2913 2567 3125 2637 lupos,‘
3162 2566 3423 2621 invictam
3457 2578 3594 2619 con-

325 2667 622 2715 servasset.

394 2751 669 2806 Przeterea
728 2764 840 2803 non
891 2748 1237 2818 permisisset
1286 2748 1430 2804 Deus
1481 2748 1642 2803 ﬁdem
1708 2749 1903 2805 falsam

326 2856 502 2911 usque
546 2841 612 2894 ad
663 2841 934 2895 terminos
977 2847 1141 2913 terrae
1190 2840 1513 2905 dominari,
1557 2842 1663 2895 nisi
1710 2842 1907 2898 fuisset

327 2933 637 2999 (neonomia
679 2932 953 2986 adventus
1001 2933 1055 2986 in
1105 2948 1271 2986 carne
1313 2931 1559 2995 Christi,
1592 2933 1713 2987 Filii
1765 2936 1905 3005 ejus,

329 3024 424 3079 Dei
453 3034 507 3077 et
534 3023 832 3078 Salvatoris
870 3025 1043 3078 nostri
1081 3043 1093 3077 :
1130 3025 1275 3078 unde
1310 3024 1418 3079 hoc
1454 3024 1634 3093 ipsum
1661 3065 1676 3087 ,
1710 3041 1910 3093 nempe

2077 2750 2226 2820 Πλὴν
2270 2742 2390 2803 οὑδὲ
2422 2748 2619 2820 ἔμελλε
2695 2750 2999 2820 συγχωρεῖν
3019 2749 3046 2801 6
3070 2747 3204 2811 Θεὸς
3239 2746 3595 2817 πεπλανημέ⁴

2006 2862 2105 2912 νην
2134 2844 2315 2897 πίστιν
2348 2842 2770 2913 κατακυριεύειν
2814 2842 2911 2896 ἐπὶ
2955 2842 3134 2895 πάντα
3155 2840 3228 2893 τὰ
3259 2842 3469 2909 πέρατα
3492 2839 3595 2908 τῆς

2007 2936 2134 3004 γῆς,
2166 2937 2214 2989 εί
2258 2937 2332 3006 μὴ
2373 2931 2441 3006 ἦν
2471 2937 2504 3006 ὴ
2534 2933 2821 3005 οἰκονομία
2859 2933 2960 3004 τῆς
2985 2933 3253 3002 ἐνσάρκου
3291 2930 3595 3003 παρουσίας

2009 3029 2248 3099 Χριστοῦ
2274 3029 2367 3083 τοῦ
2394 3029 2523 3081 Υίοῦ
2551 3027 2719 3082 αὑτοῦ
2743 3029 2839 3082 καὶ
2869 3027 3005 3080 Θεοῦ
3021 3028 3116 3081 καὶ
3138 3026 3390 3096 Σωτῆρος
3414 3024 3593 3097 ἡμῶν.

330 3115 688 3190 Evangelium
704 3113 907 3169 Christi
945 3115 1149 3183 ubique
1178 3114 1424 3185 gentium
1462 3116 1739 3169 creditum
1763 3132 1906 3183 esse,

2020 3120 2182 3172 Ὅθεν
2214 3121 2311 3172 καὶ
2337 3120 2468 3173 αὐτὸ
2500 3119 2660 3173 τοῦτο
2683 3119 2744 3172 τὸ
2787 3121 2844 3172 ὲν
2871 3121 3005 3174 πᾶσι
3033 3121 3146 3183 τοῖς
3175 3119 3355 3171 ἔθνεσι
3377 3134 3598 3171 πιστευ-

330 3203 638 3257 certissime
695 3203 892 3271 probat
955 3218 1067 3256 non
1134 3218 1258 3257 esse
1304 3204 1464 3263 aliam
1513 3204 1677 3259 ﬁdem
1722 3216 1910 3260 nostra

330 3297 733 3366 religiosiorem
767 3294 871 3348 sub
911 3295 1074 3350 coelo.
1107 3294 1249 3361 Quid
1281 3297 1493 3365 igitur?
1527 3297 1752 3352 Adeone
1798 3298 1910 3353 ini-

330 3404 473 3459 quus
507 3395 591 3441 est
634 3386 812 3441 Deus?
837 3386 1032 3440 Absit!
1066 3402 1179 3441 non
1204 3389 1365 3452 adeo,
1399 3389 1646 3458 inquam,
1675 3390 1902 3460 iniquus

329 3492 433 3546 est.
467 3492 548 3546 ut,
583 3483 754 3553 probe
784 3483 967 3537 sciens
995 3482 1143 3551 quod
1181 3482 1485 3541 Christiani
1527 3498 1802 3548 erramus,
1829 3483 1912 3537 sic

329 3592 432 3631 nos
474 3575 649 3630 errori
702 3575 902 3629 tradat.
936 3574 1054 3629 Jam
1099 3589 1232 3629 vero
1263 3583 1399 3646 quot
1440 3575 1571 3629 anni
1610 3590 1639 3628 a
1684 3574 1910 3647 Christo

330 3667 681 3729 elﬁuxerunt,
711 3676 773 3721 ut
814 3674 965 3743 tanta
1011 3666 1297 3720 hominum
1344 3665 1643 3720 multitudo
1689 3666 1760 3721 ab
1804 3667 1910 3722 hoc

331 3774 522 3813 errore
558 3757 833 3828 perieritl
867 3757 987 3811 Non
1031 3756 1180 3811 enim
1232 3756 1337 3811 hoc
1380 3757 1679 3811 observare
1704 3757 1789 3811 vel
1818 3772 1909 3811 re-

333 3850 607 3920 spondere
631 3849 966 3918 licet,_tanto
999 3863 1198 3916 nempe
1231 3862 1503 3902 annorum
1536 3849 1735 3917 spatio,
1765 3849 1910 3905 veri-

331 3950 499 3996 tatem
532 3956 636 3995 nos
668 3939 992 3993 lsraeliticis
1036 3938 1300 4009 gentibus
1338 3939 1581 3995 edoceri.
1627 3938 1908 4005 Quinimo,

330 4032 604 4102 responde
654 4030 830 4096 mihi,
863 4030 1142 4099 quomodo
1175 4031 1377 4096 nobis;
1425 4031 1605 4095 nobis,
1661 4032 1910 4102 inquam,

330 4137 577 4178 errorem
642 4122 938 4191 amplexis,
988 4123 1132 4192 quod
1168 4104 1394 4188 dicitur,
1446 4123 1719 4178 universa:
1750 4130 1912 4178 terrae

332 4214 631 4284 imperium
682 4213 828 4269 Deus
875 4211 1198 4267 commisit?
1232 4214 1523 4280 Quomodo
1563 4213 1766 4268 factum
1804 4223 1909 4276 est,

334 4316 395 4361 ut
447 4321 611 4361 nemo
672 4300 889 4376 signum
941 4305 1295 4366 numismatis
1343 4307 1567 4361 abolere
1625 4308 1913 4376 potuerit?

334 4400 559 4454 Scilicet
607 4408 920 4454 monstrare
950 4398 1129 4454 voluit
1158 4399 1307 4453 Deus
1335 4399 1509 4467 quod,
1560 4399 1776 4453 etiamsi
1812 4414 1914 4452 nos

2020 3212 2177 3279 θῆναι
2210 3212 2270 3264 τὸ
2305 3211 2636 3279 Εὑαγγέλιον
2662 3208 2756 3265 τοῦ
2801 3212 3061 3282 Χριστοῦ,
3110 3211 3413 3283 μαρτυρίας
3451 3212 3599 3264 ἐστὶν

2018 3304 2552 3374 ἁψευδεστάτης,“ὅτι
2582 3305 2682 3358 οὑκ
2720 3303 2865 3358 ἐστιν
2897 3305 3030 3376 ἄλλη
3072 3306 3256 3369 πίστις
3288 3296 3599 3359 εὐσεϐεστέ-

2021 3412 2089 3465 ρα
2105 3396 2162 3447 ὲν
2179 3397 2242 3465 τῇ
2256 3396 2347 3447 ὑπ’
2365 3396 2617 3467 οὐρανόν.
2645 3391 2792 3466 Ἀρα
2814 3395 3055 3459 τοιοῦτος
3075 3397 3258 3460 ἄδικος
3275 3400 3302 3449 ὁ
3329 3398 3460 3456 Θεός
3480 3415 3496 3464 ;
3524 3398 3609 3467 μὴ

2018 3485 2255 3554 γένοιτοί
2286 3487 2409 3539 ’Ότι
2441 3485 2741 3554 ἐγίνωσκεν
2765 3487 2846 3540 ὅτι
2874 3486 3207 3556 πλανώμεθα
3238 3489 3285 3540 οἱ
3332 3488 3599 3556 Χριστια-

2019 3575 2122 3639 νοὶ,
2156 3575 2317 3645 ἡφιεν
2360 3576 2507 3645 ἡμᾶς
2553 3562 2746 3638 οὑτως.
2804 3576 2938 3629 Ἰδοὺ
2984 3575 3169 3628 λοιπὸν
3218 3577 3374 3628 πόσοι
3417 3576 3602 3646 χρόνοι

2019 3666 2128 3720 ἀπὸ
2150 3666 2389 3737 Χριστοῦ
2412 3668 2710 3725 ἀπολέσθαι
2739 3670 2803 3738 τῇ
2836 3668 3012 3740 πλάνῃ
3035 3668 3290 3722 τοσοῦτον
3315 3671 3471 3738 γένος
3504 3669 3602 3723 καὶ

2020 3758 2228 3827 πλῆθος
2257 3757 2584 3828 ἀνθρώπωνί
2633 3760 2708 3829 μὴ
2753 3759 2864 3831 γὰρ
2900 3760 3058 3813 τοῦτο
3088 3764 3426 3831 ·σκοπήσητε
3465 3758 3600 3830 ἢεί-

2020 3869 2182 3922 πητε,
2207 3838 2289 3904 ὅτι
2307 3853 2432 3922 ἄρτι
2452 3853 2531 3916 είς
2552 3852 2792 3909 τοσαῦτα
2827 3852 2925 3923 ἔτη
2952 3842 3323 3932 παιδευόμεθα
3358 3851 3463 3906 ἀπὸ
3493 3852 3603 3906 τῶν

2034 3944 2382 4016 Ἰσραηλιτῶν
2422 3944 2629 3998 ὲθνῶν·
2681 3944 2800 3998 ἀλλ’
2859 3948 3039 4001 ὲκεῖκ-ιό
3098 3963 3191 4015 μοι
3241 3947 3599 4017 έρμήνευσαι,

2021 4036 2139 4099 πῶς
2170 4038 2300 4107 ἡμῖν
2338 4038 2449 4099 τοῖς
2488 4036 2881 4106 πλανωμένοις,
2925 4036 3003 4111 ὡς
3056 4036 3265 4105 λέγετε,
3299 4039 3399 4106 τὴν
3449 4036 3603 4106 βασι-

2018 4126 2169 4179 λείαν
2194 4128 2223 4179 6
2246 4126 2378 4188 Θεὸς
2412 4127 2594 4193 πάσης
2616 4126 2714 4196 τῆς
2750 4127 2852 4195 γῆς
2882 4126 3204 4193 ὲπίστευσε;
3238 4127 3353 4190 πῶς
3382 4126 3478 4196 τὴν
3505 4125 3601 4178 τοῦ

2021 4210 2248 4290 χρυσίου
2296 4219 2569 4290 σφραγῖδα
2601 4218 2779 4280 οὐδεὶς
2826 4220 3177 4289 καταργῆσαι
3225 4219 3496 4290 ἢὲπᾶραι
3545 4217 3605 4283 ἐξ

2020 4312 2179 4382 ἡμῶν
2209 4313 2434 4381 (exuas;
2472 4311 2628 4363 πόσοι
2662 4309 2902 4380 βασιλεῖς
2945 4310 3132 4377 ἐθνῶν,
3168 4312 3420 4381 Περσῶν,
3477 4310 3582 4362 ’Δ-

2025 4398 2227 4471 ρᾶὅων,
2275 4401 2432 4453 τοῦτο
2482 4400 2836 4469 ἐδοκίμασαν,
2886 4402 2984 4453 καί⁵
3029 4401 3285 4472 οὐδαμῶς
3332 4401 3603 4469 ἴσχυσανς

332 4487 631 4547 Christiani
680 4490 1126 4561 persecutionem
1154 4490 1417 4559 patimur,
1446 4491 1696 4545 omnium
1732 4499 1906 4545 tamen

2022 4494 2107 4545 ἵνα
2151 4491 2299 4563 δείξῃ
2328 4493 2355 4545 6
2385 4492 2549 4555 Θεὸς,
2582 4493 2664 4545 ὅτι
2708 4491 2814 4545 κᾶν
2844 4491 3168 4563 διωκώμεθα
3182 4494 3230 4545 oi
3258 4493 3606 4563 Χριστιανοὶ,

337 4583 631 4652 imperium
654 4582 973 4636 obtinemus
1002 4597 1016 4633 :
1060 4580 1334 4650 siquidem
1360 4582 1579 4651 signum
1610 4581 1917 4635 numismao

340 4675 410 4728 tis
442 4674 664 4743 imperii
709 4674 930 4740 nostri,
963 4674 1143 4743 ipsum
1175 4685 1261 4728 est
1289 4672 1495 4728 Christi
1539 4675 1776 4745 signum.
1820 4674 1919 4728 Dic

268 4804 269 4807 η
340 4766 508 4835 igitur
535 4765 669 4818 mihi
693 4805 707 4830 ,
741 4765 851 4819 nisi
901 4765 1032 4819 inde
1060 4765 1334 4837 probatur
1368 4773 1575 4819 aeterna
1628 4767 1831 4821 invicta
1862 4775 1919 4821 et

342 4855 660 4911 indelebilia
687 4856 957 4911 exsistere
987 4856 1151 4912 ﬁdem
1175 4865 1231 4912 et
1264 4857 1555 4926 impenium
1576 4857 1920 4912 Christiano-

343 4965 487 5011 rum,
515 4948 792 5017 quomodo
834 4948 1037 5003 factum
1059 4959 1146 5005 est
1192 4958 1255 5003 ut
1280 4966 1379 5003 vos
1410 4965 1602 5004 omnes
1624 4989 1638 5011 ,
1671 4950 1764 5019 qui
1794 4966 1919 5005 cru-

343 5059 460 5098 cem
480 5041 684 5098 Christi
711 5042 906 5097 odistis
926 5051 983 5097 et
1001 5042 1391 5097 cecideruntet
1412 5042 1629 5112 jacent?
1644 5043 1920 5112 quomodo

342 5151 563 5192 crucem
614 5135 670 5189 in
744 5135 1075 5189 numismate
1137 5151 1246 5190 non
1305 5135 1470 5189 modo
1529 5136 1750 5191 abolere
1812 5151 1919 5189 non

342 5230 578 5299 potestis
600 5271 613 5293 ,
644 5242 839 5282 verum
883 5225 1051 5281 etiam
1078 5226 1318 5282 libenter
1343 5228 1660 5297 suscipitis;
1712 5228 1845 5293 imo,
1875 5228 1920 5281 si

342 5339 505 5393 quem
555 5335 842 5376 nummum
882 5334 1051 5374 cruce
1077 5330 1364 5375 carentem
1415 5321 1684 5385 viderint,
1731 5336 1919 5390 repro-

344 5415 490 5469 batis
525 5424 580 5468 et
631 5412 908 5486 rejicitis?
940 5411 1093 5467 Adeo
1124 5428 1315 5467 verum
1349 5425 1433 5467 est
1467 5413 1614 5483 quod
1656 5414 1725 5468 de
1765 5413 1922 5468 vobis

345 5505 483 5558 dixit
515 5506 723 5560 David:
759 5524 777 5556 ι
812 5504 1015 5561 Oculos
1050 5504 1254 5560 habent
1278 5516 1333 5559 et
1364 5520 1478 5579 non,
1501 5505 1765 5560 videbunt
1794 5507 1857 5559 ".
1896 5527 1913 5556 ι

416 5664 459 5692 ⁸⁸⁵
500 5663 689 5717 Matth.
720 5680 773 5729 ιι,
804 5663 893 5717 22.
972 5664 1016 5695 "
1047 5666 1184 5722 Psal.
1208 5682 1352 5731 cxul,
1383 5666 1417 5721 5
1444 5665 1519 5717 vel
1556 5661 1643 5715 Η.

2021 4583 2136 4637 ἀλλ’
2181 4584 2343 4655 ἡμεῖς
2403 4583 2623 4636 πάντων
2665 4581 3058 4653 βασιλεύομενο
3102 4582 3165 4635 τὸ
3209 4581 3320 4652 γὰρ
3370 4583 3608 4651 σημεῖον

2023 4673 2119 4726 τοῦ
2154 4673 2382 4744 χρυσίου
2415 4674 2515 4743 τῆς
2556 4673 2837 4744 βασιλείας
2875 4673 3055 4744 ἡμῶν,
3091 4675 3318 4744 σημεῖον
3349 4672 3443 4727 τοῦ
3474 4674 3613 4742 Χρι-

2027 4766 2153 4820 στοῦ
2185 4765 2351 4820 αὐτοῦ
2382 4767 2551 4821 ἐστιν.
2599 4766 2751 4819 Ἐπεὶ
2782 4765 2904 4819 είπέ
2935 4784 3047 4836 μοι,
3078 4767 3126 4819 εί
3169 4765 3246 4838 μὴ
3290 4769 3515 4839 σημεῖον
3537 4761 3611 4836 ἦν

2024 4857 2373 4921 ὃτιιαίὡνιος
2415 4858 2507 4911 καὶ
2556 4858 2814 4927 ἀνίκητος
2872 4858 2968 4911 καὶ
3023 4856 3409 4923 ἀνεξάλειπτος
3454 4853 3525 4929 ἦν
3574 4858 3609 4927 ἡ

2027 4954 2211 5017 πίστις
2259 4954 2353 5005 καὶ
2397 4954 2433 5027 ἡ
2483 4951 2734 5022 βασιλεία
2785 4954 2897 5005 τῶν
2938 4953 3304 5022 Χριστιανῶν,
3359 4952 3478 5015 πῶς
3515 4951 3610 5005 τὸν

2029 5047 2262 5117 σταυρὸν
2313 5044 2410 5098 τοῦ
2458 5045 2697 5116 Χριστοῦ
2741 5045 2944 5108 πάντες
2990 5046 3148 5113 ὑμεῖς
3200 5044 3487 5114 μισοῦντες
3516 5045 3610 5097 καὶ

2032 5136 2505 5207 βλασφημοῦντες,
2545 5134 2984 5202 ἐκπεπτώκατε;
3020 5134 3137 5198 πῶς
3171 5136 3260 5187 τὸν
3288 5136 3522 5205 σταυρὸν
3546 5137 3609 5189 ἐκ

2031 5228 2124 5282 τοῦ
2161 5229 2390 5299 χρυσίου
2432 5226 2734 5296 ἀπαλεῖψαι
2759 5228 2823 5281 οὑ
2847 5218 3100 5292 δύνασθε,
3135 5225 3273 5280 ἀλλὰ
3302 5228 3398 5281 καὶ
3419 5220 3611 5279 τοῦτον

2029 5317 2329 5390 προθύμως
2378 5315 2620 5386 δέχεσθε,
2676 5316 2813 5371 ἀλλὰ
2860 5318 2953 5370 καί⁵
3009 5317 3103 5372 ἐὰν
3147 5314 3385 5385 χρυσοῦν
3437 5313 3605 5385 χωρὶς

2031 5410 2265 5480 σταυροῦ
2297 5409 2469 5481 ἴδητε,
2504 5409 2858 5477 βδελύσσεσθε
2880 5408 3010 5462 αὑτὸ
3033 5410 3127 5462 καὶ
3157 5404 3603 5479 ἀποστρέφεσθε;

2029 5502 2186 5557 Οὑτω
2221 5503 2400 5567 καλῶς
2441 5504 2469 5556 6
2516 5501 2682 5558 Δασῖδ
2732 5505 2860 5574 περὶ
2895 5503 3048 5574 ὑμῶν
3085 5496 3239 5556 εἶπεν
3266 5517 3278 5531 '
3313 5519 3332 5555 ι
3373 5498 3604 5567 Ὀφθαλ-
