3988 6142
510 279 527 339 ι
539 279 643 341 9.25

1510 270 1959 334 DISPUTATIO
1998 270 2386 329 ADVERSUS
2425 271 2749 332 JUDEOS.

3603 263 3735 327 i226

507 391 640 457 μοὺς
681 387 887 455 ἔχουσι,
929 386 1021 439 καὶ
1052 386 1151 439 οὒκ
1183 386 1434 455 ὕψονταιο
1467 385 1690 455 καρδίας
1725 384 1929 452 ἔχουσι,
1968 382 2062 433 καὶ

2181 380 2471 447 Quomodo,
2498 381 2642 448 quod
2673 379 3023 449 impugnatis,
3060 378 3111 431 id
3144 379 3319 447 ipsum
3349 377 3651 447 requiritis,
3683 385 3738 430 et

502 477 564 531 οὐ
610 480 891 531 συνιᾶσι.»
939 477 1060 539 [Ιῶς
1093 477 1231 544 ὅπερ
1267 474 1575 545 πολεμεῖτε,
1625 472 1783 525 τοῦτο
1828 472 2064 532 ποθεῖτε,

505 571 600 623 καὶ
662 571 800 637 ὅπερ
861 567 1237 637 βδελύσσεσθε,
1291 566 1449 619 τοῦτο
1503 563 1799 635 προθύμως
1846 561 2066 631 δέχεσθε

507 661 826 731 παραδόξως
855 659 1178 729 νικώμενοι;
1216 658 1325 710 Καὶ
1357 659 1406 709 εί
1447 656 1555 724 ἄρα
1595 656 1715 708 νοῦν
1752 654 1849 706 καί⁹
1876 656 2070 724 φρόνη-

506 771 591 806 σιν
632 754 829 821 εἴχετε,
861 753 1020 822 ἢρκει
1072 752 1201 819 ὑμῖν
1240 750 1336 802 καὶ
1386 750 1520 801 πᾶσι
1574 746 1732 799 τοῦτο
1754 747 1814 797 τὸ
1842 748 2068 813 σημεῖον

507 848 585 907 είς
620 844 681 895 τὸ
716 843 886 909 δεῖξαι
931 843 1022 895 καὶ
1069 844 1253 893 πεῖσαι
1297 841 1463 907 ὑμᾶς,
1501 840 1581 891 ὃτι
1630 838 1868 908 ὴπίστις
1909 836 2003 887 καὶ
2042 837 2071 886 6

508 937 734 1006 σταυρὸς
769 934 863 987 τοῦ
899 934 1134 1002 Χριστοῦ
1164 934 1245 995 είς
1277 932 1478 993 αἰῶνας
1511 931 1743 983 πάντοτε
1774 928 2065 997 βασιλεύει.

506 1027 667 1078 Πύσοι
705 1025 804 1095 τὴν
847 1024 1030 1076 πίστιν
1071 1022 1230 1092 ἡμῶν
1273 1024 1365 1075 καὶ
1397 1023 1498 1090 τὴν
1543 1020 1867 1088 Ἐκκλησίαν
1907 1036 2070 1070 κατα-

504 1116 666 1169 λῦσαι
701 1114 1036 1183 ἐδοκίμασαν
1069 1116 1161 1165 καὶ
1190 1113 1291 1165 οὒκ
1326 1113 1564 1182 ἵσχυσαν;
1593 1108 1729 1161 Ἀλλ’
1775 1112 1927 1163 αὐτοὶ
1973 1111 2068 1178 μὲν

505 1206 811 1277 παρῆλθον,
853 1206 882 1257 6
928 1206 983 1257 δὲ
1015 1204 1262 1273 θεμέλιος
1284 1207 1384 1274 τῆς
1436 1201 1762 1272 Ἐκκλησίας
1786 1203 1877 1254 καὶ
1909 1202 1941 1271 ή
1976 1201 2066 1252 πί-

506 1313 621 1358 στις
662 1296 879 1348 ἵσταται
912 1294 1207 1356 ἀσάλευτος
1238 1294 1327 1346 διὰ
1358 1293 1589 1363 Χριστὸν
1622 1292 1713 1345 τὸν
1745 1290 1912 1352 οὕτως
1956 1289 2072 1357 ὁρί-

506 1403 695 1450 σαντα,
737 1387 819 1438 ὂτι
856 1405 874 1437 ι
898 1384 1070 1438 Πύλαι
1106 1384 1234 1454 ᾆδον
1263 1384 1326 1436 οὐ
1364 1382 1790 1453 κατισχύσουσιν
1822 1381 2009 1449 αὑτήν,
2046 1399 2064 1430 ι

577 1476 688 1529 Ποῦ
735 1477 885 1528 ἐστιν
930 1477 958 1527 6
1009 1474 1429 1544 Διοκλητιανόςς
1471 1474 1575 1526 ποῦ
1601 1474 1751 1524 ἐστιν
1784 1474 1810 1524 ὁ
1842 1472 2066 1541 Νέρων;

509 1567 613 1619 ποῦ
648 1568 677 1619 6
723 1565 1168 1628 ούεσπασιανὸς;
1207 1563 1308 1617 ποῦ
1370 1563 1651 1634 Ἥρὼδης;
1689 1562 1791 1615 ποῦ
1835 1564 1863 1615 6
1893 1561 2064 1625 Μαξι-

511 1656 721 1728 μιανὸς,
777 1657 874 1709 καὶ
937 1656 1136 1717 πάντες
1186 1657 1236 1708 οι
1290 1656 1418 1718 τοὺς
1470 1654 1707 1723 Χριστοῦ
1786 1653 2071 1725 μάρτυρας

2174 470 2319 537 quod
2367 470 2793 534 abominamini,
2827 470 2878 523 id
2910 469 3086 538 ipsum
3121 468 3412 537 diligenter
3436 467 3735 536 suscipitis,

2174 563 2255 617 sic
2298 578 2327 615 a
2360 562 2518 615 vobis
2551 562 2688 631 ipsis
2718 562 2845 615 victi
2878 560 3244 613 mirabiliter?
3275 558 3415 612 Sane
3449 558 3552 613 nisi
3585 573 3741 611 mens

2175 662 2229 707 et
2272 653 2633 723 intelligentia
2703 669 2800 708 vos
2858 653 3151 706 defecisset
3179 693 3193 715 ,
3227 651 3382 704 vobis
3427 659 3483 704 et
3527 649 3741 703 czeteris

2176 742 2433 795 niiinihus
2479 743 2612 797 satis
2652 751 2798 797 esset
2825 744 2931 797 hoc
2956 743 3207 811 signum,
3245 752 3304 795 ut
3335 755 3656 811 persuasum
3686 751 3741 794 et

2179 846 2516 904 compertum
2552 835 2832 889 haberetis
2856 877 2869 900 ,
2906 834 3068 888 ﬁdem
3098 841 3152 888 et
3197 849 3417 888 crucem
3450 832 3652 887 Christi
3687 833 3738 885 in

2176 928 2373 981 secula
2418 927 2714 980 dominari.
2768 925 2911 991 Quot
2955 938 3009 978 et
3058 924 3245 993 quanti
3282 923 3441 978 fidem
3472 933 3529 976 et
3556 919 3745 976 Eccle-

2176 1017 2311 1071 siam
2353 1027 2596 1071 nostram
2649 1016 2947 1072 dissolvere
3008 1023 3337 1085 sperarunt,
3373 1023 3428 1068 et
3478 1030 3588 1068 non
3641 1028 3742 1083 pe-

2176 1119 2334 1163 tuere
2357 1110 2379 1162 ?
2406 1110 2520 1164 lino
2559 1110 2659 1179 ipsi
2690 1109 3063 1171 transierunt,
3097 1117 3153 1161 at
3186 1106 3606 1161 fundamentum
3638 1104 3744 1158 Ec-

2175 1199 2354 1253 clesiae
2381 1240 2395 1261 ,
2445 1213 2565 1268 quze
2618 1208 2703 1253 est
2750 1197 2884 1253 rides
2909 1239 2924 1263 ,
2955 1198 3340 1252 inconcussum
3372 1207 3596 1261 manet,
3646 1212 3746 1266 per

2175 1294 2452 1347 Christum
2479 1331 2492 1353 ,
2548 1294 2642 1361 qui
2692 1292 2773 1346 sic
2816 1292 3100 1356 decrevit,
3154 1312 3171 1341 ι
3212 1292 3386 1345 Porta:
3412 1331 3427 1355 ,
3458 1290 3741 1359 inquiens.

2177 1385 2337 1439 inferi
2378 1400 2487 1438 non
2523 1385 2895 1455 praevalebunt
2921 1384 3182 1438 adversus
3213 1399 3331 1437 eam
3363 1384 3429 1436 ⁸⁸.
3461 1403 3478 1433 ι

2246 1477 2346 1533 Ubi
2386 1486 2471 1531 est
2514 1475 2924 1530 Diocletianus?
2961 1475 3053 1529 ubi
3096 1474 3282 1530 Nero?
3322 1475 3413 1528 ubi
3462 1472 3746 1544 Vespasia-

2178 1565 2313 1619 nus?
2342 1565 2434 1619 ubi
2459 1563 2740 1619 Herodes?
2771 1562 2861 1617 ubi
2906 1563 3287 1627 Maximianus,
3333 1574 3389 1617 ct
3428 1577 3621 1616 omnes
3648 1560 3742 1631 qui

2177 1664 2445 1726 martyres
2473 1653 2695 1722 quidem
2727 1653 2930 1708 Christi
2964 1652 3305 1713 occiderunt,
3354 1650 3514 1704 fidem
3560 1659 3743 1704 autem

507 1746 951 1809 ἀποκτείναντες,
984 1748 1083 1818 τὴν
1128 1748 1184 1799 δὲ
1218 1747 1402 1799 πίστιν
1428 1745 1588 1815 ἡμῶν
1641 1745 1716 1814 μὴ
1763 1744 2073 1806 παύσαντες

2181 1754 2420 1800 nostram
2466 1744 2818 1809 exstinguere
2865 1744 2948 1798 vel
2997 1743 3365 1797 intercludere
3400 1758 3511 1795 non
3554 1750 3748 1811 potuc-

513 1838 645 1909 μηδὲ
695 1838 1046 1903 κλείσαντεςς
1100 1839 1262 1890 Αὐτοὶ
1316 1837 1372 1890 δὲ
1418 1835 1693 1889 ἀπώλοντο
1745 1840 1834 1889 καὶ
1884 1836 2060 1889 διελύ-

509 1928 696 1997 θησαν.
734 1930 793 1981 ’0
831 1928 888 1981 δὲ
932 1928 1164 1996 Χριστὸς
1207 1929 1305 1981 οὐκ
1328 1927 1596 1995 ἐψεύσατο
1617 1927 1749 1997 ἡμῖν
1769 1926 1956 1990 εἰπὼν,
1988 1928 2069 1979 ὃτι

514 2041 531 2070 ι
562 2020 785 2073 Ἐσεσθε
812 2020 1126 2090 μισούμενοι
1152 2021 1255 2073 ὑπὸ
1281 2020 1497 2073 πάντων
1519 2019 1605 2072 διὰ
1625 2020 1683 2072 τὸ
1706 2002 1873 2088 ὄνομα
1903 2037 2025 2089 μου.
2051 2039 2069 2070 ι

510 2112 617 2163 Καὶ
651 2112 831 2176 πάλιν,
866 2112 946 2164 ὃτι
973 2130 991 2162 ι
1033 2112 1154 2163 Ἐπὶ
1181 2109 1415 2181 βασιλεῖς
1443 2113 1536 2163 καὶ
1553 2110 1823 2181 ἡγεμόνας
1849 2110 2078 2180 ἀχθήσε-

510 2203 602 2254 σθε
647 2201 833 2254 ἕνεκεν
881 2201 1037 2271 ἐμοῦ.
1068 2221 1086 2252 ι
1124 2202 1220 2254 Ἕν
1263 2198 1356 2254 οὖν
1408 2201 1759 2264 ὲπιλέξασθε’
1797 2201 1830 2271 ἢ
1871 2203 2076 2270 μισεῖτε

512 2295 685 2362 ἡμᾶς,
723 2293 894 2352 ὅντως
922 2292 1195 2346 δεικνύετε
1231 2292 1463 2364 Χριστὸν
1495 2290 1827 2362 ἀληθεύοντα
1858 2292 2079 2343 εἰπόντα

510 2386 664 2452 ἡμῖν,
697 2384 778 2435 ὄτι
812 2400 832 2432 ε
861 2383 1089 2435 Ἐσεσθε
1137 2382 1458 2453 μισούμενοι
1505 2383 1611 2435 ύπδ
1654 2383 1870 2436 πάντων
1905 2382 1995 2434 διὰ
2018 2381 2079 2434 τὸ

508 2470 681 2541 ὄνομά
708 2487 832 2541 μου.
862 2489 880 2521 ι
912 2472 988 2523 Οὐ
1018 2473 1174 2541 μόνον
1197 2472 1256 2524 δὲ
1277 2471 1454 2534 τοῦτο,
1485 2472 1620 2525 ἀλλὰ
1640 2473 1733 2525 καὶ
1750 2471 1882 2526 ἄλλα
1911 2471 2079 2525 πολλὰ

511 2558 685 2627 εἶπεν,
727 2564 885 2615 ἅτινα
917 2563 1035 2617 καθ’
1063 2564 1276 2633 ἡμέραν
1321 2563 1636 2633 θεωροῦμεν
1664 2564 1946 2633 γινόμενα,
1977 2566 2075 2618 καὶ

510 2652 603 2704 ἐπὶ
630 2653 817 2705 πλεῖον
849 2653 1014 2706 αὐτὸν
1044 2653 1119 2716 ὡς
1160 2654 1293 2705 Θεὸν
1324 2654 1759 2724 προσκυνοῦμεν.
1797 2650 1954 2721 Eine,
1984 2673 2079 2725 κη-

515 2742 845 2814 ρυχθήσεται
870 2743 933 2796 τὸ
966 2744 1299 2811 Εὐαγγέλιον
1332 2744 1498 2797 αὑτοῦ
1530 2745 1588 2797 ἐν
1619 2745 1725 2814 ὅλῳ
1756 2746 1834 2815 τῷ
1865 2746 2074 2817 κόσμῳ·

514 2830 702 2886 εἶπενσ
737 2835 812 2887 Οὐ
857 2835 931 2905 μὴ
984 2835 1141 2906 μείνῃ
1184 2834 1328 2897 λίθος
1376 2836 1468 2887 ἐπὶ
1514 2833 1662 2888 λίθον
1693 2836 1771 2898 είς
1819 2836 1911 2888 τὸν
1954 2837 2080 2889 ναὸν

516 2925 668 2990 ὑμῶν
689 2941 703 2956 ’
742 2920 920 2989 εἶπεν,
963 2925 1044 2978 ὅτι
1075 2943 1093 2975 ο
1140 2924 1197 2979 '0
1228 2925 1302 2994 μὴ
1334 2925 1518 2994 ἀφιεὶς
1557 2926 1767 2997 πατέρα
1802 2926 1893 2979 καὶ
1922 2927 2079 2980 ἀδελο

515 3018 647 3083 φοὺς
679 3019 772 3069 καὶ
812 3017 1066 3084 ἀδελφὰς,
1115 3017 1177 3069 οὐ
1213 3016 1437 3070 δύναται
1484 3016 1850 3087 ἀκολουθῆσαί
1902 3034 2014 3088 μοι.
2053 3036 2072 3069 ι

515 3104 682 3160 Εἶπεν
704 3110 835 3177 ἡμῖν
859 3110 986 3177 περὶ
1017 3108 1139 3177 ne»,
1149 3108 1386 3178 μοσύνης
1407 3110 1661 3178 κρυπτῶς
1684 3110 1849 3180 αὐτὴν
1881 3114 2071 3165 ποιεῖν’

513 3194 667 3250 εἶπεν
694 3201 830 3269 ἡμῖν
851 3216 866 3230 ο
900 3217 919 3249 ι
952 3198 1286 3262 Βαπτίζεσθε
1311 3203 1391 3263 εῖς
1418 3201 1478 3253 τὸ
1511 3200 1680 3271 ὄνομα
1714 3202 1806 3255 τοῦ
1840 3204 2073 3273 Πατρδς,

515 3288 609 3339 καί
644 3287 741 3340 τοῦ
801 3288 952 3351 Υίοῦ,
977 3290 1070 3342 καὶ
1113 3289 1208 3343 τοῦ
1251 3291 1407 3359 ἁγίου
1448 3292 1795 3362 Πνεύματος.
1823 3314 1852 3361 ,ι
1908 3292 2075 3348 Εἶπεν

514 3381 645 3447 ἡμῖν
672 3395 686 3408 ⁸
730 3398 748 3430 α
767 3379 902 3433 Μεθ’
933 3380 1087 3449 ὑμῶν
1126 3383 1240 3452 είμι
1275 3384 1454 3445 πάσας
1484 3384 1581 3447 τὰς
1613 3386 1824 3455 ἡμέρας
1850 3386 1952 3449 ἕως
1978 3387 2076 3457 τῆς

514 3468 826 3529 συντελείας
857 3467 951 3519 τοῦ
983 3468 1198 3531 αἰῶνος.
1226 3489 1244 3520 ι
1278 3471 1374 3534 Τίς
1401 3470 1495 3523 οῦν
1523 3474 1673 3525 ἐστιν
1718 3474 1747 3525 6
1783 3474 2077 3543 δυνάμενος

515 3559 732 3626 ἐλέγξαι
752 3559 935 3621 αὑτὸν,
958 3561 1040 3612 ὅτι
1061 3560 1328 3628 ἐψεύσατο
1348 3564 1524 3615 ταῦτα
1573 3564 1797 3617 εἰπόντα
1825 3566 1915 3618 τὸν
1945 3566 1989 3618 Χ
1999 3583 2080 3636 ρι-

518 3647 672 3711 στόν;
715 3649 900 3710 Οὐδεὶς
955 3652 1205 3714 παντως*
1251 3652 1388 3705 ἀλλὰ
1438 3655 1615 3707 πάντα
1653 3657 1961 3723 γεγόνασιν,
2002 3656 2078 3718 ὡς

518 3738 873 3807 προείπομεν,
906 3741 998 3793 καὶ
1042 3742 1302 3808 γίνονται.
1340 3739 1488 3813 Ἀρα
1539 3745 1636 3798 οὑκ
1675 3746 1869 3799 ἔπεσεν
1898 3749 1924 3799 6
1953 3747 2078 3809 ναὸς

517 3828 672 3898 ὑμῶν
717 3830 810 3882 καὶ
862 3831 1031 3899 ὲκάη;
1060 3826 1167 3899 ἆρα
1199 3832 1298 3884 οὐκ
1342 3834 1619 3905 ἐκηρύχθη
1649 3837 1709 3888 τὸ
1751 3837 2079 3905 Εὐαγγέλιον

515 3921 681 3975 αὑτοῦ
720 3924 779 3974 ὲν
809 3921 918 3991 ὅλῳ
945 3921 1022 3992 τῷ
1046 3924 1234 3993 κόσμῳ
1259 3940 1273 3986 ;
1305 3919 1413 3994 ἄρα
1439 3926 1499 3978 ού
1542 3927 1847 3996 μισούμεθα
1875 3931 1921 3981 οἱ
1953 3931 2079 3999 Χρι-

518 4014 739 4065 στιανοὶ
760 4013 864 4066 ὑπὸ
895 4014 1115 4065 πάντων
1148 4014 1256 4066 τῶν
1283 4015 1454 4068 ἐθνῶν
1480 4016 1567 4070 διὰ
1596 4018 1656 4069 τὸ
1688 4019 1858 4087 ὄνομα
1880 4020 2075 4086 avi-:05;

517 4098 625 4173 ἄρα
655 4105 714 4156 ού
763 4103 1076 4173 θεωροῦμεν
1137 4107 1360 4174 μυρίους
1406 4108 1658 4174 ἀφιέντας
1699 4112 1957 4181 πατέρας,
1988 4114 2080 4165 καὶ

519 4197 780 4265 μητέρας,
803 4199 894 4251 καὶ
922 4195 1341 4261 ἀκολουθοῦντα..
1366 4197 1441 4268 τῷ
1468 4200 1718 4271 Χριστῴ;
1743 4197 1850 4271 ἆρα
1882 4206 1940 4255 ού
1964 4203 2081 4272 βλέ-

517 4304 689 4354 πομεν
739 4288 772 4358 ἢ
816 4289 876 4340 οὐ
906 4288 1133 4358 νοοῦμεν
1159 4291 1243 4343 ὅτι
1286 4291 1404 4361 μεθ’
1428 4292 1584 4361 ἡμῶν
1614 4295 1760 4346 ἐστιν
1785 4295 1813 4346 6
1841 4296 2074 4365 Χριστὸς

2179 1837 2342 1890 runt?
2368 1836 2476 1905 Ipsi
2513 1836 2797 1905 perierunt
2818 1846 2872 1889 et
2900 1835 3150 1890 dissoluti
3174 1844 3321 1897 sunt,
3351 1850 3588 1902 veraque
3610 1849 3740 1902 pra:-

2177 1925 2457 1979 uuntiavit
2506 1924 2797 1990 Christus,
2842 1925 3006 1979 nobis
3052 1924 3284 1978 dicens:
3333 1944 3350 1975 ι
3402 1924 3540 1978 Odio
3591 1925 3747 1980 eritis

2178 2017 2438 2071 omnibus
2485 2025 2712 2086 propter
2760 2032 2961 2071 nomen
3017 2032 3197 2070 meum
3229 2017 3313 2082 ‘7;
3352 2035 3370 2067 ι
3407 2026 3462 2069 et
3500 2015 3696 2070 iterum
3730 2035 3742 2069 :

2187 2127 2204 2158 ‹
2228 2107 2307 2161 Ad
2331 2123 2485 2178 reges
2512 2116 2568 2163 et
2591 2107 2657 2161 ad
2691 2107 2953 2177 prmsides
2970 2107 3249 2162 ducemini
3280 2116 3505 2177 propter
3536 2123 3621 2162 me
3642 2106 3740 2161 ³⁸..

2179 2200 2293 2255 Hoc
2334 2201 2503 2271 igitur
2540 2202 2718 2254 solum
2769 2207 3041 2269 superest,
3076 2198 3222 2268 quod
3270 2198 3601 2253 concludere
3643 2199 3743 2253 de-

2180 2291 2357 2346 beatis
2392 2308 2404 2343 :
2438 2291 2566 2346 odio
2596 2306 2793 2361 nempe
2823 2300 3006 2346 vestro
3046 2291 3333 2346 adversum
3368 2307 3489 2357 nos,
3533 2292 3747 2361 perspi-

2180 2397 2283 2437 cue
2311 2382 2701 2437 demonstratis
2739 2398 2871 2437 vera
2908 2382 3266 2452 prephetasse
3287 2377 3590 2445 Clirisiuin,
3615 2382 3745 2437 dum

2180 2474 2433 2528 diceret:
2497 2492 2516 2525 ς
2562 2472 2700 2528 Odio
2753 2472 2911 2527 eritis
2965 2472 3222 2526 onmibus
3273 2482 3500 2543 prepter
3546 2488 3745 2529 nomen

2182 2580 2385 2619 meum.
2414 2582 2432 2615 ›
2478 2564 2668 2634 Neque
2701 2562 2834 2617 illud
2865 2572 3097 2629 tantum,
3137 2564 3231 2620 sed
3270 2565 3439 2620 multa
3481 2565 3585 2620 alia
3612 2581 3749 2636 pra:-

2182 2654 2341 2718 dixit,
2368 2671 2488 2724 quae
2515 2654 2763 2724 quotidie
2793 2654 2861 2708 ad
2889 2655 3146 2709 eﬂectum
3178 2654 3443 2724 perducta
3475 2654 3746 2725 conSpici-

2180 2763 2325 2813 mus,
2373 2746 2518 2800 unde
2565 2747 2736 2815 magis
2789 2745 2845 2799 in
2900 2745 3090 2815 ipsius,
3142 2754 3202 2800 ut
3256 2745 3376 2810 Dei,
3429 2746 3748 2800 adoratioue

2182 2838 2593 2893 conlirmamur.
2628 2837 2773 2891 Dixit
2804 2836 2953 2891 enim
3008 2835 3365 2906 praedicatum
3394 2836 3459 2891 iri
3508 2836 3751 2908 Evange-

2181 2928 2315 2983 lium
2348 2943 2507 2983 suum
2554 2928 2610 2981 in
2653 2929 2913 2983 universo
2947 2926 3188 2993 mundo;
3216 2927 3625 2997 przedixittnon
3658 2944 3748 2984 re-

2182 3034 2504 3073 mansurum
2533 3017 2772 3088 lapidem
2799 3018 3219 3088 superiapidem
3243 3018 3296 3072 in
3320 3019 3521 3088 templo
3542 3027 3744 3086 vestro,
3763 3041 3780 3072 ι

2179 3109 2353 3164 dixit:
2394 3128 2411 3160 ι
2449 3108 2550 3175 Qui
2583 3123 2691 3162 non
2730 3107 2993 3177 relinquit
3015 3117 3226 3178 patrem
3251 3115 3307 3162 et
3339 3107 3537 3164 fratres
3570 3119 3629 3163 et
3655 3124 3746 3163 so-

2180 3216 2355 3266 rores,
2387 3217 2498 3254 non
2523 3207 2704 3270 potest
2749 3199 2938 3253 venire
2974 3208 3100 3268 post
3139 3215 3225 3253 me
3251 3200 3325 3265 ";
3364 3219 3381 3251 ι
3413 3199 3480 3255 de
3514 3200 3748 3255 eleemo-

2180 3306 2310 3361 syna
2363 3289 2626 3360 prwcepit
2670 3288 2852 3351 nobis,
2902 3296 2962 3342 ut
3007 3289 3244 3343 latenter
3280 3304 3400 3343 eam
3435 3288 3743 3354 faciamus;

2178 3382 2317 3436 dixit
2350 3382 2544 3436 nobis:
2579 3402 2595 3431 α
2632 3380 2990 3449 Baptizamini
3020 3380 3073 3434 in
3100 3380 3319 3435 nomine
3346 3380 3525 3436 Patris
3548 3389 3603 3434 et
3624 3381 3747 3435 Filii

2178 3477 2234 3521 et
2261 3467 2501 3537 Spiritus
2530 3468 2738 3533 sancti;
2774 3485 2793 3519 ι
2830 3477 2886 3522 et
2919 3467 3116 3522 iterum
3144 3486 3157 3521 :
3190 3488 3207 3518 ι
3239 3468 3381 3522 Ecce
3423 3484 3524 3538 ego
3560 3469 3777 3523 vobis-‘

2178 3573 2302 3612 cum
2349 3573 2471 3612 sum
2524 3573 2698 3627 usque
2722 3557 2788 3611 ad
2820 3559 3351 3613 consummationem
3396 3558 3579 3614 saeculi
3604 3560 3668 3611 “°.
3722 3580 3738 3609 ι

2181 3649 2385 3717 Ecquis
2431 3649 2599 3718 igitur
2633 3648 2914 3703 Christum
2959 3650 3134 3719 possit
3186 3650 3457 3705 mendacii
3515 3667 3746 3722 arguere

2180 3738 2326 3793 circa
2358 3739 2455 3793 has
2476 3754 2667 3793 onmes
2693 3739 3121 3808 praedictiones?
3150 3742 3321 3795 Nemo
3348 3756 3475 3795 sane
3502 3757 3516 3807 ;
3546 3742 3662 3805 sed,
3688 3752 3747 3795 ut

2174 3831 2283 3899 jam
2318 3830 2578 3894 diximus,
2605 3831 2785 3885 omnia
2814 3831 2879 3884 ad
2922 3830 3178 3885 eﬂ'ectum
3217 3832 3482 3901 perducta
3512 3843 3661 3900 sunt,
3692 3847 3747 3890 et

2181 3921 2578 3990 perducuntur.
2607 3924 2800 3977 Nonne
2827 3924 3090 3993 templum
3118 3935 3363 3980 vestrum
3394 3925 3639 3980 dirutum
3663 3939 3747 3983 est

2179 4021 2237 4067 et
2269 4013 2654 4067 combustum?
2682 4013 2875 4067 Nonne
2903 4015 3254 4083 prmdieatum
3278 4024 3363 4071 est
3396 4017 3748 4089 Evangelium

2181 4107 2303 4174 ejus
2358 4105 2413 4159 in
2472 4106 2732 4160 universo
2784 4105 3028 4159 mundo?
3070 4107 3261 4163 Nonne
3311 4109 3440 4162 odio
3479 4110 3748 4164 habemur

2182 4213 2281 4253 nos
2305 4197 2603 4252 Christiani
2630 4196 2698 4251 ab
2722 4198 2979 4252 omnibus
3009 4199 3265 4268 gentibus
3291 4210 3514 4270 propter
3546 4218 3747 4256 nomen

2181 4291 2336 4360 ejus?
2373 4292 2564 4346 Nonne
2596 4292 2847 4345 videmus
2891 4292 3322 4348 innumerabiles
3348 4334 3362 4358 ,
3401 4295 3652 4364 patribus
3694 4307 3750 4350 et

517 4376 695 4438 πάσας
721 4377 814 4438 τὰς
836 4377 1043 4445 ἡμέρας
1062 4376 1277 4446 ἓωςτῆς
1297 4379 1611 4442 συντελείας
1632 4380 1725 4433 τοῦ
1757 4381 1971 4446 αίῶνος,
2009 4383 2074 4450 μὴ

2188 4383 2457 4437 matribus
2483 4384 2713 4445 relictis,
2739 4383 2891 4436 illum
2924 4386 3259 4453 sequentes?
3296 4386 3489 4441 Nonne
3534 4389 3748 4457 perspi-

519 4464 816 4535 συγχωρῶν
851 4466 1262 4535 καταργηθῆναι
1286 4468 1385 4537 τὴν
1406 4470 1589 4521 πίστιν
1632 4471 1823 4539 ήμῶν;
1865 4472 1959 4535 Τίς
1989 4471 2081 4525 οὖν

518 4554 731 4624 βλέπων
758 4556 825 4609 τὰ
847 4559 1070 4613 τοιαῦτα
1093 4560 1185 4611 καὶ
1207 4560 1275 4613 τὰ
1297 4560 1536 4613 τοσαῦτα
1555 4562 1720 4615 αὐτοῦ
1742 4563 1961 4633 ῥήματα
1988 4565 2082 4616 καὶ

518 4646 840 4716 πράγματα,
872 4647 1016 4717 ἅπερ
1044 4647 1150 4717 πρὸ
1181 4649 1386 4716 χρόνων
1429 4650 1763 4705 ὀκτακοσίων
1792 4652 1825 4723 ἦ
1857 4653 1951 4705 καὶ
1978 4654 2079 4705 ἐπ-

518 4736 703 4788 έκεινα
726 4737 1006 4805 προεῖπεν,
1035 4737 1276 4807 σήμερον
1309 4737 1403 4792 καὶ
1432 4738 1552 4794 καθ’
1578 4741 1793 4811 ἡμέραν
1822 4741 2081 4810 γινόμενα

518 4826 610 4877 καὶ
650 4825 955 4893 λάμποντα,
981 4826 1200 4879 δύναται
1222 4829 1527 4898 ἀπιστῆσαι
1555 4830 1587 4900 ἦ
1629 4831 2081 4901 σκανδαλισθῆναι

517 4918 596 4976 εἰς
628 4916 829 4980 αύτόν;
865 4917 938 4986 μὴ
974 4916 1204 4983 γένοιτο.
1243 4919 1408 4971 Ὥστε
1454 4920 1534 4989 τῷ
1564 4921 1872 4991 βουλομένῳ
1901 4923 2082 4974 ἐντεῦ-

521 5005 612 5057 θεν
642 5004 758 5057 ἔστι
787 5007 1002 5074 μαθεῖν,
1034 5008 1116 5059 ὃτι
1146 5008 1242 5077 οὐχ
1274 5009 1509 5079 ὑπάρχει
1560 5013 1724 5081 ἑτέρα
1780 5013 1958 5073 πίστις
2000 5013 2086 5064 e6-

522 5095 819 5165 σεΰεστέρα
851 5097 942 5148 ἐπὶ
982 5099 1077 5166 τῆς
1111 5099 1233 5167 γῆς,
1265 5100 1437 5170 ἀλλ’ἢ
1472 5102 1607 5171 μόνη
1658 5107 1690 5172 ἡ
1721 5105 1800 5165 εἰς
1834 5105 2083 5172 Χριστόν.

518 5184 678 5252 Δύεῷ
707 5185 737 5253 ἡ
764 5185 886 5247 δόξα
922 5187 1012 5237 καὶ
1041 5186 1100 5238 τὸ
1131 5188 1346 5255 κράτος.
1394 5190 1583 5257 ’Δμήν.

601 5522 647 5556 ⁸ὀ
683 5526 871 5579 Matth.
903 5544 1011 5591 xvr,
1045 5528 1127 5581 l8.
1205 5531 1246 5561 ⁵⁷
1285 5528 1471 5581 Matth.
1505 5544 1555 5591 κ,
1591 5526 1679 5580 22.

840 5729 1103 5792 Pan-'11..
1148 5733 1259 5793 Gn.
1314 5733 1640 5796 LXXXIX.-

1762 5526 1804 5557 ⁵⁸
1837 5524 1971 5579 ibid.
2001 5526 2081 5579 l3.
2160 5527 2203 5556 ⁵³
2241 5527 2430 5583 Matth.
2460 5547 2508 5593 κ,
2541 5533 2626 5585 37.

2184 4474 2361 4529 cimus
2393 4482 2490 4527 aut
2517 4475 2894 4544 intelligimus,
2924 4475 3069 4545 quod
3111 4475 3365 4532 Christus
3416 4494 3541 4532 cum
3588 4478 3750 4533 nobis

2185 4565 2255 4619 sit
2282 4581 2453 4635 usque
2483 4566 2548 4619 ad
2578 4568 3108 4622 consummationem
3138 4568 3345 4635 seculi,
3382 4584 3490 4623 non
3518 4572 3749 4640 permit-

2184 4664 2305 4709 tens
2334 4656 2493 4710 fidem
2526 4665 2767 4711 nostram
2802 4658 3101 4713 evacuari?
3137 4658 3270 4725 Quis
3312 4669 3397 4714 est
3432 4660 3600 4730 igitur
3630 4663 3747 4732 qui,

2187 4742 2314 4794 talia
2354 4750 2409 4795 et
2459 4750 2608 4795 tanta
2654 4757 2884 4798 cernens
2918 4743 2986 4797 ab
3022 4744 3114 4798 illo
3137 4755 3263 4799 ante
3290 4747 3633 4816 octingentos
3666 4750 3751 4803 vel

2187 4833 2374 4900 plures
2405 4847 2576 4887 annos
2598 4831 2856 4902 praedicta
2892 4834 2976 4888 vel
3004 4844 3295 4905 praecepta,
3324 4837 3569 4909 quotidie
3605 4854 3753 4893 nunc

2189 4925 2254 4977 ad
2301 4924 2557 4978 effectum
2608 4941 2732 4980 cum
2794 4936 2944 4979 tanto
2990 4928 3280 4997 splendore
3322 4929 3612 4999 perducta,
3642 4946 3751 4985 non

2187 5012 2393 5071 credat.
2416 5020 2509 5064 aut
2535 5013 2939 5067 scandalizetur
2968 5016 3019 5067 in
3047 5015 3213 5069 eum?
3237 5016 3390 5070 Absit
3408 5025 3466 5070 ut
3488 5017 3609 5071 talis
3630 5017 3753 5086 quis

2186 5102 2459 5154 exsistat!
2499 5102 2573 5154 Ex
2631 5102 2715 5155 his
2754 5103 2919 5172 igitur
2968 5105 3164 5173 cuique
3196 5107 3400 5158 volenti
3441 5107 3751 5174 perSpicerc

2187 5192 2336 5254 licet,
2380 5192 2584 5245 nullam
2612 5194 2877 5247 exsistere
2904 5209 3069 5262 super
3096 5204 3321 5257 terram,
3354 5194 3752 5264 religiosiorem

2189 5282 2375 5343 fidem,
2404 5291 2600 5349 prater
2623 5283 2791 5336 solam
2835 5283 2995 5336 tidem
3028 5282 3082 5334 in
3109 5280 3411 5334 Christum.
3448 5281 3553 5349 ipsi
3582 5280 3753 5350 gloria

2188 5382 2241 5424 ct
2286 5381 2543 5439 potestas.
2578 5373 2771 5426 Amen.

2708 5533 2750 5564 ‘°
2783 5533 2975 5588 Matth.
3012 5549 3194 5595 xxvm,
3237 5535 3318 5596 l9,
3346 5532 3435 5588 ΞΟ.

3277 5730 3355 5789 39
