3988 6142
372 283 502 347 1227
1554 292 1619 352 S.
1663 292 2052 350 .1NASTASII
2097 291 2416 350 SINAlT/E
3472 291 3606 355 1228

1062 657 1290 744 ΤΟΥ
1360 651 1737 743 ΑΥΤΟΥ
1813 654 2302 742 ΔΕΥΤΕΡΑ
2374 657 2931 746 ΕΡΩΤΗΣΙΣ.

1513 978 2046 1082 ΞΕΕΗΝΒᾹ
2147 990 2515 1080 INTER
2539 989 3101 1084 ROGATIO.

871 993 1406 1086 EJUSDEM

429 1334 505 1388 ‘Et
532 1332 714 1388 omnia
747 1332 968 1403 quidem
999 1331 1065 1387 de
1100 1333 1191 1387 illo
1226 1333 1507 1403 propheta:
1539 1332 1928 1403 praedixerunt,
1957 1353 1973 1383 λ

2104 1331 2212 1382 Καὶ
2229 1332 2335 1400 γὰρ
2361 1331 2574 1386 ἃπαντα
2593 1330 2662 1383 τὰ
2681 1330 2806 1401 περὶ
2829 1327 2992 1383 αὐτοῦ
3009 1329 3057 1382 οἱ
3077 1329 3349 1398 προφῆται
3373 1327 3615 1399 προεκή-

366 1441 465 1480 res
499 1435 680 1480 autem
725 1442 832 1480 non
871 1425 1171 1478 attenditis.
1222 1424 1278 1479 Si
1312 1442 1444 1479 vero
1491 1425 1676 1479 dicitis
1711 1442 1724 1478 :
1761 1423 1941 1490 Quare

368 1517 649 1587 propheta:
674 1516 742 1570 de
773 1505 961 1571 vestro
993 1516 1217 1571 Christo
1255 1517 1549 1586 loquentes
1600 1533 1709 1571 non
1754 1527 1940 1585 aperte

367 1619 424 1664 et
472 1610 615 1665 clare
672 1609 833 1664 nobis
877 1609 1046 1663 loculi
1100 1610 1277 1664 sunt?
1322 1611 1393 1666 Ut
1439 1608 1695 1672 videatis,
1740 1608 1938 1670 Judaei,

363 1701 648 1760 Christum
678 1704 892 1758 venisse
922 1713 976 1758 et
1024 1705 1187 1757 tinem
1225 1703 1554 1772 imposuisse
1589 1702 1693 1772 legi
1729 1709 1784 1755 et
1809 1701 1942 1770 legis

368 1790 856 1858 immolationibus,
911 1800 966 1846 et
1015 1791 1172 1845 vobis
1207 1791 1331 1844 dico
1378 1808 1390 1842 :
1442 1789 1601 1852 Istos,
1653 1789 1697 1843 si
1737 1787 1941 1841 nudam

364 1897 482 1938 rem
513 1881 587 1936 ita
615 1882 786 1937 locuti
817 1891 1022 1947 essent,
1055 1882 1238 1936 statim
1281 1879 1607 1951 lapidabatis
1639 1893 1941 1947 eorumque

368 1974 542 2028 libros
567 1973 916 2029 cremabatis.
943 1974 1054 2029 Nos
1079 1973 1300 2028 demum
1331 1974 1384 2028 in
1428 1973 1534 2027 hoc
1565 1972 1894 2041 aspiciamus
1924 1987 1938 2037 ;

367 2062 534 2116 modo
557 2062 706 2115 enim
735 2077 800 2115 ex
836 2062 1036 2116 vestris
1065 2061 1350 2131 prOphetis
1395 2076 1494 2115 vos
1533 2059 1941 2120 confundimus,

365 2153 552 2208 omnia
578 2169 698 2223 qua:
738 2153 808 2209 de
838 2152 1059 2209 Christo
1102 2153 1363 2207 dixerunt
1409 2162 1700 2222 arguentes
1737 2162 1793 2205 et
1833 2165 1944 2220 prae

367 2246 525 2301 vobis
569 2255 862 2317 ponentes.
911 2245 1083 2300 David
1142 2245 1290 2299 enim
1349 2244 1484 2299 dicit
1529 2263 1542 2299 :
1592 2263 1609 2295 ι
1655 2243 1945 2298 Inclinavit

367 2339 539 2393 melos
566 2349 622 2392 et
658 2337 951 2393 descendit
981 2340 1045 2391 ⁶¹.
1090 2357 1108 2388 ι
1146 2337 1312 2392 Isaias
1345 2336 1480 2390 dicit
1512 2354 1524 2390 :
1562 2354 1579 2387 ι
1614 2337 1754 2392 Ecce
1789 2335 1942 2406 virgo

367 2428 644 2499 concipiet
676 2439 732 2484 et
767 2430 943 2498 pariet
968 2427 1162 2495 filium,
1211 2438 1269 2483 et
1299 2428 1574 2483 vocabunt
1603 2443 1800 2482 nomen
1825 2428 1944 2496 ejus

370 2518 687 2574 Emmanuel
717 2520 801 2583 ⁶²;
845 2538 863 2571 ι
917 2534 986 2573 en
1037 2520 1157 2590 ejus
1201 2519 1481 2574 nativitas.
1538 2519 1741 2573 lterum
1799 2517 1943 2571 idem

369 2610 640 2681 propheta
671 2609 805 2664 dicit
842 2627 855 2662 :
901 2628 918 2660 ι
956 2610 1052 2665 Ille
1078 2609 1224 2664 Deus
1253 2618 1458 2672 noster,
1484 2625 1593 2662 non
1616 2607 1945 2677 diseeptabit

2047 1421 2236 1490 ρυξαν,
2262 1423 2374 1475 ἀλλ’
2401 1423 2556 1491 ὑμεῖς
2581 1423 2682 1475 ούκ
2704 1421 3026 1491 ἐμϐλέπετε.
3044 1422 3106 1474 Εἰ
3122 1421 3176 1474 δὲ
3200 1423 3388 1490 λέγετε
3413 1420 3612 1486 ὃτι-ἐὰν

2044 1511 2094 1563 οι
2129 1510 2406 1580 προφῆται
2435 1511 2590 1581 ὑμῶν
2611 1528 2680 1563 πε
2693 1512 2744 1579 pi.
2769 1511 2864 1564 τοῦ
2896 1510 3130 1581 Χριστοῦ
3155 1513 3422 1573 εἰπόντες,
3445 1513 3532 1564 διὰ
3559 1527 3588 1561 τ

2048 1601 2123 1672 μὴ
2146 1603 2398 1673 φανερῶς
2423 1605 2521 1657 καὶ
2561 1603 2860 1675 διαρρήδην
2881 1601 3033 1658 εἷπον
3058 1606 3188 1673 ἡμῖν
3217 1604 3376 1671 ;"O':t
3408 1604 3494 1656 ενα
3525 1607 3571 1656 εί

2043 1692 2458 1763 δῆτε,Ἰουδαῖοι,
2478 1694 2561 1746 ὅτι
2582 1696 2611 1748 6
2629 1695 2861 1763 Χριστὸς
2885 1695 3068 1764 μέλλει
3091 1695 3266 1746 ἐλθεῖν
3284 1693 3378 1745 καὶ
3396 1693 3503 1744 παῦ
3513 1692 3622 1746 σαιέ

2039 1785 2132 1838 τὸν
2165 1786 2327 1855 νόμον
2362 1785 2578 1848 καὶτὰς
2625 1785 2818 1848 θυσίας
2847 1785 2942 1838 τοῦ
2987 1783 3157 1854 νόμου
3181 1799 3196 1816 °
3223 1783 3318 1836 καὶ
3344 1783 3488 1850 λέγω
3528 1799 3613 1835 om

2040 1875 2122 1927 ὅτι
2152 1875 2201 1926 εἰ
2229 1871 2383 1927 εἷπον
2412 1875 2586 1938 οὕτως
2629 1875 2836 1944 γυμνὸν
2875 1874 2936 1928 τὸ
2971 1877 3226 1944 πρᾶγμα.
3262 1873 3464 1936 εὐθέως
3507 1873 3616 1925 ἐλιο

2041 1962 2235 2027 θάζετε
2279 1963 2478 2027 αὐτοὺς
2513 1964 2608 2016 καὶ
2648 1962 2749 2026 τὰς
2800 1963 3014 2034 βίϐλους
3045 1963 3225 2017 αὐτῶν
3249 1963 3484 2016 ὲκαίετε.
3509 1965 3617 2015 Καὶ

2042 2057 2203 2126 ήμεῖς
2233 2054 2419 2108 λοιπὸν
2449 2056 2530 2116 είς
2562 2053 2723 2108 τοῦτο
2753 2056 3064 2127 βλεπόμεθα
3086 2072 3100 2087 ·
3128 2055 3252 2126 ἄρτι
3275 2055 3384 2127 γὰρ
3409 2056 3473 2108 ὲκ
3503 2055 3616 2106 τῶν

2046 2147 2337 2218 προφητῶν
2381 2147 2533 2217 ὑμῶν
2592 2148 2738 2216 ὑμᾶς
2778 2139 3238 2218 καταισῇύνομεν,
3279 2147 3376 2201 ὃλα
3412 2147 3481 2200 τὰ
3517 2146 3614 2199 τοῦ

2043 2241 2280 2310 Χριστοῦ
2319 2238 2378 2303 ἐξ
2415 2239 2596 2292 αὐτῶν
2627 2239 2771 2307 ὑμᾶς
2803 2239 3119 2307 ἐλέγχοντες
3155 2239 3253 2290 καὶ
3293 2237 3602 2307 παριστῶνο

2042 2347 2154 2393 τες.
2195 2330 2254 2383 '0
2289 2330 2455 2382 Δαεὶδ
2502 2329 2600 2400 μὲν
2643 2331 2753 2399 γὰρ
2798 2328 2982 2396 λέγει·
3029 2330 3320 2382 ιἜκλινεν
3351 2330 3614 2397 οὐρανοὺς

2045 2422 2140 2475 καὶ
2173 2422 2402 2492 κατέὅη.
2436 2439 2454 2472 ι
2504 2420 2731 2482 Ἡσαΐας
2759 2419 2934 2488 λέγει’
2975 2439 2994 2471 ι
3034 2419 3164 2473 Ἰδοὺ
3192 2421 3224 2490 ή
3255 2420 3524 2490 παρθένος
3559 2423 3619 2472 ἐν

2045 2514 2244 2582 γαστρὶ
2266 2512 2397 2576 ἕξει,
2429 2511 2521 2564 καὶ
2545 2511 2756 2576 τέξεται
2782 2512 2933 2572 υἱὸν,
2966 2511 3063 2564 καὶ
3093 2511 3380 2564 καλέσουσι
3408 2511 3468 2564 τὸ
3497 2512 3620 2564 ὅνο-

2052 2621 2128 2675 μα
2157 2603 2321 2657 αὐτοῦ
2363 2605 2713 2674 Ἐμμανουήλ
2733 2621 2748 2635 ο
2775 2622 2797 2658 ι,
2824 2603 2932 2656 ἰδοὺ
2959 2605 2993 2672 ή
3013 2603 3286 2673 γέννησις.
3319 2606 3426 2657 Καὶ
3454 2603 3615 2656 πάλιν

366 2702 508 2757 alius
542 2718 667 2756 cum
695 2702 824 2767 illo;
851 2709 909 2756 et
950 2710 1074 2772 post
1123 2702 1179 2756 in
1222 2709 1370 2756 terra
1421 2702 1574 2755 visus
1601 2712 1684 2756 est
1724 2709 1781 2755 et
1818 2715 1942 2755 eum

2048 2695 2073 2748 6
2102 2696 2264 2759 αὐτὸς
2295 2698 2580 2768 προφήτης
2622 2696 2808 2764 λέγει’
2854 2714 2873 2748 ι
2898 2690 3062 2758 Οὗτος
3099 2698 3127 2750 6
3162 2696 3294 2759 Θεὸς
3347 2697 3523 2766 ήμῶν,
3553 2698 3616 2749 ού

370 2793 692 2848 hominibus
735 2802 1096 2849 conversatus
1137 2803 1221 2848 est
1244 2794 1328 2849 63:
1371 2812 1389 2845 ι
1422 2808 1491 2849 en
1520 2794 1640 2863 ejus
1679 2808 1806 2848 cum
1836 2792 1940 2846 ho-

369 2884 617 2938 minibus
643 2886 1012 2941 conversatio.
1036 2886 1148 2940 Nec
1172 2885 1433 2954 possibile
1461 2894 1580 2939 erat
1604 2885 1764 2938 aliter
1789 2884 1942 2938 illum

368 2975 440 3029 ab
480 2974 800 3030 hominibus
822 2975 1021 3040 videri,
1043 2975 1189 3030 nuda
1211 2975 1266 3029 in
1290 2975 1578 3030 divinitate
1603 2974 1942 3038 conversari,

371 3064 478 3119 nisi
515 3064 811 3118 humanam
845 3071 1100 3118 naturam
1150 3073 1206 3118 et
1251 3079 1473 3120 carnem
1520 3063 1848 3133 sumpsisset
1890 3072 1946 3117 et

371 3156 663 3212 induisset.
704 3155 918 3227 Moyses
960 3171 1199 3226 quoque,
1240 3165 1527 3226 postquam
1573 3156 1802 3226 gloriam
1848 3154 1944 3209 Dei

372 3247 626 3312 vidisset,
654 3249 728 3301 ita
761 3255 820 3300 ut
848 3248 1144 3316 nequirent
1178 3246 1274 3300 ﬁlii
1303 3247 1464 3300 Israel
1498 3261 1725 3300 cernere
1749 3245 1943 3299 faciem

371 3342 494 3411 ejus
525 3347 791 3410 apertam,
823 3338 930 3392 nisi
952 3337 1136 3392 velum
1165 3337 1536 3407 imposuisset,
1570 3336 1706 3390 dixit
1731 3337 1796 3391 ad
1822 3335 1947 3390 illos

371 3432 525 3487 hac:
561 3448 579 3481 ι
627 3428 955 3499 Prophetam
982 3428 1038 3483 in
1065 3427 1224 3483 vobis
1253 3443 1479 3498 surgere
1497 3427 1660 3481 faciet
1684 3427 1948 3481 Dominus

371 3526 519 3579 Deus
553 3531 743 3578 noster
771 3537 803 3576 e
836 3520 1104 3576 fratribus
1149 3518 1350 3574 vestris
1389 3527 1645 3588 tanquam
1683 3533 1769 3572 me
1804 3517 1870 3572 δ”.
1921 3537 1938 3568 ι

373 3617 514 3683 Quid
542 3623 626 3671 est
654 3613 790 3668 illud
822 3622 1079 3670 tanquam
1107 3611 1226 3666 me?
1255 3611 1327 3668 Ut
1369 3611 1516 3665 enim
1559 3610 1757 3682 Moysis
1779 3609 1947 3664 facies

374 3709 546 3778 gloria
594 3702 901 3760 illuminata
949 3702 1168 3766 fuerat,
1225 3711 1281 3757 et
1326 3716 1451 3757 cum
1500 3701 1797 3770 nequirent
1850 3699 1944 3753 filii

375 3798 539 3854 Israel
576 3796 825 3866 aspicere
860 3795 1088 3867 gloriam
1122 3796 1265 3865 ejus,
1289 3794 1448 3849 faciei
1483 3793 1665 3847 velum
1699 3793 1947 3862 impone-

375 3885 487 3949 bat,
536 3885 610 3938 ita
652 3883 854 3939 deinde
901 3899 1027 3937 cum
1075 3884 1186 3938 illis
1235 3882 1704 3948 conversabatur;
1760 3882 1839 3936 sic
1892 3888 1949 3936 et

373 3977 630 4032 Christus
659 3977 756 4030 Dei
788 3975 962 4031 Filius
989 3993 1090 4046 pro
1119 3975 1446 4030 indumento
1483 3973 1675 4030 habuit
1700 3973 1948 4043 cerporis

377 4066 777 4132 habitaculum,
814 4067 1100 4122 occultans
1147 4082 1301 4120 suam
1331 4065 1699 4127 divinitatem,
1745 4073 1802 4119 et
1831 4080 1948 4118 me-

376 4159 501 4214 dius
528 4158 704 4213 factus
754 4158 899 4213 inter
919 4159 1090 4214 Deum
1121 4168 1178 4213 et
1205 4158 1487 4224 homines;
1525 4157 1798 4223 mediana,
1831 4171 1952 4211 me-

376 4253 484 4306 lius
515 4266 678 4321 quam
703 4251 758 4305 in
784 4249 988 4322 Moyse,
1017 4250 1271 4306 homines
1305 4265 1431 4304 cum
1463 4250 1596 4310 Deo,
1630 4249 1800 4303 Deum
1825 4264 1950 4302 eum

377 4341 715 4396 hominibus.
760 4340 976 4395 Etenim
1024 4339 1217 4395 melior
1249 4348 1306 4393 et
1339 4339 1514 4408 major
1555 4346 1638 4392 est
1685 4336 1952 4391 Dominus

378 4451 579 4502 servo;
615 4434 828 4506 Moyses
861 4433 1008 4488 enim
1055 4447 1249 4489 servus
1272 4442 1413 4498 erat,
1458 4431 1712 4487 Christus
1744 4439 1950 4492 autem,

379 4534 439 4578 ut
465 4524 632 4589 Deus,
659 4523 946 4576 Dominus.
987 4523 1068 4576 0h
1112 4519 1244 4590 quid
1294 4521 1480 4589 igitur,
1524 4529 1781 4584 tanquam
1813 4534 1896 4571 me
1924 4517 1950 4571 ?

380 4613 462 4667 0b
484 4614 868 4668 indumentum
894 4621 949 4667 et
971 4611 1394 4674 mediationem;
1423 4619 1480 4666 et
1503 4610 1671 4680 quod,
1699 4609 1949 4678 quisquis

379 4720 492 4761 non
522 4704 709 4758 audiet
739 4705 889 4758 hunc
915 4704 1261 4773 prophetam,
1287 4703 1746 4758 exterminabitur
1773 4702 1956 4756 anima

379 4797 500 4863 ejus
531 4809 561 4849 a
611 4795 849 4864 populo;
883 4803 940 4848 et
993 4795 1139 4864 quod
1189 4796 1291 4849 iste
1344 4804 1431 4848 est
1476 4795 1722 4848 liberans
1761 4795 1953 4859 Israel,

386 4889 560 4942 factus
613 4888 779 4941 homo
831 4887 1116 4950 Dominus,
1153 4895 1209 4940 et
1249 4902 1376 4941 cum
1432 4885 1594 4940 nobis
1640 4885 1960 4942 hominibus

385 4987 768 5041 conversatus,
806 4992 986 5045 neque
1018 4978 1180 5030 alius.

2043 2786 2430 2858 λογισθήσεται
2482 2787 2667 2858 ἕτερος
2705 2787 2841 2857 πρὸς
2894 2787 3054 2840 αὐτόν
3079 2803 3092 2818 ’
3123 2788 3217 2840 καὶ
3265 2790 3404 2855 μετά
3447 2787 3620 2842 ταῦτα

2045 2881 2136 2932 ἐπὶ
2175 2879 2280 2949 γῆς
2324 2878 2484 2950 ὤφθη
2516 2881 2609 2934 καὶ
2636 2881 2748 2943 τοῖς
2777 2879 3084 2950 ἀνθρώποις
3111 2882 3522 2950 συνανεστράφη
3549 2896 3562 2910 ·
3590 2899 3609 2931 ι

2050 2969 2156 3024 ἰδοὺ
2189 2973 2326 3040 μετὰ
2365 2969 2473 3022 τῶν
2513 2970 2818 3041 ἀνθρώπων
2864 2971 3031 3024 αὐτοῦ
3059 2973 3498 3042 συναναστροφὴ·
3523 2971 3619 3024 καὶ

2046 3058 2145 3109 οὐκ
2173 3053 2240 3128 ἦν
2277 3057 2502 3111 δυνατὸν
2551 3058 2726 3122 ἄλλως
2777 3076 2895 3124 πως
2935 3059 3098 3113 αὑτὸν
3146 3063 3258 3125 τοῖς
3305 3062 3618 3134 ἀνθρώποις

2046 3147 2299 3217 ὀφθῆναι,
2326 3151 2507 3220 γυμνῇ
2547 3152 2614 3218 τῇ
2641 3147 2860 3220 θεότητι
2895 3151 3432 3222 συναναστραφῆναι,
3463 3155 3513 3205 εί
3543 3155 3619 3224 μὴ

2046 3244 2148 3309 τὴν
2174 3241 2522 3312 ἀνθρωπείαν
2553 3241 2717 3310 φύσιν
2737 3241 2857 3312 [καὶ
2889 3244 3068 3314 σάρκα
3111 3243 3338 3313 ὲφόρεσε
3386 3245 3480 3297 καὶ
3530 3246 3618 3296 ὲν-

2047 3332 2290 3386 εδύσατο.
2335 3334 2442 3386 Καὶ
2465 3333 2493 3385 6
2539 3335 2780 3404 Μωῡσῆς
2807 3335 2944 3403 μετά
2973 3335 3032 3388 τὸ
3062 3336 3192 3389 ἰδεῖν
3216 3338 3314 3406 τὴν
3344 3336 3502 3401 δόξαν
3524 3335 3619 3390 τοῦ

2047 3423 2205 3487 Θεοῦ,
2241 3424 2382 3477 ὥστε
2429 3425 2503 3495 μή
2531 3424 2793 3479 δύνασθαι
2828 3426 2954 3489 τοὺς
2978 3427 3126 3490 υἱοὺς
3167 3427 3382 3498 Ἰσραὴλ
3409 3431 3540 3500 ὸρᾷν
3561 3429 3622 3480 τὸ

2049 3522 2342 3592 πρόσωπον
2380 3522 2544 3576 αὐτοῦ
2575 3523 3118 3594 ἀνακεκαλυμμένον,
3146 3525 3194 3576 εἰ
3225 3523 3299 3594 μὴ
3341 3524 3621 3578 ἐπετίθετο

2047 3609 2109 3662 τὸ
2139 3609 2430 3680 κάλυμμα,
2475 3605 2598 3663 εἶπε
2652 3612 2790 3682 πρὸς
2825 3613 3026 3675 αὐτοὺς
3049 3611 3256 3675 οὓτως·
3293 3633 3310 3664 ι
3338 3615 3459 3666 Ὅτι
3491 3632 3622 3684 προ-

2050 3699 2229 3768 φήτην
2266 3699 2400 3768 ὑμῖν
2445 3700 2743 3769 ἀναστήσει
2793 3700 3044 3772 Κύριοςὸ
3081 3701 3214 3759 Θεὸς
3235 3703 3394 3772 ήμῶν
3424 3703 3488 3755 ὲκ
3513 3703 3620 3757 τῶν

2047 3788 2291 3857 ἀδελφῶν
2329 3789 2481 3858 ὑμῶν
2530 3789 2606 3852 ὡς
2644 3792 2765 3859 ἐμέ.
2803 3809 2822 3844 ι
2865 3792 2932 3844 Τί
2978 3793 3095 3845 ὲστι
3132 3793 3215 3854 τὸ,
3261 3812 3278 3844 ι
3316 3794 3392 3857 ὡς
3417 3795 3559 3864 ὲμέ;
3596 3815 3612 3846 ι

2052 3880 2262 3951 Ὥσπερ
2308 3881 2416 3948 γὰρ
2455 3883 2518 3934 τὸ
2575 3883 2869 3953 πρόσωπον
2903 3884 3180 3948 Μωῡσέως
3214 3884 3496 3955 ἐδοξάσθη,
3528 3887 3624 3939 καὶ

2049 3972 2134 4026 διὰ
2159 3973 2218 4026 τὸ
2247 3973 2321 4043 μὴ
2350 3973 2611 4027 δύνασθαι
2639 3975 2768 4038 τοὺς
2791 3976 2942 4039 υἱοὺς
2983 3977 3201 4046 Ἰσραὴλ
3232 3977 3498 4042 ἀτενίζειν
3524 3981 3623 4048 τὴν

2050 4064 2206 4128 δόξαν
2233 4065 2418 4128 αὐτοῦ,
2445 4065 2614 4120 ἐτίθει
2644 4066 2908 4138 κάλυμμα
2953 4067 3033 4137 τῷ
3063 4068 3361 4139 προσώπῳ,
3399 4067 3500 4122 εἷθ’
3529 4071 3625 4124 οὓ-

2048 4173 2157 4220 τως
2186 4156 2369 4220 αύτοϊς
2391 4156 2588 4227 ὡμίλει
2606 4173 2620 4187 ο
2652 4157 2828 4221 οὕτως
2857 4158 2952 4212 καὶ
2980 4160 3008 4212 6
3047 4160 3282 4230 Χριστὸς
3310 4162 3340 4213 6
3372 4162 3499 4225 Υἱὸς
3518 4165 3616 4215 τοῦ

2051 4248 2182 4303 Θεοῦ
2234 4249 2356 4303 ἀντὶ
2410 4250 2708 4321 περιϐολῆς
2765 4250 2893 4321 ἔσχε
2923 4252 3016 4305 τὸν
3045 4252 3172 4306 ναὸν
3199 4252 3294 4306 τοῦ
3346 4253 3625 4323 σώματος,

2051 4339 2314 4410 κρύπτων
2367 4340 2530 4394 αὑτοῦ
2574 4341 2674 4406 τὴν
2727 4342 2989 4414 θεότητα,
3043 4345 3272 4415 μεσίτης
3333 4350 3630 4418 γενόμενος

2052 4432 2188 4485 Θεοῦ
2217 4433 2310 4485 καὶ
2353 4431 2690 4501 ἀνθρώπων·
2719 4435 2748 4487 6
2792 4435 3094 4500 μεσιτεύων
3135 4439 3434 4508 κρεῖττονῆ
3475 4442 3632 4508 παρὰ

2055 4522 2302 4584 Μωῦσεῖ,
2359 4519 2679 4590 ἀνθρώπους
2723 4522 2824 4591 μὲν
2871 4522 3010 4594 πρὸς
3063 4522 3216 4588 Θεὸν,
3251 4525 3382 4578 Θεὸν
3407 4525 3462 4578 δὲ
3491 4529 3632 4596 πρὸς

2056 4610 2407 4682 ἀνθρώπους·
2446 4613 2541 4666 καὶ
2567 4613 2677 4682 γὰρ
2707 4613 2974 4683 κρείττων
3002 4616 3099 4669 καὶ
3123 4615 3326 4686 μείζων
3354 4618 3629 4688 δεσπότης

2053 4706 2202 4775 παρὰ
2234 4704 2445 4759 δούλου.
2484 4705 2544 4757 '0
2571 4706 2681 4776 γὰρ
2709 4705 2954 4776 Μωῦσῆς
2978 4706 3166 4770 δοῦλος
3205 4708 3451 4777 ὑπῆρχεν
3475 4725 3490 4740 ο
3517 4709 3547 4760 6
3573 4710 3630 4762 δὲ

2054 4797 2309 4867 Χριστὸς,
2335 4797 2456 4850 καθ’
2483 4798 2511 4850 ὃ
2529 4798 2684 4862 Θεὸς,
2712 4799 2990 4866 Δεσπότης
3014 4816 3028 4830 ο
3061 4801 3154 4854 καὶ
3175 4801 3261 4854 διὰ
3283 4802 3462 4864 τοῦτο,
3483 4823 3500 4852 ι
3543 4804 3630 4866 Ὠς

2055 4891 2178 4961 ἐμὲ,
2206 4909 2224 4942 ι
2268 4892 2357 4944 διὰ
2405 4893 2466 4945 τὸ
2521 4891 2725 4962 ἔνδυμα
2781 4893 2874 4947 καὶ
2904 4896 3006 4964 τὴν
3047 4897 3367 4965 μεσιτείαν·
3423 4900 3515 4948 καὶ
3543 4898 3629 4948 ὅτι

2056 4983 2203 5044 ὅστις
2235 4983 2336 5035 οὐκ
2376 4983 2600 5036 ἀκούσει
2623 4983 2718 5036 τοῦ
2744 4985 3023 5055 προφήτου
3052 4985 3284 5050 ἐκείνου,
3312 4985 3629 5058 ἐξολοθρευ-

385 5069 610 5140 θήσεται
641 5071 674 5138 ή
706 5067 855 5138 ψυχὴ
887 5065 1050 5119 αὐτοῦ
1095 5068 1160 5118 ἐκ
1188 5063 1282 5118 τοῦ
1316 5064 1446 5118 λαοῦ
1488 5067 1686 5118 αὐτοῦ·
1727 5068 1820 5120 καὶ
1870 5069 1952 5123 ὅτι
1992 5072 2154 5134 αὐτός
2187 5073 2337 5124 ἐστιν
2391 5075 2420 5126 6
2454 5074 2819 5146 λυτρούμενος
2881 5076 2974 5130 τὸν
3009 5076 3245 5149 Ἰσραὴλ,
3289 5079 3318 5129 6
3359 5080 3628 5148 ὲνανθρω-

383 5159 565 5236 πήσας
607 5161 832 5233 Κύριος,
885 5160 978 5213 καὶ
1014 5159 1484 5228 συναναστραφεὶς
1521 5161 1653 5229 ἡμῖν
1697 5162 1810 5223 τοῖς
1867 5162 2197 5233 ἀνθρώποις,
2226 5163 2324 5217 καὶ
2357 5165 2456 5217 οὐκ
2480 5165 2662 5229 ἄλλος.

453 5259 564 5313 Deo
612 5253 878 5312 Jeremias
927 5253 1145 5306 locutus
1183 5257 1269 5304 est
1321 5249 1513 5304 dicens
1561 5268 1573 5303 :

386 5351 526 5404 Deus
556 5358 764 5410 noster,
783 5361 890 5400 non
920 5342 1251 5412 disceptabit
1280 5343 1420 5396 alter
1438 5358 1562 5397 cum
1588 5358 1678 5407 eo,
1705 5363 1722 5395 ι
1755 5352 1809 5398 et
1835 5361 1958 5404 ante

383 5456 713 5511 sequuntur.
761 5437 1035 5508 Propheta
1074 5451 1295 5507 quoque
1338 5435 1503 5490 Isaias
1555 5435 1689 5492 dicit
1725 5453 1738 5489 ε
1785 5457 1803 5488 ι
1839 5437 1957 5492 Νοη

387 5537 632 5605 angelus,
657 5549 759 5586 nec
803 5533 1036 5600 legatus,
1082 5530 1179 5584 sed
1227 5530 1342 5600 ipse
1381 5528 1648 5584 Dominus
1695 5529 1879 5582 veniet
1906 5537 1960 5582 et

1630 5270 1646 5301 ι
1675 5251 1814 5317 Quia
1869 5253 1962 5308 ille
1997 5263 2038 5316 ι)

2141 5255 2380 5308 Ἀνωθεν
2425 5255 2692 5327 Ἱερεμίας
2716 5258 2938 5329 εἴρηκεν
2993 5256 3193 5322 εἰπὼν,
3234 5259 3316 5311 ὅτι
3351 5277 3369 5311 ι
3407 5252 3572 5321 Οὗτος
3602 5259 3630 5310 6

2064 5345 2197 5410 Θεὸς
2221 5348 2400 5418 ἡμῶν,
2420 5349 2478 5401 ού
2501 5349 2878 5420 λογισθήσεται
2898 5350 3082 5423 ἕτερος
3107 5352 3242 5422 πρὸς
3262 5353 3441 5418 αὑτὸν,
3490 5372 3506 5402 ι
3536 5357 3627 5404 καὶ

2063 5440 2132 5491 τὰ
2148 5440 2294 5507 ἑξῆς.
2315 5441 2423 5493 Καὶ
2436 5443 2463 5493 6
2481 5444 2763 5514 προφήτης
2779 5443 3003 5507 Ἦσαϊας
3017 5444 3186 5511 λέγει·
3209 5464 3229 5494 ι
3249 5446 3360 5497 Ούκ
3378 5445 3624 5514 ἄγγελος,

2065 5531 2126 5581 οὐ
2147 5530 2404 5600 πρέσϐυς,
2421 5531 2709 5601 ἀλλ’,αύτὸς
2726 5537 2754 5586 ὁ
2770 5534 2970 5606 Κύριος
3009 5535 3128 5604 ἡξει
3142 5535 3236 5590 καλ
3253 5531 3412 5589 σώσει
3431 5532 3621 5602 quin

456 5692 498 5722 θ’
534 5691 676 5746 Ρδιιι.
704 5705 836 5754 xvu,
870 5689 955 5743 IO.
1033 5691 1075 5720 ⁶¹
1110 5689 1206 5742 isa.
1251 5703 1348 5751 vn,
1380 5687 1466 5740 Η.
1545 5687 1588 5719 ⁸³
1618 5685 1829 5740 Baruch
1885 5701 1967 5747 tu,

2048 5686 2182 5740 3-33.
2257 5686 2303 5720 “
2340 5687 2495 5741 Deut.
2530 5702 2681 5754 mu,
2706 5687 2790 5745 l5.
