3988 6142
546 263 681 327 122')

541 469 668 529 τοὺς
690 467 977 530 Ἰουδαίους
1010 468 1097 520 διὰ
1125 470 1222 537 τὴν
1257 469 1410 538 ὑμῶν
1433 468 1712 522 ἀπιστίαν.
1730 467 1788 520 Ὀ
1822 465 2107 536 προφήτης

555 556 712 624 Ὠσηὲ
757 556 924 623 λέγει·
961 574 979 606 ι
1015 557 1244 610 Καλέσω
1266 559 1355 610 τὸν
1387 558 1446 609 οὐ
1479 557 1606 610 λαόν
1633 575 1734 626 μου
1771 556 1899 609 λαόν
1924 573 2048 625 μου,
2087 573 2103 604 9

542 648 708 715 ήγουν
742 646 811 698 τὰ
849 647 1220 701 πιστεύσαντα
1269 652 1348 712 εἰς
1392 648 1553 701 αὐτὸν
1576 648 1724 716 ἔθνη.
1750 645 2106 706 ΚαὶὸΔαϐὶδ,

542 737 775 801 δεικνὺς,
807 738 886 788 ὅτι
917 739 945 786 ὁ
978 737 1109 801 Θεὸς
1130 739 1218 792 διὰ
1237 739 1305 791 τὰ
1332 739 1460 808 ἔθνη
1490 739 1824 808 σαρκοῦσθαι
1864 737 2106 808 ἔμελλεν,

543 825 715 879 εἶπεν·
757 848 773 878 ι
826 827 1252 883 Ἐϐασίλευσενὸ
1296 830 1428 892 θεὸς
1462 831 1552 882 ἐπὶ
1607 830 1677 882 τὰ
1706 829 1855 899 ἔθνη·
1890 849 1908 881 9
1937 829 2024 881 διὰ
2056 827 2109 879 τί

542 922 640 972 οὐκ
664 916 834 981 εἶπεν,
853 920 1225 973 Ἐϐασίλευσεν
1247 923 1336 973 ἐπί
1365 922 1489 984 τοὺς
1521 921 1804 983 Ἰουδαίους
1825 940 1839 988 ;
1861 922 1986 974 Ὀτι
2011 921 2109 988 μὲν

545 1011 795 1079 βασιλεύς
825 1012 970 1062 ἐστιν
1001 1013 1028 1062 6
1057 1011 1187 1073 Θεὸς
1235 1013 1326 1064 ἐπὶ
1371 1012 1578 1074 πάντας
1615 1050 1630 1073 ,
1677 1012 1834 1080 δῆλον
1876 1006 1962 1081 ἦν’
1994 1011 2108 1064 ἀλλ’

540 1102 639 1153 οὐκ
678 1097 744 1169 ἦν
781 1103 890 1162 τοῖς
918 1101 1094 1154 ἔθνεσι
1135 1102 1238 1166 πρὸ
1275 1100 1368 1154 τοῦ
1392 1102 1676 1154 πιστεῦσαι
1703 1105 1758 1154 ὲν
1794 1102 2108 1169 ἐπιγνώσει,

540 1197 630 1250 διὰ
650 1197 708 1249 τὸ
732 1197 835 1249 ὑπὸ
850 1197 949 1266 τῆς
968 1197 1403 1267 εὶδωλολατρείας
1432 1197 1756 1266 κατέχεσθαι
1777 1198 1990 1259 αὐτοὺς,
2016 1195 2110 1248 καὶ

541 1287 645 1340 ὑπὸ
673 1286 778 1338 τῶν
825 1286 1089 1354 δαιμόνων
1148 1286 1570 1353 δεσποζομένους
1607 1286 1943 1358 τυραννικῶς
1975 1300 1989 1316 ⁸
2023 1285 2110 1337 διὰ

540 1378 598 1431 δὲ
649 1377 746 1446 τῆς
806 1378 1070 1446 ἐνσάρκου
1128 1377 1292 1430 αὑτοῦ
1346 1377 1660 1447 οἰκονομίας
1738 1375 2110 1446 ἠλευθέρωσεν

542 1471 690 1538 ἡμᾶς
728 1470 834 1521 ἀπὸ
860 1469 962 1520 τῶν
1002 1468 1236 1521 εἰδώλων
1265 1469 1350 1522 διὰ
1377 1469 1474 1521 τοῦ
1506 1470 1637 1522 ἰδίου
1665 1469 1895 1538 αἵματος
1918 1466 2106 1529 αὐτοῦ,

541 1554 602 1613 οὗ
634 1560 845 1628 ἐξέχεεν
895 1559 988 1611 ἐπὶ
1036 1558 1129 1610 τοῦ
1164 1559 1415 1626 σταυροῦ,
1481 1560 1574 1612 καὶ
1630 1558 1979 1612 ἐϐασίλευσεν
2031 1562 2109 1622 εἰς

547 1653 708 1721 ἡμᾶς,
741 1651 874 1704 διότι
911 1651 1311 1720 ἐπιστεύσαμεν
1347 1652 1424 1714 είς
1490 1651 1670 1704 αὐτόν.
1705 1651 1795 1703 Διὸ
1822 1651 1915 1703 καὶ
1949 1650 2109 1705 πάλιν

1553 259 2004 352 DISPUTATIO
2039 259 2434 321 ADVERSUS
2471 261 2796 322 ΠΜ).ιίΟᾶ

542 380 635 431 καὶ
654 371 733 428 ὃτὶ
751 376 975 445 ἔμελλον
993 377 1060 430 τὰ
1082 375 1208 445 ἔθνη
1226 378 1416 430 πιστεῦ
1426 395 1514 430 σαι
1539 380 1630 429 καὶ
1643 376 1944 444 ἀποστῆναι
1964 372 2108 438 ὑμᾶς

2213 375 2443 429 salvabit
2495 391 2596 430 nos
2630 377 2675 418 ⁸⁸
2710 393 2723 440 ;
2775 396 2793 426 .-

3651 259 3785 327 123C

2843 384 2898 428 et
2951 386 3142 445 gentes
3193 374 3502 431 crodituras
3555 393 3677 432 esse
3731 385 3786 432 et

2215 481 2493 525 amoturas
2521 485 2617 525 vos
2649 470 2866 525 Judieos
2897 481 3121 539 propter
3147 480 3387 524 vestram
3428 470 3788 526 incredulita-

2217 571 2347 616 tem.
2374 561 2646 631 Propheta
2670 562 2810 617 Osee
2832 562 2968 616 dicit
3004 580 3016 614 :
3058 581 3075 612 ι
3122 562 3340 616 Vocaho
3381 578 3490 616 non
3522 565 3786 632 p0pulum

2215 664 2419 714 meum,
2469 651 2730 719 populum
2785 665 2967 704 meum
3006 651 3072 713 “,
3116 670 3134 701 9
3169 650 3221 703 id
3267 660 3352 705 est
3389 650 3681 704 credentes
3731 651 3785 704 in

2214 759 2340 797 eum
2385 754 2593 812 gentes.
2640 742 2809 797 David
2854 742 3152 796 ostendens
3196 742 3368 795 Deum
3417 742 3564 796 inter
3596 751 3788 811 gentes

2216 821 2614 888 incarnandum
2662 849 2806 894 esse,
2850 832 2990 886 dixit
3029 850 3041 884 :
3079 851 3096 881 ι
3138 831 3575 901 RegnavitDeus
3623 847 3789 902 super

2216 933 2405 994 gentes
2421 925 2499 987 ‘7;
2535 941 2551 971 9
2587 938 2685 975 cur
2715 937 2823 974 non
2841 921 3016 975 dixit:
3045 922 3312 990 Regnavit
3335 922 3790 990 super-Judaaos?

2219 1030 2400 1084 regem
2446 1030 2566 1068 esse
2615 1015 2786 1067 Deum
2850 1029 3015 1082 super
3082 1029 3292 1078 onmes,
3355 1013 3584 1068 evidens
3619 1023 3787 1078 erat;

2216 1105 2310 1159 sed
2346 1120 2452 1158 non
2484 1105 2682 1159 eratin
2716 1105 2992 1174 gentibus,
3019 1113 3313 1174 antequam
3339 1106 3654 1172 crederent,
3689 1123 3787 1161 co-

2215 1195 2402 1263 gnitus
2429 1234 2442 1255 ,
2498 1209 2697 1262 nempe
2741 1209 2864 1263 qua:
2912 1195 2966 1248 in
2999 1194 3308 1250 idololatria
3337 1209 3694 1253 versarentur
3735 1208 3792 1253 et

2216 1286 2609 1340 daemoniorum
2640 1287 2926 1356 tyrannico
2947 1287 3356 1359 subjicerentur
3378 1289 3632 1359 imperio.
3663 1291 3790 1346 Ideo

2217 1393 2316 1446 per
2368 1393 2523 1431 suam
2573 1378 3008 1433 incarnationem
3058 1395 3161 1435 nos
3204 1381 3462 1436 liberavit
3494 1383 3562 1436 ab
3603 1383 3786 1447 idolis,

2216 1485 2314 1538 per
2333 1469 2615 1538 proprium
2638 1485 2798 1524 suum
2815 1472 3158 1541 sanguinem,
3173 1488 3334 1548 quem
3359 1473 3499 1528 fudit
3525 1475 3578 1528 in
3602 1491 3785 1536 cruce.

2215 1570 2270 1616 et
2299 1562 2547 1631 regnavit
2582 1577 2751 1632 super
2790 1578 2912 1620 nos.
2954 1563 3081 1632 quia
3123 1563 3465 1618 credidimus
3508 1565 3560 1618 in
3609 1566 3784 1618 illum.

2217 1651 2452 1720 Propter
2497 1652 2644 1722 quod
2698 1661 2754 1706 et
2802 1653 3003 1707 iterum
3054 1653 3190 1710 dicit
3223 1672 3235 1708 :
3274 1675 3291 1706 ‹
3321 1654 3540 1725 Οῐηιιρε
3575 1669 3784 1726 gerites,

542 1742 732 1809 λέγειν
764 1761 781 1790 ι
836 1743 1017 1795 Ιιάντα
1067 1742 1192 1811 ἔθνη
1248 1743 1354 1795 ὅσα
1424 1742 1686 1812 ἐποίησας
1719 1779 1734 1804 ,
1765 1741 1960 1812 ἥξουσι
2017 1742 2109 1794 καὶ

2215 1756 2576 1811 quascunque
2609 1742 2807 1806 fecisti,
2842 1742 3068 1798 venient
3090 1743 3474 1799 etadorabunt
3498 1722 3682 1799 coram
3711 1755 3783 1805 te.

543 1833 1010 1901 προσκυνήσουσιν
1039 1831 1267 1884 ἐνώπιόν
1300 1849 1419 1895 σου,
1456 1831 1627 1901 Κύριε
1659 1849 1677 1880 9
1706 1846 1719 1860 ο
1751 1831 1865 1884 ὅσοι
1919 1829 2020 1898 μὲν
2054 1833 2110 1882 ἐν

541 1923 618 1991 τῷ
640 1921 732 1974 νῦν
758 1922 910 1975 αἰῶνι
938 1922 1309 1991 προσέλθωσιν
1333 1916 1594 1993 αύτιῖῖδιὰ
1613 1921 1705 1975 τοῦ
1726 1921 1883 1989 ἁγίου
1918 1922 2110 1990 βαπτί-

545 2032 746 2081 σματος
778 2031 792 2044 ο
823 2013 1072 2084 καθάπερ
1095 2016 1124 2067 ὁ
1156 2012 1318 2074 αὐτὸς
1343 2015 1625 2083 προφήτης
1652 2014 1784 2082 ἡμῖν
1815 2013 2110 2083 παρῄνεσε,
2141 2083 2143 2085 ι

542 2107 713 2172 λέων
742 2122 756 2136 ·
800 2125 816 2154 ι
857 2106 1191 2174 Προσέλθατε
1228 2105 1363 2174 πρὸς
1413 2105 1596 2169 αὑτὸν,
1652 2105 1743 2156 καὶ
1780 2104 2108 2174 φωτίσθητε.

544 2198 637 2250 καὶ
679 2197 748 2249 τὰ
800 2197 1066 2266 πρόσωπα
1105 2195 1260 2265 ὑμῶν
1308 2195 1367 2248 οὐ
1406 2195 1480 2266 μὴ
1515 2195 1907 2266 καταισχυνθῇ.
1943 2215 1961 2247 9
1999 2195 2110 2249 Καὶ

543 2293 702 2354 ἄλλος
729 2293 1010 2362 προφήτης
1037 2290 1203 2357 λέγει’
1247 2307 1266 2340 ι
1301 2288 1598 2352 Λούσασθε,
1622 2288 1853 2357 καθαροὶ
1873 2289 2108 2356 γίνεσθε,

543 2383 768 2450 ἀφέλετε
800 2383 896 2444 τὰς
919 2381 1178 2451 πονηρίας
1201 2380 1352 2448 ὑμῶν
1374 2381 1480 2432 ἀπὸ
1505 2381 1612 2432 τῶν
1640 2379 1876 2449 καρδιῶν
1899 2380 1928 2432 ὑ
1937 2381 2072 2448 μῶν.
2087 2401 2105 2431 9

544 2474 652 2525 Καὶ
708 2473 754 2523 εί
788 2470 958 2531 οὕτως
1009 2468 1160 2540 αὐτῷ
1199 2467 1562 2538 προσέλθωσι,
1605 2467 1794 2538 μισθὸν
1848 2467 2108 2538 λήψονται

541 2564 640 2632 τῆς
665 2564 917 2626 πίστεως,
937 2561 996 2613 τὸ
1012 2561 1180 2630 χωρὶς
1202 2560 1452 2631 λατρείας
1471 2561 1636 2629 νόμου
1650 2560 1739 2614 διὰ
1758 2561 1857 2628 τῆς
1877 2560 2111 2622 πίστεως

545 2656 782 2724 σωθῆναι
805 2669 816 2683 ·
850 2654 960 2705 ὅσοι
990 2653 1045 2705 δὲ
1064 2651 1157 2704 νῦν
1178 2652 1251 2722 μὴ
1281 2651 1579 2720 θελήσωσιν
1599 2649 1748 2720 αὐτῷ
1769 2650 2108 2716 προσελθεῖν,

542 2752 600 2798 ἑν
623 2747 698 2813 τῷ
728 2743 969 2814 μέλλοντι
997 2743 1171 2805 αἰῶνι,
1195 2745 1292 2794 καὶ
1326 2743 1400 2812 μὴ
1433 2741 1767 2810 βουλόμενοι,
1795 2740 1956 2793 αὑτὸν
1983 2740 2114 2810 μετ’

543 2836 805 2907 αἰσχύνης
823 2835 1060 2905 μεγάλης
1094 2834 1188 2886 καὶ
1211 2834 1377 2901 φόϐου
1399 2833 1492 2885 καὶ
1510 2832 1710 2903 τρόμου
1735 2831 1929 2885 πολλοῦ
1951 2847 2114 2901 προσ-

544 2927 850 2994 κυνήσουσι·
879 2923 1063 2986 καθὼς
1091 2924 1118 2976 6
1141 2923 1424 2992 προφήτης
1453 2918 1598 2974 εἷπε·
1634 2939 1652 2973 ι
1687 2921 1880 2991 Κύριε,
1910 2919 2112 2990 ὑψηλός

511 3045 518 3052 -
546 3032 638 3068 σου
666 3016 694 3067 6
744 3013 1002 3086 βραχίων,
1050 3013 1143 3066 καὶ
1164 3013 1264 3066 οὐκ
1294 3012 1523 3078 ἔδεισαν,
1552 3032 1570 3064 9
1609 3013 1775 3085 ἧγουν
1831 3015 1927 3066 νῦν
1981 3013 2110 3084 ήπί-
2136 3050 2182 3110 c

545 3122 765 3176 στησανο
796 3124 812 3155 ι
841 3106 1058 3172 γνόντες
1090 3105 1144 3157 δὲ
1179 3105 1650 3175 αἰσχυνθήτωσανο
1680 3125 1700 3160 9
1749 3108 2026 3161 τουτέστιν
2049 3110 2107 3160 ἐν

542 3196 618 3265 τῷ
635 3197 879 3266 μέλλοντι
907 3195 965 3248 ὃν
980 3196 1074 3248 νῦν
1098 3196 1404 3266 ἠπίστησαν
1430 3197 1683 3264 Χριστὸν,
1713 3198 1832 3251 τότε
1857 3197 2101 3265 γνώσον-

541 3305 631 3342 ται
665 3288 756 3340 καὶ
791 3287 1264 3356 σίσχυνθήσονται,
1300 3288 1394 3341 καὶ
1421 3289 1500 3357 τῷ
1529 3289 1780 3359 ἀσϐέστῳ
1813 3292 1948 3361 πυρὶ
1977 3290 2108 3361 παρ’

543 3381 705 3434 αὑτοῦ
724 3400 794 3433 πα
805 3381 1282 3451 ραπεμφθήσονται
1305 3383 1536 3445 αἰωνίως
1567 3381 2027 3452 κολαζόμενοι-ὅτι
2045 3386 2110 3436 ἐκ

545 3475 679 3528 Σιὼν
721 3473 910 3542 ἔμελλε
933 3473 1296 3541 φαειεροῦσθαι
1335 3476 1362 3526 ό
1383 3475 1638 3543 Χριστὸς.
1663 3478 1757 3527 καὶ
1783 3477 1865 3528 ὅτι
1885 3475 2109 3539 ὕψιστός

544 3567 678 3622 ἐστι,
707 3566 799 3616 καὶ
819 3563 976 3622 αὐτὸς
992 3564 1090 3631 τὴν
1113 3562 1250 3615 Σιὼν
1277 3563 1653 3631 ἐθεμελίωσεν.
1683 3564 1892 3621 Εἶπενὸ
1919 3569 2103 3630 Δαϐἱδ,

549 3672 567 3704 ι
607 3655 805 3722 Μήτηρ
833 3652 990 3715 Σιὼν,
1036 3655 1150 3720 ἐρεῖ
1175 3654 1474 3722 ἄνθρωπος,
1497 3655 1591 3707 καὶ
1638 3656 1923 3727 ἄνθρωπος
1954 3660 2106 3724 ἐγεν-

543 3744 677 3815 νήθη
701 3745 759 3796 ἐν
786 3745 940 3813 αὐτῇ,
959 3745 1051 3796 καὶ
1083 3744 1242 3806 αὐτὸς
1275 3746 1633 3814 ἐθεμελίωσεν
1681 3749 1851 3818 αὐτὴν
1890 3750 1917 3800 6
1945 3749 2106 3816 ’Ὑψι-

544 3852 685 3899 στος.
727 3853 745 3886 9

613 3922 734 3977 Ὀτι
771 3922 828 3976 δὲ
881 3920 1237 3994 βαπτισθῆναι
1271 3925 1328 3976 ἐν
1373 3923 1450 3995 τῷ
1475 3923 1738 3998 Ἰορδάνῃ,
1776 3925 1865 3979 καὶ
1905 3941 2107 3997 μαρτυ-

542 4016 772 4086 ρηθῆναι
809 4016 970 4068 αὑτὸν
1016 4015 1218 4068 ἄνωθεν
1247 4015 1397 4085 παρὰ
1423 4017 1516 4069 τοῦ
1563 4017 1699 4070 Θεοῦ
1730 4017 1826 4071 καὶ
1868 4019 2101 4089 Πατρὸς,

538 4098 680 4154 εἷπε-ι’
724 4120 740 4153 ι
771 4101 927 4171 Φωνὴ
965 4101 1168 4170 Κυρίου
1210 4103 1301 4156 ἐπὶ
1331 4104 1558 4157 ὑδάτων·
1582 4109 1610 4159 6
1644 4107 1777 4169 Θεὸς
1801 4108 1900 4177 τῆς
1946 4109 2104 4179 δόξης

538 4191 850 4261 ἐϐρόντησε·
876 4189 1078 4262 Κύριος
1101 4191 1191 4243 ἐπὶ
1211 4190 1416 4245 ὑδάτων
1447 4193 1656 4246 πολλῶν
1687 4233 1700 4247 .
1740 4212 1758 4245 9
1787 4195 1908 4250 ’Ότι
1946 4197 2003 4250 δὲ
2017 4198 2104 4251 διᾶι

536 4283 630 4337 τοῦ
647 4283 804 4350 ἁγίου
828 4283 1198 4352 βαπτίσματος
1219 4284 1503 4354 συνέτριψε
1516 4286 1605 4338 τὸν
1626 4286 1868 4339 διάϐολον
1893 4291 1986 4342 καί
2005 4293 2103 4352 τὰς

537 4375 790 4444 δυνάμεις
811 4373 996 4438 αὑτοῦ,
1013 4373 1180 4442 λέγει*
1205 4393 1223 4426 ι
1246 4376 1393 4428 Ἐκεῖ
1407 4375 1731 4447 συνέτριψας
1746 4378 1844 4442 τὰς
1862 4381 2101 4448 κεφαλὰς
2134 4403 2178 4457 D

537 4464 646 4517 τῶν
665 4465 972 4535 δρακόντων
1002 4467 1094 4518 ἐπὶ
1124 4466 1219 4519 τοῦ
1260 4465 1451 4530 ὓδατος
1483 4485 1496 4498 ·
1529 4488 1548 4519 9
1577 4471 1822 4523 τουτέστι
1855 4472 1964 4524 τῶν
1990 4473 2105 4526 δαι-

542 4555 740 4626 μόνων.
775 4557 1113 4621 Συνέθλασας
1143 4559 1242 4629 τὴν
1262 4559 1502 4629 κεφαλὴν
1526 4560 1620 4613 τοῦ
1645 4561 1956 4631 δράκοντος,
1981 4581 2107 4617 του-

535 4647 686 4700 τέστι
712 4646 805 4699 τοῦ
829 4647 1099 4702 διαϐόλου.
1117 4649 1190 4700 Τὸ
1213 4650 1291 4714 δὲ,
1322 4650 1552 4722 ποιητὴς
1579 4652 1828 4722 ούρανοῦ,
1859 4655 1954 4706 καὶ
1980 4657 2104 4724 γῆς,

537 4739 633 4792 καὶ
671 4738 967 4810 θαλάσσης,
991 4741 1154 4804 αὐτός
1180 4743 1326 4794 ἐστιν
1354 4745 1381 4796 6
1401 4743 1653 4814 Χριστὸς,
1678 4746 1772 4797 καὶ
1801 4746 1859 4798 ἐν
1895 4752 1960 4817 τῇ
2012 4747 2107 4800 θα-

535 4831 714 4902 λάσσῃ
742 4832 1112 4902 περιπατῆσαι
1156 4834 1316 4887 αὐτὸν
1350 4835 1424 4897 ὼς
1479 4836 1571 4887 ἐπὶ
1603 4836 1861 4906 ἐδάφους,
1901 4839 1994 4891 καὶ
2024 4839 2104 4892 ὄτι

540 4922 712 4984 ἰάσεις
773 4922 972 4984 πολλὰς
1014 4923 1236 4992 ποιῆσαι
1283 4925 1341 4975 ἐν
1399 4925 1478 4994 τῷ
1521 4925 1654 4994 λαῷ,
1704 4929 1800 4980 καὶ
1849 4930 1930 4980 ὅτι
1964 4929 2106 4999 ὑπὲρ

537 5013 631 5066 τοῦ
698 5014 902 5084 κόσμου
963 5014 1155 5085 ἔμελλε
1212 5016 1440 5079 παθεῖν,
1471 5017 1504 5086 ὴ
1536 5015 1716 5085 βίϐλος
1765 5018 1882 5071 Ἰὼϐ
1934 5021 2104 5083 οὕτως

537 5102 682 5170 λέγει
708 5121 723 5137 ·
766 5123 784 5155 ι
821 5107 878 5159 '0
931 5106 1168 5170 τανύσας
1197 5108 1286 5160 τδν
1321 5110 1547 5179 οὐρανὸν
1581 5110 1760 5178 μόνος,
1809 5113 1837 5163 ὁ
1865 5129 2103 5182 περιπα-

537 5197 709 5265 τήσας
757 5198 848 5251 ἐπὶ
881 5198 1155 5270 θαλάσσης
1181 5201 1256 5262 ὡς
1307 5201 1401 5252 ἐπὶ
1431 5200 1682 5270 ἐδάφους.
1722 5220 1740 5252 9
1780 5203 1936 5256 Καὶὸ
1969 5220 2105 5272 προ-

536 5288 716 5357 φήτης
749 5289 914 5357 λέγει*
946 5309 965 5342 ι
1015 5292 1146 5344 Τότε
1196 5292 1462 5362 ὀφθαλμοί
1489 5291 1703 5359 τυφλῶν
1758 5292 2105 5364 ἁνοιχθήσον-

535 5395 649 5444 ται,
694 5383 788 5434 καὶ
831 5383 1000 5454 τρανὴ
1037 5385 1190 5436 ἐσται
1237 5383 1456 5450 γλῶσσα
1527 5381 1869 5450 μογιλάλων·
1911 5384 2033 5437 τότε
2079 5387 2108 5437 ὀ

600 5529 645 5562 ⁸³
679 5531 784 5585 Isa.
821 5546 980 5593 xxxv,
1011 5528 1063 5584 ὅ.
1141 5533 1185 5561 ⁸⁸
1217 5530 1355 5587 Osee
1385 5551 1442 5590 ιι.
1477 5537 1548 5591 ’24
1575 5551 1588 5601 ;
1619 5537 1778 5590 Rom.
1815 5553 1884 5596 ix,
1912 5538 2001 5590 τε.

530 5599 575 5629 ⁷ο
606 5601 707 5655 is”.
743 5619 776 5663 ι.
809 5602 896 5656 16,
976 5603 1018 5632 Η
1051 5601 1272 5657 .“ﬂiilCil.
1304 5621 1382 5670 LI,
1423 5607 1476 5662 5.
1553 5599 1592 5638 η
1623 5607 1742 5665 Ρέἁίι

1817 5624 2030 5673 ιικυι,
2064 5608 2117 5661 ὕ.

532 5670 578 5700 ⁷⁸
609 5672 708 5724 ιιιίι.
747 5685 903 5737 xxxv,
938 5671 1026 5726 ‘35.

2079 5537 2125 5568 "
2159 5538 2298 5594 Psul.
2334 5554 2478 5598 nvi.
2511 5539 2562 5593 9.

2214 1833 2447 1886 Domine
2483 1831 2550 1897 ⁸⁸,
2591 1852 2608 1884 9
2641 1842 2914 1901 quotquot
2949 1833 3003 1886 in
3055 1834 3162 1887 hoc
3193 1837 3446 1903 praesenti
3487 1837 3686 1890 sarculo
3717 1834 3783 1889 ad

2213 1921 2367 1976 illum
2416 1929 2690 1976 venerunt
2740 1936 2836 1990 per
2882 1933 3133 1976 sanctum
3171 1923 3489 1993 baptisma;
3535 1935 3592 1978 ut
3643 1925 3784 1977 idem

2213 2014 2479 2082 propheta
2514 2014 2675 2067 nobis
2713 2013 2982 2084 praedixit.
3015 2015 3239 2068 dicens:
3277 2035 3294 2065 ι
3321 2016 3512 2070 Venite
3539 2017 3604 2070 ad
3635 2031 3784 2077 ettru,

2210 2113 2267 2158 et
2309 2105 2716 2168 illuminamini,
2763 2114 2819 2158 et
2851 2105 3019 2160 facies
3049 2120 3246 2162 vestrae
3290 2123 3398 2161 non
3443 2108 3787 2162 confundan-

2213 2205 2303 2249 tur
2329 2196 2396 2249 ⁸⁸.
2442 2217 2459 2246 9
2494 2197 2649 2250 Alius
2696 2211 2918 2266 quoque
2970 2199 3236 2267 propheta
3291 2198 3467 2252 dicit:
3508 2217 3527 2249 ‹
3562 2198 3788 2252 Munda-

2213 2289 2369 2352 mini,
2392 2290 2516 2359 puri
2540 2290 2876 2353 clliciamini,
2895 2289 3108 2344 auferte
3134 2289 3453 2358 iniquitates
3477 2305 3505 2344 a
3522 2289 3787 2344 cordibus

2211 2380 2410 2434 vestris
2441 2380 2507 2433 ⁷ο.
2541 2399 2560 2430 9
2597 2379 2650 2434 Si
2714 2380 2782 2434 ad
2830 2380 2981 2434 illum
3039 2378 3113 2434 ita
3160 2380 3412 2443 veniunt,
3475 2380 3783 2434 mercedem

2214 2469 2341 2524 fidei
2382 2471 2656 2540 accipient
2685 2479 2748 2525 ut
2793 2471 2911 2524 sine
2940 2470 3077 2541 legis
3127 2470 3442 2525 ministerio
3486 2487 3586 2540 per
3624 2472 3783 2525 (idem

2213 2557 2513 2615 salve'ntur.
2542 2561 2827 2628 Quotquot
2849 2571 3032 2615 autem
3065 2575 3213 2614 nunc
3243 2561 3310 2614 ad
3348 2561 3502 2614 illum
3533 2576 3645 2614 non
3684 2575 3784 2612 vo.

2213 2649 2422 2703 luerint
2447 2649 2658 2709 venire.
2683 2649 2739 2702 in
2769 2648 2956 2704 futuro
2988 2650 3191 2703 saeculo
3215 2665 3326 2702 non
3355 2649 3605 2703 volentes
3631 2649 3782 2702 illum

2214 2755 2342 2794 cum
2365 2740 2694 2796 confusione
2717 2757 2909 2811 magna
2939 2750 2994 2796 et
3027 2741 3222 2796 timore
3254 2749 3307 2796 ct
3344 2749 3584 2795 tremore
3612 2743 3786 2794 multo

2213 2830 2562 2897 adorabunt;
2599 2841 2657 2886 ut
2699 2832 2966 2902 propheta
3029 2832 3212 2885 dixit:
3252 2850 3272 2883 ι
3312 2831 3563 2906 Domine,
3614 2832 3785 2884 altum

2213 2930 2298 2976 est
2328 2922 2613 2976 brachium
2654 2930 2830 2983 tuum,
2861 2931 2917 2974 et
2949 2938 3057 2976 non
3103 2921 3408 2974 timuerunt
3432 2921 3501 2985 τι,
3540 2939 3557 2972 9
3595 2919 3645 2973 id
3671 2930 3778 2982 est,

2213 3030 2324 3068 non
2363 3030 2511 3068 nunc
2540 3014 2923 3079 crediderunt;
2959 3033 2976 3065 ι
3007 3023 3403 3083 cognoscentes
3429 3020 3611 3067 autem
3653 3027 3786 3066 con-

2219 3104 2540 3167 fundentur,
2581 3122 2598 3154 9
2635 3103 2780 3173 quod
2811 3115 2916 3166 est,
2964 3105 3018 3157 in
3064 3103 3273 3167 futuro,
3313 3117 3476 3172 quem
3500 3117 3647 3156 nunc
3677 3118 3787 3156 non

2217 3194 2571 3249 crediderunt
2593 3193 2892 3257 Christum,
2922 3203 3051 3248 tunc
3077 3200 3412 3263 cognoscent
3455 3201 3511 3246 et
3559 3193 3788 3247 confun-

2216 3275 2444 3355 de‘ntur,
2493 3297 2552 3342 et
2601 3287 3037 3357 inexstinguibili
3069 3285 3201 3356 'igni
3245 3285 3315 3339 ab
3362 3285 3455 3340 illo
3503 3285 3789 3339 tradentur

2215 3391 2484 3434 anemum
2534 3379 2836 3449 puniendi;
2887 3379 3014 3448 quia
3057 3393 3125 3432 ex
3167 3377 3298 3432 Sion
3347 3378 3578 3432 debebat
3615 3379 3789 3432 mani-

2217 3466 2400 3523 fcstari
2425 3469 2699 3528 Christus.
2735 3478 2790 3523 et
2810 3469 2940 3538 quia
2967 3469 3279 3523 Altissimus
3301 3477 3406 3530 est,
3433 3478 3489 3521 et
3517 3467 3632 3535 ipse
3657 3469 3786 3522 Sion

2215 3555 2487 3611 fundavit.
2529 3556 2676 3610 Dixit
2706 3555 2872 3611 David
2908 3573 2923 3609 :
2971 3575 2988 3606 ι
3024 3556 3196 3610 Mater
3219 3555 3373 3619 Sion,
3404 3555 3552 3610 dicet
3583 3555 3745 3609 homo
3770 3592 3787 3620 ,

2214 3657 2271 3701 et
2299 3648 2462 3700 homo
2484 3656 2647 3701 natus
2674 3656 2759 3701 est
2795 3649 2851 3702 in
2875 3663 2961 3712 ea,
3007 3656 3064 3702 et
3098 3647 3216 3717 ipse
3248 3647 3500 3702 fundavit
3533 3664 3651 3703 eam
3696 3649 3788 3703 Αι-

2216 3740 2462 3796 tissimus
2491 3741 2556 3793 7'.
2598 3759 2616 3789 9

2283 3918 2437 3985 Quod
2468 3927 2651 3974 autem
2682 3915 2992 3989 baptizatus
3025 3917 3130 3973 fuit
3159 3919 3213 3973 in
3249 3917 3510 3983 Jordane,
3539 3925 3594 3973 et
3626 3917 3786 3972 tcstio

2213 4009 2459 4062 monium
2503 4008 2580 4062 illi
2620 4007 2805 4062 datum
2851 4018 2936 4062 est
2974 4009 3027 4062 in
3070 4009 3225 4063 caelis
3267 4025 3297 4062 a
3340 4009 3450 4062 Deo
3490 4018 3547 4063 et
3605 4007 3783 4068 Patre,

2211 4104 2350 4158 dixit
2383 4122 2396 4156 :
2436 4122 2453 4154 ι
2480 4103 2592 4157 Vox
2627 4101 2840 4156 Domini
2869 4117 3037 4171 super
3062 4116 3231 4170 aquas
3268 4117 3285 4166 ;
3314 4100 3456 4156 Deus
3485 4101 3671 4172 gloria:
3703 4101 3786 4153 in-

2215 4194 2432 4259 tonuit;
2488 4194 2749 4248 Dominus
2803 4209 2965 4261 super
3003 4210 3174 4263 aquas
3233 4194 3435 4247 multas
3459 4193 3524 4246 ⁷³.
3558 4211 3576 4242 9
3628 4191 3781 4257 Quod

2211 4292 2392 4337 autem
2419 4299 2518 4354 per
2547 4294 2796 4338 sanctum
2846 4299 3008 4338 suum
3048 4284 3319 4353 baptisma
3359 4283 3618 4337 contrivit
3662 4283 3783 4336 dia-

2212 4374 2394 4428 bolum
2445 4385 2500 4430 et
2535 4383 2830 4444 potestates
2881 4377 3020 4445 ejus.
3075 4375 3257 4430 dicit:
3312 4392 3330 4425 ι
3365 4375 3442 4428 lhi
3489 4383 3784 4429 conterens

2207 4467 2383 4536 capita
2419 4466 2717 4520 draconum
2744 4467 2800 4520 in
2831 4466 3048 4534 aqua“,
3081 4486 3099 4516 9
3129 4467 3182 4521 id
3214 4474 3319 4530 est,
3349 4465 3779 4528 daemoniorum;

2206 4565 2498 4612 conterens
2546 4564 2711 4626 caput
2760 4557 3040 4622 draconis,
3096 4557 3152 4612 id
3201 4566 3306 4620 est,
3362 4557 3588 4611 diaboli.
3643 4556 3782 4610 Illud

2205 4660 2422 4710 autem.
2473 4647 2706 4702 Creator
2753 4648 2878 4703 caeli
2912 4658 2969 4702 et
3001 4657 3162 4703 terra:
3209 4656 3266 4702 et
3298 4648 3486 4712 maris,
3544 4646 3661 4716 ipse
3699 4656 3784 4701 est

2203 4740 2475 4806 Christus,
2509 4740 2656 4810 quod
2681 4740 2734 4794 in
2765 4741 2902 4795 mari
2937 4741 3239 4797 ambulavit
3267 4750 3328 4796 ut
3361 4742 3416 4796 in
3443 4742 3780 4812 pavimento,

2203 4836 2350 4905 quod
2380 4837 2691 4891 curationes
2713 4837 2911 4892 multas
2933 4836 3060 4892 fecit
3086 4839 3140 4892 in
3167 4839 3390 4907 populo;
3414 4848 3471 4892 et
3489 4853 3588 4907 pro
3619 4853 3782 4891 mun-

2203 4929 2274 4982 do
2305 4927 2499 4984 debuit
2529 4929 2662 4999 pati,
2692 4929 2833 4984 liber
2854 4929 2957 4984 Job
2988 4931 3061 4985 ita
3084 4931 3365 5001 loquitur:
3407 4949 3425 4983 ι
3455 4930 3558 4997 Qui
3581 4931 3780 4985 cmlum

2204 5018 2440 5072 tetendit
2486 5019 2657 5077 solus.
2735 5019 3020 5074 ambulans
3075 5019 3130 5076 in
3191 5019 3328 5074 mari
3382 5027 3442 5073 ut
3524 5019 3579 5072 in
3626 5020 3782 5087 pavi-

2208 5120 2394 5163 mento
2415 5110 2460 5141 τδ
2487 5127 2500 5173 ;
2537 5128 2555 5160 9
2587 5111 2858 5179 propheta
2891 5127 3111 5182 quoque
3141 5112 3277 5167 dicit
3310 5130 3322 5166 :
3361 5130 3380 5162 ι
3429 5111 3583 5164 Tunc
3635 5107 3778 5162 oculi

2207 5215 2477 5255 czecorum
2499 5201 2838 5269 aperientur,
2858 5211 2915 5258 et
2939 5205 3117 5258 soluta
3133 5205 3242 5258 erit
3266 5205 3450 5272 lingua
3466 5212 3740 5256 mutorum
3763 5217 3779 5264 ;

2198 5299 2342 5346 ‘tunc
2371 5292 2599 5346 claudus
2631 5302 2694 5346 ut
2721 5307 2922 5346 cervus
2948 5295 3105 5348 saliet
3129 5295 3196 5346 ".
3230 5313 3246 5344 9
3284 5292 3440 5358 Quod
3468 5300 3653 5345 autem
3687 5292 3782 5344 deo

2208 5383 2373 5438 bebat
2404 5385 2668 5439 Dominus
2698 5394 2885 5438 noster
2910 5383 3069 5438 Jesus
3106 5385 3360 5439 Christus
3390 5383 3444 5436 in
3473 5382 3780 5436 Jerusalem

2647 5537 2690 5566 ⁵⁸
2719 5535 2860 5591 Psal.
2900 5549 3088 5592 ωιτν.
3123 5532 3175 5586 9.
3252 5534 3298 5565 ⁶⁹
3330 5531 3470 5585 ΡεεΙ.
3512 5546 3698 5590 xxxiv.
3725 5535 3776 5586 (ἶ.

2204 5611 2244 5640 ⁷⁸³
2284 5610 2420 5662 i'9al.
2458 5623 2648 5670 xum,
2673 5607 2727 5661 5.
2803 5602 3019 5659 “Paul.
3045 5619 3229 5667 Lxxm,
3270 5603 3352 5658 t3.
3428 5601 3473 5635 ”
3495 5602 3595 5656 Joh
3628 5617 3700 5663 ιι,
3725 5608 3776 5655 8.
