3988 6142
423 372 516 435 1⁴Ξ3

1430 364 1883 424 DISPUTATIO
1923 365 2311 425 ADVERSUS
2347 363 2671 425 JUDASOS.

3477 351 3644 433 Jan

417 497 506 536 και
529 478 632 536 εῐδε
657 481 979 552 διαφθοράν·
999 477 1157 544 αὐτὸς
1183 478 1287 552 γὰρ
1311 481 1338 532 ὁ
1358 479 1489 540 Θεὸς
1515 478 1612 549 τὴν
1639 477 1984 549 ἀνθρωπίνην

2109 495 2202 534 ἰιιιι
2249 487 2541 532 humanam
2585 493 2748 547 quam
2801 474 3028 542 simipsit
3072 469 3380 527 suscitavit.
3429 471 3492 524 Et
3517 470 3644 524 alibi

416 573 520 640 φύς
530 589 598 636 ιν,
613 572 676 642 ἢν
692 570 1262 639 ἀνέλαϐεν,ἀνέστησε.
1281 571 1388 622 Καὶ
1401 567 1632 638 ἀλλαχοῦ
1651 571 1976 636 γέγραπται’

425 682 444 715 ι
479 663 588 714 Καὶ
614 661 767 715 ἔσται
799 663 832 731 ἡ
861 659 1165 725 ἀνάπαυσις
1201 660 1362 713 αὑτοῦ
1408 661 1564 730 τιμή·
1593 677 1612 709 ι
1645 658 1921 710 τουτέστιν
1948 660 1981 726 ἡ

419 753 516 824 μὲν
550 753 874 814 ἀνάπαυσις,
912 752 1056 822 ταφή
1084 765 1098 782 ο
1131 753 1164 819 ἠ
1193 749 1248 802 δὲ
1270 752 1424 820 τιμὴ,
1460 749 1772 812 ἀνάστασις.

487 845 684 898 Λοιπὸν
713 844 794 906 τίς
825 843 997 895 ταῦτα
1043 842 1255 895 ἁκούων
1286 843 1350 894 ὲκ
1397 841 1503 892 τῶν
1535 839 1830 910 προφητῶν
1857 839 1984 906 περὶ

417 934 512 987 τοῦ
553 934 808 1004 Χριστοῦ,
839 935 936 1003 οὐχ
965 933 1217 1003 ὁμολογεῖ
1243 932 1403 985 αὑτὸν
1435 932 1565 983 Θεὸν
1609 931 1861 1002 ἀληθινὸν
1894 932 1982 982 διὰ

416 1029 511 1098 τὴν
544 1028 638 1080 τοῦ
685 1028 889 1095 κόσμου
931 1027 1204 1096 σωτηρίαν
1237 1025 1731 1094 ὲνανθρωπήσαντα
1753 1064 1768 1087 ,
1793 1024 1986 1077 εἴδωλά

417 1137 475 1173 τε
508 1121 950 1188 καταργήσαντα,
982 1118 1171 1182 θυσίας
1201 1117 1474 1186 δαιμόνων
1496 1117 1981 1188 καταστρέψαντας

422 1211 529 1262 Ποῦ
587 1213 726 1262 εἰσιν
777 1212 831 1264 αί
881 1210 1059 1262 θυσίαι
1109 1208 1426 1278 Αἰγύπτου;
1475 1207 1577 1260 ποῦ
1617 1209 1672 1260 αἱ
1737 1211 1984 1276 μαντεῖαι

421 1303 693 1368 Μέμφεως
719 1317 732 1365 ;
763 1298 865 1352 ποῦ
900 1300 1198 1370 Σεϐήνυτος
1222 1301 1255 1368 ἡ
1302 1298 1392 1350 τὸν
1421 1297 1641 1367 Σίμωνα
1674 1296 1942 1366 σεϐομένη
1971 1313 1985 1360 ;

423 1389 521 1440 ποῦ
555 1390 814 1459 Νοῦφιςή
848 1389 940 1440 τὸν
969 1384 1108 1442 οἶνον
1142 1387 1522 1458 προσκυνοῦσα
1552 1405 1566 1453 ;
1607 1386 1709 1439 ποῦ
1745 1389 1850 1438 είσι
1891 1388 1987 1456 σή-

426 1498 586 1550 μερον
620 1482 668 1531 oi
701 1480 791 1532 τὸν
834 1479 984 1550 ἣλιον
1016 1479 1335 1549 σεϐόμενοις
1379 1477 1479 1530 ποῦ
1521 1478 1622 1540 τῆς
1673 1477 1988 1546 Ἀρτέμιδος

421 1573 447 1621 ι
477 1571 599 1634 ναός
633 1586 647 1634 ;
682 1569 784 1622 ποῦ
815 1571 908 1622 τοῦ
957 1571 1083 1623 ναοῦ
1121 1570 1358 1633 Κυζίκου
1406 1571 1460 1622 αἱ
1506 1571 1751 1638 μαντεῖαι
1797 1569 1988 1620 Ἀπολ·

423 1659 586 1719 λωνος
615 1660 710 1712 καὶ
737 1661 954 1713 πάντων
989 1659 1098 1712 τῶν
1127 1661 1434 1729 δαιμόνιυνς
1476 1659 1582 1712 Τοῦ
1615 1659 1722 1727 γάρ
1752 1659 1990 1728 Χριστοῦ

423 1753 681 1816 φανέντος
729 1753 822 1804 καὶ
876 1751 1111 1820 σταυροῦ
1162 1754 1426 1819 παγέντος
1453 1793 1467 1815 ,
1500 1753 1528 1802 ὁ
1557 1751 1687 1812 Θεὸς
1713 1748 1990 1820 πανταχοῦ

2085 571 2348 638 scriptum
2378 578 2461 623 est
2489 587 2502 622 :
2546 587 2564 620 ι
2591 569 2658 622 Et
2684 568 2786 622 erit
2823 564 3038 632 implies
3065 565 3184 633 ejus
3217 562 3384 633 gloria
3408 562 3453 592 ⁸⁸
3473 601 3486 622 ,
3521 581 3537 610 ι
3591 563 3645 614 id

2083 663 2432 730 est,requies
2478 660 2811 731 sepulcrum,
2857 658 3025 729 gloria
3062 667 3244 711 autem
3289 653 3649 710 resurrectio-

2083 767 2208 806 nem
2243 751 2443 807 iudicat

2153 842 2286 909 Quis
2336 844 2553 898 demum
2585 843 2701 896 haac
2728 843 2954 896 audiens
2981 858 3012 894 a
3059 839 3338 908 prephctis
3381 838 3448 891 de
3491 836 3653 889 Chri-

2087 941 2172 986 sto
2201 934 2364 996 dicta,
2405 949 2514 987 non
2557 934 2759 988 fatetur
2790 933 2934 985 hunc
2975 932 3144 984 Deum
3192 945 3314 983 vere
3346 929 3411 981 ad
3459 927 3650 981 mundi

2089 1027 2324 1080 salutem
2355 1027 2630 1080 hominem
2654 1027 2856 1080 factum
2908 1039 3050 1085 esse,
3105 1023 3246 1076 idola
3295 1021 3647 1078 destruxisse.

2084 1113 2480 1167 daemoniorum
2511 1113 2772 1168 sacriﬁcia
2803 1111 3106 1166 abolevisse
3127 1111 3152 1163 ἲ
3201 1110 3297 1166 Ubi
3325 1119 3453 1164 sunt
3495 1109 3652 1180 [Egy-

2091 1205 2167 1273 pti
2214 1205 2520 1259 sacriﬁcia?
2567 1204 2657 1258 ubi
2709 1202 3346 1272 Memphidisoracula?
3401 1201 3491 1255 ubi
3558 1202 3653 1256 Se-

2089 1296 2286 1364 heuyte
2315 1294 2590 1348 Simonem
2640 1295 2867 1350 colens?
2924 1293 3014 1347 ubi
3067 1293 3280 1362 Nuphis
3310 1293 3492 1346 vinum
3525 1297 3656 1346 atto-

2093 1387 2264 1440 rans?
2295 1387 2385 1440 ubi
2432 1395 2562 1440 sunt
2611 1385 2768 1440 hodie
2823 1385 2951 1440 solis
3001 1385 3280 1440 cultores?
3328 1384 3416 1438 ubi
3471 1384 3658 1438 Dianae

2097 1477 2355 1546 templum
2379 1477 2402 1530 ?
2433 1477 2521 1531 ubi
2548 1475 2799 1547 Cyziceni
2829 1476 3013 1544 templi
3041 1475 3308 1545 Apollinis
3329 1484 3385 1529 et
3409 1475 3654 1529 omnium

2099 1567 2492 1622 dcemoniorum
2539 1566 2804 1620 oracula?
2863 1566 3078 1619 Christo
3119 1567 3263 1618 enim
3315 1565 3656 1620 manifestato

2102 1667 2156 1711 et
2194 1658 2249 1712 in
2291 1673 2453 1711 cruce
2494 1657 2799 1725 pendente,
2853 1655 2995 1710 Deus
3047 1655 3250 1725 ubique
3296 1655 3553 1709 adorator
3605 1665 3658 1708 et

2093 1749 2444 1818 gloriﬁcatur.
2467 1749 2656 1803 Nonne
2680 1765 2775 1802 vos
2800 1748 2983 1818 pudet,
3006 1747 3197 1812 Judaei,
3227 1763 3326 1802 nos
3351 1747 3661 1802 idololatras

425 1844 806 1909 προσκυνεῖται
873 1843 964 1894 καὶ
1020 1843 1320 1907 δοξάζεται.
1364 1845 1472 1894 Καὶ
1513 1844 1614 1894 οὐκ
1647 1841 1989 1911 αἰσχύνεσθε,

2109 1849 2151 1892 2t
2180 1839 2338 1892 idolis
2365 1839 2734 1894 sacriﬁcantes
2768 1839 3006 1893 vocare?
3032 1840 3288 1892 Attamen
3315 1839 3513 1892 mirum
3551 1853 3658 1890 non

438 1932 696 1995 Ἰουδαῖοι,
728 1933 1080 1992 εἰδωλοθύτας
1112 1935 1258 2002 ἡμᾶς
1291 1933 1385 1984 καὶ
1431 1932 1822 2002 εἰδωλολάτραις
1878 1933 1993 1983 ὀνο-

429 2023 720 2090 μάζοντεςς
755 2022 944 2092 Ὅμως
976 2025 1126 2076 οὐδὲν
1157 2025 1306 2090 ξένον
1329 2040 1344 2055 ο
1383 2026 1531 2076 πᾶσα
1566 2023 1673 2092 γὰρ
1724 2025 1896 2092 πόρνη
1925 2024 1993 2093 τῇ

428 2113 685 2183 ἐλευθέρᾳ
713 2117 930 2180 γυναικὶ
959 2115 1017 2166 τὸ
1051 2114 1180 2166 [διον
1202 2113 1368 2181 ὄνομα
1390 2115 1719 2184 περιτίθησι,
1754 2113 1993 2184 κράζου-

430 2217 498 2252 σα
537 2201 670 2269 αὐτῇ
701 2219 714 2231 ο
743 2202 1186 2269 Πεπορνευμένη.
1225 2203 1332 2252 Καὶ
1362 2201 1470 2269 γὰρ
1510 2201 1729 2252 Ἡσαΐου
1762 2203 1852 2252 καὶ
1893 2201 1994 2253 Ἱε-

431 2291 621 2357 ρεμίου
664 2292 756 2342 καὶ
782 2291 889 2342 τῶν
919 2291 1125 2344 λοιπῶν
1155 2291 1472 2360 προφητῶν,
1501 2292 1562 2343 οὐ
1598 2292 1703 2360 μὴν
1730 2291 1866 2343 ἀλλὰ
1904 2291 1999 2344 καὶ

429 2381 592 2433 αὑτοῦ
617 2381 710 2434 τοῦ
737 2382 994 2452 Χριστοῦ,
1015 2384 1114 2434 οὐκ
1137 2383 1448 2450 sesima-05'
1475 2385 1566 2435 καὶ
1595 2383 1710 2443 πῶς
1733 2384 1862 2452 ἡμῖν
1885 2385 1998 2445 τοῖς

431 2473 472 2523 Χ
483 2475 769 2541 ριστιανοῖς
785 2473 934 2541 ἔχετε
953 2473 1240 2540 φείσασθαι
1264 2490 1278 2536 ;
1297 2473 1437 2526 Ἀλλ’
1458 2474 1507 2525 εἰ
1532 2475 1622 2524 καὶ
1638 2472 1812 2542 εἴχετε
1841 2473 1999 2539 ὑμεῖς

431 2564 695 2626 ἐξουσίαν.
711 2565 800 2616 καὶ
822 2567 978 2632 ἡμεῖς
999 2565 1239 2634 σήμερον
1259 2561 1472 2632 ἔχομεν,
1489 2563 1590 2614 οὑκ
1604 2561 1668 2614 ἂν
1685 2562 1880 2614 ἐάσατε
1902 2560 1997 2612 ἕνα

432 2655 490 2718 ἐξ
522 2655 676 2723 ἡμῶν
705 2655 868 2722 μέσον
905 2654 1055 2723 ὑμῶν
1075 2655 1254 2724 ζῆσαι,
1283 2653 1531 2722 καθάπερ
1553 2653 1644 2706 καὶ
1675 2655 1833 2722 ἡμεῖς
1856 2653 1999 2720 ὑμᾶς

433 2745 757 2813 ἀνεχόμεθα.
795 2743 1014 2816 Ἐπειδὴ
1042 2744 1098 2797 δὲ
1147 2744 1340 2796 εἴπατε
1365 2759 1379 2772 ·
1412 2745 1510 2794 Διὰ
1552 2741 1603 2793 τί
1636 2742 1736 2794 οὐκ
1763 2737 1920 2792 εἶπαν
1949 2741 1999 2792 οἱ

438 2836 708 2904 προφῆται
739 2835 988 2902 φανερῶς
1010 2835 1104 2886 καί⁵
1126 2832 1317 2902 γυμνῷ
1341 2831 1419 2901 τῷ
1443 2829 1726 2900 πράγματι
1754 2831 1882 2899 περὶ
1903 2829 1997 2881 τοῦ

434 2927 715 2994 Χριστοῦς
753 2925 943 2994 ἐρωτῶ
1001 2924 1156 2992 κάγὼ
1197 2925 1339 2992 ὑμᾶς
1398 2921 1554 2974 τοῦτο
1599 2938 1664 2987 γε
1697 2937 1711 2950 ·
1749 2919 1872 2982 Πῶς
1899 2920 1999 2973 οὐκ

437 3013 590 3068 εἷπον
617 3017 665 3069 οί
699 3015 975 3086 προφῆται
1013 3013 1263 3084 περὶτοῦ
1296 3011 1532 3082 Χριστοῦ
1574 3012 1702 3080 ὑμῖν
1739 3013 1852 3073 τοῖς
1867 3011 1998 3062 Ἰου-

435 3107 622 3171 δαίοις,
648 3110 729 3162 ὅτι
763 3107 995 3161 Βλέπετε
1015 3147 1031 3171 ,
1066 3105 1242 3158 ἐλθεῖν
1270 3103 1382 3174 ἔχει
1409 3102 1694 3173 ἄνθρωπος
1728 3101 2000 3170 καλούμε-

2097 1939 2201 1982 est.
2232 1927 2422 1983 Omnis
2463 1929 2607 1982 enim
2656 1927 2915 1981 meretrix
2961 1927 3177 1980 mulieri
3225 1927 3413 1981 libera:
3462 1941 3661 1980 nomen

2097 2036 2258 2072 suum
2313 2018 2562 2088 imponit,
2616 2019 2866 2073 vocitans
2905 2017 3054 2072 illam
3107 2017 3474 2070 meretricem.
3527 2015 3660 2070 Nam

2098 2110 2265 2171 Isaiae,
2297 2111 2564 2173 Jcremize,
2592 2119 2647 2165 et
2675 2110 2900 2180 reliquis
2937 2109 3238 2180 prophetis,
3269 2108 3514 2177 adeoque
3559 2107 3660 2175 ipsi

2095 2200 2314 2254 Christo
2335 2216 2440 2254 non
2468 2201 2788 2270 pepercistis
2812 2217 2827 2267 ;
2859 2212 2914 2256 et
2935 2199 3208 2270 quomodo
3229 2199 3386 2254 nobis
3405 2198 3666 2254 Christia-

2099 2300 2186 2354 nis
2220 2301 2446 2369 potestis
2501 2302 2764 2368 parcere?
2815 2303 2862 2356 si
2905 2319 3036 2357 vero
3082 2301 3360 2356 haberetis
3392 2301 3532 2356 hanc
3570 2316 3665 2369 po-

2101 2397 2370 2454 testatem,
2403 2405 2565 2458 quam
2593 2404 2693 2443 nos
2736 2389 2899 2445 hodie
2931 2391 3217 2455 habemus,
3253 2405 3360 2443 non
3409 2389 3666 2442 sineretis

2103 2493 2270 2532 unum
2299 2495 2366 2532 ex
2394 2479 2554 2533 nobis
2583 2477 2726 2532 inter
2759 2495 2857 2533 vos
2885 2480 3088 2544 vivere,
3129 2489 3188 2534 ut
3217 2493 3316 2533 nos
3345 2493 3441 2532 vos
3470 2477 3668 2530 tolera-

2105 2581 2243 2618 mus.
2275 2565 2411 2620 Cum
2442 2568 2588 2620 enim
2618 2567 2822 2626 dicitis.
2853 2583 2950 2620 cur
2983 2583 3092 2622 non
3142 2566 3307 2621 loculi
3339 2565 3450 2619 sint
3483 2572 3669 2633 aperte

2101 2667 2158 2710 et
2182 2657 2325 2711 nude
2350 2657 2418 2712 de
2442 2657 2659 2712 Christo
2690 2659 2986 2728 prephetac,
3022 2673 3204 2728 qumro
3234 2665 3287 2711 et
3315 2671 3416 2727 ego
3439 2672 3466 2708 a
3493 2655 3668 2716 vobis,

2102 2764 2199 2801 cur
2226 2763 2335 2801 non
2367 2748 2609 2804 dixerint
2633 2751 2910 2820 prephetze
2939 2750 3092 2804 vobis
3110 2747 3390 2804 Judaeisde
3412 2747 3630 2802 Christo
3653 2761 3667 2798 :

2101 2837 2324 2902 Cavete,
2344 2839 2522 2893 veniet
2547 2840 2710 2894 homo
2733 2841 3035 2910 appellatus
3058 2840 3240 2904 Iesus,
3271 2855 3338 2893 ne
3361 2838 3436 2891 illi
3465 2837 3676 2892 credite

2102 2925 2230 2994 quia
2263 2927 2528 2996 impostor
2563 2929 2685 2984 est?
2716 2928 2828 2984 Sed
2863 2929 2935 2982 ita
2957 2944 3146 2983 verum
3176 2943 3296 2983 esse
3319 2925 3595 2982 Christum
3619 2935 3675 2978 et

2101 3015 2298 3080 Deum,
2347 3033 2508 3086 quem
2571 3019 2851 3088 prephctae
2910 3019 3438 3089 prmnuntiaveruut,
3488 3018 3678 3072 nolen-

2105 3113 2186 3159 tes
2213 3108 2458 3173 credere,
2492 3108 2868 3178 impostorcm,
2902 3125 3002 3165 nec
3030 3109 3308 3164 Christum
3337 3109 3604 3179 accipitis.

439 3216 525 3260 νος
570 3197 796 3268 Ἰησοῦς,
828 3197 903 3268 μὴ
924 3195 1250 3249 πιστεύσατε
1300 3193 1447 3263 αὑτῷ
1499 3193 1582 3246 ὅτι
1616 3193 1814 3254 πλάνος
1867 3194 2052 3259 ὲστίν;
2095 3196 2208 3249 ἀλλ’
2269 3197 2442 3261 οὕτως
2501 3199 2593 3252 τὸν
2640 3201 2888 3272 ἀληθινὸν
2941 3200 3172 3271 Χριστὸν
3208 3201 3302 3254 καὶ
3339 3201 3492 3264 Θεὸν,
3521 3199 3580 3253 ὃν
3630 3201 3677 3251 οῖ

437 3291 712 3362 προφῆται
762 3291 1158 3361 προεκήρυξαν,
1205 3289 1279 3360 μὴ
1331 3289 1654 3358 θελήσαντες
1686 3287 1988 3353 πιστεῦσαι,
2033 3290 2228 3346 πλάνον
2271 3296 2363 3348 καὶ
2392 3299 2453 3350 οὐ
2489 3296 2721 3366 Χριστὸν
2742 3296 3042 3368 ἐνδέχεσθε.

517 3383 576 3433 Ei
609 3381 666 3432 δὲ
685 3380 815 3452 εἴπῃ
837 3382 865 3432 ὁ
908 3380 1180 3446 Ἰουδαῖος,
1205 3381 1287 3432 ὅτι
1326 3379 1451 3442 Πῶς
1482 3379 1577 3432 τοῦ
1607 3379 1744 3432 Θεοῦ
1787 3395 2002 3450 παραγ·
2030 3386 2076 3445 ο

439 3471 716 3537 γείλαντος
755 3471 829 3538 μὴ
872 3473 1196 3538 προσκυνεῖν
1246 3469 1376 3533 ξύλα
1411 3470 1444 3538 ἢ
1501 3471 1648 3522 λίθον
1713 3471 1808 3522 καὶ
1867 3469 2006 3539 ἔργα

441 3565 641 3633 χειρῶν
679 3563 1002 3634 ἀνθρώπων,
1041 3563 1160 3626 πῶς
1214 3565 1371 3632 ὑμεῖς
1399 3565 1447 3617 οῖ
1497 3565 1815 3633 Χριστιανοὶ
1869 3564 2008 3618 αὐτὰ

444 3655 795 3724 προσκυνεῖτε
821 3655 916 3706 καὶ
942 3655 1189 3716 σέϐεσθε,
1224 3655 1505 3717 ποιοῦντες
1532 3655 1710 3707 αὐτῶν
1741 3655 2009 3724 σταυροὺς

444 3745 538 3798 καὶ
565 3745 812 3809 είκόνας;
844 3745 963 3796 εἰπὲ
1001 3744 1148 3814 αὐτῷ
1168 3760 1184 3775 ·
1214 3744 1352 3810 Λέγε
1387 3762 1475 3812 μοι
1508 3747 1600 3797 καὶ
1629 3746 1716 3806 σὺ,
1761 3745 2005 3806 Ἰουδαῖε,

443 3835 532 3887 διὰ
554 3835 607 3886 τί
643 3836 820 3887 καὶσὺ
849 3838 1173 3904 προσκυνεῖς
1199 3833 1258 3886 τὸ
1291 3833 1493 3902 βιϐλίον
1519 3835 1612 3887 τοῦ
1640 3836 1827 3904 νόμον,
1859 3837 2010 3888 ἐπει-

444 3925 507 3994 δὴ
547 3925 610 3977 ὲκ
637 3923 923 3992 δερμάτων
957 3924 1215 3993 τυγχάνει
1243 3925 1335 3976 καὶ
1373 3926 1429 3976 ἐν
1459 3925 1766 3996 ἀκαθαρσίᾳ
1813 3925 2011 3996 βεϐυρ-

447 4015 748 4081 σευμένον;
781 4014 867 4066 διὰ
921 4013 972 4066 τί
1031 4014 1086 4066 δὲ
1139 4014 1234 4068 καὶ
1262 4016 1290 4066 ὁ
1333 4013 1530 4066 Ἰακὼϐ
1571 4017 1600 4066 ὁ
1663 4020 2010 4086 πατριάρχης

447 4103 852 4171 προσεκύνησεν
873 4105 964 4157 ἐπὶ
993 4103 1055 4157 τὸ
1081 4105 1248 4175 ἀκρον
1275 4106 1372 4174 τῆς
1413 4105 1610 4174 ῥάϐδου
1633 4103 1726 4156 τοῦ
1765 4106 1960 4176 Ἰωσήφ
1993 4124 2008 4170 ;

447 4195 556 4246 Καὶ
583 4196 630 4246 εί
665 4195 764 4263 μὲν
789 4195 900 4263 εχει
930 4197 1124 4259 εἰπεῖν,
1153 4196 1234 4248 ὅτι
1258 4195 1377 4249 Κᾶν
1403 4195 1692 4265 προσκυνῶ
1713 4195 1807 4247 τοῦ
1842 4197 2008 4265 νόμου

445 4286 504 4335 τὸ
535 4284 756 4352 βιϐλίον,
792 4286 851 4338 οὐ
879 4287 978 4356 τὴν
1009 4287 1170 4356 φύσιν
1206 4286 1317 4339 τῶν
1360 4286 1644 4356 δερμάτων
1692 4290 2009 4356 προσκυνῶ,

446 4379 581 4430 ἀλλὰ
610 4381 708 4448 τὴν
725 4378 952 4449 δύναμιν
979 4381 1088 4433 τῶν
1113 4383 1374 4452 ῥημάτιον
1402 4398 1416 4412 ο
1439 4383 1532 4434 καὶ
1551 4383 1580 4432 ὁ
1615 4379 1813 4434 Ἰακὼϐ
1841 4398 2011 4450 προσ-

399 4459 416 4540 (
448 4471 688 4538 κυνήσας
734 4472 835 4540 τὴν
892 4471 1105 4541 ῥάϐδον,
1139 4473 1199 4525 ού
1262 4472 1323 4524 τὸ
1369 4469 1526 4533 ξύλον
1578 4470 2010 4540 προσεκύνησεν,

402 4556 412 4633 ι
447 4561 582 4614 ἀλλά
634 4561 725 4614 τὸν
753 4562 1062 4632 κρατοῦντα
1095 4563 1268 4632 αὐτὴν
1307 4563 1503 4632 Ἰωσήφ
1524 4579 1536 4592 ·
1576 4563 1695 4615 εἰπὲ
1729 4563 1900 4632 αὐτῷ,
1929 4563 2010 4616 ὅτι

388 4643 412 4760 1
449 4651 637 4714 Οὕτως
685 4653 782 4706 καὶ
815 4655 974 4723 ἡμεῖς
1002 4656 1051 4706 oi
1093 4655 1414 4724 Χριστιανοὶ
1453 4653 1889 4723 προσκυνοῦντες
1915 4653 2009 4707 τοῦ

451 4742 903 4760 νμρικν.
1040 4744 1137 4760 ..
1273 4743 1286 4760 .
1499 4743 1654 4760 -..μ

2180 3387 2274 3440 Sin
2307 3396 2487 3442 autem
2513 3388 2734 3443 iud-eus
2761 3388 2959 3442 dixerit
2989 3405 3001 3439 :
3037 3386 3344 3453 Quomodo,
3379 3401 3502 3442 cum
3535 3385 3682 3438 Deus

2117 3480 2442 3548 prteccperit
2487 3496 2557 3533 ne
2615 3480 2916 3533 adorentur
2980 3478 3146 3547 ligna,
3195 3477 3352 3545 lapis,
3408 3485 3463 3530 ct
3515 3492 3690 3546 opera.

2119 3585 2376 3622 manuum
2407 3570 2708 3634 hominum,
2744 3585 2858 3632 vos,
2891 3566 3213 3632 Christiani,
3271 3567 3386 3621 haec
3437 3566 3682 3621 adoratis

2116 3667 2172 3712 et
2201 3659 2398 3724 colitis,
2426 3658 2687 3714 facientes
2729 3675 2796 3713 ex
2835 3659 2920 3712 his
2946 3671 3138 3712 cruces
3167 3665 3221 3710 et
3263 3657 3568 3727 imagines?
3599 3675 3684 3711 re-

2119 3749 2328 3819 Sponde
2352 3751 2427 3804 illi
2456 3769 2468 3803 :
2503 3751 2600 3806 Dic
2631 3749 2763 3803 mihi
2787 3758 2839 3803 et
2869 3761 2946 3813 tu,
2979 3748 3186 3814 Judaee,
3215 3764 3384 3818 quare
3410 3759 3463 3804 tu
3487 3751 3688 3804 adoras

2120 3843 2252 3910 legis
2273 3842 2490 3906 librum,
2516 3859 2637 3896 cum
2655 3857 2684 3895 e
2705 3841 2936 3911 pellibus
2957 3851 3012 3896 et
3029 3842 3324 3896 immundis
3343 3843 3508 3896 coriis
3535 3858 3653 3895 com

2121 3945 2312 4003 pactus
2341 3934 2454 3988 sit?
2487 3950 2593 3988 cur
2619 3934 2787 3990 Jacob
2816 3935 3125 4005 patriarcha
3155 3933 3408 3988 adora-vit
3435 3935 3488 3987 in
3529 3950 3684 3986 sim:-

2123 4024 2310 4078 mitate
2335 4026 2498 4096 virgae
2525 4025 2812 4095 Ioseph”?
2834 4025 2986 4092 Quod
3013 4026 3059 4080 si
3091 4025 3331 4096 potuerit
3353 4025 3536 4080 dicere
3567 4045 3576 4078 :
3621 4029 3640 4076 Ξ·
3665 4035 3688 4076 ι

2122 4117 2165 4168 si
2207 4115 2376 4169 adoro
2402 4115 2536 4186 legis
2576 4115 2796 4178 librum,
2830 4133 2940 4170 non
2977 4127 3224 4170 naturam
3247 4116 3468 4186 pellium
3493 4119 3680 4182 mimo,

2122 4203 2216 4257 sed
2247 4203 2538 4258 verborum
2571 4205 2871 4271 virtutem;
2909 4202 3084 4274 neque
3108 4203 3276 4259 Jacob
3304 4205 3544 4258 adorans
3577 4205 3684 4255 vir-

2122 4309 2264 4363 gam,
2298 4295 2503 4364 lignum
2533 4294 2798 4358 adoravit,
2835 4295 2928 4349 sed
2956 4295 3046 4364 qui
3085 4309 3205 4348 eam
3246 4295 3560 4364 possidebat
3591 4295 3682 4348 Jo-

2123 4387 2296 4456 seph;
2333 4387 2421 4441 die
2451 4385 2529 4440 illi
2556 4403 2569 4439 :
2601 4385 2863 4441 Similiter
2895 4396 2950 4440 et
2988 4401 3084 4440 nos
3108 4385 3410 4440 Christiani
3441 4385 3676 4438 adoran-

2125 4487 2202 4530 tes
2227 4477 2429 4533 Christi
2483 4493 2722 4540 crucem,
2760 4493 2867 4531 non
2895 4477 3025 4548 ligni
3069 4487 3322 4532 naturam
3366 4477 3687 4536 adoramus,

2121 4569 2264 4638 quod
2292 4571 2453 4634 absit,
2483 4570 2576 4625 sed
2605 4567 2882 4624 Christum
2906 4571 2960 4624 in
2989 4585 3056 4623 eo
3089 4570 3435 4624 cruciﬁxum.
3475 4571 3674 4630 ωιιειιίι-

2121 4659 2413 4712 admodum
2467 4668 2523 4713 et
2551 4675 2668 4724 vos,
2715 4659 2758 4712 si
2792 4651 3112 4715 inveneritis
3163 4658 3324 4713 hodie
3369 4660 3501 4713 duas
3529 4659 3684 4712 tabu-

449 4742 686 4811 Χριστοῦ
717 4744 965 4812 σταυρὸν,
999 4744 1061 4796 ού
1087 4745 1188 4812 τὴν
1217 4743 1382 4812 φύσιν
1431 4743 1526 4796 τοῦ
1573 4743 1730 4808 ξύλου
1774 4761 2001 4814 προσκυ‹

2119 4753 2198 4805 las
2232 4762 2286 4806 et
2328 4752 2438 4806 duo
2470 4750 2767 4806 Cherubim
2810 4767 2996 4816 aurea,
3040 4767 3162 4822 quae
3203 4751 3333 4806 fecit
3362 4751 3590 4822 Moyses,
3627 4760 3682 4801 (ιι.

449 4831 669 4901 νοῦμεν,
702 4833 774 4902 μὴ
797 4834 1040 4901 γένοιτοι
1073 4833 1208 4888 ἀλλά
1238 4835 1469 4904 Χριστὸν
1487 4835 1580 4887 τὸν
1632 4835 2016 4904 σταυρωθέντα

449 4923 507 4973 ὲν
534 4923 704 4991 αὐτῷ.
736 4924 845 4976 Καὶ
872 4922 1060 4991 ὥσπερ
1091 4924 1248 4993 ὑμεῖς
1275 4923 1372 4997 ὲάν
1394 4924 1602 4994 ηὖρατε
1625 4924 1750 4994 ἄρτι
1781 4924 1876 4987 τάς
1921 4923 2015 4976 δύο

447 5011 661 5074 πλάκας
689 5013 870 5065 καὶτὰ
896 5011 990 5066 δύο
1010 5012 1289 5082 Χερουϐὶμ
1310 5013 1378 5066 τὰ
1401 5016 1600 5084 χρυσᾶ,
1627 5016 1769 5084 άπερ
1791 5015 2014 5083 ἐποίησε

447 5103 705 5172 Μωῦσῆς,
736 5104 831 5156 καὶ
862 5103 960 5174 τὴν
983 5103 1236 5166 κιϐωτὸν,
1263 5103 1754 5176 προσῘε]κυνήσατε
1787 5105 1852 5157 ἂν
1875 5106 2015 5158 αὐτὰ

444 5195 713 5264 τιμῶντες
755 5196 848 5249 τὸν
897 5195 1227 5260 ἐπιτάξαντα
1278 5196 1449 5249 ταῦτα
1473 5212 1488 5229 ο
1525 5196 1604 5265 τῷ
1635 5194 1784 5264 αὐτῷ
1823 5197 2012 5265 τρόπῳ

447 5288 542 5339 καὶ
571 5288 750 5356 ἡμεῖς,
778 5288 878 5352 τὰς
909 5288 1128 5351 είκόνας
1155 5288 1610 5358 προσκυνοῦντες,
1646 5289 1708 5340 οὐ
1755 5287 1816 5340 τὺ
1859 5287 2012 5352 ξύλον

445 5392 877 5449 προσκυνουμεν,
915 5381 990 5450 μὴ
1011 5379 1226 5447 γένοιτο
1252 5381 1264 5432 ί
1297 5379 1430 5430 ἀλλὰ
1463 5378 1696 5450 Χριστὸν
1718 5378 2006 5448 τιμῶντες,

447 5470 543 5524 καὶ
577 5472 703 5530 τοὺς
745 5472 935 5539 ἁγίους
987 5472 1151 5524 αὑτοῦ
1177 5487 1192 5503 ο
1247 5472 1342 5523 καὶ
1389 5469 1514 5524 οὔτε
1565 5471 1624 5524 τὸ
1680 5471 1856 5537 ξύλον,
1889 5471 2011 5524 οὔτε

445 5567 544 5632 τὴν
591 5561 910 5634 ζωγραφίαν
958 5563 1367 5634 προσκυνοῦμεν
1399 5578 1416 5594 ο
1450 5564 1572 5616 ἐπεὶ
1607 5563 1865 5626 πολλάκις
1913 5565 2010 5627 τὰς

515 5711 563 5745 ⁸⁸
643 5714 740 5772 Isa.
777 5731 848 5780 \t,
891 5715 972 5770 l0.
1043 5718 1085 5748 '9
1119 5715 1282 5770 llchr.
1320 5733 1392 5780 xx,
1423 5717 1510 5770 2|.

2117 4855 2322 4904 arcam,
2357 4840 2659 4894 adoraretis
2677 4855 2742 4893 ea
2768 4839 3011 4893 colentes
3035 4839 3188 4892 illum
3209 4839 3302 4908 qui
3320 4837 3436 4892 haec
3461 4837 3681 4890 manda-

2119 4935 2197 4984 vit
2231 4932 2388 4995 ticri;
2417 4931 2488 4984 ita
2529 4940 2583 4984 et
2617 4946 2718 4984 nos
2757 4945 2882 4984 cum
2926 4931 3188 5000 imagines
3229 4932 3540 4990 adoramus,
3574 4944 3680 4980 n-.-n
3761 4965 3769 4980 ε

2116 5024 2410 5077 adoramus
2439 5023 2666 5093 lignum,
2707 5022 2854 5092 quod
2884 5022 3052 5080 absit!
3079 5021 3174 5076 scd
3218 5020 3499 5076 Christum
3545 5019 3680 5073 coli-

2121 5130 2242 5167 mus
2269 5123 2320 5168 et
2345 5125 2561 5168 sanctos
2583 5115 2738 5181 ejus;
2781 5129 2957 5182 neque
2980 5113 3184 5182 lignum
3209 5126 3384 5180 neque
3411 5111 3680 5179 picturam

2119 5205 2429 5268 adoramus,
2444 5220 2565 5258 cum
2584 5204 3057 5274 smpiusimagines
3070 5200 3682 5269 vetustasabstcrgimus

2117 5301 2172 5345 et
2203 5306 2550 5355 renovamus,
2583 5301 2678 5344 aut
2705 5297 3080 5360 putrescentes
3099 5287 3492 5350 comburimus,
3523 5286 3682 5339 alias—

2117 5398 2226 5453 que
2278 5397 2450 5436 novas
2496 5381 2746 5442 facimus,
2801 5378 3173 5432 tantummodo
3207 5378 3273 5430 ad
3330 5377 3532 5430 bonam
3566 5391 3679 5428 me-

2118 5469 2351 5522 moriam
2391 5469 2735 5522 servandam.
2789 5465 2895 5518 Vos
2941 5474 3146 5524 autem,
3190 5463 3350 5516 dicite
3399 5462 3556 5523 mihi,
3582 5479 3684 5516 cur

2119 5560 2412 5631 imaginem
2464 5559 2968 5613 Nabuchodonosor
2997 5557 3265 5626 Babylone
3323 5552 3680 5614 adoravirér?
