3988 6142
323 306 463 373 1235

1511 312 1573 373 S.
1615 311 2015 373 ANAS’I‘ASII
2058 310 2228 368 SINA
2244 307 2384 366 lT.‘E

3423 315 3572 380 1236

296 435 354 483 et
376 423 493 478 illic
520 421 745 492 quidem
788 421 1057 478 habentes
1096 423 1289 479 Daniel
1317 434 1373 479 et
1404 423 1543 479 alios
1582 424 1880 495 prophetas

2007 422 2221 485 εἰκόνας
2258 423 2662 493 παλαιουμένας
2701 423 3080 496 ἀπαλείφομεν
3110 427 3202 480 καὶ
3227 426 3571 490 ἀνακαινίζοο

296 517 393 584 qui
427 529 528 569 vos
555 514 864 569 docerent?
894 515 960 569 Et
984 530 1086 586 ego
1112 515 1484 581 Christianus,
1511 530 1637 571 eum
1670 513 1878 569 Christi

297 606 475 663 adoro
526 606 843 678 imaginem,
892 607 1072 663 dico:
1124 607 1311 663 Gloria
1366 608 1480 663 Deo
1527 616 1882 673 sanctorum;

298 716 409 756 non
437 700 602 755 dico:
632 700 818 755 Gloria
842 700 991 769 ligno
1040 711 1137 755 aut
1178 702 1442 771 picturae;
1487 710 1545 754 tu
1600 713 1751 760 vero,
1777 698 1886 752 Na-

300 788 733 846 buchodonosor
788 791 1028 845 adorans
1054 791 1372 861 imaginem,
1403 790 1625 845 dicebas
1655 806 1668 843 :
1699 788 1885 843 Gloria

296 880 828 936 Nabuchodonosor.
891 881 1005 952 Ego
1052 897 1273 936 crucem
1327 881 1519 947 adoro,
1568 895 1674 936 nec
1720 880 1884 934 dico:

2010 510 2170 584 μεν,ή
2201 513 2297 567 καὶ
2317 513 2689 585 σαθρωθείσας
2721 516 3076 587 καίομεν,καὶ
3103 517 3269 580 ἄλλας
3314 535 3569 589 καινουρ-

2007 605 2130 671 γίας
2155 607 2441 676 ποιοῦμεν,
2463 607 2597 676 πρὸς
2620 607 2931 677 ὑπόμνησιν
2950 608 3165 679 ἀγαθὴν
3185 609 3365 678 μόνον.
3386 609 3573 678 Ὑμεῖς

2007 695 2063 747 δὲ
2083 696 2259 749 ἐκεῖνό
2278 713 2371 764 μοι
2392 696 2604 750 εἶπατε·
2622 696 2712 750 διὰ
2726 698 2778 750 τί
2797 696 2894 770 τήν
2908 698 3092 752 εἰκόνα
3111 699 3209 770 τήν
3224 700 3576 769 ἐνβαδυλῶνι

1996 787 2475 859 Ναϐουχοδονόσορ
2500 788 3001 862 προσ[ε]κυνήσατε
3023 812 3037 861 ;
3071 793 3250 850 καίτοι
3276 812 3341 864 γε
3370 796 3589 868 ἔχοντες

1994 879 2113 931 ἐκεῖ
2160 878 2255 932 τὸν
2298 878 2497 950 Δανιὴλ
2541 880 2635 933 καὶ
2667 877 2864 944 ἄλλους
2894 886 3185 955 προφήτας
3234 885 3588 952 διδάσκοντας

297 973 488 1030 Gloria
538 971 710 1045 ligno,
748 974 898 1045 quod
950 971 1118 1029 absitl
1174 983 1231 1028 tu
1287 972 1522 1028 vitulum
1568 972 1789 1036 adoras,
1835 981 1894 1026 et

2005 968 2147 1037 ὑμᾶς
2180 984 2196 1034 ;
2233 969 2407 1037 Κάγὼ
2455 970 2555 1039 μὲν
2588 974 2616 1024 6
2657 972 2988 1042 Χριστιανὸς
3029 978 3354 1047 προσκυνῶν
3404 981 3588 1034 εἰκόνα

300 1067 481 1122 dicis:
518 1085 537 1118 ι
565 1067 632 1122 Hi
658 1075 786 1122 sunt
811 1066 901 1122 dei
950 1066 1051 1130 tui,
1093 1065 1284 1126 Israel,
1336 1064 1431 1135 qui
1482 1063 1794 1118 eduxerunt
1840 1071 1892 1118 te

2005 1059 2082 1111 τοῦ
2112 1060 2375 1130 Χριστοῦ,
2412 1061 2578 1131 λέγω·
2604 1063 2741 1127 Δόξα
2766 1067 2794 1117 ὁ
2815 1064 2948 1130 Θεὸς
2969 1066 3078 1120 τῶν
3100 1069 3296 1136 ἁγίων,
3329 1071 3390 1123 ού
3420 1071 3584 1139 λέγω,

299 1174 332 1213 e
384 1168 533 1215 terra
584 1157 890 1231 IEgypti“.
922 1177 940 1210 ›
990 1156 1103 1213 Nos
1141 1156 1443 1212 Christiani
1496 1155 1686 1209 multis
1731 1154 1891 1210 annis

2005 1149 2134 1214 Δόξα
2190 1151 2349 1217 ξύλου
2388 1152 2419 1220 ἦ
2464 1154 2788 1222 ζωγραφίας
2814 1172 2827 1185 ·
2859 1158 2924 1211 σὺ
2970 1157 3027 1211 δὲ
3071 1162 3460 1232 προσκυνήσας
3490 1162 3587 1231 τὴν

302 1244 507 1316 captivi
536 1254 592 1301 et
623 1247 785 1301 malis
809 1245 1016 1310 amicti,
1040 1245 1215 1299 Deum
1236 1259 1347 1297 non
1369 1256 1658 1314 negamus.

2005 1242 2199 1303 εἰκόνα,
2232 1239 2413 1307 εἶπας·
2442 1242 2580 1308 Δόξα
2607 1245 3080 1319 Νασουχοδονόσορ
3101 1266 3116 1281 ·
3157 1251 3273 1318 ἐγὼ
3295 1254 3587 1322 προσκυνεῦ

293 1338 390 1393 τὸν
419 1339 673 1412 σταυρὸν,
701 1341 761 1394 ού
812 1340 978 1410 λέγω,
1011 1338 1147 1406 Δόξα
1186 1336 1344 1404 ξύλου
1367 1378 1382 1404 ,
1426 1338 1501 1407 μὴ
1543 1337 1794 1405 γένοιτοί
1843 1335 1908 1389 σὺ
1936 1335 1995 1387 δέ
2028 1339 2357 1404 προσκυνεῖς
2412 1336 2512 1408 τήν
2568 1338 2790 1408 μόσχον,
2844 1338 3023 1409 λέγεις
3048 1357 3063 1373 ο
3097 1361 3116 1395 ι
3153 1337 3313 1398 Οῦτοι
3370 1346 3419 1399 οἰ
3475 1345 3587 1403 θεοί

298 1446 420 1497 σου,
463 1432 699 1504 Ἰσραὴλ,
738 1432 787 1485 οἰ
815 1431 1176 1501 ἐξαγαγόντες
1206 1447 1265 1483 σε
1305 1432 1370 1483 ἐκ
1405 1429 1510 1499 γῆς
1548 1428 1826 1496 Αἰγύπτου
1851 1444 1866 1459 ι
1917 1427 2133 1499 »ἡμεῖς
2170 1426 2224 1482 δὲ
2255 1428 2304 1482 οἰ
2335 1428 2652 1499 Χριστιανοὶ
2678 1430 3206 1504 αἰχμαλωτιζόμενοι
3273 1434 3445 1490 πολλὰ
3490 1437 3584 1509 ἐτη

301 1524 397 1578 καὶ
431 1523 918 1593 καταπονούμενοι,
956 1523 1048 1578 τὸν
1077 1524 1210 1577 Θιδν
1239 1524 1339 1577 οὑκ
1368 1521 1700 1594 αρνούμεθα.

373 1614 428 1670 Si
460 1615 552 1686 qui
578 1615 878 1672 Christiani
905 1627 1270 1687 negaverunt,
1297 1631 1407 1670 non
1436 1623 1545 1669 tam
1563 1613 1722 1667 multi
1735 1626 1899 1683 quam

2076 1611 2140 1664 Εἰ
2194 1610 2252 1664 δὲ
2301 1612 2395 1665 καί
2454 1630 2597 1678 τινες
2654 1615 2975 1685 Χριστιανοὶ
3022 1617 3349 1688 ἠρνήσαντο,
3378 1620 3583 1674 άλλό)

301 1723 403 1764 vos
430 1707 730 1781 Babylone,
765 1724 875 1763 non
912 1709 1135 1780 quidem
1179 1707 1422 1779 percussi
1466 1722 1567 1761 nec
1605 1703 1893 1770 exeoriati,

2005 1701 2249 1755 τοσοῦτοι
2278 1701 2355 1766 ὡς
2402 1704 2560 1774 ὑμεῖς
2605 1707 2672 1761 ἐν
2734 1706 3040 1787 Βαϐυλῷνι,
3076 1710 3214 1779 μήτε
3257 1711 3579 1781 τυφθέντες,

304 1796 400 1853 sed
418 1812 571 1852 mero
591 1798 646 1852 in
669 1797 839 1854 verbo
857 1813 1050 1853 omnes
1069 1797 1386 1869 negastis,et
1405 1796 1697 1866 imaginem
1715 1795 1896 1850 homiv

2006 1794 2145 1864 μήτε
2199 1793 2480 1865 δαρέντες,
2535 1797 2653 1850 ἀλλ’
2709 1798 2818 1852 άπὸ
2863 1801 3023 1870 ψιλοῦ
3069 1804 3314 1874 ῥήματος
3380 1806 3582 1871 πάντες

305 1888 394 1943 nis
413 1887 708 1944 adorastis.
727 1888 796 1943 Et
818 1888 924 1943 nisi
943 1899 1054 1944 tres
1072 1889 1226 1959 pueri
1249 1887 1411 1943 ﬁdem
1433 1888 1664 1943 inDeum
1683 1902 1899 1942 servas-

307 1987 453 2044 sent,
481 1976 575 2033 ubi
599 1977 761 2033 ﬁdem
786 1977 839 2033 in
863 1979 1034 2034 Deum
1058 1980 1387 2035 servassctis
1407 1980 1431 2034 ?
1451 1986 1509 2034 et
1533 1986 1717 2034 tamen
1743 1987 1896 2036 tanta

306 2071 461 2141 signa
510 2069 773 2125 videretis
825 2070 883 2125 in
941 2070 1090 2126 omni
1143 2070 1287 2136 loco,
1358 2071 1417 2123 in
1494 2068 1727 2142 1Egypto
1791 2068 1895 2124 sub

306 2162 510 2234 Moyse,
536 2165 592 2219 in
620 2164 754 2218 mari
782 2163 988 2229 Rubro,
1014 2165 1069 2218 in
1094 2164 1337 2229 deserto,
1370 2163 1427 2217 in
1452 2162 1705 2218 columna
1728 2160 1892 2232 ignis,

306 2257 362 2310 in
386 2256 531 2310 nube
559 2256 800 2320 luminis,
849 2255 905 2309 in
946 2265 1134 2310 monte
1181 2256 1335 2310 Sina.
1382 2255 1524 2310 Num
1576 2254 1699 2308 talia
1750 2254 1895 2308 bona

309 2347 454 2401 Deus
495 2345 660 2401 alicui
700 2343 975 2398 contulit?
1010 2343 1152 2398 Num
1188 2343 1333 2398 Deus
1373 2341 1539 2396 alicui
1578 2341 1654 2396 ita
1676 2341 1897 2395 locutus

309 2448 394 2494 est
426 2438 640 2510 legibus
670 2444 727 2493 et
765 2437 913 2495 tubis
953 2434 1240 2507 angelicis,
1284 2441 1343 2491 et
1402 2435 1572 2489 tantis
1606 2433 1895 2489 miraculis

307 2528 485 2601 legem
516 2529 678 2584 vobis
703 2527 904 2595 ferens,
938 2543 1139 2582 manna
1168 2542 1382 2592 rorans,
1416 2526 1719 2597 prophetas
1747 2524 1894 2578 inter

308 2639 407 2678 vos
435 2622 681 2685 mittens,
693 2629 884 2693 gentes
899 2620 1216 2692 subjugans,
1231 2619 1568 2689 alienigenas
1582 2617 1892 2683 destruens,

310 2710 527 2766 tabulas
541 2711 812 2782 praebens,
838 2709 1255 2765 tabernaculum
1282 2718 1524 2765 vestrum
1549 2705 1890 2773 describens,

310 2801 533 2872 Moysen
563 2819 666 2858 ceu
695 2804 927 2859 alterum
958 2802 1154 2867 Deum,
1194 2810 1256 2857 ut
1294 2817 1424 2858 suas
1447 2801 1594 2856 vices
1622 2807 1765 2872 agat,
1798 2815 1895 2854 vo-

312 2895 400 2952 bis
428 2895 773 2965 praztleiens?
806 2894 850 2951 Ο
878 2896 1047 2951 vestri
1068 2893 1257 2965 populi
1280 2893 1604 2949 emcitateml
1639 2909 1672 2947 ο
1694 2890 1892 2946 malam

312 2984 693 3042 voluntatem!
741 3001 776 3040 ο
820 2986 1098 3057 ingratum
1140 2985 1387 3039 animum
1441 2993 1499 3039 et
1523 2981 1891 3036 voluntariam
1919 2959 1963 3021 Ο

316 3078 752 3136 obscuritatem!
793 3094 958 3149 supra
987 3078 1044 3132 in
1076 3084 1263 3132 monte
1302 3074 1513 3146 Moyses
1551 3074 1709 3129 vobis
1748 3073 1887 3145 peri-

317 3169 639 3235 clitabatur,
674 3184 772 3224 vos
801 3169 943 3223 infra
969 3167 1208 3222 vitulum
1235 3165 1558 3237 ﬁngebatis;
1602 3180 1769 3234 supra
1807 3164 1898 3218 ille

316 3263 490 3318 Deum
521 3261 767 3332 rogabat,
816 3270 873 3314 et
910 3258 1052 3315 infra
1084 3259 1256 3314 Deum
1284 3265 1340 3312 tu
1373 3256 1573 3313 iratum
1606 3255 1895 3321 reddebas,

317 3364 374 3408 et
397 3353 633 3409 vitulum
668 3351 966 3417 adorabas;
994 3366 1191 3405 manna
1225 3348 1574 3413 eomedebas,
1601 3359 1657 3404 et
1678 3349 1792 3402 Deo
1817 3347 1901 3401 in-

319 3449 587 3503 sultabas.
616 3446 763 3501 Dixit
791 3445 939 3501 enim
966 3444 1177 3499 David:
1221 3462 1239 3496 ι
1267 3442 1465 3498 Adhuc
1488 3458 1630 3498 escae
1658 3450 1817 3497 erant
1843 3441 1897 3495 in

319 3556 419 3594 ore
447 3553 664 3601 eorum,
703 3548 760 3593 et
798 3536 879 3591 ira
910 3535 1007 3605 Dei
1054 3535 1303 3590 ascendit
1347 3549 1514 3606 super
1552 3549 1651 3590 eos
1673 3536 1739 3588 °'.
1773 3552 1791 3586 ι
1838 3533 1903 3588 Et

321 3630 390 3685 de
420 3628 914 3685 uobisChristianis
935 3628 1066 3698 quid
1089 3627 1277 3683 dicere
1295 3626 1548 3698 potestis,
1583 3641 1686 3681 nos
1702 3628 1903 3694 nempe

324 3722 522 3777 Filium
557 3721 654 3777 Dei
678 3722 949 3776 adorare?
980 3720 1088 3775 Sed
1115 3719 1446 3792 respondete
1475 3737 1488 3774 :
1515 3718 1628 3774 Cur
1674 3734 1773 3773 vos
1809 3733 1905 3772 ve-

322 3825 466 3872 stros
481 3814 921 3879 ﬁliosctﬁlias,ut
939 3814 1177 3882 loquitur
1190 3813 1358 3868 David
1370 3856 1385 3879 ,
1406 3811 1786 3868 immolavistis
1803 3810 1907 3866 daa-

326 3907 528 3961 moniis
550 3906 895 3976 Belphrgor?
918 3905 1094 3976 quid?
1118 3921 1212 3961 vos
1236 3921 1456 3976 semper
1479 3904 1639 3960 [idem
1664 3902 1906 3958 habetis?

328 3992 502 4056 absit!
526 3998 663 4055 Audi
689 3996 926 4069 Moysem
952 3999 1226 4052 dicentem
1251 3997 1318 4051 ad
1340 3997 1602 4068 populum
1646 3995 1726 4069 (et
1773 4003 1908 4048 tunc

329 4092 555 4163 quidem
584 4092 638 4146 in
682 4092 855 4146 Deum
904 4092 1027 4161 pius
1075 4100 1194 4146 erat
1223 4091 1583 4148 llebraaorum
1617 4090 1903 4160 pepulus),

329 4183 456 4239 audi
484 4181 620 4254 quid
643 4180 791 4238 dicat
810 4182 1051 4255 Moyses:
1101 4200 1119 4233 ι
1147 4181 1440 4237 Generatio
1463 4197 1726 4252 perversa
1755 4189 1905 4245 sunt,

2000 1887 2338 1958 ἠρνήσασθε,
2383 1890 2481 1942 καὶ
2519 1889 2704 1944 εἰκόνα
2754 1895 3201 1967 προσεκυνήσατε
3241 1897 3532 1967 ἀνθρώπου
3563 1916 3578 1931 ·

2001 1978 2099 2030 καὶ
2128 1981 2177 2032 εἰ
2204 1980 2279 2049 μὴ
2314 1981 2364 2033 οἰ
2392 1982 2547 2053 τρεῖς
2583 1983 2774 2047 παῖδες
2807 1986 2978 2040 πιστὰ
3007 1987 3083 2056 τῷ
3117 1988 3238 2058 Θεῷ
3272 1989 3542 2058 ἐφύλαξαν
3564 2034 3578 2056 ,

2003 2070 2128 2135 ποῦ,
2165 2071 2290 2124 εἰπέ
2326 2089 2438 2142 μοι,
2466 2074 2635 2126 πιστὰ
2677 2075 2981 2144 ἐφυλάξατε
3013 2077 3091 2149 τῷ
3130 2078 3281 2149 Θεῷ;
3312 2081 3489 2137 καίτοι
3515 2100 3582 2150 γε

2000 2161 2238 2216 τοσαῦτα
2266 2168 2471 2236 σημεῖα
2497 2165 2881 2238 θεωρήσαντες
2901 2170 2960 2221 ἐν
2985 2170 3151 2223 παντὶ
3175 2172 3326 2243 τόπῳ
3345 2212 3359 2236 ,
3393 2175 3451 2227 ἐν
3481 2176 3582 2227 Αί-

1998 2251 2193 2323 γύπτῳ
2218 2253 2324 2306 ὑπὸ
2348 2255 2648 2321 Μωῦσέως,
2675 2257 2734 2309 ἐν
2756 2260 2824 2330 τῇ
2862 2258 3104 2331 Ἐρυθρᾷ
3126 2260 3395 2335 θαλάσση,
3429 2264 3489 2317 ὲν
3514 2268 3581 2335 τῇ

1997 2343 2208 2415 ἐρήμῳ,
2242 2346 2300 2397 ἐν
2335 2344 2512 2417 στύλῳ
2567 2347 2764 2419 πυρὸς,
2791 2349 2850 2403 ἐν
2908 2350 3107 2424 νεφέλῃ
3160 2353 3360 2421 φωτὸς,
3396 2357 3457 2408 ἐν
3501 2355 3583 2427 τῷ

1997 2438 2114 2508 ὄρει
2151 2439 2317 2491 Σινᾶ·
2356 2439 2486 2492 πότε
2514 2441 2542 2494 6
2573 2439 2706 2504 Θεὸς
2762 2441 2991 2496 τοιαῦτα
3034 2444 3220 2512 ἀγαθά
3253 2462 3360 2499 τινι
3393 2444 3583 2519 ἐποίη-

2001 2546 2093 2584 σεν
2127 2544 2142 2595 ;
2178 2529 2310 2582 πότε
2346 2530 2375 2582 6
2424 2529 2558 2594 Θεός
2603 2548 2711 2585 τινι
2768 2533 3034 2603 ἐλάλησεν
3068 2534 3243 2599 οὕτως
3274 2535 3361 2591 διὰ
3395 2538 3579 2605 νόμων

1998 2621 2090 2675 καὶ
2154 2620 2472 2689 σαλπίγγων
2511 2622 2855 2692 ἀγγελικῶν,
2900 2625 2997 2678 καὶ
3045 2626 3291 2697 σημείων
3319 2630 3581 2682 τοιούτων

1997 2714 2160 2782 νόμον
2191 2711 2367 2777 δώσας
2393 2713 2543 2784 ὑμῖν,
2583 2715 2759 2781 μάννα
2792 2715 3017 2787 βρέξας,
3048 2721 3335 2791 προφήτας
3366 2724 3424 2774 ἐν
3447 2723 3582 2789 ὑμῖν

1997 2805 2344 2867 ἀποστείλας,
2377 2806 2448 2860 τὰ
2498 2805 2627 2878 ἔθνη
2677 2808 2971 2875 ὑποτάξας,
3021 2811 3354 2881 ἀλλοφύλους
3405 2814 3583 2880 ἐξολο-

1999 2896 2258 2968 θρεύσας,
2285 2896 2385 2956 τὰς
2435 2897 2650 2961 πλάκας
2708 2898 3002 2966 ἐπιδώσας,
3040 2901 3139 2973 τὴν
3190 2905 3397 2977 σκηνήν
3426 2904 3583 2976 ὑμῶν

1997 2988 2157 3052 αὐτὸς
2185 2987 2531 3054 διατυπώσας
2554 3029 2569 3051 ,
2593 2991 2835 3044 Μωῦσέα
2865 2991 3117 3062 δεύτερον
3160 2994 3281 3049 θεὸν
3324 3013 3585 3051 τυποποι-

1997 3079 2163 3135 οῦντα
2196 3080 2358 3133 αὐτὸν
2384 3079 2523 3150 πρὸς
2556 3081 2702 3151 ὑμᾶς
2752 3084 3145 3154 καταστήσαςς
3192 3085 3257 3138 Ὦ
3307 3087 3407 3154 τῆς
3454 3087 3585 3141 πολ-

1999 3171 2100 3242 λῆς
2128 3172 2282 3242 ὑμῶν
2318 3172 2629 3242 πωρώσεως
2665 3175 2677 3226 !
2707 3171 2752 3226 ὣ
2777 3174 2878 3243 τῆς
2901 3176 3081 3242 κακῆς
3107 3174 3338 3247 γνώμης
3368 3178 3382 3232 ἰ
3411 3176 3458 3231 ὣ
3482 3179 3589 3247 τῆς

1999 3263 2298 3333 ἀχαρίστου
2325 3261 2482 3333 ὑμῶν
2504 3262 2882 3334 προαιρέσεως
2919 3265 3011 3318 καὶ
3031 3265 3344 3320 ἐθελουσίου
3371 3267 3587 3336 τυφλώ-

2004 3354 2172 3417 σεωςί
2207 3354 2354 3407 "Avo:
2377 3354 2436 3407 ἐν
2466 3353 2543 3421 τῷ
2567 3354 2685 3425 ὄρει
2716 3356 2959 3426 Μωῦσῆς
2989 3358 3130 3426 ὑπὲρ
3160 3358 3319 3428 ὑμῶν
3378 3361 3592 3430 ἠγωνί-

2003 3443 2147 3508 ζετο,
2175 3446 2269 3499 καί
2324 3446 2475 3501 κάτω
2515 3446 2674 3515 ὑμεῖς
2707 3447 2804 3516 τὴν
2838 3448 3039 3519 μόσχον
3089 3450 3385 3520 ἐχωνεύετε
3413 3469 3429 3486 ο
3467 3451 3586 3506 ivlo

2004 3537 2211 3601 ἐκεῖνος
2267 3536 2361 3590 τὸν
2392 3537 2526 3591 Θεὸν
2553 3538 2875 3609 παρεκάλει,
2905 3541 3000 3594 καί¹
3030 3542 3181 3597 κάτω
3228 3545 3292 3597 σὺ
3325 3544 3416 3597 τὸν
3450 3543 3589 3609 Θεὸν

2006 3624 2381 3696 παρώργιζες,
2416 3627 2513 3680 καὶ
2538 3626 2628 3681 τὸν
2661 3629 2862 3699 μόσχον
2891 3629 3250 3700 προσεκύνεις
3276 3647 3291 3665 ·
3321 3632 3383 3685 τὸ
3410 3634 3589 3702 μάννα

2007 3718 2216 3788 ήσθιες,
2243 3719 2337 3773 καὶ
2376 3718 2468 3772 τὸν
2500 3718 2634 3772 Θεὸν
2667 3720 2965 3785 ὠνείδιζες.
2997 3722 3162 3791 Δέγει
3184 3722 3293 3794 γὰρ
3321 3724 3350 3778 6
3375 3725 3543 3778 Δαὸὶδ
3570 3767 3587 3791 ,

2007 3809 2090 3862 ὅτι
2126 3829 2144 3860 ι
2180 3810 2301 3862 Ἔτι
2327 3809 2423 3880 τῆς
2452 3808 2708 3880 βρώσεως
2740 3808 2906 3881 οὔσης
2931 3812 2990 3864 ὲν
3014 3811 3094 3881 τῷ
3127 3814 3357 3882 στόματι
3382 3814 3588 3879 αὐτῶν,

2009 3900 2106 3954 καὶ
2133 3900 2272 3972 ὀργὴ
2317 3900 2413 3953 τοῦ
2457 3900 2592 3954 Θεοῦ
2639 3901 2810 3973 ἀνέϐη
2862 3903 2948 3955 ἐπ’
2979 3903 3196 3966 αὐτούς.
3228 3923 3246 3955 ι
3286 3905 3399 3958 Καὶ
3440 3908 3591 3977 ἡμᾶς

2007 3997 2137 4060 τοὺς
2194 3996 2557 4066 Χριστιανοὺς
2621 3997 2675 4050 τί
2732 3998 2893 4067 ὑμεῖς
2945 3999 3098 4069 ἔχετε
3145 4000 3343 4066 εἰπεῖν,
3369 4002 3452 4054 ὅτι
3497 4001 3592 4054 τὸν

1979 4114 1984 4123 -
2012 4087 2140 4139 Υἰὸν
2186 4086 2282 4141 τοῦ
2335 4086 2487 4151 Θεοῦ,
2508 4089 2925 4159 προσκυνοῦμεν
2952 4106 2967 4154 ;
3011 4090 3153 4144 Ἀλλ’
3181 4092 3391 4157 εἴπατε,
3419 4091 3510 4144 διὰ
3537 4093 3594 4144 τί

2014 4180 2170 4250 ὑμεῖς
2198 4179 2324 4242 τοὺς
2370 4179 2524 4243 υἰοίις
2553 4179 2708 4249 ὑμῶν
2736 4181 2832 4234 καὶ
2866 4180 2964 4243 τὰς
2985 4180 3313 4253 θυγατέρας,
3337 4184 3411 4245 ὡς
3443 4183 3591 4252 λέγει

328 4286 385 4332 et
410 4292 519 4330 non
558 4284 644 4331 est
688 4274 823 4329 ﬁdes
850 4275 905 4328 in
941 4290 1007 4329 ea
1027 4276 1075 4306 ’³⁸
1102 4314 1117 4339 ,
1155 4293 1174 4326 ι
1217 4280 1273 4328 et
1302 4288 1531 4328 rursus:
1570 4293 1587 4324 ι
1611 4273 1902 4332 Generatio

2015 4271 2209 4361 Δαϐὶδ,
2241 4269 2472 4325 ἐθύσατε
2502 4273 2618 4336 τοῖς
2672 4272 2993 4343 δαιμονίοις,
3023 4273 3104 4344 τῷ
3136 4273 3460 4344 Βεελφεγώρ
3491 4293 3504 4339 ;
3540 4274 3593 4325 τί

330 4385 495 4440 prava
515 4377 571 4424 et
596 4384 879 4439 perversa,
900 4368 1016 4422 haec
1038 4366 1226 4423 reddis
1245 4366 1479 4421 Domino
1500 4365 1579 4418 '3?
1605 4385 1624 4419 ›
1645 4365 1712 4420 Et
1736 4365 1911 4420 multa

327 4462 433 4516 alia
466 4461 780 4517 testimonia
819 4460 887 4514 de
920 4460 1080 4515 vobis
1121 4460 1262 4513 mala
1304 4467 1607 4514 occurrunt
1632 4458 1689 4513 in
1712 4458 1914 4512 vestris

328 4568 358 4603 ιι
394 4551 502 4603 Deo
530 4548 838 4618 prophetiis
866 4546 1111 4601 dicentia
1141 4565 1154 4600 :
1194 4564 1212 4596 ι
1237 4544 1408 4600 Filios
1448 4547 1597 4600 enim
1640 4545 1807 4616 genui
1856 4554 1913 4599 et

328 4641 586 4706 exaltavi,
617 4641 719 4711 ipsi
747 4650 932 4696 autem
962 4648 1291 4711 spreverunt
1336 4655 1464 4706 me;
1508 4639 1609 4694 bos
1655 4637 1913 4709 cognovit

330 4748 705 4804 possessorem
735 4748 917 4800 suum,
949 4741 1007 4787 et
1053 4733 1240 4786 asinus
1275 4746 1520 4802 praesepe
1564 4729 1774 4785 domini
1804 4728 1912 4792 sui,

331 4825 497 4883 lsracl
528 4835 713 4878 autem
762 4839 850 4878 me
899 4839 1009 4876 non
1054 4822 1331 4892 cognovit,
1380 4829 1438 4876 et
1486 4820 1724 4890 populus
1757 4834 1913 4874 meus

331 4937 441 4973 tum
468 4918 756 4973 intellexit.
808 4917 895 4971 Va:
937 4915 1085 4987 genti
1130 4915 1446 4985 pcecatriei,
1497 4914 1702 4985 populo
1746 4913 1913 4983 pleno

334 5008 577 5081 peccatis
596 5007 672 5064 o"l
696 5028 714 5061 ›
758 5009 827 5064 Ει
848 5022 1042 5062 rursus
1074 5005 1219 5060 idem
1253 5005 1520 5076 prepheta
1560 5004 1729 5059 Isaias
1755 5003 1915 5057 vobis

332 5102 508 5157 dicit:
544 5099 784 5177 «Audite
828 5099 1061 5155 verbum
1088 5096 1328 5162 Domini,
1375 5096 1576 5153 domus
1618 5095 1911 5160 Sodomae;

334 5192 602 5265 percipite
625 5192 803 5263 legem
833 5191 952 5257 Dei,
978 5189 1179 5262 popule
1205 5188 1531 5245 Gomorrha:
1551 5188 1619 5240 π.
1653 5208 1672 5238 ι
1718 5185 1916 5242 Videte

335 5286 614 5357 quomodo
640 5284 977 5348 Sodomitas,
1006 5292 1064 5339 et
1112 5274 1800 5352 inﬁdeles.'populumque
1824 5277 1921 5332 de—

313 5390 577 5452 .Iucntem
606 5379 829 5435 Judaeos
859 5385 1022 5433 vocet
1060 5377 1228 5443 Deus,
1277 5387 1335 5431 et
1367 5374 1708 5437 idololatras,
1734 5381 1790 5427 et
1833 5371 1918 5423 in-

2015 4367 2124 4436 γάρ
2150 4382 2165 4431 ;
2196 4350 2359 4434 ὑμεῖς
2384 4363 2522 4427 ὅλως
2558 4364 2741 4418 πίστιν
2768 4364 2923 4435 ἔχετε
2955 4380 2972 4431 ;
3003 4364 3078 4435 μὴ
3099 4363 3308 4432 γένοιτο
3340 4367 3353 4418 ἰ
3390 4366 3596 4418 ’Ἄκου-

2016 4473 2109 4509 σον
2135 4457 2417 4518 Μωῦσέως
2439 4454 2692 4524 λέγοντος
2721 4456 2857 4526 πρὸς
2880 4455 2972 4510 τὸν
2994 4455 3123 4509 λαὸν
3148 4455 3350 4524 (καίτοι
3376 4472 3442 4524 γε
3471 4456 3593 4508 τότε

2014 4546 2276 4618 θεοσεϐὴς
2300 4542 2369 4616 ἦν
2388 4549 2417 4600 ὁ
2444 4545 2574 4609 λαὸς
2602 4544 2711 4598 τῶν
2764 4544 3055 4616 Ἑϐραίων)
3079 4588 3094 4613 ,
3125 4545 3246 4599 ἀλλ’
3272 4545 3510 4600 ἄκουσον
3541 4546 3596 4597 τί

2012 4639 2163 4709 λέγει
2197 4639 2438 4708 Μωῦσῆς
2458 4652 2473 4667 ο
2514 4656 2533 4689 ι
2566 4637 2690 4691 Ὅτι
2718 4636 2886 4704 γενεὰ
2910 4636 3334 4707 ἐξεστραμμένη
3362 4636 3535 4696 εἰσὶν.

2012 4730 2116 4783 οὑκ
2148 4728 2267 4781 ἔστι
2296 4728 2482 4790 πίστις
2506 4728 2566 4781 ἐν
2586 4727 2761 4809 Ιαύτῇ.
2793 4747 2813 4779 ι
2839 4727 2950 4782 Καὶ
2976 4727 3140 4782 πάλιν
3164 4744 3178 4759 ·
3217 4746 3236 4778 ι
3273 4727 3444 4781 Γενεὰ
3475 4745 3598 4781 cxc-

2014 4821 2105 4874 λιὰ
2136 4820 2232 4872 καὶ
2257 4817 2687 4889 διεστραμμένη.
2705 4816 2882 4872 ταῦτα
2905 4818 3096 4889 Κυρίῳ
3120 4818 3538 4884 ἁνταποδίδοτες
3571 4838 3589 4869 ι

2012 4913 2130 4967 Καὶ
2188 4911 2348 4965 ἄλλαι
2408 4910 2599 4979 μυρίαι
2644 4910 2946 4981 μαρτυρίαι
3000 4912 3128 4981 περὶ
3175 4910 3330 4980 ὑμῶν
3359 4912 3595 4983 πονηραί

2015 5006 2152 5059 εἰσιν
2181 5004 2238 5056 ἐν
2272 5003 2396 5064 ταῖς
2424 5002 2789 5074 προφητείαις
2837 5001 2995 5073 ὑμῶν
3020 5004 3095 5055 ἐκ-
3121 5002 3215 5056 τοῦ
3260 5003 3396 5058 Θεοῦ
3441 5007 3595 5077 εἰρη-

2021 5096 2201 5161 μέναι.
2236 5113 2254 5146 ι
2300 5093 2458 5156 Υἱοὺς
2498 5092 2646 5164 γάρ,
2674 5093 2859 5162 φησὶν,
2916 5094 3188 5164 ἐγέννησα
3235 5096 3332 5149 καὶ
3382 5095 3595 5165 Mona,

2021 5188 2177 5239 αὐτοὶ
2207 5186 2266 5239 δέ
2306 5203 2374 5256 με
2397 5185 2676 5256 ἠθέτησαν
2706 5202 2721 5215 ο
2756 5185 2899 5253 ἔγνω
2927 5185 3053 5254 βοῦς
3089 5186 3184 5239 τὸν
3210 5188 3556 5258 κτησάμενον
3580 5226 3594 5250 ,

2023 5280 2118 5333 κο.)⁸
2162 5280 2282 5343 ὄνος
2304 5279 2402 5349 τὴν
2451 5280 2661 5349 φάτνην
2697 5276 2794 5331 τοῦ
2838 5278 3033 5350 κυρίου
3067 5277 3257 5345 αὑτοῦ,
3295 5281 3515 5352 Ἰσραήλ
3541 5280 3595 5334 δέ

2026 5389 2093 5441 με
2145 5372 2246 5424 οὐκ
2293 5371 2457 5438 ἔγνω,
2485 5371 2581 5424 καὶ
2608 5374 2637 5423 6
2665 5370 2793 5434 λαός
2832 5387 2935 5440 μου
2966 5370 3312 5441 οὑ.συνῆκεν.
3347 5373 3487 5427 Οὐαὶ
3508 5372 3596 5426 {Oc

335 5482 543 5543 gratos,
587 5479 644 5525 et
672 5469 1086 5543 generationem
1130 5483 1354 5537 pravam
1402 5476 1460 5521 et
1487 5480 1826 5537 perversam.
1859 5472 1902 5517 el

2022 5479 2112 5524 vo;
2140 5462 2480 5530 ἁμαρτωλὸν,
2518 5461 2642 5523 λαὸς
2700 5461 2913 5532 πλήρης
2941 5459 3247 5531 άμαρτιῶνι
3271 5481 3292 5514 ι
3331 5464 3442 5518 Καὶ
3493 5462 3597 5518 πά-

339 5559 483 5615 ἰίὶὶοε
510 5560 878 5630 castigandus.
919 5559 1020 5613 «Et
1043 5558 1495 5613 sacriﬁcaverunt
1540 5553 1829 5611 daemoniis
1857 5561 1902 5605 et

2024 5553 2106 5603 λιν
2137 5552 2165 5603 6
2193 5550 2355 5614 αὐτὸς
2380 5552 2668 5622 προφήτης
2704 5551 2932 5615 Ἡσαΐας
2964 5551 3102 5622 πρὸς
3134 5549 3280 5619 ὑμᾶς
3300 5569 3314 5584 ο
3346 5571 3366 5604 ε
3412 5551 3598 5607 Ἀκού-

408 5734 455 5768 ⁹⁶
490 5733 662 5790 Exod.
695 5752 861 5802 ἣκει,
899 5739 949 5793 ι.
1026 5738 1065 5768 θ’
1103 5736 1245 5791 Paul.
1279 5752 1477 5801 Lxxvu,
1509 5734 1597 5788 50.
1670 5736 1714 5766 "
1749 5733 1902 5786 Deut.

2005 5744 2111 5795 ικιι,
2148 5727 2235 5783 20.
2315 5729 2361 5762 ⁸³
2385 5728 2521 5785 ibid.
2557 5728 2729 5799 5,6."
2756 5729 2860 5785 Isa.
2896 5745 2934 5796 ι,
2963 5729 3113 5786 2-4.
3189 5732 3234 5765 ³⁵
3263 5729 3398 5785 ibid.
3440 5728 3522 5785 Ιθ.
