3988 6142
455 349 474 408 l
485 349 590 411 $237

1473 357 1930 417 DISPUTATlO
1965 355 2363 419 ADVERSUS
2399 361 2733 420 JUDJEOS.

3563 349 3707 416 1233

449 479 576 513 σατε
599 461 756 528 λόγον
791 465 1020 536 Κυρίου,
1063 463 1204 528 οἶκος
1233 467 1500 534 Σοδόμων·
1529 469 1823 538 προσέχετε
1849 469 2011 536 νόμον

2136 482 2223 520 ton
2257 468 2388 533 Deo,
2416 477 2472 522 et
2503 469 2910 538 dereliqueriml
2945 465 3115 521 Deum
3150 465 3242 537 qui
3286 463 3416 518 fecit
3463 463 3607 528 illos.
3636 473 3692 518 et

449 550 604 606 beo-3.
638 551 764 614 λαὸς
798 554 1098 624 Γομόρρας.
1139 575 1156 606 ι
1201 556 1413 625 Ὁρᾶτε,
1446 559 1528 610 ὅτι
1573 559 1666 611 καὶ
1693 557 2007 626 Σοδομίτας,

2115 555 2296 608 aversi
2329 565 2458 610 sunt
2479 573 2510 610 a
2532 558 2645 610 Deo
2668 557 2762 626 qui
2791 556 3022 610 saivavit
3047 569 3143 608 eos
3160 553 3228 606 ".
3261 574 3278 602 ο

451 641 544 692 καὶ
576 640 858 706 ἀπίστους,
892 643 988 697 καὶ
1017 644 1145 698 λαὸν
1171 648 1352 717 μωρὸν
1382 651 1509 710 τοὺς
1550 648 1836 710 Ἰουδαίους
1868 647 2020 712 λέγει
2055 644 2084 695 6
2107 642 2263 711 Θεὸς,
2291 647 2386 699 καὶ
2445 647 2822 712 εἰδωλοθύτας,
2845 649 2939 698 καὶ
2996 644 3348 716 ἀχαρίστους,
3370 645 3463 697 καλ⁸
3493 642 3687 710 γενεὰν

450 731 692 801 πονηρὰν
735 735 828 786 καὶ
883 735 1338 808 διεστραμμένην,
1367 743 1460 793 καὶ
1510 741 1675 793 τέκνα
1711 739 1994 810 μωμητὰ;
2039 752 2056 786 ι
2099 735 2207 788 Καὶ
2232 737 2429 792 ἔθυσαν
2458 740 2778 808 δαιμονίοις,
2842 738 2936 792 καὶ
2969 739 3029 790 οὐ
3085 737 3229 806 Θεῷ,
3271 739 3361 790 καὶ
3408 736 3691 804 ἐγκατέλι-

452 841 553 876 πον
585 825 718 877 Θεὸν
742 826 834 879 τὸν
861 829 1162 896 ποιήσαντα
1194 831 1410 895 αὐτοὺς,
1442 833 1535 884 καὶ
1566 834 1886 902 ἀπέστησαν
1910 829 2018 884 ἀπὸ
2054 824 2192 879 Θεοῦ
2231 830 2483 900 Σωτῆρος
2527 832 2724 885 αὐτῶν.
2764 850 2783 882 ι

535 914 948 984 Ἐρευνήσωμεν
997 913 1090 969 οὖν
1121 917 1222 982 τὰς
1277 920 1500 990 Γραφὰς
1523 921 1730 983 λοιπὸν,
1765 924 1861 974 ὲὰν
1899 918 2028 990 περὶ

455 1003 614 1056 ἄλλου
651 1005 966 1076 οἰουδήποτε
1009 1007 1196 1071 ἔθνους
1228 1011 1466 1070 τοσαῦτα
1497 1015 1525 1065 6
1560 1014 1693 1076 Θεὸς
1727 1013 2026 1082 κατήγγει-

455 1095 564 1150 λεν.
602 1097 709 1150 Καὶ
741 1100 850 1167 γὰρ
896 1100 954 1150 ὲν
994 1098 1388 1170 Ἰεροσολύμοις
1420 1104 1758 1173 πεντήκοντα
1785 1101 1879 1156 δύο
1931 1103 2026 1173 ἔτη

456 1189 749 1256 ἐποιήσατε
775 1189 994 1252 θύοντες
1013 1193 1071 1243 ὲν
1093 1191 1171 1262 τῷ
1201 1191 1315 1262 ναῷ
1355 1193 1449 1246 τοῦ
1479 1194 1616 1247 Θεοῦ
1643 1198 1756 1258 τοῖς
1786 1193 2028 1257 εἰδώλοις

456 1275 546 1326 ἐπὶ
583 1277 846 1346 Μανασσῆ
881 1277 973 1331 τοῦ
1000 1279 1260 1348 βασιλέως
1294 1282 1470 1351 ὑμῶν,
1500 1283 1910 1352 βεϐηλώσαντες
1935 1286 2026 1336 τὸν

457 1368 582 1421 ναὸν
615 1370 711 1422 καὶ
731 1371 829 1440 τὴν
857 1372 1011 1425 πόλιν
1046 1373 1141 1426 τοῦ
1163 1373 1294 1427 Θεοῦ
1320 1390 1336 1406 ο
1365 1375 1455 1429 διὰ
1477 1376 1635 1430 τοῦτο
1660 1380 1718 1431 ὲν
1744 1377 2023 1432 Βαϐυλῶνι

461 1461 553 1511 καὶ
582 1460 726 1527 amt;
758 1464 850 1516 xui.
875 1463 955 1526 δὶς
986 1464 1306 1535 παρέδωκεν
1337 1469 1483 1537 ὑμᾶς
1509 1471 1537 1522 6
1559 1469 1691 1534 Θεὸς
1734 1475 1848 1534 τοῖς
1874 1471 2021 1524 Χαλ-

418 1627 420 1629 ῠ
457 1549 624 1611 δαίοις
648 1553 726 1613 εἰς
754 1554 1130 1620 αἰχμαλωσίαν
1153 1572 1166 1586 '
1199 1552 1318 1610 εἶτα
1345 1559 1508 1611 πάλιν
1541 1560 1687 1629 ὑμᾶς
1720 1562 1839 1630 μεθ’
1870 1561 2021 1613 ἐϐδο-

461 1643 703 1710 μήκοντα
765 1643 860 1714 έτη
921 1647 1302 1703 ἀνεκαλέσατο.
1343 1652 1504 1720 Ἀρτι
1535 1651 1627 1705 οῦν
1679 1653 1839 1707 τοῦτο
1883 1653 2024 1706 Θέλω

461 1731 651 1800 μαθεῖν
674 1732 733 1798 ἐξ
765 1735 917 1801 ὑμῶν
939 1751 953 1764 '
990 1739 1127 1806 μετὰ
1157 1739 1218 1791 τὸ
1247 1739 1490 1795 ἀνελθεῖν
1519 1743 1663 1812 ὑμᾶς
1692 1745 1756 1796 ὲκ
1779 1743 1878 1812 τῆς
1908 1745 2031 1797 Βα-

461 1821 714 1888 ϐυλῶνος,
734 1825 828 1878 καὶ
847 1826 1129 1896 κτισθῆναι
1159 1830 1224 1882 ὲκ
1252 1829 1501 1903 δευτέρου
1525 1832 1616 1885 τὸν
1642 1833 1767 1886 ναὸν
1792 1833 1943 1902 ὑμῶν
1971 1835 2029 1886 ὲν

473 1915 732 1984 ’Ῑεροσολύ
741 1934 880 1986 μοις,
903 1921 996 1972 καὶ
1023 1921 1164 1989 ὑμᾶς
1184 1923 1242 1975 έν
1253 1923 1402 1993 αὐτῷ
1428 1923 1506 1994 τῷ
1528 1925 1646 1995 Θεῷ
1661 1927 2029 1996 προσκυνοῦν-

460 2022 556 2066 τας
614 2008 796 2061 οὐκέτι
837 2012 948 2072 τοῖς
985 2010 1224 2073 εἰδώλοις
1253 2012 1485 2068 ἐθύσατε
1510 2031 1523 2044 ·
1557 2015 1718 2068 ποίαν
1753 2017 2027 2086 ἁμαρτίαν

459 2097 752 2168 ἐποιήσατε
776 2097 1006 2153 ἐνώπιον
1032 2101 1129 2154 τοῦ
1161 2101 1298 2155 Θεοῦ
1321 2119 1337 2165 ;
1366 2104 1449 2155 ὅτι
1481 2105 1589 2158 ἰδοὺ
1614 2106 1908 2161 ὀκτακόσια
1934 2110 2028 2161 καλ⁸

459 2189 682 2244 πλείονα
744 2189 838 2260 ἔτη
891 2192 950 2244 ὲν
1004 2191 1151 2264 πάσῃ
1196 2195 1262 2264 τῇ
1295 2196 1364 2265 γῇ
1416 2195 1793 2266 διεσκόρπισεν
1821 2199 1966 2269 ὑμᾶς
1997 2201 2026 2252 6

457 2279 614 2344 Θεὸς,
643 2280 738 2332 καὶ
768 2280 942 2349 ήγαγε
974 2283 1129 2335 Τῖτον
1174 2286 1268 2336 καὶ
1307 2285 1720 2338 Οὐεσπασιανὸν
1743 2287 1852 2340 ἀπὸ
1897 2287 2028 2340 Ῥώ-

459 2387 589 2439 μης.
621 2371 715 2422 καὶ
749 2370 988 2439 ἔσφαξαν
1018 2371 1077 2436 ἐξ
1105 2372 1259 2442 ὑμῶν
1295 2372 1398 2427 κᾶν
1439 2375 1632 2428 ἑκατὸν
1665 2377 1931 2446 μυριάδας
1969 2380 2028 2432 ἐν

471 2461 888 2533 Ἰεροσολύμοις,
927 2465 1003 2517 ὡς
1027 2465 1175 2535 λέγει
1204 2469 1233 2519 6
1262 2467 1522 2538 Ἰώσηπος
1543 2469 1571 2520 6
1600 2468 1754 2538 ὑμῶν
1790 2487 2030 2540 συγγρα-

459 2555 593 2619 φεὺς
644 2555 804 2623 μόνος
877 2555 1054 2608 ταῦτα
1140 2558 1470 2628 ἐκθέμενοςο
1538 2560 1635 2613 καὶ
1704 2561 2028 2632 ἐνεπύρισαν

459 2648 550 2698 τὸν
604 2646 732 2700 ναὸν
784 2648 957 2719 ὑμῶν,
987 2650 1078 2701 καί
1102 2651 1408 2720 ήρήμωσαν
1439 2651 1501 2704 τὸ
1525 2653 1910 2722 θυσιαστήριον
1935 2657 2030 2709 καὶ

459 2738 527 2790 τὰ
580 2739 734 2807 ἅγια,
763 2741 857 2793 καὶ
885 2742 984 2810 τὴν
1041 2741 1198 2794 πόλιν
1250 2743 1452 2807 πᾶσαν,
1490 2744 1582 2795 καί
1609 2744 1710 2813 τὴν
1742 2745 1904 2812 Σιὼν,
1932 2747 2026 2799 καὶ

459 2831 889 2898 ῂχμαλώτευσαν
915 2832 1059 2902 ὑμᾶς
1092 2849 1107 2864 ·
1149 2835 1243 2886 καὶ
1277 2833 1398 2886 ἐστὲ
1437 2836 1497 2887 ὲν
1542 2835 1693 2908 πάσῃ
1724 2839 1790 2907 τῇ
1821 2839 1890 2908 γῇ
1922 2838 2031 2891 διε-

464 2921 769 2992 σπαρμένοι
800 2924 894 2976 καὶ
919 2924 1483 2994 παρανομοῦντεςέως
1507 2926 1605 2996 τῆς
1624 2930 1880 2998 σήμερον.
1914 2931 2025 2982 Καὶ
2051 2965 2095 3024 c

465 3012 572 3064 ἰδοὺ
597 3012 892 3066 ὀκτακόσια
923 3014 1018 3068 καὶ
1051 3014 1270 3068 πλείονα
1296 3014 1414 3083 ἔτη,
1445 3015 1520 3079 ώς
1549 3017 1793 3086 εἴπομεν,
1825 3018 1885 3071 ού
1933 3019 2026 3072 θυ-

464 3105 800 3175 σιαστήριον,
830 3106 891 3158 οὐ
922 3105 1172 3168 κιϐωτὸν,
1203 3107 1263 3159 οὐ
1296 3108 1460 3160 τόπον
1484 3107 1576 3160 τοῦ
1605 3107 1796 3178 Πάσχα
1828 3109 2033 3178 φυλάτ-

463 3213 665 3259 τοντες.
698 3193 832 3250 Εἶπε
882 3197 988 3268 γὰρ
1014 3199 1041 3251 6
1075 3197 1206 3263 Θεὸς
1259 3198 1388 3268 ὑμῖν
1419 3213 1433 3227 ·
1467 3199 1731 3268 Μηδαμοῦ
1777 3202 2033 3272 ποιήσετε

464 3285 524 3337 τὸ
551 3285 761 3354 Πάσχα,
791 3287 840 3338 εἰ
873 3287 946 3357 μή
971 3289 1029 3338 ἐν
1058 3287 1417 3359 Ἰερουσαλήμ
1443 3303 1456 3317 '
1482 3290 1616 3361 μηδὲ
1645 3292 1726 3354 εἰς
1758 3291 2034 3359 Αἴγυπτον

465 3375 724 3429 εἰσελθεῖν
745 3396 763 3410 ν
798 3377 906 3431 ἰδοὺ
942 3377 992 3430 οἰ
1017 3379 1249 3448 πατέρες
1277 3379 1428 3449 ὑμῶν
1467 3381 1883 3452 ἁμαρτήσαντες
1931 3385 2037 3436 ἀπ-

465 3468 654 3520 έλαϐον
669 3469 722 3520 δε
730 3469 819 3521 ύτε
829 3486 918 3538 ρον
931 3471 987 3522 ἐν
1004 3470 1282 3524 Βαϐυλῶνι
1294 3472 1828 3542 αἰχμαλωτευθέντες
1842 3477 1908 3528 ὲκ
1920 3475 2036 3529 δευ-

464 3562 621 3629 τέρου
640 3562 732 3614 καὶ
756 3562 1006 3633 δευτέρου
1025 3561 1119 3615 τοῦ
1142 3562 1270 3617 ναοῦ
1287 3565 1511 3634 ὲρημωθ
1520 3565 1690 3632 έντος,
1707 3566 1803 3622 καὶ
1823 3567 2038 3622 διαλλα-

467 3650 626 3718 γῆναι
647 3651 844 3714 αὐτοὺς
878 3653 970 3706 τὸν
987 3653 1117 3706 Θεὸν
1146 3655 1243 3706 καὶ
1283 3655 1703 3726 οἰκοδομηθῆναι
1748 3657 1840 3711 τὸν
1874 3658 2036 3713 ναόν

471 3743 628 3809 ὑμεῖς
649 3743 705 3796 δὲ
730 3744 889 3797 ποίαν
914 3745 1185 3818 ἁμαρτίαν
1213 3747 1532 3816 ἐποιήσατε,
1554 3748 1648 3801 καὶ
1665 3748 1919 3820 τοιαύτην
1942 3767 2040 3820 με-

466 3833 661 3903 γάλην,
689 3836 769 3888 δτι
795 3836 978 3889 οὐκέτι
994 3837 1214 3907 ήγειρεν
1241 3837 1368 3907 ὑμῖν
1388 3837 1478 3890 τὸν
1499 3840 1626 3892 ναὸν
1641 3840 1668 3890 6
1685 3840 1838 3905 Θεὸς,
1855 3840 2040 3895 οὐκέτι

469 3929 742 3996 ἀνήγαγεν
771 3929 915 3997 ὑμᾶς
943 3931 1008 3981 ὲκ
1035 3928 1142 3982 τῶν
1170 3928 1380 4000 ἐχθρῶν
1403 3946 1418 3993 ;
1443 3926 1551 4000 ἆρα
1578 3929 1819 3995 εἰδώλοις
1841 3932 2040 3986 ὲθύσα-

467 4036 526 4070 τε
556 4019 713 4089 ὑμεῖς
738 4059 753 4085 ,
794 4021 872 4082 ὼς
912 4021 962 4072 οἰ
1017 4022 1252 4093 πατέρες
1305 4021 1482 4092 ὑμῶν,
1519 4022 1646 4086 τοὺς
1705 4024 1852 4088 υἱοὺς
1888 4024 2041 4095 ὑμῶν

469 4110 563 4161 καὶ
626 4109 724 4171 τὰς
778 4109 1135 4180 θυγατέρας;
1193 4106 1304 4181 ἆρα
1365 4111 1534 4165 εἰκόνι
1592 4113 2040 4184 προσεκυνήσατε

468 4201 542 4264 ὡς
601 4202 846 4266 ὲκεῖνοι;
905 4201 1190 4271 Οὐδαμῶς.
1238 4198 1388 4273 Ἀρα
1461 4203 1543 4265 εἰς
1607 4203 1698 4256 τὸν
1763 4202 1889 4256 ναὸν
1960 4202 2042 4256 εῖ-

2198 917 2544 988 lnquiramus
2591 936 2723 991 ergo
2755 919 3094 988 Scripturas,
3123 932 3190 970 an
3225 916 3294 970 de
3325 916 3529 984 populo
3569 933 3706 986 quo-

2126 1025 2344 1079 cunque
2390 1011 2499 1065 alio
2547 1012 2691 1066 Deus
2738 1018 2886 1065 tanta
2934 1005 3366 1064 denuntiaverit.
3421 1006 3702 1076 Siquidem

2123 1101 2484 1172 Jerosolymis
2519 1102 2630 1156 duo
2661 1110 2714 1156 et
2767 1099 3166 1170 quinquaginta
3217 1098 3377 1151 annis
3425 1098 3705 1152 sacriﬁca-

2124 1189 2285 1245 vistis
2316 1192 2371 1244 in
2421 1191 2515 1245 Dei
2563 1191 2766 1260 templo
2797 1189 2960 1244 idolis
3007 1188 3110 1242 sub
3159 1187 3406 1240 Manasse
3450 1203 3578 1256 rege
3608 1203 3704 1241 ve-

2135 1285 2270 1339 stro,
2298 1279 2654 1347 profanantes
2678 1278 2870 1331 urbem
2905 1287 2962 1331 et
2986 1276 3251 1345 templum
3280 1275 3400 1330 Dei.
3431 1277 3510 1329 0b
3541 1293 3704 1346 quam

2132 1382 2352 1421 causam
2399 1367 2686 1438 Babylone
2732 1367 2901 1421 semel
2968 1374 3024 1419 et
3081 1366 3278 1420 iterum
3332 1366 3558 1420 tradidit
3609 1381 3707 1420 vos

2134 1463 2278 1516 Deus
2345 1461 2616 1516 Chaldaeis
2696 1446 2772 1514 in.
2820 1459 3168 1514 servitutem.
3231 1458 3441 1512 Deinde
3511 1473 3705 1511 rursus

2133 1570 2229 1608 vos
2269 1569 2442 1608 annos
2470 1562 2594 1624 post
2632 1554 2974 1622 septuaginta
3017 1552 3316 1606 revocavit.
3349 1551 3507 1604 Modo
3543 1550 3709 1619 igitur

2131 1646 2278 1700 istud
2310 1646 2433 1699 volo
2459 1661 2490 1699 ιι
2525 1645 2684 1700 vobis
2713 1644 2948 1699 discere.
2990 1643 3120 1698 Post
3158 1651 3404 1696 vestrum
3431 1641 3706 1710 Babylone

2130 1752 2462 1806 regressum,
2498 1745 2555 1790 et
2586 1737 2777 1805 templi
2801 1735 2969 1790 vestri
3005 1733 3484 1789 remdiﬁcationcm
3518 1732 3708 1785 Hiero-

2129 1831 2374 1902 solymis,
2407 1845 2504 1884 vos
2529 1829 2583 1883 in
2629 1829 2722 1883 illo
2770 1829 3070 1883 adorantes
3092 1827 3230 1905 peo,
3269 1841 3381 1880 non
3426 1825 3586 1878 idolis
3618 1839 3708 1877 sa-

2127 1921 2435 1977 criﬁcastis.
2456 1919 2628 1986 Quale
2647 1927 2934 1989 peccatum
2962 1917 3152 1988 egistis
3174 1931 3358 1971 coram
3386 1916 3540 1970 Deo?
3565 1915 3708 1970 Ecce

2127 2013 2276 2068 enim
2306 2013 2636 2082 octingentis
2667 2018 2724 2066 et
2762 2009 3002 2080 amplius
3041 2009 3201 2062 annis
3249 2009 3301 2061 in
3341 2021 3560 2060 omnem
3592 2014 3706 2060 ter-

2127 2121 2243 2159 ram
2266 2104 2529 2174 dispersit
2558 2119 2656 2158 vos
2684 2103 2852 2165 Deus,
2893 2110 2950 2157 et
2989 2101 3145 2155 duxit
3187 2099 3374 2153 Titum
3415 2107 3471 2153 et
3502 2098 3708 2167 Vespa-

2128 2196 2347 2251 sianum
2383 2196 2578 2258 Roma,
2621 2203 2677 2249 et
2720 2193 3142 2248 trucidaverunt
3170 2207 3238 2246 ex
3283 2189 3442 2245 vobis
3485 2197 3708 2245 centum

2125 2287 2398 2358 myriadas
2425 2285 2866 2357 Hierosolymis,
2901 2294 2962 2340 ut
3020 2284 3157 2339 dicit
3202 2282 3478 2351 Iosephus
3514 2291 3710 2336 vestrae

2128 2378 2310 2448 gentis
2339 2377 2599 2448 scriptor,
2643 2376 2738 2446 qui
2786 2377 2938 2430 solus
2988 2375 3092 2430 ista
3125 2373 3399 2444 exposuit.
3449 2372 3708 2426 Vestrum

2131 2469 2397 2539 templum
2459 2467 2866 2529 incenderunt,
2923 2475 2975 2522 et
3025 2466 3354 2520 deleverunt
3416 2463 3587 2518 altare
3655 2470 3713 2517 et

2129 2570 2340 2626 sancta,
2372 2559 2566 2614 urbem
2598 2574 2818 2629 quoque
2864 2569 2920 2613 et
2969 2557 3124 2623 Sion,
3162 2565 3218 2610 ct
3246 2571 3345 2610 vos
3391 2555 3446 2609 in
3474 2553 3712 2608 servitu-

2131 2662 2240 2708 tem
2271 2651 2604 2721 redegerunt
2625 2667 2639 2716 ;
2663 2659 2719 2704 et
2740 2651 2873 2704 estis
2905 2665 3005 2719 per
3032 2656 3202 2702 totam
3234 2656 3439 2703 terram
3472 2647 3707 2716 dispersi

2130 2753 2186 2799 et
2217 2743 2336 2798 sine
2375 2743 2494 2814 lege
2529 2758 2705 2811 usque
2750 2741 2954 2796 adhuc.
3006 2740 3072 2795 Et
3113 2756 3242 2796 ecce
3288 2738 3623 2809 octingentis
3657 2748 3714 2793 et

2130 2835 2366 2904 amplius
2395 2834 2577 2899 annis,
2630 2843 2693 2889 ut
2743 2833 3004 2896 diximus,
3052 2847 3234 2902 neque
3289 2831 3481 2894 altare,
3533 2846 3711 2899 neque

2130 2941 2339 2990 arcam,
2389 2941 2571 2996 neque
2621 2926 2801 2980 locum
2856 2924 3080 2996 Paschae
3140 2923 3522 2987 conservatis;
3572 2921 3711 2976 dixit

2137 3017 2286 3072 enim
2320 3018 2467 3073 Deus
2495 3016 2940 3073 vobis:Minime
2973 2995 3189 3069 facietis
3236 3014 3446 3068 Pascha
3499 3013 3606 3068 nisi
3658 3013 3712 3068 iu

2138 3109 2484 3165 Hierusalem
2510 3126 2525 3175 ;
2553 3124 2734 3178 neque
2764 3109 2816 3162 in
2850 3106 3143 3178 Aigypmm
3196 3105 3503 3174 regressuri
3533 3122 3548 3170 ;
3583 3119 3712 3160 ecce

2137 3203 2558 3272 patres-vestri,
2608 3217 2734 3255 cum
2789 3199 3187 3270 peccavissent,
3235 3199 3479 3253 secundo
3509 3198 3711 3266 captivi

2137 3294 2470 3366 Babylonem
2521 3293 2709 3358 ducti,
2749 3291 2995 3348 secundo
3039 3300 3251 3345 vastato
3301 3291 3530 3360 templo,
3575 3290 3716 3343 ohti-

2137 3395 2380 3441 nuerunt
2404 3386 2648 3441 secundo
2680 3385 2737 3439 in
2765 3384 2994 3455 gratiam
3021 3383 3122 3438 Dei
3153 3381 3334 3436 redire
3359 3389 3415 3435 et
3447 3382 3712 3451 templum

2135 3475 2438 3540 aediﬁcari;
2491 3491 2590 3530 vos
2646 3474 2809 3543 quale
2871 3481 3158 3543 peccatum
3214 3470 3602 3537 commisistis,
3660 3481 3716 3524 et

2137 3574 2352 3621 tantum
2387 3565 2610 3636 quidem
2653 3573 2713 3618 ut
2763 3563 2906 3618 Deus
2953 3562 3112 3616 vobis
3156 3576 3267 3616 non
3319 3560 3717 3615 restauraverit

2139 3658 2432 3727 templum,
2460 3670 2639 3728 neque
2667 3669 2766 3710 vos
2801 3654 2869 3708 ab
2896 3653 3152 3708 hostibus
3192 3651 3514 3707 reduxerit?
3559 3651 3718 3705 idolis

2139 3749 2308 3820 igitur
2340 3747 2702 3804 sacriﬁcastis
2732 3761 2865 3810 vos,
2894 3753 2956 3798 ut
2984 3753 3172 3814 patres
3210 3743 3402 3807 vestri,
3449 3743 3589 3798 ﬁlios
3627 3759 3721 3797 ve-

2140 3849 2288 3895 stros
2302 3849 2358 3894 et
2378 3838 2518 3892 ﬁlias
2534 3838 2560 3890 ῒ
2583 3837 2906 3906 imaginem,
2927 3843 2984 3888 ut
3011 3835 3110 3901 illi,
3137 3833 3448 3889 adorastis?
3475 3833 3714 3888 Minime.

2140 3931 2285 4002 Ergo
2318 3930 2373 3983 in
2428 3929 2636 3999 templo
2689 3927 2900 3982 idolum
2949 3925 3240 3990 statuistis,
3295 3933 3356 3980 ut
3403 3925 3720 3979 Manasscs?

2144 4021 2441 4092 prophetas
2473 4018 2798 4074 occidistis?
2841 4017 3104 4072 Minime.
3126 4017 3298 4083 Quam
3331 4015 3402 4070 ob
3433 4031 3653 4070 causam
3690 4033 3719 4069 a

2141 4114 2256 4168 Deo
2282 4113 2359 4167 ita
2391 4111 2642 4166 derelicti
2672 4110 2808 4165 estis
2829 4109 3036 4165 ?Certe
3071 4109 3324 4180 quamvis
3357 4123 3468 4162 non
3497 4106 3718 4166 dicatis.

2142 4203 2357 4275 lapides
2385 4201 2741 4258 clamabunt:
2783 4201 2930 4271 quod
2971 4217 3041 4256 ex
3081 4217 3192 4271 quo
3222 4199 3508 4255 Christum
3542 4199 3723 4253 eruci-

467 4291 631 4344 δωλοε)
691 4293 980 4363 ὲστήσατε,
1010 4293 1084 4358 ὼς
1123 4293 1154 4345 6
1207 4293 1551 4363 Μανασσῆςς
1584 4289 1691 4366 ἄρα
1750 4295 2033 4365 προφήτας

2147 4292 2640 4360 ﬁxistis,derelicti
2669 4292 2872 4347 fuistis.
2913 4291 2997 4347 Ob
3045 4292 3097 4346 id
3149 4307 3326 4362 usque
3373 4291 3557 4345 adhuc
3584 4299 3640 4344 et
3668 4291 3719 4342 in

467 4384 860 4449 ἁπεκτείνατε;
917 4385 1204 4454 Οὐδαμῶς.
1264 4384 1422 4448 Τίνος
1481 4386 1667 4438 ἕνεκεν
1728 4385 1835 4440 ὑπὸ
1903 4387 2040 4441 Θεοῦ

468 4474 639 4539 οὕτως
685 4476 1183 4547 ὲγκατελείσθητῆ
1223 4476 1496 4547 Ἀληθῶς,
1527 4477 1632 4530 κᾶν
1661 4478 1818 4548 ὑμεῖς
1851 4480 1927 4550 μὴ
1960 4479 2041 4532 εἴ·

469 4584 628 4634 πητε,
653 4570 701 4620 οἱ
730 4569 872 4652 λίθοι.
891 4569 1250 4635 κεκράξονται
1280 4585 1295 4600 ο
1327 4570 1412 4621 ὅτι
1454 4569 1546 4638 ἀφ’
1576 4562 1747 4640 οὗπερ
1778 4571 1872 4624 τὸν
1902 4573 2038 4642 Χρι-

469 4659 592 4711 στὸν
644 4659 1049 4729 ἐσταυρώσατε,
1092 4659 1550 4730 έγκατελείφθητε
1575 4675 1588 4689 ·
1618 4661 1706 4714 διὰ
1747 4661 1908 4715 τοῦτο
1943 4665 2041 4732 μέ-⁹

467 4766 558 4818 χρι
589 4749 682 4802 καὶ
738 4749 834 4802 νῦν
865 4750 954 4804 καὶ
983 4751 1063 4812 εἰς
1089 4752 1179 4804 τὸν
1220 4750 1395 4804 αἰῶνα
1434 4751 1918 4821 έγκατελείφθητε,
1963 4753 2042 4807 δι-

467 4842 888 4913 εσκορπίσθητε,
906 4843 1283 4915 ὲγυμνώθητε,
1311 4845 1654 4917 ἀπερῤίφητε
1669 4845 1764 4898 τοῦ
1783 4847 1914 4900 ναοῦ
1941 4850 2038 4902 καὶ

465 4935 562 5003 τῆς
591 4934 747 4989 Σιών.
775 4936 837 4989 Οἰ
862 4934 971 5006 γὰρ
992 4935 1228 5007 πατέρες
1255 4937 1408 5007 ὑμῶν
1427 4939 1477 4991 οἰ
1509 4940 1983 5009 μοσχοποιήσαντε
1995 4958 2034 5004 ς,

464 5027 514 5079 οἰ
545 5026 712 5080 πολλὰ
758 5028 1266 5099 παρανομήσαντες,
1307 5029 1402 5083 καὶ
1445 5031 1512 5100 τῇ
1539 5030 1712 5084 εἰκόνι
1743 5033 1808 5102 τῇ
1857 5035 2034 5104 χρυσῇ

465 5119 962 5187 προσκυνήσαντες,
995 5120 1091 5174 καὶ
1116 5119 1244 5182 τοὺς
1275 5118 1425 5182 υἰοῖις
1473 5120 1657 5175 αὐτῶν
1687 5121 1782 5174 καὶ
1811 5122 1908 5184 τὰς
1938 5121 2035 5176 Ou—

462 5207 702 5277 γατέρας
729 5207 806 5277 τῷ
829 5207 1060 5278 διαϐόλῳ
1087 5209 1368 5273 θύσαντες,
1401 5209 1770 5282 ἐϐδομήκοντα
1809 5213 1904 5284 ἔτη
1939 5217 2035 5269 καὶ

463 5295 656 5347 ἑκατὸν
682 5297 739 5348 ὲν
766 5297 1043 5351 Βαϐυλῶνι
1075 5299 1330 5370 Περσίδος
1369 5301 1773 5368 παιδευθέντες,
1793 5308 2027 5383 ἀνεκλή-

2144 4394 2473 4458 perpetuum
2535 4382 2822 4447 derelicti,
2878 4382 3151 4454 dispersi,
3196 4383 3424 4447 nudati,
3479 4381 3640 4451 eiecti
3691 4398 3721 4434 c

2145 4475 2352 4545 templo
2374 4483 2428 4528 et
2457 4473 2592 4528 Sion
2635 4471 2956 4526 manebitis.
2989 4471 3178 4526 Patres
3210 4470 3358 4525 enim
3382 4470 3551 4524 vestri
3580 4469 3724 4523 vitu-

2141 4569 2256 4624 lum
2289 4568 2577 4637 ﬁngentes,
2616 4566 2670 4619 in
2722 4564 2912 4618 multis
2946 4564 3122 4634 legem
3156 4562 3446 4626 violantes,
3499 4576 3719 4615 auream

2145 4664 2443 4734 imaginem
2483 4661 2803 4724 adorantes,
2844 4659 2987 4714 ﬁlios
3035 4666 3092 4713 et
3138 4657 3280 4712 ﬁlias
3324 4671 3452 4710 suas
3496 4653 3721 4708 diabolo

2141 4757 2510 4820 immolantes,
2539 4762 2761 4808 centum
2803 4759 2861 4806 et
2889 4750 3234 4820 septuaginta
3269 4747 3430 4802 annis
3460 4747 3514 4800 in
3545 4745 3721 4816 Baby-

2139 4847 2266 4903 lone
2291 4843 2534 4900 Persidis
2553 4843 2758 4906 edocti,
2781 4841 3022 4895 revocati
3053 4849 3216 4905 sunt;
3234 4853 3333 4893 vos
3362 4838 3417 4892 in
3437 4837 3722 4892 Christum

2139 4945 2455 5010 peccantes,
2481 4950 2590 4989 non
2617 4932 2796 4989 solum
2826 4939 3046 4985 centum
3083 4937 3140 4985 ct
3163 4928 3509 5000 septuaginta
3540 4926 3721 4991 annis,

2139 5030 2237 5087 sed
2258 5043 2433 5099 usque
2466 5026 2536 5081 ad
2554 5026 3088 5082 consummationem
3113 5023 3294 5078 s'eculi
3315 5021 3514 5092 abiecti
3542 5020 3724 5076 eritis.

2138 5125 2252 5182 Nos
2285 5131 2470 5178 autem
2507 5129 2700 5192 gentes
2735 5118 2833 5172 ﬁlii
2860 5115 3068 5174 Christi
3095 5115 3280 5171 vocati
3319 5130 3528 5178 sumus,
3553 5123 3610 5167 et
3645 5113 3723 5166 ili

2140 5217 2433 5279 servimus,
2460 5223 2518 5269 et
2548 5214 2705 5268 illum
2761 5208 3135 5282 gloriﬁcamus
3164 5220 3272 5260 una
3309 5219 3436 5259 cum
3466 5205 3629 5257 Patre
3667 5209 3722 5256 et

2139 5319 2328 5373 sancto
2358 5309 2478 5378 ejus
2508 5305 2719 5376 Spiritu
2755 5303 2811 5356 in
2850 5298 3047 5355 saecula
3076 5295 3427 5351 saeculorum.
3452 5293 3649 5346 Amen.

470 5389 664 5455 θησαν.
717 5388 903 5458 Ὑμεῖς
934 5390 990 5443 δὲ
1019 5391 1067 5443 οἱ
1119 5393 1176 5444 ὲν
1205 5392 1428 5465 Χριστῷ
1469 5383 1921 5469 ἁμαρτήσαντες,
1960 5410 2058 5481 οὐχ
2127 5405 2499 5474 δεδομήκοντα
2547 5398 2669 5452 οὐδὲ
2709 5392 2903 5447 ἑκατὸν
2945 5389 3040 5458 έτη
3090 5388 3248 5458 μόνα.
3289 5384 3412 5481 ἀλλί
3450 5384 3556 5448 ἕως
3625 5385 3723 5454 τῆς

472 5482 783 5546 συντελείας
836 5484 930 5538 τοῦ
984 5486 1180 5550 αἰῶνος
1231 5487 1578 5561 ἐξεϐλήθητε.
1663 5494 1852 5563 Ἡμεῖς
1905 5499 1961 5551 δὲ
2121 5499 2270 5568 ἔθνη,
2307 5495 2413 5549 υἰοὶ
2441 5487 2680 5560 Χριστοῦ
2737 5483 3066 5553 ὲκλήθημεν,
3130 5477 3225 5532 καὶ
3274 5475 3422 5546 αὐτῷ
3470 5475 3721 5530 δουλεύο-

475 5595 595 5648 μεν,
633 5578 724 5631 καὶ
752 5579 900 5650 αὐτῷ
930 5579 1220 5651 δοξάζομεν
1245 5580 1358 5652 ἅμα
1393 5583 1468 5654 τῷ
1493 5587 1665 5656 [Ιατρὶ
1700 5590 1794 5643 σὺν
1823 5590 1899 5662 τῷ
1931 5592 2070 5664 ἁγίῳ
2102 5590 2265 5646 αὑτοῦ
2301 5586 2580 5655 Πνεύματι
2610 5582 2690 5642 εἰς
2729 5593 2854 5639 tua;
2894 5572 3097 5636 αἰῶνας
3123 5570 3232 5625 τῶν
3270 5569 3499 5625 αἰώνων.
3538 5571 3718 5642 Λμήν.

540 5673 584 5704 ³⁸
614 5675 754 5731 l'sal.
778 5690 860 5742 CV,
893 5676 1070 5745 57,21.
