3988 6142
363 335 462 402 941

1353 355 1808 419 DISI’UTATIO
1851 363 2240 422 ADVERSUS
2276 362 2608 424 JUDEOS.

3437 364 3573 432 1242

331 449 470 500 κατὰ
496 447 594 520 τὴν
629 451 890 525 διαθήκην
917 458 986 528 ἣν
1031 459 1287 532 διεθέμην
1333 468 1445 529 τοῖς
1484 471 1758 538 πατράσιν
1799 471 1866 522 αὐ

2001 474 2220 528 Etenim
2259 485 2551 543 postquam
2597 474 2706 529 illis
2747 475 2922 545 legem
2961 475 3227 539 dedisset,
3257 475 3397 531 dixit
3427 479 3572 534 Deus

322 537 451 601 τῶν,
483 541 643 608 ἡνίκα
701 545 968 614 ἐξήγαγον
1016 551 1215 612 αὐτοὺς
1269 555 1333 606 ἐκ
1379 557 1480 626 γῆς
1508 537 1834 626 Αἰγύπτους
1871 581 1889 612 ι

323 627 462 694 μετὰ
522 634 632 700 γὰρ
685 632 746 684 τὸ
789 633 1010 704 δοθῆναι
1071 641 1252 704 αὐτοῖς
1311 643 1402 696 τὸν
1449 646 1647 713 νόμον,
1687 645 1839 700 εἶπεν
1869 652 1899 702 ὁ

319 717 454 780 Θεὸς
505 720 594 774 διὰ
653 723 878 778 Ἡσαΐου
929 731 1026 781 καὶ
1078 732 1318 802 Μιχαίου
1375 735 1485 788 τῶν
1553 739 1846 808 προφητῶν
1881 757 1892 770 ·

324 827 340 857 ι
377 811 498 900 ὀτι
526 813 591 864 ἐκ
629 814 769 868 Σιὼν
797 817 1144 882 ἐξελεύσεται
1166 825 1354 894 νόμος,
1385 828 1476 880 καὶ
1499 829 1655 894 λόγος
1687 827 1894 900 Κυρίου

315 900 376 963 ἐξ
413 899 802 977 Ἰερουσαλήμ·
847 929 866 959 ο
895 910 1034 965 ὥστε
1067 913 1163 966 τοῦ
1185 916 1422 986 Χριστοῦ
1455 918 1702 982 ἐλθόντος
1731 921 1892 984 αὐτὸς

314 991 406 1044 τὸν
441 995 561 1046 νέον
587 996 752 1063 νόμον
785 1000 963 1070 ῆγαγε
993 1005 1086 1057 καὶ
1115 1006 1210 1058 τὸν
1235 1008 1463 1061 παλαιὸν
1496 1011 1630 1080 ὲπλή
1642 1028 1834 1079 ρωσεν.

394 1085 458 1137 '0
493 1087 804 1156 Ἰουδαῖοςο
842 1093 938 1156 Εἰς
971 1095 1258 1166 ἄνθρωπον
1291 1103 1768 1172 πεφουρκισμὲνον
1799 1105 1892 1156 καὶ

315 1175 604 1231 κατάδικον
633 1179 906 1246 ἐλπίζετε,
939 1186 989 1238 οι
1014 1187 1350 1254 Χριστιανοί.
1391 1220 1458 1230 -
1511 1191 1574 1244 '0
1619 1197 1890 1260 Χριστια-

309 1267 450 1330 νόςο
485 1268 550 1320 Τί
573 1271 690 1323 ἐστι
736 1273 1066 1346 τιμιώτερον
1109 1279 1260 1349 παρὰ
1307 1280 1386 1350 τῷ
1427 1281 1568 1353 Θεῷ,
1600 1283 1890 1354 ἄνθρωπος

311 1357 496 1428 ῆδφις
535 1359 770 1430 χαλκοῦς
799 1364 859 1418 δν
901 1367 1060 1438 ὑμεῖς
1101 1377 1460 1440 προσκυνεῖτε
1503 1377 1886 1445 κρεμάμενονς

310 1449 459 1520 Πλὴν
497 1451 731 1508 ἄκουσον
778 1459 920 1525 μετὰ
971 1463 1277 1526 συνέσεωςο
1333 1465 1451 1517 ἀλλ’
1495 1467 1646 1536 ὅμως
1697 1469 1888 1522 εἴπατὲ

311 1559 442 1610 μοι,
497 1546 852 1631 ἐσταύρωσαν
920 1555 969 1605 οἱ
1045 1556 1279 1624 πατέρες
1347 1558 1502 1626 ὑμῶν
1562 1577 1685 1614 τινα
1741 1562 1888 1630 λεγό-

308 1650 472 1700 μενον
517 1635 723 1706 Ἰησοῦν
759 1641 1032 1712 Χριστόν;
1082 1647 1171 1699 ναὶ
1219 1647 1252 1717 ἢ
1303 1647 1400 1714 οὕς
1459 1651 1554 1702 καὶ
1599 1651 1686 1704 διὰ
1726 1653 1885 1704 ποίαν

303 1726 490 1778 αίτίαν
545 1729 931 1802 ἐσταυρώσατε
977 1735 1182 1803 αὺτὸνς
1235 1739 1380 1792 Διότι
1433 1741 1749 1810 παράνομος
1792 1738 1881 1812 ἦν,

2001 579 2100 632 per
2127 565 2320 618 lsaiam
2351 573 2406 618 et
2435 564 2709 619 Michieam
2738 564 3066 634 prophetas:
3101 584 3117 615 ι
3147 565 3223 618 Ex
3247 563 3380 619 Sion
3398 567 3573 620 exibit

1999 655 2107 717 lex,
2170 663 2227 709 et.
2279 654 2511 726 verbum
2579 655 2797 709 Domini
2864 672 2928 710 ex
2989 656 3358 710 Jerusalem'.
3406 676 3424 708 ›
3490 657 3570 712 Ita

1997 743 2254 798 Christus
2287 760 2412 799 cum
2444 745 2614 810 venit,
2641 761 2836 800 novam
2871 747 3044 815 legem
3074 746 3307 800 adduxit
3333 754 3390 802 et
3417 755 3569 802 vete-

1999 851 2112 890 rem
2144 834 2413 904 implevit.

2062 1089 2372 1143 JudwusJu
2398 1089 2673 1144 hominem
2694 1091 3416 1146 crneitixametdamnatum
3442 1109 3567 1162 spe-

1994 1182 2146 1246 ratis,
2171 1180 2493 1235 Christiani.
2526 1211 2597 1222 —-
2627 1177 2978 1236 Christianus.
3023 1181 3158 1248 Quis
3184 1195 3270 1238 est
3297 1185 3569 1238 excellen-

1993 1276 2100 1327 tior
2125 1274 2268 1342 apud
2296 1275 2490 1336 Deum,
2521 1275 2684 1328 homo
2713 1289 2782 1326 an
2816 1289 3045 1343 serpens
3072 1290 3250 1328 terens
3274 1290 3436 1343 quem
3468 1289 3567 1329 vos

1990 1367 2236 1420 adoratis
2261 1381 2590 1435 suspensum
2611 1367 2634 1419 ?
2654 1375 2894 1419 attamen
2920 1367 3046 1420 audi
3077 1381 3198 1419 cum
3231 1367 3562 1422 attentione.

1991 1454 2097 1510 Sed
2125 1456 2291 1510 dicite
2326 1457 2459 1508 mihi
2485 1474 2497 1509 :
2533 1457 2927 1510 crucifixerunt
2967 1465 3152 1525 patres
3181 1456 3348 1510 vestri
3373 1473 3565 1526 quem-

1987 1545 2113 1600 dam
2141 1545 2477 1614 appellatum
2516 1545 2702 1599 Jesum
2745 1545 3072 1599 Christum?
3109 1545 3182 1598 ita
3209 1561 3276 1598 an
3313 1547 3467 1599 non?
3497 1547 3562 1600 Et

1986 1638 2206 1706 qualem
2234 1635 2306 1690 ob
2339 1652 2576 1691 causam
2606 1636 3042 1690 cruciﬁxerunt?
3075 1636 3154 1690 Eo
3183 1637 3330 1706 quod
3379 1636 3559 1706 legum

1988 1727 2221 1780 violator
2243 1734 2383 1786 erat,
2414 1735 2470 1780 et
2503 1725 2678 1794 legem
2727 1736 2783 1780 et
2816 1724 3054 1779 Sahhata
3089 1725 3364 1778 abolehat.
3389 1726 3456 1778 Et
3493 1724 3562 1780 de

304 1816 404 1868 καὶ
451 1819 682 1873 κατέλυε
724 1823 818 1875 τὸν
857 1825 1020 1894 νόμον
1069 1829 1161 1881 καὶ
1201 1829 1262 1882 τὸ
1299 1805 1599 1886 Σαϐϐατον.
1651 1805 1766 1886 Καὶ

1985 1833 2096 1887 quo
2147 1817 2520 1886 prmdixerunt
2553 1817 2834 1886 prophetze
2890 1826 3185 1870 venturum
3235 1830 3356 1868 esse
3403 1815 3558 1869 illum

301 1914 458 1963 ποῖον
493 1913 766 1983 ἐκήρυξαν
796 1919 848 1969 οἱ
878 1919 1154 1988 προφῆται
1185 1920 1366 1974 ἐλθεῖν
1395 1924 1481 1977 ἐπ’
1509 1925 1754 1995 ἐσχάτων
1775 1927 1883 1979 τῶν

301 1999 548 2068 ἡμερῶν,
583 2001 678 2055 τοῦ
715 2003 990 2074 πραθῆναι
1011 2045 1025 2066 ,
1073 2011 1168 2060 καὶ
1233 2011 1294 2062 τὸ
1324 2011 1487 2064 πόσου
1522 2011 1634 2082 ἔχει
1664 2014 1876 2083 πραθῆ-

297 2105 426 2150 ναι,
474 2093 567 2143 καὶ
611 2093 693 2146 ὅτι
735 2093 848 2164 ἔχει
881 2097 1114 2166 ἀχθῆναι
1143 2102 1223 2162 εἰς
1255 2099 1482 2156 θάνατον
1515 2105 1608 2156 καὶ
1635 2104 1712 2174 τῷ
1741 2104 1880 2175 ξύλῳ

295 2181 456 2249 ἥλοις
492 2187 680 2253 χεῖρας
713 2187 808 2238 καὶ
835 2190 1002 2253 πόδας
1034 2193 1518 2265 προσηλωθήσεται
1540 2235 1554 2260 ,
1604 2199 1699 2250 καὶ
1727 2199 1881 2263 ὄξους

295 2274 398 2324 καὶ
447 2274 614 2343 χολῆς
658 2277 953 2346 γεύσεται,
1010 2282 1106 2336 καὶ
1143 2285 1226 2336 ὅτι
1265 2285 1430 2357 λόγχῃ
1466 2287 1878 2358 κεντηθήσεται,

293 2363 398 2414 καὶ
443 2365 472 2415 ὁ
517 2366 745 2436 οὐρανὸς
789 2371 1249 2443 σκοτισθήσεται;
1285 2376 1395 2430 Καὶ
1423 2377 1680 2431 ἀδύνατον
1704 2373 1770 2448 ἦν
1805 2379 1880 2448 μὴ

295 2455 664 2552 πληρωθῆναι
716 2460 843 2552 τοῦς
883 2461 1076 2530 λόγους
1110 2465 1219 2518 τῶν
1249 2467 1571 2536 προφητῶν.
1627 2466 1692 2519 Τί
1734 2469 1879 2536 λέγει

287 2547 472 2596 ταῦτα
518 2547 737 2611 nivea;
789 2550 886 2612 Εἰς
926 2551 1019 2604 τὸν
1061 2553 1298 2625 Χριστὸν
1329 2557 1486 2626 ἡμῶν
1527 2557 1806 2620 ἐγένοντο,
1841 2557 1874 2626 ἢ

288 2635 380 2696 εἰς
424 2635 514 2688 τὸν
555 2638 889 2708 εἰλημμένον
935 2641 1088 2712 ὑμῶν
1140 2644 1397 2714 μέλλουσι
1440 2646 1722 2715 γίνεσθαι;
1767 2649 1880 2702 Καὶ

289 2725 348 2774 εἰ
388 2725 486 2793 μὲν
535 2728 616 2790 είς
648 2730 739 2782 τὸν
767 2731 1104 2802 εἰλημμένον
1136 2734 1298 2804 ὑμῶν
1330 2737 1584 2806 μέλλουσι
1610 2737 1878 2804 γίνεσθαι,

289 2816 415 2868 ίδοὺ
467 2819 560 2870 καὶ
605 2819 763 2888 ὑμεῖς
809 2823 890 2885 εις
932 2823 1222 2893 ἄνθρωπον
1269 2827 1562 2880 κατάδικον
1596 2827 1876 2891 ἐλπίζετε·

284 2905 345 2956 εἰ
390 2904 448 2957 δὲ
496 2909 577 2970 εις
620 2909 712 2961 τὸν
752 2910 986 2980 Χριστὸν
1021 2912 1183 2982 ἡμῶν
1243 2915 1419 2968 πάντα
1459 2915 1872 2986 ἐπληρώθησαν,

285 2997 734 3063 συγκαταθέντες
787 3001 978 3054 εἴπατε
1031 3003 1132 3073 τὴν
1181 3003 1486 3074 ἀλήθειανο
1543 3007 1591 3057 εί
1639 3005 1697 3058 δὲ
1751 3003 1875 3058 οὗτε

280 3091 377 3150 εἰς
421 3088 512 3140 τὸν
553 3091 820 3160 ἡμέτερον
855 3092 1130 3160 Χριστὸν,
1161 3092 1286 3148 οὔτε
1322 3095 1521 3158 εξς⁷τὸν
1545 3095 1875 3166 εἰλημμένον

281 3177 470 3248 ὑμῶν,
511 3182 724 3244 πάντως
757 3183 804 3236 οἱ
833 3184 1114 3255 προφῆται
1145 3185 1456 3256 ψεύδονταισ
1493 3187 1541 3239 εί
1566 3187 1624 3240 δὲ
1655 3187 1868 3240 στενού-

283 3288 450 3342 μενοι
502 3271 725 3336 ἄκοντες
782 3275 1098 3342 ὁμολογεῖτε
1154 3278 1235 3330 ὅτι
1287 3277 1377 3330 τὸν
1425 3277 1662 3347 Χριστὸν
1709 3278 1867 3350 ήμῶν

280 3363 451 3432 κακῷ
475 3362 692 3434 θανάτῳ
715 3367 764 3418 οἱ
789 3367 1024 3436 πατέρες
1047 3367 1202 3436 ὑμῶν
1223 3369 1522 3436 ἐφόνευσαν
1541 3371 1616 3431 ὡς
1635 3370 1805 3422 κακοῦ
1815 3386 1866 3440 ρ·

1983 1909 2247 1964 extremis
2272 1909 2471 1964 diebus
2499 1908 2874 1974 vendendum,
2897 1918 2953 1961 et
2973 1908 3162 1976 quanti
3185 1906 3556 1973 vendendum,

1982 2002 2048 2056 ad
2084 2015 2320 2057 mortem
2363 2003 2528 2056 etiam
2561 2001 2900 2064 ducendum,
2929 2009 2984 2054 et
3015 2001 3068 2054 in
3095 2000 3248 2070 ligno
3270 2014 3468 2054 manus
3504 2009 3561 2054 et

1983 2097 2153 2164 pedes
2193 2097 2312 2165 ejus
2336 2083 2506 2150 clavis
2539 2095 2940 2166 transﬁgendos
2968 2109 3110 2155 esse,
3159 2103 3213 2148 et
3247 2101 3466 2148 acetum
3499 2105 3558 2148 et.

1979 2190 2054 2244 fel
2082 2196 2450 2260 gustaturum,
2479 2195 2535 2242 et
2564 2187 2749 2241 lancea
2799 2185 3214 2256 perforandum,
3246 2186 3556 2254 caelumque

1981 2281 2389 2334 obscurandum
2423 2279 2582 2333 esse?
2606 2293 2784 2347 neque
2824 2275 3086 2346 possibile
3129 2287 3274 2330 esset
3309 2291 3419 2330 non
3447 2276 3553 2330 im-

1983 2371 2121 2440 pleri
2150 2370 2321 2424 verba
2357 2369 2772 2438 prophetarum.
2800 2367 2942 2432 Quid
2989 2367 3103 2421 lucc
3150 2365 3332 2419 omnia
3379 2366 3548 2435 signi-

1983 2456 2182 2511 ﬁcant?
2210 2456 2264 2510 in
2297 2465 2485 2509 nostro
2515 2454 2736 2509 Christo
2767 2455 2907 2508 facta
2935 2462 3084 2516 sunt,
3126 2468 3256 2506 num
3289 2452 3342 2506 in
3371 2461 3551 2506 vestro

1979 2549 2174 2603 Messia
2207 2547 2324 2602 ﬁeri
2355 2545 2602 2601 debent?
2634 2555 2690 2600 et
2711 2545 2756 2598 si
2779 2545 2835 2599 in
2877 2554 3061 2598 vestro
3084 2543 3276 2597 Messia
3309 2542 3424 2595 fieri
3450 2541 3550 2596 de-

1978 2639 2165 2702 beant,
2189 2653 2316 2692 ecce
2340 2647 2397 2691 et
2426 2653 2525 2691 vos
2553 2637 2604 2690 in
2639 2636 2916 2690 hominem
2946 2637 3267 2689 damnatum
3295 2633 3550 2702 speratis.

1980 2729 2036 2783 Si
2064 2744 2197 2784 vero
2223 2729 2278 2782 in
2303 2736 2491 2782 nostro
2518 2728 2739 2783 Christo
2769 2728 2951 2782 omnia
2985 2725 3208 2796 impleta
3246 2735 3398 2788 sunt,
3419 2725 3550 2779 snb-
3645 2790 3654 2800 ,

1978 2820 2260 2874 mittentes
2291 2833 2389 2874 vos
2423 2819 2705 2872 veritatem
2732 2818 2977 2872 fatemini
3002 2835 3017 2883 ;
3044 2817 3126 2872 sin
3155 2824 3338 2870 autem
3367 2830 3546 2882 neque

1977 2917 2034 2970 in
2066 2923 2254 2970 nostro
2287 2912 2530 2975 Christo,
2573 2927 2753 2981 neque
2809 2912 2864 2965 in
2908 2921 3094 2964 vestro
3151 2911 3364 2972 Messia,
3418 2924 3549 2978 pro-

1978 3008 2160 3078 pheta:
2211 3021 2403 3060 omnes
2440 3004 2822 3070 mentiuntur;
2853 3003 2998 3074 quod
3053 3003 3096 3055 si
3143 3000 3336 3056 arctati
3379 3001 3550 3054 invite

1976 3099 2226 3154 fatemini
2257 3107 2509 3152 nostrum
2538 3096 2818 3152 Christum
2861 3097 3056 3150 acerba
3088 3103 3262 3148 morte
3293 3111 3321 3148 a
3349 3093 3546 3146 vestris

1974 3190 2228 3261 patribus
2251 3204 2451 3246 caesum
2481 3204 2603 3244 esse
2636 3195 2694 3241 ut
2729 3187 3138 3242 malefactorem
3171 3197 3227 3239 et
3257 3185 3396 3255 legis
3427 3185 3546 3237 vio-

1970 3283 2222 3346 latorem,
2252 3281 2548 3336 aﬂ‘eramus
2586 3279 2904 3349 prophetas,
2926 3288 2983 3334 et
3019 3279 3307 3333 videamus
3329 3293 3396 3331 an
3434 3292 3548 3330 ma-

1970 3370 2289 3425 lefactorem
2325 3369 2568 3422 dixerint
2600 3382 2765 3435 quem
2789 3383 2889 3420 vos
2912 3365 3284 3421 crueit‘ixistis.

279 3469 390 3518 γον
447 3453 536 3502 τὸν
587 3453 680 3506 καὶ
731 3455 893 3524 νόμον
939 3457 1320 3524 καταλύοντα,
1376 3461 1692 3530 ἐνέγκωμεν
1743 3461 1869 3522 τοὺς
1910 3464 2232 3533 προφήτας,
2286 3460 2380 3514 καὶ
2435 3461 2635 3528 ἴδωμεν
2688 3459 2784 3510 ἐὰν
2827 3458 3130 3528 κακοῦργον
3191 3455 3392 3523 λέγωσι
3453 3453 3548 3508 τὸν

279 3544 384 3610 ὑφ’
413 3543 442 3592 ὑ
453 3542 567 3610 μῶν
595 3548 994 3615 σταυρωθέντα.

365 3634 572 3686 Εἴπατε
604 3637 664 3688 δέ
703 3653 792 3706 μοι
815 3678 831 3702 ,
879 3639 964 3703 τίς
997 3641 1148 3694 ἐστιν
1181 3643 1277 3697 ἐπὶ
1309 3643 1414 3713 γῆς
1444 3644 1866 3716 ἁναμάρτητος;

278 3727 407 3791 καὶ,
443 3725 518 3787 ὡς
547 3728 578 3796 ἡ
613 3728 804 3800 Γραφὴ
835 3730 1004 3800 λέγει,
1045 3733 1220 3796 οὐδεὶς
1255 3734 1492 3804 καθαρὸς
1526 3735 1638 3790 ἀπὸ
1669 3737 1866 3806 ῥύπου,

277 3820 399 3874 οὐδ’
429 3820 496 3874 ἂν
547 3823 676 3890 μίαν
715 3825 930 3896 ἡμέραν
982 3826 1172 3897 ή-ζωὴ
1208 3828 1374 3882 αὐτοῦ
1400 3869 1414 3893 ,
1467 3831 1559 3883 καὶ
1598 3831 1754 3901 δῆλον
1785 3832 1868 3884 ὅτι

275 3911 462 3974 οὐδεὶς
500 3915 548 3965 εἰ
587 3913 746 3982 μόνος
777 3918 805 3968 ὁ
833 3916 988 3979 Θεός.
1037 3919 1145 3970 Καὶ
1174 3919 1500 3987 ἀκούσωμεν
1529 3921 1582 3973 τί
1615 3923 1744 3992 περὶ
1771 3922 1864 3975 τοῦ

279 4001 556 4066 παθόντος
582 4004 825 4074 Χριστοῦ
853 4009 886 4076 ἡ
896 4007 1014 4075 μῶν
1043 4011 1072 4062 ό
1106 4009 1330 4072 Ἡσαΐας
1359 4009 1532 4077 λέγει·
1578 4029 1595 4060 ι
1620 4011 1705 4074 Ὡς
1733 4011 1867 4082 πρό-

278 4093 454 4144 ϐατον
484 4094 577 4145 ἐπὶ
605 4095 820 4166 σφαγὴν
848 4097 990 4167 ἢχθη
1009 4139 1022 4160 ,
1066 4101 1158 4152 καὶ
1190 4099 1266 4162 ὼς
1293 4100 1465 4168 ἀμνὸς
1495 4101 1738 4154 ἐναντίον
1767 4100 1864 4154 τοῦ

276 4183 568 4253 κείροντος
599 4185 764 4238 αὐτὸν
791 4187 1032 4254 ἄφωνος·
1069 4190 1178 4242 ἀπὸ
1208 4189 1316 4242 τῶν
1345 4191 1585 4260 ἀνομιῶν
1611 4191 1706 4244 τοῦ
1731 4191 1862 4245 λαοῦ

276 4290 390 4342 μου
441 4273 580 4344 ἢχθη
631 4276 712 4336 είς
761 4276 1029 4332 θάνατον’
1089 4281 1183 4334 καὶ
1227 4280 1385 4334 δώσω
1423 4283 1554 4344 τοὺς
1592 4285 1866 4354 πονηροὺς

271 4365 406 4416 ἀντὶ
441 4367 539 4435 τῆς
567 4369 742 4436 ταφῆς
770 4370 937 4424 αὐτοῦ
958 4412 972 4436 ,
1025 4373 1118 4424 καὶ
1144 4374 1271 4435 τοὺς
1300 4373 1586 4436 πλουσίους
1615 4375 1738 4427 ἀντὶ
1763 4374 1861 4427 τοῦ

2039 3647 2410 3703 Diciteautem
2439 3645 2598 3708 mihi,
2626 3645 2750 3714 quis
2769 3653 2853 3698 est
2885 3643 2938 3696 in
2969 3653 3114 3696 terra
3137 3641 3258 3696 sine
3279 3642 3546 3710 peccato?

1967 3747 2044 3802 et,
2069 3748 2130 3792 ut
2159 3737 2297 3792 dicit
2335 3737 2642 3806 Scriptura.
2678 3750 2840 3789 nemo
2870 3749 3046 3803 purus
3071 3733 3278 3802 absque
3305 3733 3541 3796 macula,

1969 3831 2187 3886 tametsi
2257 3829 2420 3884 unius
2459 3827 2567 3884 diei
2601 3827 2714 3881 vita
2758 3829 2881 3895 ejus
2925 3826 3017 3890 sit,
3057 3839 3221 3878 nemo
3258 3833 3406 3879 certe
3434 3823 3540 3878 nisi

1967 3923 2117 3976 solus
2143 3921 2283 3976 Deus
2300 3921 2340 3972 ¹.
2362 3921 2665 3974 Audiamus
2685 3932 2835 3971 nunc
2854 3916 2986 3985 quid
3009 3915 3078 3971 de
3106 3926 3298 3970 nostro
3319 3914 3542 3972 Christo

1968 4006 2210 4076 patiente
2243 4006 2410 4060 Isaias
2439 4005 2625 4060 dicat:
2671 4021 2690 4055 ι
2729 4003 3016 4072 Tanquam
3049 4002 3168 4057 ovis
3201 4002 3268 4055 ad
3302 4003 3540 4057 occisio-

1964 4114 2090 4152 nem
2114 4098 2315 4152 ductus
2349 4105 2453 4158 est.
2482 4107 2538 4151 et
2565 4104 2823 4164 tanquam
2859 4110 3034 4164 agnus
3057 4109 3246 4148 coram
3273 4093 3541 4149 tondente

1965 4204 2024 4243 se
2051 4189 2470 4251 obmutescens;
2497 4198 2722 4256 propter
2743 4197 2962 4256 peccata
2990 4185 3174 4256 populi
3201 4185 3306 4240 mei
3339 4185 3542 4240 ductus

1963 4287 2048 4334 est
2074 4278 2142 4333 ad
2173 4289 2440 4343 mortem;
2481 4287 2536 4331 et
2565 4277 2708 4330 dabo
2738 4275 2934 4346 impios
2957 4291 3060 4345 pro
3089 4275 3373 4344 sepultura
3396 4276 3536 4345 ejus.

1963 4380 2020 4424 et
2049 4369 2252 4424 divites
2275 4385 2376 4438 pro
2400 4376 2578 4422 morte
2605 4367 2724 4437 ejus
2745 4384 2762 4432 ;
2783 4381 2850 4420 eo
2875 4366 3021 4434 quod
3053 4365 3401 4434 iniquitatem
3429 4382 3538 4420 non

270 4456 518 4509 θανάτου
539 4474 553 4486 ⁸
611 4459 693 4512 ὅτι
740 4461 1014 4531 ἁμαρτίαν
1047 4463 1149 4516 οὐκ
1176 4464 1430 4534 ἐποίησεν
1451 4505 1466 4528 ,
1505 4465 1628 4518 οὐδὲ
1658 4467 1860 4536 εὑρέθη

1977 4461 2178 4523 πωροι-ἧι,
2210 4476 2390 4529 neque
2425 4459 2684 4512 inventus
2736 4458 2810 4512 sit
2843 4457 3002 4512 dolus
3050 4457 3102 4511 in
3162 4473 3257 4510 ore
3291 4457 3460 4526 ejus'.
3513 4477 3530 4508 ι

267 4549 428 4611 δόλος
477 4552 536 4602 ἐν
567 4550 644 4618 τῷ
688 4553 914 4622 στόματι
961 4556 1147 4609 αὑτοῦ.
1184 4575 1203 4608 ι
1230 4550 1376 4626 *Αρα
1405 4559 1512 4610 οὐκί
1537 4558 1860 4626 αἰσχύνεσθε

268 4639 504 4706 λοιπόν;
545 4641 653 4696 ἰδοὺ
687 4645 982 4711 προφανῶς
1012 4649 1434 4718 ᾐσχημονήσατε
1459 4665 1474 4680 ·
1525 4649 1718 4702 εἴπατε
1749 4649 1860 4720 γὰρ

265 4732 364 4786 ὅτι
417 4733 506 4784 διὰ
551 4733 614 4786 τὸ
657 4739 997 4806 παρανομεῖν
1043 4738 1428 4808 ἐσταυρώσατε
1475 4741 1676 4805 αὑτὸν,
1734 4743 1763 4794 ὁ
1800 4741 1856 4794 δὲ

267 4824 569 4893 προφήτης
601 4825 750 4894 λέγει
778 4827 861 4880 ὅτι
885 4828 1165 4897 ἁμαρτίαν
1193 4830 1295 4882 οὐκ
1320 4830 1565 4900 ἐποίησε.
1599 4832 1708 4883 Καὶ
1734 4833 1857 4884 ἐπεὶ

263 4913 452 4976 οὐδεὶς
475 4915 856 4985 ἀναμάρτητος
881 4919 931 4970 εί
958 4917 1032 4986 μὴ
1061 4917 1219 4984 μόνος
1245 4921 1271 4970 ὁ
1291 4919 1444 4983 Θεὸς,
1473 4919 1630 4990 δῆλον
1656 4921 1736 4974 ὅτι
1762 4922 1855 4974 καὶ

265 5001 413 5062 Θεός
440 5003 586 5054 ἐστιν
616 5003 868 5072 ἁληθινὶς
895 5007 922 5058 ὁ
950 5005 1282 5075 σταυρωθεὶς
1321 5007 1410 5074 ὑφ’
1445 5007 1598 5075 ὑμῶν
1622 5027 1634 5038 ·
1673 5009 1856 5078 ἁμαρ·

263 5093 402 5145 τίαν
431 5094 539 5163 γὰρ
569 5095 667 5147 οὐκ
695 5097 974 5167 ἐποίησεν,
1005 5098 1126 5150 οὐδὲ
1155 5099 1352 5169 εὑρέθη
1381 5098 1528 5162 δόλος
1555 5102 1612 5151 ἐν
1637 5101 1712 5170 τῷ
1737 5103 1858 5155 στόο-

267 5200 415 5254 ματι
463 5185 648 5242 αὑτοῦ.
681 5189 909 5258 ἰδωμεν
941 5189 998 5242 δὲ
1031 5189 1083 5242 τί
1136 5191 1231 5243 καὶ
1273 5192 1322 5243 oi
1359 5191 1539 5244 λοιποὶ
1573 5194 1851 5262 προφῆται

263 5277 411 5344 περὶ
466 5277 562 5330 τοῦ
611 5279 881 5345 παθόντος
929 5281 1169 5352 Χριστοῦ
1205 5283 1362 5352 ἡμῶν
1407 5284 1696 5350 λέγουσιν·
1753 5287 1852 5337 ἐὰν

260 5365 352 5428 ὡς
404 5367 734 5438 κάκοῦργον,
839 5371 933 5424 ἐὰν
963 5371 1036 5435 ὡς
1069 5372 1274 5444 Κύριον
1300 5373 1462 5426 αὐτὸν
1487 5374 1812 5443 ὀμολογῶσιο

259 5456 422 5523 τάχα
449 5457 557 5528 γὰρ
587 5459 650 5512 τὸ
674 5461 881 5530 πλῇθος
911 5463 1018 5516 τῶν
1048 5465 1338 5532 προφητῶν
1371 5466 1722 5533 ἐντρέπεσθε,
1756 5467 1850 5517 καὶ

1963 4555 2106 4624 Ergo
2133 4568 2318 4607 nonne
2349 4551 2565 4606 tandem
2605 4567 2706 4604 vos
2751 4551 2962 4619 pudet?
2996 4565 3064 4604 en
3101 4549 3388 4604 manifeste
3415 4565 3538 4618 per-

1961 4658 2153 4698 sonam
2219 4641 2362 4696 male
2422 4641 2602 4711 agitis.
2689 4639 2861 4694 Dicite
2920 4639 3068 4693 enim
3128 4654 3226 4692 vos
3297 4645 3355 4690 ut
3400 4638 3536 4708 legis

1959 4736 2284 4790 violatorem
2341 4733 2680 4788 crucifixisse
2737 4747 2902 4800 quem
2959 4733 3228 4800 propheta
3261 4729 3396 4784 dicit
3426 4731 3534 4782 ini-

1957 4829 2224 4898 quitatem
2263 4842 2372 4880 non
2421 4825 2636 4880 fecisse.
2687 4825 2753 4878 Et
2789 4840 2912 4878 eum
2951 4839 3112 4876 nemo
3144 4823 3266 4876 sine
3310 4831 3538 4890 peccato

1961 4927 2046 4974 est
2082 4927 2282 4988 prmter
2317 4918 2495 4971 solum
2538 4917 2733 4976 Deum,
2765 4915 2994 4967 evidens
3023 4922 3106 4966 est
3136 4913 3306 4966 Deum
3345 4927 3534 4965 verum

1961 5025 2082 5064 esse
2107 5024 2270 5078 quem
2300 5023 2399 5060 vos
2429 5006 2816 5066 eruealixistis;
2851 5006 3196 5073 iniquitatem
3227 5003 3374 5056 enim
3423 5016 3532 5052 non

1937 5098 2110 5175 fecit,
2144 5115 2322 5167 neque
2357 5097 2613 5150 inventus
2653 5104 2730 5148 est
2767 5095 2925 5149 dolus
2958 5095 3011 5146 in
3042 5108 3134 5144 ore
3166 5093 3304 5160 ejus.
3340 5089 3533 5140 Videa-

1959 5204 2084 5242 mus
2128 5199 2311 5242 autem
2364 5186 2494 5256 quid
2550 5195 2812 5256 praeterea
2863 5184 3145 5253 propheta:
3197 5182 3264 5232 de
3311 5177 3533 5231 Christo

1958 5288 2148 5333 nostro
2198 5293 2358 5347 passo
2401 5277 2625 5340 dicant;
2681 5286 2862 5328 utrum
2910 5283 3164 5340 tanquam
3213 5268 3530 5321 malefacto-

1960 5387 2094 5434 rem,
2123 5387 2190 5424 an
2219 5381 2478 5438 tanquam
2507 5368 2798 5422 Dominum
2852 5363 3096 5417 indicant
3140 5359 3334 5413 illum?
3374 5355 3527 5410 brevi

1952 5463 2099 5516 enim
2132 5460 2487 5516 multitudine
2513 5457 2904 5527 prophetarum
2933 5451 3310 5509 movebimini,
3330 5459 3386 5502 et
3409 5457 3528 5502 tan-

261 5547 548 5614 φιμοῦσθε
591 5547 777 5603 λοιπὸν
809 5553 906 5604 τοῦ
935 5553 1115 5621 λέγειν
1147 5555 1288 5606 κατὰ
1318 5555 1555 5623 Χριστοῦ
1591 5555 1684 5608 καὶ
1711 5557 1871 5625 Χριέ

1977 5555 2077 5607 lem
2129 5569 2225 5608 vos
2275 5550 2502 5621 pudebit
2539 5557 2725 5601 contra
2765 5545 3041 5600 Christum
3081 5552 3136 5598 et
3180 5540 3523 5596 Christianus

324 5721 367 5748 "
405 5723 649 5790 lsa.u,5.
727 5726 866 5780 ’,ιβιδ
895 5727 1072 5790 sumi.
1153 5728 1292 5781 Ἴδα.
1320 5725 1574 5793 ι.ιιι,ίί,7.
