  <div class='ocr_page' id='page_1' title='image "/cluster/home/n/w/nwhite01/storage/ocr_20150623/89/mdp.39015008868328/649.png"; bbox 0 0 3988 6142; ppageno 0'>
   <div class='ocr_carea' id='block_1_1' title="bbox 455 333 592 397">
    <p class='ocr_par' dir='ltr' id='par_1_1' title="bbox 455 333 592 397">
     <span class='ocr_line' id='line_1_1' title="bbox 455 333 592 397; baseline -0.007 -3"><span class='ocrx_word' id='word_1_1' title='bbox 455 333 592 397; x_wconf 57' lang='grc'><strong>1243</strong></span> 
     </span>
    </p>
   </div>
   <div class='ocr_carea' id='block_1_2' title="bbox 1611 309 2477 381">
    <p class='ocr_par' dir='ltr' id='par_1_2' title="bbox 1611 309 2477 381">
     <span class='ocr_line' id='line_1_2' title="bbox 1611 309 2477 381; baseline -0.017 0"><span class='ocrx_word' id='word_1_2' title='bbox 1611 325 1670 381; x_wconf 86' lang='lat' dir='ltr'><strong>S.</strong></span> <span class='ocrx_word' id='word_1_3' title='bbox 1713 314 2109 378; x_wconf 63' lang='lat' dir='ltr'><strong>ANASTASII</strong></span> <span class='ocrx_word' id='word_1_4' title='bbox 2151 309 2477 370; x_wconf 59' lang='lat' dir='ltr'><strong>SINAITJ‘I</strong></span> 
     </span>
    </p>
   </div>
   <div class='ocr_carea' id='block_1_3' title="bbox 3571 283 3702 345">
    <p class='ocr_par' dir='ltr' id='par_1_3' title="bbox 3571 283 3702 345">
     <span class='ocr_line' id='line_1_3' title="bbox 3571 283 3702 345; baseline -0.008 0"><span class='ocrx_word' id='word_1_5' title='bbox 3571 283 3702 345; x_wconf 73' lang='grc'><strong>1214</strong></span> 
     </span>
    </p>
   </div>
   <div class='ocr_carea' id='block_1_4' title="bbox 454 393 2033 508">
    <p class='ocr_par' dir='ltr' id='par_1_4' title="bbox 454 425 2032 508">
     <span class='ocr_line' id='line_1_4' title="bbox 454 425 2032 508; baseline -0.013 -14"><span class='ocrx_word' id='word_1_6' title='bbox 454 442 627 508; x_wconf 83' lang='lat' dir='ltr'><strong>loqui.</strong></span> <span class='ocrx_word' id='word_1_7' title='bbox 662 440 804 494; x_wconf 79' lang='lat' dir='ltr'><strong>Ecce</strong></span> <span class='ocrx_word' id='word_1_8' title='bbox 843 437 992 491; x_wconf 86' lang='lat' dir='ltr'><strong>enim</strong></span> <span class='ocrx_word' id='word_1_9' title='bbox 1037 435 1275 504; x_wconf 76' lang='lat' dir='ltr'><strong>qualiter</strong></span> <span class='ocrx_word' id='word_1_10' title='bbox 1319 431 1386 484; x_wconf 91' lang='lat' dir='ltr'><strong>de</strong></span> <span class='ocrx_word' id='word_1_11' title='bbox 1431 428 1637 484; x_wconf 86' lang='lat' dir='ltr'><strong>Christi</strong></span> <span class='ocrx_word' id='word_1_12' title='bbox 1689 425 2032 482; x_wconf 85' lang='lat' dir='ltr'><strong>venditione,</strong></span> 
     </span>
    </p>
   </div>
   <div class='ocr_carea' id='block_1_5' title="bbox 2137 393 3701 508">
    <p class='ocr_par' dir='ltr' id='par_1_5' title="bbox 2139 393 3701 481">
     <span class='ocr_line' id='line_1_5' title="bbox 2139 393 3701 481; baseline -0.015 -11"><span class='ocrx_word' id='word_1_13' title='bbox 2139 418 2372 470; x_wconf 73' lang='grc' dir='ltr'>στιανῶν</span> <span class='ocrx_word' id='word_1_14' title='bbox 2391 432 2405 446; x_wconf 82' lang='grc'><em>’</em></span> <span class='ocrx_word' id='word_1_15' title='bbox 2465 412 2576 467; x_wconf 79' lang='grc' dir='ltr'>ἰδοῦ</span> <span class='ocrx_word' id='word_1_16' title='bbox 2607 412 2716 481; x_wconf 75' lang='grc' dir='ltr'><strong>γὰρ</strong></span> <span class='ocrx_word' id='word_1_17' title='bbox 2747 407 3006 469; x_wconf 81' lang='grc' dir='ltr'><strong>ὡσαύτως</strong></span> <span class='ocrx_word' id='word_1_18' title='bbox 3041 404 3173 461; x_wconf 77' lang='grc' dir='ltr'>περὶ</span> <span class='ocrx_word' id='word_1_19' title='bbox 3203 405 3302 472; x_wconf 73' lang='grc' dir='ltr'>τῆς</span> <span class='ocrx_word' id='word_1_20' title='bbox 3333 398 3585 470; x_wconf 78' lang='grc' dir='ltr'><strong>πράσεως</strong></span> <span class='ocrx_word' id='word_1_21' title='bbox 3612 393 3701 448; x_wconf 87' lang='grc' dir='ltr'><strong>τοῦ</strong></span> 
     </span>
    </p>
   </div>
   <div class='ocr_carea' id='block_1_6' title="bbox 454 517 2029 600">
    <p class='ocr_par' dir='ltr' id='par_1_6' title="bbox 454 517 2029 600">
     <span class='ocr_line' id='line_1_6' title="bbox 454 517 2029 600; baseline -0.013 -14"><span class='ocrx_word' id='word_1_22' title='bbox 454 543 507 586; x_wconf 92' lang='lat' dir='ltr'><strong>at</strong></span> <span class='ocrx_word' id='word_1_23' title='bbox 539 531 760 600; x_wconf 87' lang='lat' dir='ltr'><strong>triginta</strong></span> <span class='ocrx_word' id='word_1_24' title='bbox 787 536 1170 597; x_wconf 72' lang='lat' dir='ltr'><strong>argenteorum</strong></span> <span class='ocrx_word' id='word_1_25' title='bbox 1198 525 1321 589; x_wconf 87' lang='lat' dir='ltr'><strong>ejus</strong></span> <span class='ocrx_word' id='word_1_26' title='bbox 1339 519 1702 574; x_wconf 66' lang='lat' dir='ltr'><strong>aestimatione</strong></span> <span class='ocrx_word' id='word_1_27' title='bbox 1734 517 2029 569; x_wconf 72' lang='lat' dir='ltr'><strong>Zacharias</strong></span> 
     </span>
    </p>
   </div>
   <div class='ocr_carea' id='block_1_7' title="bbox 453 609 2032 688">
    <p class='ocr_par' dir='ltr' id='par_1_7' title="bbox 453 609 2032 688">
     <span class='ocr_line' id='line_1_7' title="bbox 453 609 2032 688; baseline -0.013 -10"><span class='ocrx_word' id='word_1_28' title='bbox 453 632 510 678; x_wconf 90' lang='lat' dir='ltr'><strong>et</strong></span> <span class='ocrx_word' id='word_1_29' title='bbox 543 621 814 677; x_wconf 85' lang='lat' dir='ltr'><strong>Jeremias</strong></span> <span class='ocrx_word' id='word_1_30' title='bbox 869 618 1153 688; x_wconf 66' lang='lat' dir='ltr'><strong>prophetae</strong></span> <span class='ocrx_word' id='word_1_31' title='bbox 1214 615 1558 682; x_wconf 89' lang='lat' dir='ltr'><strong>loquuntur:</strong></span> <span class='ocrx_word' id='word_1_32' title='bbox 1614 629 1630 660; x_wconf 79' lang='grc' dir='ltr'><strong>ι</strong></span> <span class='ocrx_word' id='word_1_33' title='bbox 1685 609 1752 661; x_wconf 87' lang='lat' dir='ltr'><strong>Et</strong></span> <span class='ocrx_word' id='word_1_34' title='bbox 1804 621 2032 674; x_wconf 88' lang='lat' dir='ltr'><strong>accepe-</strong></span> 
     </span>
    </p>
   </div>
   <div class='ocr_carea' id='block_1_8' title="bbox 355 697 2027 780">
    <p class='ocr_par' dir='ltr' id='par_1_8' title="bbox 355 697 2027 780">
     <span class='ocr_line' id='line_1_8' title="bbox 355 697 2027 780; baseline -0.012 -14"><span class='ocrx_word' id='word_1_35' title='bbox 355 705 362 724; x_wconf 70' lang='grc'>¹</span> <span class='ocrx_word' id='word_1_36' title='bbox 457 723 586 765; x_wconf 90' lang='lat' dir='ltr'><strong>runt</strong></span> <span class='ocrx_word' id='word_1_37' title='bbox 635 710 856 780; x_wconf 91' lang='lat' dir='ltr'><strong>triginta</strong></span> <span class='ocrx_word' id='word_1_38' title='bbox 911 714 1170 776; x_wconf 84' lang='lat' dir='ltr'><strong>argentea</strong></span> <span class='ocrx_word' id='word_1_39' title='bbox 1227 704 1464 772; x_wconf 75' lang='lat' dir='ltr'><strong>pretium</strong></span> <span class='ocrx_word' id='word_1_40' title='bbox 1521 697 1812 767; x_wconf 89' lang='lat' dir='ltr'><strong>appreliati</strong></span> <span class='ocrx_word' id='word_1_41' title='bbox 1865 710 2027 764; x_wconf 88' lang='lat' dir='ltr'><strong>quem</strong></span> 
     </span>
    </p>
   </div>
   <div class='ocr_carea' id='block_1_9' title="bbox 455 789 2030 871">
    <p class='ocr_par' dir='ltr' id='par_1_9' title="bbox 455 789 2030 871">
     <span class='ocr_line' id='line_1_9' title="bbox 455 789 2030 871; baseline -0.011 -16"><span class='ocrx_word' id='word_1_42' title='bbox 455 801 907 871; x_wconf 87' lang='lat' dir='ltr'><strong>appretiaverunt</strong></span> <span class='ocrx_word' id='word_1_43' title='bbox 937 796 1035 850; x_wconf 83' lang='lat' dir='ltr'><strong>lilii</strong></span> <span class='ocrx_word' id='word_1_44' title='bbox 1069 795 1256 859; x_wconf 88' lang='lat' dir='ltr'><strong>lsrael,</strong></span> <span class='ocrx_word' id='word_1_45' title='bbox 1283 806 1341 848; x_wconf 91' lang='lat' dir='ltr'><strong>et</strong></span> <span class='ocrx_word' id='word_1_46' title='bbox 1366 792 1636 846; x_wconf 88' lang='lat' dir='ltr'><strong>dederunt</strong></span> <span class='ocrx_word' id='word_1_47' title='bbox 1660 804 1724 842; x_wconf 91' lang='lat' dir='ltr'><strong>ea</strong></span> <span class='ocrx_word' id='word_1_48' title='bbox 1750 789 1805 841; x_wconf 91' lang='lat' dir='ltr'><strong>in</strong></span> <span class='ocrx_word' id='word_1_49' title='bbox 1839 801 2030 856; x_wconf 84' lang='lat' dir='ltr'><strong>agrum</strong></span> 
     </span>
    </p>
   </div>
   <div class='ocr_carea' id='block_1_10' title="bbox 457 879 2030 964">
    <p class='ocr_par' dir='ltr' id='par_1_10' title="bbox 457 879 2030 964">
     <span class='ocr_line' id='line_1_10' title="bbox 457 879 2030 964; baseline -0.011 -16"><span class='ocrx_word' id='word_1_50' title='bbox 457 894 608 964; x_wconf 85' lang='lat' dir='ltr'><strong>ﬁguli</strong></span> <span class='ocrx_word' id='word_1_51' title='bbox 639 893 694 946; x_wconf 93' lang='lat' dir='ltr'><strong>in</strong></span> <span class='ocrx_word' id='word_1_52' title='bbox 727 891 1062 960; x_wconf 76' lang='lat' dir='ltr'><strong>sepulturam</strong></span> <span class='ocrx_word' id='word_1_53' title='bbox 1093 884 1566 955; x_wconf 66' lang='lat' dir='ltr'><strong>peregrinorum‘.</strong></span> <span class='ocrx_word' id='word_1_54' title='bbox 1605 901 1622 931; x_wconf 71' lang='grc' dir='ltr'><strong>ι</strong></span> <span class='ocrx_word' id='word_1_55' title='bbox 1661 879 1816 944; x_wconf 82' lang='lat' dir='ltr'><strong>Quod</strong></span> <span class='ocrx_word' id='word_1_56' title='bbox 1848 887 2030 930; x_wconf 90' lang='lat' dir='ltr'><strong>autem</strong></span> 
     </span>
    </p>
   </div>
   <div class='ocr_carea' id='block_1_11' title="bbox 459 971 2031 1041">
    <p class='ocr_par' dir='ltr' id='par_1_11' title="bbox 459 971 2031 1041">
     <span class='ocr_line' id='line_1_11' title="bbox 459 971 2031 1041; baseline -0.012 -1"><span class='ocrx_word' id='word_1_57' title='bbox 459 987 654 1041; x_wconf 83' lang='lat' dir='ltr'><strong>falsum</strong></span> <span class='ocrx_word' id='word_1_58' title='bbox 692 984 1070 1038; x_wconf 89' lang='lat' dir='ltr'><strong>testimonium</strong></span> <span class='ocrx_word' id='word_1_59' title='bbox 1097 979 1370 1033; x_wconf 88' lang='lat' dir='ltr'><strong>dederunt</strong></span> <span class='ocrx_word' id='word_1_60' title='bbox 1395 975 1462 1029; x_wconf 89' lang='lat' dir='ltr'><strong>de</strong></span> <span class='ocrx_word' id='word_1_61' title='bbox 1500 975 1595 1027; x_wconf 92' lang='lat' dir='ltr'><strong>illo</strong></span> <span class='ocrx_word' id='word_1_62' title='bbox 1623 971 1794 1028; x_wconf 64' lang='lat' dir='ltr'><strong>Judaei</strong></span> <span class='ocrx_word' id='word_1_63' title='bbox 1827 971 1882 1024; x_wconf 92' lang='lat' dir='ltr'><strong>in</strong></span> <span class='ocrx_word' id='word_1_64' title='bbox 1908 984 2031 1038; x_wconf 83' lang='lat' dir='ltr'><strong>pas-</strong></span> 
     </span>
    </p>
   </div>
   <div class='ocr_carea' id='block_1_12' title="bbox 459 1061 2033 1142">
    <p class='ocr_par' dir='ltr' id='par_1_12' title="bbox 459 1061 2033 1142">
     <span class='ocr_line' id='line_1_12' title="bbox 459 1061 2033 1142; baseline -0.012 -11"><span class='ocrx_word' id='word_1_65' title='bbox 459 1077 634 1131; x_wconf 87' lang='lat' dir='ltr'><strong>sionis</strong></span> <span class='ocrx_word' id='word_1_66' title='bbox 657 1084 925 1142; x_wconf 89' lang='lat' dir='ltr'><strong>tempore,</strong></span> <span class='ocrx_word' id='word_1_67' title='bbox 954 1071 1195 1140; x_wconf 86' lang='lat' dir='ltr'><strong>psalmus</strong></span> <span class='ocrx_word' id='word_1_68' title='bbox 1220 1068 1357 1121; x_wconf 84' lang='lat' dir='ltr'><strong>dicit</strong></span> <span class='ocrx_word' id='word_1_69' title='bbox 1381 1083 1393 1118; x_wconf 90' lang='lat'>:</span> <span class='ocrx_word' id='word_1_70' title='bbox 1437 1084 1454 1116; x_wconf 80' lang='grc' dir='ltr'><strong>ι</strong></span> <span class='ocrx_word' id='word_1_71' title='bbox 1492 1065 1844 1132; x_wconf 85' lang='lat' dir='ltr'><strong>Insurgentes</strong></span> <span class='ocrx_word' id='word_1_72' title='bbox 1869 1061 1922 1114; x_wconf 85' lang='lat' dir='ltr'><strong>in</strong></span> <span class='ocrx_word' id='word_1_73' title='bbox 1946 1075 2033 1113; x_wconf 87' lang='lat' dir='ltr'><strong>me</strong></span> 
     </span>
    </p>
   </div>
   <div class='ocr_carea' id='block_1_13' title="bbox 460 1152 2032 1234">
    <p class='ocr_par' dir='ltr' id='par_1_13' title="bbox 460 1152 2032 1234">
     <span class='ocr_line' id='line_1_13' title="bbox 460 1152 2032 1234; baseline -0.012 -13"><span class='ocrx_word' id='word_1_74' title='bbox 460 1177 631 1221; x_wconf 86' lang='lat' dir='ltr'><strong>testes</strong></span> <span class='ocrx_word' id='word_1_75' title='bbox 659 1165 858 1234; x_wconf 86' lang='lat' dir='ltr'><strong>iniqui,</strong></span> <span class='ocrx_word' id='word_1_76' title='bbox 899 1178 1020 1231; x_wconf 77' lang='lat' dir='ltr'><strong>quae</strong></span> <span class='ocrx_word' id='word_1_77' title='bbox 1074 1159 1400 1230; x_wconf 81' lang='lat' dir='ltr'><strong>ignorabant</strong></span> <span class='ocrx_word' id='word_1_78' title='bbox 1449 1152 1863 1223; x_wconf 81' lang='lat' dir='ltr'><strong>interrogabant</strong></span> <span class='ocrx_word' id='word_1_79' title='bbox 1912 1165 2032 1215; x_wconf 89' lang='lat' dir='ltr'><strong>me;</strong></span> 
     </span>
    </p>
   </div>
   <div class='ocr_carea' id='block_1_14' title="bbox 462 1244 1596 1317">
    <p class='ocr_par' dir='ltr' id='par_1_14' title="bbox 462 1244 1596 1317">
     <span class='ocr_line' id='line_1_14' title="bbox 462 1244 1596 1317; baseline -0.018 -5"><span class='ocrx_word' id='word_1_80' title='bbox 462 1257 843 1311; x_wconf 87' lang='lat' dir='ltr'><strong>retribuerunt</strong></span> <span class='ocrx_word' id='word_1_81' title='bbox 868 1250 1003 1304; x_wconf 90' lang='lat' dir='ltr'><strong>mihi</strong></span> <span class='ocrx_word' id='word_1_82' title='bbox 1031 1250 1171 1303; x_wconf 90' lang='lat' dir='ltr'><strong>maia</strong></span> <span class='ocrx_word' id='word_1_83' title='bbox 1198 1263 1299 1317; x_wconf 90' lang='lat' dir='ltr'><strong>pro</strong></span> <span class='ocrx_word' id='word_1_84' title='bbox 1326 1244 1541 1298; x_wconf 83' lang='lat' dir='ltr'><strong>bonis&quot;.</strong></span> <span class='ocrx_word' id='word_1_85' title='bbox 1578 1261 1596 1292; x_wconf 74' lang='grc' dir='ltr'><strong>ι</strong></span> 
     </span>
    </p>
   </div>
   <div class='ocr_carea' id='block_1_15' title="bbox 531 1418 2038 1503">
    <p class='ocr_par' dir='ltr' id='par_1_15' title="bbox 531 1418 2038 1503">
     <span class='ocr_line' id='line_1_15' title="bbox 531 1418 2038 1503; baseline -0.014 -16"><span class='ocrx_word' id='word_1_86' title='bbox 531 1435 598 1488; x_wconf 87' lang='grc' dir='ltr'><strong>Ει</strong></span> <span class='ocrx_word' id='word_1_87' title='bbox 632 1433 780 1503; x_wconf 90' lang='lat' dir='ltr'><strong>quod</strong></span> <span class='ocrx_word' id='word_1_88' title='bbox 826 1433 974 1485; x_wconf 90' lang='lat' dir='ltr'><strong>ultro</strong></span> <span class='ocrx_word' id='word_1_89' title='bbox 1020 1428 1134 1482; x_wconf 70' lang='lat' dir='ltr'><strong>haec</strong></span> <span class='ocrx_word' id='word_1_90' title='bbox 1174 1425 1348 1479; x_wconf 87' lang='lat' dir='ltr'><strong>voluit</strong></span> <span class='ocrx_word' id='word_1_91' title='bbox 1388 1421 1523 1492; x_wconf 86' lang='lat' dir='ltr'><strong>pati,</strong></span> <span class='ocrx_word' id='word_1_92' title='bbox 1552 1435 1662 1473; x_wconf 90' lang='lat' dir='ltr'><strong>non</strong></span> <span class='ocrx_word' id='word_1_93' title='bbox 1696 1418 1886 1479; x_wconf 80' lang='lat' dir='ltr'><strong>invite,</strong></span> <span class='ocrx_word' id='word_1_94' title='bbox 1912 1429 2038 1484; x_wconf 86' lang='lat' dir='ltr'><strong>pro-</strong></span> 
     </span>
    </p>
   </div>
   <div class='ocr_carea' id='block_1_16' title="bbox 461 1505 2034 1596">
    <p class='ocr_par' dir='ltr' id='par_1_16' title="bbox 461 1505 2034 1596">
     <span class='ocr_line' id='line_1_16' title="bbox 461 1505 2034 1596; baseline -0.015 -16"><span class='ocrx_word' id='word_1_95' title='bbox 461 1528 623 1596; x_wconf 82' lang='lat' dir='ltr'><strong>pheta</strong></span> <span class='ocrx_word' id='word_1_96' title='bbox 670 1524 806 1579; x_wconf 88' lang='lat' dir='ltr'><strong>dicit</strong></span> <span class='ocrx_word' id='word_1_97' title='bbox 855 1539 868 1574; x_wconf 92' lang='lat'>:</span> <span class='ocrx_word' id='word_1_98' title='bbox 930 1540 948 1571; x_wconf 83' lang='grc'><strong>‹</strong></span> <span class='ocrx_word' id='word_1_99' title='bbox 984 1519 1219 1588; x_wconf 86' lang='lat' dir='ltr'><strong>Tergum</strong></span> <span class='ocrx_word' id='word_1_100' title='bbox 1279 1527 1460 1568; x_wconf 90' lang='lat' dir='ltr'><strong>meum</strong></span> <span class='ocrx_word' id='word_1_101' title='bbox 1508 1510 1637 1564; x_wconf 83' lang='lat' dir='ltr'><strong>dedi</strong></span> <span class='ocrx_word' id='word_1_102' title='bbox 1695 1510 1748 1562; x_wconf 91' lang='lat' dir='ltr'><strong>in</strong></span> <span class='ocrx_word' id='word_1_103' title='bbox 1801 1505 2034 1575; x_wconf 83' lang='lat' dir='ltr'><strong>ﬂagella,</strong></span> 
     </span>
    </p>
   </div>
   <div class='ocr_carea' id='block_1_17' title="bbox 458 1601 2036 1674">
    <p class='ocr_par' dir='ltr' id='par_1_17' title="bbox 458 1601 2036 1674">
     <span class='ocr_line' id='line_1_17' title="bbox 458 1601 2036 1674; baseline -0.015 -3"><span class='ocrx_word' id='word_1_104' title='bbox 458 1627 513 1671; x_wconf 88' lang='lat' dir='ltr'><strong>et</strong></span> <span class='ocrx_word' id='word_1_105' title='bbox 568 1615 816 1670; x_wconf 80' lang='lat' dir='ltr'><strong>maxillas</strong></span> <span class='ocrx_word' id='word_1_106' title='bbox 876 1625 1026 1665; x_wconf 90' lang='lat' dir='ltr'><strong>meas</strong></span> <span class='ocrx_word' id='word_1_107' title='bbox 1081 1610 1135 1662; x_wconf 91' lang='lat' dir='ltr'><strong>in</strong></span> <span class='ocrx_word' id='word_1_108' title='bbox 1189 1606 1408 1674; x_wconf 88' lang='lat' dir='ltr'><strong>alapas;</strong></span> <span class='ocrx_word' id='word_1_109' title='bbox 1464 1601 1631 1655; x_wconf 82' lang='lat' dir='ltr'><strong>facies</strong></span> <span class='ocrx_word' id='word_1_110' title='bbox 1681 1607 1864 1652; x_wconf 91' lang='lat' dir='ltr'><strong>autem</strong></span> <span class='ocrx_word' id='word_1_111' title='bbox 1916 1611 2036 1648; x_wconf 85' lang='lat' dir='ltr'><strong>mea</strong></span> 
     </span>
    </p>
   </div>
   <div class='ocr_carea' id='block_1_18' title="bbox 458 1685 2035 1766">
    <p class='ocr_par' dir='ltr' id='par_1_18' title="bbox 458 1685 2035 1766">
     <span class='ocr_line' id='line_1_18' title="bbox 458 1685 2035 1766; baseline -0.016 -4"><span class='ocrx_word' id='word_1_112' title='bbox 458 1723 568 1762; x_wconf 88' lang='lat' dir='ltr'><strong>non</strong></span> <span class='ocrx_word' id='word_1_113' title='bbox 612 1720 803 1760; x_wconf 88' lang='lat' dir='ltr'><strong>aversa</strong></span> <span class='ocrx_word' id='word_1_114' title='bbox 850 1712 935 1756; x_wconf 89' lang='lat' dir='ltr'><strong>est</strong></span> <span class='ocrx_word' id='word_1_115' title='bbox 965 1700 1032 1754; x_wconf 91' lang='lat' dir='ltr'><strong>ad</strong></span> <span class='ocrx_word' id='word_1_116' title='bbox 1077 1696 1375 1766; x_wconf 88' lang='lat' dir='ltr'><strong>opprobria</strong></span> <span class='ocrx_word' id='word_1_117' title='bbox 1409 1701 1718 1761; x_wconf 90' lang='lat' dir='ltr'><strong>sputorum,</strong></span> <span class='ocrx_word' id='word_1_118' title='bbox 1754 1697 1809 1742; x_wconf 89' lang='lat' dir='ltr'><strong>et</strong></span> <span class='ocrx_word' id='word_1_119' title='bbox 1857 1685 2035 1756; x_wconf 88' lang='lat' dir='ltr'><strong>sputis</strong></span> 
     </span>
    </p>
   </div>
   <div class='ocr_carea' id='block_1_19' title="bbox 2132 489 3702 580">
    <p class='ocr_par' dir='ltr' id='par_1_19' title="bbox 2132 489 3702 580">
     <span class='ocr_line' id='line_1_19' title="bbox 2132 489 3702 580; baseline -0.016 -18"><span class='ocrx_word' id='word_1_120' title='bbox 2132 507 2374 580; x_wconf 75' lang='grc' dir='ltr'><strong>Χριστοῦ</strong></span> <span class='ocrx_word' id='word_1_121' title='bbox 2429 505 2526 558; x_wconf 62' lang='grc' dir='ltr'><strong>καὶ⁵</strong></span> <span class='ocrx_word' id='word_1_122' title='bbox 2572 505 2681 556; x_wconf 89' lang='grc' dir='ltr'><strong>τῶν</strong></span> <span class='ocrx_word' id='word_1_123' title='bbox 2727 501 3022 572; x_wconf 85' lang='grc' dir='ltr'>τριάκοντα</span> <span class='ocrx_word' id='word_1_124' title='bbox 3067 495 3350 567; x_wconf 76' lang='grc' dir='ltr'><strong>ἀργυρίων</strong></span> <span class='ocrx_word' id='word_1_125' title='bbox 3399 490 3498 559; x_wconf 83' lang='grc' dir='ltr'>τῆς</span> <span class='ocrx_word' id='word_1_126' title='bbox 3539 489 3702 555; x_wconf 67' lang='grc' dir='ltr'>τιμῆς</span> 
     </span>
    </p>
   </div>
   <div class='ocr_carea' id='block_1_20' title="bbox 2130 581 3699 667">
    <p class='ocr_par' dir='ltr' id='par_1_20' title="bbox 2130 581 3699 667">
     <span class='ocr_line' id='line_1_20' title="bbox 2130 581 3699 667; baseline -0.013 -15"><span class='ocrx_word' id='word_1_127' title='bbox 2130 599 2294 652; x_wconf 84' lang='grc' dir='ltr'>αὑτοῦ</span> <span class='ocrx_word' id='word_1_128' title='bbox 2330 597 2602 667; x_wconf 81' lang='grc' dir='ltr'><strong>Ζαχαρίας</strong></span> <span class='ocrx_word' id='word_1_129' title='bbox 2636 595 2728 647; x_wconf 70' lang='grc' dir='ltr'>καὶ</span> <span class='ocrx_word' id='word_1_130' title='bbox 2762 591 3026 662; x_wconf 73' lang='grc' dir='ltr'><strong>Ἱερεμίας</strong></span> <span class='ocrx_word' id='word_1_131' title='bbox 3061 590 3111 640; x_wconf 85' lang='grc' dir='ltr'>οἱ</span> <span class='ocrx_word' id='word_1_132' title='bbox 3146 586 3422 656; x_wconf 78' lang='grc' dir='ltr'><strong>προφῆται</strong></span> <span class='ocrx_word' id='word_1_133' title='bbox 3460 581 3699 649; x_wconf 86' lang='grc' dir='ltr'>λέγουσι·</span> 
     </span>
    </p>
   </div>
   <div class='ocr_carea' id='block_1_21' title="bbox 2139 669 3704 754">
    <p class='ocr_par' dir='ltr' id='par_1_21' title="bbox 2139 669 3704 754">
     <span class='ocr_line' id='line_1_21' title="bbox 2139 669 3704 754; baseline -0.012 -14"><span class='ocrx_word' id='word_1_134' title='bbox 2139 709 2157 740; x_wconf 80' lang='grc' dir='ltr'><strong>ι</strong></span> <span class='ocrx_word' id='word_1_135' title='bbox 2192 689 2303 742; x_wconf 85' lang='lat' dir='ltr'><strong>Kal.</strong></span> <span class='ocrx_word' id='word_1_136' title='bbox 2335 688 2534 740; x_wconf 76' lang='grc' dir='ltr'>ἔλαϐον</span> <span class='ocrx_word' id='word_1_137' title='bbox 2581 687 2650 739; x_wconf 86' lang='grc' dir='ltr'><strong>τά</strong></span> <span class='ocrx_word' id='word_1_138' title='bbox 2678 684 2974 754; x_wconf 86' lang='grc' dir='ltr'>τριάκοντα</span> <span class='ocrx_word' id='word_1_139' title='bbox 2998 680 3240 751; x_wconf 81' lang='grc' dir='ltr'>ἀργύρια</span> <span class='ocrx_word' id='word_1_140' title='bbox 3275 678 3376 748; x_wconf 77' lang='grc' dir='ltr'>τὴν</span> <span class='ocrx_word' id='word_1_141' title='bbox 3407 674 3573 742; x_wconf 80' lang='grc' dir='ltr'>τιμὴν</span> <span class='ocrx_word' id='word_1_142' title='bbox 3609 669 3704 723; x_wconf 87' lang='grc' dir='ltr'><strong>τοῦ</strong></span> 
     </span>
    </p>
   </div>
   <div class='ocr_carea' id='block_1_22' title="bbox 2131 762 3705 848">
    <p class='ocr_par' dir='ltr' id='par_1_22' title="bbox 2131 762 3705 848">
     <span class='ocr_line' id='line_1_22' title="bbox 2131 762 3705 848; baseline -0.011 -17"><span class='ocrx_word' id='word_1_143' title='bbox 2131 778 2502 848; x_wconf 77' lang='grc' dir='ltr'><strong>τετιμημένου</strong></span> <span class='ocrx_word' id='word_1_144' title='bbox 2554 777 2612 829; x_wconf 81' lang='grc' dir='ltr'>ὃν</span> <span class='ocrx_word' id='word_1_145' title='bbox 2659 776 2990 844; x_wconf 76' lang='grc' dir='ltr'><strong>ἐτιμήσαντο</strong></span> <span class='ocrx_word' id='word_1_146' title='bbox 3045 771 3156 823; x_wconf 80' lang='grc' dir='ltr'>ἀπὸ</span> <span class='ocrx_word' id='word_1_147' title='bbox 3183 767 3314 820; x_wconf 82' lang='grc' dir='ltr'>υἱῶν</span> <span class='ocrx_word' id='word_1_148' title='bbox 3340 763 3575 835; x_wconf 77' lang='grc' dir='ltr'>Ἰσραὴλ,</span> <span class='ocrx_word' id='word_1_149' title='bbox 3610 762 3705 814; x_wconf 74' lang='grc' dir='ltr'>καὶ</span> 
     </span>
    </p>
   </div>
   <div class='ocr_carea' id='block_1_23' title="bbox 2133 861 3706 939">
    <p class='ocr_par' dir='ltr' id='par_1_23' title="bbox 2133 861 3706 939">
     <span class='ocr_line' id='line_1_23' title="bbox 2133 861 3706 939; baseline -0.01 -13"><span class='ocrx_word' id='word_1_150' title='bbox 2133 874 2344 926; x_wconf 78' lang='grc' dir='ltr'>ἔδωκαν</span> <span class='ocrx_word' id='word_1_151' title='bbox 2371 873 2515 926; x_wconf 78' lang='grc' dir='ltr'>αὑτά</span> <span class='ocrx_word' id='word_1_152' title='bbox 2549 873 2628 934; x_wconf 89' lang='grc' dir='ltr'><strong>εἰς</strong></span> <span class='ocrx_word' id='word_1_153' title='bbox 2657 871 2749 924; x_wconf 80' lang='grc' dir='ltr'>τὸν</span> <span class='ocrx_word' id='word_1_154' title='bbox 2775 869 2946 939; x_wconf 75' lang='grc' dir='ltr'>ἀγρὸν</span> <span class='ocrx_word' id='word_1_155' title='bbox 2980 865 3076 920; x_wconf 86' lang='grc' dir='ltr'><strong>τοῦ</strong></span> <span class='ocrx_word' id='word_1_156' title='bbox 3105 863 3394 937; x_wconf 84' lang='grc' dir='ltr'><strong>κεραμέως</strong></span> <span class='ocrx_word' id='word_1_157' title='bbox 3425 864 3505 922; x_wconf 91' lang='grc' dir='ltr'><strong>εἰς</strong></span> <span class='ocrx_word' id='word_1_158' title='bbox 3529 861 3706 928; x_wconf 75' lang='grc' dir='ltr'>ταφὴν</span> 
     </span>
    </p>
   </div>
   <div class='ocr_carea' id='block_1_24' title="bbox 2131 951 3705 1028">
    <p class='ocr_par' dir='ltr' id='par_1_24' title="bbox 2131 951 3705 1028">
     <span class='ocr_line' id='line_1_24' title="bbox 2131 951 3705 1028; baseline -0.01 -12"><span class='ocrx_word' id='word_1_159' title='bbox 2131 966 2244 1026; x_wconf 82' lang='grc' dir='ltr'>τοῖς</span> <span class='ocrx_word' id='word_1_160' title='bbox 2275 963 2464 1028; x_wconf 81' lang='grc' dir='ltr'><strong>ξένοις.</strong></span> <span class='ocrx_word' id='word_1_161' title='bbox 2499 981 2518 1013; x_wconf 71' lang='grc' dir='ltr'><strong>ι</strong></span> <span class='ocrx_word' id='word_1_162' title='bbox 2569 962 2691 1014; x_wconf 88' lang='grc' dir='ltr'>’Ότι</span> <span class='ocrx_word' id='word_1_163' title='bbox 2717 959 2772 1012; x_wconf 83' lang='grc' dir='ltr'><strong>δέ</strong></span> <span class='ocrx_word' id='word_1_164' title='bbox 2799 959 2896 1012; x_wconf 70' lang='grc' dir='ltr'>καὶ</span> <span class='ocrx_word' id='word_1_165' title='bbox 2928 953 3405 1026; x_wconf 73' lang='grc' dir='ltr'>ψευδομαρτυρίαν</span> <span class='ocrx_word' id='word_1_166' title='bbox 3441 951 3705 1004; x_wconf 78' lang='grc' dir='ltr'><strong>δεδώκασι</strong></span> 
     </span>
    </p>
   </div>
   <div class='ocr_carea' id='block_1_25' title="bbox 2135 1040 3702 1116">
    <p class='ocr_par' dir='ltr' id='par_1_25' title="bbox 2135 1040 3702 1116">
     <span class='ocr_line' id='line_1_25' title="bbox 2135 1040 3702 1116; baseline -0.011 -9"><span class='ocrx_word' id='word_1_167' title='bbox 2135 1055 2256 1107; x_wconf 88' lang='grc' dir='ltr'>κατ’</span> <span class='ocrx_word' id='word_1_168' title='bbox 2301 1052 2471 1106; x_wconf 84' lang='grc' dir='ltr'>αὑτοῦ</span> <span class='ocrx_word' id='word_1_169' title='bbox 2523 1052 2574 1103; x_wconf 90' lang='grc' dir='ltr'><strong>οἰ</strong></span> <span class='ocrx_word' id='word_1_170' title='bbox 2614 1050 2862 1104; x_wconf 81' lang='grc' dir='ltr'>Ἰουδαῖοι</span> <span class='ocrx_word' id='word_1_171' title='bbox 2911 1048 2968 1099; x_wconf 82' lang='grc' dir='ltr'>ὲν</span> <span class='ocrx_word' id='word_1_172' title='bbox 3013 1047 3092 1116; x_wconf 86' lang='grc' dir='ltr'>τῷ</span> <span class='ocrx_word' id='word_1_173' title='bbox 3129 1044 3312 1114; x_wconf 82' lang='grc' dir='ltr'>καιρῷ</span> <span class='ocrx_word' id='word_1_174' title='bbox 3347 1041 3441 1095; x_wconf 89' lang='grc' dir='ltr'><strong>τοῦ</strong></span> <span class='ocrx_word' id='word_1_175' title='bbox 3478 1040 3702 1102; x_wconf 83' lang='grc' dir='ltr'>πάθους,</span> 
     </span>
    </p>
   </div>
   <div class='ocr_carea' id='block_1_26' title="bbox 2135 1133 3700 1213">
    <p class='ocr_par' dir='ltr' id='par_1_26' title="bbox 2135 1133 3700 1213">
     <span class='ocr_line' id='line_1_26' title="bbox 2135 1133 3700 1213; baseline -0.008 -17"><span class='ocrx_word' id='word_1_176' title='bbox 2135 1147 2163 1196; x_wconf 87' lang='lat'><strong>6</strong></span> <span class='ocrx_word' id='word_1_177' title='bbox 2186 1143 2402 1213; x_wconf 81' lang='grc' dir='ltr'>ψαλμὸς</span> <span class='ocrx_word' id='word_1_178' title='bbox 2443 1142 2616 1210; x_wconf 78' lang='grc' dir='ltr'>λέγει’</span> <span class='ocrx_word' id='word_1_179' title='bbox 2647 1159 2665 1191; x_wconf 80' lang='grc' dir='ltr'><strong>ι</strong></span> <span class='ocrx_word' id='word_1_180' title='bbox 2702 1139 3057 1200; x_wconf 85' lang='grc' dir='ltr'>’Λναστάντες</span> <span class='ocrx_word' id='word_1_181' title='bbox 3089 1155 3176 1206; x_wconf 90' lang='grc' dir='ltr'><strong>μοι</strong></span> <span class='ocrx_word' id='word_1_182' title='bbox 3208 1136 3483 1204; x_wconf 87' lang='grc' dir='ltr'>μάρτυρες</span> <span class='ocrx_word' id='word_1_183' title='bbox 3507 1133 3700 1192; x_wconf 74' lang='grc' dir='ltr'>ἄδικοι,</span> 
     </span>
    </p>
   </div>
   <div class='ocr_carea' id='block_1_27' title="bbox 2134 1221 3703 1300">
    <p class='ocr_par' dir='ltr' id='par_1_27' title="bbox 2134 1221 3703 1300">
     <span class='ocr_line' id='line_1_27' title="bbox 2134 1221 3703 1300; baseline -0.01 -12"><span class='ocrx_word' id='word_1_184' title='bbox 2134 1235 2171 1288; x_wconf 80' lang='grc' dir='ltr'><strong>ἆ</strong></span> <span class='ocrx_word' id='word_1_185' title='bbox 2216 1235 2316 1287; x_wconf 88' lang='grc' dir='ltr'><strong>οὑκ</strong></span> <span class='ocrx_word' id='word_1_186' title='bbox 2359 1233 2657 1297; x_wconf 73' lang='grc' dir='ltr'>ἐγίνωσκον</span> <span class='ocrx_word' id='word_1_187' title='bbox 2694 1228 2924 1300; x_wconf 80' lang='grc' dir='ltr'>ἠρώτων</span> <span class='ocrx_word' id='word_1_188' title='bbox 2970 1242 3070 1299; x_wconf 82' lang='grc' dir='ltr'>με’</span> <span class='ocrx_word' id='word_1_189' title='bbox 3125 1221 3544 1280; x_wconf 81' lang='grc' dir='ltr'>ἀνταπεδίδοσάν</span> <span class='ocrx_word' id='word_1_190' title='bbox 3616 1239 3703 1292; x_wconf 87' lang='grc' dir='ltr'><strong>μοι</strong></span> 
     </span>
    </p>
   </div>
   <div class='ocr_carea' id='block_1_28' title="bbox 2137 1326 2828 1401">
    <p class='ocr_par' dir='ltr' id='par_1_28' title="bbox 2137 1326 2828 1401">
     <span class='ocr_line' id='line_1_28' title="bbox 2137 1326 2828 1401; baseline -0.01 -16"><span class='ocrx_word' id='word_1_191' title='bbox 2137 1331 2352 1401; x_wconf 78' lang='grc' dir='ltr'>πονηρὰ</span> <span class='ocrx_word' id='word_1_192' title='bbox 2385 1329 2506 1382; x_wconf 72' lang='grc' dir='ltr'>ἀντὶ</span> <span class='ocrx_word' id='word_1_193' title='bbox 2531 1326 2774 1394; x_wconf 85' lang='grc' dir='ltr'>ἀγαθῶν.</span> <span class='ocrx_word' id='word_1_194' title='bbox 2808 1344 2828 1378; x_wconf 70' lang='grc' dir='ltr'><strong>ι</strong></span> 
     </span>
    </p>
   </div>
   <div class='ocr_carea' id='block_1_29' title="bbox 2207 1409 3706 1486">
    <p class='ocr_par' dir='ltr' id='par_1_29' title="bbox 2207 1409 3706 1486">
     <span class='ocr_line' id='line_1_29' title="bbox 2207 1409 3706 1486; baseline -0.01 -10"><span class='ocrx_word' id='word_1_195' title='bbox 2207 1424 2318 1476; x_wconf 82' lang='lat' dir='ltr'><strong>Kal</strong></span> <span class='ocrx_word' id='word_1_196' title='bbox 2351 1423 2433 1474; x_wconf 87' lang='grc' dir='ltr'>ὅτι</span> <span class='ocrx_word' id='word_1_197' title='bbox 2469 1420 2736 1482; x_wconf 81' lang='grc' dir='ltr'><strong>ἑκουσίως</strong></span> <span class='ocrx_word' id='word_1_198' title='bbox 2771 1417 2948 1472; x_wconf 87' lang='grc' dir='ltr'>ταῦτα</span> <span class='ocrx_word' id='word_1_199' title='bbox 2975 1415 3233 1486; x_wconf 68' lang='grc' dir='ltr'>ἠνέσχετο</span> <span class='ocrx_word' id='word_1_200' title='bbox 3259 1413 3451 1467; x_wconf 82' lang='grc' dir='ltr'>παθείν</span> <span class='ocrx_word' id='word_1_201' title='bbox 3485 1411 3580 1464; x_wconf 67' lang='grc' dir='ltr'>καὶ</span> <span class='ocrx_word' id='word_1_202' title='bbox 3606 1409 3706 1462; x_wconf 79' lang='grc' dir='ltr'><strong>οὑκ</strong></span> 
     </span>
    </p>
   </div>
   <div class='ocr_carea' id='block_1_30' title="bbox 2137 1503 3707 1585">
    <p class='ocr_par' dir='ltr' id='par_1_30' title="bbox 2137 1503 3707 1585">
     <span class='ocr_line' id='line_1_30' title="bbox 2137 1503 3707 1585; baseline -0.01 -16"><span class='ocrx_word' id='word_1_203' title='bbox 2137 1515 2435 1577; x_wconf 80' lang='grc' dir='ltr'>ἀκουσίως,</span> <span class='ocrx_word' id='word_1_204' title='bbox 2467 1516 2494 1568; x_wconf 96' lang='lat'><strong>6</strong></span> <span class='ocrx_word' id='word_1_205' title='bbox 2515 1513 2800 1585; x_wconf 82' lang='grc' dir='ltr'><strong>προφήτης</strong></span> <span class='ocrx_word' id='word_1_206' title='bbox 2826 1511 3005 1578; x_wconf 81' lang='grc' dir='ltr'><strong>λέγει·</strong></span> <span class='ocrx_word' id='word_1_207' title='bbox 3036 1527 3053 1560; x_wconf 86' lang='grc' dir='ltr'><strong>ι</strong></span> <span class='ocrx_word' id='word_1_208' title='bbox 3079 1508 3182 1561; x_wconf 82' lang='grc' dir='ltr'><strong>Τὸν</strong></span> <span class='ocrx_word' id='word_1_209' title='bbox 3200 1504 3368 1560; x_wconf 88' lang='grc' dir='ltr'>νῶτόν</span> <span class='ocrx_word' id='word_1_210' title='bbox 3401 1521 3503 1575; x_wconf 89' lang='grc' dir='ltr'><strong>μου</strong></span> <span class='ocrx_word' id='word_1_211' title='bbox 3529 1503 3707 1556; x_wconf 78' lang='grc' dir='ltr'>ἔδωκα</span> 
     </span>
    </p>
   </div>
   <div class='ocr_carea' id='block_1_31' title="bbox 2138 1596 3702 1674">
    <p class='ocr_par' dir='ltr' id='par_1_31' title="bbox 2138 1596 3702 1674">
     <span class='ocr_line' id='line_1_31' title="bbox 2138 1596 3702 1674; baseline -0.009 -15"><span class='ocrx_word' id='word_1_212' title='bbox 2138 1609 2215 1668; x_wconf 89' lang='grc' dir='ltr'><strong>εἰς</strong></span> <span class='ocrx_word' id='word_1_213' title='bbox 2249 1606 2543 1674; x_wconf 83' lang='grc' dir='ltr'>μάστιγας,</span> <span class='ocrx_word' id='word_1_214' title='bbox 2578 1604 2673 1658; x_wconf 61' lang='grc' dir='ltr'><strong>καί¹</strong></span> <span class='ocrx_word' id='word_1_215' title='bbox 2698 1604 2799 1667; x_wconf 87' lang='grc' dir='ltr'>τὰς</span> <span class='ocrx_word' id='word_1_216' title='bbox 2827 1601 3083 1670; x_wconf 88' lang='grc' dir='ltr'>σιαγόνας</span> <span class='ocrx_word' id='word_1_217' title='bbox 3111 1616 3213 1669; x_wconf 92' lang='grc' dir='ltr'><strong>μου</strong></span> <span class='ocrx_word' id='word_1_218' title='bbox 3243 1599 3322 1660; x_wconf 83' lang='grc' dir='ltr'><strong>εἰς</strong></span> <span class='ocrx_word' id='word_1_219' title='bbox 3350 1596 3702 1667; x_wconf 74' lang='grc' dir='ltr'>ῥαπίσματα·</span> 
     </span>
    </p>
   </div>
   <div class='ocr_carea' id='block_1_32' title="bbox 2137 1685 3708 1768">
    <p class='ocr_par' dir='ltr' id='par_1_32' title="bbox 2137 1685 3708 1768">
     <span class='ocr_line' id='line_1_32' title="bbox 2137 1685 3708 1768; baseline -0.01 -18"><span class='ocrx_word' id='word_1_220' title='bbox 2137 1697 2197 1750; x_wconf 85' lang='grc' dir='ltr'><strong>τὸ</strong></span> <span class='ocrx_word' id='word_1_221' title='bbox 2234 1698 2291 1752; x_wconf 85' lang='grc' dir='ltr'>δὲ</span> <span class='ocrx_word' id='word_1_222' title='bbox 2332 1696 2624 1768; x_wconf 86' lang='grc' dir='ltr'>πρόσωπόν</span> <span class='ocrx_word' id='word_1_223' title='bbox 2665 1713 2766 1765; x_wconf 91' lang='grc' dir='ltr'><strong>μου</strong></span> <span class='ocrx_word' id='word_1_224' title='bbox 2811 1695 2911 1746; x_wconf 87' lang='grc' dir='ltr'><strong>οὑκ</strong></span> <span class='ocrx_word' id='word_1_225' title='bbox 2945 1689 3272 1761; x_wconf 80' lang='grc' dir='ltr'><strong>ἀπεστράφη</strong></span> <span class='ocrx_word' id='word_1_226' title='bbox 3308 1687 3415 1740; x_wconf 74' lang='grc' dir='ltr'><strong>ἀπὸ</strong></span> <span class='ocrx_word' id='word_1_227' title='bbox 3443 1685 3708 1754; x_wconf 79' lang='grc' dir='ltr'>αἰσχύνης</span> 
     </span>
    </p>
   </div>
   <div class='ocr_carea' id='block_1_33' title="bbox 459 1762 2033 1861">
    <p class='ocr_par' dir='ltr' id='par_1_33' title="bbox 459 1782 2032 1861">
     <span class='ocr_line' id='line_1_33' title="bbox 459 1782 2032 1861; baseline -0.017 -6"><span class='ocrx_word' id='word_1_228' title='bbox 459 1798 755 1856; x_wconf 86' lang='lat' dir='ltr'><strong>immundis</strong></span> <span class='ocrx_word' id='word_1_229' title='bbox 793 1798 1168 1861; x_wconf 82' lang='lat' dir='ltr'><strong>conspuerunt</strong></span> <span class='ocrx_word' id='word_1_230' title='bbox 1205 1803 1292 1842; x_wconf 79' lang='lat' dir='ltr'><strong>me</strong></span> <span class='ocrx_word' id='word_1_231' title='bbox 1322 1788 1363 1839; x_wconf 81' lang='grc'><strong>⁸.</strong></span> <span class='ocrx_word' id='word_1_232' title='bbox 1397 1805 1414 1836; x_wconf 85' lang='grc'>›</span> <span class='ocrx_word' id='word_1_233' title='bbox 1452 1786 1527 1838; x_wconf 75' lang='lat' dir='ltr'><strong>lle</strong></span> <span class='ocrx_word' id='word_1_234' title='bbox 1578 1782 1783 1851; x_wconf 57' lang='lat' dir='ltr'><strong>spinea:</strong></span> <span class='ocrx_word' id='word_1_235' title='bbox 1813 1793 2032 1832; x_wconf 84' lang='lat' dir='ltr'><strong>coronae</strong></span> 
     </span>
    </p>
   </div>
   <div class='ocr_carea' id='block_1_34' title="bbox 2137 1762 3708 1861">
    <p class='ocr_par' dir='ltr' id='par_1_34' title="bbox 2137 1762 3708 1856">
     <span class='ocr_line' id='line_1_34' title="bbox 2137 1762 3708 1856; baseline -0.008 -18"><span class='ocrx_word' id='word_1_236' title='bbox 2137 1762 2552 1856; x_wconf 80' lang='grc' dir='ltr'>ἐμπτυσμάτων</span> <span class='ocrx_word' id='word_1_237' title='bbox 2572 1825 2587 1849; x_wconf 89' lang='grc'><strong>,</strong></span> <span class='ocrx_word' id='word_1_238' title='bbox 2641 1762 2736 1838; x_wconf 73' lang='grc' dir='ltr'>καὶ</span> <span class='ocrx_word' id='word_1_239' title='bbox 2781 1783 3139 1853; x_wconf 82' lang='grc' dir='ltr'>ὲμπτὺσμασι</span> <span class='ocrx_word' id='word_1_240' title='bbox 3169 1780 3389 1850; x_wconf 76' lang='grc' dir='ltr'>μιαροῖς</span> <span class='ocrx_word' id='word_1_241' title='bbox 3413 1776 3594 1830; x_wconf 82' lang='grc' dir='ltr'>αὑτῶν</span> <span class='ocrx_word' id='word_1_242' title='bbox 3623 1777 3708 1826; x_wconf 82' lang='grc' dir='ltr'>ἐν-</span> 
     </span>
    </p>
   </div>
   <div class='ocr_carea' id='block_1_35' title="bbox 459 1870 2032 1953">
    <p class='ocr_par' dir='ltr' id='par_1_35' title="bbox 459 1870 2032 1953">
     <span class='ocr_line' id='line_1_35' title="bbox 459 1870 2032 1953; baseline -0.016 -8"><span class='ocrx_word' id='word_1_243' title='bbox 459 1889 812 1953; x_wconf 70' lang='grc' dir='ltr'>ἰιηίιοεῑιὶοηο</span> <span class='ocrx_word' id='word_1_244' title='bbox 851 1883 1119 1941; x_wconf 88' lang='lat' dir='ltr'><strong>Jeremias</strong></span> <span class='ocrx_word' id='word_1_245' title='bbox 1169 1879 1349 1935; x_wconf 87' lang='lat' dir='ltr'><strong>dicit:</strong></span> <span class='ocrx_word' id='word_1_246' title='bbox 1388 1896 1405 1927; x_wconf 80' lang='grc' dir='ltr'><strong>ι</strong></span> <span class='ocrx_word' id='word_1_247' title='bbox 1442 1874 1626 1945; x_wconf 86' lang='lat' dir='ltr'><strong>Spinis</strong></span> <span class='ocrx_word' id='word_1_248' title='bbox 1681 1870 2032 1941; x_wconf 89' lang='lat' dir='ltr'><strong>iniquitatum</strong></span> 
     </span>
    </p>
   </div>
   <div class='ocr_carea' id='block_1_36' title="bbox 457 1962 2031 2036">
    <p class='ocr_par' dir='ltr' id='par_1_36' title="bbox 457 1962 2031 2036">
     <span class='ocr_line' id='line_1_36' title="bbox 457 1962 2031 2036; baseline -0.015 0"><span class='ocrx_word' id='word_1_249' title='bbox 457 1996 682 2036; x_wconf 88' lang='lat' dir='ltr'><strong>suarum</strong></span> <span class='ocrx_word' id='word_1_250' title='bbox 736 1982 1146 2032; x_wconf 90' lang='lat' dir='ltr'><strong>coronaverunt</strong></span> <span class='ocrx_word' id='word_1_251' title='bbox 1179 1986 1286 2025; x_wconf 89' lang='lat' dir='ltr'><strong>me.</strong></span> <span class='ocrx_word' id='word_1_252' title='bbox 1327 1989 1345 2020; x_wconf 74' lang='grc' dir='ltr'><strong>ι</strong></span> <span class='ocrx_word' id='word_1_253' title='bbox 1387 1969 1454 2022; x_wconf 86' lang='lat' dir='ltr'><strong>Et</strong></span> <span class='ocrx_word' id='word_1_254' title='bbox 1501 1967 1648 2036; x_wconf 92' lang='lat' dir='ltr'><strong>quod</strong></span> <span class='ocrx_word' id='word_1_255' title='bbox 1702 1962 2031 2034; x_wconf 87' lang='lat' dir='ltr'><strong>principium</strong></span> 
     </span>
    </p>
   </div>
   <div class='ocr_carea' id='block_1_37' title="bbox 453 2051 2032 2130">
    <p class='ocr_par' dir='ltr' id='par_1_37' title="bbox 453 2051 2032 2130">
     <span class='ocr_line' id='line_1_37' title="bbox 453 2051 2032 2130; baseline -0.014 -4"><span class='ocrx_word' id='word_1_256' title='bbox 453 2079 659 2126; x_wconf 79' lang='lat' dir='ltr'><strong>nostrae</strong></span> <span class='ocrx_word' id='word_1_257' title='bbox 701 2067 914 2130; x_wconf 87' lang='lat' dir='ltr'><strong>salutis,</strong></span> <span class='ocrx_word' id='word_1_258' title='bbox 964 2064 1018 2118; x_wconf 91' lang='lat' dir='ltr'><strong>id</strong></span> <span class='ocrx_word' id='word_1_259' title='bbox 1063 2069 1168 2125; x_wconf 89' lang='lat' dir='ltr'><strong>est,</strong></span> <span class='ocrx_word' id='word_1_260' title='bbox 1227 2072 1449 2113; x_wconf 77' lang='lat' dir='ltr'><strong>crucem</strong></span> <span class='ocrx_word' id='word_1_261' title='bbox 1495 2053 1733 2126; x_wconf 89' lang='lat' dir='ltr'><strong>propriis</strong></span> <span class='ocrx_word' id='word_1_262' title='bbox 1785 2051 2032 2106; x_wconf 86' lang='lat' dir='ltr'><strong>humeris</strong></span> 
     </span>
    </p>
   </div>
   <div class='ocr_carea' id='block_1_38' title="bbox 456 2145 2033 2234">
    <p class='ocr_par' dir='ltr' id='par_1_38' title="bbox 456 2145 2033 2234">
     <span class='ocr_line' id='line_1_38' title="bbox 456 2145 2033 2234; baseline -0.012 -18"><span class='ocrx_word' id='word_1_263' title='bbox 456 2162 694 2234; x_wconf 83' lang='lat' dir='ltr'><strong>portavit</strong></span> <span class='ocrx_word' id='word_1_264' title='bbox 718 2159 812 2229; x_wconf 90' lang='lat' dir='ltr'><strong>qui</strong></span> <span class='ocrx_word' id='word_1_265' title='bbox 849 2159 904 2211; x_wconf 93' lang='lat' dir='ltr'><strong>in</strong></span> <span class='ocrx_word' id='word_1_266' title='bbox 932 2157 1020 2210; x_wconf 89' lang='lat' dir='ltr'><strong>illa</strong></span> <span class='ocrx_word' id='word_1_267' title='bbox 1043 2155 1286 2208; x_wconf 87' lang='lat' dir='ltr'><strong>elevatus</strong></span> <span class='ocrx_word' id='word_1_268' title='bbox 1311 2160 1417 2212; x_wconf 90' lang='lat' dir='ltr'><strong>est,</strong></span> <span class='ocrx_word' id='word_1_269' title='bbox 1449 2148 1617 2202; x_wconf 86' lang='lat' dir='ltr'><strong>Isaias</strong></span> <span class='ocrx_word' id='word_1_270' title='bbox 1649 2145 1782 2200; x_wconf 89' lang='lat' dir='ltr'><strong>dicit</strong></span> <span class='ocrx_word' id='word_1_271' title='bbox 1811 2163 1823 2199; x_wconf 94' lang='lat'>:</span> <span class='ocrx_word' id='word_1_272' title='bbox 1854 2164 1871 2196; x_wconf 81' lang='grc' dir='ltr'><strong>ι</strong></span> <span class='ocrx_word' id='word_1_273' title='bbox 1898 2145 2033 2198; x_wconf 87' lang='lat' dir='ltr'><strong>Par-</strong></span> 
     </span>
    </p>
   </div>
   <div class='ocr_carea' id='block_1_39' title="bbox 454 2236 2032 2308">
    <p class='ocr_par' dir='ltr' id='par_1_39' title="bbox 454 2236 2032 2308">
     <span class='ocr_line' id='line_1_39' title="bbox 454 2236 2032 2308; baseline -0.011 -1"><span class='ocrx_word' id='word_1_274' title='bbox 454 2256 613 2308; x_wconf 89' lang='lat' dir='ltr'><strong>vulus</strong></span> <span class='ocrx_word' id='word_1_275' title='bbox 642 2260 804 2305; x_wconf 91' lang='lat' dir='ltr'><strong>natus</strong></span> <span class='ocrx_word' id='word_1_276' title='bbox 830 2258 914 2303; x_wconf 91' lang='lat' dir='ltr'><strong>est</strong></span> <span class='ocrx_word' id='word_1_277' title='bbox 946 2245 1126 2307; x_wconf 91' lang='lat' dir='ltr'><strong>nobis,</strong></span> <span class='ocrx_word' id='word_1_278' title='bbox 1166 2243 1313 2296; x_wconf 85' lang='lat' dir='ltr'><strong>ﬁlius</strong></span> <span class='ocrx_word' id='word_1_279' title='bbox 1339 2240 1501 2294; x_wconf 89' lang='lat' dir='ltr'><strong>datus</strong></span> <span class='ocrx_word' id='word_1_280' title='bbox 1547 2247 1632 2292; x_wconf 90' lang='lat' dir='ltr'><strong>est</strong></span> <span class='ocrx_word' id='word_1_281' title='bbox 1663 2236 1846 2301; x_wconf 88' lang='lat' dir='ltr'><strong>nobis,</strong></span> <span class='ocrx_word' id='word_1_282' title='bbox 1872 2237 2032 2305; x_wconf 84' lang='lat' dir='ltr'><strong>cujus</strong></span> 
     </span>
    </p>
   </div>
   <div class='ocr_carea' id='block_1_40' title="bbox 455 2325 2030 2414">
    <p class='ocr_par' dir='ltr' id='par_1_40' title="bbox 455 2325 2030 2414">
     <span class='ocr_line' id='line_1_40' title="bbox 455 2325 2030 2414; baseline -0.013 -15"><span class='ocrx_word' id='word_1_283' title='bbox 455 2344 798 2414; x_wconf 84' lang='lat' dir='ltr'><strong>principatus</strong></span> <span class='ocrx_word' id='word_1_284' title='bbox 823 2341 876 2393; x_wconf 87' lang='lat' dir='ltr'><strong>in</strong></span> <span class='ocrx_word' id='word_1_285' title='bbox 900 2335 1150 2392; x_wconf 87' lang='lat' dir='ltr'><strong>humeris</strong></span> <span class='ocrx_word' id='word_1_286' title='bbox 1179 2333 1301 2402; x_wconf 86' lang='lat' dir='ltr'><strong>ejus</strong></span> <span class='ocrx_word' id='word_1_287' title='bbox 1336 2332 1380 2396; x_wconf 83' lang='grc'>⁷,</span> <span class='ocrx_word' id='word_1_288' title='bbox 1411 2349 1428 2381; x_wconf 75' lang='grc' dir='ltr'><strong>ι</strong></span> <span class='ocrx_word' id='word_1_289' title='bbox 1471 2330 1524 2384; x_wconf 90' lang='lat' dir='ltr'><strong>id</strong></span> <span class='ocrx_word' id='word_1_290' title='bbox 1563 2337 1666 2392; x_wconf 89' lang='lat' dir='ltr'><strong>est,</strong></span> <span class='ocrx_word' id='word_1_291' title='bbox 1691 2344 1845 2382; x_wconf 78' lang='lat' dir='ltr'><strong>crux.</strong></span> <span class='ocrx_word' id='word_1_292' title='bbox 1874 2325 2030 2392; x_wconf 85' lang='lat' dir='ltr'><strong>Quod</strong></span> 
     </span>
    </p>
   </div>
   <div class='ocr_carea' id='block_1_41' title="bbox 453 2419 2030 2491">
    <p class='ocr_par' dir='ltr' id='par_1_41' title="bbox 453 2419 2030 2491">
     <span class='ocr_line' id='line_1_41' title="bbox 453 2419 2030 2491; baseline -0.013 0"><span class='ocrx_word' id='word_1_293' title='bbox 453 2438 599 2491; x_wconf 87' lang='lat' dir='ltr'><strong>Deus</strong></span> <span class='ocrx_word' id='word_1_294' title='bbox 657 2443 715 2490; x_wconf 87' lang='lat' dir='ltr'><strong>et</strong></span> <span class='ocrx_word' id='word_1_295' title='bbox 763 2448 862 2487; x_wconf 80' lang='lat' dir='ltr'><strong>rex</strong></span> <span class='ocrx_word' id='word_1_296' title='bbox 920 2437 1048 2483; x_wconf 88' lang='lat' dir='ltr'><strong>ante</strong></span> <span class='ocrx_word' id='word_1_297' title='bbox 1107 2427 1306 2481; x_wconf 58' lang='lat' dir='ltr'><strong>saecula</strong></span> <span class='ocrx_word' id='word_1_298' title='bbox 1365 2432 1484 2477; x_wconf 89' lang='lat' dir='ltr'><strong>erat</strong></span> <span class='ocrx_word' id='word_1_299' title='bbox 1531 2421 1806 2483; x_wconf 81' lang='lat' dir='ltr'><strong>Christus,</strong></span> <span class='ocrx_word' id='word_1_300' title='bbox 1865 2427 1922 2473; x_wconf 90' lang='lat' dir='ltr'><strong>et</strong></span> <span class='ocrx_word' id='word_1_301' title='bbox 1977 2419 2030 2471; x_wconf 89' lang='lat' dir='ltr'><strong>in</strong></span> 
     </span>
    </p>
   </div>
   <div class='ocr_carea' id='block_1_42' title="bbox 456 2510 2032 2588">
    <p class='ocr_par' dir='ltr' id='par_1_42' title="bbox 456 2510 2032 2588">
     <span class='ocr_line' id='line_1_42' title="bbox 456 2510 2032 2588; baseline -0.011 -9"><span class='ocrx_word' id='word_1_302' title='bbox 456 2527 636 2579; x_wconf 34' lang='lat' dir='ltr'><strong>medio</strong></span> <span class='ocrx_word' id='word_1_303' title='bbox 673 2535 836 2578; x_wconf 70' lang='lat' dir='ltr'><strong>terra:</strong></span> <span class='ocrx_word' id='word_1_304' title='bbox 882 2517 1130 2588; x_wconf 84' lang='lat' dir='ltr'><strong>cruciﬁgi</strong></span> <span class='ocrx_word' id='word_1_305' title='bbox 1190 2514 1427 2570; x_wconf 84' lang='lat' dir='ltr'><strong>debebat</strong></span> <span class='ocrx_word' id='word_1_306' title='bbox 1466 2512 1533 2567; x_wconf 89' lang='lat' dir='ltr'><strong>ad</strong></span> <span class='ocrx_word' id='word_1_307' title='bbox 1586 2512 1818 2566; x_wconf 83' lang='lat' dir='ltr'><strong>salutem</strong></span> <span class='ocrx_word' id='word_1_308' title='bbox 1869 2510 2032 2579; x_wconf 82' lang='lat' dir='ltr'><strong>hujus</strong></span> 
     </span>
    </p>
   </div>
   <div class='ocr_carea' id='block_1_43' title="bbox 455 2607 2032 2674">
    <p class='ocr_par' dir='ltr' id='par_1_43' title="bbox 455 2607 2032 2674">
     <span class='ocr_line' id='line_1_43' title="bbox 455 2607 2032 2674; baseline -0.011 -4"><span class='ocrx_word' id='word_1_309' title='bbox 455 2616 670 2674; x_wconf 84' lang='lat' dir='ltr'><strong>mundi.</strong></span> <span class='ocrx_word' id='word_1_310' title='bbox 720 2611 891 2668; x_wconf 85' lang='lat' dir='ltr'><strong>David</strong></span> <span class='ocrx_word' id='word_1_311' title='bbox 927 2610 1061 2666; x_wconf 89' lang='lat' dir='ltr'><strong>dicit</strong></span> <span class='ocrx_word' id='word_1_312' title='bbox 1100 2627 1113 2662; x_wconf 86' lang='lat'><strong>:</strong></span> <span class='ocrx_word' id='word_1_313' title='bbox 1162 2626 1180 2658; x_wconf 81' lang='grc' dir='ltr'><strong>ι</strong></span> <span class='ocrx_word' id='word_1_314' title='bbox 1222 2607 1366 2660; x_wconf 88' lang='lat' dir='ltr'><strong>Deus</strong></span> <span class='ocrx_word' id='word_1_315' title='bbox 1409 2621 1508 2659; x_wconf 81' lang='lat' dir='ltr'><strong>rex</strong></span> <span class='ocrx_word' id='word_1_316' title='bbox 1551 2613 1742 2656; x_wconf 91' lang='lat' dir='ltr'><strong>noster</strong></span> <span class='ocrx_word' id='word_1_317' title='bbox 1771 2609 1896 2655; x_wconf 86' lang='lat' dir='ltr'><strong>ante</strong></span> <span class='ocrx_word' id='word_1_318' title='bbox 1930 2617 2032 2655; x_wconf 64' lang='lat' dir='ltr'><strong>sae-</strong></span> 
     </span>
    </p>
   </div>
   <div class='ocr_carea' id='block_1_44' title="bbox 455 2692 2026 2773">
    <p class='ocr_par' dir='ltr' id='par_1_44' title="bbox 455 2692 2026 2773">
     <span class='ocr_line' id='line_1_44' title="bbox 455 2692 2026 2773; baseline -0.012 -12"><span class='ocrx_word' id='word_1_319' title='bbox 455 2707 578 2761; x_wconf 90' lang='lat' dir='ltr'><strong>cula</strong></span> <span class='ocrx_word' id='word_1_320' title='bbox 633 2713 894 2773; x_wconf 88' lang='lat' dir='ltr'><strong>operatus</strong></span> <span class='ocrx_word' id='word_1_321' title='bbox 953 2708 1039 2755; x_wconf 90' lang='lat' dir='ltr'><strong>est</strong></span> <span class='ocrx_word' id='word_1_322' title='bbox 1096 2698 1331 2752; x_wconf 87' lang='lat' dir='ltr'><strong>salutem</strong></span> <span class='ocrx_word' id='word_1_323' title='bbox 1385 2696 1441 2750; x_wconf 87' lang='lat' dir='ltr'><strong>in</strong></span> <span class='ocrx_word' id='word_1_324' title='bbox 1487 2693 1668 2749; x_wconf 91' lang='lat' dir='ltr'><strong>medio</strong></span> <span class='ocrx_word' id='word_1_325' title='bbox 1717 2701 1880 2747; x_wconf 72' lang='lat' dir='ltr'><strong>terrm</strong></span> <span class='ocrx_word' id='word_1_326' title='bbox 1927 2692 1970 2745; x_wconf 81' lang='grc'><strong>⁸.</strong></span> <span class='ocrx_word' id='word_1_327' title='bbox 2008 2711 2026 2742; x_wconf 74' lang='grc' dir='ltr'><strong>ι</strong></span> 
     </span>
    </p>
   </div>
   <div class='ocr_carea' id='block_1_45' title="bbox 453 2783 2029 2864">
    <p class='ocr_par' dir='ltr' id='par_1_45' title="bbox 453 2783 2029 2864">
     <span class='ocr_line' id='line_1_45' title="bbox 453 2783 2029 2864; baseline -0.009 -13"><span class='ocrx_word' id='word_1_328' title='bbox 453 2797 524 2852; x_wconf 89' lang='grc' dir='ltr'><strong>Ει</strong></span> <span class='ocrx_word' id='word_1_329' title='bbox 560 2795 706 2864; x_wconf 90' lang='lat' dir='ltr'><strong>quod</strong></span> <span class='ocrx_word' id='word_1_330' title='bbox 751 2791 1146 2848; x_wconf 73' lang='lat' dir='ltr'><strong>transﬁxerunt</strong></span> <span class='ocrx_word' id='word_1_331' title='bbox 1198 2804 1397 2842; x_wconf 87' lang='lat' dir='ltr'><strong>manus</strong></span> <span class='ocrx_word' id='word_1_332' title='bbox 1441 2789 1561 2857; x_wconf 87' lang='lat' dir='ltr'><strong>ejus</strong></span> <span class='ocrx_word' id='word_1_333' title='bbox 1611 2795 1667 2840; x_wconf 89' lang='lat' dir='ltr'><strong>et</strong></span> <span class='ocrx_word' id='word_1_334' title='bbox 1723 2784 1911 2854; x_wconf 85' lang='lat' dir='ltr'><strong>pedes,</strong></span> <span class='ocrx_word' id='word_1_335' title='bbox 1952 2783 2029 2838; x_wconf 88' lang='lat' dir='ltr'><strong>si-</strong></span> 
     </span>
    </p>
   </div>
   <div class='ocr_carea' id='block_1_46' title="bbox 457 2874 2032 2949">
    <p class='ocr_par' dir='ltr' id='par_1_46' title="bbox 457 2874 2032 2949">
     <span class='ocr_line' id='line_1_46' title="bbox 457 2874 2032 2949; baseline -0.007 -9"><span class='ocrx_word' id='word_1_336' title='bbox 457 2887 663 2940; x_wconf 88' lang='lat' dir='ltr'><strong>militer</strong></span> <span class='ocrx_word' id='word_1_337' title='bbox 701 2884 997 2939; x_wconf 87' lang='lat' dir='ltr'><strong>Zacharias</strong></span> <span class='ocrx_word' id='word_1_338' title='bbox 1024 2881 1160 2936; x_wconf 86' lang='lat' dir='ltr'><strong>dicit</strong></span> <span class='ocrx_word' id='word_1_339' title='bbox 1197 2898 1209 2933; x_wconf 92' lang='lat'><strong>:</strong></span> <span class='ocrx_word' id='word_1_340' title='bbox 1241 2898 1259 2930; x_wconf 78' lang='grc' dir='ltr'><strong>ι</strong></span> <span class='ocrx_word' id='word_1_341' title='bbox 1301 2879 1472 2949; x_wconf 80' lang='lat' dir='ltr'><strong>Plagae</strong></span> <span class='ocrx_word' id='word_1_342' title='bbox 1503 2893 1696 2932; x_wconf 88' lang='lat' dir='ltr'><strong>eorum</strong></span> <span class='ocrx_word' id='word_1_343' title='bbox 1747 2875 1804 2929; x_wconf 91' lang='lat' dir='ltr'><strong>in</strong></span> <span class='ocrx_word' id='word_1_344' title='bbox 1849 2874 2032 2929; x_wconf 87' lang='lat' dir='ltr'><strong>medio</strong></span> 
     </span>
    </p>
   </div>
   <div class='ocr_carea' id='block_1_47' title="bbox 457 2966 2030 3038">
    <p class='ocr_par' dir='ltr' id='par_1_47' title="bbox 457 2966 2030 3038">
     <span class='ocr_line' id='line_1_47' title="bbox 457 2966 2030 3038; baseline -0.008 -8"><span class='ocrx_word' id='word_1_345' title='bbox 457 2991 717 3030; x_wconf 89' lang='lat' dir='ltr'><strong>manuum</strong></span> <span class='ocrx_word' id='word_1_346' title='bbox 744 2988 1015 3036; x_wconf 86' lang='lat' dir='ltr'><strong>mearum,</strong></span> <span class='ocrx_word' id='word_1_347' title='bbox 1067 2979 1124 3027; x_wconf 91' lang='lat' dir='ltr'><strong>et</strong></span> <span class='ocrx_word' id='word_1_348' title='bbox 1155 2971 1304 3025; x_wconf 91' lang='lat' dir='ltr'><strong>dicet</strong></span> <span class='ocrx_word' id='word_1_349' title='bbox 1346 2987 1360 3022; x_wconf 90' lang='lat'><strong>:</strong></span> <span class='ocrx_word' id='word_1_350' title='bbox 1415 2969 1511 3022; x_wconf 88' lang='lat' dir='ltr'><strong>His</strong></span> <span class='ocrx_word' id='word_1_351' title='bbox 1543 2970 1792 3038; x_wconf 82' lang='lat' dir='ltr'><strong>plagatus</strong></span> <span class='ocrx_word' id='word_1_352' title='bbox 1823 2980 1945 3020; x_wconf 90' lang='lat' dir='ltr'><strong>sum</strong></span> <span class='ocrx_word' id='word_1_353' title='bbox 1973 2966 2030 3019; x_wconf 87' lang='lat' dir='ltr'><strong>in</strong></span> 
     </span>
    </p>
   </div>
   <div class='ocr_carea' id='block_1_48' title="bbox 457 3057 2032 3129">
    <p class='ocr_par' dir='ltr' id='par_1_48' title="bbox 457 3057 2032 3129">
     <span class='ocr_line' id='line_1_48' title="bbox 457 3057 2032 3129; baseline -0.003 -10"><span class='ocrx_word' id='word_1_354' title='bbox 457 3066 620 3119; x_wconf 92' lang='lat' dir='ltr'><strong>domo</strong></span> <span class='ocrx_word' id='word_1_355' title='bbox 650 3065 831 3120; x_wconf 89' lang='lat' dir='ltr'><strong>dilecti</strong></span> <span class='ocrx_word' id='word_1_356' title='bbox 876 3064 983 3118; x_wconf 90' lang='lat' dir='ltr'><strong>mei</strong></span> <span class='ocrx_word' id='word_1_357' title='bbox 1023 3065 1068 3119; x_wconf 81' lang='lat'><strong>’.</strong></span> <span class='ocrx_word' id='word_1_358' title='bbox 1099 3081 1117 3113; x_wconf 85' lang='grc'>›</span> <span class='ocrx_word' id='word_1_359' title='bbox 1153 3061 1286 3115; x_wconf 71' lang='lat' dir='ltr'><strong>Vide</strong></span> <span class='ocrx_word' id='word_1_360' title='bbox 1326 3059 1603 3129; x_wconf 89' lang='lat' dir='ltr'><strong>quomodo</strong></span> <span class='ocrx_word' id='word_1_361' title='bbox 1649 3058 1732 3112; x_wconf 87' lang='lat' dir='ltr'><strong>vel</strong></span> <span class='ocrx_word' id='word_1_362' title='bbox 1775 3067 1897 3128; x_wconf 92' lang='lat' dir='ltr'><strong>post</strong></span> <span class='ocrx_word' id='word_1_363' title='bbox 1930 3057 2032 3114; x_wconf 89' lang='lat' dir='ltr'><strong>hos</strong></span> 
     </span>
    </p>
   </div>
   <div class='ocr_carea' id='block_1_49' title="bbox 458 3149 2031 3215">
    <p class='ocr_par' dir='ltr' id='par_1_49' title="bbox 458 3149 2031 3215">
     <span class='ocr_line' id='line_1_49' title="bbox 458 3149 2031 3215; baseline -0.004 -4"><span class='ocrx_word' id='word_1_364' title='bbox 458 3155 737 3211; x_wconf 88' lang='lat' dir='ltr'><strong>cruciatus</strong></span> <span class='ocrx_word' id='word_1_365' title='bbox 782 3155 1010 3210; x_wconf 89' lang='lat' dir='ltr'><strong>dilectos</strong></span> <span class='ocrx_word' id='word_1_366' title='bbox 1066 3169 1166 3208; x_wconf 91' lang='lat' dir='ltr'><strong>vos</strong></span> <span class='ocrx_word' id='word_1_367' title='bbox 1197 3161 1372 3215; x_wconf 80' lang='lat' dir='ltr'><strong>vocet,</strong></span> <span class='ocrx_word' id='word_1_368' title='bbox 1411 3160 1467 3205; x_wconf 91' lang='lat' dir='ltr'><strong>ct</strong></span> <span class='ocrx_word' id='word_1_369' title='bbox 1503 3165 1608 3203; x_wconf 90' lang='lat' dir='ltr'><strong>non</strong></span> <span class='ocrx_word' id='word_1_370' title='bbox 1642 3149 2031 3204; x_wconf 87' lang='lat' dir='ltr'><strong>convertimini</strong></span> 
     </span>
    </p>
   </div>
   <div class='ocr_carea' id='block_1_50' title="bbox 459 3239 2031 3315">
    <p class='ocr_par' dir='ltr' id='par_1_50' title="bbox 459 3239 2031 3315">
     <span class='ocr_line' id='line_1_50' title="bbox 459 3239 2031 3315; baseline -0.002 -16"><span class='ocrx_word' id='word_1_371' title='bbox 459 3247 526 3300; x_wconf 88' lang='lat' dir='ltr'><strong>ad</strong></span> <span class='ocrx_word' id='word_1_372' title='bbox 581 3247 766 3299; x_wconf 86' lang='lat' dir='ltr'><strong>illum!</strong></span> <span class='ocrx_word' id='word_1_373' title='bbox 801 3261 928 3299; x_wconf 90' lang='lat' dir='ltr'><strong>vere</strong></span> <span class='ocrx_word' id='word_1_374' title='bbox 951 3243 1149 3315; x_wconf 84' lang='lat' dir='ltr'><strong>ingrati</strong></span> <span class='ocrx_word' id='word_1_375' title='bbox 1181 3243 1334 3297; x_wconf 85' lang='lat' dir='ltr'><strong>estis.</strong></span> <span class='ocrx_word' id='word_1_376' title='bbox 1366 3243 1441 3295; x_wconf 88' lang='lat' dir='ltr'><strong>De</strong></span> <span class='ocrx_word' id='word_1_377' title='bbox 1473 3239 1664 3295; x_wconf 85' lang='lat' dir='ltr'><strong>lancea</strong></span> <span class='ocrx_word' id='word_1_378' title='bbox 1693 3256 1798 3309; x_wconf 88' lang='lat' dir='ltr'><strong>qua</strong></span> <span class='ocrx_word' id='word_1_379' title='bbox 1825 3243 2031 3296; x_wconf 87' lang='lat' dir='ltr'><strong>mortui</strong></span> 
     </span>
    </p>
   </div>
   <div class='ocr_carea' id='block_1_51' title="bbox 462 3330 2034 3402">
    <p class='ocr_par' dir='ltr' id='par_1_51' title="bbox 462 3330 2034 3402">
     <span class='ocr_line' id='line_1_51' title="bbox 462 3330 2034 3402; baseline -0.004 -13"><span class='ocrx_word' id='word_1_380' title='bbox 462 3335 794 3401; x_wconf 79' lang='lat' dir='ltr'><strong>perforatum</strong></span> <span class='ocrx_word' id='word_1_381' title='bbox 836 3343 918 3388; x_wconf 88' lang='lat' dir='ltr'><strong>est</strong></span> <span class='ocrx_word' id='word_1_382' title='bbox 949 3342 1199 3388; x_wconf 88' lang='lat' dir='ltr'><strong>sanctum</strong></span> <span class='ocrx_word' id='word_1_383' title='bbox 1231 3332 1351 3402; x_wconf 89' lang='lat' dir='ltr'><strong>ejus</strong></span> <span class='ocrx_word' id='word_1_384' title='bbox 1375 3332 1537 3393; x_wconf 88' lang='lat' dir='ltr'><strong>latus,</strong></span> <span class='ocrx_word' id='word_1_385' title='bbox 1581 3345 1612 3384; x_wconf 91' lang='lat' dir='ltr'><strong>e</strong></span> <span class='ocrx_word' id='word_1_386' title='bbox 1646 3344 1756 3398; x_wconf 90' lang='lat' dir='ltr'><strong>quo</strong></span> <span class='ocrx_word' id='word_1_387' title='bbox 1792 3330 2034 3384; x_wconf 90' lang='lat' dir='ltr'><strong>manavit</strong></span> 
     </span>
    </p>
   </div>
   <div class='ocr_carea' id='block_1_52' title="bbox 460 3420 2030 3501">
    <p class='ocr_par' dir='ltr' id='par_1_52' title="bbox 460 3420 2030 3501">
     <span class='ocr_line' id='line_1_52' title="bbox 460 3420 2030 3501; baseline -0.004 -21"><span class='ocrx_word' id='word_1_388' title='bbox 460 3429 684 3495; x_wconf 78' lang='lat' dir='ltr'><strong>sanguis</strong></span> <span class='ocrx_word' id='word_1_389' title='bbox 709 3436 764 3481; x_wconf 90' lang='lat' dir='ltr'><strong>et</strong></span> <span class='ocrx_word' id='word_1_390' title='bbox 787 3441 948 3494; x_wconf 85' lang='lat' dir='ltr'><strong>aqua,</strong></span> <span class='ocrx_word' id='word_1_391' title='bbox 978 3424 1244 3501; x_wconf 84' lang='lat' dir='ltr'><strong>propheta</strong></span> <span class='ocrx_word' id='word_1_392' title='bbox 1273 3422 1566 3476; x_wconf 87' lang='lat' dir='ltr'><strong>Zacharias</strong></span> <span class='ocrx_word' id='word_1_393' title='bbox 1596 3420 1734 3475; x_wconf 73' lang='lat' dir='ltr'><strong>dixit</strong></span> <span class='ocrx_word' id='word_1_394' title='bbox 1765 3439 1777 3474; x_wconf 90' lang='lat'><strong>:</strong></span> <span class='ocrx_word' id='word_1_395' title='bbox 1818 3441 1836 3472; x_wconf 85' lang='grc'><em>‹</em></span> <span class='ocrx_word' id='word_1_396' title='bbox 1868 3421 2030 3492; x_wconf 85' lang='lat' dir='ltr'><strong>Aspi-</strong></span> 
     </span>
    </p>
   </div>
   <div class='ocr_carea' id='block_1_53' title="bbox 461 3511 2034 3582">
    <p class='ocr_par' dir='ltr' id='par_1_53' title="bbox 461 3511 2034 3582">
     <span class='ocr_line' id='line_1_53' title="bbox 461 3511 2034 3582; baseline -0.002 -13"><span class='ocrx_word' id='word_1_397' title='bbox 461 3516 610 3569; x_wconf 85' lang='lat' dir='ltr'><strong>cicnt</strong></span> <span class='ocrx_word' id='word_1_398' title='bbox 663 3515 718 3567; x_wconf 90' lang='lat' dir='ltr'><strong>in</strong></span> <span class='ocrx_word' id='word_1_399' title='bbox 769 3531 855 3568; x_wconf 90' lang='lat' dir='ltr'><strong>me</strong></span> <span class='ocrx_word' id='word_1_400' title='bbox 906 3529 1069 3582; x_wconf 89' lang='lat' dir='ltr'><strong>quem</strong></span> <span class='ocrx_word' id='word_1_401' title='bbox 1107 3524 1121 3564; x_wconf 82' lang='grc' dir='ltr'><strong>ι</strong></span> <span class='ocrx_word' id='word_1_402' title='bbox 1160 3511 1499 3566; x_wconf 77' lang='lat' dir='ltr'><strong>anslixerunt</strong></span> <span class='ocrx_word' id='word_1_403' title='bbox 1549 3511 1614 3575; x_wconf 76' lang='grc' dir='ltr'><strong>⁸ο,</strong></span> <span class='ocrx_word' id='word_1_404' title='bbox 1650 3530 1668 3561; x_wconf 68' lang='grc' dir='ltr'><strong>ι</strong></span> <span class='ocrx_word' id='word_1_405' title='bbox 1728 3520 1785 3565; x_wconf 92' lang='lat' dir='ltr'><strong>et</strong></span> <span class='ocrx_word' id='word_1_406' title='bbox 1823 3512 2034 3582; x_wconf 80' lang='lat' dir='ltr'><strong>Moyses</strong></span> 
     </span>
    </p>
   </div>
   <div class='ocr_carea' id='block_1_54' title="bbox 461 3602 2032 3675">
    <p class='ocr_par' dir='ltr' id='par_1_54' title="bbox 461 3602 2032 3675">
     <span class='ocr_line' id='line_1_54' title="bbox 461 3602 2032 3675; baseline -0.003 -16"><span class='ocrx_word' id='word_1_407' title='bbox 461 3606 605 3660; x_wconf 89' lang='lat' dir='ltr'><strong>clare</strong></span> <span class='ocrx_word' id='word_1_408' title='bbox 639 3605 779 3659; x_wconf 91' lang='lat' dir='ltr'><strong>idem</strong></span> <span class='ocrx_word' id='word_1_409' title='bbox 817 3604 1148 3675; x_wconf 83' lang='lat' dir='ltr'><strong>signiﬁcavit</strong></span> <span class='ocrx_word' id='word_1_410' title='bbox 1199 3619 1297 3673; x_wconf 90' lang='lat' dir='ltr'><strong>per</strong></span> <span class='ocrx_word' id='word_1_411' title='bbox 1321 3602 1551 3658; x_wconf 87' lang='lat' dir='ltr'><strong>arduam</strong></span> <span class='ocrx_word' id='word_1_412' title='bbox 1586 3611 1820 3671; x_wconf 87' lang='lat' dir='ltr'><strong>petram.</strong></span> <span class='ocrx_word' id='word_1_413' title='bbox 1844 3617 1875 3657; x_wconf 88' lang='lat' dir='ltr'><strong>e</strong></span> <span class='ocrx_word' id='word_1_414' title='bbox 1902 3618 2032 3671; x_wconf 85' lang='lat' dir='ltr'><strong>qua,</strong></span> 
     </span>
    </p>
   </div>
   <div class='ocr_carea' id='block_1_55' title="bbox 461 3693 2035 3766">
    <p class='ocr_par' dir='ltr' id='par_1_55' title="bbox 461 3693 2035 3766">
     <span class='ocr_line' id='line_1_55' title="bbox 461 3693 2035 3766; baseline 0 -18"><span class='ocrx_word' id='word_1_415' title='bbox 461 3699 610 3766; x_wconf 87' lang='lat' dir='ltr'><strong>virga</strong></span> <span class='ocrx_word' id='word_1_416' title='bbox 656 3697 748 3750; x_wconf 88' lang='lat' dir='ltr'><strong>illo</strong></span> <span class='ocrx_word' id='word_1_417' title='bbox 775 3697 1141 3766; x_wconf 88' lang='lat' dir='ltr'><strong>percutiente,</strong></span> <span class='ocrx_word' id='word_1_418' title='bbox 1177 3694 1414 3748; x_wconf 90' lang='lat' dir='ltr'><strong>manavit</strong></span> <span class='ocrx_word' id='word_1_419' title='bbox 1438 3709 1578 3762; x_wconf 89' lang='lat' dir='ltr'><strong>aqua</strong></span> <span class='ocrx_word' id='word_1_420' title='bbox 1607 3693 1862 3747; x_wconf 83' lang='lat' dir='ltr'><strong>in‘vitam</strong></span> <span class='ocrx_word' id='word_1_421' title='bbox 1900 3701 2035 3749; x_wconf 89' lang='lat' dir='ltr'><strong>tem-</strong></span> 
     </span>
    </p>
   </div>
   <div class='ocr_carea' id='block_1_56' title="bbox 461 3782 2034 3854">
    <p class='ocr_par' dir='ltr' id='par_1_56' title="bbox 461 3782 2034 3854">
     <span class='ocr_line' id='line_1_56' title="bbox 461 3782 2034 3854; baseline -0.001 -16"><span class='ocrx_word' id='word_1_422' title='bbox 461 3787 704 3854; x_wconf 86' lang='lat' dir='ltr'><strong>poralem</strong></span> <span class='ocrx_word' id='word_1_423' title='bbox 727 3787 914 3854; x_wconf 87' lang='lat' dir='ltr'><strong>p0puli</strong></span> <span class='ocrx_word' id='word_1_424' title='bbox 945 3794 1076 3840; x_wconf 90' lang='lat' dir='ltr'><strong>tunc</strong></span> <span class='ocrx_word' id='word_1_425' title='bbox 1119 3783 1438 3838; x_wconf 88' lang='lat' dir='ltr'><strong>exsistentis</strong></span> <span class='ocrx_word' id='word_1_426' title='bbox 1461 3799 1477 3848; x_wconf 89' lang='lat'><strong>;</strong></span> <span class='ocrx_word' id='word_1_427' title='bbox 1501 3783 1581 3836; x_wconf 91' lang='lat' dir='ltr'><strong>sic</strong></span> <span class='ocrx_word' id='word_1_428' title='bbox 1623 3782 2034 3849; x_wconf 72' lang='lat' dir='ltr'><strong>immaculatum</strong></span> 
     </span>
    </p>
   </div>
   <div class='ocr_carea' id='block_1_57' title="bbox 463 3875 2035 3943">
    <p class='ocr_par' dir='ltr' id='par_1_57' title="bbox 463 3875 2035 3943">
     <span class='ocr_line' id='line_1_57' title="bbox 463 3875 2035 3943; baseline 0 -13"><span class='ocrx_word' id='word_1_429' title='bbox 463 3891 666 3943; x_wconf 86' lang='lat' dir='ltr'><strong>corpus</strong></span> <span class='ocrx_word' id='word_1_430' title='bbox 711 3875 914 3930; x_wconf 87' lang='lat' dir='ltr'><strong>Christi</strong></span> <span class='ocrx_word' id='word_1_431' title='bbox 965 3885 1020 3930; x_wconf 89' lang='lat' dir='ltr'><strong>et</strong></span> <span class='ocrx_word' id='word_1_432' title='bbox 1057 3875 1154 3929; x_wconf 89' lang='lat' dir='ltr'><strong>Dei</strong></span> <span class='ocrx_word' id='word_1_433' title='bbox 1189 3883 1469 3928; x_wconf 85' lang='lat' dir='ltr'><strong>mortuum</strong></span> <span class='ocrx_word' id='word_1_434' title='bbox 1504 3884 1695 3928; x_wconf 90' lang='lat' dir='ltr'><strong>sancto</strong></span> <span class='ocrx_word' id='word_1_435' title='bbox 1731 3889 1833 3928; x_wconf 91' lang='lat' dir='ltr'><strong>suo</strong></span> <span class='ocrx_word' id='word_1_436' title='bbox 1862 3875 2035 3930; x_wconf 87' lang='lat' dir='ltr'><strong>latere</strong></span> 
     </span>
    </p>
   </div>
   <div class='ocr_carea' id='block_1_58' title="bbox 464 3966 2036 4038">
    <p class='ocr_par' dir='ltr' id='par_1_58' title="bbox 464 3966 2036 4038">
     <span class='ocr_line' id='line_1_58' title="bbox 464 3966 2036 4038; baseline 0 -18"><span class='ocrx_word' id='word_1_437' title='bbox 464 3969 606 4022; x_wconf 75' lang='lat' dir='ltr'><strong>fudit</strong></span> <span class='ocrx_word' id='word_1_438' title='bbox 658 3969 843 4022; x_wconf 86' lang='lat' dir='ltr'><strong>statim</strong></span> <span class='ocrx_word' id='word_1_439' title='bbox 873 3969 1192 4038; x_wconf 85' lang='lat' dir='ltr'><strong>sanguinem</strong></span> <span class='ocrx_word' id='word_1_440' title='bbox 1227 3975 1283 4022; x_wconf 91' lang='lat' dir='ltr'><strong>et</strong></span> <span class='ocrx_word' id='word_1_441' title='bbox 1309 3981 1502 4036; x_wconf 88' lang='lat' dir='ltr'><strong>aquam</strong></span> <span class='ocrx_word' id='word_1_442' title='bbox 1539 3966 1604 4020; x_wconf 91' lang='lat' dir='ltr'><strong>ad</strong></span> <span class='ocrx_word' id='word_1_443' title='bbox 1647 3967 1879 4020; x_wconf 82' lang='lat' dir='ltr'><strong>salutem</strong></span> <span class='ocrx_word' id='word_1_444' title='bbox 1910 3982 2036 4021; x_wconf 80' lang='lat' dir='ltr'><strong>cre-</strong></span> 
     </span>
    </p>
   </div>
   <div class='ocr_carea' id='block_1_59' title="bbox 465 4055 2035 4127">
    <p class='ocr_par' dir='ltr' id='par_1_59' title="bbox 465 4055 2035 4127">
     <span class='ocr_line' id='line_1_59' title="bbox 465 4055 2035 4127; baseline 0.001 -17"><span class='ocrx_word' id='word_1_445' title='bbox 465 4059 717 4112; x_wconf 83' lang='lat' dir='ltr'><strong>dentium</strong></span> <span class='ocrx_word' id='word_1_446' title='bbox 739 4058 812 4126; x_wconf 73' lang='lat' dir='ltr'><strong>jn</strong></span> <span class='ocrx_word' id='word_1_447' title='bbox 840 4059 1007 4113; x_wconf 87' lang='lat' dir='ltr'><strong>vitam</strong></span> <span class='ocrx_word' id='word_1_448' title='bbox 1041 4067 1302 4112; x_wconf 73' lang='lat' dir='ltr'><strong>aztcrnam</strong></span> <span class='ocrx_word' id='word_1_449' title='bbox 1334 4055 1389 4109; x_wconf 90' lang='lat' dir='ltr'><strong>in</strong></span> <span class='ocrx_word' id='word_1_450' title='bbox 1426 4056 1564 4126; x_wconf 90' lang='lat' dir='ltr'><strong>ipso,</strong></span> <span class='ocrx_word' id='word_1_451' title='bbox 1593 4064 1648 4110; x_wconf 92' lang='lat' dir='ltr'><strong>et</strong></span> <span class='ocrx_word' id='word_1_452' title='bbox 1680 4071 1790 4111; x_wconf 87' lang='lat' dir='ltr'><strong>non</strong></span> <span class='ocrx_word' id='word_1_453' title='bbox 1823 4065 2035 4127; x_wconf 85' lang='lat' dir='ltr'><strong>tempo-</strong></span> 
     </span>
    </p>
   </div>
   <div class='ocr_carea' id='block_1_60' title="bbox 466 4149 657 4201">
    <p class='ocr_par' dir='ltr' id='par_1_60' title="bbox 466 4149 657 4201">
     <span class='ocr_line' id='line_1_60' title="bbox 466 4149 657 4201; baseline -0.005 0"><span class='ocrx_word' id='word_1_454' title='bbox 466 4149 657 4201; x_wconf 89' lang='lat' dir='ltr'><strong>ralem.</strong></span> 
     </span>
    </p>
   </div>
   <div class='ocr_carea' id='block_1_61' title="bbox 2133 1866 3711 1946">
    <p class='ocr_par' dir='ltr' id='par_1_61' title="bbox 2133 1866 3711 1946">
     <span class='ocr_line' id='line_1_61' title="bbox 2133 1866 3711 1946; baseline -0.009 -15"><span class='ocrx_word' id='word_1_455' title='bbox 2133 1878 2374 1931; x_wconf 71' lang='grc' dir='ltr'>ἐπτυσάν</span> <span class='ocrx_word' id='word_1_456' title='bbox 2395 1895 2482 1946; x_wconf 88' lang='grc' dir='ltr'>με.</span> <span class='ocrx_word' id='word_1_457' title='bbox 2516 1895 2534 1927; x_wconf 67' lang='grc' dir='ltr'><strong>ι</strong></span> <span class='ocrx_word' id='word_1_458' title='bbox 2567 1877 2699 1946; x_wconf 75' lang='grc' dir='ltr'>Περὶ</span> <span class='ocrx_word' id='word_1_459' title='bbox 2716 1875 2772 1929; x_wconf 87' lang='grc' dir='ltr'><strong>δέ</strong></span> <span class='ocrx_word' id='word_1_460' title='bbox 2786 1874 2880 1927; x_wconf 83' lang='grc' dir='ltr'><strong>τοῦ</strong></span> <span class='ocrx_word' id='word_1_461' title='bbox 2912 1871 2971 1938; x_wconf 80' lang='grc' dir='ltr'>ἐξ</span> <span class='ocrx_word' id='word_1_462' title='bbox 2992 1871 3245 1925; x_wconf 79' lang='grc' dir='ltr'>ἀκανθῶν</span> <span class='ocrx_word' id='word_1_463' title='bbox 3271 1871 3534 1936; x_wconf 85' lang='grc' dir='ltr'>στέφανον</span> <span class='ocrx_word' id='word_1_464' title='bbox 3557 1866 3711 1936; x_wconf 82' lang='grc' dir='ltr'>φορέ-</span> 
     </span>
    </p>
   </div>
   <div class='ocr_carea' id='block_1_62' title="bbox 2135 1959 3711 2039">
    <p class='ocr_par' dir='ltr' id='par_1_62' title="bbox 2135 1959 3711 2039">
     <span class='ocr_line' id='line_1_62' title="bbox 2135 1959 3711 2039; baseline -0.006 -18"><span class='ocrx_word' id='word_1_465' title='bbox 2135 1985 2248 2033; x_wconf 83' lang='grc' dir='ltr'>σαι,</span> <span class='ocrx_word' id='word_1_466' title='bbox 2274 1971 2302 2022; x_wconf 92' lang='lat'><strong>6</strong></span> <span class='ocrx_word' id='word_1_467' title='bbox 2336 1968 2606 2039; x_wconf 81' lang='grc' dir='ltr'>Ἱερεμίας</span> <span class='ocrx_word' id='word_1_468' title='bbox 2633 1968 2812 2034; x_wconf 79' lang='grc' dir='ltr'>λέγει’</span> <span class='ocrx_word' id='word_1_469' title='bbox 2849 1986 2868 2018; x_wconf 75' lang='grc' dir='ltr'><strong>ι</strong></span> <span class='ocrx_word' id='word_1_470' title='bbox 2897 1966 3030 2027; x_wconf 83' lang='grc' dir='ltr'>Ταῖς</span> <span class='ocrx_word' id='word_1_471' title='bbox 3052 1962 3316 2026; x_wconf 82' lang='grc' dir='ltr'>ἀκάνθαις</span> <span class='ocrx_word' id='word_1_472' title='bbox 3339 1961 3446 2014; x_wconf 90' lang='grc' dir='ltr'><strong>τῶν</strong></span> <span class='ocrx_word' id='word_1_473' title='bbox 3468 1959 3711 2030; x_wconf 76' lang='grc' dir='ltr'>ἀνομιῶν</span> 
     </span>
    </p>
   </div>
   <div class='ocr_carea' id='block_1_63' title="bbox 2134 2049 3711 2126">
    <p class='ocr_par' dir='ltr' id='par_1_63' title="bbox 2134 2049 3711 2126">
     <span class='ocr_line' id='line_1_63' title="bbox 2134 2049 3711 2126; baseline -0.005 -17"><span class='ocrx_word' id='word_1_474' title='bbox 2134 2057 2314 2109; x_wconf 87' lang='grc' dir='ltr'>αὑτῶν</span> <span class='ocrx_word' id='word_1_475' title='bbox 2339 2055 2570 2125; x_wconf 74' lang='grc' dir='ltr'>ἐστεψάν</span> <span class='ocrx_word' id='word_1_476' title='bbox 2599 2073 2688 2126; x_wconf 89' lang='grc' dir='ltr'><strong>με.</strong></span> <span class='ocrx_word' id='word_1_477' title='bbox 2704 2074 2722 2108; x_wconf 76' lang='grc' dir='ltr'><strong>ι</strong></span> <span class='ocrx_word' id='word_1_478' title='bbox 2757 2056 2869 2109; x_wconf 88' lang='lat' dir='ltr'><strong>Kal</strong></span> <span class='ocrx_word' id='word_1_479' title='bbox 2896 2055 2978 2107; x_wconf 84' lang='grc' dir='ltr'>ὅτι</span> <span class='ocrx_word' id='word_1_480' title='bbox 3000 2053 3101 2123; x_wconf 77' lang='grc' dir='ltr'>τὴν</span> <span class='ocrx_word' id='word_1_481' title='bbox 3122 2051 3296 2124; x_wconf 79' lang='grc' dir='ltr'>ἀρχὴν</span> <span class='ocrx_word' id='word_1_482' title='bbox 3315 2051 3415 2120; x_wconf 78' lang='grc' dir='ltr'>τῆς</span> <span class='ocrx_word' id='word_1_483' title='bbox 3435 2049 3711 2119; x_wconf 79' lang='grc' dir='ltr'>σωτηρίας</span> 
     </span>
    </p>
   </div>
   <div class='ocr_carea' id='block_1_64' title="bbox 2134 2140 3711 2218">
    <p class='ocr_par' dir='ltr' id='par_1_64' title="bbox 2134 2140 3711 2218">
     <span class='ocr_line' id='line_1_64' title="bbox 2134 2140 3711 2218; baseline -0.006 -17"><span class='ocrx_word' id='word_1_484' title='bbox 2134 2148 2292 2218; x_wconf 78' lang='grc' dir='ltr'>ἡμῶν</span> <span class='ocrx_word' id='word_1_485' title='bbox 2315 2189 2329 2211; x_wconf 89' lang='grc'><strong>,</strong></span> <span class='ocrx_word' id='word_1_486' title='bbox 2365 2149 2625 2202; x_wconf 80' lang='grc' dir='ltr'>τουτέστι</span> <span class='ocrx_word' id='word_1_487' title='bbox 2677 2147 2768 2200; x_wconf 79' lang='grc' dir='ltr'><strong>τὸν</strong></span> <span class='ocrx_word' id='word_1_488' title='bbox 2813 2145 3066 2214; x_wconf 68' lang='grc' dir='ltr'>σταυρὸν,</span> <span class='ocrx_word' id='word_1_489' title='bbox 3111 2145 3170 2196; x_wconf 85' lang='grc' dir='ltr'><strong>ἐν</strong></span> <span class='ocrx_word' id='word_1_490' title='bbox 3211 2145 3325 2204; x_wconf 87' lang='grc' dir='ltr'>τοῖς</span> <span class='ocrx_word' id='word_1_491' title='bbox 3360 2141 3508 2203; x_wconf 79' lang='grc' dir='ltr'>ἰδίοις</span> <span class='ocrx_word' id='word_1_492' title='bbox 3540 2140 3711 2209; x_wconf 79' lang='grc' dir='ltr'>ὤμοις</span> 
     </span>
    </p>
   </div>
   <div class='ocr_carea' id='block_1_65' title="bbox 2130 2232 3711 2308">
    <p class='ocr_par' dir='ltr' id='par_1_65' title="bbox 2130 2232 3711 2308">
     <span class='ocr_line' id='line_1_65' title="bbox 2130 2232 3711 2308; baseline -0.006 -16"><span class='ocrx_word' id='word_1_493' title='bbox 2130 2240 2433 2305; x_wconf 79' lang='grc' dir='ltr'>ἐϐάσταζεν</span> <span class='ocrx_word' id='word_1_494' title='bbox 2480 2243 2508 2294; x_wconf 97' lang='lat'><strong>6</strong></span> <span class='ocrx_word' id='word_1_495' title='bbox 2555 2238 2793 2308; x_wconf 77' lang='grc' dir='ltr'>ὑψωθεὶς</span> <span class='ocrx_word' id='word_1_496' title='bbox 2842 2240 2900 2292; x_wconf 82' lang='grc' dir='ltr'><strong>ἐν</strong></span> <span class='ocrx_word' id='word_1_497' title='bbox 2937 2235 3108 2306; x_wconf 84' lang='grc' dir='ltr'>αὑτῷ,</span> <span class='ocrx_word' id='word_1_498' title='bbox 3151 2234 3379 2296; x_wconf 87' lang='grc' dir='ltr'>Ἦσατας</span> <span class='ocrx_word' id='word_1_499' title='bbox 3407 2232 3592 2300; x_wconf 88' lang='grc' dir='ltr'>λέγει,</span> <span class='ocrx_word' id='word_1_500' title='bbox 3630 2233 3711 2284; x_wconf 83' lang='grc' dir='ltr'>ὅτι</span> 
     </span>
    </p>
   </div>
   <div class='ocr_carea' id='block_1_66' title="bbox 2141 2317 3710 2400">
    <p class='ocr_par' dir='ltr' id='par_1_66' title="bbox 2141 2317 3710 2400">
     <span class='ocr_line' id='line_1_66' title="bbox 2141 2317 3710 2400; baseline -0.005 -19"><span class='ocrx_word' id='word_1_501' title='bbox 2141 2349 2159 2381; x_wconf 73' lang='grc' dir='ltr'><strong>ι</strong></span> <span class='ocrx_word' id='word_1_502' title='bbox 2201 2330 2419 2384; x_wconf 85' lang='grc' dir='ltr'>Παιδίον</span> <span class='ocrx_word' id='word_1_503' title='bbox 2462 2330 2728 2400; x_wconf 76' lang='grc' dir='ltr'>ἐγεννήθη</span> <span class='ocrx_word' id='word_1_504' title='bbox 2779 2331 2942 2399; x_wconf 76' lang='grc' dir='ltr'>ἡμῖν,</span> <span class='ocrx_word' id='word_1_505' title='bbox 2993 2327 3108 2388; x_wconf 81' lang='grc' dir='ltr'>υἱὸς</span> <span class='ocrx_word' id='word_1_506' title='bbox 3134 2328 3228 2380; x_wconf 72' lang='grc' dir='ltr'>καὶ</span> <span class='ocrx_word' id='word_1_507' title='bbox 3265 2323 3422 2395; x_wconf 85' lang='grc' dir='ltr'>ἐδόθη</span> <span class='ocrx_word' id='word_1_508' title='bbox 3461 2325 3613 2394; x_wconf 80' lang='grc' dir='ltr'>ἡμῖν,</span> <span class='ocrx_word' id='word_1_509' title='bbox 3649 2317 3710 2374; x_wconf 75' lang='grc' dir='ltr'><strong>οὑ</strong></span> 
     </span>
    </p>
   </div>
   <div class='ocr_carea' id='block_1_67' title="bbox 2132 2414 3708 2493">
    <p class='ocr_par' dir='ltr' id='par_1_67' title="bbox 2132 2414 3708 2493">
     <span class='ocr_line' id='line_1_67' title="bbox 2132 2414 3708 2493; baseline -0.006 -18"><span class='ocrx_word' id='word_1_510' title='bbox 2132 2425 2164 2493; x_wconf 83' lang='grc' dir='ltr'>ἡ</span> <span class='ocrx_word' id='word_1_511' title='bbox 2198 2423 2338 2492; x_wconf 80' lang='grc' dir='ltr'>ἁρχὴ</span> <span class='ocrx_word' id='word_1_512' title='bbox 2370 2420 2463 2474; x_wconf 70' lang='grc' dir='ltr'>ἐπὶ</span> <span class='ocrx_word' id='word_1_513' title='bbox 2492 2421 2587 2475; x_wconf 89' lang='grc' dir='ltr'><strong>τοῦ</strong></span> <span class='ocrx_word' id='word_1_514' title='bbox 2615 2420 2772 2491; x_wconf 86' lang='grc' dir='ltr'>ῶμου</span> <span class='ocrx_word' id='word_1_515' title='bbox 2799 2418 2965 2474; x_wconf 85' lang='grc' dir='ltr'>αὑτοῦ</span> <span class='ocrx_word' id='word_1_516' title='bbox 2997 2438 3016 2472; x_wconf 76' lang='grc' dir='ltr'><strong>ι</strong></span> <span class='ocrx_word' id='word_1_517' title='bbox 3040 2458 3056 2482; x_wconf 92' lang='grc'><strong>,</strong></span> <span class='ocrx_word' id='word_1_518' title='bbox 3084 2416 3365 2470; x_wconf 80' lang='grc' dir='ltr'>τουτέστιν</span> <span class='ocrx_word' id='word_1_519' title='bbox 3396 2415 3424 2465; x_wconf 95' lang='lat'><strong>6</strong></span> <span class='ocrx_word' id='word_1_520' title='bbox 3458 2414 3708 2481; x_wconf 73' lang='grc' dir='ltr'>σταυρὸς.</span> 
     </span>
    </p>
   </div>
   <div class='ocr_carea' id='block_1_68' title="bbox 2135 2503 3707 2584">
    <p class='ocr_par' dir='ltr' id='par_1_68' title="bbox 2135 2503 3707 2584">
     <span class='ocr_line' id='line_1_68' title="bbox 2135 2503 3707 2584; baseline -0.008 -16"><span class='ocrx_word' id='word_1_521' title='bbox 2135 2516 2257 2568; x_wconf 85' lang='grc' dir='ltr'><strong>ὐτι</strong></span> <span class='ocrx_word' id='word_1_522' title='bbox 2306 2515 2442 2578; x_wconf 84' lang='grc' dir='ltr'>Θεὸς</span> <span class='ocrx_word' id='word_1_523' title='bbox 2488 2514 2583 2568; x_wconf 79' lang='grc' dir='ltr'>καὶ</span> <span class='ocrx_word' id='word_1_524' title='bbox 2623 2513 2881 2584; x_wconf 83' lang='grc' dir='ltr'>βασιλεὺς</span> <span class='ocrx_word' id='word_1_525' title='bbox 2915 2513 3022 2581; x_wconf 85' lang='grc' dir='ltr'>πρὸ</span> <span class='ocrx_word' id='word_1_526' title='bbox 3053 2510 3266 2565; x_wconf 78' lang='grc' dir='ltr'>αἰώνων</span> <span class='ocrx_word' id='word_1_527' title='bbox 3295 2503 3364 2578; x_wconf 83' lang='grc' dir='ltr'>ἦν</span> <span class='ocrx_word' id='word_1_528' title='bbox 3397 2507 3426 2558; x_wconf 93' lang='lat'><strong>6</strong></span> <span class='ocrx_word' id='word_1_529' title='bbox 3452 2503 3707 2574; x_wconf 70' lang='grc' dir='ltr'>Χριστος,</span> 
     </span>
    </p>
   </div>
   <div class='ocr_carea' id='block_1_69' title="bbox 2133 2598 3712 2677">
    <p class='ocr_par' dir='ltr' id='par_1_69' title="bbox 2133 2598 3712 2677">
     <span class='ocr_line' id='line_1_69' title="bbox 2133 2598 3712 2677; baseline -0.009 -16"><span class='ocrx_word' id='word_1_530' title='bbox 2133 2609 2231 2661; x_wconf 75' lang='grc' dir='ltr'>καὶ</span> <span class='ocrx_word' id='word_1_531' title='bbox 2265 2607 2322 2660; x_wconf 79' lang='grc' dir='ltr'><strong>ἐν</strong></span> <span class='ocrx_word' id='word_1_532' title='bbox 2354 2606 2503 2677; x_wconf 82' lang='grc' dir='ltr'>μέσῳ</span> <span class='ocrx_word' id='word_1_533' title='bbox 2529 2606 2634 2676; x_wconf 86' lang='grc' dir='ltr'>γῆς</span> <span class='ocrx_word' id='word_1_534' title='bbox 2665 2603 3030 2676; x_wconf 86' lang='grc' dir='ltr'>σταυροῦσθαι</span> <span class='ocrx_word' id='word_1_535' title='bbox 3053 2601 3216 2656; x_wconf 83' lang='grc' dir='ltr'>αὑτὸν</span> <span class='ocrx_word' id='word_1_536' title='bbox 3239 2599 3430 2670; x_wconf 74' lang='grc' dir='ltr'>ἔμελλε</span> <span class='ocrx_word' id='word_1_537' title='bbox 3454 2598 3589 2666; x_wconf 81' lang='grc' dir='ltr'>πρὸς</span> <span class='ocrx_word' id='word_1_538' title='bbox 3611 2613 3712 2648; x_wconf 75' lang='grc' dir='ltr'>σωο</span> 
     </span>
    </p>
   </div>
   <div class='ocr_carea' id='block_1_70' title="bbox 2131 2686 3710 2769">
    <p class='ocr_par' dir='ltr' id='par_1_70' title="bbox 2131 2686 3710 2769">
     <span class='ocr_line' id='line_1_70' title="bbox 2131 2686 3710 2769; baseline -0.008 -17"><span class='ocrx_word' id='word_1_539' title='bbox 2131 2698 2329 2769; x_wconf 82' lang='grc' dir='ltr'>τηρίαν</span> <span class='ocrx_word' id='word_1_540' title='bbox 2382 2697 2547 2751; x_wconf 86' lang='grc' dir='ltr'>αὑτοῦ</span> <span class='ocrx_word' id='word_1_541' title='bbox 2596 2695 2828 2765; x_wconf 80' lang='grc' dir='ltr'>κόσμου,</span> <span class='ocrx_word' id='word_1_542' title='bbox 2879 2697 2909 2748; x_wconf 91' lang='lat'><strong>6</strong></span> <span class='ocrx_word' id='word_1_543' title='bbox 2953 2693 3116 2747; x_wconf 76' lang='grc' dir='ltr'>Δαϐὶδ</span> <span class='ocrx_word' id='word_1_544' title='bbox 3151 2693 3330 2759; x_wconf 82' lang='grc' dir='ltr'>λέγει’</span> <span class='ocrx_word' id='word_1_545' title='bbox 3369 2707 3389 2740; x_wconf 79' lang='grc' dir='ltr'><strong>ι</strong></span> <span class='ocrx_word' id='word_1_546' title='bbox 3414 2689 3471 2741; x_wconf 91' lang='grc' dir='ltr'>Ὁ</span> <span class='ocrx_word' id='word_1_547' title='bbox 3496 2687 3552 2739; x_wconf 86' lang='grc' dir='ltr'><strong>δέ</strong></span> <span class='ocrx_word' id='word_1_548' title='bbox 3579 2686 3710 2746; x_wconf 81' lang='grc' dir='ltr'>Θεὸς</span> 
     </span>
    </p>
   </div>
   <div class='ocr_carea' id='block_1_71' title="bbox 2136 2778 3710 2860">
    <p class='ocr_par' dir='ltr' id='par_1_71' title="bbox 2136 2778 3710 2860">
     <span class='ocr_line' id='line_1_71' title="bbox 2136 2778 3710 2860; baseline -0.011 -16"><span class='ocrx_word' id='word_1_549' title='bbox 2136 2789 2390 2858; x_wconf 81' lang='grc' dir='ltr'>βασιλεὺς</span> <span class='ocrx_word' id='word_1_550' title='bbox 2446 2787 2606 2860; x_wconf 84' lang='grc' dir='ltr'>ἡμῶν</span> <span class='ocrx_word' id='word_1_551' title='bbox 2665 2785 2996 2858; x_wconf 89' lang='grc' dir='ltr'>προαιώνιος</span> <span class='ocrx_word' id='word_1_552' title='bbox 3070 2782 3370 2856; x_wconf 85' lang='grc' dir='ltr'>εἰργάσατο</span> <span class='ocrx_word' id='word_1_553' title='bbox 3434 2778 3710 2847; x_wconf 76' lang='grc' dir='ltr'>σωτηρίαν</span> 
     </span>
    </p>
   </div>
   <div class='ocr_carea' id='block_1_72' title="bbox 2133 2872 3710 2952">
    <p class='ocr_par' dir='ltr' id='par_1_72' title="bbox 2133 2872 3710 2952">
     <span class='ocr_line' id='line_1_72' title="bbox 2133 2872 3710 2952; baseline -0.008 -17"><span class='ocrx_word' id='word_1_554' title='bbox 2133 2884 2191 2935; x_wconf 88' lang='grc' dir='ltr'><strong>ἐν</strong></span> <span class='ocrx_word' id='word_1_555' title='bbox 2224 2881 2376 2952; x_wconf 84' lang='grc' dir='ltr'><strong>μέσῳ</strong></span> <span class='ocrx_word' id='word_1_556' title='bbox 2405 2881 2506 2952; x_wconf 83' lang='grc' dir='ltr'><strong>τῆς</strong></span> <span class='ocrx_word' id='word_1_557' title='bbox 2532 2879 2660 2950; x_wconf 84' lang='grc' dir='ltr'>γῆς.</span> <span class='ocrx_word' id='word_1_558' title='bbox 2691 2898 2709 2930; x_wconf 75' lang='grc' dir='ltr'><strong>ι</strong></span> <span class='ocrx_word' id='word_1_559' title='bbox 2751 2879 2863 2932; x_wconf 88' lang='lat' dir='ltr'><strong>Kal.</strong></span> <span class='ocrx_word' id='word_1_560' title='bbox 2899 2879 2980 2931; x_wconf 84' lang='grc' dir='ltr'>ὅτι</span> <span class='ocrx_word' id='word_1_561' title='bbox 3011 2876 3378 2948; x_wconf 77' lang='grc' dir='ltr'>προσήλωσαν</span> <span class='ocrx_word' id='word_1_562' title='bbox 3408 2872 3575 2926; x_wconf 87' lang='grc' dir='ltr'>αὑτοῦ</span> <span class='ocrx_word' id='word_1_563' title='bbox 3600 2874 3710 2941; x_wconf 77' lang='grc' dir='ltr'>χεῖ-</span> 
     </span>
    </p>
   </div>
   <div class='ocr_carea' id='block_1_73' title="bbox 2134 2964 3710 3046">
    <p class='ocr_par' dir='ltr' id='par_1_73' title="bbox 2134 2964 3710 3046">
     <span class='ocr_line' id='line_1_73' title="bbox 2134 2964 3710 3046; baseline -0.008 -19"><span class='ocrx_word' id='word_1_564' title='bbox 2134 2991 2234 3046; x_wconf 87' lang='grc' dir='ltr'><strong>ρας</strong></span> <span class='ocrx_word' id='word_1_565' title='bbox 2288 2973 2384 3026; x_wconf 77' lang='grc' dir='ltr'>καὶ</span> <span class='ocrx_word' id='word_1_566' title='bbox 2434 2972 2638 3035; x_wconf 81' lang='grc' dir='ltr'>πόδας,</span> <span class='ocrx_word' id='word_1_567' title='bbox 2693 2969 2831 3042; x_wconf 87' lang='grc' dir='ltr'>ὁμοῦ</span> <span class='ocrx_word' id='word_1_568' title='bbox 2897 2969 3174 3039; x_wconf 84' lang='grc' dir='ltr'>Ζαχαρίας</span> <span class='ocrx_word' id='word_1_569' title='bbox 3219 2967 3396 3034; x_wconf 84' lang='grc' dir='ltr'>λέγει,</span> <span class='ocrx_word' id='word_1_570' title='bbox 3449 2965 3531 3017; x_wconf 80' lang='grc' dir='ltr'>ὅτι</span> <span class='ocrx_word' id='word_1_571' title='bbox 3595 2984 3610 3014; x_wconf 80' lang='grc' dir='ltr'><strong>ι</strong></span> <span class='ocrx_word' id='word_1_572' title='bbox 3647 2964 3710 3016; x_wconf 77' lang='lat' dir='ltr'><strong>At</strong></span> 
     </span>
    </p>
   </div>
   <div class='ocr_carea' id='block_1_74' title="bbox 2134 3054 3706 3135">
    <p class='ocr_par' dir='ltr' id='par_1_74' title="bbox 2134 3054 3706 3135">
     <span class='ocr_line' id='line_1_74' title="bbox 2134 3054 3706 3135; baseline -0.009 -18"><span class='ocrx_word' id='word_1_573' title='bbox 2134 3063 2339 3135; x_wconf 70' lang='grc' dir='ltr'>πληγαὶ</span> <span class='ocrx_word' id='word_1_574' title='bbox 2367 3063 2547 3116; x_wconf 88' lang='grc' dir='ltr'>αὑτῶν</span> <span class='ocrx_word' id='word_1_575' title='bbox 2576 3061 2679 3115; x_wconf 84' lang='grc' dir='ltr'><strong>ἀνὰ</strong></span> <span class='ocrx_word' id='word_1_576' title='bbox 2709 3061 2873 3131; x_wconf 88' lang='grc' dir='ltr'>μέσον</span> <span class='ocrx_word' id='word_1_577' title='bbox 2901 3062 3009 3112; x_wconf 89' lang='grc' dir='ltr'><strong>τῶν</strong></span> <span class='ocrx_word' id='word_1_578' title='bbox 3037 3058 3236 3130; x_wconf 84' lang='grc' dir='ltr'>χειρῶν</span> <span class='ocrx_word' id='word_1_579' title='bbox 3286 3073 3416 3127; x_wconf 77' lang='grc' dir='ltr'>μουο</span> <span class='ocrx_word' id='word_1_580' title='bbox 3450 3054 3543 3108; x_wconf 77' lang='grc' dir='ltr'>καὶ</span> <span class='ocrx_word' id='word_1_581' title='bbox 3571 3054 3706 3121; x_wconf 79' lang='grc' dir='ltr'>ἐρεῖ,</span> 
     </span>
    </p>
   </div>
   <div class='ocr_carea' id='block_1_75' title="bbox 2135 3145 3709 3226">
    <p class='ocr_par' dir='ltr' id='par_1_75' title="bbox 2135 3145 3709 3226">
     <span class='ocr_line' id='line_1_75' title="bbox 2135 3145 3709 3226; baseline -0.01 -16"><span class='ocrx_word' id='word_1_582' title='bbox 2135 3156 2202 3219; x_wconf 77' lang='grc' dir='ltr'>ἃς</span> <span class='ocrx_word' id='word_1_583' title='bbox 2247 3157 2492 3226; x_wconf 87' lang='grc' dir='ltr'>ἐπλήγην</span> <span class='ocrx_word' id='word_1_584' title='bbox 2541 3157 2599 3209; x_wconf 89' lang='grc' dir='ltr'><strong>ἐν</strong></span> <span class='ocrx_word' id='word_1_585' title='bbox 2643 3153 2721 3224; x_wconf 82' lang='grc' dir='ltr'><strong>τῷ</strong></span> <span class='ocrx_word' id='word_1_586' title='bbox 2761 3153 2896 3224; x_wconf 72' lang='grc' dir='ltr'>οἴκῳ</span> <span class='ocrx_word' id='word_1_587' title='bbox 2939 3150 3033 3205; x_wconf 88' lang='grc' dir='ltr'><strong>τοῦ</strong></span> <span class='ocrx_word' id='word_1_588' title='bbox 3083 3147 3370 3220; x_wconf 81' lang='grc' dir='ltr'>ἀγαπητοῦ</span> <span class='ocrx_word' id='word_1_589' title='bbox 3417 3165 3571 3218; x_wconf 72' lang='grc' dir='ltr'>μου.»</span> <span class='ocrx_word' id='word_1_590' title='bbox 3607 3145 3709 3196; x_wconf 84' lang='grc' dir='ltr'>Ἴδε</span> 
     </span>
    </p>
   </div>
   <div class='ocr_carea' id='block_1_76' title="bbox 2138 3239 3709 3316">
    <p class='ocr_par' dir='ltr' id='par_1_76' title="bbox 2138 3239 3709 3316">
     <span class='ocr_line' id='line_1_76' title="bbox 2138 3239 3709 3316; baseline -0.008 -15"><span class='ocrx_word' id='word_1_591' title='bbox 2138 3246 2256 3310; x_wconf 87' lang='grc' dir='ltr'><strong>πῶς</strong></span> <span class='ocrx_word' id='word_1_592' title='bbox 2291 3248 2383 3300; x_wconf 80' lang='grc' dir='ltr'>καὶ</span> <span class='ocrx_word' id='word_1_593' title='bbox 2416 3246 2556 3316; x_wconf 86' lang='grc' dir='ltr'>μετὰ</span> <span class='ocrx_word' id='word_1_594' title='bbox 2589 3245 2657 3298; x_wconf 86' lang='grc' dir='ltr'>τὰ</span> <span class='ocrx_word' id='word_1_595' title='bbox 2686 3245 2986 3314; x_wconf 81' lang='grc' dir='ltr'>παθήματα</span> <span class='ocrx_word' id='word_1_596' title='bbox 3014 3241 3186 3295; x_wconf 89' lang='grc' dir='ltr'>ταῦτα</span> <span class='ocrx_word' id='word_1_597' title='bbox 3216 3239 3536 3308; x_wconf 79' lang='grc' dir='ltr'>ἀγαπητοὺς</span> <span class='ocrx_word' id='word_1_598' title='bbox 3568 3239 3709 3305; x_wconf 77' lang='grc' dir='ltr'>ὑμᾶς</span> 
     </span>
    </p>
   </div>
   <div class='ocr_carea' id='block_1_77' title="bbox 2137 3329 3711 3406">
    <p class='ocr_par' dir='ltr' id='par_1_77' title="bbox 2137 3329 3711 3406">
     <span class='ocr_line' id='line_1_77' title="bbox 2137 3329 3711 3406; baseline -0.006 -15"><span class='ocrx_word' id='word_1_599' title='bbox 2137 3339 2312 3404; x_wconf 83' lang='grc' dir='ltr'>καλεῖ,</span> <span class='ocrx_word' id='word_1_600' title='bbox 2347 3338 2441 3391; x_wconf 71' lang='grc' dir='ltr'>καὶ</span> <span class='ocrx_word' id='word_1_601' title='bbox 2470 3338 2570 3390; x_wconf 89' lang='grc' dir='ltr'><strong>οὑκ</strong></span> <span class='ocrx_word' id='word_1_602' title='bbox 2598 3336 2961 3406; x_wconf 84' lang='grc' dir='ltr'>ἐπιστρέφετε</span> <span class='ocrx_word' id='word_1_603' title='bbox 2996 3334 3134 3402; x_wconf 75' lang='grc' dir='ltr'>πρὸς</span> <span class='ocrx_word' id='word_1_604' title='bbox 3161 3331 3352 3387; x_wconf 73' lang='grc' dir='ltr'>αὑτόνί</span> <span class='ocrx_word' id='word_1_605' title='bbox 3383 3330 3552 3392; x_wconf 78' lang='grc' dir='ltr'>ὅντως</span> <span class='ocrx_word' id='word_1_606' title='bbox 3576 3329 3711 3398; x_wconf 85' lang='grc' dir='ltr'>ἀχά-</span> 
     </span>
    </p>
   </div>
   <div class='ocr_carea' id='block_1_78' title="bbox 2143 3423 3710 3499">
    <p class='ocr_par' dir='ltr' id='par_1_78' title="bbox 2143 3423 3710 3499">
     <span class='ocr_line' id='line_1_78' title="bbox 2143 3423 3710 3499; baseline -0.006 -18"><span class='ocrx_word' id='word_1_607' title='bbox 2143 3446 2313 3499; x_wconf 87' lang='grc' dir='ltr'>ριστοι</span> <span class='ocrx_word' id='word_1_608' title='bbox 2343 3430 2521 3498; x_wconf 82' lang='grc' dir='ltr'>ὑμεῖς.</span> <span class='ocrx_word' id='word_1_609' title='bbox 2560 3428 2697 3497; x_wconf 78' lang='grc' dir='ltr'>Περί</span> <span class='ocrx_word' id='word_1_610' title='bbox 2722 3427 2780 3480; x_wconf 83' lang='grc' dir='ltr'><strong>δέ</strong></span> <span class='ocrx_word' id='word_1_611' title='bbox 2816 3425 2911 3479; x_wconf 81' lang='grc' dir='ltr'><strong>τοῦ</strong></span> <span class='ocrx_word' id='word_1_612' title='bbox 2941 3425 3175 3478; x_wconf 84' lang='grc' dir='ltr'>Θανόντα</span> <span class='ocrx_word' id='word_1_613' title='bbox 3201 3423 3364 3476; x_wconf 75' lang='grc' dir='ltr'>αὑτὸν</span> <span class='ocrx_word' id='word_1_614' title='bbox 3393 3423 3565 3492; x_wconf 78' lang='grc' dir='ltr'>λόγχῃ</span> <span class='ocrx_word' id='word_1_615' title='bbox 3591 3437 3710 3472; x_wconf 86' lang='grc' dir='ltr'>κεν-</span> 
     </span>
    </p>
   </div>
   <div class='ocr_carea' id='block_1_79' title="bbox 2138 3509 3712 3590">
    <p class='ocr_par' dir='ltr' id='par_1_79' title="bbox 2138 3509 3712 3590">
     <span class='ocr_line' id='line_1_79' title="bbox 2138 3509 3712 3590; baseline -0.008 -18"><span class='ocrx_word' id='word_1_616' title='bbox 2138 3521 2367 3590; x_wconf 80' lang='grc' dir='ltr'>τηθῆναι</span> <span class='ocrx_word' id='word_1_617' title='bbox 2418 3522 2517 3588; x_wconf 78' lang='grc' dir='ltr'><strong>τὴν</strong></span> <span class='ocrx_word' id='word_1_618' title='bbox 2569 3517 2729 3586; x_wconf 85' lang='grc' dir='ltr'>ἁγίαν</span> <span class='ocrx_word' id='word_1_619' title='bbox 2773 3517 2936 3570; x_wconf 82' lang='grc' dir='ltr'>αὑτοῦ</span> <span class='ocrx_word' id='word_1_620' title='bbox 2985 3514 3227 3586; x_wconf 80' lang='grc' dir='ltr'>πλευράν</span> <span class='ocrx_word' id='word_1_621' title='bbox 3271 3515 3366 3566; x_wconf 72' lang='grc' dir='ltr'>καὶ</span> <span class='ocrx_word' id='word_1_622' title='bbox 3413 3511 3604 3582; x_wconf 75' lang='grc' dir='ltr'>βλὺσαι</span> <span class='ocrx_word' id='word_1_623' title='bbox 3654 3509 3712 3573; x_wconf 81' lang='grc' dir='ltr'>ἐξ</span> 
     </span>
    </p>
   </div>
   <div class='ocr_carea' id='block_1_80' title="bbox 2139 3598 3706 3678">
    <p class='ocr_par' dir='ltr' id='par_1_80' title="bbox 2139 3598 3706 3678">
     <span class='ocr_line' id='line_1_80' title="bbox 2139 3598 3706 3678; baseline -0.007 -14"><span class='ocrx_word' id='word_1_624' title='bbox 2139 3610 2310 3678; x_wconf 82' lang='grc' dir='ltr'>αὑτῆς</span> <span class='ocrx_word' id='word_1_625' title='bbox 2343 3604 2481 3678; x_wconf 74' lang='grc' dir='ltr'>αἷμα</span> <span class='ocrx_word' id='word_1_626' title='bbox 2511 3610 2606 3663; x_wconf 74' lang='grc' dir='ltr'>καὶ</span> <span class='ocrx_word' id='word_1_627' title='bbox 2633 3609 2806 3677; x_wconf 79' lang='grc' dir='ltr'>ὕδωρ,</span> <span class='ocrx_word' id='word_1_628' title='bbox 2843 3611 2870 3661; x_wconf 93' lang='lat'><strong>6</strong></span> <span class='ocrx_word' id='word_1_629' title='bbox 2901 3608 3189 3678; x_wconf 68' lang='grc' dir='ltr'>προφήτης</span> <span class='ocrx_word' id='word_1_630' title='bbox 3216 3605 3496 3674; x_wconf 87' lang='grc' dir='ltr'>Ζαχαρίας</span> <span class='ocrx_word' id='word_1_631' title='bbox 3522 3598 3673 3654; x_wconf 71' lang='grc' dir='ltr'>εἶπεν</span> <span class='ocrx_word' id='word_1_632' title='bbox 3693 3617 3706 3629; x_wconf 80' lang='grc'><strong><em>⁸</em></strong></span> 
     </span>
    </p>
   </div>
   <div class='ocr_carea' id='block_1_81' title="bbox 2145 3695 3714 3771">
    <p class='ocr_par' dir='ltr' id='par_1_81' title="bbox 2145 3695 3714 3771">
     <span class='ocr_line' id='line_1_81' title="bbox 2145 3695 3714 3771; baseline -0.006 -18"><span class='ocrx_word' id='word_1_633' title='bbox 2145 3720 2165 3752; x_wconf 72' lang='grc' dir='ltr'><strong>ι</strong></span> <span class='ocrx_word' id='word_1_634' title='bbox 2211 3700 2624 3770; x_wconf 80' lang='grc' dir='ltr'>Ἐπιϐλέψονται</span> <span class='ocrx_word' id='word_1_635' title='bbox 2669 3701 2808 3771; x_wconf 81' lang='grc' dir='ltr'>πρός</span> <span class='ocrx_word' id='word_1_636' title='bbox 2841 3716 2908 3770; x_wconf 89' lang='grc' dir='ltr'>με</span> <span class='ocrx_word' id='word_1_637' title='bbox 2940 3701 3022 3761; x_wconf 86' lang='grc' dir='ltr'><strong>εἰς</strong></span> <span class='ocrx_word' id='word_1_638' title='bbox 3047 3699 3106 3750; x_wconf 85' lang='grc' dir='ltr'>ὃν</span> <span class='ocrx_word' id='word_1_639' title='bbox 3135 3698 3513 3766; x_wconf 78' lang='grc' dir='ltr'>ἐξεκέντησαν.</span> <span class='ocrx_word' id='word_1_640' title='bbox 3545 3715 3563 3746; x_wconf 76' lang='grc' dir='ltr'><strong>ι</strong></span> <span class='ocrx_word' id='word_1_641' title='bbox 3607 3695 3714 3748; x_wconf 84' lang='lat' dir='ltr'><strong>Kal.</strong></span> 
     </span>
    </p>
   </div>
   <div class='ocr_carea' id='block_1_82' title="bbox 2139 3788 3715 3860">
    <p class='ocr_par' dir='ltr' id='par_1_82' title="bbox 2139 3788 3715 3860">
     <span class='ocr_line' id='line_1_82' title="bbox 2139 3788 3715 3860; baseline -0.004 -16"><span class='ocrx_word' id='word_1_642' title='bbox 2139 3793 2168 3844; x_wconf 89' lang='lat'><strong>6</strong></span> <span class='ocrx_word' id='word_1_643' title='bbox 2191 3791 2432 3860; x_wconf 85' lang='grc' dir='ltr'>Μωῦσῆς</span> <span class='ocrx_word' id='word_1_644' title='bbox 2470 3790 2659 3859; x_wconf 78' lang='grc' dir='ltr'>σαφῶς</span> <span class='ocrx_word' id='word_1_645' title='bbox 2689 3791 2892 3860; x_wconf 81' lang='grc' dir='ltr'>ταύτην</span> <span class='ocrx_word' id='word_1_646' title='bbox 2920 3791 3285 3860; x_wconf 80' lang='grc' dir='ltr'>προεικονίζει</span> <span class='ocrx_word' id='word_1_647' title='bbox 3318 3788 3404 3841; x_wconf 80' lang='grc' dir='ltr'><strong>διὰ</strong></span> <span class='ocrx_word' id='word_1_648' title='bbox 3431 3789 3529 3855; x_wconf 82' lang='grc' dir='ltr'><strong>τῆς</strong></span> <span class='ocrx_word' id='word_1_649' title='bbox 3553 3788 3715 3855; x_wconf 85' lang='grc' dir='ltr'>ἀκρο-</span> 
     </span>
    </p>
   </div>
   <div class='ocr_carea' id='block_1_83' title="bbox 2139 3876 3710 3952">
    <p class='ocr_par' dir='ltr' id='par_1_83' title="bbox 2139 3876 3710 3952">
     <span class='ocr_line' id='line_1_83' title="bbox 2139 3876 3710 3952; baseline -0.003 -18"><span class='ocrx_word' id='word_1_650' title='bbox 2139 3881 2307 3949; x_wconf 83' lang='grc' dir='ltr'>τόμου</span> <span class='ocrx_word' id='word_1_651' title='bbox 2354 3881 2601 3950; x_wconf 85' lang='grc' dir='ltr'>πέτρας.</span> <span class='ocrx_word' id='word_1_652' title='bbox 2658 3876 2725 3950; x_wconf 81' lang='grc' dir='ltr'>ἦς</span> <span class='ocrx_word' id='word_1_653' title='bbox 2776 3881 2866 3934; x_wconf 86' lang='grc' dir='ltr'>διὰ</span> <span class='ocrx_word' id='word_1_654' title='bbox 2906 3882 3009 3951; x_wconf 81' lang='grc' dir='ltr'>τῆς</span> <span class='ocrx_word' id='word_1_655' title='bbox 3053 3881 3249 3952; x_wconf 73' lang='grc' dir='ltr'>ῥάϐδου</span> <span class='ocrx_word' id='word_1_656' title='bbox 3284 3878 3447 3932; x_wconf 88' lang='grc' dir='ltr'>αὑτοῦ</span> <span class='ocrx_word' id='word_1_657' title='bbox 3484 3877 3710 3944; x_wconf 69' lang='grc' dir='ltr'>πλήξας.</span> 
     </span>
    </p>
   </div>
   <div class='ocr_carea' id='block_1_84' title="bbox 2140 3969 3713 4041">
    <p class='ocr_par' dir='ltr' id='par_1_84' title="bbox 2140 3969 3713 4041">
     <span class='ocr_line' id='line_1_84' title="bbox 2140 3969 3713 4041; baseline -0.003 -18"><span class='ocrx_word' id='word_1_658' title='bbox 2140 3971 2364 4024; x_wconf 79' lang='grc' dir='ltr'>ἔϐλυσεν</span> <span class='ocrx_word' id='word_1_659' title='bbox 2395 3971 2540 4041; x_wconf 75' lang='grc' dir='ltr'>ὕδωρ</span> <span class='ocrx_word' id='word_1_660' title='bbox 2574 3970 2712 4040; x_wconf 75' lang='grc' dir='ltr'>πρὸς</span> <span class='ocrx_word' id='word_1_661' title='bbox 2741 3971 3016 4041; x_wconf 85' lang='grc' dir='ltr'>σωτηρίαν</span> <span class='ocrx_word' id='word_1_662' title='bbox 3043 3971 3137 4023; x_wconf 81' lang='grc' dir='ltr'><strong>τοῦ</strong></span> <span class='ocrx_word' id='word_1_663' title='bbox 3166 3969 3296 4021; x_wconf 88' lang='grc' dir='ltr'>λαοῦ</span> <span class='ocrx_word' id='word_1_664' title='bbox 3315 3987 3329 4002; x_wconf 89' lang='grc'>·</span> <span class='ocrx_word' id='word_1_665' title='bbox 3383 3971 3415 4038; x_wconf 80' lang='grc' dir='ltr'><strong>ἡ</strong></span> <span class='ocrx_word' id='word_1_666' title='bbox 3452 3969 3507 4021; x_wconf 85' lang='grc' dir='ltr'><strong>δέ</strong></span> <span class='ocrx_word' id='word_1_667' title='bbox 3543 3971 3713 4036; x_wconf 83' lang='grc' dir='ltr'>πέτρα</span> 
     </span>
    </p>
   </div>
   <div class='ocr_carea' id='block_1_85' title="bbox 2139 4059 3715 4134">
    <p class='ocr_par' dir='ltr' id='par_1_85' title="bbox 2139 4059 3715 4134">
     <span class='ocr_line' id='line_1_85' title="bbox 2139 4059 3715 4134; baseline -0.003 -19"><span class='ocrx_word' id='word_1_668' title='bbox 2139 4059 2208 4134; x_wconf 75' lang='grc' dir='ltr'>ἦν</span> <span class='ocrx_word' id='word_1_669' title='bbox 2237 4063 2522 4126; x_wconf 88' lang='grc' dir='ltr'>εἰκονικῶς</span> <span class='ocrx_word' id='word_1_670' title='bbox 2552 4065 2580 4116; x_wconf 93' lang='lat'><strong>6</strong></span> <span class='ocrx_word' id='word_1_671' title='bbox 2605 4063 2841 4131; x_wconf 86' lang='grc' dir='ltr'>Χριστός</span> <span class='ocrx_word' id='word_1_672' title='bbox 2862 4080 2874 4092; x_wconf 92' lang='grc'><strong>·</strong></span> <span class='ocrx_word' id='word_1_673' title='bbox 2911 4063 2986 4125; x_wconf 88' lang='grc' dir='ltr'><strong>ώς</strong></span> <span class='ocrx_word' id='word_1_674' title='bbox 3009 4064 3119 4134; x_wconf 82' lang='grc' dir='ltr'><strong>γάρ</strong></span> <span class='ocrx_word' id='word_1_675' title='bbox 3148 4063 3180 4132; x_wconf 82' lang='grc' dir='ltr'>ἡ</span> <span class='ocrx_word' id='word_1_676' title='bbox 3209 4063 3512 4131; x_wconf 85' lang='grc' dir='ltr'>ἀκρότομος</span> <span class='ocrx_word' id='word_1_677' title='bbox 3542 4060 3715 4129; x_wconf 85' lang='grc' dir='ltr'>πέτρα</span> 
     </span>
    </p>
   </div>
   <div class='ocr_carea' id='block_1_86' title="bbox 2143 4149 3714 4224">
    <p class='ocr_par' dir='ltr' id='par_1_86' title="bbox 2143 4149 3714 4224">
     <span class='ocr_line' id='line_1_86' title="bbox 2143 4149 3714 4224; baseline 0.005 -20"><span class='ocrx_word' id='word_1_678' title='bbox 2143 4154 2346 4224; x_wconf 79' lang='grc' dir='ltr'>ἄψυχος</span> <span class='ocrx_word' id='word_1_679' title='bbox 2369 4195 2386 4219; x_wconf 92' lang='grc'><strong>,</strong></span> <span class='ocrx_word' id='word_1_680' title='bbox 2440 4149 2576 4207; x_wconf 79' lang='grc' dir='ltr'>οὖσα</span> <span class='ocrx_word' id='word_1_681' title='bbox 2613 4155 2709 4206; x_wconf 81' lang='grc' dir='ltr'>καὶ</span> <span class='ocrx_word' id='word_1_682' title='bbox 2741 4153 3067 4223; x_wconf 85' lang='grc' dir='ltr'>ἀναίσθητος</span> <span class='ocrx_word' id='word_1_683' title='bbox 3117 4152 3448 4223; x_wconf 81' lang='grc' dir='ltr'>κρουσθεῖσα</span> <span class='ocrx_word' id='word_1_684' title='bbox 3481 4151 3585 4203; x_wconf 73' lang='grc' dir='ltr'>ὑπὸ</span> <span class='ocrx_word' id='word_1_685' title='bbox 3615 4149 3714 4219; x_wconf 75' lang='grc' dir='ltr'><strong>τῆς</strong></span> 
     </span>
    </p>
   </div>
   <div class='ocr_carea' id='block_1_87' title="bbox 466 4237 3716 4316">
    <p class='ocr_par' dir='ltr' id='par_1_87' title="bbox 466 4237 3716 4316">
     <span class='ocr_line' id='line_1_87' title="bbox 466 4237 3716 4316; baseline -0.005 -9"><span class='ocrx_word' id='word_1_686' title='bbox 466 4239 663 4308; x_wconf 73' lang='grc' dir='ltr'><strong>ρἀδου</strong></span> <span class='ocrx_word' id='word_1_687' title='bbox 691 4239 968 4303; x_wconf 77' lang='grc' dir='ltr'>Μωῦσέως</span> <span class='ocrx_word' id='word_1_688' title='bbox 990 4239 1152 4303; x_wconf 79' lang='grc' dir='ltr'>εὐθὺς</span> <span class='ocrx_word' id='word_1_689' title='bbox 1178 4238 1404 4292; x_wconf 75' lang='grc' dir='ltr'>ἕδλυσεν</span> <span class='ocrx_word' id='word_1_690' title='bbox 1428 4237 1573 4309; x_wconf 79' lang='grc' dir='ltr'>ὕδωρ</span> <span class='ocrx_word' id='word_1_691' title='bbox 1597 4239 1677 4301; x_wconf 71' lang='grc' dir='ltr'><strong>εἰς</strong></span> <span class='ocrx_word' id='word_1_692' title='bbox 1733 4238 1880 4310; x_wconf 74' lang='grc' dir='ltr'><strong>ζωὴν</strong></span> <span class='ocrx_word' id='word_1_693' title='bbox 1935 4244 2269 4315; x_wconf 83' lang='grc' dir='ltr'>πρόσκαιρον</span> <span class='ocrx_word' id='word_1_694' title='bbox 2333 4245 2412 4316; x_wconf 79' lang='grc' dir='ltr'><strong>τῷ</strong></span> <span class='ocrx_word' id='word_1_695' title='bbox 2440 4245 2560 4297; x_wconf 82' lang='grc' dir='ltr'>τότε</span> <span class='ocrx_word' id='word_1_696' title='bbox 2622 4244 2734 4314; x_wconf 81' lang='grc' dir='ltr'>λαῷ</span> <span class='ocrx_word' id='word_1_697' title='bbox 2758 4283 2772 4308; x_wconf 91' lang='grc'><strong>,</strong></span> <span class='ocrx_word' id='word_1_698' title='bbox 2828 4245 2971 4298; x_wconf 85' lang='grc' dir='ltr'>οὑτω</span> <span class='ocrx_word' id='word_1_699' title='bbox 3013 4246 3108 4299; x_wconf 70' lang='grc' dir='ltr'><strong>κα)⁸</strong></span> <span class='ocrx_word' id='word_1_700' title='bbox 3149 4245 3212 4297; x_wconf 81' lang='grc' dir='ltr'>τὸ</span> <span class='ocrx_word' id='word_1_701' title='bbox 3252 4245 3522 4313; x_wconf 87' lang='grc' dir='ltr'>ἄχραντον</span> <span class='ocrx_word' id='word_1_702' title='bbox 3557 4241 3716 4308; x_wconf 86' lang='grc' dir='ltr'>σῶμα</span> 
     </span>
    </p>
   </div>
   <div class='ocr_carea' id='block_1_88' title="bbox 461 4329 3716 4407">
    <p class='ocr_par' dir='ltr' id='par_1_88' title="bbox 461 4329 3716 4407">
     <span class='ocr_line' id='line_1_88' title="bbox 461 4329 3716 4407; baseline -0.001 -22"><span class='ocrx_word' id='word_1_703' title='bbox 461 4331 698 4402; x_wconf 82' lang='grc' dir='ltr'>Χριστοῦ</span> <span class='ocrx_word' id='word_1_704' title='bbox 746 4332 840 4385; x_wconf 89' lang='grc' dir='ltr'><strong>τοῦ</strong></span> <span class='ocrx_word' id='word_1_705' title='bbox 886 4331 1022 4384; x_wconf 89' lang='grc' dir='ltr'>Θεοῦ</span> <span class='ocrx_word' id='word_1_706' title='bbox 1069 4331 1342 4402; x_wconf 85' lang='grc' dir='ltr'>νεκρωθὲν</span> <span class='ocrx_word' id='word_1_707' title='bbox 1372 4333 1437 4400; x_wconf 84' lang='grc' dir='ltr'><strong>τῇ</strong></span> <span class='ocrx_word' id='word_1_708' title='bbox 1465 4331 1599 4400; x_wconf 80' lang='grc' dir='ltr'>ἀγίᾳ.</span> <span class='ocrx_word' id='word_1_709' title='bbox 1628 4329 1793 4382; x_wconf 84' lang='grc' dir='ltr'>αὑτοῦ</span> <span class='ocrx_word' id='word_1_710' title='bbox 1820 4331 2030 4401; x_wconf 73' lang='grc' dir='ltr'>πλευρᾷ</span> <span class='ocrx_word' id='word_1_711' title='bbox 2068 4333 2229 4398; x_wconf 83' lang='grc' dir='ltr'>εὐθὺς</span> <span class='ocrx_word' id='word_1_712' title='bbox 2257 4335 2486 4388; x_wconf 77' lang='grc' dir='ltr'>ἔϐλυσεν</span> <span class='ocrx_word' id='word_1_713' title='bbox 2509 4331 2647 4404; x_wconf 80' lang='grc' dir='ltr'>αἷμα</span> <span class='ocrx_word' id='word_1_714' title='bbox 2677 4335 2770 4388; x_wconf 71' lang='grc' dir='ltr'>καὶ</span> <span class='ocrx_word' id='word_1_715' title='bbox 2796 4333 2937 4406; x_wconf 81' lang='grc' dir='ltr'>ὕδωρ</span> <span class='ocrx_word' id='word_1_716' title='bbox 2965 4335 3101 4407; x_wconf 86' lang='grc' dir='ltr'>πρὸς</span> <span class='ocrx_word' id='word_1_717' title='bbox 3127 4334 3402 4404; x_wconf 81' lang='grc' dir='ltr'>σωτηρίαν</span> <span class='ocrx_word' id='word_1_718' title='bbox 3460 4331 3573 4385; x_wconf 89' lang='grc' dir='ltr'><strong>τῶν</strong></span> <span class='ocrx_word' id='word_1_719' title='bbox 3629 4349 3716 4383; x_wconf 76' lang='grc' dir='ltr'><strong>πιο</strong></span> 
     </span>
    </p>
   </div>
   <div class='ocr_carea' id='block_1_89' title="bbox 465 4424 2220 4499">
    <p class='ocr_par' dir='ltr' id='par_1_89' title="bbox 465 4424 2220 4499">
     <span class='ocr_line' id='line_1_89' title="bbox 465 4424 2220 4499; baseline 0.002 -20"><span class='ocrx_word' id='word_1_720' title='bbox 465 4428 764 4480; x_wconf 80' lang='grc' dir='ltr'>στευόντων</span> <span class='ocrx_word' id='word_1_721' title='bbox 799 4428 878 4490; x_wconf 87' lang='grc' dir='ltr'><strong>είς</strong></span> <span class='ocrx_word' id='word_1_722' title='bbox 908 4425 1052 4496; x_wconf 80' lang='grc' dir='ltr'>ζωὴν</span> <span class='ocrx_word' id='word_1_723' title='bbox 1082 4427 1300 4479; x_wconf 87' lang='grc' dir='ltr'>αἰώνιον</span> <span class='ocrx_word' id='word_1_724' title='bbox 1337 4426 1418 4489; x_wconf 89' lang='grc' dir='ltr'><strong>εἰς</strong></span> <span class='ocrx_word' id='word_1_725' title='bbox 1450 4425 1614 4478; x_wconf 74' lang='grc' dir='ltr'>αὑτὸν</span> <span class='ocrx_word' id='word_1_726' title='bbox 1648 4425 1743 4477; x_wconf 77' lang='grc' dir='ltr'><strong>καὶ</strong></span> <span class='ocrx_word' id='word_1_727' title='bbox 1773 4424 1832 4477; x_wconf 79' lang='grc' dir='ltr'>οὐ</span> <span class='ocrx_word' id='word_1_728' title='bbox 1863 4427 2220 4499; x_wconf 85' lang='grc' dir='ltr'>πρόσκαιρον.</span> 
     </span>
    </p>
   </div>
   <div class='ocr_carea' id='block_1_90' title="bbox 535 4513 2033 4590">
    <p class='ocr_par' dir='ltr' id='par_1_90' title="bbox 535 4513 2033 4588">
     <span class='ocr_line' id='line_1_90' title="bbox 535 4513 2033 4588; baseline 0.001 -16"><span class='ocrx_word' id='word_1_729' title='bbox 535 4520 854 4588; x_wconf 84' lang='lat' dir='ltr'><strong>Rursusque</strong></span> <span class='ocrx_word' id='word_1_730' title='bbox 879 4519 1021 4572; x_wconf 91' lang='lat' dir='ltr'><strong>idem</strong></span> <span class='ocrx_word' id='word_1_731' title='bbox 1053 4519 1318 4588; x_wconf 86' lang='lat' dir='ltr'><strong>propheta</strong></span> <span class='ocrx_word' id='word_1_732' title='bbox 1341 4513 1554 4588; x_wconf 80' lang='lat' dir='ltr'><strong>Moyses</strong></span> <span class='ocrx_word' id='word_1_733' title='bbox 1579 4517 1716 4572; x_wconf 88' lang='lat' dir='ltr'><strong>dicit</strong></span> <span class='ocrx_word' id='word_1_734' title='bbox 1743 4517 1811 4572; x_wconf 88' lang='lat' dir='ltr'><strong>de</strong></span> <span class='ocrx_word' id='word_1_735' title='bbox 1833 4517 2033 4573; x_wconf 90' lang='lat' dir='ltr'><strong>Christi</strong></span> 
     </span>
    </p>
   </div>
   <div class='ocr_carea' id='block_1_91' title="bbox 2137 4513 3712 4590">
    <p class='ocr_par' dir='ltr' id='par_1_91' title="bbox 2214 4517 3712 4590">
     <span class='ocr_line' id='line_1_91' title="bbox 2214 4517 3712 4590; baseline -0.005 -17"><span class='ocrx_word' id='word_1_736' title='bbox 2214 4521 2324 4573; x_wconf 86' lang='lat' dir='ltr'><strong>Kal</strong></span> <span class='ocrx_word' id='word_1_737' title='bbox 2357 4521 2524 4575; x_wconf 88' lang='grc' dir='ltr'>πάλιν</span> <span class='ocrx_word' id='word_1_738' title='bbox 2571 4524 2599 4574; x_wconf 93' lang='lat'><strong>6</strong></span> <span class='ocrx_word' id='word_1_739' title='bbox 2629 4520 2792 4584; x_wconf 79' lang='grc' dir='ltr'>αὑτὸς</span> <span class='ocrx_word' id='word_1_740' title='bbox 2823 4520 3108 4590; x_wconf 72' lang='grc' dir='ltr'>προφήτης</span> <span class='ocrx_word' id='word_1_741' title='bbox 3131 4519 3372 4586; x_wconf 80' lang='grc' dir='ltr'><strong>Μωῦσῆς</strong></span> <span class='ocrx_word' id='word_1_742' title='bbox 3402 4517 3552 4584; x_wconf 82' lang='grc' dir='ltr'>λέγει</span> <span class='ocrx_word' id='word_1_743' title='bbox 3585 4517 3712 4586; x_wconf 76' lang='grc' dir='ltr'>περὶ</span> 
     </span>
    </p>
   </div>
   <div class='ocr_carea' id='block_1_92' title="bbox 455 4609 2036 4665">
    <p class='ocr_par' dir='ltr' id='par_1_92' title="bbox 455 4609 2036 4665">
     <span class='ocr_line' id='line_1_92' title="bbox 455 4609 2036 4665; baseline 0 -3"><span class='ocrx_word' id='word_1_744' title='bbox 455 4609 822 4664; x_wconf 66' lang='lat' dir='ltr'><strong>cruciﬁxione</strong></span> <span class='ocrx_word' id='word_1_745' title='bbox 885 4619 943 4665; x_wconf 90' lang='lat' dir='ltr'><strong>et</strong></span> <span class='ocrx_word' id='word_1_746' title='bbox 1001 4619 1185 4664; x_wconf 87' lang='lat' dir='ltr'><strong>vestra</strong></span> <span class='ocrx_word' id='word_1_747' title='bbox 1264 4609 1651 4663; x_wconf 88' lang='lat' dir='ltr'><strong>incredulitate</strong></span> <span class='ocrx_word' id='word_1_748' title='bbox 1703 4626 1716 4661; x_wconf 91' lang='lat'><strong>:</strong></span> <span class='ocrx_word' id='word_1_749' title='bbox 1789 4627 1806 4658; x_wconf 79' lang='grc' dir='ltr'><strong>ι</strong></span> <span class='ocrx_word' id='word_1_750' title='bbox 1855 4609 2036 4662; x_wconf 83' lang='lat' dir='ltr'><strong>Vitam</strong></span> 
     </span>
    </p>
   </div>
   <div class='ocr_carea' id='block_1_93' title="bbox 467 4694 2035 4771">
    <p class='ocr_par' dir='ltr' id='par_1_93' title="bbox 467 4694 2035 4771">
     <span class='ocr_line' id='line_1_93' title="bbox 467 4694 2035 4771; baseline 0.001 -20"><span class='ocrx_word' id='word_1_751' title='bbox 467 4711 701 4753; x_wconf 82' lang='lat' dir='ltr'><strong>vestram</strong></span> <span class='ocrx_word' id='word_1_752' title='bbox 728 4701 984 4755; x_wconf 87' lang='lat' dir='ltr'><strong>videbitis</strong></span> <span class='ocrx_word' id='word_1_753' title='bbox 1010 4701 1363 4771; x_wconf 90' lang='lat' dir='ltr'><strong>pendentem,</strong></span> <span class='ocrx_word' id='word_1_754' title='bbox 1396 4694 1452 4755; x_wconf 89' lang='lat' dir='ltr'><strong>et</strong></span> <span class='ocrx_word' id='word_1_755' title='bbox 1501 4716 1612 4753; x_wconf 88' lang='lat' dir='ltr'><strong>non</strong></span> <span class='ocrx_word' id='word_1_756' title='bbox 1663 4699 1902 4754; x_wconf 89' lang='lat' dir='ltr'><strong>credetis</strong></span> <span class='ocrx_word' id='word_1_757' title='bbox 1928 4700 1992 4753; x_wconf 85' lang='lat'><strong>“.</strong></span> <span class='ocrx_word' id='word_1_758' title='bbox 2017 4720 2035 4752; x_wconf 70' lang='grc' dir='ltr'><strong>ι</strong></span> 
     </span>
    </p>
   </div>
   <div class='ocr_carea' id='block_1_94' title="bbox 465 4789 2038 4859">
    <p class='ocr_par' dir='ltr' id='par_1_94' title="bbox 465 4789 2038 4859">
     <span class='ocr_line' id='line_1_94' title="bbox 465 4789 2038 4859; baseline 0 -17"><span class='ocrx_word' id='word_1_759' title='bbox 465 4791 605 4843; x_wconf 70' lang='lat' dir='ltr'><strong>Ecce</strong></span> <span class='ocrx_word' id='word_1_760' title='bbox 638 4789 727 4844; x_wconf 90' lang='lat' dir='ltr'><strong>hic</strong></span> <span class='ocrx_word' id='word_1_761' title='bbox 750 4791 916 4843; x_wconf 88' lang='lat' dir='ltr'><strong>vitam</strong></span> <span class='ocrx_word' id='word_1_762' title='bbox 940 4801 1198 4846; x_wconf 68' lang='lat' dir='ltr'><strong>aeternam</strong></span> <span class='ocrx_word' id='word_1_763' title='bbox 1229 4799 1388 4844; x_wconf 87' lang='lat' dir='ltr'><strong>vocat</strong></span> <span class='ocrx_word' id='word_1_764' title='bbox 1420 4791 1474 4843; x_wconf 93' lang='lat' dir='ltr'><strong>in</strong></span> <span class='ocrx_word' id='word_1_765' title='bbox 1506 4790 1654 4859; x_wconf 86' lang='lat' dir='ltr'><strong>ligno</strong></span> <span class='ocrx_word' id='word_1_766' title='bbox 1683 4789 2038 4858; x_wconf 82' lang='lat' dir='ltr'><strong>pendentem.</strong></span> 
     </span>
    </p>
   </div>
   <div class='ocr_carea' id='block_1_95' title="bbox 465 4879 2039 4950">
    <p class='ocr_par' dir='ltr' id='par_1_95' title="bbox 465 4879 2039 4950">
     <span class='ocr_line' id='line_1_95' title="bbox 465 4879 2039 4950; baseline -0.001 -17"><span class='ocrx_word' id='word_1_767' title='bbox 465 4880 543 4933; x_wconf 77' lang='lat' dir='ltr'><strong>Ne</strong></span> <span class='ocrx_word' id='word_1_768' title='bbox 577 4880 728 4935; x_wconf 89' lang='lat' dir='ltr'><strong>dicas</strong></span> <span class='ocrx_word' id='word_1_769' title='bbox 756 4881 906 4933; x_wconf 91' lang='lat' dir='ltr'><strong>illum</strong></span> <span class='ocrx_word' id='word_1_770' title='bbox 935 4881 1001 4934; x_wconf 87' lang='lat' dir='ltr'><strong>de</strong></span> <span class='ocrx_word' id='word_1_771' title='bbox 1027 4889 1279 4950; x_wconf 76' lang='lat' dir='ltr'><strong>serpente</strong></span> <span class='ocrx_word' id='word_1_772' title='bbox 1304 4895 1456 4933; x_wconf 66' lang='lat' dir='ltr'><strong>mneo</strong></span> <span class='ocrx_word' id='word_1_773' title='bbox 1480 4879 1586 4932; x_wconf 92' lang='lat' dir='ltr'><strong>hoe</strong></span> <span class='ocrx_word' id='word_1_774' title='bbox 1610 4879 1856 4932; x_wconf 90' lang='lat' dir='ltr'><strong>locutum</strong></span> <span class='ocrx_word' id='word_1_775' title='bbox 1887 4894 2039 4944; x_wconf 89' lang='lat' dir='ltr'><strong>esse;</strong></span> 
     </span>
    </p>
   </div>
   <div class='ocr_carea' id='block_1_96' title="bbox 456 4969 2036 5039">
    <p class='ocr_par' dir='ltr' id='par_1_96' title="bbox 456 4969 2036 5039">
     <span class='ocr_line' id='line_1_96' title="bbox 456 4969 2036 5039; baseline 0.001 -19"><span class='ocrx_word' id='word_1_776' title='bbox 456 4986 589 5022; x_wconf 61' lang='lat' dir='ltr'><strong>snam</strong></span> <span class='ocrx_word' id='word_1_777' title='bbox 625 4971 680 5024; x_wconf 90' lang='lat' dir='ltr'><strong>in</strong></span> <span class='ocrx_word' id='word_1_778' title='bbox 732 4980 1045 5039; x_wconf 87' lang='lat' dir='ltr'><strong>serpentem</strong></span> <span class='ocrx_word' id='word_1_779' title='bbox 1091 4970 1470 5032; x_wconf 86' lang='lat' dir='ltr'><strong>crediderunt,</strong></span> <span class='ocrx_word' id='word_1_780' title='bbox 1513 4969 1567 5022; x_wconf 86' lang='lat' dir='ltr'><strong>in</strong></span> <span class='ocrx_word' id='word_1_781' title='bbox 1618 4969 1786 5022; x_wconf 92' lang='lat' dir='ltr'><strong>vitam</strong></span> <span class='ocrx_word' id='word_1_782' title='bbox 1833 4978 2036 5034; x_wconf 85' lang='lat' dir='ltr'><strong>autem,</strong></span> 
     </span>
    </p>
   </div>
   <div class='ocr_carea' id='block_1_97' title="bbox 452 5060 2034 5128">
    <p class='ocr_par' dir='ltr' id='par_1_97' title="bbox 452 5060 2034 5128">
     <span class='ocr_line' id='line_1_97' title="bbox 452 5060 2034 5128; baseline 0.003 -18"><span class='ocrx_word' id='word_1_783' title='bbox 452 5076 585 5128; x_wconf 70' lang='lat' dir='ltr'><strong>qua:</strong></span> <span class='ocrx_word' id='word_1_784' title='bbox 611 5069 694 5114; x_wconf 88' lang='lat' dir='ltr'><strong>est</strong></span> <span class='ocrx_word' id='word_1_785' title='bbox 715 5060 990 5126; x_wconf 88' lang='lat' dir='ltr'><strong>Christus,</strong></span> <span class='ocrx_word' id='word_1_786' title='bbox 1022 5061 1162 5115; x_wconf 81' lang='lat' dir='ltr'><strong>dixit</strong></span> <span class='ocrx_word' id='word_1_787' title='bbox 1189 5077 1286 5116; x_wconf 85' lang='lat' dir='ltr'><strong>vos</strong></span> <span class='ocrx_word' id='word_1_788' title='bbox 1313 5077 1420 5115; x_wconf 92' lang='lat' dir='ltr'><strong>non</strong></span> <span class='ocrx_word' id='word_1_789' title='bbox 1452 5060 1782 5115; x_wconf 90' lang='lat' dir='ltr'><strong>credituros.</strong></span> <span class='ocrx_word' id='word_1_790' title='bbox 1819 5061 2034 5114; x_wconf 81' lang='lat' dir='ltr'><strong>Etenim</strong></span> 
     </span>
    </p>
   </div>
   <div class='ocr_carea' id='block_1_98' title="bbox 462 5159 2038 5228">
    <p class='ocr_par' dir='ltr' id='par_1_98' title="bbox 462 5159 2038 5228">
     <span class='ocr_line' id='line_1_98' title="bbox 462 5159 2038 5228; baseline 0.003 -17"><span class='ocrx_word' id='word_1_791' title='bbox 462 5167 705 5211; x_wconf 81' lang='lat' dir='ltr'><strong>nostram</strong></span> <span class='ocrx_word' id='word_1_792' title='bbox 763 5159 1204 5214; x_wconf 85' lang='lat' dir='ltr'><strong>maledictioncm</strong></span> <span class='ocrx_word' id='word_1_793' title='bbox 1250 5159 1307 5214; x_wconf 92' lang='lat' dir='ltr'><strong>in</strong></span> <span class='ocrx_word' id='word_1_794' title='bbox 1354 5175 1517 5228; x_wconf 90' lang='lat' dir='ltr'><strong>quam</strong></span> <span class='ocrx_word' id='word_1_795' title='bbox 1562 5175 1662 5228; x_wconf 88' lang='lat' dir='ltr'><strong>per</strong></span> <span class='ocrx_word' id='word_1_796' title='bbox 1710 5160 2038 5228; x_wconf 75' lang='lat' dir='ltr'><strong>praevarica—</strong></span> 
     </span>
    </p>
   </div>
   <div class='ocr_carea' id='block_1_99' title="bbox 455 5247 2033 5313">
    <p class='ocr_par' dir='ltr' id='par_1_99' title="bbox 455 5247 2033 5313">
     <span class='ocr_line' id='line_1_99' title="bbox 455 5247 2033 5313; baseline 0.007 -19"><span class='ocrx_word' id='word_1_797' title='bbox 455 5247 668 5300; x_wconf 76' lang='lat' dir='ltr'><strong>tionem</strong></span> <span class='ocrx_word' id='word_1_798' title='bbox 693 5259 748 5303; x_wconf 88' lang='lat' dir='ltr'><strong>et</strong></span> <span class='ocrx_word' id='word_1_799' title='bbox 776 5249 1206 5304; x_wconf 82' lang='lat' dir='ltr'><strong>inobedientiam</strong></span> <span class='ocrx_word' id='word_1_800' title='bbox 1247 5249 1636 5313; x_wconf 82' lang='lat' dir='ltr'><strong>incideramus,</strong></span> <span class='ocrx_word' id='word_1_801' title='bbox 1672 5250 1762 5304; x_wconf 92' lang='lat' dir='ltr'><strong>hic</strong></span> <span class='ocrx_word' id='word_1_802' title='bbox 1788 5251 2033 5313; x_wconf 88' lang='lat' dir='ltr'><strong>sustulit,</strong></span> 
     </span>
    </p>
   </div>
   <div class='ocr_carea' id='block_1_100' title="bbox 463 5337 2034 5412">
    <p class='ocr_par' dir='ltr' id='par_1_100' title="bbox 463 5337 2034 5412">
     <span class='ocr_line' id='line_1_100' title="bbox 463 5337 2034 5412; baseline 0.008 -27"><span class='ocrx_word' id='word_1_803' title='bbox 463 5347 521 5388; x_wconf 80' lang='lat' dir='ltr'><strong>ut</strong></span> <span class='ocrx_word' id='word_1_804' title='bbox 567 5337 833 5407; x_wconf 87' lang='lat' dir='ltr'><strong>scriptum</strong></span> <span class='ocrx_word' id='word_1_805' title='bbox 885 5350 969 5394; x_wconf 91' lang='lat' dir='ltr'><strong>est</strong></span> <span class='ocrx_word' id='word_1_806' title='bbox 1009 5359 1022 5395; x_wconf 91' lang='lat'>:</span> <span class='ocrx_word' id='word_1_807' title='bbox 1067 5359 1084 5391; x_wconf 76' lang='grc' dir='ltr'><strong>ι</strong></span> <span class='ocrx_word' id='word_1_808' title='bbox 1124 5342 1446 5397; x_wconf 82' lang='lat' dir='ltr'><strong>Maledictus</strong></span> <span class='ocrx_word' id='word_1_809' title='bbox 1501 5343 1595 5412; x_wconf 89' lang='lat' dir='ltr'><strong>qui</strong></span> <span class='ocrx_word' id='word_1_810' title='bbox 1643 5344 1844 5412; x_wconf 90' lang='lat' dir='ltr'><strong>pendet</strong></span> <span class='ocrx_word' id='word_1_811' title='bbox 1879 5345 1930 5397; x_wconf 92' lang='lat' dir='ltr'><strong>in</strong></span> <span class='ocrx_word' id='word_1_812' title='bbox 1963 5345 2034 5398; x_wconf 85' lang='lat' dir='ltr'><strong>Ii-</strong></span> 
     </span>
    </p>
   </div>
   <div class='ocr_carea' id='block_1_101' title="bbox 459 5425 2036 5502">
    <p class='ocr_par' dir='ltr' id='par_1_101' title="bbox 459 5425 2036 5502">
     <span class='ocr_line' id='line_1_101' title="bbox 459 5425 2036 5502; baseline 0.007 -25"><span class='ocrx_word' id='word_1_813' title='bbox 459 5438 568 5490; x_wconf 81' lang='lat' dir='ltr'><strong>gno</strong></span> <span class='ocrx_word' id='word_1_814' title='bbox 615 5425 699 5490; x_wconf 81' lang='lat'><strong>“;</strong></span> <span class='ocrx_word' id='word_1_815' title='bbox 746 5446 764 5478; x_wconf 74' lang='grc' dir='ltr'><strong>ι</strong></span> <span class='ocrx_word' id='word_1_816' title='bbox 804 5437 860 5482; x_wconf 86' lang='lat' dir='ltr'><strong>et</strong></span> <span class='ocrx_word' id='word_1_817' title='bbox 913 5431 1265 5485; x_wconf 90' lang='lat' dir='ltr'><strong>maledictum</strong></span> <span class='ocrx_word' id='word_1_818' title='bbox 1311 5441 1539 5502; x_wconf 89' lang='lat' dir='ltr'><strong>propter</strong></span> <span class='ocrx_word' id='word_1_819' title='bbox 1580 5447 1682 5488; x_wconf 86' lang='lat' dir='ltr'><strong>nos</strong></span> <span class='ocrx_word' id='word_1_820' title='bbox 1728 5433 1904 5489; x_wconf 82' lang='lat' dir='ltr'><strong>factus</strong></span> <span class='ocrx_word' id='word_1_821' title='bbox 1951 5443 2036 5489; x_wconf 86' lang='lat' dir='ltr'><strong>est</strong></span> 
     </span>
    </p>
   </div>
   <div class='ocr_carea' id='block_1_102' title="bbox 543 5652 1148 5716">
    <p class='ocr_par' dir='ltr' id='par_1_102' title="bbox 543 5652 1148 5716">
     <span class='ocr_line' id='line_1_102' title="bbox 543 5652 1148 5716; baseline 0.015 -14"><span class='ocrx_word' id='word_1_822' title='bbox 543 5652 806 5707; x_wconf 67' lang='lat' dir='ltr'><strong>‘Zachar.</strong></span> <span class='ocrx_word' id='word_1_823' title='bbox 833 5673 904 5716; x_wconf 71' lang='lat' dir='ltr'><strong>XI,</strong></span> <span class='ocrx_word' id='word_1_824' title='bbox 945 5658 1030 5714; x_wconf 73' lang='lat'><strong>12,</strong></span> <span class='ocrx_word' id='word_1_825' title='bbox 1069 5659 1148 5711; x_wconf 79' lang='lat' dir='ltr'><strong>l5.</strong></span> 
     </span>
    </p>
   </div>
   <div class='ocr_carea' id='block_1_103' title="bbox 2134 4608 3709 4682">
    <p class='ocr_par' dir='ltr' id='par_1_103' title="bbox 2134 4608 3709 4682">
     <span class='ocr_line' id='line_1_103' title="bbox 2134 4608 3709 4682; baseline -0.004 -18"><span class='ocrx_word' id='word_1_826' title='bbox 2134 4612 2232 4682; x_wconf 82' lang='grc' dir='ltr'>τὴν</span> <span class='ocrx_word' id='word_1_827' title='bbox 2255 4613 2348 4666; x_wconf 86' lang='grc' dir='ltr'><strong>τοῦ</strong></span> <span class='ocrx_word' id='word_1_828' title='bbox 2382 4613 2621 4675; x_wconf 83' lang='grc' dir='ltr'>Χριστοῦ</span> <span class='ocrx_word' id='word_1_829' title='bbox 2659 4612 2968 4682; x_wconf 83' lang='grc' dir='ltr'>σταύρωσιν</span> <span class='ocrx_word' id='word_1_830' title='bbox 2987 4612 3082 4663; x_wconf 77' lang='grc' dir='ltr'>καὶ</span> <span class='ocrx_word' id='word_1_831' title='bbox 3111 4611 3210 4680; x_wconf 85' lang='grc' dir='ltr'>τὴν</span> <span class='ocrx_word' id='word_1_832' title='bbox 3239 4609 3392 4679; x_wconf 88' lang='grc' dir='ltr'>ὑμῶν</span> <span class='ocrx_word' id='word_1_833' title='bbox 3419 4608 3709 4672; x_wconf 79' lang='grc' dir='ltr'>ἀπιστίαν,</span> 
     </span>
    </p>
   </div>
   <div class='ocr_carea' id='block_1_104' title="bbox 2141 4700 3710 4772">
    <p class='ocr_par' dir='ltr' id='par_1_104' title="bbox 2141 4700 3710 4772">
     <span class='ocr_line' id='line_1_104' title="bbox 2141 4700 3710 4772; baseline -0.002 -18"><span class='ocrx_word' id='word_1_834' title='bbox 2141 4703 2222 4754; x_wconf 80' lang='grc' dir='ltr'>ὅτι</span> <span class='ocrx_word' id='word_1_835' title='bbox 2249 4720 2267 4753; x_wconf 81' lang='grc' dir='ltr'><strong>ι</strong></span> <span class='ocrx_word' id='word_1_836' title='bbox 2284 4701 2520 4771; x_wconf 76' lang='grc' dir='ltr'>Ὅψεσθε</span> <span class='ocrx_word' id='word_1_837' title='bbox 2544 4702 2646 4772; x_wconf 79' lang='grc' dir='ltr'>τὴν</span> <span class='ocrx_word' id='word_1_838' title='bbox 2669 4702 2814 4772; x_wconf 78' lang='grc' dir='ltr'>ζωὴν</span> <span class='ocrx_word' id='word_1_839' title='bbox 2845 4703 3000 4771; x_wconf 88' lang='grc' dir='ltr'>ὑμῶν</span> <span class='ocrx_word' id='word_1_840' title='bbox 3028 4703 3385 4772; x_wconf 81' lang='grc' dir='ltr'>κρεμαμένην</span> <span class='ocrx_word' id='word_1_841' title='bbox 3404 4741 3418 4762; x_wconf 89' lang='grc'><strong>,</strong></span> <span class='ocrx_word' id='word_1_842' title='bbox 3442 4701 3537 4753; x_wconf 77' lang='grc' dir='ltr'>καὶ</span> <span class='ocrx_word' id='word_1_843' title='bbox 3552 4701 3613 4752; x_wconf 86' lang='grc' dir='ltr'><strong>οὑ</strong></span> <span class='ocrx_word' id='word_1_844' title='bbox 3639 4700 3710 4769; x_wconf 79' lang='grc' dir='ltr'><strong>μὴ</strong></span> 
     </span>
    </p>
   </div>
   <div class='ocr_carea' id='block_1_105' title="bbox 2143 4788 3710 4862">
    <p class='ocr_par' dir='ltr' id='par_1_105' title="bbox 2143 4788 3710 4862">
     <span class='ocr_line' id='line_1_105' title="bbox 2143 4788 3710 4862; baseline -0.001 -16"><span class='ocrx_word' id='word_1_845' title='bbox 2143 4793 2462 4846; x_wconf 84' lang='grc' dir='ltr'>πιστεύσετε</span> <span class='ocrx_word' id='word_1_846' title='bbox 2488 4810 2502 4824; x_wconf 89' lang='grc'><strong>·</strong></span> <span class='ocrx_word' id='word_1_847' title='bbox 2532 4813 2550 4844; x_wconf 71' lang='grc' dir='ltr'><strong>ι</strong></span> <span class='ocrx_word' id='word_1_848' title='bbox 2588 4796 2699 4847; x_wconf 83' lang='grc' dir='ltr'>ἰδοὺ</span> <span class='ocrx_word' id='word_1_849' title='bbox 2736 4795 2830 4847; x_wconf 85' lang='grc' dir='ltr'><strong>καί</strong></span> <span class='ocrx_word' id='word_1_850' title='bbox 2849 4788 3006 4856; x_wconf 73' lang='grc' dir='ltr'>οὗτος</span> <span class='ocrx_word' id='word_1_851' title='bbox 3035 4793 3178 4862; x_wconf 79' lang='grc' dir='ltr'>ζωὴν</span> <span class='ocrx_word' id='word_1_852' title='bbox 3210 4793 3427 4846; x_wconf 84' lang='grc' dir='ltr'>αἰώνιον</span> <span class='ocrx_word' id='word_1_853' title='bbox 3456 4791 3710 4861; x_wconf 73' lang='grc' dir='ltr'>ὀνομάζει</span> 
     </span>
    </p>
   </div>
   <div class='ocr_carea' id='block_1_106' title="bbox 2140 4883 3712 4956">
    <p class='ocr_par' dir='ltr' id='par_1_106' title="bbox 2140 4883 3712 4956">
     <span class='ocr_line' id='line_1_106' title="bbox 2140 4883 3712 4956; baseline -0.003 -18"><span class='ocrx_word' id='word_1_854' title='bbox 2140 4887 2230 4938; x_wconf 85' lang='grc' dir='ltr'><strong>τὸν</strong></span> <span class='ocrx_word' id='word_1_855' title='bbox 2264 4885 2357 4937; x_wconf 71' lang='grc' dir='ltr'>ἐπὶ</span> <span class='ocrx_word' id='word_1_856' title='bbox 2393 4884 2551 4950; x_wconf 78' lang='grc' dir='ltr'>ξύλου</span> <span class='ocrx_word' id='word_1_857' title='bbox 2586 4885 2986 4956; x_wconf 86' lang='grc' dir='ltr'>κρεμασθέντα.</span> <span class='ocrx_word' id='word_1_858' title='bbox 3028 4885 3139 4938; x_wconf 75' lang='grc' dir='ltr'><strong>Καὶ</strong></span> <span class='ocrx_word' id='word_1_859' title='bbox 3175 4884 3250 4954; x_wconf 82' lang='grc' dir='ltr'><strong>μὴ</strong></span> <span class='ocrx_word' id='word_1_860' title='bbox 3281 4885 3439 4954; x_wconf 77' lang='grc' dir='ltr'>εἴπῃς</span> <span class='ocrx_word' id='word_1_861' title='bbox 3473 4885 3556 4935; x_wconf 86' lang='grc' dir='ltr'>ὃτι</span> <span class='ocrx_word' id='word_1_862' title='bbox 3589 4883 3712 4951; x_wconf 76' lang='grc' dir='ltr'>περὶ</span> 
     </span>
    </p>
   </div>
   <div class='ocr_carea' id='block_1_107' title="bbox 2136 4974 3711 5049">
    <p class='ocr_par' dir='ltr' id='par_1_107' title="bbox 2136 4974 3711 5049">
     <span class='ocr_line' id='line_1_107' title="bbox 2136 4974 3711 5049; baseline -0.003 -19"><span class='ocrx_word' id='word_1_863' title='bbox 2136 4979 2228 5031; x_wconf 88' lang='grc' dir='ltr'><strong>τοῦ</strong></span> <span class='ocrx_word' id='word_1_864' title='bbox 2263 4979 2440 5046; x_wconf 75' lang='grc' dir='ltr'>δφεως</span> <span class='ocrx_word' id='word_1_865' title='bbox 2469 4979 2563 5031; x_wconf 88' lang='grc' dir='ltr'><strong>τοῦ</strong></span> <span class='ocrx_word' id='word_1_866' title='bbox 2591 4979 2792 5049; x_wconf 86' lang='grc' dir='ltr'>χαλκοῦ</span> <span class='ocrx_word' id='word_1_867' title='bbox 2828 4974 2951 5032; x_wconf 82' lang='grc' dir='ltr'>εἷπε</span> <span class='ocrx_word' id='word_1_868' title='bbox 2975 4978 3133 5030; x_wconf 86' lang='grc' dir='ltr'>τοῦτο</span> <span class='ocrx_word' id='word_1_869' title='bbox 3156 4994 3170 5007; x_wconf 87' lang='grc'><strong>·</strong></span> <span class='ocrx_word' id='word_1_870' title='bbox 3211 4978 3289 5038; x_wconf 88' lang='grc' dir='ltr'><strong>εἰς</strong></span> <span class='ocrx_word' id='word_1_871' title='bbox 3334 4976 3419 5029; x_wconf 76' lang='grc' dir='ltr'>τὸν</span> <span class='ocrx_word' id='word_1_872' title='bbox 3444 4976 3571 5040; x_wconf 64' lang='grc' dir='ltr'>ὅφιν</span> <span class='ocrx_word' id='word_1_873' title='bbox 3605 4975 3711 5043; x_wconf 81' lang='grc' dir='ltr'><strong>γάρ</strong></span> 
     </span>
    </p>
   </div>
   <div class='ocr_carea' id='block_1_108' title="bbox 2137 5062 3711 5138">
    <p class='ocr_par' dir='ltr' id='par_1_108' title="bbox 2137 5062 3711 5138">
     <span class='ocr_line' id='line_1_108' title="bbox 2137 5062 3711 5138; baseline -0.006 -17"><span class='ocrx_word' id='word_1_874' title='bbox 2137 5070 2484 5133; x_wconf 81' lang='grc' dir='ltr'>ἐπίστευσαν,</span> <span class='ocrx_word' id='word_1_875' title='bbox 2531 5071 2611 5131; x_wconf 82' lang='grc' dir='ltr'><strong>εἰς</strong></span> <span class='ocrx_word' id='word_1_876' title='bbox 2643 5069 2699 5121; x_wconf 84' lang='grc' dir='ltr'><strong>δέ</strong></span> <span class='ocrx_word' id='word_1_877' title='bbox 2726 5069 2825 5138; x_wconf 82' lang='grc' dir='ltr'><strong>τὴν</strong></span> <span class='ocrx_word' id='word_1_878' title='bbox 2852 5067 3020 5137; x_wconf 79' lang='grc' dir='ltr'>ζωὴν,</span> <span class='ocrx_word' id='word_1_879' title='bbox 3058 5065 3307 5119; x_wconf 84' lang='grc' dir='ltr'>τουτέστι</span> <span class='ocrx_word' id='word_1_880' title='bbox 3339 5064 3428 5117; x_wconf 70' lang='grc' dir='ltr'><strong>τὸν</strong></span> <span class='ocrx_word' id='word_1_881' title='bbox 3457 5062 3711 5132; x_wconf 75' lang='grc' dir='ltr'>Χριστὸν,</span> 
     </span>
    </p>
   </div>
   <div class='ocr_carea' id='block_1_109' title="bbox 2136 5155 3715 5232">
    <p class='ocr_par' dir='ltr' id='par_1_109' title="bbox 2136 5155 3715 5232">
     <span class='ocr_line' id='line_1_109' title="bbox 2136 5155 3715 5232; baseline -0.006 -19"><span class='ocrx_word' id='word_1_882' title='bbox 2136 5157 2290 5213; x_wconf 80' lang='grc' dir='ltr'>εἶπεν</span> <span class='ocrx_word' id='word_1_883' title='bbox 2333 5162 2416 5214; x_wconf 83' lang='grc' dir='ltr'>ὅτι</span> <span class='ocrx_word' id='word_1_884' title='bbox 2446 5162 2505 5212; x_wconf 85' lang='grc' dir='ltr'><strong>οὑ</strong></span> <span class='ocrx_word' id='word_1_885' title='bbox 2544 5161 2618 5232; x_wconf 81' lang='grc' dir='ltr'><strong>μὴ</strong></span> <span class='ocrx_word' id='word_1_886' title='bbox 2654 5159 3004 5212; x_wconf 82' lang='grc' dir='ltr'>πιστεύσετε·</span> <span class='ocrx_word' id='word_1_887' title='bbox 3034 5158 3131 5210; x_wconf 75' lang='grc' dir='ltr'>καὶ</span> <span class='ocrx_word' id='word_1_888' title='bbox 3161 5157 3270 5228; x_wconf 84' lang='grc' dir='ltr'>γὰρ</span> <span class='ocrx_word' id='word_1_889' title='bbox 3309 5156 3408 5226; x_wconf 83' lang='grc' dir='ltr'>τὴν</span> <span class='ocrx_word' id='word_1_890' title='bbox 3435 5155 3715 5226; x_wconf 79' lang='grc' dir='ltr'>ἡμετέραν</span> 
     </span>
    </p>
   </div>
   <div class='ocr_carea' id='block_1_110' title="bbox 2135 5249 3716 5324">
    <p class='ocr_par' dir='ltr' id='par_1_110' title="bbox 2135 5249 3716 5324">
     <span class='ocr_line' id='line_1_110' title="bbox 2135 5249 3716 5324; baseline -0.005 -17"><span class='ocrx_word' id='word_1_891' title='bbox 2135 5254 2273 5324; x_wconf 82' lang='grc' dir='ltr'>ἀράν</span> <span class='ocrx_word' id='word_1_892' title='bbox 2307 5254 2373 5322; x_wconf 76' lang='grc' dir='ltr'>ἣν</span> <span class='ocrx_word' id='word_1_893' title='bbox 2400 5253 2489 5306; x_wconf 82' lang='grc' dir='ltr'>διὰ</span> <span class='ocrx_word' id='word_1_894' title='bbox 2517 5256 2615 5324; x_wconf 82' lang='grc' dir='ltr'>τῆς</span> <span class='ocrx_word' id='word_1_895' title='bbox 2639 5252 3006 5322; x_wconf 86' lang='grc' dir='ltr'>παραϐάσεως</span> <span class='ocrx_word' id='word_1_896' title='bbox 3033 5251 3129 5305; x_wconf 63' lang='grc' dir='ltr'><strong>καλ⁵</strong></span> <span class='ocrx_word' id='word_1_897' title='bbox 3156 5249 3441 5319; x_wconf 80' lang='grc' dir='ltr'>παρακοῆς</span> <span class='ocrx_word' id='word_1_898' title='bbox 3470 5251 3716 5302; x_wconf 85' lang='grc' dir='ltr'>ἐπεσπα-</span> 
     </span>
    </p>
   </div>
   <div class='ocr_carea' id='block_1_111' title="bbox 2138 5339 3719 5412">
    <p class='ocr_par' dir='ltr' id='par_1_111' title="bbox 2138 5339 3719 5412">
     <span class='ocr_line' id='line_1_111' title="bbox 2138 5339 3719 5412; baseline -0.004 -15"><span class='ocrx_word' id='word_1_899' title='bbox 2138 5345 2374 5412; x_wconf 86' lang='grc' dir='ltr'>σάμεθα,</span> <span class='ocrx_word' id='word_1_900' title='bbox 2412 5344 2573 5406; x_wconf 84' lang='grc' dir='ltr'>αὑτὸς</span> <span class='ocrx_word' id='word_1_901' title='bbox 2592 5343 2839 5410; x_wconf 84' lang='grc' dir='ltr'>ἀνέλαϐε,</span> <span class='ocrx_word' id='word_1_902' title='bbox 2871 5343 3054 5406; x_wconf 86' lang='grc' dir='ltr'>καθὼς</span> <span class='ocrx_word' id='word_1_903' title='bbox 3085 5339 3719 5410; x_wconf 70' lang='grc' dir='ltr'>γέγραπται,’ὲπικατά-</span> 
     </span>
    </p>
   </div>
   <div class='ocr_carea' id='block_1_112' title="bbox 2136 5430 3716 5507">
    <p class='ocr_par' dir='ltr' id='par_1_112' title="bbox 2136 5430 3716 5507">
     <span class='ocr_line' id='line_1_112' title="bbox 2136 5430 3716 5507; baseline -0.013 -5"><span class='ocrx_word' id='word_1_904' title='bbox 2136 5453 2299 5506; x_wconf 80' lang='grc' dir='ltr'>ρατος</span> <span class='ocrx_word' id='word_1_905' title='bbox 2351 5438 2379 5490; x_wconf 82' lang='grc' dir='ltr'>ὁ</span> <span class='ocrx_word' id='word_1_906' title='bbox 2424 5436 2766 5507; x_wconf 86' lang='grc' dir='ltr'>κρεμάμενος</span> <span class='ocrx_word' id='word_1_907' title='bbox 2817 5436 2910 5489; x_wconf 73' lang='grc' dir='ltr'>ἐπὶ</span> <span class='ocrx_word' id='word_1_908' title='bbox 2956 5435 3153 5500; x_wconf 81' lang='grc' dir='ltr'>ξύλου·</span> <span class='ocrx_word' id='word_1_909' title='bbox 3197 5435 3292 5488; x_wconf 76' lang='grc' dir='ltr'>καὶ</span> <span class='ocrx_word' id='word_1_910' title='bbox 3321 5433 3541 5503; x_wconf 82' lang='grc' dir='ltr'>κατάρα</span> <span class='ocrx_word' id='word_1_911' title='bbox 3573 5430 3716 5500; x_wconf 80' lang='grc' dir='ltr'>ὑπὲρ</span> 
     </span>
    </p>
   </div>
   <div class='ocr_carea' id='block_1_113' title="bbox 1226 5653 2033 5722">
    <p class='ocr_par' dir='ltr' id='par_1_113' title="bbox 1226 5659 2033 5721">
     <span class='ocr_line' id='line_1_113' title="bbox 1226 5659 2033 5721; baseline -0.002 -8"><span class='ocrx_word' id='word_1_912' title='bbox 1226 5661 1246 5691; x_wconf 88' lang='grc'>⁸</span> <span class='ocrx_word' id='word_1_913' title='bbox 1274 5660 1415 5714; x_wconf 83' lang='lat' dir='ltr'><strong>Psal.</strong></span> <span class='ocrx_word' id='word_1_914' title='bbox 1451 5677 1629 5721; x_wconf 68' lang='lat' dir='ltr'><strong>xxxiv,</strong></span> <span class='ocrx_word' id='word_1_915' title='bbox 1665 5662 1749 5714; x_wconf 68' lang='grc' dir='ltr'><strong>η.</strong></span> <span class='ocrx_word' id='word_1_916' title='bbox 1827 5661 1846 5690; x_wconf 81' lang='grc'>⁸</span> <span class='ocrx_word' id='word_1_917' title='bbox 1878 5659 1980 5713; x_wconf 85' lang='lat' dir='ltr'><strong>Isa.</strong></span> <span class='ocrx_word' id='word_1_918' title='bbox 2013 5675 2033 5712; x_wconf 76' lang='grc' dir='ltr'><strong>ι</strong></span> 
     </span>
    </p>
   </div>
   <div class='ocr_carea' id='block_1_114' title="bbox 2137 5653 3702 5722">
    <p class='ocr_par' dir='ltr' id='par_1_114' title="bbox 2137 5653 3702 5722">
     <span class='ocr_line' id='line_1_114' title="bbox 2137 5653 3702 5722; baseline -0.001 -12"><span class='ocrx_word' id='word_1_919' title='bbox 2137 5697 2147 5710; x_wconf 94' lang='grc'>.</span> <span class='ocrx_word' id='word_1_920' title='bbox 2221 5660 2241 5689; x_wconf 83' lang='grc'><strong>⁷</strong></span> <span class='ocrx_word' id='word_1_921' title='bbox 2273 5659 2374 5712; x_wconf 86' lang='lat' dir='ltr'><strong>lsa.</strong></span> <span class='ocrx_word' id='word_1_922' title='bbox 2400 5674 2472 5712; x_wconf 79' lang='lat' dir='ltr'><strong>ix.</strong></span> <span class='ocrx_word' id='word_1_923' title='bbox 2505 5659 2556 5712; x_wconf 86' lang='lat'>6.</span> <span class='ocrx_word' id='word_1_924' title='bbox 2628 5659 2650 5690; x_wconf 83' lang='lat'>&#39;</span> <span class='ocrx_word' id='word_1_925' title='bbox 2672 5660 2816 5714; x_wconf 81' lang='lat' dir='ltr'><strong>Psal.</strong></span> <span class='ocrx_word' id='word_1_926' title='bbox 2854 5674 3036 5722; x_wconf 74' lang='lat' dir='ltr'><strong>LXXIII,</strong></span> <span class='ocrx_word' id='word_1_927' title='bbox 3069 5657 3152 5712; x_wconf 73' lang='grc'><strong>12.</strong></span> <span class='ocrx_word' id='word_1_928' title='bbox 3194 5658 3214 5690; x_wconf 86' lang='lat'><strong>’</strong></span> <span class='ocrx_word' id='word_1_929' title='bbox 3236 5655 3469 5712; x_wconf 84' lang='lat' dir='ltr'><strong>Zachar.</strong></span> <span class='ocrx_word' id='word_1_930' title='bbox 3502 5673 3619 5720; x_wconf 84' lang='lat' dir='ltr'><strong>xm,</strong></span> <span class='ocrx_word' id='word_1_931' title='bbox 3643 5653 3702 5709; x_wconf 84' lang='lat'>6.</span> 
     </span>
    </p>
   </div>
   <div class='ocr_carea' id='block_1_115' title="bbox 482 5718 2033 5794">
    <p class='ocr_par' dir='ltr' id='par_1_115' title="bbox 482 5718 2028 5792">
     <span class='ocr_line' id='line_1_115' title="bbox 482 5718 2028 5792; baseline 0.008 -21"><span class='ocrx_word' id='word_1_932' title='bbox 482 5718 524 5749; x_wconf 82' lang='lat'><strong>&#39;°</strong></span> <span class='ocrx_word' id='word_1_933' title='bbox 562 5721 787 5776; x_wconf 71' lang='lat' dir='ltr'><strong>Zachar.</strong></span> <span class='ocrx_word' id='word_1_934' title='bbox 829 5742 926 5788; x_wconf 72' lang='lat' dir='ltr'><strong>xvi,</strong></span> <span class='ocrx_word' id='word_1_935' title='bbox 974 5728 1051 5778; x_wconf 76' lang='lat' dir='ltr'><strong>ill.</strong></span> <span class='ocrx_word' id='word_1_936' title='bbox 1123 5730 1159 5758; x_wconf 83' lang='grc'><strong>¹’</strong></span> <span class='ocrx_word' id='word_1_937' title='bbox 1201 5730 1363 5786; x_wconf 85' lang='lat' dir='ltr'><strong>Deut.</strong></span> <span class='ocrx_word' id='word_1_938' title='bbox 1408 5747 1586 5792; x_wconf 71' lang='lat' dir='ltr'><strong>nun,</strong></span> <span class='ocrx_word' id='word_1_939' title='bbox 1618 5718 1706 5784; x_wconf 79' lang='grc'><strong>66.</strong></span> <span class='ocrx_word' id='word_1_940' title='bbox 1786 5732 1827 5763; x_wconf 82' lang='grc'>¹¹</span> <span class='ocrx_word' id='word_1_941' title='bbox 1873 5729 2028 5783; x_wconf 82' lang='lat' dir='ltr'><strong>Deut.</strong></span> 
     </span>
    </p>
   </div>
   <div class='ocr_carea' id='block_1_116' title="bbox 2137 5718 2799 5794">
    <p class='ocr_par' dir='ltr' id='par_1_116' title="bbox 2145 5728 2799 5794">
     <span class='ocr_line' id='line_1_116' title="bbox 2145 5728 2799 5794; baseline 0.006 -14"><span class='ocrx_word' id='word_1_942' title='bbox 2145 5745 2180 5792; x_wconf 87' lang='lat' dir='ltr'><strong>l,</strong></span> <span class='ocrx_word' id='word_1_943' title='bbox 2221 5728 2321 5792; x_wconf 72' lang='lat'><strong>‘23;</strong></span> <span class='ocrx_word' id='word_1_944' title='bbox 2377 5729 2552 5784; x_wconf 83' lang='lat' dir='ltr'><strong>Galat.</strong></span> <span class='ocrx_word' id='word_1_945' title='bbox 2595 5745 2671 5794; x_wconf 79' lang='lat' dir='ltr'><strong>in,</strong></span> <span class='ocrx_word' id='word_1_946' title='bbox 2717 5729 2799 5784; x_wconf 76' lang='lat' dir='ltr'><strong>l3.</strong></span> 
     </span>
    </p>
   </div>
  </div>
