3988 6142
284 416 307 479 1
325 412 418 479 345

1278 417 1730 477 DlSPU’I‘ATIO
1773 418 2168 479 ADVERSUS
2206 414 2535 485 JUD/EOS‘.

3386 420 3528 483 1245

280 529 440 599 ἡμῶν
484 527 711 597 γέγονεν
739 532 770 584 6
802 532 1188 600 ἀναμάρτητος
1212 572 1228 599 ,
1283 531 1372 585 ἵνα
1424 531 1668 603 κατάρας
1708 532 1859 603 ἡμᾶς

1989 530 2042 583 ui
2074 530 2193 586 sine
2244 540 2471 601 peccato
2516 538 2656 595 erat,
2706 539 2765 587 ut
2799 529 3086 587 maledicta
3135 537 3323 585 nostra
3349 528 3528 589 solve-

278 617 646 691 tlsuOsptbo-g,
678 623 771 673 καὶ
806 622 953 690 ζωὴν
1001 622 1222 676 αἰώνιον
1252 621 1546 693 χαρίσηται
1577 622 1691 684 τοῖς
1725 638 1852 674 τεισ-

279 712 528 765 ττύουσιν
555 714 638 774 είς
666 713 1078 783 αὐτόν.Ὠσπερ
1097 716 1206 786 γὰρ
1234 716 1389 785 ὑμεῖς
1413 715 1462 768 οί
1478 714 1722 768 Ἰουδαῖοι
1742 713 1858 765 ὲπι-

280 801 549 856 στεύσατε
573 803 651 872 τῷ
674 803 794 873 ὕφει
830 805 910 875 τῷ
956 805 1142 876 χαλκῷ
1189 807 1522 878 κρεμαμένῳ
1550 807 1644 861 ἰπὶ
1669 803 1846 869 ξύλου,

278 891 760 966 ιπικατηραμινου
788 891 945 957 θντος
990 893 1098 947 ἀπὸ
1147 893 1352 957 παντὸς
1399 891 1593 962 θηρίου
1640 884 1850 951 οὗτινος

280 978 443 1030 εικὼν
473 980 707 1048 παρεῖχε
735 981 849 1041 τοῖς
874 981 1161 1051 προγόνοις
1189 980 1344 1050 ὑμῶν
1364 997 1377 1009 ·
1431 981 1507 1043 ὡς
1536 982 1641 1048 γὰρ
1674 982 1702 1032 6
1731 980 1855 1048 ὄφις

279 1067 308 1118 6
354 1067 430 1136 μὴ
470 1066 682 1121 δάκνων
712 1068 854 1139 ὑπὲρ
882 1069 991 1122 τῶν
1016 1070 1324 1124 δακνόντων
1354 1070 1529 1138 ὄφεων
1561 1070 1706 1140 ζωὴν
1732 1069 1856 1139 ἐφε-

283 1174 411 1227 ρεν,
467 1157 611 1211 οὕτω
661 1161 757 1213 καὶ
808 1160 837 1212 6
881 1161 1115 1228 Χριστὸς
1167 1162 1553 1231 ἀναμάρτητος
1600 1161 1676 1213 ῶν
1716 1161 1857 1230 ὑπὲρ

282 1248 629 1318 ἁμαρτωλῶν
659 1249 1018 1319 κρεμασθεὶς,
1047 1250 1192 1321 ζωὴν
1222 1250 1301 1321 τῷ
1326 1252 1515 1321 κόσμῳ
1539 1251 1855 1321 ἐχαρίσατο.

285 1339 395 1391 Καὶ
443 1341 574 1410 περὶ
619 1340 715 1393 τοῦ
756 1341 1020 1394 σκοτάσαι
1065 1341 1163 1412 τὴν
1197 1343 1413 1413 ἡμέραν
1446 1343 1663 1410 ἐκείνην
1693 1359 1859 1394 σταυ-

290 1432 552 1501 ρουμὲνου
584 1433 856 1503 Χριστοῦ,
905 1435 1003 1487 καὶ
1038 1436 1221 1505 φωνὴν
1251 1433 1416 1488 αὐτοῦ
1445 1435 1698 1503 ἀφιέντος
1732 1434 1860 1486 ὅταν

286 1520 642 1584 ἐξέπνευσεν,
695 1524 788 1574 καὶ
827 1523 1106 1592 σεισθῆναι
1152 1523 1244 1576 τὸν
1286 1524 1513 1595 οὐρανὸν
1553 1524 1646 1577 καὶ
1681 1526 1860 1577 πᾶσαν

283 1613 383 1679 τὴν
407 1611 512 1679 γῆν
538 1610 627 1664 διὰ
652 1610 749 1681 τὴν
776 1611 982 1682 τόλμαν
1002 1613 1210 1684 ταύτην
1235 1612 1344 1666 τῶν
1367 1613 1660 1675 Ἰουδαίων.
1681 1616 1709 1667 ὁ
1730 1630 1861 1682 προ-

286 1705 464 1773 φήτης
490 1703 651 1774 Ὠσηὲ
675 1704 826 1771 λέγει
847 1720 861 1736 ⁸
905 1723 924 1756 ι
954 1705 1146 1769 Ἤλιος
1177 1706 1272 1759 καὶ
1300 1707 1333 1775 ἡ
1366 1704 1564 1775 σελήνη
1593 1706 1863 1758 συσκοτά-

289 1811 443 1848 σοδσι
464 1835 479 1859 ,
516 1796 610 1848 καὶ
643 1797 693 1847 οἱ
724 1795 950 1864 ἀστέρες
981 1796 1041 1848 ού
1073 1795 1302 1849 δώσουσι
1330 1795 1392 1848 τὸ
1421 1795 1623 1864 φέγγος
1651 1795 1859 1847 αὐτῶν·

290 1884 318 1934 6
345 1883 400 1934 δὲ
433 1882 635 1950 Κύριος
665 1885 728 1937 ἐκ
756 1882 895 1937 Σιὼν
924 1885 1327 1953 ἀνακράξεται,
1382 1886 1477 1938 καὶ
1516 1883 1863 1955 σεισθὴσεται

288 1979 317 2030 6
345 1974 569 2042 οὐρανὸς
597 1976 690 2029 καὶ
715 1976 748 2047 ἡ
776 1976 869 2046 γῆ.
908 1994 927 2027 ι

362 2065 470 2119 Καὶ
494 2065 523 2116 ὁ
545 2064 707 2119 Δαόἳδ
727 2065 897 2133 λέγει’
934 2084 954 2118 ι
997 2065 1206 2119 Ἔδωκε
1236 2065 1423 2134 φωνὴν
1443 2064 1609 2119 αὐτοῦ
1641 2066 1670 2118 6
1699 2063 1866 2133 ’Υψι-

293 2173 436 2218 στος,
471 2155 736 2226 ἐσαλεύθη
765 2158 801 2227 ἡ
833 2157 925 2226 γῆ.
958 2174 977 2208 ι
1020 2157 1150 2210 Ἰδοὺ
1180 2157 1276 2209 καὶ
1304 2157 1457 2209 αὐτοὶ
1498 2157 1704 2227 Κύριον
1747 2155 1865 2226 ῦψιο

294 2265 418 2301 στον
476 2247 567 2301 τὸν
610 2247 1027 2319 ἐσταυρωμένον
1064 2246 1412 2318 ὀνομάζουσι.
1443 2249 1556 2301 Καὶ
1594 2246 1867 2317 Ζαχαρίας

289 2342 320 2394 6
350 2342 632 2412 προφήτης
659 2341 806 2410 λέγει
829 2357 845 2374 ο
886 2358 906 2392 ι
940 2340 1050 2394 Καὶ
1078 2339 1201 2411 ἡξει
1259 2339 1464 2411 Κύριος
1493 2341 1521 2392 6
1556 2338 1690 2402 Θεὸς
1721 2379 1736 2403 ,
1772 2340 1869 2392 καὶ

292 2434 495 2496 πάντες
519 2435 570 2487 oi
593 2433 738 2502 ἃγιοι
780 2434 896 2503 μετ’
923 2432 1111 2487 αὐτοῦ’
1155 2432 1251 2486 καὶ
1282 2434 1341 2485 ἃν
1369 2435 1436 2502 τῇ
1466 2432 1648 2504 ἡμέρᾳ
1685 2430 1873 2504 ὲκείνῃ

291 2528 395 2580 οὐκ
427 2526 577 2578 ἔσται
610 2525 747 2595 φῶς,
787 2525 881 2581 καὶ
906 2525 1011 2596 οὐχ,
1043 2524 1246 2597 ἡμέρα,
1284 2518 1562 2597 ὥῇΐνὺξ,
1606 2524 1702 2578 καὶ
1736 2523 1873 2594 πρὸς

293 2619 531 2689 ἑσπέραν
583 2619 736 2673 ἔσται
787 2618 926 2691 φῶς,
955 2619 1052 2672 καὶ
1079 2618 1268 2689 ἡμέρα
1296 2617 1483 2685 ἐκείνη
1530 2614 1749 2686 γνωστὴ
1794 2613 1873 2685 τῷ

298 2711 508 2780 Κυρίῳ.
552 2726 573 2761 ι
623 2710 756 2763 Ἀπὸ
795 2709 907 2780 γὰρ
935 2707 1084 2780 ὥρας
1111 2708 1279 2779 ἕκτης
1305 2709 1409 2770 ἕως
1450 2706 1600 2776 ὥρας
1645 2706 1873 2776 ὲννάτης

299 2799 488 2859 σκότος
520 2797 739 2864 ἐγένετο
769 2799 864 2852 επὶ
896 2799 1077 2851 πᾶσαν
1125 2797 1224 2867 τὴν
1283 2797 1399 2867 γῆν.
1448 2795 1580 2848 Ἰδοὺ
1630 2796 1727 2847 καὶ
1768 2792 1873 2847 Ζα-

299 2887 495 2957 χαρίας
534 2886 738 2960 Κύριον
772 2888 867 2941 καλ⁴
900 2886 1034 2940 Θεὸν
1060 2887 1152 2940 τὸν
1181 2885 1567 2956 σταυρωθέντα
1595 2884 1871 2956 ὠνόμασε.

300 2979 412 3033 Καὶ
456 2980 552 3032 ἐὰν
593 2979 693 3047 μὲν
732 2979 923 3049 εἴπητε
959 2978 1042 3033 ὅτι
1081 2977 1255 3031 ταῦτα
1286 2979 1416 3049 περὶ
1456 2976 1552 3030 τοῦ
1605 2976 1873 3046 εἰλημμέ-

302 3084 396 3120 νοι
457 3066 611 3137 ὑμῶν
670 3067 949 3135 λέγουσιν·
1038 3067 1150 3121 ἰδοὺ
1204 3067 1392 3120 λοιπὸν
1445 3067 1540 3119 καὶ
1587 3065 1745 3137 ὑμεῖς
1795 3067 1875 3129 είς

1954 629 2056 681 ret,
2110 629 2167 674 et
2207 621 2377 676 vitam
2425 630 2691 677 aeternam
2744 621 3039 693 largiretur
3092 618 3450 674 credentibus
3478 620 3531 671 iu

1951 727 2100 766 eum.
2144 713 2217 768 Ut
2273 713 2421 769 enim
2503 730 2602 769 vos
2646 713 2819 770 Juda‘i
2909 712 3229 787 credidistis
3287 710 3532 779 serpenti

1950 818 2104 856 serico
2156 804 2419 874 pendenti
2454 805 2507 859 in
2536 805 2708 875 ligno,
2763 804 2859 874 qui
2903 803 3237 859 maledictus
3270 819 3385 873 pra:
3410 818 3534 857 om-

1957 892 2123 947 nibus
2152 894 2372 948 catteris
2418 894 2613 951 bestiis
2643 895 2860 965 signum
2889 894 3170 965 praebebat
3209 893 3408 947 vestris
3437 908 3531 961 pa:
3600 908 3601 911 ‘

1957 983 2154 1048 tribus,
2189 993 2377 1055 utpote
2420 1000 2528 1038 non
2567 983 2828 1041 mordens
2863 982 2955 1037 hic
2983 998 3211 1053 serpens
3245 997 3356 1051 prae
3386 996 3537 1033 rnor-

1956 1075 2217 1143 dentibus
2258 1076 2610 1146 serpentibus
2647 1076 2814 1130 vitam
2843 1074 3143 1136 alferebat,
3186 1074 3259 1127 ita
3289 1082 3343 1126 ct
3373 1071 3536 1125 Chri-

1957 1178 2097 1230 stus,
2153 1183 2279 1223 cum
2333 1168 2451 1222 sine
2508 1176 2733 1237 peccato
2787 1174 2953 1226 esset,
3010 1181 3109 1235 pro
3154 1164 3539 1236 peccatoribus

1957 1273 2280 1328 suspensus,
2336 1258 2507 1319 vitam
2563 1247 3033 1327 numdo'largitus
3083 1264 3190 1311 est.
3256 1255 3322 1309 Et
3362 1254 3429 1307 de
3452 1261 3540 1307 te-

1959 1350 2149 1405 nebris
2196 1349 2307 1404 dici
2353 1350 2516 1411 istius
2550 1350 2606 1402 in
2637 1364 2748 1419 quo
2792 1348 3092 1406 cruciﬁxus
3126 1354 3211 1400 est
3262 1345 3537 1404 Christus,

1958 1452 2016 1497 et
2057 1440 2127 1497 de
2165 1456 2301 1496 voce
2352 1456 2516 1510 quam
2567 1440 2756 1497 emisit
2805 1439 2934 1495 dum
2988 1438 3315 1507 exspiraret,
3367 1446 3419 1490 et
3472 1436 3541 1490 de

1962 1543 2203 1587 tremore
2248 1533 2373 1588 coeli
2426 1541 2482 1586 et
2541 1540 2701 1587 terrae
2751 1531 2920 1595 totius
2972 1538 3201 1597 propter
3257 1527 3399 1581 hanc
3446 1527 3542 1582 lu-

1961 1625 2207 1679 datorum
2244 1623 2553 1687 audaciam,
2588 1622 2856 1692 propheta
2910 1620 3052 1677 Osee
3084 1619 3262 1674 dicit:
3302 1638 3321 1670 ι
3354 1618 3442 1672 Sol
3485 1629 3543 1673 et

1962 1717 2094 1769 luna
2139 1714 2614 1778 obscurabuntur,
2659 1722 2715 1768 et
2754 1713 2929 1767 stella:
2972 1728 3084 1766 non
3121 1711 3331 1765 dabunt
3358 1710 3541 1764 lumen

1965 1821 2154 1871 suum;
2203 1805 2470 1859 Dominus
2512 1814 2696 1858 autem
2736 1819 2801 1857 ex
2835 1803 2966 1857 Sion
3015 1801 3293 1866 clamabit,
3336 1809 3389 1857 ct
3422 1816 3543 1855 uto-

1964 1894 2188 1950 vebitur
2231 1893 2433 1948 caelum
2487 1900 2544 1947 et
2596 1899 2742 1947 terra
2779 1892 2842 1943 ¹³.
2885 1909 2904 1942 ι

2036 2074 2210 2131 David
2257 2089 2481 2148 quoque
2512 2072 2650 2128 dicit
2684 2090 2700 2127 :
2741 2092 2759 2123 ι
2793 2072 2954 2127 Dedit
2980 2085 3171 2126 vocem
3205 2083 3360 2123 suam
3383 2065 3549 2122 Altis-

1969 2168 2164 2231 simus,
2196 2174 2467 2221 commota
2502 2174 2587 2220 est
2613 2174 2758 2219 terra
2790 2165 2833 2196 ιδ
2861 2183 2879 2214 ι
2916 2164 2995 2219 En
3027 2170 3084 2217 et
3123 2161 3225 2230 ipsi
3256 2159 3546 2213 Dominum

1970 2258 2300 2314 altissimum
2342 2257 2492 2311 hunc
2524 2256 2852 2311 cruciﬁxum
2892 2263 3116 2321 vocant.
3160 2253 3227 2306 Et
3256 2250 3551 2322 Zacharias

1971 2346 2246 2417 propheta
2280 2345 2415 2399 dicit
2443 2361 2457 2398 :
2487 2364 2505 2396 ι
2544 2344 2741 2400 Veniet
2772 2344 3040 2403 Dominus
3076 2343 3245 2405 Deus,
3280 2349 3337 2397 et
3359 2353 3552 2393 omnes

1973 2438 2148 2494 sancti
2197 2452 2323 2492 cum
2366 2451 2466 2503 eo;
2495 2443 2552 2489 et
2579 2435 2633 2490 in
2665 2435 2755 2490 die
2803 2436 2899 2495 illa
2946 2451 3058 2489 non
3108 2433 3216 2488 erit
3252 2432 3465 2494 lumen,
3496 2437 3554 2483 et

1974 2542 2083 2582 non
2138 2524 2248 2581 erit
2297 2524 2418 2580 dies
2470 2540 2650 2594 neque
2708 2541 2838 2588 nox,
2896 2532 2954 2579 et
2999 2524 3067 2579 ad
3102 2537 3388 2593 vesperam
3446 2520 3554 2575 erit

1975 2619 2185 2683 lumen,
2237 2624 2296 2671 et
2334 2616 2457 2671 dies
2502 2616 2594 2670 illa
2645 2627 2775 2672 nota
2814 2617 3047 2672 Domino
3096 2617 3157 2670 ⁸⁵.
3200 2635 3217 2666 ι
3284 2615 3367 2671 Ab
3417 2614 3555 2667 hora

1975 2708 2124 2764 enim
2171 2716 2321 2763 sexta
2362 2707 2428 2762 ad
2486 2706 2679 2761 horam
2711 2723 2913 2762 nonam
2955 2706 3197 2762 tenebrae
3244 2706 3398 2763 factae
3429 2711 3557 2760 sunt

1977 2801 2033 2857 in
2066 2801 2380 2855 universam
2400 2807 2626 2854 terram.
2656 2799 2957 2867 Zacharias
2983 2800 3274 2859 Dominum
3301 2807 3352 2865 et
3382 2797 3555 2851 Deum

1978 2890 2303 2948 cruciﬁxum
2334 2890 2649 2961 appellavit.
2674 2889 2831 2957 Quod
2851 2891 2896 2952 si
2924 2890 3112 2945 dicitis
3136 2890 3254 2945 haec
3276 2888 3344 2943 de
3372 2897 3558 2941 vestro

1979 2979 2175 3035 Messia
2221 2979 2353 3041 dici,
2394 2994 2524 3034 ecce
2569 2979 2791 3034 demum
2827 2989 2879 3034 et
2909 2995 3007 3037 vos
3035 2978 3088 3032 in
3121 2977 3400 3054 hominem
3428 2992 3559 3031 cru-

1982 3071 2313 3141 cifigendum
2362 3080 2425 3126 ut
2464 3071 2870 3127 malefactorem
2903 3069 3163 3138 speratis.
3197 3068 3304 3123 Sed
3334 3084 3441 3121 non
3478 3075 3564 3121 est

303 3156 587 3228 ἄνθρωπον
665 3160 926 3233 μέλλοντα
987 3156 1377 3229 σταυρωθῆναι
1440 3156 1517 3220 ὡς
1585 3156 1877 3211 κατάδικον

1983 3162 2124 3217 alius
2149 3162 2243 3232 qui
2277 3160 2576 3231 praedictus
2609 3167 2693 3216 est
2738 3175 2766 3214 a
2812 3159 3125 3229 prophetis,
3157 3157 3260 3213 nisi
3298 3156 3564 3211 Dominus

305 3249 582 3314 ιλπίζετε·
639 3250 751 3303 ἀλλ’
795 3250 895 3304 οὐκ
956 3250 1104 3305 ἐστιν
1153 3248 1314 3313 ἄλλος
1354 3249 1384 3302 6
1440 3247 1875 3319 προφητευθεὶς,

307 3345 357 3397 εί
402 3345 475 3416 μὴ
506 3347 535 3397 6
568 3343 768 3413 Κύριος
810 3345 969 3415 ἡμῶν
1009 3344 1220 3415 Ἰησοῦς
1262 3343 1500 3415 Χριστὸς
1547 3345 1576 3396 6
1608 3341 1737 3404 Υἱὸς
1782 3339 1878 3393 τοῦ

308 3437 464 3496 Θεοῦ.
493 3437 522 3489 6
549 3437 613 3488 ὲκ
641 3436 751 3488 τῶν
772 3436 1016 3506 οὐρανῶν
1045 3435 1342 3501 κατελθὼν,
1374 3436 1463 3488 καὶ
1497 3424 1796 3506 σαρκωθεὶς
1816 3435 1882 3487 ὲκ

310 3527 629 3595 Ιινεύματος
666 3527 821 3594 ἁγίου
859 3529 924 3579 ὲκ
954 3527 1053 3596 τῆς
1100 3526 1461 3596 ἁειπαρθένου
1515 3525 1756 3596 Μαρίας,
1790 3525 1884 3578 καὶ⁵

311 3615 487 3669 ταῦτα
527 3615 713 3667 παθὼν
752 3616 841 3669 διὰ
883 3616 983 3685 τὴν
1015 3617 1109 3668 τοῦ
1157 3617 1365 3686 κόσμου
1402 3617 1694 3686 σωτηρίαν,
1750 3614 1886 3669 καθο

314 3705 462 3775 άπερ
494 3704 925 3775 προηγγείλαντο
944 3706 1072 3777 περὶ¹
1090 3706 1255 3759 αὑτοῦ
1280 3709 1330 3759 οί
1352 3709 1649 3777 προφῆται,
1673 3707 1748 3770 ὡς
1771 3707 1888 3760 δια-

315 3797 599 3867 λεχθέντες
622 3797 720 3859 τὰς
748 3796 878 3866 περὶ
916 3795 1154 3867 Χριστοῦ
1193 3797 1500 3866 μαρτυρίας
1529 3813 1589 3849 τε
1627 3796 1721 3849 καὶ
1753 3813 1883 3866 προσ

320 3887 547 3959 φητείας
574 3886 754 3941 αὐτῶν
792 3888 1210 3957 παρηγάγομεν.
1258 3887 1368 3939 Καὶ
1404 3888 1534 3955 περὶ
1560 3886 1655 3940 τοῦ
1684 3887 1888 3953 ἀναλη-

320 3981 518 4047 φθῆναι
547 3976 709 4032 αὐτὸν
739 3979 797 4029 ὲν
819 3980 930 4041 τοῖς
952 3978 1203 4047 οὐρανοῖς
1228 3977 1324 4028 καὶ
1361 3975 1582 4029 καθίσαι
1607 3977 1672 4029 ἐκ
1698 3974 1890 4037 δεξιῶν

322 4069 413 4121 τοῦ
444 4067 603 4133 Θεοῦ,
635 4068 730 4121 καὶ
773 4066 908 4138 πρὸς
941 4066 1221 4137 Ζαχαρίαν
1243 4062 1420 4119 εἶπεν·
1468 4083 1489 4117 ι
1538 4066 1625 4118 Ἐν
1657 4067 1722 4136 τῇ
1753 4066 1786 4134 ἡ
1798 4064 1893 4133 μέ·-

328 4177 396 4233 ρᾳ.
424 4161 611 4231 ἐκείνῃ
638 4160 922 4230 στήσονται
951 4161 1001 4212 ot
1032 4157 1192 4220 πόδες
1212 4158 1419 4228 Κυρίου
1438 4157 1532 4220 είς
1551 4156 1612 4210 τὸ
1638 4155 1762 4227 ὅρος
1783 4153 1893 4207 τῶν

322 4250 546 4303 Ἐλαιῶν
561 4249 621 4302 τὸ
637 4249 925 4303 κατέναντι
967 4246 1321 4319 Ἰερουσαλὴμ
1368 4247 1509 4301 κατὰ
1555 4246 1839 4308 ἀνατολάς.
1868 4262 1890 4295 ι

324 4344 435 4396 Kal.
474 4341 777 4412 Ψαλμῳδὸς
822 4341 993 4408 λέγει’
1026 4356 1045 4390 ι
1087 4337 1294 4409 Ἐπέόη
1328 4338 1422 4391 ἐπὶ
1454 4336 1762 4408 Χερουϐὶμ,
1801 4337 1895 4390 καὶ

1980 3262 2172 3308 noster
2212 3252 2375 3308 Iesus
2419 3250 2675 3306 Christus
2734 3250 2908 3305 Filius
2955 3250 3078 3315 Dei,
3126 3248 3223 3318 qui
3279 3245 3566 3302 descendit

1980 3346 2049 3400 de
2088 3343 2265 3407 caelis,
2310 3350 2369 3398 et
2418 3342 2737 3398 incarnatus
2775 3350 2863 3397 est
2899 3340 2967 3396 de
3024 3340 3237 3410 Spiritu
3283 3348 3470 3393 sancto
3497 3353 3565 3391 ex

1981 3435 2150 3491 Maria
2196 3434 2443 3505 Virgine,
2478 3439 2536 3487 et
2581 3433 2699 3487 haec
2745 3446 2941 3502 passus
2978 3439 3064 3485 est
3110 3439 3340 3501 propter
3373 3427 3563 3483 mundi

1983 3528 2246 3592 salutem,
2301 3535 2363 3580 ut
2421 3525 2928 3595 praanuntiavcrant
2981 3523 3049 3577 dc
3110 3522 3206 3576 illo
3260 3521 3563 3591 prophetae,

1984 3620 2060 3673 uti
2120 3619 2455 3672 disserentes
2512 3617 2821 3669 testimonia
2883 3614 2951 3669 de
3016 3614 3240 3669 Christo
3313 3623 3369 3668 et
3438 3629 3566 3682 pro-

1986 3709 2200 3780 phetias
2243 3708 2622 3778 produximus.
2656 3708 2725 3761 Et
2756 3708 2823 3761 de
2873 3707 3023 3761 illius
3067 3707 3119 3760 in
3163 3707 3336 3760 caelos
3372 3721 3567 3758 ascen-

1988 3799 2144 3853 sione
2199 3805 2259 3853 et
2300 3798 2547 3852 sessione
2613 3796 2680 3850 ad
2729 3797 3011 3850 dextaam
3062 3797 3185 3861 Dei,
3240 3813 3269 3851 a
3304 3795 3570 3850 Zacharia

1989 3888 2195 3943 dicitur
2227 3906 2240 3942 :
2272 3907 2290 3938 ι
2325 3888 2383 3942 1η
2414 3887 2504 3941 illa
2529 3886 2619 3941 die
2642 3887 2866 3941 stabunt
2891 3887 3058 3957 pedes
3082 3886 3297 3940 Domini
3327 3886 3380 3939 iu
3409 3901 3571 3939 mon-

1992 3988 2101 4035 tem
2128 3978 2407 4034 Olivarum
2434 3978 2700 4032 adversus
2727 3977 3028 4035 Jerusalem
3048 3976 3114 4032 ad
3142 3976 3422 4031 Orientem
3457 3976 3521 4029 “.
3548 3996 3566 4025 ι

1993 4071 2063 4126 Et
2096 4066 2381 4125 Psalmista
2416 4070 2552 4124 dicit
2585 4087 2599 4123 :
2639 4088 2657 4119 ι
2682 4068 2946 4127 Ascendit
2986 4085 3153 4139 super
3180 4068 3480 4124 Cherubim
3517 4077 3573 4123 et

1994 4160 2202 4214 volavit
2253 4173 2422 4229 super
2462 4173 2673 4228 pennas
2701 4167 3028 4223 ventorum;
3064 4167 3120 4214 et
3158 4156 3406 4213 ascendit
3430 4158 3572 4211 Deus

1996 4250 2052 4305 in
2086 4265 2227 4305 voce
2269 4249 2417 4304 tubae
2451 4250 2518 4303 ".
2559 4267 2578 4300 ι
2624 4249 2731 4303 Et:
2782 4267 2801 4299 ι
2830 4249 2978 4303 Dixit
3026 4248 3293 4303 Dominus
3342 4245 3575 4300 Domini

1998 4355 2120 4394 meo
2151 4355 2166 4392 :
2207 4337 2350 4392 Sede
2383 4354 2414 4393 a
2462 4337 2672 4395 dextris
2705 4336 2844 4395 meis
2891 4337 2958 4402 “,
2989 4356 3008 4389 ι
3041 4344 3098 4392 et
3128 4335 3275 4405 quod
3303 4335 3574 4403 sequitur.

326 4433 602 4504 ἓπετάσθη
640 4432 735 4487 ἐπὶ
770 4431 1059 4503 πτερύγων
1090 4431 1329 4503 ἀνέμων
1353 4431 1448 4483 καὶ
1480 4430 1651 4501 ἀνέϐη
1681 4430 1813 4493 Θεὸς
1839 4432 1878 4482 ὲκ

1998 4428 2155 4495 Quod
2186 4437 2370 4483 autem
2405 4426 2657 4483 ascendit
2681 4426 2816 4497 quid
2845 4434 2950 4494 est,
2981 4426 3087 4481 nisi
3116 4425 3263 4498 quod
3294 4423 3583 4507 descendit

328 4523 679 4592 αλαλαγμῷ·›
701 4525 847 4578 καίί
872 4519 1038 4577 Εἶπεν
1057 4523 1086 4576 6
1107 4522 1308 4593 Κύριος
1322 4520 1399 4592 τῷ
1420 4521 1610 4594 Κυρίῳ
1628 4538 1728 4591 μου
1749 4536 1764 4552 ο
1783 4520 1898 4575 Κά-
1924 4511 1976 4569 D
2003 4521 2155 4592 prius
2172 4523 2197 4575 τ

328 4617 421 4668 θου
442 4617 513 4669 ex
529 4614 715 4678 δεξιῶν
733 4632 856 4685 μου,
882 4633 901 4666 ι
932 4614 1102 4667 καὶτὰ
1126 4613 1368 4684 ἑξῆς.;Τὺ
1387 4612 1444 4665 δὲ
1468 4611 1638 4684 ἀνέϐη
1657 4612 1709 4665 τί
1725 4613 1894 4678 ἐστιν,

328 4710 376 4759 εἰ
416 4707 489 4773 μὴ
520 4707 602 4759 ὅτι
632 4704 836 4773 κατέϐη
865 4704 1160 4773 πρότερον;

405 4795 595 4862 Ὅμως
619 4793 715 4846 σῦν
744 4794 881 4846 πᾶσι
907 4793 1019 4855 τοῖς
1041 4790 1305 4861 ῥηθείσιν,
1336 4789 1397 4842 οὗ
1421 4790 1729 4860 προφήτας,
1762 4786 1900 4842 ἀλλὰ

332 4888 424 4939 καὶ
482 4884 764 4954 μάρτυρας
819 4883 949 4952 ὑμῖν
995 4879 1190 4943 ἄλλους
1220 4879 1671 4951 προϐαλλόμεθα,
1701 4879 1900 4940 οἵτινες

335 4972 828 5043 παρηκολούθησαν
856 4972 957 5043 τὴν
989 4970 1081 5025 τοῦ
1119 4968 1359 5041 Χριστοῦ
1404 4970 1666 5041 ἐνσαρκον
1697 4987 1907 5040 παρου-

334 5067 478 5120 σέαν.
516 5065 629 5119 Καὶ
654 5065 764 5135 γὰρ
804 5067 900 5117 καὶ
930 5067 1093 5135 ἡμεῖς
1132 5064 1276 5134 ειπερ
1313 5062 1580 5134 μέλλομεν
1611 5063 1814 5131 λέγειν,
1849 5062 1910 5117 ὲν

335 5156 730 5227 ὑπομνήμασιν
785 5154 957 5226 ἔχετε·
1000 5155 1049 5207 οί
1088 5153 1199 5224 γὰρ
1241 5153 1477 5224 πατέρες
1506 5152 1660 5223 ὑμῶν
1692 5154 1742 5206 oi
1779 5152 1909 5207 τότε

335 5247 454 5300 λίαν
480 5245 828 5315 ἡττηθέντες,
864 5243 960 5298 καὶ
994 5244 1095 5314 τὴν
1135 5241 1307 5316 ἧτταν
1347 5245 1428 5306 είς
1466 5244 1623 5313 νίκην
1653 5243 1911 5314 ἀνίκητον

335 5337 784 5408 ἀνακαλούμενοι,
807 5336 1097 5390 ἐκέλευσαν
1123 5335 1326 5406 μηδένα
1350 5334 1458 5388 τῶν
1473 5335 1742 5389 Ἰουδαίων
1771 5352 1911 5389 κατ-

337 5432 485 5499 έχειν
540 5430 681 5483 αὐτὰ
711 5428 1005 5499 ἐγγράφως
1045 5426 1116 5480 τὰ
1156 5427 1309 5497 παρά
1350 5425 1445 5478 τοῦ
1494 5426 1738 5496 Χριστοῦ
1770 5442 1913 5496 πρα-

339 5518 490 5583 κτέα,
521 5520 555 5591 ἢ
594 5519 734 5583 ὅλως
780 5518 962 5588 ζητεῖν
989 5516 1024 5588 ἡ
1053 5515 1473 5586 ἀναγινώσκειν,
1519 5515 1606 5569 ἵνα
1640 5515 1714 5585 μὴ
1742 5517 1776 5587 ἡ
1818 5534 1912 5586 φι-

339 5611 565 5666 λοπονία
610 5613 725 5672 τοῖς
764 5610 979 5673 πολλοῖς
1010 5607 1213 5677 γνῶσιν
1257 5608 1534 5681 παράσχῃ
1566 5606 1681 5661 ἀλλ’
1711 5607 1912 5660 εἰδόσιν

389 5724 454 5849 x"
488 5723 610 5850 iloel
650 5726 905 5794 11,10,11.
947 5723 991 5756 “
1029 5698 1169 5778 Psal.
1212 5738 1353 5783 xcvr.
1394 5723 1444 5778 4.

336 5811 442 5859 σιτ,
488 5811 538 5851 ι.

1562 5724 1604 5757 ’⁵
1643 5721 1867 5777 Zachar.
1910 5739 2017 5789 xiv,
2067 5731 2228 5790 5—1,
2263 5731 2307 5767 η
2349 5731 2483 5787 ibid.
2535 5728 2590 5785 ιι.

2075 4796 2280 4851 Verum
2308 4795 2376 4850 ad
2422 4796 2539 4851 haec
2571 4811 2692 4866 quae
2721 4794 2982 4859 diximus,
3008 4811 3115 4849 non
3142 4793 3459 4865 prophetas,
3483 4791 3583 4848 sed

2006 4886 2144 4940 alios
2163 4886 2322 4942 vobis
2343 4896 2512 4942 testes
2535 4885 2886 4957 proferimus,
2916 4887 3010 4957 qui
3030 4886 3201 4941 secuti
3227 4896 3355 4941 sunt
3378 4884 3586 4940 Christi

2007 4976 2302 5031 adventum
2343 4981 2396 5029 in
2449 4991 2633 5031 carne.
2691 4977 2908 5031 Etenim
2958 4994 3079 5045 qua:
3126 4993 3233 5031 nos
3269 4977 3454 5031 dicere
3484 4974 3585 5029 de-

2010 5069 2226 5131 bemus,
2251 5068 2306 5121 in
2327 5068 2738 5122 commentariis
2764 5069 3006 5135 habetis;
3029 5077 3215 5138 patres
3239 5068 3386 5122 enim
3415 5065 3589 5121 vestri

2010 5167 2144 5213 tunc
2189 5159 2417 5231 omnin
2460 5158 2745 5227 prostrati,
2796 5160 2891 5213 sed
2941 5160 3151 5213 cladem
3187 5158 3242 5211 in
3295 5157 3590 5210 victoriam

2013 5247 2275 5302 invictam
2329 5234 2544 5303 mutare
2593 5250 2903 5319 cupientes,
2949 5250 3232 5321 jusserunt
3270 5247 3589 5303 Jndzeorum

2011 5326 2288 5394 neminem
2340 5339 2658 5410 conscripta
2708 5340 2913 5405 habere
2952 5324 2997 5391 6a
3034 5338 3256 5392 Christo
3287 5345 3462 5408 gesta,
3493 5346 3587 5390 aut

2012 5431 2239 5485 omnino
2283 5444 2533 5497 qmerere
2566 5430 2652 5483 vel
2703 5430 2904 5499 legere,
2957 5443 3028 5481 ne
3075 5427 3360 5496 diligentia
3398 5425 3589 5479 multis

2010 5520 2264 5575 notitiam
2294 5516 2537 5574 afferret.
2566 5520 2766 5574 Verum
2809 5518 3111 5573 scientibus
3151 5516 3307 5570 vobis
3353 5515 3472 5570 haec
3501 5514 3590 5583 di-

2012 5610 2208 5675 cimus,
2250 5611 2501 5680 quamvis
2545 5609 2826 5663 occultare
2863 5609 3152 5662 veritatem
3186 5605 3256 5661 de
3292 5620 3443 5661 more
3491 5620 3589 5660 co-

2707 5727 2754 5760 ⁸⁷
2787 5724 2929 5783 Psal.
2981 5740 3116 5795 xvii,
3182 5726 3267 5784 ll.
3377 5724 3422 5760 ¹³
3454 5723 3599 5782 νηί.
