3988 6142
492 297 626 373 123.7

1695 324 1754 381 S.
1799 323 2199 384 ANASTASII
2240 326 2359 385 SIN
2375 326 2568 385 AITiE

3592 329 3704 399 1248

486 424 715 490 gamini.
768 425 962 482 Nonne
994 444 1021 483 e
1066 428 1291 487 Perside
1323 433 1377 486 in
1410 432 1753 488 Palaestinam
1788 435 2075 490 devenisse

2183 438 2307 508 ὑμῖν
2350 438 2519 490 ταῦτα
2566 438 2817 508 λέγομεν,
2856 440 2959 492 κᾶν
2984 437 3206 509 κρύεειν
3239 436 3330 507 τὴν
3355 439 3588 505 ἀλήθειαν
3615 448 3705 500 ὑπὸ

488 514 672 583 Magos
716 517 1008 575 audivistis
1036 521 1227 576 divino
1255 525 1427 578 stellre
1466 527 1693 580 oraculo
1729 526 1946 589 ductos,
1980 526 2075 597 qui

392 648 395 653 .
486 606 767 663 Christum
795 610 1094 670 adorantes
1124 616 1267 671 dona
1315 617 1695 687 protulerunt?
1720 633 1843 671 cum
1872 619 2077 688 quibus

491 698 657 751 vestri
704 702 1059 757 sacerdotum
1093 708 1377 778 principes
1418 710 1487 763 ab
1525 710 1740 763 Herode
1777 720 1909 763 tunc
1946 727 2074 781 rege

488 788 813 862 interrogati
844 813 855 847 :
891 796 1090 863 Dicite,
1126 800 1222 853 ubi
1253 799 1509 855 Christus
1536 801 1814 855 nascitur?
1842 817 2072 870 respon-

489 878 727 936 derunt:
766 884 821 937 lu
860 884 1139 942 Bethleem
1166 889 1390 944 civitate
1427 890 1648 956 Iudaeae,
1697 899 1757 943 ut
1788 891 2075 960 prephetae

488 977 711 1044 dicunt;
767 981 841 1035 ita
897 990 959 1035 ut
1015 982 1283 1047 Herodes,
1342 983 1546 1037 invidia
1588 983 1867 1037 nascentis
1904 982 2072 1052 regis,

491 1079 703 1125 tantum
763 1089 1064 1142 puerorum
1119 1075 1456 1128 occisionem
1522 1074 1769 1144 jusserit.
1831 1073 2074 1128 Joannes

491 1161 736 1231 Baptista
779 1180 964 1219 nonne
1008 1181 1076 1219 ex
1114 1166 1318 1230 Judteis
1355 1165 1566 1220 oritur?
1620 1165 1689 1218 ad
1742 1180 1909 1233 quem
1939 1173 2074 1218 tunc

490 1253 767 1308 miserunt
808 1258 982 1311 vestri
1018 1266 1201 1326 patres
1247 1257 1650 1327 interrogantes
1707 1265 1898 1310 utrum
1930 1268 2073 1311 esset

490 1343 765 1408 Christus.
793 1356 849 1402 et
874 1330 1015 1402 dixit
1043 1365 1056 1402 :
1090 1366 1108 1399 ι
1142 1348 1263 1403 Non
1287 1364 1409 1403 sum
1429 1364 1561 1417 ego;
1605 1368 1622 1399 ι
1653 1348 1747 1402 sed
1779 1347 2077 1402 ostendens

494 1434 603 1488 illis
632 1435 915 1491 Christum
957 1437 1096 1492 dixit
1124 1456 1137 1489 :
1177 1456 1194 1488 ι
1225 1436 1326 1492 llic
1362 1445 1447 1492 est
1474 1453 1648 1506 agnus
1684 1437 1778 1491 Dei
1811 1438 1907 1506 qui
1935 1436 2078 1491 tollit

493 1535 780 1592 peccatum
820 1527 1013 1581 mundi
1060 1530 1124 1581 ι’.
1161 1546 1179 1580 ι

2184 529 2285 597 τῆς
2312 530 2600 598 συνηθείας
2631 529 3028 597 ἀναγκάζεσθε·
3074 531 3200 592 τοὺς
3228 528 3329 583 ἀπὸ
3372 532 3455 601 τῆς
3486 520 3708 603 ἷιερσίδος

2186 618 2279 670 ἐπὶ
2310 620 2407 687 τὴν
2444 619 2808 691 Παλαιστίνην
2837 621 3181 692 περάσαντας
3215 620 3423 687 Μάγους
3448 622 3535 675 οὐκ
3573 627 3707 690 ὴκιύ-

2187 725 2314 761 σατε
2339 711 2402 761 ἐκ
2429 709 2580 773 θείας
2610 711 2961 782 χρησμῳδίας
2993 715 3131 781 μετά
3169 710 3391 779 ἀστέρος
3426 715 3707 783 ἀγομένους,

2183 800 2233 853 οἳ
2283 800 2361 870 τῷ
2408 801 2629 872 Χριστῷ
2670 804 3145 873 προσκυνήσαντες
3187 802 3331 871 δὼρα
3373 806 3706 875 προσήγαγως

2189 892 2310 962 μεθ’
2342 887 2415 947 ὧν
2468 893 2519 946 οἱ
2564 893 2683 946 τότε
2731 894 2884 964 ὑμῶν
2920 896 3197 964 ἀρχιερεῖς
3251 893 3329 963 τῷ
3380 894 3493 947 τότε
3537 896 3713 964 βασιλεῖ

2197 982 2412 1053 Ἡρώδῃ
2438 983 2812 1053 συντυχόντες,
2844 982 2988 1037 εἷπε·
3022 983 3129 1036 Ποῦ
3168 985 3196 1036 6
3222 982 3446 1052 Χριστὸς
3470 986 3711 1050 γεννᾶται;

2184 1073 2277 1126 καὶ
2298 1068 2450 1127 εἶπον
2481 1077 2628 1145 αὐτῷ
2645 1095 2657 1109 ο
2686 1077 2772 1129 Ἐν
2796 1075 3046 1146 Βηθλεὲμ
3072 1076 3139 1144 τῇ
3166 1072 3320 1126 πόλει
3352 1074 3446 1142 τῆς
3472 1073 3708 1137 Ἰουδαίας.

2185 1163 2365 1227 καθὼς
2393 1166 2443 1218 οἱ
2468 1169 2743 1238 προφῆται
2771 1166 3021 1233 λέγουσιν
3047 1182 3059 1194 ·
3097 1164 3171 1223 ὡς
3194 1163 3287 1216 καὶ
3318 1164 3613 1234 ζηλώσαντα
3639 1167 3711 1219 τὸν

2198 1254 2446 1325 Ἡρώδην
2499 1255 2595 1327 τὴν
2636 1259 2970 1326 ἀναφυεῖσαν
3022 1253 3323 1325 βασιλείαν,
3359 1254 3454 1323 τὴν
3484 1255 3714 1323 τοσαύτην

2187 1347 2585 1418 παιδοσφαγίαν
2645 1349 2998 1419 ποιήσασθαι.
3073 1348 3328 1416 Ἰωάννης
3375 1348 3402 1399 6
3449 1348 3716 1418 Βαπτιστὴς

2186 1440 2286 1492 ούκ
2329 1441 2388 1505 ἐξ
2429 1440 2698 1494 Ἰουδαίων
2737 1441 3069 1508 κατὰγεται;
3117 1438 3255 1510 πρὸς
3314 1437 3371 1490 ὃν
3413 1438 3717 1492 ἀπέσταλκαν

2185 1531 2308 1582 τότε
2335 1535 2383 1584 οἱ
2416 1533 2649 1601 πατέρες
2675 1532 2703 1583 ὑ
2712 1532 2828 1600 μῶν
2854 1531 3164 1600 ἐρωτῶντες
3186 1531 3234 1581 εί
3266 1528 3425 1589 αὐτὸς
3450 1529 3476 1579 ὁ
3500 1527 3717 1594 Χριστὸς,

492 1620 584 1672 καὶ
621 1615 791 1673 εἶπεν
835 1641 853 1671 ι
889 1622 1002 1675 Οὐκ
1033 1623 1151 1692 εἰμὶ
1183 1621 1310 1690 έγώ’
1338 1642 1355 1673 ι
1392 1622 1527 1676 ἀλλὰ
1561 1622 1741 1687 δείξας
1769 1624 1955 1684 αὐτοῖς
1985 1622 2076 1674 τὸν
2110 1622 2343 1692 Χριστὸν
2375 1618 2529 1675 εἶπεν
2558 1638 2571 1652 ·
2606 1642 2623 1673 ι
2680 1618 2848 1685 Οὗτός
2915 1624 3061 1673 ἐστιν
3116 1622 3143 1672 6
3191 1618 3363 1689 ἀμνὸς
3434 1615 3521 1670 τοῦ
3559 1617 3719 1669 Θεοῦό

492 1713 666 1782 αῐρων
697 1715 794 1784 τὴν
830 1715 1104 1784 ἁμαρτίαν
1136 1715 1229 1767 τοῦ
1260 1717 1488 1783 κόσμου.
1527 1737 1545 1768 ι

564 1804 836 1858 l’rteterea
867 1804 1198 1859 Nicodemus
1246 1807 1505 1876 princeps
1538 1817 1745 1873 vester,
1783 1817 1837 1863 et
1872 1809 2074 1863 Nutha-

2253 1806 2456 1860 Λοιπὸν
2491 1808 2802 1877 Νικόδημος
2834 1810 2861 1859 6
2893 1807 3078 1875 ἄρχων
3103 1804 3283 1875 ὑμῶν,
3319 1806 3410 1857 καὶ
3448 1800 3722 1869 Ναθαναὴλο

496 1896 639 1958 nae],
672 1904 727 1948 et
754 1896 958 1964 .loseph
998 1896 1068 1950 ab
1094 1896 1445 1959 Arimathaea,
1481 1906 1537 1953 et
1574 1899 1730 1954 Bizes
1750 1910 1806 1955 et
1842 1901 2077 1955 Alcxan-
2108 1978 2113 1981 ἦ

495 1986 614 2048 der,
647 1987 743 2056 qui
793 2002 918 2040 cum
973 1987 1093 2055 ipso
1118 1989 1483 2044 comederunt
1514 1990 1569 2044 in
1600 1991 1807 2061 nuptiis
1838 1990 2079 2046 Simonis

495 2077 728 2143 Galilazi,
780 2093 905 2132 cum
950 2093 1149 2146 aquam
1196 2081 1254 2133 in
1287 2081 1477 2134 vinum
1521 2082 1783 2148 mutavit;
1830 2082 2079 2138 seniores

494 2172 589 2240 qui
639 2181 699 2226 ut
737 2174 897 2243 legati
935 2189 966 2228 a
1008 2172 1339 2261 cepturione
1374 2173 1528 2227 missi
1552 2183 1680 2228 sunt
1711 2184 1937 2245 propter
1960 2176 2080 2245 ejus

499 2263 668 2318 tilium
717 2265 1071 2335 deprecaturi
1126 2284 1228 2337 pro
1283 2267 1443 2320 istius
1503 2267 1715 2330 salute;
1747 2268 1957 2337 Dignus
1996 2277 2081 2323 est

496 2358 664 2421 enim,
715 2357 995 2424 dicebant,
1033 2361 1126 2430 qui
1158 2360 1263 2416 hoc
1290 2360 1590 2429 praastabit,
1622 2376 1745 2414 nam
1774 2372 1920 2417 amat
1947 2378 2081 2429 gen-

499 2459 631 2514 tem,
684 2459 741 2504 et
802 2466 1133 2523 synagogam
1181 2453 1300 2523 ipse
1350 2452 1645 2508 aediﬁcavit
1700 2454 1890 2521 nobis;
1948 2456 2080 2510 item

498 2539 681 2609 regius
730 2541 832 2595 iste
884 2542 1182 2610 proconsul
1238 2543 1413 2597 frater
1458 2543 1591 2599 Jairi
1641 2545 2077 2617 archisynagogi,

496 2632 655 2700 cujus
710 2630 887 2686 tilium
934 2649 1130 2687 sanum
1201 2634 1352 2700 fecit,
1413 2635 1577 2690 istius
1621 2652 1844 2707 quoque
1898 2637 2079 2692 Jairus

498 2720 668 2775 frater
729 2722 1060 2792 deprecatus
1108 2724 1289 2791 illum,
1344 2726 1441 2795 qui
1496 2725 1663 2780 ﬁliam
1718 2727 2004 2782 suscitavit
2049 2742 2080 2780 e

497 2815 767 2879 mortuis;
825 2814 1063 2885 Caiphas
1118 2826 1253 2873 tunc
1300 2827 1485 2873 vester
1525 2834 1774 2873 summus
1828 2818 2079 2874 Pontifex

495 2901 594 2969 qui
647 2904 975 2959 consulebat
1006 2922 1174 2960 unum
1206 2907 1487 2961 hominem
1523 2907 1686 2973 mori,
1718 2924 1787 2962 ne
1824 2908 2082 2962 universa

494 3006 635 3058 gens
687 2994 928 3062 periret;
962 2997 1121 3067 pueri
1153 2998 1322 3052 vestri
1376 2998 1680 3053 clamantes
1717 3014 1730 3051 :
1771 3016 1789 3049 ι
1822 2998 2081 3052 Hosanna

498 3079 638 3135 Filio
686 3082 880 3146 David,
920 3084 1267 3149 benedictus.
1302 3087 1395 3157 qui
1449 3089 1602 3142 venit
1635 3089 1691 3141 in
1721 3089 1941 3142 nomine
1969 3089 2076 3142 Do-

2182 1903 2275 1953 καὶ
2309 1901 2505 1972 Ἰωσὴφ
2526 1904 2553 1955 6
2582 1902 2678 1953 ἀπ’
2714 1900 3056 1970 Ἀριμαθίας,
3086 1900 3179 1952 καὶ
3216 1898 3384 1967 Βιζῆς
3420 1897 3510 1950 καὶ
3533 1892 3725 1958 ὀἈλέξ·

2186 1993 2404 2063 ανδρος,
2445 1992 2494 2045 οἳ
2552 1993 2649 2045 καὶ
2683 1993 2986 2060 συνέφαγον
3014 1988 3163 2058 αὐτῷ
3194 1990 3255 2041 ἐν
3292 1987 3370 2058 τῷ
3398 1988 3552 2057 γάμῳ
3575 1986 3726 2055 Σίμω-

2182 2101 2269 2147 νος
2307 2084 2402 2137 τοῦ
2427 2084 2734 2150 Γαλιλαίου,
2763 2084 2819 2136 ἐν
2848 2078 2892 2150 ᾧ
2935 2083 3026 2135 καὶ
3061 2082 3120 2135 τὸ
3151 2080 3305 2151 ὕδωρ
3338 2082 3415 2142 εἰς
3447 2075 3579 2131 οἶνον
3618 2092 3726 2146 μετ-

2182 2175 2414 2230 έόαλενυ
2486 2177 2531 2227 οἱ
2562 2175 2924 2246 πρεσϐύτεροι
2970 2174 3021 2226 oi
3069 2174 3163 2226 ἐπὶ
3210 2171 3507 2244 πρεσϐείαν
3542 2170 3624 2222 διὰ
3652 2169 3728 2220 τὸν

2182 2268 2348 2320 παῖδα
2379 2267 2473 2320 τοῦ
2508 2267 2906 2338 ἑκατοντάρχου
2947 2266 3038 2319 ὑπ’
3069 2264 3236 2318 αὑτοῦ
3291 2264 3570 2324 σταλέντες
3596 2259 3729 2314 σκυλ-

2181 2358 2337 2428 λῆναι
2366 2358 2531 2411 αὐτὸν
2546 2358 2633 2411 διὰ
2654 2358 2751 2428 τὴν
2776 2358 3053 2427 σωτηρίαν
3074 2355 3266 2419 αὐτοῦ,
3295 2354 3476 2419 ’Ἄξιος
3491 2354 3591 2424 γάρ
3613 2354 3727 2410 ἐστι,

2182 2444 2369 2514 φασὶν,
2405 2445 2435 2498 6
2486 2444 2713 2515 παρέξει
2768 2446 2962 2507 τοῦτο,
2993 2444 3184 2513 ἀγαπᾷ
3219 2443 3338 2513 γὰρ
3375 2443 3435 2495 τδ
3476 2441 3614 2502 ἔθνος
3654 2440 3730 2490 καὶ

2180 2537 2278 2607 τὴν
2307 2538 2625 2607 συναγωγὴν
2653 2536 2814 2599 αὐτὸς
2842 2536 3192 2607 ᾠκοδόμησεν
3221 2534 3386 2604 ὖμῖν⁹
3435 2530 3463 2582 6
3491 2529 3729 2603 βασιλικὸς

2180 2629 2209 2679 6
2247 2627 2557 2689 ἀνθύπατος
2595 2628 2623 2679 6
2654 2626 2881 2696 ἀδελφὸς
2919 2626 3149 2696 Ἰαείρου
3190 2623 3293 2677 τοῦ
3318 2620 3730 2694 ἀρχισυναγώγου

2181 2712 2242 2772 οὗ
2272 2717 2362 2772 τὸν
2392 2717 2510 2770 υἱὸν
2543 2718 2668 2786 ὑγιῆ
2704 2716 2951 2785 ἐποίησε,
2982 2718 3010 2768 6
3046 2717 3246 2768 τούτου
3279 2712 3503 2781 ἀδελφὸς
3540 2712 3732 2775 Ἰάειρος

2182 2807 2572 2877 παρακαλέσας
2610 2807 2772 2859 αὑτὸν
2830 2806 2924 2859 καὶ
2965 2806 3066 2877 τὴν
3119 2804 3407 2875 θυγατέρα
3455 2805 3654 2873 ἤγειρεν
3680 2801 3734 2851 ὲκ

2185 2899 2413 2968 νεκρῶν·
2456 2899 2715 2965 Καῖὰφας
2745 2899 2773 2950 6
2797 2898 2917 2951 τθεε
2956 2898 3256 2967 ἀρχιερεὺς
3292 2896 3444 2967 ὑμῶν
3472 2898 3498 2947 6
3527 2891 3731 2962 συμϐου·

2182 2988 2382 3051 λεύσας
2430 2989 2527 3041 ἕνα
2576 2988 2866 3059 ἄνθρωπον
2918 2988 3215 3041 ἀποθανεῖν
3273 2986 3371 3040 καὶ
3419 2984 3491 3056 μὴ
3540 2984 3650 3037 ὅλον
3682 2979 3733 3032 τδ

2185 3078 2334 3142 ἔθνος
2368 3079 2684 3133 ἀπολέσθαι·
2731 3077 2785 3133 οἱ
2814 3078 2999 3141 παῖδες
3030 3076 3186 3147 ὑμῶν
3216 3078 3269 3129 οἱ
3296 3077 3419 3128 τότε
3448 3074 3730 3145 βοήσαντες,

500 3169 657 3234 mini,
705 3187 800 3225 rex
834 3173 999 3228 Israel
1029 3176 1107 3240 '°;
1143 3194 1160 3225 ι
1201 3148 1371 3230 ludas
1401 3177 1712 3247 discipulus
1753 3178 1841 3233 cui
1875 3188 2078 3233 statuta

2192 3187 2210 3217 ι
2248 3170 2477 3222 Ὡσαννὰ
2498 3170 2575 3238 τῷ
2608 3169 2711 3237 υίῴ
2727 3168 2913 3232 Δαϐὶδ,
2940 3167 3313 3236 εὐλογημένος
3346 3168 3374 3219 6
3394 3165 3665 3237 ἐρχόμενος
3690 3161 3736 3211 ἒν

498 3268 629 3313 sunt
685 3263 911 3333 triginta
958 3277 1217 3336 argentea
1270 3277 1331 3322 ut
1384 3269 1537 3323 illum
1588 3270 1749 3325 vobis
1801 3271 2078 3336 traderet;

500 3351 706 3408 milites
746 3355 950 3424 quibus
995 3356 1229 3412 dedistis
1271 3374 1548 3423 nummos,
1592 3367 1655 3413 ut
1707 3360 1959 3416 dicereut
1984 3379 2080 3417 vc—

500 3445 646 3499 nisse
669 3446 974 3516 discipulos
1004 3449 1150 3502 illius
1190 3461 1350 3504 nocte
1387 3462 1445 3506 et
1475 3452 1668 3509 tulisse
1707 3452 1884 3521 illum,
1922 3455 2083 3509 nobis

500 3535 951 3606 dormientibus;
997 3539 1272 3609 Iosephus
1317 3540 1556 3612 scriptor
1594 3553 1801 3605 vester.
1852 3547 1945 3615 qui
2013 3547 2082 3602 de

499 3627 721 3684 Christo
767 3630 927 3696 dixit,
959 3633 1139 3689 virum
1163 3637 1374 3704 justum
1403 3644 1463 3690 et
1498 3635 1706 3690 bonum
1738 3636 1922 3691 divina
1953 3653 2080 3709 gra-

499 3722 576 3775 tia
614 3722 952 3778 declaratum
985 3740 1131 3789 esse,
1161 3726 1353 3814 aignis
1380 3737 1436 3781 et
1467 3729 1752 3783 miraculis
1782 3729 1836 3783 in
1880 3730 2082 3785 multos

501 3811 963 3868 bent-facientem.
990 3811 1189 3885 Cujus,
1209 3815 1516 3871 secundum
1551 3818 1901 3887 prophetam,
1941 3819 2083 3873 divi-

501 3912 693 3957 serunt
714 3905 1042 3960 vestimenta
1068 3915 1124 3960 et
1153 3915 1358 3961 sortem
1382 3907 1684 3963 miserunt?
1708 3911 1866 3979 cujus
1888 3926 2082 3965 manus

500 4000 557 4044 et
599 3991 767 4060 pedes
810 3992 1103 4048 foderunt?
1155 3993 1327 4060 Quem
1381 4007 1539 4051 aceto
1593 4007 1651 4052 et
1691 3998 1817 4053 felle
1850 4010 2080 4068 potave-

502 4090 633 4135 runt
686 4083 742 4138 in
802 4084 890 4138 siti
942 4084 1092 4141 illius
1139 4088 1208 4144 de
1256 4104 1420 4144 cruce
1472 4089 1805 4158 pendentis?

570 4347 647 4402 De
681 4363 793 4418 quo
818 4347 957 4403 dixit
982 4348 1196 4421 Moyses
1230 4368 1243 4404 :
1282 4370 1301 4402 ‹
1337 4350 1611 4407 Videbitis
1641 4351 1809 4407 vitam
1844 4363 2081 4408 vestram

500 4450 627 4494 ante
660 4450 871 4495 vestros
902 4443 1097 4498 oculos
1126 4443 1483 4512 pendentem,
1513 4452 1570 4498 et
1607 4459 1717 4498 non
1752 4445 2029 4500 credetis?
2054 4467 2071 4497 ι

499 4530 637 4584 Nam
674 4531 717 4585 si
751 4533 1053 4589 crederetis
1073 4535 1264 4606 Moysi,
1293 4535 1602 4590 crederetis
1627 4537 1796 4590 etiam
1825 4537 2072 4594 Christo.

504 4620 728 4685 Verum,
781 4622 927 4677 sicut
978 4639 1089 4677 non
1144 4624 1444 4679 voluerunt
1478 4625 1555 4678 illi
1603 4625 1929 4681 obedientes
1958 4627 2075 4682 ﬁeri

500 4720 685 4780 patres
708 4713 897 4777 vestri,
923 4713 1019 4770 sed
1049 4716 1371 4785 repulerunt
1392 4725 1448 4772 et
1468 4719 1719 4773 conversi
1752 4728 1885 4774 sunt
1911 4721 2079 4776 corde

501 4819 603 4857 suo
646 4804 700 4857 iu
729 4804 1041 4876 Egyptum,
1078 4807 1327 4864 dicentes
1361 4812 1581 4863 Aaron:
1621 4810 1729 4865 Fac
1763 4813 1926 4867 nobis
1947 4812 2080 4867 deos

500 4896 594 4967 qui
626 4899 939 4967 pl‘lt3Ccdtllll.
965 4916 1096 4962 nos;
1127 4901 1296 4972 Moysi
1323 4902 1471 4984 enim
1511 4903 1603 4957 isti
1631 4904 1726 4971 qui
1760 4904 1951 4957 eduxit
1979 4920 2082 4958 nos

499 5005 531 5043 e
575 4997 717 5044 terra
761 4990 1000 5062 Egypti,
1026 4994 1303 5048 nescimus
1332 4995 1465 5063 quid
1514 4995 1814 5061 acciderit;
1840 5005 1895 5049 et
1936 4997 2081 5051 fece-

501 5092 631 5134 runt
658 5083 891 5136 vitulum
942 5083 996 5136 in
1038 5082 1236 5139 diebus
1289 5085 1401 5138 i-llis
1440 5095 1495 5139 et
1522 5085 1873 5140 adduxerunt
1905 5087 2077 5140 sacri-

498 5171 621 5226 ﬁcia
664 5173 829 5234 idolo.
867 5184 923 5228 et
969 5176 1134 5230 lzetati
1189 5185 1318 5231 sunt
1378 5177 1430 5230 in
1488 5179 1754 5247 operibus
1814 5194 2077 5231 manuum

496 5278 743 5318 suarum.
796 5266 923 5320 lllos
967 5276 1153 5321 autem
1199 5267 1367 5322 vertit
1416 5268 1564 5321 Deus
1596 5277 1654 5322 et
1701 5267 1928 5322 tradidit
1956 5268 2078 5323 illos

497 5362 558 5407 ut
594 5356 869 5412 servirent
912 5359 1124 5415 militiae
1177 5361 1305 5415 ραιιί
1355 5361 1438 5425 ’¹;
1477 5367 1537 5413 ιιι
1579 5359 1845 5428 scriptum
1880 5370 1966 5415 cst
2021 5360 2074 5413 in

498 5442 642 5496 tibro
668 5445 1068 5515 Prophetarum
1099 5467 1113 5503 :
1153 5469 1170 5501 ι
1206 5451 1328 5505 Non
1356 5449 1767 5503 immolationes
1796 5457 1853 5503 et
1906 5450 2077 5503 sacri-

501 5531 621 5589 ficia
652 5538 931 5595 obtulistis
960 5542 1093 5596 mihi
1139 5544 1301 5596 annis
1328 5540 1693 5612 quadraginta
1742 5542 1796 5597 in
1834 5540 2072 5605 deserto,

587 5713 805 5769 "Joan.
850 5733 884 5780 ι,
928 5718 1016 5773 20.
1100 5723 1140 5750 ’θ
1184 5719 1373 5773 Matth.
1417 5735 1523 5784 ut,
1565 5718 1619 5771 9.

2184 3261 2407 3329 ὀνόματι
2438 3260 2643 3331 Κυρίου
2683 3259 2934 3330 βασιλεὺς
2968 3258 3063 3311 τοῦ
3112 3257 3392 3328 Ἰσραήλ.»
3441 3257 3497 3309 '0
3521 3250 3734 3323 μαθητὴς

2197 3352 2395 3414 Ἰούδας
2436 3352 2495 3415 ὂς
2526 3354 2794 3422 ἐστήσατο
2834 3351 3131 3422 τριάκοντα
3179 3351 3429 3421 ἀργύρια
3469 3348 3552 3399 ἱνα
3600 3340 3736 3396 αὑτὸν

2185 3443 2500 3512 παραδώσει
2531 3444 2681 3513 ὑμῖν·
2732 3443 2780 3496 οἱ
2813 3442 3143 3512 στρατιῶται
3177 3436 3266 3503 ὀἷς
3292 3441 3531 3493 ἐδώκατε
3560 3436 3622 3489 τὰ
3648 3434 3735 3500 ἀρ·-

2183 3534 2347 3603 γύρια
2380 3533 2521 3586 ὥστε
2567 3536 2741 3587 εἰπεῖν
2767 3534 2850 3586 ὅτι
2885 3534 2948 3586 Οἱ
2982 3531 3229 3600 μαθηταὶ
3268 3529 3436 3583 αὑτοῦ
3466 3525 3644 3585 νυκτὸς
3666 3521 3737 3576 ὲλσ

2185 3626 2365 3687 θοντες
2402 3624 2636 3693 ἔκλεψαν
2678 3625 2840 3678 αὑτὸν
2871 3624 3027 3694 ἡμῶν
3074 3622 3473 3694 κοιμωμένων
3510 3617 3738 3685 Ἰώσηπος

2183 3718 2211 3768 ὁ
2250 3715 2605 3785 συγγραφεὺς
2644 3715 2798 3785 ὑμῶν
2822 3714 2881 3777 ὃς
2910 3714 3100 3783 εἴρηκε
3134 3715 3266 3783 περὶ
3303 3709 3544 3782 Χριστοῦ
3571 3707 3738 3771 λέγων.

2183 3809 2377 3878 ἀνδρὸς
2416 3801 2775 3861 δικαίου’καὶ
2825 3805 3033 3873 ἀγαθοῦ
3067 3807 3131 3858 ἐκ
3174 3808 3332 3868 Θείας
3382 3803 3597 3873 χάριτος
3633 3798 3737 3848 ἁνα-

2182 3899 2506 3969 δειχθέντος,
2539 3898 2788 3968 σημείοις
2819 3897 2914 3948 καὶ
2942 3896 3167 3966 τέρασιν
3190 3890 3607 3964 εὐεργετοῦντος
3634 3883 3741 3938 πολ·

2182 3990 2326 4053 λούς.
2351 3990 2507 4052 Τίνος
2539 3989 2680 4042 κατὰ
2707 3989 2800 4041 τὸν
2830 3990 3118 4058 προφήτην
3146 3987 3533 4056 διεμερίσαντο
3555 3981 3615 4033 τὰ
3638 3975 3740 4046 ἱμά·

2182 4104 2271 4143 τια
2299 4088 2391 4139 καὶ
2420 4084 2609 4137 ἔϐαλον
2640 4084 2872 4154 κλῆρως
2903 4084 3050 4145 τίνος
3082 4085 3277 4152 χεῖρας
3310 4080 3409 4133 καὶ
3439 4077 3599 4138 πόδας
3624 4071 3741 4169 (apti:

2184 4179 2279 4242 ξαν
2298 4177 2444 4243 ;τίνα
2470 4177 2592 4244 ὅξος
2614 4177 2710 4230 καὶ
2727 4176 2886 4247 χολὴν
2903 4175 3167 4228 ἐπότισαν
3192 4176 3278 4243 εἰς
3301 4174 3403 4243 τὴν
3423 4171 3578 4239 δίψαν
3603 4165 3740 4219 αὑτοῦ

2183 4271 2275 4322 ἐπὶ
2305 4269 2541 4339 σταυροῦ
2578 4268 2962 4339 κρεμαμένους

2254 4362 2388 4431 Περὶ
2413 4361 2555 4424 τίνος
2582 4359 2638 4412 δὲ
2657 4353 2779 4412 εἷπε
2800 4359 3044 4428 Μωῦσῆς
3066 4359 3150 4411 ὅτι
3179 4376 3199 4409 ι
3227 4356 3471 4427 Ὄψεσθε
3505 4353 3597 4423 τὴν
3621 4346 3741 4414 ζωὴν

2186 4452 2337 4523 ὑμῶν
2369 4452 2724 4522 κρεμαμένην
2774 4450 3038 4504 ἀπέναντι
3087 4449 3198 4502 τῶν
3256 4445 3558 4516 ὀφθαλμῶν
3582 4437 3733 4511 ὑμῶν.

2184 4545 2276 4596 καὶ
2303 4543 2363 4595 ού
2397 4543 2471 4612 μὴ
2502 4541 2857 4605 πιστεύσετε;
2893 4561 2910 4592 ι
2941 4540 3084 4593 ὥστε
3115 4542 3164 4592 εἰ
3187 4539 3515 4592 ἐπιστεύετε
3538 4529 3736 4596 Μωῦσῇ.

2176 4632 2496 4685 ἐπιστεύετε
2531 4630 2597 4684 ἂν
2634 4632 2731 4684 καὶ
2770 4630 2847 4700 τῷ
2874 4629 3117 4700 Χριστῷ·
3150 4629 3273 4683 ἀλλ’
3306 4628 3500 4696 ὥσπερ
3523 4626 3616 4678 οὐκ
3640 4615 3740 4687 ἦθέ-

2173 4722 2344 4790 λησαν
2368 4719 2518 4788 αύτῷ
2541 4720 2773 4788 ὑπήκοοι
2805 4719 3058 4787 γενέσθαι
3087 4720 3138 4771 οἱ
3164 4720 3413 4789 πατέρες
3437 4719 3463 4769 ’ἱ
3475 4715 3607 4787 μῶν,
3629 4705 3739 4762 ἀλλᾶ

2177 4812 2469 4864 ἀπώσαντο
2500 4810 2594 4864 καὶ
2624 4811 3057 4881 ἀπεστράφησαν
3108 4814 3175 4880 τῇ
3236 4808 3447 4879 καρδίᾳ
3478 4802 3647 4861 αὐτῶν
3674 4797 3736 4856 εἰς

2180 4906 2472 4971 Αἴγυπτον,
2508 4902 2755 4964 εἰπόντες
2783 4902 2861 4970 τῷ
2894 4901 3124 4973 Ἀαρὼν,
3161 4903 3410 4968 Ποίησον
3445 4901 3573 4967 ἡμῖν
3610 4890 3733 4947 θεοὺς

2180 4996 2230 5047 οἳ
2279 4992 2750 5063 προπορεύσονται
2806 4992 2964 5061 ἡμῶν
2989 5010 3000 5020 ·
3055 4993 3083 5043 6
3112 4992 3225 5061 γὰρ
3262 4989 3504 5059 Miami;
3533 4978 3669 5042 οὗτος
3689 4975 3734 5035 δεῖ

2178 5087 2447 5154 ἐξήγαγεν
2476 5085 2619 5153 ἡμᾶς
2644 5084 2708 5134 ἐκ
2738 5084 2840 5151 γῆς
2868 5082 3169 5149 Αἰγύπτου.
3193 5082 3299 5133 οὐκ
3329 5080 3549 5146 οἴδαμεν
3582 5072 3630 5124 τε
3660 5066 3733 5133 γέ-

2179 5193 2333 5243 γονεν
2383 5174 2551 5245 αὐτῷ·
2611 5172 2704 5225 καὶ
2764 5174 3203 5242 ἐμοσχοποίησαν
3268 5174 3330 5223 ἐν
3387 5168 3509 5230 ταῖς
3535 5159 3733 5231 ἡμέραις

2178 5267 2439 5327 ἐκείναις,
2485 5263 2581 5316 καὶ
2621 5265 2896 5331 ἀνήγαγον
2925 5263 3117 5317 θυσίαν
3149 5261 3234 5332 τῷ
3278 5259 3509 5328 εἰδώλῳ,
3540 5254 3625 5308 καὶ
3663 5245 3734 5298 εὖ⁸

2186 5358 2474 5428 φραίνοντο
2506 5357 2563 5408 ἐν
2585 5358 2693 5418 τοῖς
2715 5357 2897 5423 ἔργοις
2928 5354 3032 5407 τῶν
3058 5353 3265 5424 χειρῶν
3292 5352 3497 5407 αὐτῶν·
3530 5336 3731 5411 ἔστρεψε

2184 5448 2240 5507 δὲ
2272 5450 2301 5500 6
2329 5448 2459 5509 θεὸς
2482 5446 2577 5499 καὶ
2614 5447 2928 5513 παρέδωκεν
2963 5444 3158 5505 αὐτοὺς
3190 5441 3483 5514 λατρεύειν
3501 5439 3566 5503 τῇ
3594 5442 3731 5528 στρξ·

2183 5540 2274 5609 τιᾷ
2302 5539 2395 5592 τού
2421 5537 2670 5608 ούρανοῦ·
2704 5538 2885 5593 καθὼς
2918 5538 3231 5606 γέγραπται
3269 5538 3330 5589 ἐν
3360 5537 3429 5605 τῇ
3459 5528 3615 5601 βίβλῳ
3638 5529 3730 5573 των

1696 5718 1738 5749 ¹¹
1775 5718 1978 5773 Jerem.
2014 5731 2128 5778 vui,
2168 5716 2221 5768 2.
