3988 6142
342 321 478 384 1249

1311 271 1798 375 ἸΠΞΡΗΤΑΤΙΟ
1836 315 2228 376 ADvsnsus
2266 315 2592 374 iussos.

3435 317 3570 384 1250

339 431 636 505 προφητῶν
665 444 680 484 t
733 448 750 482 ι
774 429 866 498 Μή
900 429 1112 496 σφαγὰς
1147 427 1240 481 καὶ
1289 427 1476 509 Θυσίας
1503 425 1903 495 προσηνέγκατέ

2013 425 2206 479 domus
2257 427 2442 485 Israel,
2476 434 2532 501 et
2573 423 2860 494 recepistis
2889 423 3302 479 tabernaculum
3337 424 3568 502 Moloch,

341 543 432 594 μοι
484 521 578 590 ἐτη
605 519 1011 590 τεσσαράκοντα
1037 519 1094 571 ὲν
1130 521 1195 588 τῇ
1230 518 1442 587 ἐρήμῳ,
1472 513 1619 578 οἶκος
1665 515 1901 585 Ἰσραὴλ,

339 613 434 666 καὶ
460 609 752 665 ἀνελάόετε
784 609 884 678 τὴν
912 607 1114 679 σκηνὴν
1145 609 1237 659 τοῦ
1260 605 1464 674 Μολὸχ,
1494 605 1590 657 καὶ
1617 605 1677 659 τὸ
1710 605 1906 674 ἄστρον

338 703 432 757 τοῦ
470 702 592 756 Θεοῦ
641 701 794 772 ὑμῶν
843 699 1060 766 Ῥεφάν,
1092 699 1219 760 τοὺς
1248 697 1448 760 τύπους
1487 697 1580 759 οὓς
1617 699 1905 768 ἐποιήσατε

343 795 667 864 προσκυνεῖν
683 793 886 851 αὐτοῖς’
917 808 934 840 ι
958 789 1052 842 καὶ
1074 787 1328 860 μετοικιῶ
1351 789 1494 858 ὑμᾶς
1520 791 1774 841 ἐπέκεινα
1802 791 1908 842 Βα-

341 883 577 942 ϋνλῶνος
602 883 681 943 εἰς
721 879 926 949 σκηνὴν
956 876 1050 929 τοῦ
1094 877 1418 947 μαρτυρίου.
1448 877 1516 946 ἢν
1546 881 1658 940 τοῖς
1697 881 1907 948 πατρά-

342 990 427 1024 σιν
458 971 612 1038 ὑμῶν
643 971 700 1022 ὲν
731 972 798 1039 τῇ
835 970 1048 1039 ἐρήμῳ,
1077 966 1258 1030 καθὼς
1282 965 1564 1030 διετάξατο
1590 971 1617 1019 ὁ
1635 967 1807 1021 λαλῶν
1829 968 1908 1036 τῷ

340 1063 546 1128 Μωῦσῇ
593 1059 816 1128 ποιῆσαι
867 1059 1038 1134 αὐτῂν
1071 1055 1212 1110 κατά
1237 1055 1326 1108 τὸν
1357 1056 1527 1109 τύπον
1558 1057 1616 1109 ὃν
1653 1057 1904 1128 ιέωράκει⁸

339 1151 408 1219 ἣν
455 1149 549 1201 καὶ
597 1148 889 1217 εἰσήγαγον
947 1145 1316 1214 διαδεξάμενοι
1371 1147 1422 1198 οἱ
1474 1146 1708 1215 πατέρες
1751 1146 1908 1216 ὑμῶν

345 1241 483 1310 μετά
527 1238 699 1310 Ἰησοῦ
733 1240 791 1290 ὲν
813 1240 882 1308 ’τῇ
911 1237 1236 1305 κατασχέσει
1265 1235 1372 1288 τῶν
1411 1235 1580 1311 ἐθνῶν
1609 1232 1683 1290 ὧν
1710 1235 1909 1302 ἐξῶσεν

341 1335 369 1384 ό
393 1331 523 1393 Θεὸς
558 1330 664 1383 ἀπὸ
713 1327 1006 1398 προσώπου
1037 1327 1146 1380 τῶν
1194 1327 1446 1398 πατέρων
1487 1327 1637 1398 ὑμῶν
1666 1328 1769 1391 ἕως
1801 1327 1908 1381 τῶν

343 1419 562 1490 ἡμερῶν
593 1419 776 1479 Δαδὶδ,
812 1419 868 1480 ὃς
897 1411 1020 1486 εὗρε
1051 1417 1210 1488 χάριν
1235 1419 1466 1470 ἐνώπιον
1509 1417 1600 1468 τοῦ
1629 1416 1782 1480 Θεοῦ,
1815 1417 1908 1469 καὶ

341 1513 580 1581 ᾐτήσατο
616 1511 796 1580 εὑρεῖν
845 1509 1108 1578 σκήνωμα
1141 1507 1219 1578 τῷ
1259 1508 1376 1578 Θεῷ
1412 1507 1622 1562 Ἰακώϐ·
1657 1506 1908 1577 Σολομὼν

345 1604 399 1654 δὲ
429 1601 776 1671 ᾠκοδόμησεν
805 1598 982 1668 ἑαυτῷ
1017 1595 1184 1650 οἰκον·
1224 1599 1339 1651 ἀλλ’
1363 1599 1462 1668 οὐχ
1503 1601 1530 1651 ὁ
1559 1597 1820 1666 "remo,-
1851 1599 1908 1652 ὲν

345 1693 741 1762 χειροποιήτοις
766 1693 912 1751 ναοῖς
934 1691 1200 1751 κατοικεῖ,
1237 1690 1416 1750 καθὼς
1448 1691 1476 1741 ὁ
1507 1691 1789 1762 προφήτης
1817 1689 1907 1743 λέ·

348 1799 447 1849 γει·
482 1801 500 1832 ι
557 1782 614 1832 ὐ
657 1781 884 1850 οὐρανός
941 1795 1031 1848 μοι
1087 1779 1294 1850 θρόνος,
1346 1782 1466 1851 ήδὲ
1500 1781 1570 1851 γῆ
1615 1781 1902 1834 ὑποπόδιον

344 1871 451 1922 τῶν
503 1868 676 1921 ποδῶν
734 1886 858 1937 μου.
902 1887 1016 1919 ι-
1054 1869 1268 1920 «Ποῖον
1320 1865 1468 1922 οἶκον
1520 1869 1903 1938 οἰκοδομήσετέ

348 1977 458 2028 μοι,
495 1959 642 2026 λέγει
682 1958 902 2030 Κύριος,
957 1959 990 2026 ἢ
1037 1957 1120 2019 τίς
1157 1957 1322 2019 τόπος
1363 1957 1462 2026 τῆς
1507 1959 1903 2022 καταπαύσεώς

347 2065 480 2118 μου;
513 2049 634 2116 οὐχὶ
682 2049 714 2116 ή
767 2047 889 2116 χείρ
937 2063 1037 2114 μου
1073 2046 1294 2115 ἐποίησε
1326 2045 1498 2097 ταῦτα
1548 2047 1756 2106 πάντα;
1784 2067 1801 2098 ι
1835 2079 1902 2088 -

348 2157 365 2188 ι
401 2138 474 2189 Ὦ
519 2137 780 2199 Ἰουδαῖοι,
813 2135 1274 2206 σκληροτράχηλοι
1316 2137 1406 2188 καὶ
1440 2138 1799 2206 ἀπερίτμητοι
1835 2143 1900 2208 τῇ

343 2229 541 2299 καρδίᾳ
580 2230 674 2280 καὶ
719 2230 830 2290 τοῖς
863 2227 1023 2292 ὠσὶν,
1061 2229 1218 2296 ὑμεῖς
1261 2229 1468 2304 olei-sq)
1501 2231 1778 2300 ΙΙνεύματι
1825 2231 1901 2298 τῴ

344 2321 483 2388 ἁγίῳ
518 2321 889 2380 ἀντιπίπτετε,
944 2317 1019 2380 ὡς
1071 2318 1164 2370 καὶ
1217 2318 1266 2369 οἰ
1311 2319 1542 2390 πατέρες
1579 2321 1748 2388 ὑμῶν·
1810 2324 1900 2372 καὶ

343 2410 668 2462 ἀπέκτειναν
689 2411 814 2470 τοὺς
845 2407 1418 2477 προκαταγγείλαντας
1456 2409 1583 2477 περὶ
1615 2411 1710 2479 τῆς
1747 2409 1900 2462 ἐλεᾷ-

346 2516 482 2562 σεως
513 2499 606 2552 τοῦ
648 2498 878 2552 δικαίου·
911 2499 972 2551 οὐ
1018 2501 1199 2568 φονεῖς
1223 2501 1314 2551 καὶ
1339 2499 1590 2570 προδόται
1619 2503 1904 2568 γεγόνασιν

343 2591 392 2642 οἱ
421 2592 478 2644 ἐν
510 2591 865 2659 Ἰερουσαλὴμ
893 2591 1124 2660 πατέρες
1157 2591 1344 2662 ὑμῶν;
1379 2611 1398 2642 ι
1431 2590 1586 2646 Οὕτω
1611 2594 1702 2644 καὶ
1725 2596 1901 2662 ὑμεῖς,

342 2684 392 2735 οἰ
431 2683 654 2736 ἐκείνων
706 2682 892 2746 παῖδες
939 2681 1164 2746 τούτους
1209 2681 1536 2754 μιμούμενοι
1579 2681 1679 2747 τὰς
1719 2684 1902 2752 φωνὰς

2005 525 2060 569 et
2101 525 2308 569 astrum
2364 517 2460 568 Dei
2508 514 2676 568 vestri
2731 513 2982 582 Rephan,
3018 513 3284 582 imagines
3315 529 3452 583 quas
3492 517 3572 571 le-

2004 605 2160 660 cist-is
2197 606 2260 658 ad
2309 604 2647 658 adorandum
2677 605 2742 658 ³³.
2776 623 2794 654 ι
2824 605 2890 657 Et
2925 603 3251 657 transferam
3287 618 3385 658 vos
3433 604 3572 658 ultra

2005 700 2332 771 Babylonem
2384 699 2438 752 in
2477 698 2888 753 tabernaculum
2927 697 3222 752 testimonii
3269 697 3337 760 ³⁸,
3371 716 3389 748 ι
3427 698 3571 766 quod

2007 793 2062 846 iu
2110 791 2330 845 deserto
2355 789 2604 859 patribus
2635 789 2856 849 vestris,
2883 788 3025 842 sicut
3058 787 3336 842 mandavit
3365 788 3574 859 Moyses

2005 883 2239 951 loquens
2291 882 2406 935 ﬁeri
2458 881 2760 935 secundum
2792 879 3100 948 exemplum
3137 879 3283 948 quod
3333 880 3572 943 viderat;

2006 973 2153 1041 quod
2201 983 2482 1041 acceptum
2542 970 2970 1022 introduxerunt
3017 977 3203 1037 patres
3242 969 3410 1022 vestri
3449 986 3571 1023 cum

2006 1063 2138 1117 .lesu
2185 1063 2240 1116 in
2296 1062 2660 1130 occupatione
2702 1060 2948 1129 gentium
2997 1073 3134 1127 quas
3183 1059 3394 1127 expulit
3431 1060 3573 1113 Deus

2007 1169 2040 1206 a
2084 1162 2378 1221 conspectu
2441 1161 2656 1220 patrum
2687 1159 2994 1204 vestrorum
3028 1164 3200 1216 usque
3229 1149 3296 1202 ad
3329 1149 3446 1202 dies
3477 1150 3574 1204 Da-

2007 1243 2120 1307 vid,
2153 1243 2941 1312 quiinvenitgratiamcoram
2997 1240 3133 1305 Deo,
3189 1249 3246 1296 et
3276 1242 3575 1310 postulavit

2009 1343 2070 1388 ut
2111 1334 2416 1404 respiceret
2469 1333 2880 1388 tabernaculum
2917 1334 3026 1388 Deo
3069 1333 3258 1388 Jacob.
3316 1333 3572 1390 Salomon

2009 1437 2190 1480 autem
2237 1425 2530 1480 :edilicavit
2582 1425 2688 1478 sibi
2721 1424 2980 1488 domum;
3025 1423 3119 1477 sed
3165 1423 3480 1478 Altissimus
3515 1425 3573 1478 in

2009 1517 2230 1585 templis
2290 1515 2619 1570 mauul'actis
2666 1530 2776 1568 non
2831 1514 3062 1578 habitat,
3113 1513 3260 1568 sicut
3310 1515 3574 1584 propheta

2006 1609 2144 1664 dicit
2175 1625 2188 1660 :
2227 1627 2245 1656 ι
2273 1606 2484 1662 Ccelum
2512 1605 2645 1660 mihi
2679 1605 2937 1669 thronus,
2968 1617 3114 1659 terra
3157 1616 3340 1658 autem
3368 1606 3574 1658 scabel-

2005 1700 2118 1755 lum
2149 1700 2348 1768 pedum
2386 1713 2633 1752 meorum
2657 1699 2724 1751 “.
2756 1719 2773 1750 ι
2797 1728 2866 1738 —-
2891 1716 2909 1748 ι
2933 1696 3157 1763 Qualem
3182 1697 3406 1751 domum
3439 1696 3573 1750 mihi

2005 1791 2367 1853 aadilicabitis,
2423 1789 2562 1843 dicit
2613 1789 2898 1854 Dominus,
2954 1797 3048 1842 aut
3099 1789 3224 1858 quis
3269 1788 3378 1843 erit
3421 1787 3575 1842 locus

2007 1879 2328 1934 moratiouis
2386 1880 2562 1935 meae?
2604 1881 2795 1934 Nonne
2845 1895 3040 1932 manus
3098 1895 3218 1932 mea
3279 1878 3411 1932 fecit
3459 1877 3574 1932 haec

2006 1971 2190 2026 omnia
2215 1972 2260 2004 ’⁵
2282 1971 2330 2022 ἳι
2355 2003 2421 2010 —
2451 1989 2467 2024 ι
2491 1969 2536 2024 Ο
2563 1970 2734 2025 Judaei
2759 1970 2912 2023 dune
2933 1970 3163 2024 cervicis
3189 1977 3246 2022 et
3275 1969 3573 2023 incircum-

2007 2060 2104 2113 cisi
2155 2059 2321 2114 corde
2351 2069 2408 2113 et
2455 2059 2684 2112 auribus
2704 2101 2718 2124 ,
2749 2075 2847 2114 vos
2876 2075 3092 2128 semper
3121 2058 3351 2128 Spiritui
3382 2069 3575 2114 sancto

2007 2149 2284 2210 resistitis,
2326 2149 2489 2203 sicuti
2537 2159 2720 2217 patres
2753 2151 2948 2214 vestri;
2993 2159 3050 2203 et
3079 2149 3404 2204 occiderunt
3431 2165 3570 2218 pra:-

2006 2236 2324 2289 nuntiantes
2369 2235 2437 2290 de
2484 2224 2722 2290 adven-lu
2757 2237 2915 2307 justi.
2955 2237 3142 2291 Nonne
3192 2237 3573 2292 interfectores

2003 2336 2060 2380 et
2109 2327 2419 2394 proditores
2459 2326 2588 2380 facti
2639 2337 2775 2382 sunt
2821 2329 2876 2382 in
2915 2328 3214 2382 Jerusalem
3267 2337 3452 2396 patres
3479 2342 3573 2381 ve-

2004 2417 2101 2470 stri
2138 2418 2210 2470 ‘5?
2244 2438 2258 2467 ι
2295 2417 2372 2471 ita
2400 2427 2456 2470 et
2495 2433 2591 2471 vos
2641 2433 2832 2471 eorum
2869 2416 2989 2480 lilii,
3012 2433 3108 2471 eos
3158 2417 3438 2471 imitantes
3476 2433 3574 2470 vo—

2004 2523 2094 2562 ces
2124 2509 2513 2577 prophetarum
2548 2524 2658 2563 non
2687 2508 2998 2574 credentes,
3029 2507 3304 2564 Christum
3323 2507 3574 2564 odientes

2002 2601 2358 2668 permanetis,
2393 2600 2488 2670 qui
2543 2598 2838 2668 accepistis
2867 2599 3042 2670 legem
3070 2600 3128 2654 in
3155 2599 3572 2670 dispositionem

2003 2691 2322 2759 angelorum
2374 2699 2426 2742 et
2472 2705 2582 2744 non
2636 2688 2977 2745 custodistis.

339 2777 452 2830 τῶν
479 2777 773 2847 προφητῶν
823 2777 1200 2844 ἀπιστοῦντες,
1239 2779 1582 2850 μισόχριστοι
1619 2778 1925 2850 διαμένετε,
1959 2784 2154 2849 οἵτινες
2185 2786 2407 2840 ἐλάϐετε
2439 2786 2530 2841 τὸν
2556 2786 2722 2858 νόμον
2777 2789 2862 2852 εἰς
2895 2786 3161 2857 διαταγὰς
3189 2788 3458 2858 ἀγγέλων.
3481 2790 3575 2842 καὶ

337 2868 442 2919 οὐκ
470 2865 794 2932 ἐφυλάξατε.

411 2959 572 3026 Λέγει
595 2959 654 3012 δὲ
685 2959 745 3012 τὸ
777 2957 996 3029 Πνεῦμα
1041 2962 1101 3010 τὸ
1144 2959 1297 3026 ἂγιον
1327 2959 1414 3013 διὰ
1449 2962 1715 3030 στόματος
1742 2963 1903 3018 Δαϐὶδ

2077 2965 2218 3019 Dicit
2255 2973 2436 3020 autem
2480 2963 2721 3033 Spiritus
2749 2967 2974 3015 sanctus
3012 2975 3109 3028 per
3143 2955 3228 3012 os-
3255 2959 3421 3012 David
3453 2976 3573 3029 pzo-

337 3048 436 3101 τοῦ
469 3051 768 3119 προφήτουο
803 3070 820 3102 ι
843 3050 1089 3120 Σήμερον
1118 3049 1214 3102 ὲάν
1233 3051 1331 3120 τῆς
1347 3051 1528 3120 φωνῆς
1553 3051 1716 3104 αὑτοῦ
1738 3053 1901 3106 ἁκού-

339 3159 491 3213 σητε,
535 3144 609 3212 μὴ
661 3142 998 3212 σκληρύνητε
1036 3141 1134 3204 τάς
1171 3141 1398 3210 καρδίας
1429 3142 1580 3210 ὑμῶν
1626 3143 1700 3204 ὠς
1732 3144 1788 3196 ὲν
1824 3144 1903 3214 τῷ

337 3233 792 3304 παραπικρασμῷ
832 3233 974 3287 κατά
1007 3233 1104 3302 τὴν
1135 3233 1348 3303 ἡμέραν
1376 3232 1471 3285 τοῦ
1506 3233 1818 3304 πειρασμοῦ
1847 3239 1902 3288 ἐν

332 3327 405 3393 τῇ
451 3325 660 3394 ἐρήμῳ,
688 3320 748 3378 οὗ
791 3325 1090 3394 ἐπείρασαν
1123 3341 1188 3394 με
1221 3325 1270 3376 οἱ
1313 3325 1544 3394 πατέρες
1573 3325 1748 3394 ὑμῶν,
1787 3326 1903 3378 £60-

333 3415 582 3485 κξμασάν
627 3431 693 3484 μς
741 3416 835 3468 καὶ
880 3411 1019 3468 εἶδον
1048 3415 1118 3468 τὰ
1156 3415 1292 3484 ἔργα
1338 3433 1462 3484 μου·
1493 3416 1902 3486 τεσσαράκοντα

331 3505 432 3576 ἔτη
455 3504 805 3572 προσώχθισα
828 3507 894 3573 τῇ
917 3507 1079 3574 γενεᾷ
1100 3505 1301 3574 ἐκείνῃ,
1323 3505 1417 3557 καὶ
1434 3501 1564 3559 εἶπα
1585 3521 1600 3538 ο
1617 3507 1731 3558 Ἀεὶ
1764 3507 1904 3560 πλα-

332 3593 540 3645 νῶνται
583 3596 648 3662 τῇ
686 3593 901 3662 mqu
934 3593 1090 3644 αὐτοὶ
1121 3593 1178 3645 δὲ
1205 3593 1304 3646 οὐκ
1336 3593 1582 3662 ἔγνωσαν
1621 3597 1721 3658 τὰς
1751 3597 1904 3660 ὁδούς

335 3699 465 3752 μου·
489 3681 565 3744 ὡς
589 3680 780 3751 ῶμοσα
807 3684 864 3734 ὲν
890 3684 956 3753 τῇ
980 3683 1114 3752 ὀργῇ
1151 3699 1272 3750 μου,
1303 3683 1366 3734 Εἰ
1397 3685 1792 3738 εἰσελεύσονται
1825 3689 1904 3750 εἰς

327 3776 437 3844 τὴν
468 3772 813 3827 κατάπαυσίν
839 3789 964 3844 μουο
991 3792 1010 3824 ι
1045 3773 1160 3826 ἀλλ’
1188 3775 1248 3827 ού
1273 3776 1484 3839 ,πάντες
1515 3777 1564 3828 οἱ
1600 3776 1904 3840 ἐξελθόντες

327 3866 434 3921 ἀπ’
455 3865 735 3934 Αἰγύπτου
757 3865 1026 3933 εἰσῆλθονο
1055 3867 1472 3938 παρεπίκραναν
1512 3870 1620 3938 γὰρ
1648 3872 1696 3922 οἰ
1723 3886 1903 3940 παρα-

333 3956 633 4019 κούσαντες
681 3954 781 4008 καὶΙ
829 3957 1256 4025 ἀπιστήσαντεςυ
1294 3959 1406 4008 τίσι
1457 3957 1515 4008 δὲ
1566 3957 1902 4028 προσῶχθισε

327 4047 742 4118 τεσσαράκοντα
771 4045 886 4116 ετη,
921 4045 970 4098 εἰ
1009 4045 1083 4116 μὴ
1115 4048 1228 4108 τοῖς
1256 4047 1606 4116 ἀμαρτήσασι
1643 4049 1737 4101 καὶ.
1769 4065 1904 4120 παρ-

329 4137 634 4194 ακούσασιν
654 4177 671 4204 ,
701 4131 776 4190 ὧν
817 4135 886 4188 τά
915 4135 1066 4188 κῶλα
1105 4135 1298 4188 ἔπεσον
1344 4139 1401 4189 ἐν
1439 4139 1506 4206 τῇ
1539 4137 1762 4208 ὲρήμῳς
1793 4140 1902 4192 τίσι

327 4233 397 4285 δὲ
431 4229 615 4300 ὤμοσε
657 4228 730 4299 μὴ
760 4226 1022 4281 εἰσελθεῖν
1043 4229 1122 4290 εἰς
1148 4227 1246 4296 τὴν
1269 4227 1613 4288 κατάπαυσιν
1638 4229 1822 4293 αὐτοῦ,
1853 4233 1900 4283 εἰ

2003 3057 2182 3127 pheta:
2213 3073 2225 3105 :
2261 3076 2278 3106 ι
2313 3055 2486 3110 Hodie
2516 3057 2561 3109 si
2592 3067 2784 3108 vocem
2813 3053 2936 3122 ejus
2961 3051 3265 3116 audieritis,
3299 3067 3368 3105 ne
3398 3051 3576 3106 obdu—

2003 3158 2120 3203 rate
2161 3148 2327 3202 corda
2348 3156 2528 3201 vestra
2559 3147 2702 3200 sicut
2737 3145 2792 3199 in
2817 3142 3241 3199 exacerbatione
3276 3142 3575 3196 secundum

2003 3240 2150 3294 diem
2199 3239 2517 3293 tentationis
2559 3238 2614 3290 iu
2663 3237 2908 3299 deserto,
2963 3234 3018 3288 in
3065 3249 3176 3303 quo
3231 3241 3577 3288 tentaverunt

2005 3347 2090 3384 me
2131 3341 2316 3400 patres
2367 3329 2560 3391 vestri,
2600 3327 2972 3396 probaverunt
3023 3334 3082 3379 et
3127 3323 3383 3378 viderunt
3410 3339 3578 3394 opera

2005 3436 2143 3475 mea.
2195 3417 2564 3488 Quadraginta
2609 3416 2767 3469 annis
2798 3413 3046 3468 infensus
3092 3410 3174 3465 l‘ui
3231 3411 3576 3479 generationi

2005 3511 2157 3574 huic,
2191 3518 2246 3563 et
2295 3507 2404 3561 dixi
2441 3525 2454 3559 :
2491 3505 2718 3574 Semper
2743 3500 3149 3565 erranteordc;
3182 3499 3285 3568 ipsi
3309 3515 3440 3553 vero
3466 3514 3577 3553 non

2004 3607 2376 3670 cognoverunt
2418 3598 2534 3650 vias
2581 3610 2756 3660 meas;
2805 3593 2948 3646 sicut
2995 3591 3174 3660 iuravi
3216 3589 3272 3642 in
3304 3589 3384 3642 ira
3415 3603 3572 3644 mea:

2004 3691 2058 3746 Si
2089 3690 2395 3743 introibunt
2427 3687 2480 3740 iu
2501 3685 2744 3754 requiem
2769 3697 2944 3736 meam
2973 3683 3038 3734 π.
3074 3699 3092 3732 ι
3123 3679 3228 3734 Sed
3255 3696 3363 3733 non
3385 3694 3578 3734 omnes

2002 3781 2207 3850 egressi
2263 3797 2331 3834 ex
2382 3775 2614 3848 [Egypto
2669 3775 3045 3856 introierunt;
3107 3769 3576 3824 exaecrbaverunt

2002 3871 2149 3926 enim
2177 3886 2286 3924 non
2325 3869 2618 3923 audientes
2646 3880 2824 3934 neque
2865 3863 3172 3917 credentes.
3221 3859 3434 3926 Quibus
3475 3874 3576 3912 au-

2006 3972 2112 4016 tem
2169 3959 2414 4014 inl‘cnsus
2441 3960 2545 4011 l‘uit
2577 3954 2934 4024 quadraginta
2967 3951 3149 4014 annis,
3197 3949 3302 4004 nisi
3338 3963 3573 4018 peccau-

2005 4053 2152 4106 tibus
2186 4061 2242 4106 el
2283 4065 2390 4103 non
2447 4046 2820 4106 audientibus,
2873 4058 3108 4112 quorum
3144 4039 3390 4094 membra
3434 4037 3579 4092 ccci-

2003 4143 2205 4197 derunt
2241 4141 2295 4195 in
2343 4139 2600 4194 deserto?
2642 4137 2853 4204 Quibus
2899 4145 3080 4190 autem
3106 4132 3314 4204 iuravit
3358 4147 3467 4186 non
3495 4131 3578 4183 in-

2005 4229 2256 4284 troituris
2291 4228 2345 4280 in
2385 4227 2634 4296 requiem
2683 4241 2861 4289 suam,
2887 4222 2995 4277 nisi
3040 4237 3148 4275 non
3183 4218 3577 4274 credentibus?

331 4321 416 4392 μὴ
453 4291 564 4382 τοῖς
614 4291 960 4389 ἀπιδήσαση
995 4319 1104 4370 Καὶ
1135 4291 1402 4386 βλέπομεν
1441 4318 1523 4371 ὃτι
1570 4321 1674 4372 οὐκ
1703 4291 1898 4390 ἠδυνή-

2006 4322 2070 4374 Ει
2105 4320 2355 4372 videmus
2377 4291 2483 4371 hos
2510 4331 2616 4369 non
2643 4316 2890 4384 potuisse
2919 4314 2990 4368 ob
3017 4309 3457 4367 incredulitatem
3490 4309 3576 4362 in-

299 4414 510 4488 ⁴θησαν
535 4409 795 4464 εἰσελθεῖν
849 4411 917 4463 δι’
953 4407 1211 4462 ἀπιστίαν
1232 4448 1247 4473 ,
1279 4409 1419 4478 πλὴν
1452 4409 1634 4462 Χαλὲδ
1663 4412 1757 4464 τοῦ
1801 4413 1903 4464 Ἰε-

280 4499 312 4566 ’τ
329 4502 510 4574 φωνὴ,
543 4503 636 4555 καὶ
670 4501 844 4570 Ἰησοῦ
875 4500 970 4554 τοῦ
1001 4499 1178 4570 Ναυῆο
1218 4500 1495 4564 ἑξακόσιαι
1535 4502 1901 4572 διεφθάρησαν

255 4574 594 4690 uixdum“,
625 4591 828 4654 ταύτας
854 4591 963 4659 γὰρ
985 4590 1085 4690 τὰς
1110 4590 1361 4690 χιλιάδας
1394 4586 1548 4643 εἷπεν
1583 4591 1902 4661 ἐξεληλυθό-

293 4679 432 4752 ξτας
475 4682 535 4746 ἐξ
574 4682 870 4750 Αἰγύπτουσ
895 4680 991 4734 τοῦ
1016 4679 1124 4748 γὰρ
1151 4679 1287 4733 Θεοῦ
1312 4685 1794 4752 παρεγγυήσαντος
1820 4685 1900 4746 εἰς

329 4701 432 4745 τας
475 4697 535 4746 et;
574 4697 870 4750 Αιγυπτουο
895 4697 991 4734 του
1016 4697 1124 4748 γαρ
1151 4697 1287 4733 υεου
1312 4697 1794 4752 παρεγγυήσαντος
1820 4697 1897 4746 εις

293 4697 438 4866 ὶτὴν
495 4771 911 4842 ἐπηγγελμένην
956 4773 1165 4841 ἀπᾶραι
1211 4773 1335 4841 γῆν,
1382 4774 1633 4826 ἀντεῖπον
1677 4777 1897 4840 ἐκεῖνοι,

334 4861 768 4933 προσαλλόμενοι
799 4863 891 4914 τὸν
930 4861 1092 4930 φόϐον
1135 4861 1228 4913 καὶ
1256 4863 1316 4914 τὸ
1341 4862 1568 4930 μέγεθος
1599 4865 1705 4916 τῶν
1739 4865 1898 4918 πολε-

332 4952 516 5023 μίων·
547 4945 608 5006 οῦ
650 4953 714 5022 δὴ
743 4953 901 5021 χάριν
948 4953 976 5003 ὁ
1021 4952 1132 5004 τῶν
1161 4951 1297 5004 ὅλων
1323 4950 1455 5013 Θεὸς
1482 4954 1724 5018 ἃπαντας
1759 4955 1900 5008 κατὰ

326 5041 505 5112 μέρος
533 5042 592 5094 ὲν
617 5045 681 5111 τῇ
715 5043 814 5112 ὲρή
825 5058 909 5111 μῳ
933 5042 1279 5094 κατανάλωσε
1297 5083 1313 5109 ,
1366 5043 1494 5106 τοὺς
1523 5044 1746 5098 ἐκείνων
1779 5047 1906 5098 παῖ-

319 5134 432 5194 δας
458 5132 572 5186 ἀντ’
595 5133 1169 5202 ἐκείνωνιείσήγαγεν,
1193 5133 1361 5202 ήγουν
1385 5134 1512 5197 τοὺς
1551 5153 1618 5187 πε
1627 5137 1683 5206 pl.
1720 5136 1900 5189 Χαλὲσ

319 5223 431 5276 τοῦ
473 5223 736 5292 Ἰεχωνίου
770 5225 864 5277 καὶ
909 5223 1084 5292 Ἰησοῦ
1109 5223 1204 5276 τοῦ
1230 5225 1388 5295 Ναυῆ
1409 5227 1606 5290 αὐτοὺς
1628 5231 1902 5282 κατέπαυ-

323 5332 451 5370 σεψ
483 5317 580 5369 καὶ
617 5317 666 5368 εἰ
705 5316 834 5386 περὶ
859 5315 956 5382 τῆς
991 5312 1096 5382 γῆς
1124 5314 1295 5382 αὐτῆς
1321 5317 1664 5370 κατάπαυσιν
1703 5321 1730 5371 ὁ
1761 5335 1894 5389 προ-

323 5412 516 5477 φήτης
565 5407 752 5476 εἴρηκε
806 5403 1002 5456 Δαϐἰδο
1047 5404 1126 5465 εἰς
1153 5403 1370 5474 εκείνην
1409 5406 1520 5475 γάρ
1561 5404 1765 5476 Ἰησοῦς
1803 5409 1900 5460 αύ-

2013 4403 2206 4470 troire,
2232 4416 2430 4472 praeter
2454 4405 2662 4460 Lhaleb
2685 4406 2854 4458 lilium
2879 4405 3145 4475 Jephone,
3170 4417 3223 4460 et
3245 4405 3368 4461 Jesu
3402 4407 3570 4460 lilium

2009 4491 2178 4548 Nare.
2214 4494 2481 4548 Sescenta
2526 4495 2698 4548 millia
2749 4493 3100 4557 interierunt,
3155 4493 3376 4547 totidem
3427 4509 3571 4547 erum

2011 4584 2182 4639 millia
2199 4585 2334 4641 dicit
2355 4585 2637 4654 Scriptura
2655 4600 2872 4654 egressa
2903 4601 2971 4641 ex
3001 4584 3258 4656 Egypto.
3293 4583 3402 4640 Deo
3421 4587 3568 4640 enim

2015 4677 2350 4731 concedente
2383 4677 2525 4730 utin
2559 4677 2883 4746 prrmiissam
2914 4677 3060 4732 irent
3095 4687 3320 4742 terram,
3355 4685 3574 4730 eontra-

2015 4767 2271 4822 dixerunt
2301 4767 2414 4832 illi,’
2431 4784 2539 4837 prae
2566 4783 2623 4823 se
2657 4769 2894 4824 ferentes
2923 4779 3125 4822 metum
3159 4778 3214 4823 et
3259 4767 3431 4823 robur
3477 4769 3577 4822 lm-

2011 4863 2201 4917 stium.
2233 4858 2408 4925 Quam
2439 4861 2512 4915 ob
2549 4873 2769 4914 causam
2803 4859 2974 4915 totius
3001 4859 3188 4913 mundi
3221 4857 3362 4912 Deus
3388 4872 3578 4911 omnes

2013 4953 2254 5022 singulos
2308 4955 2362 5004 in
2414 4953 2636 5006 deserto
2689 4951 2986 5014 destruxit,
3039 4950 3181 5006 ﬁlios
3233 4965 3422 5005 eorum
3481 4965 3578 5018 pro

2014 5045 2124 5099 illis
2156 5043 2476 5108 introduxit,
2513 5044 2724 5097 scilicet
2754 5059 2851 5112 per
2879 5043 3089 5099 Cbaleb
3125 5043 3293 5096 lilium
3328 5042 3574 5110 Jcplione

2011 5150 2068 5194 et
2111 5137 2240 5195 Jesu
2303 5130 2675 5192 lilium'Nave
2725 5136 2812 5190 his
2863 5138 3108 5205 requiem
3154 5133 3325 5209 dedit.
3385 5137 3450 5188 Et
3509 5134 3577 5186 de

2009 5243 2155 5287 terra
2206 5232 2306 5286 ista
2368 5230 2608 5297 requiem
2685 5229 2822 5282 dixit
2901 5229 3164 5296 propheta
3241 5229 3455 5284 David:
3517 5229 3571 5283 in

2009 5341 2128 5380 eam
2151 5324 2296 5376 enim
2320 5321 2449 5380 Jesn
2474 5321 2598 5374 illos
2624 5321 2866 5388 requiem
2898 5319 3152 5389 perduxit
3181 5319 3237 5374 lu
3271 5319 3358 5373 illa
3388 5327 3571 5372 autent

2009 5426 2124 5468 erat
2157 5413 2321 5468 etiam
2371 5413 2590 5467 divinus
2629 5409 2902 5480 interpres
2935 5411 3128 5476 David,
3177 5426 3304 5465 cum
3349 5409 3466 5464 haec
3494 5411 3577 5465 lu-

421 5628 462 5656 “
491 5630 657 5684 Amos
690 5647 738 5696 ν,
770 5630 858 5696 Ξῦ,
885 5633 974 5687 26.
1052 5635 1099 5666 ’³
1132 5634 1204 5689 ibi
1229 5637 1261 5688 l.
1297 5635 1384 5690 27.
1463 5639 1508 5670 υ
1539 5637 1638 5692 ἔδει.
1675 5653 1816 5704 uri,
1852 5639 1902 5694 l.

2009 5641 2026 5672 ³
2051 5641 2182 5694 ibid.
2261 5642 2306 5674 '°
2334 5646 2452 5698 Act.
2483 5659 2576 5706 vn,
2613 5643 2700 5704 5!,
2731 5641 2820 5696 ει.
2897 5642 2940 5674 ¹¹
2969 5637 3108 5695 Ρςιιι.
3139 5595 3446 5708 xcw,8-tt.
