3988 6142
422 221 551 285 1251

1615 216 1674 272 S.
1718 212 2117 272 ANASTASII
2159 212 2487 272 SlNAlTJ‘)

3529 207 3665 270 1252

416 344 581 389 cutus
640 329 919 384 nuntiavit
955 326 1199 397 requiem
1250 342 1264 378 :
1305 343 1322 374 ι
1352 323 1524 378 Hodie
1564 324 1606 377 si
1638 337 1828 377 vocem
1880 322 2001 392 ejus

2116 321 2230 385 τοὺς
2262 320 2626 374 κατέπαυσεν·
2664 322 2722 372 ἐν
2749 321 2884 392 αὐτῇ
2921 320 2975 375 δὲ
3005 317 3075 389 ἦν
3102 320 3195 375 καὶ
3219 320 3359 382 θεῖος
3387 317 3549 371 Δαϐὶι
3579 321 3667 372 ὅτε

417 422 726 501 audieritis,
768 440 784 472 ι
847 428 905 475 et
955 430 1077 488 qua
1119 425 1447 487 sequuntur.

489 700 629 769 Ergo
662 694 997 763 relinquitur
1021 694 1163 747 alter
1200 692 1567 747 sabbatismus
1595 701 1649 747 et
1691 693 1861 746 altera
1902 704 1993 745 re-

420 792 597 861 quies.
648 803 771 859 quae
805 794 891 841 est
933 787 990 840 in
1048 786 1330 842 Christum
1363 786 1519 850 ﬁdes,
1548 786 1691 841 sicut
1723 786 1860 841 dicit
1895 787 2000 839 Do.
2034 834 2037 836 .

421 885 603 937 minus
648 897 745 952 per
775 880 1070 935 Jeremiam
1109 878 1431 948 prophetam
1465 894 1480 932 :
1520 896 1538 928 ι
1573 878 1715 932 Ecce
1750 876 1871 931 dies
1900 891 1996 929 ve-

423 977 607 1037 niunt,
648 981 704 1027 et
755 981 993 1026 statuam
1049 968 1238 1023 domui
1295 968 1461 1023 lsrael
1504 974 1561 1022 et
1611 967 1795 1019 domui
1857 965 1998 1021 Juda

425 1071 813 1119 testamentum
876 1074 1075 1113 novum
1136 1058 1203 1112 ’⁸.
1241 1078 1260 1109 ι
1300 1058 1555 1112 Dicenda-
1593 1072 1819 1119 novum,
1860 1056 2001 1111 anti-

423 1156 616 1225 quavit
657 1154 891 1222 primum
944 1170 959 1206 :
1018 1150 1180 1205 «Non
1227 1150 1533 1204 secundum
1610 1158 1997 1203 testamentum

426 1243 570 1313 quod
609 1241 771 1296 statui
811 1240 1062 1309 putribus
1092 1253 1283 1292 eorum
1320 1239 1373 1293 in
1404 1238 1493 1292 die
1519 1253 1630 1308 quo
1658 1238 2000 1308 apprehendi

428 1348 647 1389 manum
684 1334 805 1401 ejus
830 1343 889 1386 ut
917 1334 1211 1386 educerem
1236 1345 1333 1384 eos
1360 1345 1392 1384 e
1422 1339 1568 1385 terra
1596 1328 1835 1400 Egypti,
1860 1344 2002 1399 quo-

427 1424 574 1476 niam
598 1422 700 1492 ipsi
728 1437 837 1475 non
861 1426 1317 1488 exspectaverunt
1356 1426 1743 1473 testamentum
1779 1433 1998 1483 meum;

427 1524 484 1568 et
518 1529 619 1583 ego
650 1512 866 1582 neglexi
900 1526 1018 1573 eos,
1062 1511 1198 1565 dicit
1229 1510 1515 1574 Dominus,
1550 1509 1679 1579 quia
1726 1508 1872 1563 istud
1920 1516 2004 1563 est

431 1611 821 1659 testamentum
844 1601 989 1671 quod
1009 1610 1247 1656 statuam
1269 1600 1456 1654 domui
1480 1600 1669 1664 Israel,
1695 1599 1831 1654 dans
1857 1599 2003 1669 leges

2096 412 2269 467 ταῦτα
2314 411 2554 483 εἰρηκὼς
2581 414 2961 482 ¹ἐπηγγείλατο
3006 413 3105 484 τήν
3156 413 3538 466 κατάπαυσιν·
3586 411 3668 473 τὸ,

2103 522 2122 554 ι
2151 502 2396 574 Σήμερον
2433 502 2529 557 ἐὰν
2547 502 2645 572 τῆς
2673 503 2856 572 φωνῆς
2881 503 3043 558 αὑτοῦ
3090 502 3360 573 ἀκούσητε
3385 545 3400 567 ,
3426 517 3443 554 ι
3481 502 3575 555 καὶ
3602 501 3673 553 τὲι

2096 595 2241 662 ἑξῆς.

2171 706 2236 757 ’Λ
2248 722 2313 775 ρα
2336 704 2427 757 οὖν
2447 703 2799 758 ἀπολείπεται
2815 703 2897 757 ἐτι
2909 721 2999 773 ρος
3020 704 3384 774 σαϐϐατισμὸς
3402 704 3495 758 καὶ
3511 704 3676 772 ἐτέρα

2098 796 2461 857 κατάπαυσις,
2482 794 2603 866 ἣτις
2630 795 2778 847 ἐστὶν
2795 797 2874 858 είς
2892 795 3125 864 Χριστὸν
3156 795 3357 857 πίστις,
3378 794 3560 856 καθὼς
3581 795 3674 846 λέ-

2100 903 2184 953 γει
2215 884 2416 955 Κύριος
2435 882 2799 953 διὰἹερεμίου
2827 882 2918 935 τοῦ
2938 885 3236 952 προφήτου⁹
3266 902 3285 934 ι
3307 883 3436 936 Ἰδοὺ
3466 883 3674 954 ἡμέραι

2099 974 2466 1048 ἔρχονταῳιαὶ
2496 975 2817 1044 διαθήσομαι
2876 972 2953 1044 τῷ
3001 974 3134 1043 οίκῳ
3199 974 3413 1046 Ἰσραὴλ
3451 977 3543 1027 καὶ
3593 973 3676 1042 τῷ
3712 1038 3729 1049 ρ

2098 1070 2230 1138 οἴκῳ
2263 1066 2430 1119 Ἰούδα
2457 1065 2720 1136 διαθήκην
2749 1069 2998 1135 καινήνί
3027 1068 3085 1117 ἐν
3124 1065 3200 1134 τῷ
3228 1066 3411 1132 λέγειν
3443 1065 3669 1134 καινὴν,

2101 1158 2452 1211 πεπαλαίωκε
2468 1157 2564 1224 τὴν
2595 1157 2834 1227 πρώτην·
2860 1174 2877 1205 ι
2895 1156 2970 1209 Οὐ
3000 1156 3142 1209 κατὰ
3167 1157 3266 1227 τὴν
3300 1156 3567 1224 διαθήκην
3606 1157 3672 1225 ἣν

2101 1246 2356 1319 διεθέμην
2379 1251 2493 1313 τοῖς
2524 1248 2799 1320 πατράσιν
2827 1248 3005 1302 αὐτῶν
3040 1250 3097 1301 ἐν
3135 1249 3319 1319 ἡμέρᾳ
3347 1247 3675 1315 ἐπιλαϐομέο

2101 1358 2192 1395 νου
2225 1360 2327 1413 μου
2361 1343 2457 1412 τῆς
2486 1340 2668 1411 χειρὸς
2713 1340 2876 1393 αὐτοῦ
2906 1338 3192 1408 ἐξαγαγεῖν
3240 1341 3436 1403 αὐτοὺς
3472 1343 3538 1395 ἐκ
3567 1342 3675 1408 γῆς

2102 1432 2409 1502 Αἰγύπτου,
2466 1433 2549 1486 ὅτι
2594 1432 2748 1485 αὐτοὶ
2790 1432 2891 1484 οὐκ
2941 1431 3228 1500 ἐνέμειναν
3266 1431 3366 1498 τὴν
3400 1431 3674 1502 διαθήκτῖν

2107 1540 2230 1594 μου·
2252 1524 2346 1577 καὶ
2372 1522 2484 1591 ἐγὼ
2516 1522 2767 1593 ἠμέλησα
2796 1521 3018 1587 αὐτοὺς,
3051 1523 3186 1592 φησὶ
3215 1521 3441 1591 Κύριος,
3468 1522 3551 1574 ὅτι
3576 1522 3675 1574 αὖ-

2105 1633 2173 1685 τη
2211 1616 2244 1686 ή
2278 1613 2511 1686 διαθήκη
2545 1613 2614 1684 ἢν
2641 1613 2969 1684 διαθήσομαι
3005 1612 3083 1683 τῷ
3125 1612 3262 1680 οἴκῳ
3310 1613 3565 1684 Ἰσραὴλ,
3593 1615 3675 1665 δι-

432 1712 580 1750 meas
608 1697 662 1748 in
695 1703 933 1748 mentem
976 1708 1189 1755 eorum,
1216 1702 1274 1747 et
1302 1692 1357 1746 in
1385 1691 1552 1745 corde
1579 1706 1773 1745 eorum
1809 1690 2005 1744 inscri—

2116 1704 2229 1768 δοὺς
2266 1705 2465 1776 νόμους
2504 1722 2604 1776 μου
2654 1705 2734 1768 είς
2774 1704 2873 1775 τὴν
2914 1703 3151 1758 διάνοιαν
3186 1704 3365 1758 αὐτῶν
3390 1742 3405 1767 ,
3439 1705 3678 1776 καὶκέπὶ

431 1790 552 1843 bam
585 1805 701 1852 eas,
731 1797 783 1842 et
820 1804 918 1843 ero
952 1788 1036 1841 eis
1084 1787 1139 1841 in
1182 1787 1379 1850 Deum,
1421 1793 1477 1840 et
1511 1785 1616 1855 ipsi
1672 1791 1836 1839 erunt
1872 1782 2006 1836 mihi

432 1881 487 1935 in
518 1881 781 1950 populum
808 1880 874 1933 ”.
915 1897 932 1926 δ
957 1909 1024 1918 ——
1051 1898 1067 1930 ι
1098 1879 1268 1949 Igitur
1298 1877 1433 1932 ﬁdes
1461 1892 1528 1932 ex
1543 1877 1755 1940 auditu,
1788 1875 2009 1930 auditus

432 1981 614 2025 autem
662 1986 762 2040 per
795 1969 1022 2024 verbum
1056 1969 1155 2024 Dei
1180 1969 1245 2033 ",
1282 1987 1300 2020 ι
1341 1976 1561 2038 oportet
1596 1967 1742 2022 enim
1771 1968 2007 2037 primum

435 2061 647 2124 audire,
697 2060 894 2115 deinde
948 2060 1004 2114 in
1057 2069 1239 2115 mente
1278 2069 1334 2114 et
1379 2058 1546 2113 corde
1607 2058 1859 2127 accipere
1911 2057 2008 2112 Dei

434 2153 601 2207 verba
630 2162 686 2206 et
727 2152 990 2218 credere;
1020 2152 1164 2206 sicut
1206 2168 1225 2202 ι
1254 2150 1528 2206 Abraham
1567 2150 1928 2205 crediditDeo
1955 2158 2012 2203 et

436 2250 750 2311 reputatum
800 2242 876 2295 illi
909 2243 963 2295 in
992 2241 1261 2312 justitiam
1290 2241 1357 2296 ⁸⁸.
1412 2259 1515 2292 ι-
1537 2258 1555 2290 ι
1586 2239 1850 2306 Quoniam
1902 2255 2012 2293 non

434 2333 825 2403 justiticabitnr
855 2348 924 2386 ex
972 2332 1235 2401 operibus
1282 2331 1419 2401 legis
1469 2331 1650 2385 omnis
1696 2346 1824 2385 caro
1858 2331 1919 2383 ³¹.
1987 2349 2006 2382 ι

435 2453 505 2464 --
534 2445 551 2476 ι
577 2426 904 2494 Quicunque
959 2424 1106 2478 enim
1139 2438 1208 2478 ex
1238 2422 1501 2493 operibus
1549 2423 1686 2494 legis
1727 2431 1875 2488 sunt,
1911 2422 2014 2477 sub

438 2514 731 2569 maledicto
764 2522 928 2580 sunt;
961 2512 1229 2583 scriptum
1253 2520 1338 2567 est
1371 2513 1517 2567 enim
1539 2529 1553 2565 :
1576 2512 1897 2569 Maledictus
1921 2515 2015 2583 qui

438 2619 547 2657 non
586 2611 868 2673 permanet
891 2602 948 2657 in
974 2601 1233 2657 omnibus
1258 2616 1380 2671 quae
1408 2601 1611 2671 scripta
1634 2611 1763 2656 sunt
1792 2601 1846 2656 in
1869 2602 2016 2656 libro

441 2699 581 2767 legis
621 2699 687 2752 ad
738 2697 1050 2752 faciendum
1099 2710 1163 2751 ea
1215 2697 1280 2752 ⁸³.
1313 2714 1333 2748 ι
1387 2695 1675 2751 Neminem
1714 2705 1897 2751 autem
1959 2696 2017 2751 in

442 2787 564 2857 lege
592 2785 883 2856 justiﬂea'ri
928 2785 1072 2856 apud
1111 2785 1307 2851 Deum,
1357 2785 1710 2855 perspicuum
1745 2795 1850 2850 est,
1887 2788 2015 2856 quia

437 2879 621 2948 justus
666 2892 733 2931 ex
779 2875 885 2931 ﬁde
920 2876 1069 2930 vivet
1102 2876 1147 2907 ’δ
1195 2876 1252 2930 in
1308 2875 1470 2945 ipsis;
1510 2875 1785 2930 Abraham
1831 2884 2018 2931 autem

442 2968 679 3024 credidit
730 2967 843 3021 Deo
885 2974 942 3022 et
995 2974 1310 3036 reputatum
1372 2977 1456 3020 est
1499 2964 1579 3019 illi
1623 2964 1680 3019 in
1719 2964 2008 3037 justitiam.

443 3023 756 3114 Praevidens
788 3023 1076 3128 Scriptura
1104 3075 1169 3113 ex
1215 3057 1323 3113 ﬁde
1367 3023 1795 3129 justiilcatnrtim
1822 3067 2013 3129 gentes
2038 3023 2084 3085 δ

443 3151 636 3214 Deum,
690 3149 1081 3219 pramnntiavit
1118 3148 1370 3204 Abrahae.

512 3358 734 3416 Noscite
773 3375 904 3430 ergo
943 3360 1048 3415 hos
1095 3360 1189 3429 qui
1239 3377 1308 3417 ex
1346 3360 1452 3416 ﬁde
1501 3370 1651 3428 sunt,
1700 3377 1823 3419 esse
1873 3364 2016 3421 ﬁlios

449 3451 697 3506 Abrahae.
722 3471 740 3502 ι
767 3450 1002 3506 Abraha:
1013 3460 1195 3506 autem
1217 3451 1379 3509 dicta:
1394 3461 1522 3509 sunt
1547 3456 1938 3525 promissiones
1961 3464 2019 3511 et

445 3544 642 3597 semini
668 3543 814 3612 ejus;
837 3558 949 3596 non
991 3542 1126 3597 dicit
1158 3560 1172 3597 :
1199 3543 1257 3598 In
1278 3544 1581 3600 seminibus
1608 3547 1764 3616 quasi
1795 3549 1851 3602 in
1876 3551 2019 3603 mul-

449 3633 539 3695 tis,
584 3631 679 3686 sed
713 3632 867 3699 quasi
903 3631 957 3686 in
988 3649 1121 3699 uno,
1152 3632 1212 3687 In
1239 3635 1448 3691 semine
1482 3645 1596 3690 tuo.
1620 3635 1737 3692 Hoc
1756 3648 1843 3694 est
1868 3641 2017 3694 enim

453 3730 838 3777 testamentum
861 3732 986 3777 ante
1011 3723 1392 3778 conﬁrmatum
1424 3740 1455 3780 a
1478 3725 1591 3780 Deo
1616 3727 1672 3780 in
1701 3726 2016 3795 Christum;

448 3817 534 3870 lex
564 3832 686 3886 quae
723 3823 845 3886 post
873 3826 1148 3871 trecentos
1178 3817 1401 3888 triginta
1424 3834 1598 3874 annos
1623 3820 1764 3875 facta
1795 3829 1877 3875 est
1906 3837 2018 3877 non

448 3916 611 3963 nocet
630 3917 689 3962 ut
705 3908 998 3978 abrogetur
1013 3908 1306 3978 promissio
1321 3909 1408 3963 ιδ’.
1431 3930 1450 3962 ι
1474 3910 1541 3965 Ει
1560 3920 1719 3967 vetus
1737 3912 2019 3983 Scriptura

453 4005 838 4054 testamentum
886 3996 982 4075 Dei
1032 4006 1193 4051 vocat
1249 3996 1393 4051 hanc
1443 4014 1566 4068 qua:
1611 4001 1681 4055 ad
1744 4002 2018 4056 Abraham

450 4089 592 4143 facta
635 4096 720 4143 est
768 4088 1096 4158 promissio;
1147 4088 1402 4157 promisit
1441 4100 1622 4145 autem
1682 4107 1781 4161 per
1831 4108 2018 4148 semen

448 4182 682 4237 Abrahae
734 4180 1140 4236 bcnedicendas
1193 4195 1316 4237 esse
1359 4190 1551 4252 gentes
1608 4184 1779 4238 totius
1828 4184 2020 4240 mundi

451 4275 577 4341 Dei;
613 4275 716 4329 hoc
768 4288 901 4328 vero
933 4289 1119 4330 semen
1173 4274 1290 4345 ipse
1337 4284 1422 4331 est
1454 4276 1721 4333 Dominus
1746 4277 2017 4334 Christus.

2107 1797 2334 1869 καρδίαν
2362 1797 2542 1850 αὐτῶν
2569 1796 2861 1868 ἐεπιγράψω
2888 1794 3104 1860 αὐτούς’
3140 1797 3236 1850 καὶ
3270 1796 3463 1867 ἔσομαι
3492 1798 3679 1859 αὐτοῖς

2109 1891 2188 1952 είς
2218 1889 2371 1953 Θεὸν,
2403 1888 2498 1942 καὶ
2521 1888 2675 1951 aii-.01
2700 1887 2916 1941 ἔσονταί
2945 1904 3030 1956 μοι
3070 1889 3150 1952 εἰς
3172 1888 3317 1943 λαόν.
3350 1908 3370 1941 ι
3398 1919 3470 1929 --
3489 1907 3508 1939 ι
3537 1891 3680 1958 Ἀρα

2108 1978 2200 2032 οῦν
2227 1982 2259 2047 ἡ
2294 1979 2473 2041 πίστις
2498 1977 2559 2043 ἐξ
2589 1980 2779 2047 ἀκοῆς,
2807 1980 2839 2047 ή
2864 1977 2907 2029 δ’
2938 1977 3075 2048 ἀκοὴ
3103 1978 3191 2030 διὰ
3216 1980 3458 2049 ῥήματος
3481 1978 3673 2031 Θεοῦί

2109 2070 2191 2123 δεῖ
2212 2069 2320 2140 γὰρ
2376 2070 2592 2138 πρῶτον
2624 2071 2877 2132 ἀκοῦσαι,
2906 2066 3027 2124 εἷτα
3052 2072 3109 2123 ἐν
3148 2071 3357 2140 διανοίᾳ
3395 2071 3490 2123 καὶ
3520 2073 3577 2123 ἐν
3610 2074 3679 2140 τῇ

2111 2162 2307 2231 καρδίᾳ
2351 2161 2608 2226 δέξασθαι
2653 2161 2747 2215 τοῦ
2781 2160 2916 2215 Θεοῦ
2971 2163 3193 2233 ῥήματα
3223 2162 3318 2215 καὶ
3365 2161 3681 2215 πιστεῦσαι·

2113 2252 2361 2322 καθάπερ
2388 2253 2478 2305 καί
2500 2270 2515 2287 α
2550 2272 2568 2304 ι
2602 2252 2855 2324 Ἀϐραὰμ
2874 2254 3164 2306 ἐπίστευσε
3191 2253 3267 2323 τῷ
3299 2253 3438 2323 Θεῷ,
3457 2255 3550 2306 καὶ
3570 2254 3684 2307 ἐλο-

2112 2343 2272 2414 γίσθη
2304 2343 2452 2414 αὐτῷ
2474 2345 2551 2408 εἰς
2579 2344 2943 2412 δικαιοσύνην.
2972 2363 2992 2396 ι
3025 2374 3095 2384 -
3130 2363 3149 2395 ι
3189 2345 3334 2397 Διότι
3364 2346 3426 2397 οὐ
3461 2345 3686 2399 δικαιω-

2115 2434 2336 2507 θήσεται
2387 2436 2444 2501 ἐξ
2495 2435 2672 2505 ἔργων
2719 2435 2882 2506 νόμου
2923 2436 3072 2488 πᾶσα
3116 2434 3272 2506 σάρξ,
3314 2454 3332 2488 ι
3367 2465 3434 2477 --
3472 2454 3490 2487 ι
3528 2436 3685 2489 Ὅσοι

2114 2525 2222 2595 γὰρ
2247 2524 2307 2591 ἐξ
2331 2524 2507 2597 ἔργων
2535 2527 2700 2597 νόμου
2728 2526 2887 2587 εἰσὶν,
2918 2525 3022 2578 ὑπὸ
3051 2527 3298 2597 κατάραν
3322 2524 3448 2578 εἰσί·
3478 2530 3684 2597 γέγρα-

2115 2633 2247 2670 πται
2269 2617 2397 2688 γάρ’
2428 2616 2858 2688 Ἐπικατάρατος
2875 2617 2932 2680 ὃς
2955 2619 3053 2671 οὐκ
3074 2618 3301 2687 ἐμμένει
3333 2619 3390 2671 ἐν
3418 2619 3553 2671 πᾶσι
3572 2619 3686 2680 τοῖς

2116 2708 2523 2781 γεγραμμένοις
2557 2711 2614 2763 ἐν
2653 2710 2731 2780 τῷ
2774 2710 2964 2781 βιϐλίῳ
2987 2709 3082 2763 τοῦ
3132 2710 3298 2781 νόμου
3326 2709 3422 2763 τοῦ
3459 2710 3686 2778 ποιῆσαι

2116 2801 2272 2854 αὑτά·
2313 2819 2331 2851 ι
2366 2802 2447 2854 ὅτι
2478 2802 2533 2853 δέ
2566 2803 2623 2854 ἐν
2674 2800 2823 2873 νόμῳ
2868 2802 3044 2865 οὐδεὶς
3065 2802 3364 2855 δικαιοῦται
3406 2802 3559 2870 παρὰ
3605 2801 3686 2869 τῷ

2116 2885 2254 2955 Θεῷζ
2287 2885 2444 2954 δῆλον
2476 2888 2560 2940 ὅτι
2588 2889 2616 2941 ὁ
2650 2887 2854 2952 δίκαιος
2882 2890 2949 2943 ἐκ
2975 2890 3212 2953 πίστεως
3245 2888 3469 2961 ζήσεται
3494 2893 3552 2944 ἐν
3587 2892 3689 2943 αὐ-

2118 2978 2250 3039 τοῖς’
2277 2978 2305 3031 ὁ
2326 2977 2383 3031 δὲ
2431 2978 2678 3049 Ἀϐραὰμ
2717 2980 3003 3034 ἐπίστευσε
3041 2981 3119 3052 τῷ
3162 2981 3281 3053 Θεῷ
3312 2983 3408 3035 καὶ
3432 2981 3684 3053 ἐλογίσθη

2118 3066 2265 3139 αὐτῷ
2288 3069 2369 3133 εἰς
2392 3069 2759 3141 δικαιοσύνην·
2791 3068 3083 3141 προῑδοῦσα
3121 3071 3180 3125 δὲ
3208 3075 3243 3141 ή
3280 3072 3319 3124 Γ
3324 3075 3471 3143 ραφὴ
3497 3073 3582 3126 ὅτι
3620 3075 3686 3127 ἐκ

2120 3158 2355 3224 πίστεως
2383 3161 2582 3216 δικαιοῖ
2606 3164 2677 3218 τὰ
2695 3161 2821 3235 ἔθνη
2847 3163 2876 3215 ὁ
2901 3161 3056 3229 Θεὸς,
3085 3163 3586 3234 προευηγγελίσατο
3606 3165 3685 3234 τῷ

2129 3251 2402 3325 ⁹Αδραὰμ.
2852 3248 2855 3249 ν

2188 3364 2491 3419 Γινώσκετε
2526 3363 2619 3419 οὖν
2653 3365 2763 3436 ἄρα
2790 3366 2873 3419 ὅτι
2903 3367 2953 3418 oi
2976 3365 3040 3418 ἐκ
3064 3362 3324 3429 πίστεως,
3346 3358 3504 3421 ὀῦτοι
3545 3367 3683 3420 εἰσιν

2116 3456 2226 3508 υἱοὶ
2264 3455 2531 3526 Ἀϐραάμ·
2563 3456 2642 3526 τῷ
2666 3454 2724 3508 δέ
2765 3454 3017 3524 Ἀϐραὰμ
3036 3453 3343 3526 ἐρρέθησαν
3369 3455 3426 3531 αἱ
3453 3456 3686 3522 ἐπαγγε-

2117 3548 2228 3602 λίαι
2257 3548 2352 3602 καὶ
2365 3546 2443 3618 τῷ
2472 3546 2748 3618 σπέρματι
2773 3545 2958 3600 αὐτοῦ’
2986 3544 3048 3598 οὐ
3073 3544 3241 3613 λέγει,
3258 3544 3345 3598 Ἐν
3375 3546 3486 3608 τοῖς
3510 3546 3683 3614 σπέρ-

2120 3653 2308 3707 μασιν,
2332 3636 2405 3700 ὡς
2420 3637 2513 3689 ἐπὶ
2528 3635 2756 3701 πολλῶν,
2774 3635 2894 3689 ἀλλ’
2924 3634 2999 3697 ὡς
3018 3636 3105 3703 ἐφ’
3131 3634 3269 3698 ἐνὸς,
3300 3633 3388 3688 Ἐν
3403 3634 3486 3704 τῷ
3512 3637 3682 3705 σπέρ-

2123 3727 2254 3799 ματί
2305 3744 2420 3781 σου·
2452 3725 2611 3780 τοῦτο
2654 3727 2763 3795 γάρ
2806 3727 2924 3779 ἐστι
2950 3724 3185 3795 διαθήκη
3217 3727 3683 3796 προκεκυρωμένη

2120 3818 2225 3872 ὑπὸ
2255 3817 2352 3871 τοῦ
2380 3817 2513 3872 Θεοῦ
2548 3818 2629 3880 είς
2656 3815 2912 3888 Χριστὸν,
2938 3816 2968 3868 ὁ
3004 3816 3145 3886 μετὰ
3170 3816 3499 3886 τετρακόσια
3528 3817 3685 3887 τριά-

2121 3926 2284 3963 κοντα
2325 3909 2420 3979 ἐτη
2451 3906 2691 3977 γεγονὼς
2737 3907 2899 3977 νόμος
2920 3908 3025 3961 οὐκ
3062 3908 3258 3977 ἀκυροῖ
3283 3908 3367 3971 είς
3393 3906 3457 3961 τὸ
3479 3925 3686 3977 καταρ-

2121 4002 2285 4071 γῆσαι
2313 4000 2412 4072 τὴν
2440 4000 2791 4068 ἐπαγγελίαν·
2827 4000 2922 4054 καὶ
2943 4000 2979 4070 ἡ
3008 3998 3214 4055 παλαιὰ
3259 3999 3471 4071 Γραφὴῖ
3492 3999 3686 4069 διαθή-

2121 4109 2225 4162 κην
2248 4090 2342 4145 τοῦ
2370 4089 2504 4146 Θεοῦ
2533 4090 2688 4144 καλεῖ
2719 4089 2818 4161 τὴν
2849 4090 2982 4161 πρὸς
3020 4090 3114 4144 τὸν
3170 4090 3424 4162 ’Δϐραὰμ
3450 4107 3687 4161 γεγενη-

2124 4182 2295 4253 μένην
2325 4182 2656 4252 ἐπαγγελίαν
2677 4197 2692 4213 ο
2741 4180 3106 4251 ἐπηγγείλατο
3141 4181 3199 4235 δὲ
3239 4181 3330 4235 διὰ
3374 4181 3689 4251 σπέρματος

2119 4274 2216 4329 τοῦ
2270 4274 2523 4346 Ἀϐραὰμ
2565 4273 2807 4342 εὐλογεῖν
2854 4273 2923 4327 τὰ
2970 4273 3099 4342 ἔθνη
3145 4274 3175 4326 ὁ
3221 4272 3333 4326 τῶν
3365 4272 3508 4326 δλων
3532 4272 3685 4335 Θεός·

449 4364 553 4419 Per
628 4364 783 4418 illum
860 4364 1007 4418 enim
1087 4365 1294 4419 exitum
1380 4367 1681 4436 promissio
1758 4368 2015 4425 obtinuit.

2123 4366 2280 4421 τοῦτο
2303 4367 2361 4420 δὲ
2393 4367 2454 4418 τὸ
2495 4366 2716 4436 σπέρμα
2762 4364 2927 4428 αὐτός
2987 4366 3139 4418 ἐστιν
3174 4366 3203 4418 ὁ
3248 4365 3529 4445 Δεσπότης
3554 4367 3692 4435 Χρι-

444 4455 581 4510 Nam
615 4455 660 4510 si
687 4471 751 4510 ex
781 4455 900 4526 lege
928 4464 1013 4509 est
1040 4455 1350 4521 hmreditas,
1382 4471 1494 4511 non
1537 4465 1623 4513 est
1666 4474 1735 4513 ex
1777 4460 2020 4529 promis-

444 4548 641 4613 sione;
675 4547 911 4601 Abrahze
954 4556 1138 4602 autem
1188 4565 1288 4617 per
1329 4550 1752 4619 promissionem
1795 4551 2023 4608 donavit

446 4638 595 4692 Deus
619 4654 829 4693 semen.
852 4637 996 4704 Quid
1021 4638 1191 4706 ergo?
1216 4640 1304 4693 lex
1327 4633 1830 4709 tran‘sgressionum
1854 4656 2020 4696 causa

445 4734 653 4781 statuta
690 4738 799 4791 cst,
831 4728 1139 4797 usquedum
1189 4728 1407 4783 veniret
1453 4743 1642 4784 semen
1689 4729 1839 4799 quod
1890 4744 2023 4799 pro-

448 4819 678 4871 missum
704 4828 843 4883 erat,
875 4819 942 4873 ad
982 4819 1279 4875 utilitatem
1317 4827 1522 4875 statuta
1555 4831 1641 4875 est
1675 4821 1764 4876 lex
1806 4821 2026 4891 generis

450 4908 637 4979 hujus,
664 4925 731 4964 ex
760 4924 871 4979 quo
900 4925 1087 4965 semen
1112 4910 1248 4965 illud
1272 4911 1512 4967 debebat
1549 4914 1856 4969 secundum
1897 4930 2025 4970 car-

451 5015 579 5054 nem
617 5001 809 5065 exire;
858 5009 1062 5056 statuta
1098 5010 1185 5057 est
1220 5012 1404 5058 autem
1446 5005 1658 5076 angelis
1705 5005 2028 5062 ministran-

450 5095 623 5158 tibus,
666 5103 724 5151 et
777 5094 942 5164 hujus
987 5093 1328 5148 institutioni
1374 5095 1559 5167 Moyse
1594 5095 1895 5151 serviente.
1930 5096 2027 5151 Sin

448 5195 636 5240 autem
695 5183 919 5239 Judazus
979 5181 1196 5237 vocaris
1256 5190 1313 5236 et
1373 5198 1700 5252 perseveras
1756 5183 1814 5238 in
1881 5184 2025 5254 lege,

446 5277 606 5347 quasi
651 5277 704 5329 in
752 5275 873 5346 lege
911 5273 1172 5345 glorians,
1217 5287 1315 5343 per
1361 5273 1856 5344 transgressionem
1895 5273 2033 5344 legis

449 5366 622 5422 Deum
663 5366 993 5431 inhonorus;
1076 5362 1436 5419 circumcisio
1481 5365 1633 5418 enim
1681 5363 1930 5432 prodest,
1981 5363 2026 5417 si

2127 4454 2271 4515 πός’
2299 4453 2365 4506 δι’
2405 4451 2570 4506 αὐτοῦ
2597 4453 2709 4523 γὰρ
2739 4453 2913 4525 πέρας
2953 4455 2988 4524 ή
3036 4452 3328 4524 ὑπόσχεσις
3371 4454 3598 4509 ἐλαϐεν·
3643 4457 3691 4508 εί

2125 4544 2234 4614 γὰρ
2279 4545 2344 4597 ἐκ
2389 4543 2556 4612 νόμον
2582 4544 2618 4613 ἠ
2651 4542 3008 4615 κληρονομία,
3045 4545 3147 4599 οὐκ
3175 4543 3323 4598 ἐστιν
3348 4544 3410 4609 ἐξ
3457 4546 3695 4614 ἐπαγγε-

2124 4634 2265 4697 λίαςο
2318 4633 2396 4703 τῷ
2436 4634 2493 4687 δὲ
2544 4632 2795 4705 Ἀϐραὰμ
2825 4633 2896 4687 δι’
2941 4634 3277 4703 ἐπαγγελίας
3307 4636 3630 4705 κεχάρισται
3666 4638 3694 4690 ὁ

2127 4725 2260 4788 Θεὸς
2297 4725 2359 4779 τὸ
2394 4724 2637 4796 σπέρμα.
2662 4724 2726 4778 Τί
2755 4723 2878 4790 cev;
2920 4727 2949 4779 ὁ
2981 4726 3144 4796 νόμος
3162 4725 3282 4779 τῶν
3327 4726 3704 4796 παραϐάσεων

2126 4816 2291 4886 χάριν
2324 4815 2650 4885 προσετέθη,
2675 4814 2837 4886 ἄχρις
2867 4808 2930 4868 οῦ
2962 4811 3096 4884 ἦλθε
3127 4816 3189 4870 τὸ
3212 4816 3436 4888 σπέρμα
3463 4817 3495 4871 δ
3524 4819 3696 4889 ἐπήγ-

2131 4906 2340 4973 γελται,
2384 4906 2467 4968 εἰς
2511 4907 2835 4974 ἐπιμέλειαν
2869 4906 3029 4977 ἐτέθη
3076 4908 3106 4962 ὁ
3152 4906 3320 4978 νάμος
3359 4906 3456 4961 τοῦ
3489 4909 3695 4977 γένους,

2134 4998 2196 5064 ἐξ
2222 4993 2286 5052 οὗ
2328 4999 2389 5052 τὸ
2436 5000 2663 5071 σπέρμα
2694 4999 2921 5069 ἔμελλεν
2953 5002 3131 5054 ἐκεῖνο
3174 5000 3317 5055 κατὰ
3350 5002 3532 5072 σάρκα
3577 5002 3700 5072 βλα-

2135 5093 2372 5146 στάνειν·
2416 5092 2576 5162 ἐτέθη
2616 5092 2675 5146 δὲ
2712 5093 2958 5162 ἀγγέλων
2992 5093 3464 5165 ⁴ὑπουργούντων,
3504 5095 3603 5148 καὶ
3632 5096 3700 5163 τῇ

2132 5183 2324 5237 τούτου
2350 5183 2496 5236 θέσει
2520 5184 2798 5248 Μωῦσέως
2831 5184 3226 5250 διακονοῦντος.
3259 5185 3323 5238 Ei
3355 5185 3415 5238 δέ
3452 5186 3705 5247 Ἰουδαῖος
3762 5228 3767 5233 .

2133 5271 2390 5344 ὀνομάζει
2418 5274 2516 5327 καὶ
2546 5275 2872 5348 ἐπαναπαύῃ
2904 5275 2981 5347 τῷ
3012 5276 3185 5347 νόμῳ,
3216 5275 3295 5339 ὡς
3320 5279 3376 5330 ἐν
3399 5275 3553 5348 νόμῳ
3578 5291 3708 5329 χαν-

2134 5364 2355 5434 χᾶσθαι,
2380 5365 2466 5418 διὰ
2485 5364 2584 5435 τῆς
2599 5365 2958 5435 παραϐάσεως
2969 5366 3064 5419 τοῦ
3078 5367 3244 5438 νόμου
3257 5366 3347 5420 τὸν
3357 5364 3491 5420 Θεὸν
3508 5366 3710 5435 ἀτιμά-

525 5542 569 5572 "
603 5540 804 5595 εἰει-ειη.
846 5555 993 5605 xxxi,
1033 5540 1124 5595 51.
1192 5539 1238 5571 ”
1275 5535 1415 5593 ibid.
1457 5535 1546 5601 δε,
1590 5537 1678 5591 53.
1753 5535 1803 5606 ,³ο
1846 5534 2001 5592 Rom.

2138 5537 2224 5592 i7.
2304 5539 2346 5570 ³¹
2388 5537 2529 5596 Gen.
2572 5555 2660 5605 xv,
2702 5540 2952 5606 6;Rom.
2996 5556 3068 5606 ιν,
3111 5539 3163 5595 5.
3242 5541 3287 5573 ³³
3323 5539 3501 5596 Galat.
3535 5554 3592 5594 ιι.
3624 5537 3705 5599 l6.

448 5608 503 5643 ³⁸
536 5610 709 5665 Gaiat.
743 5627 821 5676 LI,
847 5611 929 5663 l0.
1151 5610 1196 5642 “
1233 5608 1364 5664 Ibid.
1406 5608 1494 5661 Η.
1557 5608 1623 5640 ³⁸⁸
1651 5605 1786 5661 ibid.
1822 5607 1909 5670 Hi,
1942 5607 2029 5661 17.
