3988 6142
355 282 491 347 1253

1364 282 1819 345 DlSPUTATIO
1853 282 2248 343 ADVERSUS
2287 283 2613 344 JUDEOS.

3478 281 3617 346 1254

350 398 487 462 ζιις·
509 396 784 468 περιτομὴ
802 395 900 467 μὲν
913 396 1131 466 ὠφελεῖ,
1158 397 1253 450 ἐὰν
1271 396 1439 468 νόμον
1455 398 1728 469 πράσσῃς·
1764 398 1859 450 ἐὰν
1878 396 1923 450 δὲ

2038 396 2212 467 legem
2255 398 2677 462 observaveris;
2715 396 2761 451 si
2794 411 2924 451 vero
2954 405 3330 466 transgressor
3359 397 3496 467 legis
3532 416 3612 465 es,

330 489 684 560 ’παραϐάτης
723 490 892 558 νόμου
948 487 1038 565 ᾖς,
1078 492 1112 562 ἡ
1146 493 1419 562 περιτομή
1467 509 1562 545 σου
1603 490 1940 563 ἀκροϐυστία

350 578 559 645 γέγονε,
587 577 733 631 καθά
761 595 926 649 φησιν
962 580 1264 651 Ἱερεμίας,
1295 581 1375 633 ὅτι
1410 599 1428 633 ι
1456 581 1643 635 Πάντα
1690 574 1765 633 τὰ
1810 579 1936 650 ἔθνη

349 672 700 742 ἀπερίτμητα
735 675 800 742 τῇ
834 673 1019 743 σαρκὶ,
1056 675 1085 727 ό
1117 673 1175 728 δέ
1208 668 1355 736 οἶκος
1387 673 1603 745 Ἰσραὴλ
1625 673 1937 745 ἀπερίτμη-

349 778 436 825 τος
448 765 515 833 τῇ
531 762 739 833 καρδίᾳ.
770 780 892 814 ι--σ
914 763 1322 835 Περιτμηθῆναι
1337 764 1415 835 τῷ
1428 764 1546 835 Θεῷ
1562 764 1657 818 καὶ
1669 781 1938 835 περιτμη-

350 852 623 924 θῆναιτὴν
654 853 1021 925 ἀκροϐυστίαν
1031 853 1132 924 τῆς
1145 854 1369 923 καρδίας
1390 853 1563 924 ὑμῶν.
1577 853 1808 906 ι-ιΔιὰ
1824 853 1935 922 γὰρ

348 943 514 1014 νόμου
549 944 846 1013 ἐπίγνωσις
872 940 1164 1016 ἁμαρτίας·
1200 944 1294 998 νῦν
1324 946 1433 1014 γὰρ
1457 943 1772 1014 δικαιοσύνη
1796 943 1932 997 Θεοῦ

348 1036 732 1106 πεφανέρωται
762 1037 1191 1106 μαρτυρουμένη
1218 1036 1324 1089 ὑπὸ
1356 1036 1522 1107 νόμου
1548 1038 1642 1090 καὶ
1665 1036 1773 1089 τῶν
1800 1053 1934 1107 προ-

349 1126 558 1194 φητῶνο
591 1125 909 1196 δικαιοσύνη
943 1126 999 1180 δὲ
1037 1126 1173 1179 Θεοῦ
1206 1127 1295 1180 διὰ
1327 1127 1563 1192 πίστεως
1590 1126 1764 1197 Ἰησοῦ
1792 1127 1930 1199 Χρι-

350 1218 477 1271 στοῦ
512 1219 593 1283 εἰς
644 1221 856 1284 πάντας
894 1220 989 1273 καὶ
1023 1221 1118 1273 ἐπὶ
1149 1221 1363 1283 πάντας
1391 1221 1517 1282 τοὺς
1555 1221 1941 1285 πιστεύονταςο

345 1310 706 1382 δικαιούμεθα
734 1311 943 1384 δωρεὰν
967 1315 1035 1384 τῇ
1069 1312 1237 1366 αὐτοῦ
1263 1312 1448 1383 χάριτι
1476 1312 1567 1367 διὰ
1595 1312 1693 1384 τῆς
1721 1312 1927 1366 ἀπολυ-

349 1401 601 1473 τρώσεως
631 1401 734 1472 τῆς
767 1403 826 1456 ἐν
863 1402 1088 1476 Χριστῷ
1128 1402 1327 1474 Ἰησοῦ.
1375 1423 1393 1455 ι

422 1570 441 1603 ι
468 1549 812 1622 Λογιζόμεθα
857 1550 953 1606 οῦν
981 1550 1165 1606 πίστει
1214 1548 1565 1605 δικαιοῦσθαι
1626 1550 1927 1619 ἄνθρωπον

353 1646 523 1713 χωρῖς
564 1642 746 1713 ἔργων
774 1642 967 1723 νόμου.
992 1662 1012 1696 ι
1050 1643 1118 1698 Τί
1133 1660 1149 1711 ;
1187 1661 1209 1695 ι
1252 1643 1528 1698 Ἰουδαίων
1568 1644 1598 1696 ό
1641 1643 1774 1707 Θεδς
1830 1643 1924 1713 μόο

2041 488 2395 543 circumcisio
2427 498 2519 543 tua
2541 489 2871 558 praeputium
2897 487 3037 543 facta
3062 499 3185 553 est;
3220 487 3363 542 sicut
3398 487 3476 542 ait
3523 488 3618 543 Je-

2039 579 2243 635 remias
2264 597 2279 635 :
2302 600 2321 633 ι
2350 580 2554 638 Omnes
2573 592 2766 652 gemes
2785 579 3185 647 incircumcisaa
3211 594 3398 644 carne,
3423 578 3619 635 domus

2036 685 2175 725 vero
2196 671 2361 727 Israel
2387 672 2774 727 ineircumcisa
2794 671 2963 726 corde
2980 671 3046 724 ³³.
3078 688 3097 721 ι
3124 701 3194 710 -
3230 684 3248 721 ι
3281 669 3615 725 Circumcidi

2037 761 2149 817 Deo
2186 770 2243 816 et
2282 762 2611 818 circumcidi
2661 762 2718 816 in
2761 762 3033 833 praeputio
3085 761 3270 816 cordis
3297 762 3468 815 vestri
3493 761 3558 817 ³⁸.
3593 783 3611 814 ι

2034 881 2071 892 -
2135 871 2154 903 ι
2189 852 2293 906 Per
2326 852 2696 923 legemenim
2747 851 2993 921 cognitio
3039 850 3289 919 peccati;
3335 865 3487 904 nunc
3523 851 3581 920 ju

2035 942 2186 998 stitia
2224 944 2318 999 Dei
2354 944 2703 999 manifestata
2734 953 2818 998 est
2850 942 3141 997 testiﬁcata
3178 957 3207 996 a
3254 943 3375 1012 lege
3407 952 3463 995 et
3490 958 3618 1011 pso-

2032 1035 2255 1105 phetis;
2298 1036 2517 1106 justitia
2565 1044 2750 1090 autem
2798 1035 2894 1090 Dei
2930 1051 3027 1104 per
3062 1034 3224 1088 ﬁdem
3255 1033 3381 1089 Jesu
3407 1033 3611 1088 Christi

2032 1123 2092 1178 in
2126 1139 2320 1179 omnes
2355 1132 2412 1181 et
2439 1140 2609 1193 super
2643 1139 2836 1179 omnes
2881 1123 3210 1184 credentes;
3241 1122 3613 1192 justiﬁcamur

2031 1215 2202 1283 gratis
2239 1216 2360 1286 ejus
2410 1216 2589 1287 gratia
2641 1230 2743 1284 per
2793 1214 3233 1285 redemptionem
3285 1213 3343 1268 in
3390 1213 3613 1269 Christo

2029 1304 2160 1360 Jesu
2179 1306 2243 1360 ⁸⁷.
2285 1325 2303 1358 ι

2109 1555 2127 1588 ι
2187 1536 2541 1591 Arbitramur
2597 1552 2731 1609 ergo
2801 1537 2907 1592 ﬁde
2974 1536 3267 1608 justiﬁcari
3327 1537 3608 1592 hominem

2028 1629 2239 1700 absque
2295 1630 2560 1700 operibus
2619 1630 2755 1700 legis
2776 1630 2842 1683 ³⁸.
2902 1647 2920 1680 ι
2978 1629 3165 1696 Quid?
3219 1647 3238 1680 ι
3291 1628 3605 1705 Ιιιιιαιοι-υιη

353 1751 464 1797 νον,
495 1736 617 1805 οὐχὶ
659 1734 755 1788 καὶ
784 1719 995 1802 ἐθνῶνς
1026 1737 1115 1789 ναὶ
1144 1736 1240 1790 καὶ
1286 1734 1456 1789 ἐθνῶν
1474 1750 1491 1767 ο
1521 1734 1756 1805 ἐπείπερ
1779 1730 1862 1799 εἷς
1892 1736 1921 1788 ὁ

2028 1727 2243 1795 tantum
2303 1721 2445 1776 Deus
2499 1728 2605 1783 est,
2655 1736 2764 1774 nun
2813 1720 2980 1774 etiam
3027 1719 3317 1791 gentium?
3353 1730 3505 1775 certe
3551 1731 3610 1776 et

348 1825 483 1889 Feb;
517 1824 575 1888 ἃς
604 1818 888 1880 δικαιώσει
925 1825 1233 1897 περιτομὴν
1265 1828 1330 1880 ἐκ
1363 1827 1602 1892 πίστεως
1628 1828 1722 1880 καὶ
1754 1828 1923 1897 ἀκρο-

345 1917 572 1973 ίυστίαν
621 1917 710 1970 διὰ
756 1917 1030 1981 πίστεως·
1062 1918 1140 1981 ὡς
1170 1918 1349 1988 νόμον
1391 1919 1485 1973 οῦν
1536 1919 1923 1990 καταργοῦμεν

345 2006 435 2059 διὰ
465 2007 564 2076 τῆς
596 2008 837 2071 πῖστεως
862 2024 878 2073 ;
904 2007 979 2078 μὴ
1003 2007 1393 2076 γένοιτοιάλλὰ
1420 2006 1585 2078 νόμον
1613 2009 1869 2077 ἱστῶμεν.
1898 2025 1916 2059 ι

284 2114 287 2119 '
343 2128 413 2139 —
446 2117 467 2150 ι
493 2096 559 2150 Τί
583 2099 691 2168 γὰρ
724 2100 758 2168 ἡ
792 2099 985 2170 Γραφὴ
1014 2098 1203 2169 met;
1241 2098 1568 2152 Ἐπίστευσε
1592 2099 1650 2152 δὲ
1673 2098 1926 2170 Ἀϐραὰμ

342 2188 422 2258 τῷ
451 2187 593 2258 Θεῷ,
625 2189 723 2241 καὶ
749 2189 1008 2259 ἐλογίσθη
1033 2188 1182 2261 αὐτῷ
1209 2192 1289 2254 είς
1318 2189 1687 2260 δικαιοσύνην.
1712 2209 1731 2242 ι
1762 2191 1924 2256 Λέγει

342 2281 454 2354 γὰρ
498 2281 528 2332 ὁ
566 2278 731 2333 Δαϐίδ
759 2296 774 2312 ο
804 2298 823 2332 ι
844 2282 1122 2352 Μακάριοι
1164 2275 1241 2335 ὧν
1282 2281 1565 2352 ἀφέθησαν
1592 2283 1650 2335 αἱ
1679 2280 1920 2350 ἀνομίαι,

345 2373 446 2423 sai.
491 2365 565 2423 ὧι
624 2370 1100 2442 ἁπεκαλύφθησαν
1151 2374 1208 2426 αἱ
1261 2372 1575 2444 ἁμαρτίαν
1654 2374 1922 2440 μακάριος

349 2461 514 2535 ἀνὴρ,
551 2456 597 2531 ᾧ
633 2464 696 2517 οὐ
742 2464 819 2535 μὴ
864 2464 1154 2535 λογίσηται
1201 2465 1408 2537 Κύριος
1462 2466 1759 2537 ἁμαρτίαν.
1799 2481 1817 2515 ι
1852 2492 1918 2503 -

351 2569 374 2603 ι
410 2553 471 2603 '0
500 2559 688 2623 νύρος,
725 2556 883 2625 φησὶ,
926 2558 1040 2620 τοῖς
1081 2557 1460 2628 ἁμαρτάνουσι
1505 2557 1605 2629 τὴν
1650 2556 1924 2628 τιμωρίαν

343 2643 543 2713 ἐπάγει
567 2659 581 2675 ·
622 2662 643 2696 ι
670 2643 773 2699 ὁδὶ
805 2647 1094 2716 προφήτης
1129 2645 1427 2718 μακαρίζει
1452 2648 1578 2711 τοὺς
1606 2646 1715 2699 τῶν
1744 2646 1914 2717 ἁμαρ-

342 2736 610 2804 τημάτων
643 2734 975 2805 δεξαμένους
1003 2738 1105 2807 τὴν
1129 2736 1358 2807 ἄφεσιν·
1389 2738 1419 2791 ό
1453 2737 1801 2807 μακαρισμὸς
1831 2734 1924 2790 οὖν

341 2818 497 2888 οὗτος
538 2826 633 2879 ἐπὶ
673 2826 771 2896 τὴν
818 2829 1126 2900 περιτομὴν
1169 2828 1203 2899 ἢ
1250 2828 1346 2881 ἐπὶ
1375 2829 1475 2900 τὴν
1518 2827 1920 2898 ἁκροϐυστίαν;

344 2914 582 2986 λέγομεν
608 2918 693 2971 ὃτι
736 2916 995 2989 ἐλογίσθη
1039 2918 1118 2989 τῷ
1158 2917 1414 2991 Ἀϐραὰμ
1453 2920 1487 2990 ﬁ
1520 2919 1707 2980 πίστις
1737 2919 1817 2981 είς
1845 2917 1926 2971 δι·

344 3004 607 3076 καιοσύνη
620 3022 661 3061 δ’
682 3007 800 3070 πῶς
828 3004 921 3063 οὖν
941 3007 1218 3080 ἐλογίσθη,
1248 3010 1306 3062 ἐν
1331 3008 1604 3080 περιτομῇ
1633 3008 1767 3072 όντι,
1798 3008 1832 3078 ἢ
1864 3010 1922 3062 ἐν

2024 1811 2310 1882 gentium;
2342 1810 2603 1880 quoniam
2634 1827 2780 1866 unus
2828 1812 2977 1867 Deus
3016 1811 3110 1880 qui
3138 1811 3465 1881 justiﬁeabit
3495 1811 3609 1864 cir—

2024 1902 2420 1957 cumcisionem
2475 1916 2542 1956 ex
2597 1902 2703 1957 ﬁde
2751 1912 2809 1958 et
2871 1902 3202 1973 praeputium
3259 1917 3360 1973 per
3416 1903 3602 1957 ﬁdem.

2025 1991 2224 2067 Legem
2249 2006 2382 2062 ergo
2412 1990 2756 2045 destruimus
2775 2005 2874 2060 per
2904 1989 3105 2045 ﬁdem?
3126 1990 3291 2045 absit!
3309 1990 3406 2045 sed
3426 1991 3604 2060 legem

2025 2084 2323 2138 statuimus
2344 2084 2411 2135 ³³.
2448 2101 2466 2134 ι
2518 2111 2589 2123 -
2641 2100 2659 2134 ι
2692 2081 2836 2149 Quid
2886 2083 3036 2137 enim
3090 2082 3376 2153 Scriptura
3427 2083 3607 2150 dicit?

2023 2174 2276 2230 Credidit
2328 2176 2609 2231 Abraham
2658 2175 2772 2230 Deo
2822 2183 2878 2230 et
2927 2183 3243 2245 reputatum
3295 2185 3382 2231 est
3423 2176 3503 2231 illi
3548 2177 3603 2232 in

2018 2267 2389 2337 justitiam“;
2429 2286 2448 2319 ι
2483 2268 2619 2323 dicit
2661 2269 2811 2323 enim
2864 2267 3077 2323 David:
3123 2292 3140 2320 ι
3180 2268 3332 2324 Beati
3365 2285 3601 2339 quorum

2023 2358 2269 2414 remissa:
2313 2369 2444 2415 sunt
2496 2360 2847 2429 iniquitates,
2890 2369 2948 2415 et
2987 2375 3225 2430 quorum
3276 2369 3417 2416 tecta
3474 2372 3603 2417 sunt

2022 2458 2246 2519 peccata
2271 2468 2285 2516 ;
2315 2450 2508 2508 beatus
2551 2453 2661 2518 vir,
2703 2450 2793 2508 cui
2842 2464 2953 2507 non
3000 2450 3298 2522 imputabit
3335 2451 3603 2510 Dominus

2023 2556 2309 2613 peceatum
2331 2546 2398 2601 θ’.
2429 2566 2447 2598 ι
2478 2578 2549 2587 -
2576 2566 2596 2598 ι
2620 2547 2751 2614 Lex,
2777 2548 2979 2618 inquit,
3009 2550 3371 2619 peccantibus
3390 2550 3623 2620 suppli-I

2022 2637 2168 2692 cium
2199 2637 2393 2706 aﬁ‘ert;
2432 2659 2449 2691 ι
2497 2640 2775 2710 Propheta
2830 2648 3014 2696 autem
3073 2640 3266 2696 beatos
3317 2641 3457 2697 dicit
3505 2643 3600 2713 qui

2024 2736 2377 2799 peccatorum
2422 2742 2758 2802 receperunt
2804 2733 3211 2790 remissionem.
3258 2733 3385 2789 Hasc
3432 2733 3602 2805 igitur

2023 2820 2311 2878 beatitudo
2363 2826 2420 2879 in
2470 2824 2950 2901 circumcisionem
2995 2841 3066 2881 an
3130 2826 3186 2881 in
3233 2826 3602 2896 praeputium?

2023 2910 2269 2967 Dicimus
2285 2912 2522 2969 Abrahae
2539 2923 2850 2985 reputatam
2875 2929 2999 2970 esse
3028 2912 3193 2969 ﬁdem
3219 2914 3273 2969 in
3292 2915 3597 2985 justitiam;

2024 3004 2302 3072 quomodo
2331 3020 2465 3075 ergo
2491 3014 2747 3076 reputata
2771 3014 2878 3072 est,
2912 3006 2968 3060 in
3003 3004 3427 3078 circumcisione
3443 3022 3511 3061 an
3543 3008 3598 3061 in

344 3100 682 3172 ἀκροϐυστία
709 3118 724 3168 ;
749 3102 909 3172 δῆλον
930 3101 1032 3156 οὐκ
1059 3101 1119 3155 ἐν
1139 3104 1434 3173 περιτομῇ,
1463 3101 1579 3155 ἀλλ’
1601 3103 1661 3154 ἐν
1680 3099 1921 3170 ἀκροϐυ-

2026 3095 2331 3163 praeputio?
2356 3096 2595 3152 Evidens
2640 3105 2744 3160 est,
2779 3112 2890 3152 non
2922 3097 2978 3153 in
3019 3098 3464 3163 circumcisione,
3503 3099 3599 3154 sed

347 3194 472 3265 στίᾳ
492 3207 508 3224 ⁸
529 3194 626 3247 καὶ
648 3194 878 3265 σημεῖον
909 3191 1072 3246 ἔλαϐε
1099 3191 1408 3263 περιτομῆς
1425 3186 1697 3262 σφραγῖδα
1719 3190 1816 3258 τῆς
1844 3189 1924 3242 δι-

345 3282 638 3356 καιοσύνης
665 3284 764 3354 τῆς
794 3282 1034 3350 πίστεως
1069 3283 1173 3353 τῆς
1207 3284 1265 3338 ἐν
1290 3285 1357 3354 τῇ
1374 3282 1715 3354 ἀκροϐυστίᾳ
1741 3281 1821 3344 είς
1861 3278 1922 3332 τὸ

344 3371 486 3428 εἷναι
508 3376 671 3429 αὐτὸν
694 3377 911 3445 πατέρα
930 3377 1154 3431 πάντων
1173 3375 1282 3429 τῶν
1302 3374 1663 3428 πιστευόντων
1680 3370 1747 3425 δι’
1760 3373 1924 3444 ἀκρο-

344 3466 595 3530 ϐυστίας,
625 3468 707 3531 είς
737 3468 799 3521 τὸ
822 3467 1145 3538 λογισθῆναι
1169 3467 1265 3521 καὶ
1293 3467 1482 3530 αὐτοῖς
1512 3465 1613 3536 τὴν
1643 3462 1921 3519 δικαιοσύ-

344 3571 480 3625 νην·
510 3558 612 3609 καὶ
641 3557 857 3629 πατέρα
885 3557 1198 3628 περιτομῆς
1230 3558 1292 3610 οὐ
1325 3558 1440 3620 τοῖς
1495 3557 1559 3610 ἐκ
1614 3554 1919 3626 περιτομῆς

347 3647 532 3715 μόνον,
564 3646 702 3700 ἀλλὰ
743 3647 841 3702 καὶ
879 3650 992 3712 τοῖς
1022 3647 1294 3719 στοιχοῦσι
1327 3650 1441 3710 τοῖς
1487 3648 1660 3717 ἴχνεσι
1696 3642 1797 3717 τῆς
1826 3644 1919 3697 πί·-

345 3754 541 3804 στεως,
590 3740 703 3802 τοῖς
762 3741 823 3792 ἐν
863 3742 932 3811 τῇ
985 3740 1322 3810 ἀκροϐυστίᾳ
1363 3737 1459 3791 τοῦ
1507 3738 1715 3809 πατρὸς
1762 3736 1918 3808 ὑμῶν

361 3832 608 3903 Ἁϐραάμ
622 3850 636 3864 ·
656 3834 717 3888 οὐ
736 3834 848 3906 γὰρ
862 3833 952 3888 διὰ
965 3833 1132 3904 νόμου
1153 3833 1187 3903 ἡ
1212 3830 1514 3899 ἐπαγγελία
1533 3829 1613 3901 τῷ
1642 3828 1913 3899 Ἀϐραὰμ,

341 3924 375 3997 ἢ
406 3924 487 3998 τῷ
520 3927 800 3998 σπέρματι
829 3925 1025 3991 αὐτοῦ,
1055 3927 1117 3980 τὸ
1151 3924 1489 3996 κληρονόμος
1513 3917 1650 3977 εῖναι
1680 3924 1911 3992 κόσμου,

341 4015 481 4070 ἀλλὰ
511 4016 859 4091 δικαιοσύνης
881 4018 1152 4082 πίστεως·
1180 4019 1209 4070 ὁ
1237 4017 1348 4089 γὰρ
1385 4016 1549 4085 νόμος
1572 4013 1743 4086 ὀργὴν
1778 4030 1914 4068 κατ-

341 4107 670 4179 εργάζεται·
704 4107 826 4171 ἐθος
871 4106 983 4180 γὰρ
1026 4107 1106 4177 τῷ
1139 4108 1288 4178 νόμῳ
1352 4105 1605 4170 κολάζειν
1652 4105 1777 4167 τοὺς
1809 4120 1915 4156 πα-

338 4197 702 4265 ραϐαίνοντας
724 4215 739 4230 ·
768 4193 832 4252 οὗ
860 4199 968 4270 γὰρ
998 4200 1099 4252 οὐκ
1143 4198 1260 4251 ἐστι
1289 4198 1474 4269 νόμος,
1500 4195 1622 4251 οὐδὲ
1654 4194 1910 4266 παράϐα-

338 4305 455 4351 σις·
486 4288 574 4344 διὰ
602 4290 761 4344 τοῦτο
786 4293 851 4345 ἐκ
880 4291 1139 4354 πίστεως,
1169 4289 1259 4342 ἵνα
1281 4288 1426 4343 κατὰ
1451 4288 1614 4359 χάριν
1644 4282 1702 4362 ᾖ,
1732 4288 1813 4345 είς
1848 4284 1909 4337 τὸ

2028 3188 2082 3242 in
2108 3190 2401 3259 praeputio.
2443 3191 2512 3245 Et
2545 3192 2762 3262 signum
2800 3193 3009 3262 recepit
3053 3188 3498 3247 circumcisionis
3526 3190 3601 3246 si-

2025 3282 2318 3351 gnaculum
2348 3282 2579 3353 justitiaa
2628 3283 2754 3339 ﬁdei
2782 3299 2905 3355 qua:
2933 3292 3054 3338 erat
3093 3284 3152 3338 in
3209 3283 3504 3354 prazputio,
3537 3290 3600 3337 ut

2021 3379 2172 3426 esset
2207 3382 2368 3442 pater
2413 3374 2660 3429 omnium
2712 3374 3057 3430 credentium
3107 3390 3175 3429 ex
3212 3374 3504 3444 praeputio,
3539 3386 3599 3428 ut

2024 3472 2311 3532 reputetur
2357 3473 2416 3520 et
2455 3465 2539 3521 eis
2593 3466 2648 3521 in
2685 3466 2979 3537 justitiam,
3014 3474 3072 3520 et
3098 3473 3258 3535 pater
3301 3466 3598 3521 circumci-

2020 3552 2195 3608 sionis
2224 3571 2333 3608 non
2363 3555 2449 3611 his
2476 3556 2570 3625 qui
2605 3564 2736 3611 sunt
2778 3571 2847 3611 ex
2894 3555 3321 3610 circumcisione
3357 3564 3592 3621 tantum,

2020 3644 2115 3699 sed
2143 3645 2310 3700 etiam
2341 3647 2430 3702 bis
2455 3648 2548 3717 qui
2580 3656 2891 3718 sequuntur
2920 3646 3150 3718 vestigia
3182 3646 3334 3714 ﬁdei,
3374 3648 3428 3702 in
3453 3665 3595 3718 pra:-

2017 3737 2174 3805 putio
2232 3739 2402 3808 patris
2446 3741 2615 3796 vestri
2659 3741 2914 3796 Abrahae.
2950 3740 3070 3796 Non
3102 3740 3252 3796 enim
3282 3756 3381 3811 per
3414 3742 3591 3813 legem

2016 3826 2311 3896 promissio
2333 3828 2567 3886 Abrahae
2605 3840 2700 3886 aut
2748 3831 2949 3886 semini
2993 3832 3135 3901 ejus,
3164 3831 3437 3887 ha-redem
3471 3848 3592 3888 esse

2016 3918 2231 3985 mundi,
2258 3920 2356 3977 sed
2395 3938 2497 3992 per
2516 3922 2789 3993 justitiam
2815 3922 2978 3990 ﬁdei;
3004 3922 3089 3978 let
3122 3923 3270 3978 enim
3297 3923 3436 3978 iram
3460 3939 3592 3994 ope-

2015 4019 2189 4080 ratur,
2216 4027 2413 4084 nempe
2438 4030 2560 4070 mos
2587 4022 2673 4070 est
2708 4015 2845 4086 legis
2892 4014 3089 4085 punire
3128 4022 3587 4087 transgressores.

2014 4103 2120 4159 Ubi
2145 4106 2293 4160 enim
2333 4123 2444 4162 non
2489 4115 2574 4162 est
2619 4110 2726 4171 lex,
2769 4124 2882 4163 non
2922 4118 3007 4163 est
3041 4108 3436 4179 transgressio;
3466 4109 3589 4164 ideo

2012 4211 2076 4251 ex
2112 4195 2241 4261 ﬁde,
2274 4207 2333 4253 ut
2358 4199 2661 4254 secundum
2699 4201 2928 4271 gratiam
2976 4201 3070 4260 sit,
3117 4208 3177 4254 ut
3229 4200 3389 4254 ﬁeret
3431 4200 3587 4257 ﬁrma

2014 4289 2310 4358 promissio
2349 4291 2501 4346 omni
2533 4291 2752 4356 semini,
2791 4307 2900 4345 non
2953 4290 3130 4346 solum
3175 4292 3323 4362 quod
3360 4306 3429 4346 ex
3468 4292 3587 4364 lege

339 4374 476 4433 εἶναι
502 4379 725 4449 βεϐαίαν
747 4382 846 4452 τὴν
871 4381 1208 4450 ἐπαγγελίαν
1237 4379 1401 4433 παντὶ
1415 4377 1494 4448 τῷ
1524 4378 1821 4449 σπέρματι,
1843 4377 1904 4431 οὐ

2026 4389 2114 4445 :st,
2169 4380 2267 4434 sed
2313 4380 2460 4451 quod
2499 4389 2586 4435 est
2631 4396 2699 4434 ex
2731 4378 2837 4434 ﬁde
2877 4379 3130 4442 Abrahaa,
3158 4382 3254 4451 qui
3292 4391 3380 4437 est
3428 4390 3586 4452 pater

334 4467 413 4538 τῷ
431 4468 495 4522 ἐκ
514 4467 677 4540 νόμου
710 4470 888 4539 μόνον,
910 4469 1049 4524 ἀλλὰ
1065 4470 1159 4522 καὶ
1188 4467 1267 4539 τῷ
1296 4469 1361 4522 ἐκ
1381 4467 1612 4529 πίστεως
1631 4469 1683 4522 Ἀ
1695 4466 1900 4539 ϐραὰμ,

2026 4470 2256 4523 πιπιίιιπι
2282 4478 2556 4535 nostrum,
2579 4472 2725 4527 sicut
2749 4471 3017 4541 scriptum
3056 4481 3142 4527 est
3165 4491 3179 4528 :
3204 4472 3419 4527 Patrem
3447 4475 3587 4527 mul-

334 4558 392 4623 ὃς
415 4560 533 4613 ἐστι
572 4562 760 4632 πατὴρ
788 4560 1008 4614 πάντων
1040 4561 1220 4631 ἡμῶν,
1252 4558 1436 4622 καθὼς
1453 4544 1786 4630 γέγραπται,
1820 4557 1904 4610 ὃτι

2026 4566 2193 4612 tarum
2236 4560 2481 4630 gentium
2506 4558 2665 4631 posui
2699 4569 2789 4629 te;
2834 4573 3123 4632 propterea
3170 4562 3316 4633 quod
3344 4563 3585 4619 credidit

335 4647 555 4722 Πατέρα
608 4650 822 4704 πολλῶν
858 4649 1028 4704 ἐθνῶν
1065 4650 1287 4704 τέθεικά
1346 4665 1439 4707 σε·
1494 4649 1782 4702 κατέναντι
1841 4640 1903 4700 οῦ

2026 4649 2185 4703 Deum
2217 4651 2310 4719 qui
2338 4650 2581 4706 viviﬁcat
2615 4658 2864 4707 mortuos
2905 4661 2961 4707 et
3004 4661 3168 4707 vocat
3216 4669 3279 4708 ea
3321 4670 3442 4724 quae
3471 4670 3582 4709 non

333 4742 621 4797 ἐπίστευσε
656 4742 793 4796 Θεοῦ
835 4740 930 4795 τοῦ
971 4741 1362 4806 ζωοποιοῦντος
1388 4741 1514 4804 τοὺς
1552 4740 1780 4810 νεκροὺς
1810 4739 1906 4792 καὶ

2026 4751 2144 4796 sunt
2178 4751 2436 4812 tanquam
2475 4744 2625 4811 sint;
2664 4744 2757 4815 qui
2787 4753 2980 4800 contra
3025 4760 3203 4815 spem,
3240 4745 3296 4800 in
3331 4761 3427 4815 spe
3465 4762 3585 4803 ere-

333 4832 627 4898 λαλοῦντος
657 4832 726 4887 τὰ
762 4834 837 4905 μὴ
867 4834 997 4888 ὄντα
1024 4833 1099 4897 ὡς
1129 4833 1259 4886 ὅντα
1281 4848 1296 4863 ο
1324 4832 1384 4894 ὃς
1415 4834 1546 4902 παρ’
1571 4831 1763 4885 ἐλπίδα
1815 4830 1904 4884 ἐπ’

2026 4830 2172 4896 lidit,
2203 4839 2265 4885 ut
2290 4831 2445 4887 ﬁeret
2473 4840 2630 4901 pater
2654 4834 2951 4888 multarum
2975 4833 3243 4903 gentium,
3276 4834 3581 4888 secundum

329 4924 507 4978 ἐλπίδι
551 4925 896 4989 ἐπίστευσεν,
934 4926 1016 4989 εἰς
1063 4923 1125 4977 τὸ
1166 4922 1421 4991 γενέσθαι
1471 4922 1635 4977 αὐτὸν
1684 4921 1901 4993 πατέρα

2026 4924 2156 4993 μιοὰ
2189 4924 2396 4979 dictum
2431 4933 2551 4980 est:
2599 4925 2690 4980 Sic
2714 4927 2825 4981 erit
2849 4934 2906 4982 et
2940 4926 3135 4981 semini
3169 4935 3305 4987 tuo:
3336 4926 3430 4997 qui
3469 4944 3581 4981 non

328 5015 545 5067 πολλῶν
591 5014 786 5076 ἐθνῶν,
819 5014 1041 5068 κατὰτὸ
1075 5012 1389 5083 εἰρημένον,
1417 5009 1605 5075 Οὕτως
1634 5011 1789 5066 ἔσται
1822 5011 1900 5083 τῷ

2026 5013 2314 5092 nﬁrmatus
2360 5015 2416 5069 in
2467 5014 2592 5080 ﬁde,
2624 5032 2735 5071 non
2769 5016 3142 5072 consideravit
3174 5030 3377 5086 corpus
3417 5031 3575 5071 suum

329 5104 610 5175 σπέρματί
650 5121 776 5158 σου·
822 5106 919 5158 καὶ
960 5104 1034 5175 μὴ
1092 5103 1400 5173 ἀσθενήσας
1448 5104 1515 5171 τῇ
1575 5101 1775 5164 πίστει,
1835 5102 1897 5154 οὐ

2026 5120 2104 5158 am
2149 5115 2484 5169 emortuum,
2509 5114 2733 5161 centum
2760 5108 2871 5179 jam
2910 5123 3086 5162 annos
3106 5116 3288 5173 natus,
3309 5116 3366 5162 et
3395 5124 3573 5163 emor-

327 5197 626 5267 κατενόησε
671 5197 734 5249 τὸ
783 5195 950 5250 αὑτοῦ
983 5195 1144 5265 σῶμα
1172 5194 1276 5265 ήδη
1304 5193 1736 5264 νενεκρωμένον,
1767 5194 1899 5246 ἐκα-

2026 5200 2145 5239 uam
2169 5186 2379 5239 vulvam
2405 5184 2659 5252 Samiae;
2685 5186 2741 5240 in
2796 5186 3217 5254 promissionem
3252 5193 3430 5237 autem
3473 5181 3570 5235 Dei

324 5287 623 5356 τονταέτης
673 5303 777 5339 που
831 5286 1135 5356 τυγχάνων,
1184 5286 1280 5338 καὶ
1329 5283 1429 5355 τὴν
1471 5284 1739 5354 νέκρωσιν
1793 5284 1896 5352 τῆς

2026 5290 2109 5330 non
2140 5277 2411 5333 hzesitavit
2459 5279 2782 5342 ditﬁdentla,
2814 5278 2907 5332 sed
2939 5275 3286 5332 confortatus
3328 5284 3411 5329 est
3464 5277 3573 5328 ﬁde

329 5374 546 5446 μήτρας
577 5375 823 5449 Σάρρας·
853 5378 934 5439 είς
966 5374 1023 5428 δὲ
1053 5374 1152 5446 τὴν
1179 5372 1518 5443 ἐπαγγελίαν
1545 5372 1639 5426 τοῦ
1669 5371 1802 5425 Θεοῦ
1830 5374 1891 5427 οὐ

2026 5368 2136 5423 laus
2152 5368 2378 5440 gloriam
2404 5369 2859 5440 Deo,pleuissime
2885 5370 3066 5433 sciens
3082 5369 3206 5438 quia
3232 5380 3571 5436 quaeruntque

395 5601 441 5633 ³⁸
472 5599 676 5656 Jerem.
708 5614 782 5665 ix,
818 5594 910 5653 26.
987 5597 1031 5631 ³⁸
1067 5558 1268 5653 Jerem.
1308 5611 1381 5661 Iv,
1427 5595 1481 5650 4.
1558 5595 1600 5629 ⁸⁷
1629 5595 1786 5650 Rom.
1818 5611 1897 5661 ιη,
1934 5593 2126 5650 20-22.
2236 5597 2280 5630 ³⁸
2302 5596 2443 5653 Ibid.
2467 5596 2556 5652 28.
2669 5598 2714 5630 ³⁹
2737 5596 3089 5656 lbid.29-3-I.
3167 5600 3213 5635 “
3237 5601 3394 5657 Rom.
3421 5600 3568 5663 tv.3.

327 5670 369 5705 "
404 5670 549 5727 Psal.
584 5686 727 5735 τιτι,
760 5670 813 5734 1,
842 5669 899 5723 2.
