3988 6142
251 293 372 356 Ῐέῗῖῖ
769 304 785 320 ’
879 300 891 327 ‘

1268 287 1729 353 DISPUTATIO
1768 284 2167 349 ADVERSUS
2203 283 2533 346 JUD.EOS.

3387 274 3526 340 1258

245 406 331 460 τὸν
351 403 430 457 Οὐ
460 401 588 456 λαόν
618 419 741 472 μου,
762 403 904 457 Λαόν
928 421 1028 475 μου
1047 419 1059 432 ·
1082 403 1176 458 καὶ
1205 404 1302 475 τὴν
1324 405 1439 458 Ούκ
1455 402 1840 474 ἠγαπημένην,

1973 399 2108 453 »ιιιυε
2123 410 2277 452 meus
2326 408 2442 462 vos,
2465 396 2569 467 ipsi
2586 395 2932 452 vocabuntur
2952 392 3049 448 ﬁlii
3075 393 3171 448 Dei
3189 393 3424 447 viventis
3439 393 3486 427 δ’
3509 412 3524 459 ;

251 496 463 564 Ἢγαπη
473 493 642 564 μένην
666 510 680 524 ο
699 498 793 549 καὶ
812 495 965 549 ἔσται
1007 497 1066 549 ἐν
1095 495 1171 567 τῷ
1189 488 1337 566 τόπῳ
1350 487 1410 548 οῦ
1430 494 1636 567 ὲρρέθη
1656 494 1839 554 αὐτοῖς

254 587 324 639 Οὐ
353 585 480 648 λαός
503 598 604 654 μου
651 578 828 659 ὑμεῖς,
856 587 1008 642 αύτοὶ
1039 585 1401 658 κληθήσονται
1422 585 1527 638 plot
1545 582 1680 637 Θεοῦ
1703 582 1841 646 ζῶν-

255 694 368 740 τος·
402 677 533 731 διότι
563 678 632 731 τὰ
659 678 788 749 ἔθνη
842 679 911 731 τὰ
970 679 1044 750 μὴ
1077 677 1419 748 γινώσκοντα
1452 675 1839 744 δικαιοσύνην,

254 765 552 820 κατέλαϐον
571 765 921 839 δικαιοσύνην
944 785 956 799 ·
986 787 1005 820 ι
1032 766 1384 837 δικαιοσύνην
1409 766 1465 819 δὲ
1483 765 1632 832 λέγει
1652 766 1748 835 τὴν
1777 766 1842 817 ὲκ

256 858 506 920 πίστεως.
548 857 766 928 Ἰσραὴλ
805 858 861 911 δὲ
905 859 1122 912 διώκων
1155 859 1320 929 νόμον
1375 858 1513 921 ίδίας
1560 855 1839 910 δικαιοσύ-

254 969 367 1022 νης,
409 950 759 1021 δικαιοσύνην
805 952 905 1006 ούκ
926 951 1202 1021 ἔφθασεν.
1237 950 1335 1005 Διά
1361 951 1444 1018 τί;
1475 951 1620 1003 Διότι
1649 949 1749 1003 οὐκ
1777 952 1842 1002 ὲκ

256 1044 510 1107 πίστεως,
538 1042 652 1096 ἀλλ’
684 1042 745 1108 ἐξ
774 1042 952 1114 ἔργων
993 1043 1159 1114 νόμου
1184 1058 1199 1073 ·
1233 1042 1492 1114 ἐνόμισαν
1528 1043 1639 1114 γὰρ
1681 1043 1845 1113 ἐπαρ-

254 1136 368 1186 κεῖν
411 1117 596 1194 αὐτοῖς
634 1131 737 1202 τὴν
783 1131 929 1186 κατὰ
969 1132 1134 1201 νόμον
1174 1133 1456 1187 πολιτείαν
1514 1135 1594 1196 είς
1648 1132 1842 1201 κτῆσιν

162 1294 173 1305 ⁸
253 1224 617 1295 δικαιοσύνης,
648 1224 744 1277 καὶ
774 1225 1011 1288 πίστεως
1035 1226 1483 1295 κατεφρόνησαν·
1504 1217 1565 1279 οῦ
1598 1225 1662 1294 δὴ
1684 1225 1843 1295 χάριν

252 1315 345 1367 καὶ
382 1314 490 1367 τῶν
519 1314 618 1383 τῆς
655 1314 893 1378 πίστεως
920 1313 981 1367 ού
1018 1316 1280 1387 μετέσχον
1326 1313 1576 1386 δωρεῶν⁸
1620 1334 1639 1365 ι
1661 1318 1840 1386 Προσ-

257 1404 457 1474 έκοψαν
483 1403 591 1476 γὰρ
620 1404 699 1475 τῷ
747 1404 879 1476 λίθῳ
919 1404 1011 1459 τοῦ
1040 1405 1490 1477 προσκόμματος,
1531 1406 1715 1467 καθὼς
1753 1406 1845 1475 γέ-

255 1512 531 1566 γραπται·
569 1496 703 1551 Ἰδοὺ
736 1498 929 1568 τίθημι
973 1500 1032 1553 ἐν
1065 1499 1204 1567 Σιῲν
1233 1499 1378 1553 λίθον
1420 1499 1846 1571 προσκόμματος

256 1590 349 1641 καὶ⁸
378 1588 588 1658 πέτραν
618 1588 942 1656 σκανδάλου,
984 1590 1080 1645 καὶ
1106 1592 1216 1654 πᾶς
1262 1593 1290 1645 ὁ
1323 1590 1598 1645 πιστεύων
1630 1593 1717 1645 ἐπ’
1741 1592 1845 1643 αύ-

1940 490 2069 561 quia
2104 500 2295 561 gentes
2317 505 2425 543 non
2450 497 2848 559 cognoscentes
2876 484 3168 557 justitiam,
3205 485 3530 556 apprehen-

1941 580 2145 635 derunt
2169 579 2441 649 justitiam
2463 580 2509 609 ⁵ο
2535 595 2550 644 ;
2589 597 2606 629 ι
2643 577 2914 649 justitiam
2939 585 3123 631 autem
3151 574 3287 629 dicit
3312 590 3434 645 qua:
3462 591 3531 629 ex

1944 672 2052 727 ﬁde
2088 681 2192 727 est.
2241 670 2410 725 lsracl
2459 685 2614 735 vero,
2649 667 2912 725 sectando
2945 666 3121 737 legem
3155 667 3393 735 propria:
3439 667 3532 738 ju-

1944 765 2129 827 stitize.
2164 764 2230 819 ad
2257 763 2532 835 justitiam
2576 778 2686 816 non
2716 748 2988 831 pervenit.
3018 757 3242 826 Quare?
3264 756 3394 827 quia
3423 773 3534 811 non

1942 875 2009 913 ex
2042 857 2169 922 ﬁde,
2207 858 2301 911 sed
2361 872 2429 910 ex
2470 853 2759 924 operibus
2834 851 2991 922 legis.
3068 849 3538 904 Existimavcrunt

1943 951 2091 1006 enim
2156 948 2409 1004 sulﬁcere
2470 948 2595 1011 sibi,
2647 961 2770 1017 quae
2817 944 3122 1000 secundum
3173 943 3348 1014 legem
3395 951 3536 1004 erat,

1943 1044 2071 1098 vita:
2110 1039 2574 1097 consuetudinem
2608 1038 2678 1093 ad
2707 1035 3131 1107 comparandam
3163 1035 3453 1105 justitiam,
3483 1043 3540 1089 et

1946 1134 2109 1190 ﬁdem
2134 1140 2614 1201 contempserunt.
2663 1129 3036 1197 Quamobrem
3089 1128 3215 1183 ﬁdei
3265 1128 3540 1182 donorum

1945 1243 2058 1281 non
2084 1214 2311 1281 fuerunt
2346 1224 2681 1294 participes;
2715 1243 2733 1273 ι
2764 1221 3137 1277 .Oﬂenderunt
3176 1222 3326 1275 enim
3372 1221 3424 1274 in
3462 1221 3542 1275 la-

1946 1319 2129 1388 pidem
2167 1317 2513 1380 oﬁ'eusionis,
2559 1323 2619 1369 ut
2662 1315 2929 1385 scriptum
2960 1323 3083 1369 est:
3126 1315 3267 1369 Ecce
3306 1329 3452 1383 pono
3484 1314 3541 1367 in

1947 1410 2081 1465 Sion
2125 1409 2364 1479 lapidem
2420 1407 2749 1462 oﬂ‘ensionis
2805 1415 2865 1461 et
2914 1415 3126 1476 petram
3173 1405 3442 1471 scandali,
3487 1416 3543 1459 et

1946 1503 2128 1558 omnis
2149 1502 2244 1573 qui
2279 1501 2458 1557 credit
2487 1501 2556 1554 in
2592 1515 2719 1555 eum
2756 1514 2865 1554 non
2903 1498 3361 1552 confundetur“.
3399 1519 3415 1548 ι
3449 1496 3545 1552 01⁸-

1947 1594 2174 1650 l‘endere
2213 1595 2392 1649 solent
2438 1592 2824 1662 quialiorsum
2860 1605 3085 1646 sensum
3129 1590 3540 1660 Scripturarutn

254 1682 347 1735 τὸν
385 1683 448 1735 ού
506 1683 1063 1754 καταισχυνθήσεται.
1130 1703 1149 1735 ι
1193 1685 1560 1756 Προσπταίειν
1586 1683 1845 1738 εἰώθασιν

1973 1684 2398 1755 ιτορίιοιίεατιιηι
2437 1683 2741 1753 accipiunt,
2787 1690 2844 1737 et
2894 1683 2947 1737 in
3008 1682 3093 1737 via
3151 1680 3408 1753 progredi
3440 1698 3543 1739 no-

254 1774 302 1826 οί
335 1773 575 1844 ἑτέρωσε
615 1776 713 1845 τὴν
757 1775 999 1829 διάνοιαν
1038 1775 1149 1829 τῶν
1186 1776 1423 1848 Γραφῶν
1468 1777 1576 1831 τῶν
1628 1793 1847 1850 προφη-

1978 1748 2099 1843 unt.
2130 1778 2269 1833 Illud
2294 1777 2505 1846 experti
2532 1748 2664 1832 sunt
2688 1775 2899 1840 Juda‘i;
2935 1791 3060 1830 nam
3087 1748 3382 1844 superiluis
3410 1774 3548 1842 legis

254 1866 420 1919 τειῶν
470 1867 686 1936 ἔχοντες
722 1869 815 1925 καὶ
845 1870 945 1939 τὴν
977 1868 1097 1922 ὁδὸν
1147 1869 1479 1937 προκόπτειν
1507 1869 1606 1923 ούκ
1640 1869 1852 1922 ἐθέλον-

1973 1879 2237 1932 racantes,
2261 1868 2356 1937 qui
2388 1883 2419 1922 a
2444 1867 2734 1937 prophetis
2764 1865 3060 1936 praedictus
3081 1865 3281 1927 fuerat,
3307 1866 3545 1936 lapidem

256 1974 346 2021 τες
369 1974 383 1988 ο
424 1959 588 2013 τοῦτο
610 1960 942 2014 πεπόνθασιν
967 1963 1014 2014 οἱ
1060 1962 1308 2015 Ἰουδαῖοι
1334 1977 1347 1992 ·
1378 1962 1506 2033 περὶ
1536 1961 1646 2031 γὰρ
1675 1961 1739 2032 δὴ
1782 1963 1849 2015 τὰ

1973 1962 2145 2017 ridere
2172 1961 2511 2026 noluerunt;
2543 1975 2863 2030 quanquam
2893 1969 3083 2028 aperte
3127 1959 3412 2013 vaticinati
3436 1960 3552 2013 sint

256 2049 495 2119 περιττὰ
538 2050 633 2103 τοῦ
668 2051 834 2121 νόμου
867 2051 1107 2123 ἔχοντες,
1142 2051 1235 2104 τὸν
1263 2052 1373 2107 ὑπὸ
1399 2052 1511 2105 τῶν
1548 2053 1847 2123 προφητῶν

256 2141 786 2213 προσαγορευθέντα
835 2142 981 2196 λίθον
1038 2144 1166 2197 ἰδεῖν
1200 2143 1300 2197 οὐκ
1337 2141 1600 2213 ὲθέλησαν
1624 2158 1638 2173 ο
1675 2142 1855 2209 καίτοι

258 2234 443 2303 σαφῶς
507 2234 557 2286 οἱ
597 2235 873 2305 προφῆται
939 2235 1368 2307 προεθέσπισαν,
1424 2235 1499 2300 ὡς
1562 2237 1590 2289 ὁ
1647 2234 1857 2298 τούτοις

255 2326 560 2392 πιστεύων,
603 2328 879 2397 μεγίστων
912 2328 1165 2392 τεύξεται
1191 2328 1412 2396 ἀγαθῶν
1435 2343 1449 2356 ο
1484 2344 1504 2379 ι
1534 2327 1708 2396 Ζὲ,λον
1740 2326 1850 2397 γὰρ

255 2418 390 2493 Θεοῦ
449 2416 695 2488 ἔχουσιν,
726 2417 839 2470 ἀλλ’
876 2419 936 2472 ού
984 2419 1104 2474 κατ’
1148 2419 1448 2487 ἐπίγνωσιν
1474 2436 1489 2451 ⁸
1534 2418 1858 2493 ἀγνοοῦντες

254 2512 364 2583 γάρ
396 2511 508 2581 τὴν
538 2510 631 2564 τοῦ
666 2510 802 2564 Θεοῦ
831 2511 1202 2582 δικαιοσύνην,
1228 2511 1324 2564 καὶ
1352 2511 1449 2583 τὴν
1488 2509 1623 2563 ἰδίαν
1645 2510 1851 2565 δικαιο-

258 2603 428 2674 σύνην
488 2601 786 2672 ζητοῦντες
832 2604 1050 2674 στῆσαι,
1101 2606 1168 2674 τῇ
1219 2603 1535 2674 δικαιοσύνη
1586 2601 1680 2656 τοῦ
1726 2599 1862 2655 Θεοῦ

254 2697 354 2767 ούχ
401 2695 848 2750 ὑποτάσσονταιο
878 2716 897 2748 ι
944 2696 1101 2760 τέλος
1148 2696 1258 2767 γὰρ
1304 2696 1470 2768 νόμου
1516 2694 1755 2767 Χριστὸς
1783 2695 1864 2757 εἰς

1956 2052 2249 2124 prophetae
2291 2052 2441 2107 hunc
2478 2052 2572 2122 qui
2606 2052 2726 2107 istis
2770 2051 3045 2113 crederet,
3084 2052 3318 2105 maxima
3358 2066 3554 2105 conse-

1962 2148 2223 2199 cuturum
2261 2158 2384 2198 esse
2409 2143 2574 2199 bona.
2615 2162 2633 2194 ι
2665 2142 2857 2198 Zelitm
2878 2143 3026 2198 enim
3062 2143 3159 2198 Dei
3188 2143 3415 2209 habent,
3443 2159 3553 2197 non

1964 2243 2150 2291 autem
2205 2234 2513 2290 secundum
2578 2234 2887 2291 scientiam.
2921 2235 3246 2291 Nescientes
3275 2236 3423 2290 enim
3456 2236 3557 2291 Dei

1960 2325 2256 2395 justitiam,
2307 2335 2366 2381 et
2400 2341 2555 2381 suam
2605 2325 2877 2397 justitiam
2935 2332 3555 2396 quaerentes'statuere.

1962 2418 2192 2489 iustitiae
2242 2419 2338 2473 Dei
2392 2434 2502 2473 non
2553 2418 2948 2490 subjiciuntur.
3007 2419 3156 2475 Finis
3212 2420 3361 2474 enim
3421 2409 3562 2490 legis

1967 2510 2233 2566 Christus
2259 2511 2311 2564 in
2337 2511 2605 2581 justitiam
2650 2513 2800 2566 omni
2844 2500 3199 2576 credenti“;
3236 2531 3254 2563 ι
3288 2512 3375 2567 lcx
3411 2515 3559 2567 enim

1972 2616 2074 2656 nos
2103 2616 2319 2666 omnes,
2351 2601 2565 2656 scilicet
2593 2617 2813 2657 omnem
2841 2602 3142 2657 humanam
3175 2614 3428 2680 naturam
3449 2646 3462 2668 ,
3492 2603 3562 2657 :irl

1975 2694 2272 2750 Dominum
2297 2693 2579 2753 Christum
2610 2695 2899 2750 conduxit.

255 2788 619 2861 δικαιοσύνην
650 2790 813 2844 παντὶ
837 2789 916 2862 τῷ
948 2791 1294 2844 πιστεύοντιθ
1328 2791 1356 2858 ό
1394 2791 1503 2864 γὰρ
1535 2791 1699 2861 νόμος
1759 2791 1965 2852 πάντας
2003 2791 2175 2860 ἡμᾶς,
2206 2790 2373 2861 ἤγουν
2418 2793 2599 2844 πᾶσαν
2664 2791 2827 2861 φύσιν
2875 2791 3201 2864 ἀνθρώπων,
3265 2794 3402 2864 πρὸς
3464 2793 3561 2846 τὸν

258 2889 549 2956 Δεσπότην
581 2886 817 2958 Χριστὸν
841 2887 1200 2957 ὲποδήγησεν.

328 2981 438 3035 Τὸν
490 2977 588 3031 τοῦ
643 2979 808 3050 νόμου
876 2978 1056 3032 τοίνυν
1137 2980 1339 3050 πληροῖ
1406 2979 1609 3045 σκοπὸν
1682 2980 1712 3031 ὁ
1772 2995 1862 3031 πι-

2041 2978 2202 3048 Legis
2228 2976 2391 3034 ﬁnem
2427 2979 2619 3049 implet
2658 2979 2753 3051 qui
2788 2978 2969 3036 credit
3004 2979 3272 3036 Salvatori
3305 2980 3565 3042 Christo;

261 3072 476 3126 στεύων
535 3069 615 3141 τῷ
661 3069 877 3143 Σωτῆρι
921 3070 1183 3142 Χριστῷο
1231 3071 1370 3135 διότι
1410 3070 1658 3142 περιέχει
1703 3073 1760 3123 ὲν
1794 3073 1860 3141 τῇ

1973 3070 2094 3126 ideo
2124 3071 2409 3126 invenitur
2462 3071 2519 3126 in
2556 3071 2880 3142 Scriptura;
2912 3091 2931 3124 ι
2966 3073 3107 3128 Ecce
3136 3089 3282 3144 pono
3328 3073 3382 3129 in
3428 3075 3564 3131 Sion

259 3164 462 3237 Γραφῇ
485 3180 503 3195 ο
535 3182 552 3213 ι
594 3162 723 3217 Ἰδοὺ
746 3162 935 3234 τίθημι
953 3165 1007 3217 ὲν
1020 3162 1157 3217 Σιὼν
1172 3160 1320 3218 λίθον
1336 3166 1747 3235 ἀκρογωνιαῖον,
1773 3166 1862 3217 ὲκ-

260 3256 478 3320 λεκτὸν,
502 3254 740 3325 ἔντιμον,
774 3256 868 3310 καὶ
886 3257 912 3309 ὁ
933 3255 1202 3310 πιστεύων
1220 3258 1296 3320 εἰς
1315 3257 1477 3310 αὐτὸν
1499 3257 1560 3310 ού
1583 3256 1658 3327 μὴ
1672 3273 1865 3311 καται-

264 3349 505 3421 σχυνῦῇ.
526 3367 542 3398 ι
564 3347 723 3416 Ἡμῖν
743 3347 834 3401 οὖν
849 3350 882 3418 η
899 3351 1032 3419 τιμὴ
1052 3350 1163 3412 τοῖς
1184 3350 1553 3412 πιστεύουσιν,
1581 3347 1865 3401 ἀπειθοῦσι

260 3438 321 3492 δὲ
361 3439 522 3492 λίθον
577 3438 636 3492 ὃν
675 3437 1091 3508 ἀπεδοκίμασαν
1134 3440 1184 3493 οἱ
1234 3438 1669 3510 οἰκοδομοῦντες,
1712 3432 1867 3502 οὗτος

263 3529 519 3600 ἐγενήθη
554 3516 636 3593 είς
674 3529 915 3601 κεφαλὴν
949 3529 1154 3598 γωνίας
1195 3531 1291 3584 καὶ
1319 3531 1465 3585 λίθον
1506 3526 1868 3603 προσκόμμα-

261 3638 362 3684 τος
395 3619 499 3673 καὶ
530 3619 737 3691 πέτραν
766 3620 1090 3684 σκανδάλου,
1116 3622 1167 3675 οἳ
1202 3622 1578 3693 προκόπτουσι
1610 3621 1687 3692 τῷ
1714 3622 1872 3691 Λόγῳ

265 3709 641 3775 ἀπειθοῦντες
667 3714 746 3775 εἰς
790 3711 851 3766 δν
891 3713 987 3766 καὶ
1036 3712 1304 3783 ἐτέθησαν
1325 3730 1340 3746 ο
1370 3732 1389 3766 ι
1425 3715 1587 3785 ἡμεῖς
1627 3713 1683 3766 δὲ
1707 3715 1756 3766 οί
1787 3731 1875 3766 πι-

268 3804 574 3868 στεύοντες
606 3805 700 3857 καὶ
726 3803 1141 3875 βαπτισθέντες,
1176 3824 1195 3857 ι
1220 3806 1383 3869 Γένος
1415 3805 1691 3869 ἐκλεκτὸν,
1723 3804 1881 3875 βασί-

266 3902 422 3956 λειον
462 3899 790 3971 ἱεράτευμα,
820 3898 972 3963 ἔθνος
1006 3900 1185 3970 ἅγιον,
1216 3900 1345 3966 λαὸς
1375 3904 1454 3966 είς
1483 3901 1840 3972 περιποίησιν
1863 3915 1877 3929 ο

266 3995 426 4058 ὅπως
459 3984 563 4054 τὰς
586 3992 787 4063 ἀρετὰς
818 3992 1230 4063 ὲξαγγείὶωμεν
1260 3992 1357 4046 τοῦ
1383 3995 1447 4047 ἐκ
1477 3993 1705 4056 σκότους
1731 3994 1765 4069 η
1777 3995 1884 4062 μᾶς

275 4085 616 4148 καλέσαντος
647 4085 726 4148 είς
743 4084 804 4137 τὸ
827 4083 1140 4153 θαυμαστὸν
1189 4085 1357 4140 αὐτοῦ
1415 4086 1531 4156 φῶς
1550 4102 1567 4119 ο
1592 4086 1642 4139 oi
1665 4086 1796 4139 ποτὲ
1824 4086 1883 4138 ού

269 4176 426 4243 λαὸς,
458 4176 559 4229 νῦν
578 4177 635 4229 δὲ
656 4177 789 4239 λαὸς
817 4175 975 4242 Θεοῦ,
1007 4178 1057 4229 oi.
1089 4177 1188 4231 οὐκ
1213 4178 1530 4249 ἠλεημένοι,
1560 4177 1655 4231 νῦν
1680 4176 1736 4232 δὲ
1774 4177 1891 4229 ἐλεο

268 4269 513 4341 ηθέντες
530 4285 542 4298 ·
557 4286 576 4321 ι
598 4296 665 4307 -
690 4286 710 4319 ι
736 4266 843 4329 Οὓς
857 4268 953 4321 καὶ
966 4267 1227 4322 ἐκάλεσεν
1244 4270 1390 4339 ἡμᾶς
1404 4269 1464 4321 ού
1494 4268 1655 4338 μόνον
1680 4267 1737 4332 ἐξ
1756 4267 1891 4321 ἰου-

267 4362 468 4425 δαίων,
494 4360 758 4417 ἀλλὰκαὶ
778 4360 838 4424 ἐξ
871 4359 1062 4413 ὲθνῶν⁶
1085 4360 1161 4424 ὡς
1186 4362 1282 4415 καὶ
1311 4362 1372 4414 ὲν
1402 4350 1677 4430 τῷ”Ωσηὲ
1714 4359 1887 4427 λέγει,

276 4475 293 4506 ι
331 4454 581 4508 Καλέσω
604 4453 695 4507 τὸν
712 4454 784 4506 Οὐ
808 4452 934 4506 λαόν
955 4470 1077 4523 μου,
1094 4454 1237 4506 Λαόν
1254 4470 1376 4524 μουο
1399 4454 1606 4523 καὶτὴν
1629 4452 1744 4507 Ούκ
1761 4454 1890 4521 ἠγα-

271 4564 349 4616 πη
360 4548 567 4617 μένην,
605 4546 821 4615 ἰιγαπη
831 4545 1001 4616 μένην
1022 4563 1035 4576 θ
1055 4546 1151 4599 καὶ
1174 4546 1328 4601 ἔσται
1349 4548 1408 4599 ὲν
1431 4546 1509 4617 τῷ
1534 4546 1685 4616 τόπῳ
1706 4540 1768 4599 οὗ
1794 4547 1888 4616 ἑρ-

274 4642 414 4712 ρέθη
434 4640 655 4703 αὺτοῖς,
682 4639 758 4691 Ού
782 4637 908 4701 λαός
928 4656 1032 4708 μου
1051 4641 1231 4709 ὑμεῖς,
1252 4643 1369 4693 ἐκεῖ
1400 4640 1762 4709 κληθήσονται
1781 4640 1887 4694 υἱοὶ

274 4732 421 4786 Θεοῦ
469 4730 702 4797 ζῶντος.
735 4750 859 4784 ι-ι
874 4734 1027 4787 Ὅσοι
1048 4733 1157 4802 γὰρ
1180 4732 1459 4802 Ηνεύματι
1480 4731 1617 4785 Θεοῦ
1639 4732 1885 4798 ἄγονται,

274 4816 432 4876 οὗτοί
467 4825 610 4875 εἰσιν
625 4822 733 4881 υἱοὶ
757 4821 1049 4887 Θεοῦ.»-ι
1063 4822 1223 4885 Τέλος
1236 4822 1349 4893 γὰρ
1371 4822 1537 4891 νόμου
1557 4821 1792 4891 Χριστὸς
1811 4823 1892 4883 είς

275 4911 644 4979 δικαιοσύνην
664 4913 829 4966 παντὶ
858 4912 936 4982 τῷ
960 4912 1295 4967 πιστεύοντι.
1312 4932 1330 4964 ι
1351 4913 1592 4980 Μωῦσῆς
1616 4911 1725 4981 γὰρ
1751 4912 1891 4979 γρά-

275 5020 372 5072 φει
404 5005 514 5072 τὴν
570 5001 920 5073 δικαιοσύνην
941 5004 1039 5075 τὴν
1087 5005 1151 5055 ὲκ
1168 5002 1265 5056 τοῦ
1290 5003 1478 5073 νόμου,
1495 5005 1578 5055 ὃτι
1605 5004 1634 5055 ό
1660 5004 1893 5072 ποιήσας

278 5096 427 5148 αὐτὰ
456 5094 775 5165 ἄνθρωπος,
808 5094 1036 5165 ζήσεται
1067 5095 1127 5157 ὲν
1156 5095 1340 5156 αὐτοῖς
1362 5095 1445 5165 νὴ
1470 5092 1528 5146 δὲ
1553 5094 1621 5145 ὲκ
1652 5092 1887 5155 πίστεως

272 5186 614 5255 δικαιοσύνη
630 5186 803 5251 οὕτως
830 5188 998 5256 λέγει’
1030 5187 1161 5257 «Μὴ
1189 5189 1352 5258 εἴπῃς
1372 5187 1430 5239 ὲν
1454 5188 1521 5257 τῇ
1547 5185 1747 5259 καρδίᾳ
1769 5202 1884 5238 σουο

276 5279 382 5341 Τίς
419 5276 769 5347 ἀναϐήσεται
810 5281 890 5343 εἰς
928 5278 1021 5332 τὸν
1046 5278 1278 5349 οὐρανόν
1312 5296 1328 5345 ;
1358 5277 1609 5331 τουτέστι
1652 5278 1886 5348 Χριστὸν

275 5372 643 5437 καταγαγεῖν
671 5387 682 5396 ·
731 5370 788 5440 ἢ,
818 5372 915 5435 Τίς
960 5372 1335 5441 καταδήσεται
1366 5372 1445 5432 εἰς
1479 5369 1578 5439 τὴν
1614 5369 1883 5433 ἄδυσσον;

278 5463 558 5517 τουτέστι
604 5463 839 5532 Χριστὸν
879 5465 942 5517 ἐκ
999 5462 1215 5535 νεκρῶν
1264 5464 1588 5528 ἀναγαγεῖν.
1641 5452 1802 5513 Ἃνλλὰ
1836 5460 1888 5512 τί

279 5554 481 5623 λέγεις
523 5550 724 5620 Ἐγγύς
781 5568 873 5604 σου
900 5553 960 5605 τὸ
982 5553 1137 5623 ῥῆμά
1164 5553 1311 5604 ἐστιν
1340 5553 1396 5604 ἐν
1412 5549 1489 5621 τῷ
1520 5549 1750 5621 στόματί
1774 5566 1892 5612 σου,

1965 3160 2204 3231 lapidem
2241 3162 2585 3231 angularem,
2636 3162 2903 3229 electum,
2962 3163 3318 3229 honoratum,
3363 3175 3420 3221 et
3471 3167 3565 3237 qui

1965 3253 2146 3308 credit
2176 3253 2233 3307 in
2265 3268 2393 3308 eum
2422 3269 2536 3307 non
2600 3253 3003 3309 confundetur.
3058 3255 3233 3310 Nobis
3264 3257 3433 3327 igitur
3465 3259 3569 3313 hu-

1969 3361 2073 3401 nor
2108 3345 2507 3411 crcdentihus;
2540 3360 2651 3399 non
2684 3343 3044 3400 credentibus
3090 3353 3276 3400 autem
3327 3346 3569 3417 lapidem

1971 3453 2137 3507 quem
2166 3437 2607 3508 reprobaverunt
2632 3434 2995 3501 aediﬁcantes,
3020 3437 3110 3492 hic
3128 3437 3306 3493 factus
3328 3439 3381 3492 in
3404 3451 3572 3509 caput

1974 3530 2183 3600 anguli,
2214 3538 2270 3583 et
2299 3530 2439 3599 lapis
2478 3528 2805 3584 oﬁ‘ensionis
2859 3538 2915 3584 et
2968 3540 3125 3599 petra
3178 3531 3447 3597 scandali,
3484 3532 3572 3589 his

1977 3625 2072 3694 qui
2105 3624 2396 3679 attendunt
2425 3625 2606 3680 Verbo
2632 3640 2741 3680 non
2768 3625 3063 3681 credentes
3094 3625 3142 3680 ei
3189 3626 3244 3681 in
3268 3643 3379 3697 quo
3405 3628 3572 3697 positi

1979 3714 2191 3773 sunt".
2235 3733 2252 3763 ι
2291 3715 2400 3769 Nos
2431 3722 2616 3769 autem
2639 3715 2931 3770 credentes
2960 3716 3320 3787 etbaptizati,
3350 3735 3574 3789 «genus

1981 3805 2240 3869 electum,
2277 3806 2459 3875 regale
2493 3805 2887 3872 sacerdotium,
2922 3823 3057 3878 gens
3084 3817 3308 3875 sancta;
3336 3810 3576 3880 populus

1984 3896 2040 3950 in
2096 3897 2559 3966 acquisitionem;
2596 3907 2658 3953 ut
2689 3898 2927 3954 virtutes
2981 3901 3378 3956 annuntiemus
3431 3903 3573 3973 ejus,

1986 3988 2082 4057 qui
2122 3987 2190 4042 de
2240 3990 2490 4044 tenebris
2533 4005 2634 4044 nos
2677 3989 2893 4045 vocavit
2922 3990 2976 4045 in
3007 3991 3338 4048 admirabile
3387 3992 3578 4050 lumen

1990 4080 2188 4144 suum;
2234 4080 2330 4149 qui
2370 4080 2666 4149 aliquando
2716 4096 2824 4134 non
2882 4083 3140 4152 populus,
3193 4098 3343 4137 nunc
3389 4094 3578 4140 autem

1991 4170 2229 4240 populus
2281 4171 2418 4234 Dei;
2475 4172 2569 4241 qui
2616 4188 2729 4227 non
2783 4173 3220 4229 misericordiam
3268 4178 3578 4240 consecuti,

1993 4278 2144 4318 nunc
2209 4272 2393 4317 autem
2477 4264 2912 4320 misericordiam
2983 4267 3266 4323 consecuti
3291 4268 3375 4333 ἐς
3430 4287 3450 4320 ι
3509 4297 3581 4308 --

2003 4372 2021 4405 ι
2058 4353 2207 4420 Quos
2240 4340 2456 4409 vocavit
2502 4372 2606 4409 nos
2653 4373 2761 4411 non
2807 4359 2985 4412 solum
3021 4374 3089 4412 ex
3126 4354 3351 4423 Judteis,
3385 4357 3480 4413 scd
3511 4373 3581 4431 cs

1996 4444 2289 4513 gentibus;
2332 4454 2390 4499 ut
2416 4456 2472 4501 et
2497 4447 2552 4501 in
2581 4447 2720 4502 Osee
2750 4448 2920 4503 dicit:
2960 4467 2978 4500 ι
3015 4450 3237 4505 Vocabo
3266 4466 3375 4503 non
3399 4466 3578 4521 popu-

1995 4536 2110 4590 lum
2143 4551 2345 4596 mcum,
2373 4539 2638 4607 populum
2665 4554 2883 4606 meum;
2942 4556 3051 4596 non
3098 4541 3388 4606 dilectam,
3437 4542 3580 4597 dile-

1998 4636 2182 4691 ctam;
2216 4636 2275 4682 et
2302 4628 2413 4683 erit
2436 4630 2491 4683 in
2520 4629 2644 4684 loco
2676 4631 2769 4686 tibi
2802 4632 3060 4688 inventus
3082 4641 3165 4687 est
3188 4632 3323 4704 ipsis
3346 4635 3583 4705 populus

1998 4731 2152 4773 meus
2184 4720 2416 4784 vus,—lbi
2451 4721 2803 4777 vocabuntur
2838 4722 2934 4777 ﬁlii
2971 4718 3067 4778 Dei
3104 4722 3341 4781 viventis
3364 4725 3430 4779 ".
3465 4744 3483 4776 ι
3513 4754 3586 4766 --

1998 4830 2017 4862 ι
2050 4810 2155 4878 Qui
2179 4811 2330 4867 enim
2355 4812 2557 4882 Spiritu
2584 4814 2681 4869 Dei
2707 4823 2968 4886 aguntur,
2988 4813 3044 4871 hi
3069 4825 3199 4873 sunt
3231 4817 3327 4873 ﬁlii
3352 4817 3528 4873 Dei”.
3561 4839 3580 4869 ι

1991 4933 2059 4945 -ο
2095 4923 2116 4956 ι
2162 4904 2318 4961 Finis
2358 4907 2507 4961 enim
2541 4907 2680 4977 legis
2705 4907 2961 4966 Christus
3011 4910 3067 4964 in
3110 4911 3383 4981 justitiam
3433 4912 3588 4966 omni

1994 4997 2268 5053 credenti.
2307 5017 2325 5050 ι
2368 4997 2582 5071 Moyses
2630 5000 2778 5055 cnim
2828 5002 3030 5057 scribit
3081 5002 3151 5057 de
3208 5003 3425 5074 justitia
3462 5019 3587 5073 qua:

1994 5097 2079 5144 est
2109 5091 2339 5162 exlege,
2379 5093 2644 5161 quoniam
2679 5094 2770 5164 qui
2816 5094 3011 5151 fecerit
3041 5112 3105 5150 ea
3135 5096 3325 5160 homo,
3355 5096 3503 5150 vivet
3528 5096 3587 5150 in

1995 5181 2125 5236 illis.
2155 5183 2236 5237 De
2277 5184 2490 5255 justitia
2530 5195 2714 5241 autem
2764 5204 2886 5257 quae
2938 5199 3023 5243 est
3074 5205 3140 5243 ex
3171 5188 3277 5243 ﬁde
3311 5188 3383 5242 ita
3414 5186 3583 5240 dicit:

2001 5289 2020 5322 ι
2042 5271 2119 5327 Ne
2146 5273 2299 5328 dicas
2323 5274 2381 5328 in
2399 5275 2567 5330 corde
2601 5285 2715 5342 tuo,
2747 5277 2873 5346 quis
2900 5276 3161 5331 ascendet
3192 5276 3248 5330 in
3278 5276 3502 5342 uelum,
3529 5273 3587 5328 id

1996 5374 2082 5420 est
2127 5364 2407 5420 Christum
2459 5367 2782 5423 deducere?
2829 5378 2925 5422 aut
2978 5369 3105 5437 quis
3161 5367 3463 5422 descendet
3529 5367 3588 5421 iu

1998 5458 2279 5529 abyssum,
2301 5459 2355 5514 id
2379 5470 2467 5515 est
2486 5459 2771 5515 Christum
2793 5475 2821 5513 a
2848 5460 3083 5514 mortuis
3115 5459 3379 5514 reducere
3402 5457 3425 5511 ’ί
3476 5456 3585 5512 Sed

1931 5627 1956 5638 Ὦ
2001 5550 2133 5620 quid
2162 5551 2339 5607 dicit?
2398 5553 2576 5623 Prope
2605 5565 2688 5609 est
2714 5562 2869 5608 tuum
2903 5552 3136 5608 verbum
3171 5554 3225 5606 in
3252 5565 3351 5606 ore
3378 5559 3496 5616 tuo,
3526 5549 3587 5613 in,

382 5658 430 5729 ξ⁹
462 5658 607 5729 Οείε.
642 5672 700 5721 tt,
731 5659 842 5722 28;
879 5657 1032 5712 Rom.
1071 5675 1141 5719 ιι,
1180 5660 1269 5716 25.
1292 5660 1381 5716 96.
1456 5662 1504 5693 ⁸⁰
1532 5661 1663 5717 Ibid.
1696 5663 1785 5717 50.
1862 5663 1867 5694 ¹

1973 5682 2038 5716 ιν.
2071 5681 2262 5722 xxvm,
2306 5660 2407 5726 16;
2467 5662 2623 5716 llum.
2658 5677 2732 5723 tl.
2763 5662 2853 5728 52,
2885 5664 2975 5719 33.
3050 5663 3095 5697 ⁸³
3129 5658 3287 5717 Rom.
3339 5677 3394 5729 ι,
3421 5662 3476 5729 2,
3507 5661 3563 5718 4.

306 5730 355 5762 ⁸³
391 5727 407 5781 Ι
450 5728 607 5784 Pt-lr.
645 5747 705 5789 tt.
729 5731 846 5783 6-8.
925 5732 973 5762 “
997 5731 1125 5787 ibid.
1154 5732 1324 5792 9.10.
1400 5732 1446 5763 ⁵⁵
1480 5733 1635 5788 llO'u.
1669 5750 1741 5799 Ix,
1770 5733 1862 5798 24,

1985 5749 1999 5796 ;
2029 5732 2152 5787 Ose.
2190 5749 2249 5799 ll,
2283 5732 2373 5784 9.4.
2450 5732 2495 5763 ⁵⁵
2528 5732 2681 5786 Rom.
2716 5727 2845 5797 vui,
2871 5735 2952 5789 l4.

604 5828 871 5889 PATROL.
923 5827 1018 5887 Gn
1098 5828 1195 5886 LX
1213 5828 1449 5887 XXIX.

3175 5824 3253 5890 40
