3988 6142
495 271 637 341 1259

1685 278 1740 339 S.
1788 274 2189 336 ANASTASII
2230 274 2558 337 SINAITA!

3595 277 3715 345 1260

492 389 658 445 corde
686 396 819 445 tuo:
849 386 906 444 id
935 394 1039 453 est,
1070 386 1300 443 verbum
1343 384 1469 441 ﬁdei
1498 384 1643 457 quod
1691 387 2070 457 praedicamus.

2188 389 2235 440 ὲν
2271 388 2338 457 τῇ
2386 386 2586 458 καρδίᾳ⁵
2625 401 2743 451 σου,
2781 384 3033 439 τουτέστι
3060 385 3120 438 τὺ
3147 384 3296 455 ῥῆμα
3326 385 3420 454 τῆς
3451 385 3662 452 πίστεως
3690 390 3715 445 δ

490 482 629 546 Quia
686 478 734 535 si
792 478 1108 534 confitearis
1156 478 1211 532 in
1266 494 1361 533 ore
1400 487 1496 533 tuo
1550 479 1842 534 Dominum
1885 480 2073 534 Jcsum

489 573 773 627 Christum
824 577 882 625 et
933 570 988 624 in
1028 569 1197 624 corde
1251 578 1346 623 tuo
1390 569 1718 636 credideris,
1752 571 1898 641 quod
1930 573 2075 627 Deus

490 662 780 719 suscitavit
820 661 980 715 illum
1036 674 1103 713 ex
1151 661 1407 725 mortuis,
1471 661 1653 716 salvus
1707 663 1853 727 eris;
1907 662 2072 717 corde

488 754 637 809 enim
667 751 915 807 creditur
936 751 1004 806 ad
1027 751 1323 822 justitiam,
1361 768 1458 808 ore
1496 762 1678 808 autem
1711 754 1985 810 confessio
2013 755 2075 809 ﬁt
2106 742 2109 743 ⁷

489 843 543 895 in
577 842 834 897 salutem.
884 840 1029 895 Dicit
1066 840 1214 894 enim
1244 841 1526 911 Scriptura
1574 842 1722 909 :Qui
1780 845 1958 898 credit
2017 844 2073 900 in

492 934 671 999 illum,
700 948 811 986 non
839 931 1245 995 confundetur;
1292 932 1410 1002 ipse
1454 934 1600 988 enim
1644 935 1909 989 Dominus
1954 926 2075 990 om;

493 1026 646 1079 nium
696 1032 752 1079 et
806 1025 863 1078 in
921 1038 1114 1077 omnes
1163 1022 1321 1078 dives
1360 1025 1454 1094 qui
1506 1025 1767 1079 invocant
1818 1041 1967 1091 cum,
2016 1035 2074 1081 et

491 1116 670 1170 omnis
692 1114 791 1185 qui
815 1114 1156 1170 invocaverit
1198 1128 1401 1168 nomen
1444 1116 1684 1182 Domini,
1721 1117 1903 1171 salvus
1940 1117 2069 1172 erit.

493 1204 780 1271 Quomodo
810 1218 944 1274 ergo
982 1203 1319 1257 invocabunt
1370 1203 1426 1257 in
1467 1220 1632 1274 quem
1670 1221 1780 1259 non
1823 1206 2074 1261 credide-

499 1296 672 1350 runt?
708 1294 996 1363 Quomodo
1043 1303 1232 1349 autem
1261 1294 1508 1361 credent,
1541 1311 1847 1365 quem'non
1880 1297 2071 1352 audie-

496 1385 985 1453 runt‘lQuomodo
1031 1394 1214 1440 autem
1260 1386 1489 1442 audient
1534 1388 1653 1441 sine
1706 1388 2074 1456 praedicante?

468 1477 781 1546 _Quomodo
814 1487 1000 1534 autem
1027 1478 1410 1548 praedicabunt
1437 1478 1542 1533 nisi
1581 1479 1903 1535 mittantur?
1930 1481 2075 1536 sicut

492 1571 756 1642 scriptum
802 1578 888 1627 est
922 1587 939 1624 :
998 1570 1171 1636 Quam
1239 1570 1472 1639 speciosi
1504 1571 1671 1640 pedes
1697 1572 2075 1642 evangelizan-

494 1663 629 1727 tium
677 1662 856 1718 bona!
892 1693 964 1704 --
986 1671 1043 1717 et
1067 1661 1290 1732 quidem
1316 1662 1372 1716 in
1403 1677 1621 1717 omnem
1671 1669 1873 1717 terram
1903 1663 2074 1718 exivit

2178 480 2557 551 κηρύσσομενέ
2581 479 2663 532 ὅτι
2689 477 2785 530 ἐὰν
2811 477 3153 549 ὁμολογήσῃς
3186 479 3243 530 ἐν
3273 466 3351 542 τῷ
3387 476 3603 547 στόματί
3634 496 3714 534 σου

2176 570 2383 640 Κύριον
2428 569 2638 640 Ἰησοῦν
2684 570 2918 640 Χριστὸν
2962 570 3059 622 καὶ⁷
3088 567 3382 638 πιστεύσῃς
3412 570 3466 621 ἐν
3510 573 3571 640 τῇ
3608 587 3715 643 καρ-

2173 661 2264 731 δίᾳ.
2296 679 2390 714 σου
2419 662 2500 714 ὃτι
2531 663 2559 731 δ
2589 661 2718 725 Θεὸς
2756 661 2919 714 αὐτὸν
2961 661 3180 733 ἤγειρεν
3226 661 3286 713 ἐκ
3311 661 3535 730 νεκρῶν,
3566 663 3717 733 suilli;-

2176 768 2276 827 σῃ*
2328 752 2532 826 καρδίᾳ
2580 752 2689 825 γὰρ
2733 752 3049 807 πιστεύεται
3097 753 3180 816 είς
3230 751 3588 822 δικαιοσύνην,
3617 754 3718 807 στό-

2176 863 2309 915 ματι
2357 845 2415 898 δὲ
2457 845 2804 915 ὁμολογεῖται
2853 845 2935 907 είς
2995 843 3304 916 σωτηρίαν·
3350 843 3494 910 λέγει
3548 844 3644 915 γάρ
3687 846 3716 916 ἡ

2172 935 2388 1006 Γραφὴ,
2418 937 2500 989 ὅτι
2531 936 2591 989 '0
2612 935 2883 990 πιστεύων
2908 938 2988 1000 είς
3005 936 3168 990 αὐτὸν
3190 936 3290 989 οὐκ
3312 935 3714 1006 αἰσχυνθήσεται·

2172 1026 2201 1078 ὁ
2225 1025 2331 1094 γὰρ
2357 1023 2517 1086 αὐτὸς
2545 1023 2995 1095 Κύριος-πάντων
3027 1024 3124 1076 καὶ
3156 1026 3236 1087 είς
3266 1026 3471 1088 πάντας
3497 1023 3717 1088 πλούσιος

2171 1116 2300 1176 τοὺς
2350 1096 2821 1185 ἐπικαλουμένους
2863 1115 3061 1168 αὐτόν’
3106 1115 3204 1168 καὶ
3256 1114 3410 1167 ἔσται
3450 1115 3551 1178 πᾶς
3580 1114 3631 1178 ὃς
3662 1113 3715 1167 ἂν

2172 1204 2572 1276 ἐπικαλέσηται
2597 1207 2658 1260 τὸ
2679 1205 2852 1276 ὄνομα
2890 1208 3118 1278 Κυρίου,
3144 1207 3449 1277 σωθήσεται
3467 1224 3481 1238 ·
3514 1208 3618 1271 πῶς
3642 1207 3716 1261 οὖν

2177 1295 2595 1350 ἐπικαλέσονται
2647 1298 2728 1361 είς
2768 1297 2828 1350 δν
2878 1298 2978 1351 οὐκ
3025 1298 3388 1363 ἐπίστευσαν;
3425 1298 3533 1361 πῶς
3561 1298 3611 1351 δὲ
3642 1316 3718 1352 πι-

2177 1386 2513 1455 στεύσουσιν,
2535 1380 2594 1441 οὗ
2611 1388 2710 1442 οὐκ
2726 1390 2996 1460 ἦκουσαν;
3025 1389 3149 1453 Πῶς
3178 1389 3234 1442 δὲ
3271 1389 3556 1443 ἁκούσουσι
3578 1391 3718 1460 χωρὶς

2172 1480 2573 1549 κηρύσσοντος;
2605 1479 2721 1544 πῶς
2749 1480 2805 1533 δὲ
2853 1476 3346 1554 κηρύξουοινᾶνμμὴ
3371 1481 3716 1546 ἁποσταλῶσις

2174 1570 2356 1634 καθὼς
2419 1570 2756 1642 γέγραπται’
2798 1572 2883 1636 Ὡς
2908 1571 3094 1642 ὡραῖοι
3126 1576 3173 1624 οἱ
3198 1572 3359 1635 πόδες
3398 1570 3497 1623 τῶν
3525 1571 3722 1638 εὐαγγε-

2171 1661 2473 1732 λιζομένων
2510 1664 2578 1715 τὰ
2611 1661 2792 1731 ἀγαθά
2818 1665 2830 1717 !
2883 1662 3076 1733 μενοῦν
3105 1680 3166 1731 γε
3204 1664 3287 1726 είς
3313 1664 3494 1735 ,πᾶσαν
3524 1661 3611 1730 τὴν
3635 1664 3722 1729 γῆν

491 1769 663 1810 sonus
712 1770 906 1811 eorum
948 1762 1005 1809 et.
1051 1754 1106 1808 in
1151 1753 1291 1810 ﬁnes
1333 1754 1488 1809 orbis
1541 1762 1707 1808 terrae
1759 1755 1927 1811 verba
1976 1770 2072 1811 eo—

2188 1725 2404 1823 ὲξὴλθεν
2429 1755 2456 1806 ὁ
2486 1725 2719 1822 φθόγγος
2747 1725 2947 1817 αὐτῶν,
2979 1753 3072 1809 καὶ
3106 1725 3185 1817 εἰς
3212 1725 3287 1807 τὰ
3313 1728 3521 1825 πέρατα
3543 1725 3720 1821 tinei-

494 1861 616 1900 rum
633 1844 701 1899 ⁵⁷.
736 1865 754 1897 ι

564 1934 763 1993 Verum
781 1951 891 1990 non
914 1937 1172 2005 cognovit
1192 1934 1379 1991 lsrael;
1398 1937 1568 1992 lsaias
1588 1937 1755 1993 dicit:
1780 1956 1797 1989 ι
1822 1938 2075 1993 Domine.

493 2028 618 2097 quis
651 2027 889 2083 credidit
937 2027 1150 2087 auditui
1184 2036 1396 2088 nostro,
1441 2037 1494 2082 et
1546 2029 1832 2085 brachium
1860 2030 2077 2084 Domini

496 2120 586 2174 cui
619 2119 921 2174 revelatum
958 2119 1139 2174 est"?
1167 2139 1186 2171 ι
1220 2119 1434 2191 Moyses
1457 2129 1643 2175 autem
1680 2122 1891 2191 primus
1914 2122 2076 2177 dicit:

504 2232 520 2259 ι
553 2210 666 2280 Ego
689 2208 1001 2280 provocabo
1024 2224 1123 2263 vos
1163 2209 1220 2265 in
1254 2225 1367 2264 non
1407 2219 1617 2280 gentes,
1643 2211 1705 2265 in
1725 2220 1887 2282 gente
1913 2213 2079 2268 stulta

498 2301 730 2357 irritabo
758 2301 941 2357 vos".
978 2320 996 2352 ι
1032 2300 1238 2358 Gentes
1280 2302 1479 2356 stultas
1518 2318 1621 2357 nos
1663 2305 1918 2370 vocavit;
1955 2314 2081 2361 ante

480 2392 661 2469 'ﬁlem
693 2393 838 2448 enim
869 2392 1162 2447 stultitiam
1190 2392 1649 2459 ostendebamus;
1682 2408 1904 2449 eramus
1931 2396 2078 2450 enim

497 2474 817 2555 aliquando,
841 2485 896 2540 id
922 2495 1007 2541 est
1034 2493 1327 2555 antequam
1356 2483 1730 2549 crederemus,
1788 2486 1963 2549 stulti,
1994 2487 2081 2541 in-

498 2579 853 2645 obedientes,
889 2588 1159 2633 errantes.
1213 2578 1538 2649 Magnopere
1611 2578 1832 2635 Iudaeos
1893 2575 2083 2632 afﬂixit

499 2672 666 2736 licus,
706 2671 759 2726 id
809 2677 895 2726 est
941 2670 1094 2723 luctu
1138 2669 1411 2739 replevit;
1458 2684 1568 2724 non
1616 2669 1764 2724 enim
1810 2678 1919 2723 tam
1972 2669 2082 2723 illis

500 2764 732 2817 molesta
756 2772 842 2817 est
876 2760 1152 2831 dispersio
1174 2769 1230 2815 et
1261 2761 1447 2831 templi
1480 2763 1733 2825 vastatio,
1761 2776 1922 2831 quam
1946 2776 2080 2830 gen-

502 2852 641 2906 tium
673 2852 850 2920 pietas
869 2858 925 2904 et
947 2850 1229 2920 splendor.
1253 2850 1420 2904 lsaias
1452 2860 1636 2903 autem
1666 2849 1833 2903 audet
1860 2848 2077 2903 dicere:

511 2952 528 2994 ι
566 2944 826 2998 inventus
853 2958 973 2997 sum
1003 2942 1073 2997 ab
1114 2942 1184 2997 iis
1213 2942 1307 3011 qui
1344 2958 1431 2996 me
1457 2957 1568 2995 non
1615 2941 1951 3011 quaircbant,
1988 2955 2083 3011 pa-

496 3030 612 3086 lam
659 3028 891 3099 apparui
943 3030 1013 3083 iis
1059 3029 1153 3099 qui
1215 3045 1301 3085 me
1348 3045 1457 3084 non
1509 3030 2000 3099 interrogabant".
2057 3048 2075 3081 ι
2106 3059 2149 3120 C

504 3120 759 3177 Ostendit
793 3120 986 3175 eodem
1015 3120 1138 3175 loco
1168 3121 1423 3191 gentium.
1447 3121 1543 3175 Dei
1586 3121 1915 3191 cognitionis
1946 3136 2083 3190 pra:-

505 3214 826 3275 dictionem,
853 3220 910 3268 et
960 3212 1271 3269 Iudaeorum
1308 3212 1725 3277 crudelitatem;
1778 3227 1903 3265 nam
1946 3211 2082 3266 illud

507 3313 666 3361 audet
717 3303 989 3375 signiﬁcat
1044 3318 1171 3359 eum
1230 3319 1340 3358 non
1388 3304 1625 3359 veritum
1666 3302 1837 3358 fuisse
1866 3303 2084 3360 Iudaeos

508 3396 847 3453 trucidantes
874 3404 930 3451 et
973 3394 1241 3458 furentes,
1293 3394 1389 3449 sed
1440 3410 1565 3449 cum
1616 3395 1869 3459 libertate
1913 3395 2084 3448 multa

506 3488 753 3559 gentium
786 3486 1105 3558 prredixisse
1130 3486 1383 3552 salutem,
1400 3486 1718 3541 Iudaeorum
1742 3470 1921 3540 autem
1950 3501 2087 3555 prae-

506 3579 791 3633 nuntiasse
808 3577 1279 3641 incredulitatem;
1299 3577 1442 3647 quod
1463 3578 1743 3647 sequentia
1764 3576 2081 3632 ostendunt.

507 3671 588 3727 Ad
614 3669 779 3726 lsracl
813 3669 1061 3740 loquitur
1090 3668 1334 3739 Moyses:
1381 3687 1397 3719 ι
1430 3668 1565 3733 Tota
1599 3668 1687 3724 die
1717 3667 1937 3722 extendi
1966 3683 2083 3723 ma-

510 3778 617 3819 nus
631 3761 696 3816 ad
720 3760 980 3833 populum
1006 3759 1412 3815 inobedientem
1426 3768 1481 3814 et
1497 3759 1964 3814 contradicentem
1979 3760 2045 3812 ".
2059 3776 2078 3811 ι

506 3853 589 3909 ita
645 3854 790 3909 enim
832 3851 1113 3907 mirabiles
1169 3852 1450 3921 propheta:
1498 3851 1717 3907 Judams
1747 3860 2003 3922 arguunt,
2032 3861 2089 3907 et

510 3944 759 4016 gentium
816 3943 978 3998 ﬁdem
1036 3943 1388 4014 praedicunt;
1427 3944 1551 3999 dico
1582 3954 1764 3999 autem
1789 3946 2088 4000 Deminum

510 4044 762 4096 nostrum
793 4038 979 4093 Jesum
1001 4038 1281 4094 Christum
1314 4039 1630 4093 ministrum
1656 4039 1825 4094 fuisse
1850 4039 2090 4113 circum-

513 4127 743 4182 cisionis
791 4135 1017 4197 propter
1063 4125 1350 4181 veritatem
1384 4127 1504 4201 _Dei
1557 4127 1625 4181 ad
1689 4127 2092 4184 conﬁrmandos

512 4219 910 4291 promissiones
935 4221 1196 4289 Patrum;
1233 4229 1423 4292 gentes
1459 4230 1640 4276 autem
1680 4236 1845 4290 super
1875 4220 2092 4276 miscri-

514 4300 705 4369 c‘orJia
735 4310 1037 4367 laudabunt
1068 4312 1260 4367 Deum.
1287 4312 1519 4367 Abraha:
1537 4312 1686 4366 enim
1709 4312 1878 4366 totius
1901 4312 2089 4366 mundi

2183 1840 2452 1915 κουμένης
2481 1844 2550 1897 τὰ
2581 1846 2802 1916 ῥήματα
2824 1845 3028 1907 αὐτῶν.
3053 1863 3072 1895 ι

2263 1931 2425 1985 Ἀλλὰ
2468 1932 2581 2004 μὴν
2638 1933 2737 1986 οὐκ
2786 1932 2929 2002 ἔγνω
2991 1932 3233 2003 Ἰσραήλ.
3296 1934 3518 1996 Ἡσαΐας
3566 1932 3719 1999 λέγει·

2186 2043 2204 2076 ι
2235 2024 2432 2096 Κύριε,
2468 2023 2553 2088 τίς
2604 2025 2895 2079 ἐπίστευσε
2936 2026 3000 2096 τῇ
3048 2025 3187 2096 ἀκοῇ
3237 2016 3418 2097 ἡμῶν,
3448 2026 3535 2079 καὶ
3563 2024 3722 2095 ὁβρα-

2179 2115 2313 2186 χίων
2365 2116 2571 2188 κυρίου
2617 2117 2724 2169 τίνι
2780 2116 3180 2186 ἀπεκαλύφθη;
3209 2136 3227 2169 ι
3305 2117 3362 2171 '0
3411 2117 3466 2171 δὲ
3515 2117 3722 2185 Μωῡσῆς

2181 2206 2395 2278 πρῶτος
2415 2207 2586 2277 λέγει’
2626 2228 2643 2260 ι
2673 2208 2815 2277 Ἐγὼ
2846 2227 2921 2280 πα
2933 2207 3152 2280 ραζηλῶ
3181 2209 3330 2279 ὑμᾶς
3364 2211 3445 2262 ἐπ’
3474 2210 3565 2262 οὐκ
3593 2206 3721 2277 ἔθνη,

2181 2300 2272 2354 ἐπὶ
2302 2299 2442 2354 ἔθνει
2474 2299 2717 2371 ἀσυνέτῳ
2748 2301 3035 2372 παροργιῶ
3061 2302 3226 2370 ὑμᾶς.
3266 2320 3285 2353 ι
3330 2302 3491 2371 Ἕθνη
3520 2301 3724 2355 ἀσύνετα

2177 2394 2327 2465 ἡμᾶς
2372 2395 2785 2466 προσηγόρευσε
2811 2411 2824 2424 ·
2868 2394 2972 2466 πρό
3013 2410 3075 2462 γε
3111 2394 3207 2465 τῆς
3261 2395 3493 2458 πίστεως
3520 2391 3723 2464 ἀφροσύο

2182 2500 2280 2554 νην
2314 2485 2729 2555 ὲπεδείκνυμεν·
2778 2481 2921 2558 ἦμεν
2974 2486 3082 2557 γάρ
3136 2504 3298 2552 ποτε,
3334 2488 3495 2558 ἤγουν
3525 2486 3618 2556 προ
3644 2483 3722 2537 τοῦ

2182 2576 2493 2639 πιστεῦσαι,
2531 2578 2773 2646 ἀνόητοι,
2815 2579 3078 2643 ἀπειθεῖς,
3134 2577 3500 2648 πλανώμενοι.
3550 2581 3724 2645 Διαιρε-

2182 2666 2383 2739 ρόντως
2430 2667 2713 2732 Ἰουδαίους
2747 2669 2970 2739 ἠνίασεν
3006 2671 3034 2722 ὁ
3059 2669 3211 2734 Θεὸς.
3241 2673 3416 2742 ἦγουν
3454 2668 3720 2738 ἐλύπησενο

2181 2760 2243 2811 οὐ
2269 2761 2376 2829 γὰρ
2409 2758 2580 2823 οὕτως
2624 2760 2870 2830 ἀλγεινὸν
2899 2765 2931 2830 ἡ
2964 2764 3232 2833 διασπορὰ
3270 2764 3367 2817 καὶ
3414 2766 3444 2834 ὴ
3501 2761 3586 2816 τοῦ
3614 2755 3721 2815 ναοῦ

2184 2851 2484 2920 ἐρήμωσις,
2520 2851 2595 2915 ὡς
2638 2853 2669 2922 ἡ
2709 2853 2818 2905 τῶν
2846 2853 3015 2906 ἐθνῶν
3040 2855 3301 2909 εὐσέϐειά
3328 2873 3385 2908 τε
3415 2860 3501 2909 καὶ
3525 2852 3725 2925 περιφά-

2181 2960 2320 2996 νεια.
2360 2930 2591 3007 Ἡσαΐας
2620 2943 2677 2997 δὲ
2703 2945 2984 3016 ἀποτολμᾷ
3008 2946 3104 2998 καὶ
3131 2946 3311 3013 λέγει·
3346 2966 3364 2998 ι
3390 2945 3612 3017 Εὑρέθην
3632 2944 3724 3005 τοῖς

2183 3035 2283 3103 ἐμὲ
2315 3036 2389 3105 μὴ
2435 3034 2706 3105 ζητοῦσιν,
2750 3037 2998 3106 ἐμφανὴς
3049 3038 3329 3109 ἐγενόμην
3375 3040 3482 3101 τοῖς
3511 3033 3611 3106 ’ἐμὲ
3659 3034 3721 3105 μὴ

2190 3123 2556 3192 ἐπερωτῶσιν.
2584 3141 2603 3175 ›
2646 3123 2854 3187 Ἔδειξε
2889 3127 3016 3177 κατ’⁴
3045 3125 3178 3178 αὐτὸ
3210 3127 3307 3180 καὶ
3337 3126 3428 3196 τῆς
3448 3124 3549 3179 τῶν
3578 3119 3720 3176 ἐθνῶν

2191 3212 2519 3281 θευγνωσίας
2564 3213 2664 3284 τὴν
2708 3214 3034 3289 πρόσρησιν,
3081 3217 3174 3269 καὶ
3214 3219 3316 3287 τὴν
3350 3217 3455 3270 τῶν
3488 3216 3720 3270 Ἰουδαίων

2193 3303 2506 3372 μιαιφονίαν
2535 3318 2549 3334 ·
2585 3304 2664 3373 τὸ,
2698 3304 2807 3376 γὰρ
2867 3304 3182 3374 ἀποτολμᾷ
3231 3300 3387 3360 τοῦτο
3439 3307 3605 3377 δηλοῖ,
3628 3304 3721 3357 Οὐκ

2192 3395 2480 3460 ὲδειλίασε,
2522 3395 2676 3468 φησὶ,
2716 3396 2993 3463 φονῶντας
3036 3396 3334 3462 Ἰουδαίους
3385 3399 3476 3451 καὶ
3521 3393 3721 3467 μεμηνῦ-

2193 3501 2312 3549 τας,
2338 3484 2476 3538 ἀλλὰ
2509 3486 2606 3537 σὺν
2635 3485 2916 3556 παρρησία
2946 3484 3113 3556 πολλῇ
3144 3486 3247 3558 τὴν
3275 3487 3380 3540 τῶν
3409 3485 3564 3538 ἐθνῶν
3611 3497 3721 3552 προ-

2196 3575 2430 3647 εκήρυξε
2491 3577 2764 3647 σωτηρίαν
2788 3590 2802 3605 °
2824 3634 2832 3645 ι
2855 3577 3218 3647 προεθέσπισε
3256 3578 3311 3631 δὲ
3370 3579 3459 3632 καὶ
3482 3575 3578 3630 τῶν
3608 3574 3719 3626 Ἴου·

2195 3669 2360 3723 δαίων
2389 3668 2488 3739 τὴν
2518 3669 2776 3722 ἀπιστίαν
2795 3686 2808 3699 ο
2842 3669 2998 3722 τοῦτο
3029 3672 3097 3738 γὶ
3109 3687 3139 3740 ρ
3169 3671 3324 3739 δηλοί
3351 3671 3416 3723 τὰ
3440 3668 3554 3738 ἑξῆς
3573 3682 3586 3696 ·
3612 3660 3720 3733 πρὸς

2193 3760 2249 3813 δὲ
2277 3760 2366 3813 τὸν
2407 3756 2619 3830 Ἰσραὴλ
2658 3758 2804 3827 λέγει
2844 3761 2872 3811 ὁ
2904 3761 3178 3831 Μωῦσῆς·
3230 3783 3248 3813 ι
3275 3762 3440 3831 Ὅλην
3487 3760 3577 3829 τὴν
3617 3752 3722 3825 ἡμέ-

2196 3867 2297 3923 ραν
2349 3851 2654 3917 ἐξεπέτασα
2698 3850 2795 3913 τὰς
2843 3852 3032 3921 χεῖρας
3085 3853 3224 3922 πρὸς
3277 3853 3401 3905 λαδν
3434 3847 3720 3905 ἀπειθοῦντα

2196 3942 2289 3995 καὶ
2325 3941 2693 4009 ἀντιλέγοντα.
2732 3959 2760 3997 ηι
2794 3941 2950 3995 Οὕτω
2982 3941 3090 4012 γὰρ
3128 3943 3179 3994 οἱ
3222 3942 3506 4017 θαυμάσιοι
3546 3937 3722 4006 προφῆ-

2193 4047 2283 4084 ται
2321 4031 2414 4084 καὶ
2455 4030 3149 4101 Ἰουδαίοιςκατηγοροῦσι
3199 4033 3296 4085 καὶ
3334 4030 3431 4100 τὴν
3458 4028 3555 4083 τῶν
3581 4024 3719 4078 ἐθνῶν

2197 4123 2633 4193 προκηρύττουσι
2670 4123 2874 4188 πίστιν,
2925 4123 3069 4191 λέγω
3113 4123 3170 4175 δὲ
3227 4125 3319 4176 τὸν
3372 4124 3564 4192 Κύριον
3593 4115 3720 4186 ἡμῶν

2210 4214 2416 4284 Ἰησοῦν
2471 4216 2706 4284 Χριστὸν
2762 4215 3012 4268 διάκονον
3054 4213 3387 4282 γεγενῆσθαι
3462 4206 3722 4279 περιτομῆς

2200 4305 2342 4377 ὑπὲρ
2396 4306 2653 4377 ἀληθείας
2679 4305 2813 4359 Θεοῦ
2853 4308 2932 4369 είς
2966 4307 3026 4359 τὸ
3057 4306 3361 4376 βεϐαιῶσαι
3394 4307 3488 4366 τὰς
3514 4304 3720 4364 ἐπαγγε-

514 4403 963 4475 Deus‘pollicitus
977 4411 1064 4459 est
1085 4404 1140 4458 in
1167 4404 1377 4459 semine
1399 4406 1521 4473 ejus
1548 4403 1956 4460 benedicendas
1977 4420 2085 4461 esse

2198 4399 2320 4482 lia;
2353 4399 2463 4451 τῶν
2502 4398 2793 4469 Πατέρων’
2826 4399 2893 4451 τά
2925 4399 2983 4452 δὲ
3010 4399 3134 4470 ἔθνη
3180 4400 3321 4470 ὑπὲρ
3345 4397 3518 4457 ἐλέους
3545 4391 3721 4482 δοξάσει

515 4503 741 4566 gentes;
764 4496 978 4564 accepit
1004 4504 1189 4550 autem
1212 4494 1328 4563 ipse
1355 4494 1669 4565 patriarcha
1693 4503 1749 4549 et
1776 4495 2094 4553 universum

517 4598 691 4655 genus
714 4583 833 4653 ejus
855 4581 1297 4637 circumcisionis
1330 4582 1567 4652 signum.
1596 4580 1900 4652 Oportebat
1930 4584 2098 4656 igitur

518 4689 708 4730 semen
736 4674 886 4730 illius
921 4674 1225 4729 secundum
1255 4688 1476 4729 carnem
1507 4675 1841 4745 appellatum
1872 4684 1929 4731 et
1957 4693 2094 4748 gen-

521 4764 670 4820 tibus
698 4764 1104 4821 benedictionis
1133 4764 1362 4830 l'outcm,
1401 4764 1604 4822 habere
1643 4768 1859 4838 signum
1889 4782 2093 4839 mgna-

520 4858 711 4922 lionis,
748 4856 1225 4911 utostenderetur
1271 4868 1462 4928 aperte
1487 4858 1686 4914 divinae
1714 4859 2096 4929 promissionis

519 4948 764 5014 veritas;
790 4958 845 5003 et
872 4955 1084 5019 gentes,
1116 4965 1237 5019 qum
1273 4950 1500 5019 gratiam
1545 4951 1881 5021 acceperint,
1906 4951 2099 5006 lauda-

520 5042 662 5098 bunt
688 5042 837 5097 hunc
871 5041 925 5096 in
966 5040 1218 5096 homines
1254 5042 1458 5097 amoris
1501 5051 1781 5097 auctorem
1824 5059 1922 5114 per
1969 5059 2101 5099 suos

523 5133 740 5189 divinos
789 5132 1086 5204 prophetas
1128 5133 1519 5203 prmdiccntem
1559 5133 1807 5203 gentium
1851 5133 2013 5189 fidem
2044 5143 2101 5189 ct

522 5227 779 5291 salutem,
811 5233 872 5280 ut
920 5226 1186 5296 scriptum
1236 5233 1353 5279 est:
1408 5244 1426 5275 ι
1463 5225 1761 5293 Propterea
1809 5224 2100 5281 conﬁtebi-

521 5337 650 5379 lnur
685 5320 785 5376 tibi
830 5316 887 5374 iu
926 5319 1203 5391 gentibus,
1232 5316 1481 5380 Domine,
1506 5324 1562 5370 ct
1606 5314 1815 5371 nomini
1852 5328 1947 5371 tuo
1973 5331 2103 5383 can-

526 5414 769 5471 labimus
784 5413 849 5468 θ’.
872 5432 889 5464 ι
917 5412 986 5467 Et
1004 5426 1230 5466 rursus:
1266 5427 1284 5461 ι
1312 5407 1557 5463 Laudate
1579 5406 1892 5474 Dominum,
1910 5422 2101 5465 omnes

599 5604 645 5636 "
679 5614 837 5667 item.
866 5627 918 5678 Χ,
964 5606 1119 5665 ι-18.
1228 5609 1272 5643 ⁸⁸
1303 5611 1406 5667 lsa.
1441 5626 1553 5675 Lm,
1585 5612 1604 5665 ί
1632 5628 1647 5677 ;
1674 5610 1832 5665 Rom.
1865 5627 1918 5672 ι,
1957 5609 2043 5665 16.

2198 4481 2289 4544 τὸν
2318 4490 2484 4542 Θεόνο
2526 4490 2604 4560 τῷ
2647 4491 2756 4559 γὰρ
2801 4491 3052 4561 Ἁϐραάμ
3089 4493 3116 4545 ὁ
3166 4492 3277 4544 τῶν
3304 4490 3452 4544 ’ὅλων
3491 4484 3610 4545 Θεὸς
3639 4481 3722 4532 ὑπ-

2199 4582 2387 4650 έσχετο
2431 4583 2489 4635 ὲν
2541 4581 2620 4652 τῷ
2651 4583 2929 4652 σπέρματι
2977 4579 3146 4635 αὖτοῦ
3181 4580 3473 4648 εὐλογῆσαι
3504 4576 3564 4629 τὰ
3586 4571 3719 4636 ἔθνη·

2197 4671 2416 4739 ἐδέξατο
2443 4672 2501 4725 δὲ
2532 4673 2627 4725 καὶ.
2654 4671 2815 4733 αὐτὸς
2848 4673 2877 4724 ὁ
2910 4672 3263 4742 πατριάρχης
3283 4672 3376 4724 καὶ
3400 4670 3503 4721 πᾶν
3526 4665 3580 4718 τὸ
3604 4655 3723 4713 ὲκεί-

2200 4788 2293 4825 νου
2317 4770 2473 4838 γένος
2502 4768 2602 4838 τῆς
2633 4769 2936 4840 περιτομῆς
2960 4769 3020 4822 τὸ
3048 4771 3274 4839 σημεῖον
3293 4786 3309 4800 ·
3341 4765 3447 4819 ἔδει
3464 4761 3622 4816 τοίνυν
3648 4750 3722 4806 καὶ

2202 4861 2262 4915 τὸ
2298 4861 2512 4915 ἐκείνου
2545 4861 2767 4931 σπέρμα
2797 4861 2938 4915 κατὰ
2995 4862 3175 4931 σάρκα
3227 4851 3722 4929 προσαγορευόμενον

2207 4953 2301 5009 καὶ
2329 4956 2442 5017 τοῖς
2472 4953 2649 5007 ἔθνεσι
2676 4952 2775 5023 τὴν
2821 4952 3073 5022 εὐλογίαν
3111 4951 3382 5022 πηγάζον,
3412 4949 3545 5017 ἐχειν
3570 4942 3621 4994 τὸ
3646 4953 3723 5004 σθ’

2209 5046 2363 5114 μεῖον
2406 5045 2519 5113 τῆς·
2556 5045 2899 5112 συγγενείας,
2932 5045 3017 5097 ἵνα
3053 5044 3236 5113 δειχθῇ
3276 5040 3457 5108 σαφῶς
3480 5037 3569 5104 τῆς
3598 5026 3721 5114 θείας

2218 5112 2553 5202 επαγγελίας
2581 5137 2611 5204 ἡ
2634 5116 2859 5204 ἀλήθεια
2880 5152 2895 5167 ·
2926 5134 3023 5188 καὶ
3050 5134 3117 5186 τὰ
3136 5112 3274 5203 Ῠέθνη
3321 5131 3418 5199 τὴν
3443 5127 3585 5197 χάριν
3604 5112 3719 5204 δεξξ·

2213 5243 2354 5293 μενα
2380 5200 2613 5295 ύμνήσει
2636 5200 2734 5295 τῆς
2765 5227 3171 5297 φιλανθρωπίας
3191 5200 3283 5275 τὸν
3308 5217 3529 5290 χορηγὸν
3554 5211 3630 5305 τὸν
3650 5200 3721 5305 διὶ

2203 5318 2312 5371 τῶν
2327 5318 2488 5371 θείων
2508 5319 2802 5389 προφητῶν
2818 5317 2980 5371 αὐτοῦ
3002 5312 3510 5388 προσαγορεύσαντα
3524 5303 3608 5372 τὴν
3632 5303 3719 5389 tu)?

2206 5407 2378 5462 ἐθνῶν
2409 5380 2590 5462 πίστιν
2612 5380 2706 5464 nisi
2733 5408 3030 5480 σωτηρίαν,
3052 5380 3578 5473 ’καθὼς-γέγραπται·
3600 5409 3615 5440 ι
3636 5380 3717 5439 Διά

2173 5610 2218 5643 ³⁸
2252 5611 2413 5667 Deut.
2448 5627 2612 5678 xxxii,
2657 5611 2719 5666 21
2753 5627 2767 5678 ;
2807 5610 2967 5668 Rom.
3002 5625 3059 5677 τ,
3105 5608 3186 5665 19-
3319 5602 3364 5636 ⁸⁸
3394 5597 3488 5655 lsa.
3522 5603 3628 5648 ur.
3658 5580 3702 5643 l:

521 5677 694 5771 ﬁam.
723 5698 777 5747 ι,
813 5677 916 5735 '20.
976 5681 1018 5713 ⁸³
1044 5681 1148 5736 Isa.
1189 5696 1311 5748 va,
1346 5681 1380 5735 2
1400 5697 1415 5748 ;
1457 5680 1614 5737 Rern.
1645 5698 1693 5747 ι,
1723 5681 1811 5737 21.
1889 5684 1932 5715 θ’
1958 5682 2079 5739 l’sal

2188 5697 2262 5749 ιιι,
2293 5682 2381 5737 50.
