3988 6142
314 355 453 419 1263
1521 349 1583 412 S.
1625 346 1911 409 ANASTA

2017 350 2024 406 ἱ
2068 348 2394 410 ΞΙΝΑΙΤίΕ
3449 298 3587 412 1264

301 476 506 529 (li-cata
537 471 683 527 enim
726 484 889 541 quam
921 469 1221 540 assumpsit
1280 477 1498 532 natura,
1532 473 1587 521 et
1621 480 1764 520 unus
1799 479 1896 519 no-

2017 482 2117 531 τος,
2150 466 2289 521 ἀλλὰ
2321 468 2417 539 τῆς
2456 465 2874 541 ἀνθρωπότητος
2898 485 2911 501 ο
2957 486 2974 520 t
3011 467 3230 522 Ἕλαιον
3261 467 3388 539 γάρ,
3429 472 3585 539 φησὶ,

315 578 488 621 strum
520 566 635 637 ipse
654 564 909 626 Creator,
941 562 1038 618 sed
1072 563 1129 617 in
1162 576 1269 631 qua
1309 554 1741 637 sanctiﬁcamur,
1778 571 1911 627 pro-

2017 559 2386 628 άγαλλιάσεως
2420 561 2572 629 παρὰ
2605 562 2729 625 τοὺς
2762 561 3023 632 μετόχους
3071 578 3187 614 σου.
3231 580 3248 614 ι
3270 562 3503 630 Μετοχοι
3531 563 3590 615 δὲ

308 669 502 729 pterea
530 675 640 714 non
674 655 961 712 erubescit
983 653 1182 709 fratres
1208 669 1407 709 vocare
1440 651 1667 706 dicens:
1703 669 1721 701 ‹
1750 650 1907 704 Nun-

2017 651 2102 703 καὶ
2149 646 2312 722 ἡμεῖς
2358 654 2452 707 καὶ
2505 653 2776 717 κοινωνοὶ,
2809 653 2868 706 οὐ
2890 654 2986 723 τῆς
3021 653 3295 723 θεότητος,
3329 653 3465 706 ἀλλά
3490 655 3589 722 τῆς

317 752 466 806 tiabo
499 766 702 805 nomen
740 759 897 805 tuum
931 749 1198 805 fratribus
1230 746 1390 812 meis,
1415 744 1471 798 in
1497 742 1679 798 medio
1712 740 1905 795 Eccle-

2017 740 2450 815 Ξινθρωπότητος,
2505 743 2689 809 καθὼς
2734 745 3068 816 γέγραπται·
3124 764 3141 796 ι
3172 746 3238 799 ’Ὀ
3263 762 3322 797 τε
3349 745 3591 814 ἁγιάζων

313 843 410 897 sine
441 842 678 897 laudabo
709 843 845 898 te".
889 860 908 895 ι
940 842 1008 897 Ει
1030 843 1232 897 iterum
1261 857 1274 893 :
1316 858 1333 889 ι
1362 837 1485 907 Ego
1513 850 1609 891 ero
1640 833 1817 887 ﬁdens
1849 833 1907 886 in

2017 833 2098 909 καὶ
2129 836 2177 887 οἱ
2206 835 2579 904 ἁγιαζόμενοι,
2609 838 2667 904 ἐξ
2693 837 2810 901 ἑνὸς
2842 819 3078 900 πάντες·
3109 855 3127 889 ι
3193 837 3472 891 καὶτοῦτο
3495 837 3590 889 ἀνο

313 935 534 1001 eum";
573 954 591 986 ι
639 943 696 989 et
739 936 976 990 iterum:
1036 953 1054 985 ι
1118 932 1259 989 Ecce
1307 937 1516 1007 egoet
1574 927 1730 998 pueri
1767 938 1907 995 quos

2017 923 2276 995 iptbﬁtvov
2297 945 2310 958 ·
2346 930 2538 1000 κτιστὴ
2565 930 2674 1002 γὰρ
2707 933 2740 1001 ἡ
2773 929 3040 1002 ληφθεῖσα
3090 929 3273 998 φύσις.
3299 924 3377 992 εἷς
3419 928 3479 983 δέ
3522 946 3591 997 γε

315 1026 469 1080 dedit
501 1026 635 1080 mihi
672 1027 900 1085 Deus".
931 1046 950 1077 ι

2017 1017 2097 1068 καὶ
2154 1019 2453 1088 ἡμῶνκαὶ
2481 1023 2645 1085 αὐτὸς
2692 1023 2721 1076 ὁ
2768 1022 3037 1092 Ποιητής⁶
3088 1021 3225 1075 ἀλλὰ
3275 1021 3343 1075 δι’
3374 1021 3594 1087 ἐκείνης

318 1121 681 1193 ἁγιαξὸμεθα,
712 1121 778 1173 δι’
803 1122 870 1192 ἢν
912 1120 1093 1174 αἰτίαν
1141 1118 1241 1172 οὐκ
1288 1113 1678 1191 ξπαισχύνεται
1711 1106 1910 1168 αὐτοὺς
1949 1104 2216 1177 ἀδελφοὺς
2257 1113 2443 1166 καλεῖν
2505 1113 2710 1183 λέγων’
2755 1132 2774 1167 ι
2815 1112 3139 1183 Ἀπαγγελῶ
3164 1114 3240 1189 ,τὸ
3294 1113 3466 1185 ὅνομά
3495 1130 3590 1167 σου

321 1217 435 1278 τοῖς
467 1214 721 1281 ἀδελφοῖς
749 1231 872 1284 μου,
904 1213 963 1264 ἓν
1010 1213 1159 1282 μέσῳ
1185 1208 1482 1278 ἐκκλησίας
1523 1205 1753 1273 ὑμνήσω
1783 1215 1861 1252 σε.
1890 1214 1907 1247 υ
1954 1197 2065 1251 Καὶ
2119 1204 2309 1258 πάλιν·
2386 1226 2403 1257 ι
2433 1206 2667 1277 Ἔσομαι
2739 1205 2849 1275 ἐγὼ
2908 1206 3181 1269 πεποιθὼς
3228 1207 3317 1260 ἐπ’
3367 1206 3535 1277 αὐτῷ.
3562 1224 3582 1256 ι

320 1311 432 1363 Καὶ
458 1308 656 1363 πάλιν⁴
696 1327 714 1358 ι
749 1307 879 1360 Ἰδοὺ
913 1304 1024 1373 ἐγὼ
1054 1306 1150 1358 καὶ
1189 1303 1257 1357 τὰ
1303 1301 1491 1355 παιδία
1521 1299 1556 1354 ἆ
1587 1315 1675 1369 μοι
1702 1294 1900 1348 ἔδωκεν
1939 1291 1966 1342 ὁ
2001 1291 2193 1358 Θεός.ι

382 1406 439 1461 Si
469 1413 651 1460 autem
702 1403 969 1457 Dominus
1015 1411 1087 1461 et,
1115 1399 1347 1456 Creator
1374 1396 1645 1459 omnium,
1674 1399 1904 1463 prepter

2182 1394 2237 1448 δὲ
2287 1397 2379 1449 καὶ
2416 1397 2693 1467 Δεσπότης
2749 1397 2843 1451 καὶ
2895 1396 3133 1469 Ποιητὴς
3181 1398 3436 1462 πάντων,
3495 1402 3591 1453 καὶ

317 1514 605 1553 servorum
624 1511 853 1551 suorum
877 1495 1109 1550 salutem
1133 1507 1356 1549 carnem
1375 1489 1636 1560 sumpsit,
1659 1496 1715 1541 et
1741 1485 1905 1537 homo

2017 1486 2096 1540 5ιά
2130 1487 2225 1559 τὴν
2260 1488 2366 1542 τῶν
2399 1478 2802 1543 δούλωνάύτοῦ
2839 1490 3114 1559 σωτηρίαν
3150 1492 3328 1562 σάρκα
3361 1493 3594 1546 ἀνέλαϐε

319 1594 497 1647 factus
527 1599 606 1645 est
636 1591 689 1644 in
724 1588 985 1644 omnibus
1017 1588 1137 1642 sine
1170 1580 1398 1656 peccato
1420 1572 1496 1638 ex
1532 1588 1722 1636 saneta
1764 1592 1909 1631 sem-

2017 1578 2102 1631 καὶ
2155 1578 2450 1659 ἄνθρωπος
2495 1582 2691 1651 γέγονε
2735 1582 2879 1635 κατὰ
2911 1582 3090 1636 πάντα
3120 1584 3289 1653 χωρὶς
3318 1570 3595 1654 ἁμαρτίας

316 1696 420 1749 per
450 1680 696 1750 Virgine,
734 1686 791 1733 ct
822 1690 945 1733 cum
981 1677 1161 1732 servis
1193 1674 1311 1731 suis
1343 1674 1517 1729 edens
1545 1680 1599 1727 et
1628 1671 1827 1725 bibens
1854 1675 1909 1722 et

2017 1669 2069 1736 ἐξ
2104 1670 2267 1738 ἁγίας
2295 1671 2683 1743 Ἀειπαρθὲνου
2702 1714 2716 1738 ,
2761 1673 2856 1726 καὶ
2890 1671 3029 1742 μετὰ
3059 1672 3166 1726 τῶν
3192 1672 3394 1728 δούλων
3422 1676 3591 1729 αὐτοῦ

317 1779 763 1835 eonversatus,et
783 1785 850 1824 ex
867 1769 974 1823 illis
987 1776 1221 1839 aegrotos
1240 1783 1338 1838 per
1357 1781 1414 1821 se
1436 1766 1610 1835 ipsum
1630 1752 1907 1825 curans,et

2017 1759 2232 1827 ὲσθὶων,
2280 1762 2375 1815 καὶ
2403 1763 2598 1830 πίνων,
2630 1762 2741 1829 καὶ¹
2779 1761 3255 1835 συγκαταθέμενος
3277 1805 3291 1829 ,
3332 1766 3427 1818 καὶ
3464 1767 3594 1830 τοὺς

318 1880 421 1933 pro
441 1863 598 1918 nobis
631 1862 943 1933 passionem
979 1860 1230 1923 subiens,
1271 1874 1381 1913 non
1399 1855 1681 1912 erubescit
1703 1866 1902 1908 vocare

313 1957 525 2010 fratres
549 1955 674 2013 illos
701 1970 799 2024 pro
826 1952 1032 2023 quibus
1059 1964 1256 2022 paSsus
1275 1963 1382 2012 est,
1416 1949 1646 2005 evidens
1662 1955 1747 2002 est
1771 1945 1904 2001 ﬁde-

322 2048 404 2102 les
420 2062 528 2101 non
551 2045 964 2129 solum_fratres
996 2044 1091 2099 sed
1119 2053 1177 2098 et
1207 2042 1349 2097 ﬁlios
1372 2051 1695 2096 vocaturum
1733 2037 1902 2103 iQuia

316 2141 492 2210 igitur
516 2137 674 2209 pueri
717 2137 1271 2193 communicaverunt
1311 2135 1463 2189 carni
1515 2139 1572 2187 et
1620 2128 1901 2201 sanguini,

319 2244 379 2289 et
416 2233 534 2303 ipse
563 2233 824 2287 similiter
874 2229 1223 2302 participavit
1253 2227 1486 2287 eisdem,
1519 2234 1581 2279 ut
1627 2241 1727 2295 per
1759 2238 1905 2276 mor-

315 2339 432 2381 tem
463 2342 619 2383 suam
653 2325 973 2382 destrueret
1001 2338 1128 2378 eum
1156 2321 1251 2392 qui
1302 2320 1542 2374 habebat
1571 2315 1769 2372 mortis
1799 2315 1903 2369 im-

322 2419 577 2490 perium,
624 2419 680 2473 id
732 2426 819 2474 est
863 2416 1183 2481 diabolum,
1231 2423 1288 2469 et
1332 2412 1602 2468 liberaret
1648 2425 1775 2474 eos,
1807 2407 1903 2479 qui

318 2516 525 2569 timore
560 2513 756 2569 mortis
788 2529 888 2584 per
925 2519 1095 2567 totam
1127 2509 1295 2565 vitam
1328 2507 1558 2563 obnoxii
1599 2512 1761 2569 erant
1791 2519 1905 2559 ser-

318 2607 481 2662 vituti
505 2606 572 2664 "".
602 2625 619 2658 ι
656 2603 1020 2675 thuomodo
1046 2604 1125 2658 illi
1153 2601 1418 2674 possibile
1447 2607 1567 2656 erat
1593 2615 1652 2654 se
1675 2598 1903 2653 fratrem

319 2709 569 2754 nostrum
620 2705 900 2769 praestare,
955 2705 1051 2752 aut
1082 2695 1223 2751 ﬁiios
1269 2709 1370 2749 nos
1407 2692 1649 2764 legitime
1680 2704 1902 2754 vocare,

320 2793 428 2849 nisi
453 2792 704 2848 eamdem
731 2794 990 2845 naturam
1017 2787 1340 2844 induisset?
1373 2784 1735 2873 quamobrem
1762 2782 1906 2836 hanc

322 2900 632 2950 assumens,
673 2892 730 2938 et
780 2883 975 2939 mortis
1004 2886 1337 2953 potestatem
1371 2876 1671 2940 destruxit,
1714 2884 1771 2929 et
1805 2874 1907 2927 im-

322 2977 635 3032 minentem
661 2974 826 3030 nobis
878 2985 1086 3030 metum
1133 2974 1344 3039 solvit;
1400 2976 1713 3026 metuentes
1756 2964 1903 3019 enim

324 3083 549 3138 semper
592 3074 832 3122 mortem
876 3065 1232 3137 degebamus.
1277 3064 1443 3120 «Non
1488 3063 1638 3117 enim
1672 3050 1903 3138 usquam

2011 1854 2215 1908 τούτοιν
2263 1854 2579 1928 ἀρρώστους
2630 1856 2697 1909 δι’
2738 1854 2934 1933 ἑαυτοῦ
2985 1854 3339 1925 θεραπεύων,
3393 1858 3489 1912 καὶ
3529 1860 3595 1911 τὸ

2012 1946 2152 2015 ὑπὲρ
2206 1946 2364 2017 ἡμῶν
2412 1947 2850 2019 καταδεξάμενος
2894 1949 3107 2013 πάθος,
3170 1952 3271 2004 οὐκ
3330 1951 3594 2022 ἐπαισχύο

2013 2055 2160 2092 νεται
2212 2039 2397 2097 καλεῖν
2441 2040 2535 2093 καὶ
2580 2039 2843 2110 ἀδελφοὺς
2869 2040 3092 2107 τούτους
3125 2042 3266 2112 ὑπὲρ
3294 2036 3369 2098 ὧν
3402 2043 3464 2096 τὸ
3490 2043 3594 2097 πά·

2013 2128 2104 2194 οος
2155 2131 2450 2214 ὑπέμεινε,
2501 2133 2745 2203 δηλονότι
2776 2134 2902 2197 τοὺς
2936 2135 3161 2196 πιστούς
3184 2152 3199 2167 ο
3249 2136 3312 2187 ού
3350 2136 3509 2206 μόνον
3535 2137 3596 2190 δὲ

2002 2222 2303 2291 ἀδελφοὺς,
2356 2220 2492 2277 ἀλλὰ
2533 2225 2625 2279 καὶ
2673 2226 2863 2280 παιδία
2887 2242 2901 2255 ’
2955 2245 2974 2278 ι
3011 2227 3166 2280 Ἐπεὶ
3188 2223 3282 2283 οὖν
3307 2230 3374 2283 τὰ
3402 2230 3596 2284 παιδία

2013 2319 2380 2391 κεκοινώνηκε
2434 2319 2636 2393 σαρκὸς
2672 2321 2766 2374 καὶ
2800 2320 3050 2392 αἵματος,
3089 2324 3183 2377 καὶ
3214 2323 3377 2389 αὐτὸς
3410 2340 3596 2394 παρα-

2012 2411 2258 2481 πλησίως
2312 2413 2543 2483 μετέσχε
2584 2412 2694 2466 τῶν
2734 2413 2944 2480 αὐτῶν,
2995 2414 3082 2487 ἵνα
3114 2414 3204 2468 διὰ
3234 2415 3328 2469 τοῦ
3359 2414 3594 2470 θανάτου

2013 2501 2177 2556 αὐτοῦ
2210 2504 2539 2576 καταργήσῃ
2564 2503 2656 2556 τὸν
2680 2504 2742 2557 τὺ
2769 2504 2971 2575 κράτος
2999 2503 3189 2575 ἔχοντα
3214 2504 3309 2558 τοῦ
3335 2507 3593 2571 θανάτου,

2012 2594 2256 2662 τουτέστι
2303 2594 2397 2648 τὸν
2440 2594 2717 2662 διάϐολον,
2774 2596 2869 2650 καὶ
2911 2596 3197 2668 ἀπαλλάξῃ
3230 2595 3450 2662 τούτους
3477 2598 3595 2652 ὅσοι

2013 2687 2162 2757 φόϐῳ
2198 2686 2430 2743 θανάτου
2474 2688 2562 2741 διὰ
2609 2687 2810 2752 παντὸς
2843 2688 2936 2742 τοῦ
2968 2688 3068 2760 ζῇν
3102 2689 3276 2760 ἕνρχοι
3302 2685 3441 2761 ἦσαν
3469 2691 3596 2744 δου-

2012 2780 2179 2844 λείας.
2205 2800 2224 2833 ι
2286 2781 2397 2835 Καὶ
2449 2780 2566 2844 πῶς
2598 2774 2710 2834 οἷόν
2735 2799 2795 2835 τε
2827 2781 3248 2851 αὺτὸν-ἀδελφὸν
3271 2782 3430 2855 ἡμῶν
3454 2795 3597 2854 χρηέ

2017 2875 2278 2946 ματίσαι-,
2336 2873 2368 2945 ἢ
2421 2872 2611 2928 παιδία
2648 2875 2797 2946 ἡμᾶς
2826 2874 3067 2944 γνησίως
3096 2864 3345 2938 καλέσαι,
3388 2874 3463 2946 μὴ
3495 2874 3597 2946 τὴν

2015 2954 2184 3038 αὐτὴν
2216 2965 2602 3039 περικείμενος
2636 2966 2828 3036 φύσιν;
2858 2962 2921 3023 οὗ
2948 2967 3012 3039 δὴ
3046 2968 3207 3039 χάριν
3237 2968 3441 3038 ταύτην
3466 2969 3599 3022 ἀνα·

2014 3057 2197 3111 λαϐὼν
2218 3099 2235 3125 ,
2287 3058 2388 3126 τὴν
2435 3056 2530 3111 τοῦ
2563 3057 2798 3112 θανάτου
2835 3059 3100 3113 κατέλυσε
3130 3059 3467 3123 δυναστείαν,
3499 3061 3599 3112 καὶ

322 3134 549 3232 angelos
574 3134 969 3230 apprehendit,
993 3158 1087 3213 sed
1119 3172 1308 3213 semen
1337 3155 1572 3211 Abrahae
1600 3134 1909 3226 apprehen-

2017 3152 2100 3207 τὸν
2132 3153 2481 3222 ἐπικείμενον
2509 3153 2641 3222 ἡμῖν
2669 3152 2880 3206 διέλυσε
2908 3152 3100 3220 φόϐονο
3138 3140 3460 3222 φοϐούμενοι
3485 3152 3599 3223 γὰρ
3654 3144 3675 3153 ”

324 3252 409 3307 dit
430 3253 476 3285 ⁷⁸
498 3269 514 3316 ;
544 3270 563 3303 ι
594 3250 799 3305 etenim
819 3249 864 3305 si
888 3257 1138 3303 naturam
1153 3247 1474 3319 angelorum
1493 3244 1905 3316 assumpsisset,

262 3370 275 3379 ι
326 3352 497 3413 supra
523 3350 759 3395 mortem
790 3340 972 3395 factus
999 3350 1147 3395 esset
1173 3356 1187 3405 ;
1226 3352 1353 3393 cum
1384 3346 1568 3392 autem
1601 3336 1909 3391 humanum

326 3440 474 3490 esset
506 3432 655 3503 quod
684 3447 886 3501 corpus
913 3431 1229 3501 assumpsit,
1258 3445 1356 3499 per
1383 3416 1702 3499 passionem
1732 3424 1911 3481 homi-
1965 3439 1973 3447 '

326 3523 746 3579 num'dcbitum
780 3522 967 3578 solvit.
1006 3522 1065 3576 In
1101 3537 1331 3592 corpore
1364 3531 1547 3578 antem
1575 3538 1686 3593 quo
1717 3535 1911 3593 passus

326 3623 413 3669 est
435 3628 730 3685 resurgens
755 3613 1034 3683 propriam
1060 3598 1683 3682 potestatem'ostendit.
1728 3612 1911 3669 iUnde

327 3707 525 3763 debuit
554 3721 654 3777 per
681 3705 869 3761 omnia
903 3704 1172 3761 fratribus
1210 3705 1445 3761 similari
1469 3706 1555 3773 80;
1593 3725 1611 3757 ι
1650 3705 1913 3761 similiter

327 3799 475 3859 enim
509 3812 575 3854 ac
611 3813 714 3853 nos
761 3797 947 3853 cibum
999 3798 1259 3869 sumpsit,
1316 3798 1566 3873 laborem
1618 3797 1909 3864 sustinuit,

327 3891 523 3957 doluit,
557 3891 890 3962 lacrymatus
921 3899 1005 3946 est
1038 3900 1094 3945 et
1120 3899 1352 3945 mortem
1387 3891 1580 3956 subiit,
1613 3900 1674 3947 ut
1696 3890 1915 3946 miseri-

328 3999 455 4046 cors
484 3983 645 4038 ﬁeret
676 3992 733 4038 et
763 3982 941 4038 ﬁdelis
987 3978 1232 4053 pontifex
1267 3983 1321 4036 in
1366 3983 1455 4038 bis
1489 3999 1611 4054 quae
1640 3983 1708 4038 ad
1738 3984 1913 4039 Deum

327 4075 590 4139 attinent,
661 4082 723 4129 ut
791 4074 1183 4144 repropitiarct
1243 4074 1444 4129 delicta
1493 4074 1715 4144 populi;
1755 4075 1810 4128 in
1847 4062 1937 4131 eo.

328 4167 480 4222 enim
510 4167 567 4221 in
598 4181 710 4237 quo
737 4181 932 4237 passus
972 4174 1058 4221 est
1104 4166 1222 4236 ipse
1285 4174 1545 4232 tentatus,
1596 4176 1794 4236 potens
1831 4178 1916 4224 est

327 4260 412 4316 cis
437 4260 533 4331 qui
566 4268 851 4315 tentantur
877 4240 1152 4314 auxiliari.
1192 4259 1318 4314 llatae
1368 4258 1554 4314 omnia
1605 4259 1913 4314 secundum

327 4354 627 4408 humanam
661 4359 917 4408 naturam
952 4351 1099 4407 dicta
1131 4361 1292 4417 sunt;
1332 4356 1523 4423 ‘neque
1550 4355 1698 4407 enim
1733 4353 1918 4424 ponti-

2011 3246 2099 3301 ἀεὶ
2130 3244 2479 3316 διατελοῦμεν
2514 3246 2605 3299 τὸν
2631 3245 2891 3300 θάνατον·
2937 3265 2956 3296 ι
2988 3247 3061 3298 Ού
3092 3245 3201 3315 γὰρ
3227 3246 3398 3315 δήπου
3424 3246 3599 3314 ἀγγέ-

2010 3339 2137 3401 λους
2192 3336 2663 3408 ἐπιλαμϐάνεται,
2719 3336 2854 3389 ἀλλὰ.
2905 3336 3127 3407 σπέρμα
3176 3336 3431 3406 Ἀϐραὰμ
3472 3338 3597 3390 ὲπι-

2010 3429 2404 3501 λαμϐάνεται.»
2436 3430 2499 3482 Εἰ
2522 3417 2630 3501 γάρ
2658 3428 2910 3497 ἀγγέλων
2934 3429 3193 3499 ἀνείληφε
3221 3429 3402 3498 φύσιν,
3421 3431 3601 3499 κρείτ-

2013 3540 2124 3576 των
2156 3521 2222 3577 ἂν
2265 3521 2510 3593 ἐγεγόνει
2555 3505 2821 3575 θανάτου’
2880 3520 3002 3573 ἐπεὶ
3048 3520 3103 3574 δὲ
3151 3520 3495 3594 ἀνθρώπινον
3528 3518 3599 3591 ἦν

2011 3614 2040 3668 ὃ
2068 3614 2299 3670 ἀνέλαϐε
2331 3614 2520 3685 σῶμα,
2554 3610 2643 3667 διὰ
2677 3615 2777 3684 μὲν
2808 3613 2901 3667 τοῦ
2932 3613 3137 3676 πάθους
3170 3614 3230 3667 τὸ
3255 3616 3364 3669 τῶν
3387 3615 3602 3686 ἀνθρὼ-

2015 3724 2135 3761 πων
2160 3704 2411 3760 ἁπέδωκε
2431 3704 2612 3775 χρέος·
2635 3703 2731 3757 διὰ
2754 3705 2811 3758 δὲ
2840 3703 2935 3761 τοῦ
2967 3703 3294 3767 πεπονθότος
3320 3704 3596 3775 σώματος.

2013 3797 2254 3860 ἀναστὰς
2303 3797 2400 3868 τὴν
2447 3796 2654 3851 οἰκείαν
2705 3795 3022 3861 ἐπεδείξατο
3060 3797 3325 3867 δύναμιν·
3383 3818 3402 3850 ι
3432 3798 3602 3852 Ὅθεν

2014 3890 2215 3960 meo:
2287 3889 2429 3945 κατὰ
2484 3891 2663 3943 πάντα
2722 3892 2836 3952 τοῖς
2885 3889 3146 3959 ἀδελφοῖς*
3180 3891 3537 3962 ὁμοιωθῆναι.
3573 3912 3594 3944 ο

2025 3983 2259 4052 Ὁμοίως
2286 3981 2395 4052 γὰρ
2425 3983 2560 4052 ἡμῖν
2591 3981 2684 4035 καὶ
2710 3980 2920 4052 τροςρῆς
2951 3982 3216 4051 μετέλαϐε
3236 4024 3251 4048 ,
3305 3984 3401 4036 καὶ
3435 3984 3601 4039 πεί-ον

2015 4074 2308 4144 ὑπέμεινε,
2362 4074 2458 4128 καὶ
2505 4073 2756 4144 ἠθύμησε
2793 4073 2887 4126 καὶ
2918 4074 3207 4145 ἐδάκρυσε,
3244 4075 3337 4129 καὶ
3369 4074 3601 4130 θάνατον

2017 4166 2379 4232 κατεδέξατο,
2436 4166 2521 4221 ἵνα
2557 4167 2808 4238 ἐλεήμων
2834 4167 3058 4236 γένηται
3093 4170 3187 4223 καὶ
3218 4171 3408 4235 πιστὸς
3458 4172 3599 4243 ἀρχ-

2020 4261 2199 4330 ιερεὺς
2231 4260 2299 4312 τὰ
2332 4258 2464 4324 πρὸς
2495 4259 2588 4312 τὸν
2617 4259 2749 4312 Θεὸν
2772 4261 2846 4323 εἰς
2878 4262 2938 4313 τὸ
2967 4261 3283 4325 ἱλάσκεσθαι
3303 4264 3402 4326 τὰς
3421 4264 3601 4335 ἀμαρ-

2016 4351 2137 4416 τίας
2156 4351 2246 4404 τοῦ
2277 4349 2407 4403 λαοῦ
2433 4368 2446 4381 ·
2465 4351 2522 4402 ὲν
2549 4344 2593 4419 ᾧ
2621 4350 2730 4419 γάρ
2761 4351 3029 4419 πέπονθεν
3058 4352 3217 4415 αὐτὸς
3248 4355 3596 4420 πειρασθείς,

329 4445 418 4499 fex
449 4451 640 4499 noster
668 4453 754 4499 est
783 4451 846 4498 ιιι
871 4442 1037 4509 Deus,
1091 4443 1188 4498 sed
1245 4454 1304 4498 ut
1348 4444 1553 4511 homo;
1612 4462 1796 4517 neque
1852 4455 1911 4501 ut

2018 4442 2242 4496 δύναται
2288 4445 2401 4505 τοῖς
2442 4442 2905 4512 ὲπηρεαζομένοις
2941 4442 3239 4511 βοηθῆσαι·
3289 4448 3384 4496 καὶ
3427 4445 3602 4500 ταῦτα

329 4536 479 4591 Deus
504 4550 700 4606 passus
738 4544 845 4600 est,
900 4534 997 4591 sed
1051 4544 1114 4589 ut
1163 4535 1373 4602 homo;
1422 4548 1611 4611 neque
1663 4554 1761 4609 per
1812 4556 1912 4595 ex-

331 4626 659 4696 perientiam
685 4626 882 4681 didicit
915 4637 1126 4692 nostra,
1165 4627 1261 4681 sed
1313 4635 1375 4682 ut
1414 4629 1558 4684 Deus
1605 4641 1656 4685 et
1687 4629 1916 4686 Creator

333 4719 617 4789 cognoscit
641 4718 825 4773 omnia
853 4717 1219 4787 apertissime.

2022 4535 2163 4588 κατᾶ
2217 4534 2277 4585 τι)
2323 4531 2662 4603 ἀνθρώπινον
2709 4533 2953 4605 εἴρηται·
3005 4528 3130 4586 οὔτε
3163 4536 3271 4606 γάρ
3307 4538 3601 4608 ἀρχιερεὺς

2023 4629 2179 4700 ἡμῶν
2212 4627 2287 4690 ὠς
2320 4625 2472 4689 Θεὸς,
2511 4625 2624 4678 ἀλλ’
2650 4625 2726 4688 ὡς
2755 4625 3060 4696 ἄνθρωπος·
3098 4626 3220 4682 οὔτε
3248 4630 3325 4691 ὡς
3348 4632 3605 4693 mag-ne-

2024 4721 2253 4782 πονθεν,
2305 4717 2421 4770 ἀλλ’
2470 4716 2547 4779 ὡς
2587 4715 2909 4788 ἄνθρωπος·
2954 4716 3086 4770 οὔτε
3134 4719 3226 4774 διὰ
3264 4721 3363 4790 τῆς
3406 4723 3603 4794 πείρας

335 4810 624 4882 μεμάθηκε
650 4810 720 4862 τά
745 4810 1009 4879 ἡμέτερα,
1040 4808 1155 4862 ἀλλ’
1182 4809 1256 4872 ὡς
1281 4797 1413 4873 Θεῖις
1443 4812 1539 4863 καὶ
1557 4813 1896 4885 Δημιουργὸς
1927 4818 2186 4893 γινώσκει
2220 4812 2400 4865 πάντα
2435 4807 2641 4879 σαφῶς.
3051 4840 3057 4847 α

395 4920 418 4955 ‹
442 4902 523 4959 Ad
537 4917 701 4972 quem
718 4911 902 4957 autem
920 4904 1237 4975 angelorum
1257 4901 1397 4956 dixit
1416 4901 1713 4973 aliquando
1736 4926 1750 4960 :
1779 4908 1920 4966 Sede

332 5010 362 5048 a
397 4991 609 5049 dextris
654 4992 792 5046 meis
819 4990 999 5047 donec
1031 5007 1229 5062 ponam
1260 4990 1517 5048 inimicos
1546 5001 1671 5050 tuos
1702 4998 1915 5054 scabel-

331 5087 447 5142 lum
475 5084 677 5157 pedum
712 5084 1044 5140 tuorum“?
1072 5103 1090 5137 ι
1125 5083 1244 5139 Non
1276 5085 1424 5140 enim
1467 5095 1528 5140 ut
1556 5086 1668 5142 Deo
1698 5097 1912 5147 tantum

2103 4927 2123 4961 ι
2158 4906 2301 4978 Πρὸς
2349 4903 2472 4958 τίνα
2514 4904 2572 4957 δὲ
2618 4904 2727 4958 τῶν
2767 4906 3019 4974 ἀγγέλων
3048 4900 3171 4961 εἶπὲ
3201 4925 3365 4971 ποτε*
3419 4910 3603 4964 Κάθου

2024 5005 2090 5057 ὲκ
2133 4998 2322 5065 δεξιῶν
2376 4997 2482 5061 ἕως
2528 4997 2594 5051 ἂν
2641 4995 2720 5051 θῶ
2757 5000 2886 5062 τοὺς
2925 4998 3155 5070 ἐχθρούς
3185 5016 3279 5054 σου
3312 5003 3606 5056 ὑποπόδιον

2021 5094 2130 5147 τῶν
2151 5091 2332 5145 ποδῶν
2358 5107 2451 5142 σου
2471 5090 2596 5154 μού
2623 5090 2732 5161 γὰρ
2757 5090 2834 5153 ὡς
2848 5091 2969 5160 Θεῷ
2997 5094 3156 5160 μόνον
3180 5093 3350 5161 λέγει·
3376 5113 3396 5147 t
3417 5095 3604 5148 Κάθου

332 5177 490 5242 dicit,
530 5195 548 5227 ι
577 5174 718 5232 Sede
753 5190 783 5230 ξι
808 5172 1020 5232 dextris
1041 5174 1215 5241 meis;
1241 5194 1258 5226 ι
1300 5176 1578 5246 quomodo
1604 5179 1755 5233 enim
1770 5192 1911 5238 esset

2017 5185 2081 5237 ἐκ
2111 5181 2302 5246 δεξιῶν
2366 5197 2468 5250 μου
2503 5197 2515 5211 ο
2588 5199 2607 5232 ι
2653 5181 2770 5244 πῶς
2799 5180 2909 5252 γὰρ
2938 5184 2966 5234 ὁ
2991 5181 3182 5252 θρόνος
3207 5183 3374 5237 αὐτοῦ
3406 5187 3487 5249 εἰς
3515 5187 3607 5238 τὸν

333 5272 571 5326 thronus
611 5269 732 5340 ejus
777 5268 834 5322 in
868 5267 1068 5322 saecula
1110 5266 1487 5322 saeculorum?
1522 5268 1719 5325 Sed'ut
1749 5271 1911 5326 homo

2020 5276 2195 5329 αιῶνα
2231 5275 2324 5327 τοῦ
2356 5274 2587 5341 animos;
2637 5274 2752 5328 ἀλλ’
2782 5268 3169 5344 ὼςᾶνθρωπος
3196 5277 3374 5330 τοίνυν
3401 5279 3607 5347 ταύτης

333 5363 505 5434 igitur
534 5363 687 5418 hunc
733 5361 1002 5417 honorem
1041 5359 1273 5432 recepit,
1327 5369 1388 5416 ut
1426 5361 1594 5427 Deus,
1640 5372 1911 5419 internum

2028 5367 2292 5438 μετέλαχε
2340 5370 2441 5435 τῆς
2486 5367 2649 5437 τιμῆς
2674 5383 2690 5398 ο
2743 5366 2819 5428 ὡς
2848 5365 2903 5418 δὲ
2937 5365 3090 5431 Θεὸς,
3126 5368 3346 5420 αἰώνιον
3370 5367 3482 5439 ἔχει
3514 5371 3606 5423 τὶν

333 5457 503 5514 liabet
536 5459 820 5513 thronum.
873 5455 941 5511 Et
972 5455 1174 5511 iterum
1204 5471 1218 5508 :
1257 5473 1275 5505 ι
1303 5453 1437 5521 Quis
1461 5463 1547 5510 est
1577 5455 1743 5511 homo
1770 5457 1911 5526 quod

2026 5459 2236 5530 θρὸνον.
2274 5459 2382 5512 Καὶ
2411 5459 2593 5513 πάλιν·
2629 5477 2647 5510 ι
2679 5460 2946 5538 Τίςςέστιν
2976 5458 3262 5529 ἄνθρωπος
3291 5460 3373 5514 ὅτι
3402 5465 3605 5532 μιμνή-

334 5566 548 5607 inemor
592 5567 655 5606 es
703 5551 997 5622 ejus?'aut
1048 5547 1196 5603 ﬁlius
1244 5547 1487 5602 hominis
1540 5549 1671 5620 quia
1730 5551 1911 5604 visita:

2027 5567 2146 5603 σκει
2178 5542 2376 5616 αὐτόνς
2413 5560 2445 5622 η
2476 5552 2590 5615 υίὸς
2621 5550 3028 5624 ἁ·.θρὼπου,ὃτι
3057 5553 3379 5608 ὲπισκέπτει
3408 5557 3601 5621 αύτόνς

401 5728 449 5760 ⁷⁵
470 5728 618 5782 Psal.
646 5744 756 5789 xxi,
794 5726 906 5791 23;
941 5725 1108 5780 Hebr.
1135 5742 1192 5783 ιι,
1222 5725 1308 5779 12.
1385 5725 1431 5757 ’⁷⁸
1466 5725 1608 5780 Psal.
1645 5742 1773 5792 xvii,
1808 5726 1880 5788 ῦς
1917 5727 2084 5782 llebr.
2120 5742 2177 5787 ti.
2208 5728 2293 5782 15.

769 5729 906 5808 ,ββή
941 5729 1308 5808 ξιηουτς..ιι.ς.ιε-
1348 5729 1431 5808 .:°
1466 5729 1612 5808 P281;
1808 5729 1880 5788 5:

2019 5742 2177 5808 )r_._u_.
2208 5729 2293 5782 15.
2333 5730 2413 5808 ._"
2456 5729 2555 5784 lsa.
2588 5731 2849 5800 vm,‘18;
2886 5731 3054 5789 Hebr.
3086 5749 3147 5799 ιι,
3188 5734 3270 5790 l5.

341 5808 400 5862 ll,
430 5795 513 5861 Η,
544 5797 630 5853 15.
695 5798 740 5830 ⁷³
768 5796 906 5851 ibid.
944 5797 1024 5850 l6.
1095 5799 1139 5829 ⁸⁰
1169 5796 1304 5850 ibid.
1342 5796 1425 5850 17.
1503 5797 1543 5829 ⁸¹
1574 5796 1717 5851 Psal.

3360 5733 3408 5768 "
3436 5733 3607 5795 Hebr.

1808 5810 1917 5869 Clx,
1946 5799 1969 5854 1
2013 5817 2026 5869 ;
2065 5799 2228 5855 llebr.
2258 5817 2295 5867 ι,
2326 5799 2411 5854 15.
