3988 6142
420 382 556 449 1267
644 406 655 409 ·
1614 399 1673 458 S.
1714 399 2113 461 ANASTASII
2155 402 2481 464 SINAITrE
3522 416 3639 483 1263

416 514 609 555 omnes
636 501 690 553 in
721 500 898 573 Moyse
926 502 1232 573 baptizatos
1256 521 1375 561 esse
1407 506 1461 561 in
1488 508 1636 563 nube
1668 520 1724 566 et
1753 512 1807 566 in
1834 514 1995 580 mari,

2103 511 2333 585 διῆλθον,
2350 516 2444 570 καὶ
2465 517 2666 580 πάντες
2686 516 2766 580 είς
2784 517 2873 572 τὸν
2891 520 3134 592 Μωῦσῆν
3155 521 3503 597 ἐϐαπτίσαντο
3520 532 3570 585 ἐν
3585 538 3641 607 τῇ

414 600 473 647 et
493 606 686 647 omnes
710 595 958 649 eamdem
990 612 1171 651 escam
1198 599 1538 668 spiritualem
1559 605 1994 668 ntantlueavisse,

2103 606 2297 678 νεφέλῃ
2345 609 2440 661 καὶ
2470 610 2530 661 ἐν
2558 611 2629 680 τῇ
2654 608 2924 682 θαλάσσῃ,
2951 614 3043 666 καὶ
3069 614 3271 679 πάντες
3290 595 3353 670 ’τὸ
3373 620 3497 673 αὑτὸ

415 690 683 739 etonmes
714 687 968 741 eumdem
1002 700 1193 758 potum
1225 691 1569 762 spiritualem
1603 696 1833 763 bibisse;
1861 716 1879 747 ι
1909 696 1998 750 Bi-

2103 714 2179 768 μα
2214 700 2584 769 πνευματικὸν
2629 700 2862 771 ἔφαγον,
2909 706 3006 759 καὶ
3053 706 3252 771 πάντες
3280 708 3340 763 τὸ
3367 712 3492 766 αὑτὸ
3516 687 3647 786 πόμα

417 771 623 828 hebant
667 785 851 831 autem
883 777 952 833 de
977 780 1251 850 spirituali
1278 792 1543 854 sequente
1567 800 1664 840 eos
1687 795 1865 856 petra,
1903 802 1999 856 pe-

2103 790 2470 860 πνευματικὸν
2487 790 2658 846 ἔπιον·
2683 795 2940 849 ιἜπινον
2955 797 3064 868 γὰρ
3081 800 3145 852 ἐκ
3167 806 3527 875 πνευματικῆς
3542 771 3649 860 ἀκο-

2098 878 2397 949 λουθούσης
2427 881 2656 951 πέτρας,
2689 885 2723 955 ή
2754 884 2812 938 δέ
2843 886 3018 958 πέτρα
3044 883 3115 958 ἦν
3144 888 3172 941 ὁ
3200 891 3480 962 Χριστός.ι
3517 896 3648 951 Ταῦ-

2098 988 2165 1024 τα
2189 971 2245 1023 δὲ
2275 972 2465 1038 τύπος,
2493 977 2649 1043 φησὶ,
2680 976 2790 1029 τῶν
2821 977 3101 1050 ὑμετέρων
3127 982 3310 1035 ἐκεῖνα
3328 999 3342 1013 ·
3372 986 3404 1055 ή
3431 972 3651 1042 θάλασσα

2099 1062 2208 1134 γάρ
2237 1064 2489 1134 ἐμιμεῖτο
2516 1066 2619 1137 τὴν
2644 1068 3058 1140 κολυμϐήθραν,
3086 1073 3119 1143 ή
3153 1072 3212 1126 δέ
3237 1075 3431 1147 νεφέλη
3459 1076 3549 1149 τήν
3570 1079 3653 1150 χά-

2101 1171 2189 1225 ριν
2215 1155 2309 1209 τοῦ
2341 1156 2681 1228 Πνεύματος,
2713 1161 2741 1214 ό
2769 1161 3012 1230 Μωῦσῆς
3035 1163 3092 1217 δὲ
3116 1164 3209 1219 τὸν
3235 1165 3403 1237 ἱερέα,
3426 1169 3459 1240 ή
3483 1169 3654 1240 ῥάϐδος

2099 1248 2156 1301 δὲ
2189 1248 2281 1301 τὸν
2317 1250 2582 1318 σταυρὸν,
2633 1254 2661 1305 ὁ
2694 1252 2752 1307 δὲ
2793 1253 3020 1308 διελθὼν
3063 1257 3158 1312 καὶ
3189 1258 3434 1328 περάσας
3460 1260 3655 1334 Ἰσραὴλ

2098 1341 2225 1404 τοὺς
2250 1339 2682 1412 βαπτιζομένους
2702 1344 3059 1417 μιμούμενος,
3075 1348 3123 1399 οἱ
3144 1347 3201 1402 δὲ
3219 1347 3503 1417 διώκοντες
3516 1351 3657 1421 Αίγύ-

2100 1448 2245 1485 πτιοι
2276 1432 2449 1485 τύπον
2480 1432 2587 1486 τῶν
2614 1434 2886 1503 δαιμόνων
2919 1437 3215 1508 ἐπλήρουν,
3250 1441 3414 1504 αὐτὸς
3438 1442 3492 1495 δέ
3519 1444 3545 1496 ὸ
3565 1444 3656 1495 Φα-

2104 1519 2219 1591 ραὼ
2249 1522 2413 1576 είκὼν
2440 1519 2508 1593 ἦν
2538 1524 2631 1577 τοῦ
2656 1525 2905 1580 διαϐόλου
2932 1543 2947 1558 ’
2994 1528 3134 1598 μετὰ
3159 1514 3272 1601 γάρ
3306 1515 3402 1601 τὴν
3429 1532 3656 1589 διάϐασιν

2099 1614 2149 1665 οἱ
2186 1614 2517 1685 Ἰσραηλῖται
2550 1615 2652 1683 τῆς
2684 1617 2798 1669 τῶν
2826 1619 3141 1688 Αἰγυπτίων
3170 1622 3487 1687 δυναστείας
3517 1625 3657 1696 ήλευ-

419 879 502 921 tra
552 878 739 925 autem
788 879 910 926 erat
960 872 1216 930 Christus
1238 876 1342 929 ⁸⁷.»
1406 877 1532 933 Haec
1584 887 1769 933 autem
1827 879 1996 949 ﬁgura

418 966 734 1013 nostrarum
790 976 981 1016 rerum
1022 973 1170 1020 sunt.
1226 965 1374 1021 Mare
1410 967 1558 1021 enim
1592 966 1863 1038 figurabat
1897 969 1997 1024 ba-

417 1048 752 1117 ptisterium,
807 1052 984 1109 nubes
1026 1056 1255 1125 gratiam
1284 1055 1544 1125 Spiritus,
1579 1058 1792 1129 Moyses
1816 1074 2003 1115 sacer.

415 1139 628 1207 dotem,
659 1143 812 1215 virga
836 1159 1091 1213 crucem;
1124 1147 1444 1219 ingrediens
1464 1151 1999 1206 autemettransiens

418 1232 585 1287 Israel
618 1232 925 1305 baptizatos
958 1236 1302 1310 designabat,
1339 1249 1739 1311 persequentes
1756 1240 1997 1313 Egyptii

415 1326 716 1391 daemones,
766 1327 881 1398 ipse
929 1345 1063 1385 vero
1111 1332 1326 1387 Pharao
1372 1332 1547 1404 ﬁgura
1600 1342 1718 1389 erat
1765 1334 1995 1390 diaboli.

418 1417 546 1472 Post
578 1419 874 1474 transitum
903 1422 1050 1476 enim
1104 1423 1365 1480 Israelita:
1411 1423 1791 1496 Egyptiorum
1837 1437 1996 1496 pote-

417 1517 558 1564 state
592 1509 807 1565 liberati
856 1521 1006 1579 sunt,
1057 1514 1123 1569 'et
1159 1530 1356 1570 manna
1392 1515 1465 1570 de
1494 1516 1636 1571 cmlo
1665 1527 1999 1587 acceperunt

421 1611 678 1673 tanquam
719 1613 909 1675 typum
943 1607 1238 1676 quemdam
1271 1609 1512 1664 scelestis
1547 1611 1706 1679 panis
1749 1612 2000 1681 corporis

417 1692 645 1748 Christi.
683 1694 1010 1751 Imitabatur
1036 1706 1219 1751 autem
1246 1707 1401 1768 petra
1427 1698 1643 1753 Domini
1675 1700 1849 1766 latus;
1886 1716 2001 1755 ma-

2103 1703 2458 1776 θερώθησαν’
2516 1708 2613 1760 καὶ
2662 1708 2725 1761 τὸ
2771 1709 2949 1780 μάννα
2997 1712 3295 1786 οὐρανόθεν
3332 1714 3407 1779 ὡς
3441 1717 3496 1769 ἐν
3521 1692 3658 1789 τύπῳ

420 1785 568 1839 navit
611 1787 761 1842 enim
814 1797 1016 1858 prater
1052 1805 1206 1859 spem
1250 1790 1421 1875 rivus.
1456 1791 1523 1845 Et
1559 1791 1705 1847 idem
1751 1791 1858 1847 fuit
1887 1790 2001 1847 illis

2103 1796 2206 1847 τινὶ
2257 1795 2350 1850 τοῦ
2399 1797 2653 1867 οὐρανίου
2694 1799 2862 1869 άρτου
2907 1801 3003 1855 τοῦ
3041 1803 3301 1874 σώματος
3326 1804 3418 1859 τοῦ
3445 1807 3656 1879 Χριστοῦ

422 1887 574 1947 petra
596 1880 745 1951 quod
774 1855 935 1937 nobis
961 1855 1214 1937 Christus
1239 1900 1254 1948 ;
1301 1866 1641 1952 sequebatur
1688 1893 1872 1940 autem
1900 1898 1999 1940 eos

2104 1886 2375 1952 ἐδέξαντο·
2408 1855 2663 1958 ἐμιμεῖτο
2691 1855 2747 1944 δέ
2775 1893 2868 1946 καὶ
2898 1894 2931 1963 ἡ
2962 1855 3139 1966 πέτρα

421 1987 528 2024 non
572 1970 749 2041 petra,
786 1971 881 2027 sed
909 1973 1084 2043 gratia
1117 1973 1306 2029 divina
1332 1974 1538 2031 Christi
1586 1975 1712 2030 Filii
1745 1985 1803 2031 et
1827 1976 1996 2032 Verbi

2103 1977 2345 2052 πλευράν
2370 1996 2384 2011 ⁸
2440 1980 2704 2035 ἀνέϐλυσε
2745 1984 2856 2055 γὰρ
2898 1984 3061 2044 εὐθὺς
3094 1988 3224 2059 παρ’
3255 1988 3447 2044 ἐλπίδα
3485 1989 3548 2045 τά
3576 1991 3658 2044 νά-

418 2063 538 2124 I)ci,
569 2074 692 2132 qua:
719 2073 929 2133 petram
960 2063 1108 2119 illam
1141 2074 1333 2121 contra
1376 2082 1597 2122 omnem
1633 2082 1786 2137 spem
1819 2083 1995 2138 aqua-

422 2169 544 2207 rum
586 2155 842 2211 emittere
884 2157 1032 2214 rivos
1070 2157 1335 2226 faciebat;
1377 2160 1583 2216 etenim
1623 2160 1668 2216 si
1709 2169 1864 2230 petra
1902 2176 2000 2217 eos

420 2257 783 2315 sequeretur,
821 2256 918 2303 aut
988 2250 1091 2304 rivi
1144 2266 1176 2305 e
1227 2263 1407 2322 petra,
1470 2252 1751 2322 quomodo
1795 2253 1998 2309 iterum

419 2337 693 2406 eguissent
723 2338 908 2394 divina
936 2356 1203 2410 aquarum
1234 2342 1561 2413 largitione?

2104 2087 2251 2141 ματα
2276 2089 2289 2102 ·
2345 2073 2440 2126 καὶ
2486 2071 2646 2127 τοῦτο
2687 2070 2755 2145 ἦν
2802 2077 3031 2141 ἐκείνοις
3076 2080 3110 2149 ή
3149 2080 3331 2153 πέτρα
3373 2082 3504 2153 ὅπερ
3538 2083 3656 2152 ἡμῖν

2100 2161 2129 2215 ό
2172 2163 2412 2233 Χριστός
2433 2181 2448 2195 ·
2506 2165 2795 2235 ἠκολούθει
2836 2168 2893 2221 δέ
2946 2169 3039 2227 καὶ
3072 2170 3263 2237 αὐτοῖς
3297 2172 3396 2246 οὑχ
3425 2173 3458 2245 ή
3486 2173 3660 2243 πέτρα,

2102 2253 2221 2308 ἀλλ’
2266 2256 2300 2327 ή
2353 2254 2472 2308 θεία
2512 2257 2673 2326 χάρις
2702 2257 2943 2328 Χριστοῦ
2975 2258 3070 2313 τοῦ
3101 2261 3233 2316 Υίοῦ
3270 2265 3362 2318 καὶ
3389 2262 3552 2332 Λόγου
3581 2261 3664 2315 τοῦ

2103 2346 2263 2409 Θεοῦ,
2300 2348 2334 2417 ἡ
2367 2349 2462 2401 καὶ
2493 2348 2593 2418 τὴν
2624 2348 2833 2418 πέτραν
2862 2349 3081 2422 ἐκείνην
3119 2352 3255 2424 παρ’
3285 2354 3473 2408 ἐλπίδα
3506 2355 3665 2407 πᾶσαν

420 2430 698 2500 ἀναδεῖξαι
749 2432 818 2485 τὰ
863 2436 1057 2506 ῥεῖθρα
1096 2435 1205 2489 τῶν
1237 2435 1449 2490 ὑδάτων
1491 2439 2003 2509 παρασκευάσασαο
2043 2439 2093 2493 εί
2127 2439 2237 2512 γὰρ
2274 2440 2309 2511 ή
2380 2439 2559 2512 πέτρα
2625 2440 2809 2505 αὑτοῖς
2838 2443 3148 2514 ἠκολούθει,
3183 2445 3218 2519 ἢ
3259 2446 3331 2502 τὰ
3362 2446 3460 2517 τῆς
3485 2445 3667 2516 πέτρας

424 2522 666 2592 νάματα,
703 2524 820 2588 πῶς
853 2519 1008 2588 αὖθις
1039 2524 1342 2597 ἐδεήθησαν
1374 2526 1586 2581 ὑδάτων
1609 2527 1709 2600 τήν
1734 2527 1887 2583 θείαν
1910 2530 2072 2602 χάριν
2100 2546 2116 2596 ;

484 2614 600 2670 Viri
626 2615 885 2672 Israelita;
913 2626 969 2671 et
998 2617 1090 2687 qui
1123 2617 1324 2673 timetis
1350 2616 1544 2687 Deum,
1568 2619 1755 2676 audite
1780 2638 1793 2676 :
1826 2621 2003 2677 «Deus

419 2707 584 2778 elegit
612 2718 794 2779 patres
820 2719 1036 2766 vestros
1064 2719 1120 2766 et
1149 2711 1365 2781 plebem
1394 2714 1659 2769 exaltavit
1685 2729 1811 2768 eum
1855 2724 2004 2770 esset

422 2799 599 2855 incola
623 2800 676 2855 in
705 2800 958 2874 lEgypto,
992 2811 1048 2857 et
1078 2803 1132 2857 in
1160 2803 1389 2859 brachio
1417 2806 1636 2861 excelso
1659 2805 1849 2861 eduxit
1882 2820 1999 2884 eos,

420 2902 477 2948 rt
526 2909 623 2963 per
652 2895 1012 2966 quadraginta
1064 2912 1334 2953 annorum
1374 2906 1593 2967 tempus
1631 2897 2004 2953 circumduxit

2181 2622 2407 2694 ’Δνδρες
2448 2623 2779 2695 Ἰσραηλῖται
2832 2624 2927 2679 καὶ
2966 2625 3017 2679 oi
3046 2614 3384 2697 φοϐούμενοι
3419 2624 3506 2682 τὸν
3531 2625 3666 2693 Θεὸν,

2107 2714 2410 2771 ἀκούσατε·
2467 2715 2525 2770 ’0
2554 2717 2687 2780 Θεὸς
2729 2716 3011 2786 ἐξελέξατο
3058 2720 3186 2783 τοὺς
3223 2718 3476 2790 πατέρας
3515 2717 3669 2789 ὑμῶν,

2107 2807 2203 2861 καὶ
2235 2806 2327 2861 τὸν
2355 2805 2485 2861 λαὸν
2515 2806 2729 2876 ὕψωσεν
2753 2809 2812 2862 ἐν
2838 2810 2904 2879 τῇ
2931 2809 3196 2880 παροικίᾳ
3225 2811 3294 2866 ἐν
3320 2812 3385 2881 τῇ
3410 2808 3670 2880 Αἰγύπτῳ,

2107 2900 2204 2954 καὶ
2257 2899 2398 2970 μετὰ
2446 2899 2734 2971 βραχίονος
2768 2900 2974 2972 ὑψηλοῦ
3008 2900 3287 2972 ἐξήγαγεν
3315 2902 3542 2967 αὑτοὺς,
3586 2900 3668 2955 καὶ

419 3001 518 3040 vos
550 2985 604 3040 in
637 2985 877 3054 deserto,
904 2998 961 3043 et
989 2988 1280 3045 destruens
1307 2998 1497 3061 gentes
1530 2999 1737 3061 septem
1769 2990 1823 3045 in
1855 2974 2001 3046 terra

2107 2990 2183 3056 ὼς
2227 2993 2738 3064 τεσσαρακονταετῆ
2785 2993 2977 3064 χρόνον
3016 2995 3462 3071 ἐτροποφόρησεν
3491 2993 3667 3057 αὑτοὺς

419 3077 704 3143 Chanaan,
740 3076 890 3133 dedit
920 3079 1028 3134 illis
1064 3080 1115 3134 in
1141 3081 1518 3137 hzereditatem
1556 3090 1758 3136 terram
1784 3097 2000 3136 eorum.

2108 3042 2180 3136 εἰ
2199 3042 3256 3154 atriis?araestsya;.{a';;
3270 3042 3455 3157 ἐἵᾯῇ
3469 3042 3669 3138 {alia};

422 3169 491 3223 Et
523 3177 710 3238 postea
734 3169 1153 3241 quadringentis
1177 3180 1233 3225 et
1261 3171 1660 3242 quinquaginta
1691 3172 1871 3238 annis,
1905 3170 2007 3226 de-

423 3260 742 3332 tlitjudices
774 3277 949 3331 usque
975 3262 1041 3316 ad
1080 3260 1298 3317 Samuel
1313 3264 1678 3333 .pmphetam.
1710 3263 1779 3317 Et
1807 3262 2006 3317 exinde

423 3354 852 3423 postulaverunt
897 3368 1105 3426 regem,
1137 3364 1193 3409 et
1218 3354 1371 3410 dedit
1410 3354 1493 3411 eis
1521 3354 1649 3410 Saul
1685 3355 1857 3411 lilium
1890 3354 2005 3422 Cis,

423 3445 605 3498 virum
653 3444 722 3499 de
771 3442 916 3500 tribu
966 3444 1250 3517 Benjamin
1299 3447 1460 3502 annis
1503 3445 1899 3525 quadraginta;
1950 3456 2007 3502 et

425 3545 610 3592 amoto
637 3537 753 3603 illo,
781 3537 1076 3594 suscitavit
1106 3554 1207 3610 pro
1242 3538 1337 3593 illo
1366 3538 1539 3593 David
1573 3540 1628 3593 in
1676 3554 1885 3610 regem,
1916 3538 2007 3594 cui

428 3629 809 3684 testimonium
840 3630 1142 3701 perhibens
1171 3629 1350 3686 dixit:
1390 3630 1581 3686 Inveni
1627 3631 1803 3686 David
1833 3630 2007 3687 [ilium

2107 3175 2656 3248 κατεκληρονόμησεν
2686 3175 2871 3239 αὐτοῖς
2901 3175 3000 3248 τὴν
3025 3176 3129 3247 γῆν
3156 3176 3344 3231 αὑτῶν
3364 3192 3379 3208 ·
3428 3174 3520 3230 καὶ
3549 3171 3670 3243 μετὰ

2106 3263 2282 3318 ταῦτα
2310 3264 2384 3328 ὡς
2410 3264 2561 3318 ἔτεσι
2584 3266 2959 3335 τετρακοσίοις
2989 3267 3085 3320 καὶ
3109 3269 3471 3340 πεντήκοντα,
3494 3265 3671 3329 ἔδωκεν

2108 3357 2301 3427 κριτὰς
2331 3356 2437 3419 ἕως
2461 3358 2718 3430 Σαμουὴλ
2746 3356 2840 3412 τοῦ
2869 3358 3174 3430 προφήτου·
3211 3360 3307 3414 καὶ
3333 3355 3672 3441 ἐκεῖθενήτή-

2108 3464 2274 3502 σαντο
2305 3447 2531 3518 βασιλέα
2552 3488 2566 3511 ,
2615 3448 2711 3503 καὶ
2743 3448 2947 3503 ἔδωκεν
2973 3449 3160 3513 αὑτοῖς
3189 3453 3218 3504 ό
3246 3450 3378 3515 Θεὸς
3408 3452 3495 3504 τὸν
3519 3444 3672 3500 Σαοὺλ

2109 3538 2224 3594 υἱὸν
2269 3541 2405 3606 Κὶς,
2461 3540 2643 3617 ἄνδρα⁸
2678 3542 2743 3593 ἐκ
2787 3539 2962 3610 φυλῆς
2997 3541 3264 3615 Βενιαμὶν
3298 3541 3395 3613 ἐτη
3422 3535 3669 3609 τεσσαρά-

2109 3645 2311 3686 κονταο
2359 3632 2455 3686 καὶ
2496 3633 2852 3704 μεταστήσας
2888 3632 3082 3698 αὑτὸν,
3130 3632 3360 3705 ἤγειρεν
3391 3630 3504 3687 ἀντ’
3528 3626 3673 3685 αὑτοῦ

424 3721 454 3778 J
472 3738 598 3785 εεεο,
623 3724 803 3779 virum
829 3721 1134 3779 secundum
1158 3739 1253 3778 cor
1277 3726 1483 3791 meum,
1512 3724 1605 3795 qui
1628 3724 1791 3779 faciet
1815 3739 2001 3780 omnes

2107 3720 2200 3775 τὸν
2230 3719 2399 3774 Δαϐὶδ
2423 3722 2504 3784 είς
2539 3720 2787 3792 βασιλέα,
2821 3713 2866 3789 ᾧ
2897 3721 2992 3774 καὶ
3022 3715 3145 3774 εἷπε
3176 3721 3556 3794 μαρτυρήσας·
3580 3710 3674 3787 Εὑ-

425 3816 745 3874 voluntates
774 3832 955 3885 meas,
979 3816 1157 3888 Hujus
1181 3817 1329 3871 Deus
1357 3832 1427 3873 ex
1451 3816 1662 3872 semine
1700 3816 2001 3872 secundum

2111 3829 2205 3886 ρον
2233 3809 2400 3865 Δαϐὶδ
2432 3813 2525 3866 τὸν
2556 3810 2651 3867 τοῦ
2690 3810 2922 3878 Ἰεσσαὶ,
2962 3813 3135 3886 ἄνδρα
3166 3815 3319 3900 κατὰ
3345 3814 3445 3887 τὴν
3472 3811 3676 3884 καρδίαν

427 3906 852 3974 promissionem
901 3905 1093 3962 eduxit
1145 3908 1377 3963 salutem
1431 3906 1622 3973 Israel,
1676 3906 2001 3977 praedicante

2113 3906 2248 3977 μου,
2290 3904 2368 3969 ’ὃς
2414 3905 2637 3977 ποιήσει
2683 3905 2867 3962 πάντα
2896 3904 2966 3959 τά
2996 3905 3286 3977 θελήματά
3317 3923 3453 3980 μου’
3503 3903 3675 3959 τούτου

425 3999 635 4052 Joanne
670 4008 797 4053 ante
825 3998 1019 4054 faciem
1050 3999 1323 4054 adventus
1348 3999 1470 4070 ejus
1496 3999 1772 4070 baptisma
1829 3999 2001 4069 poeni-

2109 4001 2139 4051 ὀ
2170 3997 2305 4062 Θεὸς
2349 3997 2458 4051 ἀπὸ
2503 3997 2596 4051 τοῦ
2645 3998 2964 4069 σπέρματος
2996 3999 3122 4052 κατ’
3152 3999 3493 4070 ἐπαγγελίαν
3521 3997 3678 4069 ἤγαγε

428 4089 613 4145 tentiaa
645 4090 853 4161 p0pulo
884 4089 1071 4145 Israel.
1104 4089 1243 4145 Cum
1276 4089 1531 4160 impleret
1559 4098 1743 4145 autem
1767 4089 2001 4146 Joannes

2108 4087 2187 4159 τῷ
2225 4088 2442 4161 Ἰσραήλ
2477 4089 2776 4160 σωτηρίαν,
2813 4090 3270 4161 προκηρύξαντος
3306 4090 3549 4145 Ἰωάννου
3583 4085 3677 4159 πρὸ

426 4195 649 4238 cursum
674 4195 857 4244 suum,
877 4174 1099 4235 dicebat
1118 4198 1162 4233 ει
1185 4179 1359 4246 Quem
1389 4195 1474 4235 nte
1494 4178 1841 4234 arbitramini
1864 4192 2001 4245 esse,

2109 4179 2403 4252 προσώπου
2452 4181 2554 4251 τῆς
2597 4180 2806 4234 εἰσόδου
2846 4178 3013 4233 αὑτοῦ
3058 4180 3352 4253 βάπτισμα
3414 4178 3680 4252 μετανοίας

424 4291 536 4330 non
558 4291 678 4331 sum
703 4290 838 4347 ego;
869 4275 963 4331 sed
992 4290 1118 4331 ecce
1143 4275 1293 4330 venit
1314 4288 1437 4346 post
1459 4291 1544 4330 me
1572 4277 1731 4347 cujus
1755 4291 1863 4330 non
1887 4291 2001 4331 sum

2109 4273 2189 4345 τῷ
2229 4274 2488 4346 Ἰσραήλ’
2540 4273 2615 4336 ὡς
2660 4272 2719 4326 δέ
2768 4272 3010 4357 ἐπλήρου
3048 4272 3305 4343 Ἰωάννης
3355 4272 3447 4326 τὸν
3478 4271 3676 4343 δρόμον,

424 4370 625 4440 dignus
673 4370 1045 4441 calceamenta
1090 4368 1289 4439 pedum
1336 4368 1604 4423 solvere.»
1639 4367 1757 4423 Viri
1782 4366 2001 4432 fratres,

2111 4365 2296 4435 έλεγε·
2340 4384 2359 4417 ι
2388 4365 2523 4419 Τίνα
2545 4382 2611 4435 με
2645 4365 2921 4418 ὑπονοεῖτε
2950 4360 3121 4429 srvat;
3148 4365 3252 4418 οὑκ
3274 4365 3394 4436 εἰμὶ
3419 4362 3549 4434 ἐγώ’
3580 4359 3680 4416 ἀλλ’

425 4461 522 4514 lilii
559 4461 780 4532 generis
807 4461 1065 4524 Abrahae,
1098 4470 1152 4514 et
1201 4459 1293 4529 qui
1323 4459 1378 4513 in
1407 4459 1565 4514 vobis
1590 4458 1785 4513 timent
1807 4458 2001 4524 Deum,

2116 4456 2226 4510 1δοὺ
2259 4455 2485 4528 ἔρχεται
2522 4456 2642 4526 μετ’
2669 4455 2770 4525 ἐμέ
2804 4449 2865 4510 οὗ
2896 4454 2997 4509 οὑκ
3026 4456 3144 4524 είμὶ
3173 4454 3329 4522 ἄξιος
3361 4454 3423 4508 τὸ
3452 4452 3681 4520 ὑπόδημα

424 4549 582 4604 vobis
609 4550 841 4605 verbum
868 4550 1063 4606 salutis
1103 4549 1269 4621 hujus
1298 4549 1527 4603 missum
1576 4557 1680 4604 est.
1723 4548 1827 4614 Qui
1860 4548 2001 4603 enim

2112 4545 2220 4600 τῶν
2269 4544 2449 4600 ποδῶν
2495 4544 2675 4599 λῦσαι.
2709 4565 2727 4597 ι
2760 4545 2989 4617 Ἀνδρες
3050 4545 3301 4614 ἀδελφοὶ,
3362 4544 3469 4599 υἱοὶ
3514 4543 3683 4612 γένους

424 4639 1074 4696 babitabantJerusalem
1102 4649 1157 4695 et
1187 4641 1467 4711 principes
1492 4641 1632 4711 ejus,
1669 4639 1819 4695 hunc
1857 4639 2001 4710 igno-

2126 4637 2381 4710 ’Δϐραάμ
2433 4636 2528 4691 καὶ
2556 4638 2607 4690 oi.
2640 4638 2697 4690 ἐν
2732 4637 2860 4707 ὑμῖν
2906 4635 3232 4715 φοϐούμενοι
3264 4637 3360 4691 τὸν
3390 4636 3540 4699 Θεὸν,
3569 4632 3682 4709 ὑμῖν

424 4740 613 4787 rantes
638 4740 695 4786 et
729 4747 895 4787 voces
925 4732 1346 4803 pr0phetarum,
1382 4749 1504 4802 qua:
1543 4749 1642 4802 per
1673 4748 1835 4787 omne
1875 4731 2001 4786 Sab-

2114 4732 2144 4786 ό
2183 4728 2343 4801 λόγος
2375 4731 2473 4800 τῆς
2501 4728 2774 4799 σωτηρίας
2798 4727 3004 4799 ταύτης
3031 4728 3343 4800 ἀπεστάλη·
3377 4730 3425 4781 οἱ
3453 4727 3556 4797 γὰρ
3577 4736 3685 4776 κατ·

425 4825 613 4878 l.-atum
637 4823 920 4894 leguntur,
945 4823 1261 4894 judicantes
1282 4822 1686 4893 impleverunt;
1720 4814 1777 4877 et
1803 4822 2001 4876 nullam

2115 4823 2442 4891 οικήσαντες
2484 4819 2707 4892 Ἰσραὴλ
2756 4819 2851 4874 καὶ
2889 4820 2940 4871 οῖ
2973 4821 3237 4892 ἄρχοντες
3272 4820 3479 4882 αὑτῶν,
3514 4814 3682 4868 τοῦτον

424 4930 648 4970 causam
682 4912 877 4967 mortis
931 4912 1297 4979 invenientes,
1359 4913 1634 4983 petierunt
1676 4929 1704 4966 a
1734 4911 1913 4967 Pilato
1948 4920 2001 4966 ul

2109 4913 2484 4983 ἀγνοήσαντες
2533 4913 2630 4966 καὶ
2678 4912 2779 4976 τὰς
2829 4912 3011 4980 φωνὰς
3059 4911 3170 4965 τῶν
3210 4910 3515 4983 προφητῶν
3561 4905 3682 4960 κατὰ

426 5010 802 5062 interﬁcerent
832 5021 981 5060 eum.
1022 5004 1272 5073 Cumque
1304 5014 1781 5059 consummassent
1823 5005 2001 5059 omnia

2110 5008 2219 5061 πᾶν
2265 5004 2543 5059 Σάϐϐατόν
2593 5004 3149 5075 ἀναγινωσκομένας,
3211 5006 3502 5076 κρίναντες
3531 4996 3680 5066 ἐπλή-

425 5116 545 5170 qnae
568 5100 636 5154 de
669 5113 739 5155 eo
769 5097 972 5169 scripta
999 5105 1177 5162 erant,
1209 5095 1551 5167 deponentes
1578 5111 1608 5149 e
1639 5095 1786 5167 ligno
1815 5110 2001 5166 posue-

2113 5114 2316 5171 ρωσαν·
2354 5097 2448 5151 καὶ
2482 5095 2755 5167 μηδεμίαν
2786 5096 2971 5150 αἰτίαν
3001 5096 3239 5151 θανάτου
3270 5097 3541 5165 εὑρόντες,
3567 5090 3681 5161 ᾐτη-

427 5203 558 5247 rnnt
591 5193 646 5247 in
681 5200 1127 5246 monumentum.
1168 5189 1314 5244 Deus
1351 5204 1485 5244 vero
1517 5188 1802 5243 suscitavit
1829 5204 1957 5243 eum
1980 5204 2001 5241 a

2115 5209 2214 5245 σαν
2239 5191 2330 5244 τὸν
2364 5190 2597 5245 Πιλάτου
2621 5190 2978 5260 ἀναιρεθῆναι
3020 5190 3204 5244 αὑτόν.
3249 5189 3338 5254 Ὠς
3362 5190 3418 5243 δὲ
3451 5185 3681 5280 ἐτέλεσαν

424 5283 693 5350 mortuis;
726 5281 821 5352 qui
853 5282 1006 5337 visus
1035 5289 1120 5337 est
1152 5296 1251 5352 per
1275 5279 1542 5351 pluritnos
1566 5279 1685 5334 dies
1713 5279 1765 5333 in
1800 5278 2001 5335 Subba-

2123 5282 2304 5337 πάντα
2340 5282 2470 5353 περὶ
2497 5281 2665 5335 αὑτοῦ
2696 5282 3089 5365 γεγραμμένα,
3113 5280 3439 5344 καθελόντες
3473 5276 3679 5333 ἀπὸτοῦ

426 5380 496 5432 tis
521 5393 715 5431 eorum
752 5395 780 5432 ιι
812 5375 1034 5433 Galiltea
1069 5375 1123 5430 in
1168 5374 1512 5440 Jerusalem;
1546 5372 1642 5443 qui
1689 5382 1859 5428 testes
1891 5374 2001 5444 ejus

2123 5376 2278 5442 ξύλου
2313 5375 2521 5446 ἔθηκαν
2552 5375 2631 5439 είς
2663 5377 2927 5446 μνημεῖον
2946 5391 2958 5404 ·
2995 5376 3024 5428 ὁ
3049 5374 3104 5429 δέ
3129 5374 3264 5439 Θεὸς
3291 5376 3512 5445 ἤγειρεν
3534 5365 3679 5425 αὑτὸν

426 5470 552 5525 lacti
582 5477 711 5524 sunt
746 5470 801 5525 in
827 5471 983 5540 plebe
1014 5471 1093 5538 (et
1124 5471 1176 5523 in
1209 5469 1496 5538 discipulis
1516 5469 1637 5541 ejus
1659 5467 2001 5537 etapostolis1

2120 5471 2185 5524 ἐκ
2235 5468 2444 5543 νεκρῶν
2465 5509 2478 5532 ,
2525 5468 2585 5532 ὃς
2616 5466 2774 5540 ὤφθη
2807 5468 2902 5522 ἐπὶ
2929 5468 3142 5541 ἡμέρας
3169 5467 3391 5531 πλείους
3416 5467 3526 5526 τοῖς
3553 5455 3679 5514 Σάϐο

428 5572 552 5633 post
576 5565 1041 5620 resurrectionem
1066 5580 1221 5621 suam
1249 5565 1400 5620 visus
1416 5563 1612 5619 diebus
1628 5562 2001 5634 quadraginta,

2120 5564 2281 5618 ϐασιν
2313 5560 2496 5616 αὑτῶν
2529 5562 2637 5617 ἀπὸ
2662 5561 2763 5631 τῆς
2785 5560 3081 5627 Γαλιλαίας
3109 5562 3187 5626 εἰς
3225 5546 3681 5631 Ἰερουσαλὴμ.οτ’

431 5657 752 5726 colloquens
782 5672 907 5712 cum
938 5660 1019 5714 eis
1050 5659 1118 5715 de
1154 5675 1323 5731 regno
1358 5660 1671 5728 ecelorum),
1705 5657 1799 5728 qui
1822 5666 1879 5712 et
1914 5673 2001 5712 no«

2119 5672 2265 5720 τινες
2304 5654 2583 5728 μάρτυρες
2615 5652 2782 5710 αὑτοῦ
2814 5653 3103 5725 γεγόνασιν
3135 5655 3193 5708 ἐν
3223 5652 3303 5724 τῷ
3326 5649 3441 5722 λαῷ
3468 5646 3558 5703 xui.
3579 5640 3678 5700 τοῖς

452 5798 459 5805 ’
499 5830 543 5862 ιτ
576 5828 750 5884 lCor.
784 5845 838 5897 ι,
868 5831 984 5887 t-t.
