3988 6142
292 384 427 450 12ί9

1304 381 1764 447 DISPL‘TATIO
1798 381 2198 446 ADVERSUS
2237 376 2568 443 JUDEOS.

3425 358 3562 423 1270

293 503 565 577 μαθηταῖς
595 498 763 554 αὑτοῦ
794 499 888 555 καὶ
917 496 1263 564 ἀποστόλοις,
1294 499 1432 571 μετὰ
1455 501 1554 571 τὴν
1579 499 1877 575 ἀνάστασιν

1998 500 2071 555 bis
2099 499 2500 554 nuntiaverunt
2548 502 2605 548 et
2657 486 2816 544 nobis
2860 480 3116 541 similiter
3146 475 3402 551 nuntiant
3438 489 3561 536 eam

290 595 452 651 αὑτοῦ
482 595 853 663 ὀπτανόμενος
886 592 980 646 ἐπὶ
1009 591 1227 664 ἡμέρας
1256 584 1690 664 τεσσαράκοντα,
1730 592 1870 662 ὡμί-

290 689 370 743 λει
423 691 610 754 αὑτοῖς
663 689 732 742 τὰ
784 686 913 757 περὶ
958 686 1063 757 τῆς
1106 685 1387 758 βασιλείας
1434 685 1546 739 τῶν
1590 685 1871 756 οὐρανῶν·

289 780 483 846 οἵτινες
539 781 635 833 καὶ
684 779 816 849 ὑμῖν
868 778 1300 849 εὑηγγελίσαντο
1353 778 1450 843 καὶ
1495 778 1627 849 ἡμῖν
1672 776 1874 848 ὁμοίως

290 872 742 943 εὐαγγελίζονται
788 872 890 942 τήν
927 873 1065 944 πρὸς
1097 873 1228 937 τοὺς
1265 873 1510 944 πατέρας
1540 872 1875 941 ἐπαγγελίαν

1977 608 2102 664 qua:
2125 592 2192 646 ad
2227 600 2413 662 patres
2443 595 2657 644 vestros
2700 577 3062 652 repromissio
3094 573 3237 629 facta
3277 577 3382 641 est,
3417 584 3565 639 quu-

1979 686 2128 741 niam
2160 684 2305 738 hanc
2328 681 2477 736 Deus
2505 672 2830 745 adimplevit
2861 669 2986 724 ﬁliis
3014 680 3234 729 eorum,
3275 659 3439 716 nobis
3470 675 3585 725 re-p

1981 776 2256 832 suscitans
2282 775 2470 831 Jesum
2495 788 2510 831 ;
2538 769 2685 825 sicut
2715 772 2770 821 et
2806 764 2863 819 in
2897 761 3115 827 Psalmo
3138 757 3411 828 scriptum
3436 761 3522 807 est
3548 772 3560 805 :

1988 888 2007 922 ι
2042 868 2215 924 Filius
2244 846 2485 921 menses
2512 870 2593 926 tu,
2624 874 2725 929 ego
2754 855 2920 911 hodie
2945 850 3110 924 genui
3138 859 3188 905 te
3211 849 3313 902 ⁸⁸.»

289 964 610 1034 γινομένην,
641 963 724 1017 ὅτι
754 961 964 1030 ταύτην
996 964 1025 1017 6
1050 962 1183 1026 Θεὸς
1211 933 1613 1035 ἐκπεπλήρωκε
1640 933 1754 1028 τοὶς
1778 962 1992 1024 τέκνοις
2020 958 2222 1024 αὑτῶν,
2254 958 2388 1028 ἡμῖν
2452 952 2766 1022 ἀναστήσας
2829 944 3065 1021 Ἰησοῦν·
3100 942 3175 1008 ὡς
3241 938 3337 995 καὶ
3403 937 3463 991 ἐν
3490 933 3566 1006 τῷ

288 1054 488 1128 ψαλμῷ
511 1056 841 1125 γέγραπται.
866 1072 887 1106 ι
928 1054 1055 1119 Υἱός
1087 1071 1189 1126 μου
1210 1050 1262 1108 εί
1295 1055 1381 1122 σὺ,
1421 1054 1534 1125 ἐγὼ
1568 1057 1814 1127 σήμερον.
1845 1050 2157 1124 γεγέννηκά
2184 1066 2263 1104 σε.
2302 1066 2322 1101 ι
2350 1073 2357 1081 ·

356 1145 480 1198 Ὅτι
510 1145 568 1197 δὲ
611 1144 911 1215 ἀνέστησεν
942 1145 1107 1200 αὑτὸν
1153 1147 1218 1200 ἐκ
1250 1146 1471 1218 νεκρῶν,
1500 1148 1699 1218 μηκέτι
1745 1146 1877 1219 μέλ-

289 1234 450 1288 λοντα
481 1235 848 1306 ὑποστρέφειν
878 1238 957 1301 εἰς
984 1237 1311 1310 διαφθορὰν,
1348 1237 1522 1302 οὑτως
1548 1239 1838 1312 εἰρήκασιν
1864 1253 1878 1267 ·

292 1326 415 1380 Ὅτι
438 1327 596 1381 δώσω
647 1328 777 1399 ὑμῖν
829 1328 898 1382 τὰ
946 1329 1068 1385 ὅσια
1101 1331 1269 1386 Δαόὶδ
1303 1330 1370 1385 τὰ
1406 1332 1607 1387 πιστά·
1657 1331 1742 1386 διὸ
1787 1331 1884 1385 καὶ

291 1419 351 1470 ἐν
376 1419 549 1490 ἑτέρῳ
573 1418 756 1488 λέγει’
795 1438 816 1473 ι
845 1421 920 1475 Οὑ
951 1420 1145 1486 δώσεις
1186 1423 1279 1477 τὸν
1303 1422 1451 1478 ὅσιόν
1477 1441 1573 1477 σου
1608 1423 1735 1477 ἰδεῖν
1760 1423 1882 1477 δια-

2045 1143 2207 1212 Quod
2258 1151 2442 1198 autem
2503 1134 2790 1196 suscitavit
2823 1146 2950 1189 eum
2977 1145 3010 1186 a
3043 1124 3281 1185 mortuis
3339 1121 3569 1177 minime

1979 1251 2340 1294 reversurum
2364 1235 2432 1295 1n
2459 1230 2897 1303 corruptionem,
2939 1224 3015 1280 ita
3043 1220 3182 1278 dixit
3214 1236 3230 1273 :
3261 1216 3399 1286 Quia
3426 1213 3570 1270 dabo

1979 1330 2137 1386 vobis
2191 1320 2381 1385 sancta
2436 1323 2609 1383 David
2659 1320 2865 1378 ﬁdelia.
2908 1316 3148 1386 Ideoque
3209 1310 3344 1367 alias
3395 1306 3567 1362 dicit:

1988 1442 2007 1474 ι
2036 1422 2159 1478 Non
2188 1419 2347 1477 dabis
2384 1424 2638 1473 sanctum
2666 1423 2823 1469 tuum
2869 1408 3060 1465 videre
3088 1400 3517 1472 corruptionem.
3546 1415 3564 1447 ι

290 1506 555 1578 φθοράν.»
592 1508 758 1562 Δαὸὶδ
810 1509 909 1579 μὲν
946 1509 1056 1580 γὰρ
1097 1513 1165 1582 τῇ
1201 1511 1308 1584 ἰδίᾳ
1337 1513 1503 1584 γενεᾷ
1531 1513 1882 1589 ὑπηρετήσας

1998 1515 2155 1571 David
2209 1513 2358 1583 enim
2392 1510 2451 1566 in
2499 1524 2599 1565 sua
2656 1502 3035 1579 generatione,
3084 1512 3209 1553 cum
3273 1494 3573 1565 obsecutus

289 1604 356 1672 τῇ
407 1601 503 1655 τοῦ
551 1600 690 1656 Θεοῦ
729 1600 930 1672 βουλῇ,
980 1602 1247 1674 ἐκοιμήθη
1281 1605 1378 1658 καὶ
1406 1604 1713 1676 προσετέθη
1747 1604 1885 1677 πρὸς

1998 1608 2182 1665 ῗιιίεεοι
2227 1596 2501 1662 voluntati
2565 1601 2686 1668 Dei,
2738 1596 3003 1655 dormivit
3051 1600 3111 1649 et
3155 1588 3440 1661 appositus
3491 1592 3577 1638 est

290 1692 420 1756 τοὺς
469 1693 714 1763 πατέρας
764 1693 968 1762 αὑτοῦ,
1028 1695 1126 1750 καὶ⁵
1173 1691 1286 1750 οἶδε
1331 1695 1665 1768 διαφθοράν·
1714 1697 1774 1751 ὃν
1818 1697 1881 1755 δέ

1998 1702 2053 1759 Id
2096 1709 2284 1772 patres
2311 1713 2466 1764 suos,
2503 1704 2561 1759 et
2594 1693 2737 1751 vidit
2764 1687 3210 1760 corruptionem;
3248 1695 3413 1753 quem
3442 1691 3575 1733 vero

289 1781 318 1832 6
342 1783 486 1847 Θεὸς
519 1785 775 1856 ἤγειρεν,
829 1787 932 1841 οὐκ
961 1782 1071 1841 οἶδε
1102 1787 1422 1861 διαφθοράν.
1462 1789 1710 1844 Γνωστὸν
1737 1789 1881 1845 ἔστω

291 1874 446 1944 ὑμῖν,
487 1876 681 1947 ἄνδρες
726 1876 985 1947 ἀδελφοὶ,
1041 1879 1126 1934 ὅτι
1173 1879 1266 1937 διὰ
1311 1879 1471 1936 τοῦτο
1514 1881 1647 1952 ὑμῖν
1686 1882 1883 1951 ἄφεσις

291 1965 579 2038 ἁμαρτιῶν
626 1969 1056 2038 καταγγέλλεται
1080 2009 1095 2033 ,
1124 1972 1244 2027 ,καὶ
1274 1972 1384 2027 ἀπὸ
1415 1973 1637 2028 πάντων
1675 1966 1751 2028 ὧν
1779 1974 1884 2029 οὑκ

289 2058 598 2130 ἠδυνήθητε
625 2061 685 2114 ἐν
706 2061 786 2130 τῷ
809 2062 960 2133 νόμῳ
982 2063 1265 2129 Μωῦσέως
1285 2064 1670 2136 δικαιωθῆναι,
1692 2066 1884 2120 ἐντού⁹

288 2165 371 2220 ’τῳ
403 2151 513 2212 πᾶς
537 2151 565 2203 6
588 2149 864 2205 πιστεύων
891 2152 1223 2208 δικαιοῦται·
1255 2154 1484 2225 βλέπετε
1509 2151 1605 2210 οὖν
1631 2156 1708 2227 μὴ
1729 2157 1885 2211 ἐπέλ-

291 2239 361 2310 θῃ
390 2241 477 2311 ἐφ’
508 2237 633 2312 ὑμῖν
665 2242 726 2296 τὸ
754 2244 1046 2317 εἰρημένον
1078 2247 1143 2299 ἐν
1164 2248 1278 2310 τοῖς
1307 2246 1636 2320 προφήταις·
1660 2247 1882 2314 (Ἴδετε,

288 2334 341 2383 οἱ
395 2334 833 2405 καταφρονηταὶ,
870 2336 968 2406 καὶ
1015 2337 1336 2408 θαυμάσατε
1387 2340 1483 2393 καὶ
1522 2340 1881 2412 ἀφανίσθητε,

288 2421 376 2475 ὅτι
432 2421 601 2494 ἔργον
654 2423 768 2492 ἐγὼ
814 2426 1123 2498 ἐργάζομαι
1172 2429 1232 2482 ἐν
1277 2430 1399 2492 ταῖς
1444 2430 1680 2501 ἡμέραις
1706 2430 1882 2501 ὑμῶκι,

288 2515 318 2569 δ
369 2514 439 2568 οὑ
495 2515 571 2585 μὴ
616 2516 951 2589 πιστεύσητε
975 2519 1073 2573 ἐάν
1128 2536 1217 2584 τις
1284 2521 1609 2593 ἐκδιηγῆται
1677 2522 1826 2593 ὑμῖν.
1861 2543 1880 2576 ι

299 2605 541 2669 Ἡσαΐας
564 2607 622 2661 δὲ
650 2609 844 2681 κράζει
879 2612 1021 2684 ὑπὲρ
1048 2610 1143 2666 τοῦ
1173 2613 1391 2685 Ἰσραὴλ
1421 2613 1595 2684 λέγων
1616 2631 1631 2644 ν
1698 2633 1716 2665 ι
1760 2616 1887 2671 Ἐὰν

287 2691 323 2768 ᾗ
350 2697 383 2749 ὁ
414 2696 652 2767 ἀριθμὸς
679 2698 788 2753 τῶν
816 2700 948 2755 υἱῶν
964 2701 1182 2773 Ἰσραὴλ
1204 2700 1338 2755 ὡσεὶ
1359 2703 1545 2774 ἄμμος
1566 2703 1668 2773 τῆς
1689 2705 1888 2760 θαλάσ.

291 2806 434 2858 σης,
468 2789 532 2841 τὸ
560 2790 915 2862 κατάλειμμα
950 2791 1291 2865 σωθήσεται·
1333 2792 1493 2863 λόγον
1522 2793 1632 2865 γὰρ
1698 2812 1889 2863 συντε-

289 2877 589 2951 τμημένον
626 2884 844 2953 ποιήσει
872 2884 1079 2956 Κύριος
1110 2884 1204 2938 ἐπὶ
1228 2884 1329 2955 τῆς
1356 2885 1483 2955 γῆς,
1517 2904 1534 2937 ι
1560 2885 1639 2950 ὡς
1682 2887 1890 2943 ἄνωθεν
1918 2942 1925 2947 ,

291 2970 554 3041 προεῖδεν
582 2972 611 3025 6
635 2972 746 3027 τῶν
768 2972 906 3028 ὅλων
927 2975 1085 3038 Θεὸς,
1123 2977 1218 3028 καὶ
1248 2974 1378 3039 τοὺς
1407 2978 1475 3046 τῇ
1503 2975 1689 3031 πίστει
1720 2994 1891 3049 προσ-

1985 1797 2133 1851 Deus
2152 1792 2462 1857 suscitavit,
2503 1804 2617 1845 non
2630 1785 2780 1842 .vidit
2802 1780 3245 1852 corruptionem.
3273 1773 3475 1829 Notum
3505 1768 3577 1824 sit

1983 1888 2165 1953 vobis,
2212 1886 2322 1940 viri
2354 1884 2577 1949 fratres,
2609 1879 2742 1950 quia
2768 1884 3000 1948 propter
3043 1871 3150 1925 hoc
3184 1866 3343 1923 vobis
3376 1861 3576 1919 remis-

1986 1981 2069 2036 sio
2118 1991 2474 2050 peccatorum
2531 1969 2913 2031 annuntiatur,
2962 1972 3018 2020 et
3046 1960 3117 2017 ab
3170 1954 3429 2014 omnibus
3457 1948 3583 2022 qui»

1986 2074 2091 2129 bus
2118 2043 2227 2128 non
2256 2067 2523 2142 poteratis
2553 2065 2610 2120 in
2643 2064 2769 2137 lege;
2793 2055 2964 2130 Moysi
2987 2048 3319 2128 iustiﬁcari;
3365 2045 3423 2101 in
3452 2043 3578 2106 hoc,

1986 2165 2170 2223 omnis
2215 2163 2313 2234 qui
2358 2160 2556 2225 credit,
2594 2153 2956 2229 justiﬁeatur.
2989 2145 3187 2201 Videte
3224 2154 3356 2212 ergo
3385 2152 3459 2193 ne
3485 2151 3580 2191 su-

1986 2229 2276 2330 perveniat
2323 2253 2484 2311 vobis
2534 2249 2691 2325 quod,
2731 2246 2941 2303 dictum
2996 2248 3082 2296 est
3132 2239 3187 2293 in
3240 2229 3577 2306 prophetis:

1993 2320 2013 2405 ἱ
2045 2349 2260 2411 Videte,
2294 2320 2726 2413 contemptores,
2757 2345 2815 2392 et
2847 2327 3196 2391 admiramini
3225 2333 3281 2382 et
3305 2320 3581 2394 disperdi-

1987 2443 2157 2509 mini;
2210 2440 2343 2511 quia
2385 2451 2527 2509 opus
2585 2439 2786 2505 operor
2833 2442 2936 2499 ego
2985 2425 3042 2503 in
3108 2420 3309 2477 diebus
3358 2415 3581 2479 vestris,

1987 2532 2136 2605 quod
2179 2502 2290 2586 non
2322 2502 2603 2586 credetur,
2625 2502 2697 2577 isi
2733 2517 2859 2589 quis
2905 2502 3251 2570 enarraverit
3280 2503 3439 2560 vobis
3463 2502 3527 2554 ⁸⁸,
3559 2520 3576 2551 ι

1988 2591 2156 2680 Isaias
2180 2631 2365 2677 autem
2398 2618 2599 2673 clamat
2625 2626 2790 2682 super
2815 2605 3001 2664 lsracl.
3030 2602 3222 2658 dicens
3251 2615 3265 2651 :
3296 2617 3315 2649 ι
3338 2594 3395 2651 Si
3418 2591 3586 2648 fuerit

1990 2726 2258 2769 numerus
2305 2707 2546 2764 ﬁliorum
2590 2700 2756 2758 Israel
2790 2706 2850 2752 ut
2898 2709 3064 2751 arena
3107 2688 3296 2751 maris,
3338 2683 3592 2753 reliquis;

1991 2806 2392 2867 salvabuntur;
2427 2797 2658 2854 verbum
2690 2793 2837 2848 enim
2871 2785 3253 2851 abbreviatum
3280 2779 3444 2835 faciet
3475 2777 3581 2831 Do-

1992 2899 2176 2955 minus
2224 2909 2390 2964 super
2426 2902 2628 2947 terram
2663 2887 2768 2951 ⁹⁰,»
2825 2892 2888 2938 ιιι
2928 2897 2960 2936 a
3006 2874 3282 2949 principio
3331 2868 3588 2943 praevidit

1994 2990 2166 3047 totius
2212 2961 2406 3042 mundi
2456 2983 2602 3038 Deus
2651 2985 2708 3034 et
2745 2991 2843 3032 eos
2868 2973 2962 3046 qui
3013 2973 3071 3027 in
3130 2967 3296 3023 ﬁdem
3334 2961 3590 3035 ingrede-

290 3063 577 3158 ελθόντας,
613 3064 709 3119 καὶ
743 3067 869 3130 τοὺς
896 3068 965 3138 τῇ
997 3067 1233 3140 ἀπιστία
1263 3068 1628 3140 νενοσηκότας
1647 3086 1660 3101 ·
1698 3071 1890 3142 ἐπειδὴ

1998 3086 2213 3144 rentur,
2233 3084 2290 3132 et
2310 3091 2407 3132 eos
2435 3071 2529 3144 qui
2556 3068 2879 3126 inﬁdelitate
2898 3064 3238 3119 laborarent.
3265 3055 3423 3126 Quod
3437 3054 3587 3109 enim

290 3156 412 3227 γὰρ
434 3156 685 3225 λέγουσιν
710 3159 926 3228 ὀλίγους
950 3159 1010 3227 ἐξ
1034 3160 1216 3215 αὐτῶν
1237 3160 1496 3233 δεχθῆναι
1516 3163 1580 3217 τὸ
1600 3163 1888 3235 κήρυγμα,

291 3247 430 3303 τοὺς
457 3245 515 3300 δὲ
543 3246 738 3312 ἄλλους
770 3249 1020 3314 ἅπαντας
1049 3249 1110 3314 ἐξ
1136 3250 1354 3322 ἀπάτης
1381 3253 1611 3323 φεύγειν
1630 3292 1645 3318 ,
1687 3254 1892 3322 ἔδειξεν

292 3337 511 3394 ἄνωθεν
542 3340 718 3396 ταῦτα
748 3340 1095 3414 προρηθέντα
1115 3358 1130 3375 ·
1165 3343 1268 3398 οὐκ
1297 3343 1365 3398 ἂν
1392 3345 1780 3417 ὑπερϐάλλωσι
1814 3346 1894 3419 τῷ

294 3432 504 3504 πλήθει
552 3433 665 3488 τῶν
709 3433 963 3505 ἀριθμῶν
1007 3436 1101 3492 καὶ
1147 3436 1441 3507 μιμοῦνται
1479 3439 1578 3508 τῆς
1613 3437 1894 3509 θαλάσσης

293 3524 396 3579 τὸν
427 3525 657 3595 ψάμμον
680 3540 695 3557 ·
744 3526 844 3596 οὑχ
884 3526 1129 3591 ἅπαντες
1152 3528 1893 3602 τεύξονταικτήςεσωτηρίας,

295 3612 426 3668 ἀλλ’
455 3616 504 3667 οἱ
535 3617 600 3685 τῇ
629 3615 813 3669 πίστει
839 3617 1228 3688 κοσμούμενον
1259 3618 1356 3673 τοῦ
1382 3619 1493 3691 γὰρ
1519 3623 1899 3692 συντιτμημέ-

296 3722 401 3759 νου
435 3704 596 3773 λόγου
629 3706 692 3761 ὃν
726 3709 945 3779 ποιήσει
973 3708 1181 3779 Κύριος
1204 3750 1218 3777 ,
1274 3709 1375 3782 τὴν
1406 3712 1591 3766 πίστιν
1623 3713 1854 3767 ἐκάλεσε
1877 3729 1894 3747 ·

294 3799 397 3853 καὶ
454 3796 506 3851 oi
556 3800 623 3869 τῇ
675 3797 858 3855 πίστει
905 3802 1333 3873 προσελθόντες,
1370 3797 1518 3858 οὗτοι
1552 3805 1899 3876 ὑπάρχουσιν

295 3890 350 3944 οἱ
394 3889 505 3944 ὑπὸ
536 3890 631 3944 τοῦ
668 3892 950 3963 προφήτου
984 3894 1407 3966 ἐγκατάλειμμα
1433 3896 1790 3968 κακούμενοι,
1818 3898 1900 3951 οἵ⁴

293 3996 454 4044 τινες
482 3981 572 4036 διὰ
597 3982 832 4048 πίστεως
863 3984 1230 4058 σωθήσονται.
1794 4024 1803 4033 ο
1840 4024 1843 4031 -

374 4073 454 4127 Ἥ
502 4075 602 4129 οὑκ
642 4076 821 4135 οἴδατε
865 4079 959 4132 καὶ
1011 4080 1071 4133 ἐν
1112 4073 1271 4152 Ἠλίᾳ
1318 4081 1373 4135 τί
1403 4080 1551 4150 λέγει
1596 4082 1627 4152 ἡ
1664 4082 1895 4154 Γραφής

304 4168 409 4231 Ὃς
441 4167 759 4238 ἐντυγχάνει
805 4169 885 4241 τῷ
926 4170 1045 4243 Θεῷ
1079 4173 1226 4227 κατὰ
1273 4173 1367 4227 τοῦ
1417 4174 1634 4246 Ἰσραὴλ
1684 4175 1895 4243 λέγων·

302 4278 323 4311 ι
356 4258 560 4332 Κύριε,
590 4263 716 4328 τοὺς
742 4265 1031 4345 προφήτας
1068 4282 1164 4321 σου
1197 4266 1550 4334 ἀπέκτειναν,
1582 4267 1676 4333 καὶ¹
1709 4268 1775 4321 τὰ
1807 4266 1902 4322 θυ-

297 4354 604 4425 σιαστήριά
633 4372 727 4409 σου
763 4357 1144 4429 κατέσκαψαν,
1170 4359 1327 4427 κάγὼ
1357 4359 1692 4431 ὑπελείφθην
1715 4362 1895 4428 μόνος,

1998 3172 2411 3241 dicantpaucos
2434 3183 2501 3224 ex
2519 3165 2629 3220 illis
2646 3160 2918 3232 recepisse
2950 3152 3419 3227 prmdicationem.
3452 3147 3591 3203 alios

1999 3271 2187 3320 autem
2206 3240 2411 3315 omnes
2452 3264 2514 3311 ut
2557 3254 2629 3310 ab
2672 3264 2865 3309 errore
2910 3247 3123 3318 lugere,
3166 3240 3528 3297 ostenderunt
3555 3254 3588 3295 a

2001 3353 2279 3429 principio
2315 3351 2434 3410 huic
2472 3344 2758 3419 praedicta.
2785 3341 2906 3397 Non
2937 3343 3205 3408 snperant
3237 3332 3592 3389 multitudine

2001 3447 2222 3505 numeri
2255 3459 2361 3501 nec
2414 3441 2704 3510 adaequant
2748 3447 2970 3491 arenam
3011 3429 3216 3493 maris;
3264 3440 3374 3482 non
3406 3434 3590 3510 tzimen

2002 3500 2217 3593 Sintia;
2254 3500 2635 3602 adipiscentur
2673 3524 2930 3586 salutem,
2974 3518 3073 3575 sed
3116 3516 3214 3588 qui
3248 3514 3355 3570 ﬁde
3382 3500 3592 3576 duran-

2004 3637 2130 3692 tur;
2183 3621 2568 3679 abbreviatum
2616 3614 2765 3672 enim
2786 3610 3020 3668 verbum
3075 3604 3225 3678 quod
3269 3603 3438 3660 faciet
3487 3602 3593 3657 Dc-

2004 3719 2189 3773 minus
2234 3714 2400 3770 ﬁdem
2424 3710 2662 3775 indicat;
2693 3715 2751 3762 et
2775 3705 2871 3774 qui
2905 3703 2963 3757 in
2989 3700 3151 3756 ﬁdem
3183 3695 3591 3769 ingrediuntur,

2004 3810 2062 3865 hi
2115 3816 2245 3863 sunt
2282 3821 2313 3860 a
2367 3802 2636 3874 propheta
2666 3795 2939 3867 reliquiae
2970 3791 3169 3857 vocati,
3216 3798 3273 3845 ct
3302 3803 3403 3859 per
3429 3786 3591 3841 ﬁdem

2005 3901 2388 3960 salvabuntur.

2077 4089 2270 4144 Nonne
2323 4083 2476 4145 scitis
2538 4080 2673 4164 quid
2719 4079 2772 4134 in
2800 4077 2920 4137 Elia
2946 4075 3085 4145 dicit
3120 4071 3449 4144 Scriptura?
3499 4071 3594 4141 qui

2008 4181 2120 4235 Deo
2166 4184 2359 4235 contra
2391 4174 2551 4230 lsracl
2588 4171 2725 4226 dicit
2755 4187 2771 4225 :
2809 4168 3098 4231 «Domine,
3134 4164 3431 4237 prophetas
3471 4170 3598 4216 tuos

2007 4271 2356 4342 occiderunt,
2405 4265 2601 4323 altaria
2640 4275 2735 4321 tua
2762 4267 3106 4320 everterunt.
3138 4269 3193 4314 et
3234 4272 3341 4327 ego
3370 4254 3599 4311 relictus

2009 4380 2129 4420 sum
2177 4363 2349 4426 solus,
2384 4369 2440 4416 et
2468 4364 2727 4430 qumrunt
2759 4355 2997 4410 animam
3029 4365 3208 4406 meam
3257 4366 3286 4403 a
3342 4361 3450 4402 me.
3489 4344 3595 4401 Sed
3640 4360 3645 4366 '

297 4446 400 4549 καὶ
422 4444 663 4549 ..ζητοῦσι
689 4448 789 4520 τὴν
822 4448 1000 4549 ψυχήν
1029 4467 1129 4521 μου
1175 4451 1271 4505 ἀπ’
1301 4451 1437 4522 ἐμοῦ
1462 4469 1475 4482 ·
1509 4451 1645 4506 ἀλλά
1675 4453 1727 4507 τί
1750 4453 1890 4521 λέγει

2005 4456 2140 4528 quid
2171 4455 2310 4510 dicit
2332 4453 2381 4508 ei
2435 4447 2739 4505 revelatio?
2774 4444 2995 4514 Reliqui
3018 4441 3154 4495 mihi
3184 4447 3393 4522 septem
3426 4434 3597 4490 millia

296 4536 461 4607 αὑτῷ
489 4540 516 4591 ὁ
540 4519 925 4612 χρηματισμός
1000 4519 1309 4597 Κατέλιπον
1330 4519 1554 4615 ἐμαυτῷ
1578 4519 1890 4616 ἑπτακισχι·

1999 4549 2273 4611 virorum,
2314 4545 2408 4616 qui
2445 4556 2557 4597 non
2586 4542 2962 4595 curvaverunt
2985 4549 3128 4605 genu
3163 4541 3290 4587 ante
3314 4519 3438 4593 Baal
3472 4527 3539 4582 ".
3571 4545 3607 4591 ι⁸

294 4629 454 4692 λίους
479 4628 706 4701 ἄνδρας,
741 4631 937 4697 οἵτινες
977 4633 1080 4687 οὐκ
1114 4633 1373 4706 ἔκαμψαν
1407 4636 1537 4705 γόνυ
1577 4639 1643 4707 τῇ
1675 4635 1844 4701 Βάαλ·
1876 4656 1895 4690 ι

299 4719 432 4774 κατ’
456 4722 689 4785 ἐκεῖνον,
718 4722 875 4793 φησὶ,
902 4724 994 4777 τὸν
1026 4726 1221 4794 καιρὸν
1244 4706 1437 4780 πολλαὶ
1469 4706 1731 4798 μυριάδες
1760 4724 1903 4799 ἦσαν

297 4811 384 4883 τῷ
412 4811 654 4882 Ἰσραὴλ,
681 4815 776 4867 καὶ
802 4815 1002 4879 πάντες
1023 4816 1363 4889 Ἰσραηλῖται
1387 4818 1753 4890 ὠνομάζοντο·
1787 4820 1903 4874 ἀλλ’

299 4905 331 4956 6
358 4904 475 4959 τῶν
528 4904 665 4958 ὅλων
719 4905 853 4970 Θεὸς
893 4908 1003 4961 τῶν
1049 4910 1476 4982 ἑπτακισχιλίων
1530 4912 1720 4967 ἐαυτὸν
1769 4912 1904 4967 Θεὸν

301 4998 747 5069 προσηγόρευσε,
782 5001 909 5064 τοὺς
945 5001 1003 5055 δὲ
1046 5003 1239 5067 ἄλλους
1270 5004 1677 5075 ἀπεδοκίμασεν
1726 5005 1905 5060 ἃπαν-

299 5106 430 5154 τας·
467 5094 495 5144 6
527 5091 711 5161 μέντοι
756 5096 1048 5165 προφήτης
1085 5095 1181 5148 καὶ
1224 5095 1385 5149 τοῦτο
1434 5097 1619 5167 ἠγνόει
1647 5136 1663 5162 ,
1704 5101 1801 5153 καὶ
1844 5103 1903 5155 ἐν

300 5181 464 5252 αὐτῷ
494 5185 641 5255 μόνῳ
682 5186 747 5238 τά
775 5185 1006 5256 λείψανα
1037 5184 1307 5250 σώζεσθαι
1342 5188 1442 5259 τῆς
1468 5189 1752 5254 εὐσεϐείας
1786 5192 1894 5245 ἐνό-

304 5274 655 5346 μιξενὊύδέν
685 5272 779 5332 οὖν
808 5279 996 5333 καινὸν
1026 5279 1122 5333 καὶ
1154 5279 1460 5352 παράδοξον
1482 5322 1495 5345 ,
1529 5282 1578 5335 εί
1609 5283 1704 5335 καὶ
1744 5284 1904 5353 ὑμεῖς

303 5370 584 5438 ἀγνοεῖτε,
614 5370 742 5435 τοὺς
870 5372 1026 5442 ὑμῶν
1066 5372 1146 5445 τῷ
1194 5373 1413 5445 Σωτῆρι
1436 5377 1899 5444 πεπιστευκότας,

298 5461 405 5525 οὓς
428 5462 561 5515 λαὸν
599 5464 627 5515 6
670 5463 780 5516 τῶν
811 5464 948 5518 ὅλων
983 5466 1383 5537 προσαγορεύει
1413 5466 1569 5531 Θεόςο
1603 5465 1777 5531 οὕτως
1807 5464 1902 5525 οὖν

307 5551 413 5608 καὶ
439 5553 499 5608 ἐν
535 5553 631 5609 νῦν
664 5555 841 5628 καιρῷ
879 5557 1086 5628 λεῖμμα
1123 5559 1242 5611 κατ’
1273 5559 1507 5631 ἐκλογὴν
1548 5558 1771 5632 χάριτος
1811 5560 1905 5630 γέ-

381 5734 437 5769 ⁸⁹
465 5736 581 5794 Act.
615 5756 732 5801 xm.
766 5742 950 5796 17-55.
1045 5741 1091 5774 ⁸⁸
1132 5743 1267 5803 il-jtl.
1299 5745 1490 5803 δίε-41.

306 5804 483 5866 Rem.
542 5827 613 5880 xl,
647 5812 762 5868 (πὶ-ί.
841 5817 883 5846 ’τ’
926 5815 1085 5872 liom.
1131 5831 1206 5882 χι,
1240 5816 1292 5885 5,
1345 5818 1378 5873 6

2002 4642 2121 4707 Illo,
2165 4610 2364 4708 inquit,
2418 4644 2668 4704 tempore
2715 4629 2890 4691 multa
2920 4625 3094 4690 millia
3123 4632 3283 4680 erant
3314 4624 3368 4676 in
3402 4610 3593 4683 Israel;

2003 4742 2063 4790 et
2099 4746 2292 4788 omnes
2317 4727 2579 4785 lsraclitae
2601 4721 3046 4795 appellabantur.
3074 4716 3181 4773 Sed
3208 4715 3376 4771 totius
3403 4714 3594 4767 mundi

2004 4829 2150 4883 Deus
2192 4832 2401 4896 septem
2455 4820 2690 4876 millium
2720 4819 2893 4873 Deum
2925 4829 2984 4869 sc
3012 4795 3138 4868 esse
3180 4808 3337 4874 dixit,
3369 4818 3598 4863 cmtcros

2005 4929 2190 4978 autem
2236 4933 2430 4974 omnes
2476 4914 2688 4987 rejecit.
2733 4910 3011 4981 Propheta
3056 4915 3238 4961 tamen
3281 4905 3388 4959 hoc
3434 4903 3593 4971 igno-

2006 5012 2187 5076 rabat,
2220 5011 2367 5066 etin
2416 5024 2476 5065 se
2520 5010 2638 5063 solo
2685 5005 2954 5076 reliquias
2998 5001 3209 5057 salvari
3230 4997 3451 5069 pietatis
3482 4994 3599 5051 exi-

2006 5105 2287 5160 stimabat.
2346 5102 2571 5158 Minime
2620 5100 2790 5171 igitur
2817 5097 3020 5152 mirum
3066 5103 3123 5149 et
3155 5101 3501 5151 extraneum,
3548 5088 3594 5141 si

2003 5208 2104 5249 vos
2138 5192 2239 5262 ipsi
2278 5191 2565 5263 ignoratis,
2594 5204 2695 5244 eos
2730 5187 2826 5258 qui
2865 5200 2930 5240 ex
2976 5184 3140 5237 vobis
3172 5183 3223 5234 in
3250 5180 3592 5234 Salvatorem

2005 5284 2387 5346 crediderunt,
2456 5296 2597 5352 quos
2645 5279 2914 5350 populum
2974 5274 3147 5329 totius
3202 5271 3394 5326 mundi
3452 5271 3594 5323 Deus

2004 5383 2185 5430 vocat.
2228 5373 2310 5428 ita
2362 5386 2494 5442 ergo
2533 5380 2590 5427 ct
2624 5372 2679 5426 in
2736 5370 2843 5423 hoc
2878 5376 3124 5435 tempore
3189 5362 3436 5432 reliquia:
3498 5376 3597 5429 per

2005 5467 2196 5538 gratim
2237 5466 2563 5521 elei-tionem
2612 5463 2774 5518 factae
2832 5466 2992 5520 sunt;
3038 5457 3211 5527 gratia
3254 5463 3438 5508 autem
3484 5470 3596 5507 non

2004 5577 2071 5617 ex
2094 5561 2377 5631 operibus,
2399 5573 2524 5614 cum
2555 5571 2678 5628 qua:
2699 5569 2765 5609 ex
2788 5550 3049 5622 operibus
3088 5564 3195 5605 non
3227 5546 3297 5600 sit
3327 5545 3501 5616 gratia
3525 5548 3595 5599 9'.

1588 5752 1633 5785 ’°
1677 5751 1779 5807 lsa.
1820 5740 1992 5819 5:22,
2019 5750 2125 5819 25;
2155 5750 2318 5805 Rom.
2350 5763 2424 5815 Ix,
2457 5748 2549 5814 27,
2581 5745 2674 5803 28.
2753 5744 2798 5781 "
2840 5741 2909 5797 ιιι
2948 5738 3082 5811 Reg.
3116 5752 3232 5802 xu,
3264 5733 3332 5792 10
3395 5739 3471 5796 cl,
3501 5731 3599 5801 18;
