3988 6142
400 353 495 421 127
501 360 535 421 3

1394 358 1847 420 DISPUTATIO
1889 356 2285 416 ADVERSUS
2311 351 2642 415 JUDEOS.

3517 341 3658 414 127i

395 472 483 524 διὰ
513 471 564 524 τί
591 472 828 541 τρώγετε
861 473 920 526 τὸ
941 472 1194 543 ὀρνίθιον,
1225 470 1252 523 δ
1284 471 1723 541 ἁκαθαρτότατον
1759 471 1958 523 xiv-um

2062 466 2231 520 ‘nium
2273 461 2730 519 immundissimac
2765 459 2929 514 sunt?
2983 455 3209 512 Pontica
3235 455 3382 511 enim
3431 471 3657 524 εει-νοη-

399 562 516 615 ἐστί
545 581 559 627 ;
592 563 848 633 Ποντικον
897 564 992 616 καὶ
1021 563 1173 631 ὄφεις
1197 560 1368 614 ἐσθίει
1398 561 1494 614 καὶ
1527 562 1706 613 πᾶσαν
1730 557 1974 624 ἀκαθαρ-

399 647 539 700 σίαν·
578 649 678 719 τὴν
706 649 761 703 δὲ
791 650 1035 720 χελιδόνα
1068 650 1129 703 οὐ
1160 649 1402 719 τρώγετε
1447 648 1839 720 καθαρωτέραν
1883 647 1974 700 οὗ·

2082 559 2231 613 tibus
2276 558 2444 611 alitur
2479 564 2536 609 et
2574 553 2831 609 omnibus
2873 550 3166 634 sordibus;
3218 558 3274 603 et
3302 547 3654 602 hirundinem

2082 667 2188 706 non
2239 649 2526 705 comeditis
2584 646 2935 700 mundiorem
2996 643 3099 696 hac
3145 656 3275 704 ave,
3322 655 3502 708 neque
3566 640 3657 693 σί-

398 755 497 792 σαν
530 741 626 808 τῆς
673 740 905 811 ὄρνιθος·
938 739 1063 794 οὔτε
1108 741 1170 793 τὸ
1223 740 1403 793 σίπιον
1442 738 1682 816 καθαρὸν
1715 739 1813 791 καὶ
1842 738 1958 791 αύτί

2080 761 2204 796 πιον
2266 742 2413 811 quod
2460 756 2661 811 purum
2713 744 2795 791 et’
2827 737 3009 806 ipsum
3085 741 3177 811 est.
3219 739 3277 786 et
3334 732 3652 801 sanguinem

394 831 453 885 ὃν
500 833 596 884 καὶ
645 831 986 902 ἀναίμακτον
1034 833 1131 886 καὶ
1183 830 1572 900 καθαρώτερον
1606 830 1706 900 τῆς
1735 828 1968 901 ὅρνιθος,

394 924 488 976 καὶ
550 923 883 994 σκηνώματα
943 921 1037 978 καὶ
1092 925 1389 994 θνησιμαῖα
1444 924 1656 986 ἐσθίει,
1727 920 1866 974 αὐτὰ
1914 920 1971 972 δέ

392 1011 644 1081 οὐδαμῶς
666 1025 683 1041 ⁶
736 1012 914 1076 θέλεις
961 1013 1149 1082 μαθεῖν
1201 1013 1268 1066 δι’
1295 1015 1360 1084 ἢν
1392 1013 1569 1067 αἰτίαν
1615 1009 1766 1065 εἶπεν
1791 1014 1819 1065 ὁ
1839 1012 1969 1072 Θεὸς

390 1102 479 1154 διὰ
511 1103 787 1166 Μωῦσέως
823 1106 934 1167 τοῖς
964 1104 1232 1167 Ἰουδαίοις
1257 1107 1330 1175 μὴ
1353 1105 1585 1176 τρώγειν
1604 1105 1664 1157 τὸ
1686 1104 1965 1175 χοιρίδιον;

390 1194 471 1245 ὅτι
503 1195 562 1246 ἐν
584 1193 845 1265 Αίγύπτῳ
879 1195 1029 1258 ὄντες
1072 1197 1209 1265 μετὰ
1236 1199 1343 1250 τῶν
1370 1178 1681 1265 Αίγυπτίων
1705 1238 1722 1260 ,
1782 1197 1967 1268 ἤσθιον

387 1284 479 1336 τὸν
508 1287 706 1354 χοῖρον,
739 1283 829 1338 τὸν
856 1286 910 1338 δὲ
941 1286 1067 1356 βοῦν
1093 1289 1185 1340 καὶ
1214 1288 1305 1341 τὸν
1326 1289 1527 1360 τράγον
1571 1289 1666 1342 καὶ
1700 1289 1791 1341 τὸν
1826 1287 1967 1340 κύνα

386 1374 633 1429 ἐσέϐοντο
662 1377 713 1429 ot
732 1377 1014 1444 Αίγύπτιοι
1040 1379 1115 1442 ὡς
1144 1370 1326 1457 θεούς·
1361 1383 1424 1432 ὲκ
1453 1380 1640 1449 τούτου
1667 1378 1966 1435 1413000-

377 1464 624 1532 ρεῑς,διὰ
646 1466 707 1519 τὸ
725 1467 816 1521 τὸν
843 1468 971 1537 βοῦν
994 1470 1268 1524 σέϐεσθαι·
1297 1471 1389 1523 καὶ
1412 1470 1656 1526 Κυνῒται
1685 1472 1770 1525 διὰ
1794 1473 1853 1525 τὸ
1875 1474 1964 1525 τὸν

386 1554 523 1607 κύνα
546 1557 822 1611 σέϐεσθαι·
851 1558 933 1613 διδ
963 1560 1056 1613 καὶ
1103 1561 1340 1615 Ἰουδαῖοι
1369 1563 1681 1632 μετάὖτῶν
1703 1564 1874 1628 ὅντες,
1896 1565 1964 1618 τὰ

386 1644 480 1715 ἔθη
514 1647 693 1701 αὐτῶν
724 1651 1060 1721 ἐκράτησαν·
1097 1652 1383 1721 ἐξαγαγὼν
1415 1652 1509 1707 οὖν
1540 1656 1736 1719 αὐτοὺς
1775 1658 1803 1709 ὁ
1832 1657 1963 1718 Θεὸς

384 1738 446 1802 ἐξ
465 1740 764 1809 Αίγύπτου,
790 1742 961 1796 θέλων
988 1743 1296 1813 ἀποστῆσαι
1320 1746 1419 1809 τὰς
1443 1747 1670 1817 καρδίας
1690 1749 1872 1802 αὐτῶν
1903 1750 1963 1816 ἐξ

2079 837 2297 905 fugiens
2345 845 2401 890 et
2449 850 2548 889 ave
2590 835 2691 888 ista
2721 830 3006 893 mundius,
3040 835 3097 880 et
3143 826 3342 880 domus
3378 827 3567 880 sordes
3601 835 3657 881 et

2078 944 2273 983 carnes
2306 936 2588 982 emortuas
2646 921 2908 985 comedit,
2959 920 3051 974 illa
3099 932 3235 974 vero
3266 917 3514 972 minime.
3565 918 3656 974 Vis

2078 1021 2290 1076 discere
2337 1033 2500 1088 quam
2549 1016 2639 1072 ob
2657 1029 2874 1069 causam
2900 1011 3103 1065 dixerit
3131 1011 3278 1065 Deus
3306 1026 3406 1079 per
3437 1009 3655 1081 Moysen

2074 1111 2277 1167 Judzeis
2313 1125 2426 1163 non
2478 1107 2624 1162 vesci
2685 1105 2891 1160 suillo?
2937 1104 3090 1174 quia,
3145 1118 3270 1156 cum
3319 1102 3375 1156 in
3425 1102 3656 1174 Aigypto

2074 1210 2259 1257 essent
2296 1217 2420 1256 cum
2466 1198 2753 1269 Egyptiis,
2806 1197 3001 1250 suibus
3043 1194 3429 1257 vescebantur,
3461 1194 3653 1252 bovem

2074 1302 2260 1348 autem
2323 1301 2378 1347 et
2434 1290 2649 1344 hircum
2723 1299 2778 1342 et
2840 1301 3031 1341 canem
3093 1286 3347 1340 colebant
3410 1297 3470 1339 ut
3522 1287 3656 1342 deos

2072 1384 2350 1456 Egyptii;
2399 1382 2543 1436 unde
2588 1378 2895 1445 Βοσορεῖς,
2928 1378 3074 1447 ‘qnia
3129 1378 3346 1443 bovem,
3383 1386 3439 1431 et
3476 1382 3656 1437 Κωῖ-

2074 1492 2192 1538 ται,
2241 1474 2369 1544 quia
2398 1488 2590 1527 canem
2624 1471 2925 1525 colebant:
2968 1468 3143 1524 Judaei
3180 1478 3385 1531 autem,
3435 1467 3652 1538 quando

2071 1584 2194 1623 cum
2222 1567 2353 1622 'illis
2400 1572 2576 1627 erant,
2616 1579 2799 1617 mores
2835 1578 3029 1617 eorum
3075 1561 3469 1630 sequebantur.
3507 1561 3654 1615 Deus

2069 1640 2220 1730 ergo,
2248 1674 2372 1712 cum
2403 1673 2470 1713 ex
2491 1656 2721 1727 [Egypto
2747 1669 2842 1709 eos
2862 1654 3161 1713 eduxisset,
3192 1663 3244 1706 et
3271 1651 3435 1706 corda
3457 1667 3652 1709 eorum

2058 1738 2326 1806 amovere
2358 1750 2524 1805 vellet
2575 1747 2645 1801 ab
2703 1747 2790 1801 bis
2820 1744 3274 1815 quadrupedibus
3316 1760 3454 1813 quos
3499 1745 3651 1801 cole-

382 1822 460 1883 ὧν
485 1822 829 1902 τετραπόδων
868 1834 1119 1888 ἐσέϐοντο
1159 1839 1218 1889 ἐν
1252 1836 1532 1908 Αἰγύπτῳ,
1568 1839 1958 1913 ἐνομοθέτησεν

2065 1842 2200 1896 bant
2245 1838 2510 1910 Egyptii,
2539 1838 2714 1907 legem
2750 1835 2859 1889 lllis
2909 1834 3102 1889 statuit
3138 1841 3199 1886 ut
3246 1849 3368 1902 quae
3411 1833 3521 1888 illic
3547 1833 3648 1888 ha-

381 1922 564 1985 αύτοίς
609 1924 677 1977 τὰ
725 1925 869 2011 άπερ
912 1923 1056 2005 εἶχεν
1108 1929 1226 1980 ἐκεῖ
1266 1929 1439 1980 σεπτὰ.
1479 1931 1575 1982 καὶ
1606 1922 1958 2003 προσκυνητα

382 2012 643 2080 σφάττειν
693 2015 925 2069 ἐνταῦθα
981 2015 1076 2069 καὶ
1124 2016 1346 2070 ἐσθίειν·
1402 2019 1488 2073 ἵνα
1545 2020 1622 2085 ὡς
1662 2023 1956 2090 σφάζοντες

380 2104 523 2159 αὐτὰ
569 2105 665 2158 καὶ
710 2102 1001 2171 ἐσθίοντες,
1057 2109 1255 2178 μηκέτι
1301 2109 1489 2163 λοιπὸν
1518 2112 1750 2182 τιμῶσιν
1775 2115 1954 2168 αὐτὰ·

376 2193 470 2246 τὸν
498 2194 555 2247 δὲ
587 2196 769 2265 χοῖρον
811 2197 979 2266 ὅνπερ
1008 2198 1195 2268 ἤσθιον
1227 2201 1307 2263 είς
1329 2202 1625 2268 Αἴγυπτον,
1661 2205 1954 2273 παρήγγει-

377 2282 469 2336 λεν
506 2286 688 2349 αὺτοῖς
713 2286 901 2340 τούτου
939 2288 1012 2363 μὴ
1043 2290 1322 2358 γεύεσθαι,
1371 2293 1470 2362 οὐχ
1517 2293 1592 2357 ὡς
1641 2295 1954 2366 ἀκαθάρτου

377 2377 540 2430 αὑτοῦ
574 2379 746 2442 ὄντος,
782 2380 896 2434 ἀλλ’
928 2382 1013 2435 ῐνα
1046 2385 1121 2454 μὴ
1153 2389 1490 2453 στρέφωνται
1538 2389 1661 2450 ταῖς
1703 2390 1957 2455 καρδίαις

379 2467 558 2521 αὐτῶν
593 2470 652 2521 ἐν
678 2471 956 2542 Αίγύπτῳ·
986 2474 1081 2526 καὶ.
1122 2474 1269 2537 ὅπως
1298 2475 1731 2546 ἀναγκαζόμενοι
1762 2480 1952 2533 τούτου

382 2557 457 2626 μὴ
491 2554 713 2623 ἐσθίειν,
745 2561 853 2613 τῶν
897 2562 1070 2616 ἄλλων
1101 2564 1254 2629 ζώων
1286 2566 1471 2620 λοιπὸν
1525 2569 1950 2641 καθαπτόμενοι,

271 2654 277 2658 ’
379 2646 675 2712 σφάζοντες
702 2648 1010 2720 τρώγωσιν,
1059 2650 1171 2707 οἷον
1216 2654 1308 2708 τὸν
1349 2654 1496 2725 βοῦν,
1514 2658 1605 2710 τὸν
1626 2660 1847 2730 τράγον,
1894 2663 1954 2716 τὸ

376 2736 671 2806 πρόϐατον,
709 2740 854 2811 ἅπερ
883 2741 957 2805 ὼς
984 2742 1141 2806 θεοὺς
1169 2747 1228 2798 ἐν
1266 2747 1331 2815 τῇ
1359 2747 1618 2819 Αίγύπτῳ
1643 2750 1796 2814 ὄντες
1828 2754 1951 2806 ἐσέ-

377 2828 553 2883 εοντο·
581 2831 675 2884 καὶ
713 2831 800 2885 διὰ
828 2832 926 2904 τὴν
954 2835 1209 2919 τοιαύτην
1237 2838 1417 2893 αίτίαν
1446 2841 1808 2916 ἐνομοθετήθη
1839 2849 1953 2910 τοῖς

389 2921 665 2986 ’ίουδαίοις
699 2925 774 2994 μὴ
824 2924 1025 2979 ἐσθίειν
1071 2927 1164 2981 τὸν
1216 2932 1416 3001 χοῖρον,
1452 2933 1571 3004 οὐχὶ
1617 2935 1674 2986 δέ
1712 2935 1779 2988 δι’
1814 2938 1952 2991 ἀκα-

376 3011 627 3085 θαρσίαν·
661 3014 784 3067 ἐπεί
804 3018 943 3069 εἰσιν
972 3017 1107 3071 ἄλλα
1135 3006 1573 3094 ἀκαθαρτότερα,
1601 3025 1676 3089 ὡς
1703 3028 1947 3097 εἴπομεν,

376 3104 468 3155 καὶ
513 3103 931 3178 βιϐρωσκὸμενα
973 3109 1072 3162 καὶ
1112 3113 1265 3183 παρὰ
1310 3111 1587 3179 Ἰουδαίοις
1612 3131 1626 3145 ·
1656 3116 1769 3171 ἀλλ’
1794 3120 1892 3188 οὐχ
1921 3121 1950 3175 ὀ

2067 1932 2302 1986 buerant
2356 1927 2670 1983 veneranda
2717 1934 2774 1981 et
2821 1924 3123 1989 adoranda,
3176 1923 3266 1977 hic
3301 1923 3650 1979 immolarent

2063 2018 2119 2077 et
2162 2021 2545 2085 comederent;
2599 2018 2673 2072 ita
2707 2026 2769 2072 ut
2808 2016 3156 2071 immolantes
3183 2023 3239 2068 et
3269 2013 3647 2082 comedentes,

2062 2130 2173 2168 non
2222 2113 2464 2182 amplius
2496 2113 2856 2165 honorarent.
2894 2109 3059 2164 Suem
3096 2116 3282 2162 autem
3311 2122 3421 2177 quo
3454 2122 3647 2162 vesce-

2063 2204 2262 2257 bantur
2314 2205 2368 2257 in
2393 2202 2646 2274 Egypto,
2688 2200 2950 2271 praaccpit
3001 2200 3106 2253 illis
3156 2214 3226 2253 ne
3266 2201 3641 2260 comederent,

2064 2282 2173 2349 non
2218 2296 2366 2365 quod
2394 2294 2714 2349 immundus
2749 2292 2932 2357 csset,’
2961 2290 3055 2345 sed
3084 2288 3154 2344 ne
3193 2299 3648 2344 converterentur

2062 2386 2324 2441 cordibus
2372 2386 2488 2441 suis
2522 2383 2591 2439 ad
2636 2383 2961 2455 Egyptum:
3008 2391 3064 2438 et
3107 2390 3168 2435 ut
3197 2381 3372 2436 coacti
3401 2397 3498 2435 sue
3534 2396 3643 2435 non

2061 2477 2234 2540 vesci,
2278 2477 2489 2545 reliqua
2547 2475 2806 2529 animalia
2864 2482 3168 2533 sumentes.
3205 2472 3553 2527 immolarent
3587 2481 3644 2527 ct

2061 2568 2455 2630 comcdcrcnt,
2508 2576 2572 2620 ut
2626 2566 2844 2627 bovem,
2900 2565 3137 2628 hircum,
3198 2579 3379 2627 ovem,
3427 2579 3549 2632 quae
3582 2572 3645 2617 ut

2060 2663 2194 2717 deos
2228 2661 2282 2715 in
2320 2660 2552 2731 AEgypto
2585 2658 2864 2712 colebant.
2920 2657 3048 2712 Haec
3090 2672 3287 2726 nempe
3343 2671 3507 2710 causa
3540 2655 3644 2710 fuit

2060 2771 2160 2811 cur
2198 2755 2285 2809 lex
2321 2752 2462 2807 facta
2505 2751 2578 2804 sit
2625 2748 2829 2805 Iudaeis
2862 2764 3016 2803 suem
3066 2764 3178 2803 non
3231 2748 3419 2811 edere,
3460 2763 3642 2816 neque

2059 2856 2287 2918 propter
2315 2842 2756 2908 immunditiam;
2791 2857 2916 2896 cum
2968 2840 3076 2896 sint
3114 2839 3221 2893 alia
3252 2838 3639 2900 immundiora.

2059 2948 2120 2995 ut
2168 2939 2428 3003 diximus,
2461 2936 2668 3007 quibus
2714 2925 2888 2989 JudaEi
2933 2939 3273 2993 vescuntur;
3304 2946 3426 3000 quae
3456 2939 3641 2984 autem

2059 3031 2202 3085 Deus
2227 3045 2337 3083 non
2361 3026 2643 3080 immunda
2669 3024 2801 3079 fecit
2827 3038 2929 3078 nec
2950 3023 3187 3085 vocavit,
3220 3021 3317 3076 sed
3345 3030 3400 3075 et
3421 3020 3640 3076 abunde
3694 3002 3709 3021 χ

2057 3123 2219 3177 nobis
2254 3121 2408 3175 dedit
2465 3120 2532 3174 ad
2582 3100 2948 3179 vescendum,
2987 3123 3043 3170 et
3078 3113 3144 3168 ad
3186 3114 3325 3168 alios
3384 3127 3638 3168 necessa-

376 3194 509 3258 Θεὺς
540 3195 713 3250 ταῦτα
764 3199 1051 3270 ἀκάθαρτα
1094 3202 1368 3274 ἐποίησεν,
1404 3205 1435 3275 ἢ
1475 3193 1780 3275 ὠνόμασεν,
1815 3209 1951 3264 ἀλλὰ

2062 3213 2166 3267 rios
2191 3227 2342 3266 usus.
2376 3209 2616 3273 Etenim,
2666 3217 2867 3278 praeter
2895 3204 3326 3261 immolationem
3371 3213 3428 3258 et
3458 3218 3635 3266 esum,

376 3284 470 3339 καλ⁸
510 3284 630 3339 λίαν
658 3288 957 3358 ἡμῖνάύτὰ
988 3291 1304 3364 ἐδωρήσατο
1348 3296 1570 3356 ἐσθίειν.
1601 3302 1695 3353 καὶ
1723 3303 1801 3364 είς
1830 3303 1950 3356 ἐτέ-

378 3393 477 3444 ρας
502 3379 808 3447 ἀναγκαίας
839 3383 1070 3451 χρήσεις
1096 3385 1269 3443 ταῦτα
1299 3386 1499 3441 ἔδωκεν
1525 3389 1689 3459 ἔχειν·
1720 3394 1814 3446 καὶ
1840 3394 1951 3466 γὰρ

376 3468 547 3538 χωρὶς
572 3469 666 3522 τοῦ
705 3472 979 3540 σφαγῆναι
1014 3477 1111 3528 καὶ
1139 3474 1415 3549 βρωθῆναι
1446 3481 1540 3533 καὶ
1564 3482 1731 3552 ἄλλην
1755 3485 1953 3554 χρῆσιν

377 3558 474 3607 καὶ
516 3556 763 3613 δουλείαν
808 3563 940 3631 ἡμῖν
980 3566 1156 3617 ποιεῖν
1212 3565 1437 3621 δύναται
1467 3570 1495 3620 ὁ
1524 3569 1673 3638 βοῦς,
1722 3573 1784 3624 τὸ
1822 3575 1952 3644 ἀροέ

378 3648 538 3717 τρῑᾷν
578 3650 672 3701 καὶ
716 3651 785 3704 τὰ
832 3651 994 3706 λοιπά
1045 3659 1431 3730 μετακομιδῆς,
1464 3662 1571 3714 καὶ·
1588 3663 1696 3714 τῶν
1748 3664 1951 3718 λοιπῶν

377 3737 703 3805 γεωργικῶν
738 3743 1181 3812 συμπονούμενος
1224 3747 1378 3814 ἡμῖν·
1436 3748 1498 3800 τὸ
1549 3751 1855 3821 πρόϐατον,
1891 3753 1952 3806 τὸ

377 3825 526 3893 ἔριον
562 3826 707 3896 πρὸς,
728 3827 937 3883 ἔνδυσιν
981 3831 1158 3902 ἡμῶν·
1183 3834 1382 3906 ὁμοίως
1407 3837 1502 3891 καὶ
1531 3838 1591 3891 τὸ
1616 3839 1866 3908 αίγίδιον,
1891 3842 1953 3895 τὸ

376 3916 519 3984 γάλα
563 3920 657 3972 καὶ
694 3921 784 3974 τὸν
817 3922 980 3992 τυρὶν
1013 3926 1106 3979 καὶ
1144 3925 1243 3989 τὰς
1288 3927 1500 3999 τρίχας·
1547 3930 1810 3997 ὡσαύτως
1855 3935 1952 3989 καὶ

377 4010 407 4061 ὁ
434 4007 604 4073 κύων,
636 4009 724 4063 διὰ
749 4012 809 4064 τὸ
837 4012 1132 4081 φυλάσσειν
1170 4015 1339 4070 ἐστιν·
1368 4021 1401 4090 ή
1430 4020 1592 4086 κάτα,
1628 4022 1717 4076 διὰ
1746 4024 1808 4077 τὸ
1846 4042 1950 4078 κα-

378 4099 646 4170 θαρίζειν·
681 4102 742 4156 τὸ
775 4104 1029 4174 ὀρνίθιον,
1061 4106 1151 4161 δια
1181 4109 1242 4162 τὸ
1272 4110 1399 4164 ὠύν·
1438 4113 1558 4166 οὐδὲ
1589 4119 1769 4186 χοῖρος
1796 4117 1950 4170 οὐδε-

379 4189 508 4260 μίαν
534 4190 697 4262 ἄλλην
720 4196 918 4264 χρῆσιν
938 4195 1073 4266 ἔχει,
1113 4199 1161 4251 εί
1198 4199 1273 4271 μὴ
1295 4199 1386 4254 διὰ
1408 4201 1469 4254 τὸ
1494 4203 1794 4275 βρωθῆναι,
1828 4207 1951 4262 ἐπεὶ

373 4281 607 4353 ἄκαιρός
638 4285 787 4338 ἐστιν
816 4287 911 4339 καὶ
942 4288 1214 4359 ἄχρηστος
1240 4291 1333 4344 ἐπὶ
1361 4292 1461 4362 τῆς
1490 4294 1615 4362 γῆς·
1638 4296 1948 4369 ἀκάθαρτον

370 4369 432 4422 δὲ
476 4370 632 4440 ὑμεῖς
659 4374 708 4426 οί
749 4375 985 4429 Ἰουδαῖοι
1016 4378 1180 4432 αὐτὸν
1221 4382 1446 4444 ποιεῖτε,
1477 4382 1564 4436 διὰ
1605 4385 1704 4457 τὴν
1745 4387 1950 4455 νηπίαν

370 4461 550 4530 ὑμῶν,
606 4466 682 4535 μὴ
722 4467 896 4545 θέλειν
939 4470 1128 4525 τοῦτον
1168 4471 1486 4544 ὠνήσασθαι
1538 4478 1634 4531 καὶ
1675 4479 1901 4551 τρέφειν
1927 4499 1942 4514 ·
1992 4462 2010 4482 ’

2052 3303 2214 3357 aliam
2263 3288 2557 3356 utilitatém
2612 3296 2695 3354 et’
2729 3297 3098 3353 ministerium
3158 3294 3320 3349 nobis
3380 3303 3637 3363 praestare

2052 3401 2233 3465 potest
2268 3393 2388 3453 bos.
2425 3392 2482 3446 in
2532 3390 2764 3452 arando,
2810 3388 3094 3452 vehendo,
3129 3396 3186 3442 et
3240 3386 3366 3440 aliis
3417 3386 3639 3441 rusticis

2052 3481 2317 3553 operibus
2365 3496 2466 3535 nos
2498 3466 2799 3550 adjuvans;
2833 3479 2976 3542 ovis,
3029 3478 3211 3531 lanam
3243 3476 3311 3530 ad
3343 3475 3635 3531 indumen-

2053 3584 2171 3628 tum
2229 3583 2479 3628 nostrum
2530 3581 2831 3641 praestans;
2889 3568 3149 3624 similiter
3194 3576 3253 3622 et
3304 3583 3491 3637 capra,
3529 3567 3632 3632 lac,

2052 3664 2296 3730 caSeum,
2347 3675 2405 3721 et
2435 3665 2611 3736 pilos;
2642 3666 2797 3720 canis
2825 3664 2892 3718 ad
2927 3662 3345 3718 custodiendam
3380 3661 3631 3725 domum;

2052 3758 2177 3812 telis
2222 3758 2289 3812 ad
2343 3758 2746 3829 mundandam;
2794 3755 2993 3825 gallina
3047 3762 3275 3824 propter
3323 3768 3636 3822 orum,sus

2052 3850 2259 3905 nullam
2294 3849 2468 3903 aliam
2499 3848 2794 3903 utilitatem
2834 3846 3022 3912 habet,
3055 3846 3160 3900 nisi
3202 3854 3262 3900 ut
3286 3844 3631 3904 eomcdatur.

2052 3955 2178 3995 cum
2210 3939 2421 3993 inutilis
2451 3947 2506 3993 et
2538 3938 2736 3992 noxius
2766 3937 2839 3993 sit
2868 3946 3048 3993 terrae.
3072 3936 3420 3991 lmmundum
3451 3945 3631 3991 autem

2051 4046 2170 4093 vos,
2200 4029 2399 4091 Judaei,
2433 4029 2589 4083 illum
2625 4028 2824 4101 facitis,
2865 4045 2964 4099 per
3002 4028 3332 4095 socordiam,
3383 4028 3634 4085 nolentes

2053 4120 2209 4175 illum
2238 4135 2423 4180 emere
2456 4128 2512 4176 et
2541 4120 2790 4186 nutrire;
2825 4135 2951 4175 nam
2987 4120 3032 4175 si
3072 4121 3287 4174 nutrire
3320 4120 3629 4185 volueritis,

2051 4213 2200 4282 quod
2235 4213 2476 4268 comedit
2514 4213 2633 4269 ovis
2665 4223 2721 4269 et
2749 4229 2938 4283 capra,
2982 4213 3087 4285 hoc
3118 4213 3261 4267 idem
3299 4222 3496 4267 natura
3534 4229 3628 4267 co-

2050 4304 2223 4359 medit
2287 4320 2401 4359 sus.
2464 4304 2607 4360 Audi
2666 4313 2850 4360 autem
2913 4305 3251 4375 Scripturam
3306 4304 3626 4359 diccntem:

2057 4413 2075 4447 ι
2107 4395 2258 4451 Vidit
2316 4396 2461 4451 Deus
2498 4406 2700 4450 cuncta
2732 4412 2854 4466 qua:
2885 4397 3109 4463 fecerat,
3158 4405 3214 4451 et
3256 4404 3416 4450 erant
3470 4395 3629 4450 valde

2051 4486 2195 4550 bona
2243 4488 2313 4542 ".
2349 4506 2367 4538 ›

377 4554 837 4652 ἐπεὶ-ἒάν-θέλῃς
870 4561 1091 4631 θρέψειν
1130 4563 1314 4627 αὑτὸν,
1352 4565 1485 4619 εἴτι
1516 4568 1720 4639 τρώγει
1758 4571 1820 4624 τὸ
1862 4574 2134 4644 πρόϐατον
2173 4576 2265 4631 καὶ
2303 4575 2364 4629 τὸ
2395 4574 2621 4644 αἰγίδιον
2652 4617 2666 4638 ,
2733 4574 2871 4647 αὕτη
2905 4576 3052 4630 ἐστὶν
3082 4580 3177 4633 καὶ
3218 4582 3418 4652 ήκατὰ
3464 4579 3627 4650 φύσιν

369 4646 553 4744 τροφὴ,
578 4648 672 4744 τοῦ
701 4652 905 4721 χοίρου·
938 4652 1171 4737 ἄξουσον
1196 4656 1252 4710 δὲ
1282 4657 1383 4729 τῆς
1428 4659 1467 4712 Γ
1474 4662 1652 4733 ραφῆς
1691 4663 1955 4737 λεγούσης
1978 4685 1994 4701 ·
2043 4688 2062 4721 ‹
2098 4670 2204 4737 Καὶ
2258 4665 2400 4723 εἶδεν
2439 4669 2469 4721 ὁ
2522 4667 2657 4732 Θεὸς
2714 4670 2890 4724 πάντα
2938 4672 3039 4726 ὅσα
3074 4646 3349 4744 ἐποίησεν,
3388 4646 3487 4730 καί
3516 4674 3624 4728 ἰδοὺ

369 4741 515 4794 καλὰ
542 4741 681 4798 λίαν.
715 4762 736 4795 ι

439 4858 485 4890 ⁸⁷
525 4859 666 4915 Gen.
705 4876 743 4928 l,
790 4861 880 4916 51.

944 5017 3607 5051 ___________,_________________________

1509 5150 1852 5234 ETEPA
1924 5148 2488 5240 ΕΡΩΤΗΣΙΣ.

1358 5418 1631 5509 ALIA
1714 5424 2675 5549 INTERROGATIO.

448 5674 579 5732 Ἐἀν
605 5674 733 5752 εἴπῃ
778 5695 861 5731 σοι
918 5679 1187 5752 Ἐϐραῖος,
1223 5682 1345 5748 Πῶς
1374 5681 1426 5738 εί
1470 5687 1557 5750 σὺ,
1605 5690 1921 5761 Χριστιανὲ,

2102 5691 2159 5747 Si
2193 5691 2397 5748 dixerit
2450 5693 2549 5748 tibi
2585 5692 2849 5748 Hebraeus
2889 5711 2901 5747 :
2937 5694 3224 5762 Quomodo
3247 5712 3308 5753 cs
3348 5706 3427 5763 tu,
3459 5695 3620 5754 Citri-

365 5767 553 5824 τέκνον
585 5784 677 5822 του
725 5768 992 5842 Ἀϐραὰμ,
1015 5772 1222 5838 ὲθνικδς
1248 5772 1354 5843 ὣν;
1388 5776 1527 5849 ἐρεῖς
1550 5780 1699 5855 αὐτῷ
1719 5799 1731 5812 ·
1755 5784 1910 5838 Κατὰ

2062 5787 2214 5854 .Zane,
2242 5785 2388 5841 ﬁlius
2417 5785 2670 5854 Abrahae,
2704 5786 2922 5859 gentilis
2953 5803 3079 5844 cum
3126 5789 3322 5846 sis?--
3336 5790 3486 5848 dices
3508 5790 3614 5847 illi:
