3988 6142
285 367 416 434 1277

1284 376 1745 438 DISPUTATlO
1782 376 2183 440 ADVERSUS
2222 378 2551 444 JUDJEOS.

3421 386 3557 455 1278

282 485 472 552 στῆσαι
502 477 705 545 αὕτὸῊ
772 478 891 545 πῶς
940 480 1033 534 τὸν
1058 480 1377 554 -εὐεργὲτην
1435 486 1854 557 ἀπολιμπάνων,

1965 484 2253 558 Egyptum
2292 488 2495 544 reverti
2530 488 2829 560 cupiebas?
2873 492 3167 563 responde.
3203 494 3443 553 Evideus
3470 508 3559 556 est

279 574 369 630 ἐπὶ
398 572 500 645 τὴν
529 571 806 639 Αἴγυπτον
839 572 1270 646 παλινδρομῆσαι
1297 577 1685 647 ὲφιλονείκειςς
1725 580 1873 634 ἀπό--

279 682 482 738 γριναι·
514 661 735 734 εὔδηλον
762 664 877 728 οὖν,
904 665 987 719 ὅτι
1012 669 1039 718 ὁ
1060 666 1221 731 αὐτὸς
1248 663 1300 722 εἶ
1327 670 1423 722 καὶ
1448 670 1547 723 οὐκ
1568 671 1864 741 ἡλλοίωσαι

279 758 307 810 6
336 755 455 810 τότε
480 754 917 827 σκληροκάρδιος
945 758 1040 811 καὶ
1072 758 1205 833 περὶ
1232 758 1323 813 τὸν
1350 760 1646 832 εὐεργέτην
1682 763 1861 832 ἀγνώ⁴

284 864 420 919 μων,
456 847 486 899 6
522 846 687 910 αὐτὸς
737 846 979 918 δηλονότι
1026 849 1121 902 καὶ
1173 848 1268 903 νῦν
1311 850 1339 903 6
1378 851 1729 922 ἐκπειράζων
1772 853 1864 907 τὸν

279 937 411 991 Θεόν
430 954 444 968 ·
474 937 597 992 τότε
620 938 713 992 καὶ
739 938 935 1007 λέγων’
970 940 1030 993 Εἰ
1057 939 1203 995 ἔστιν
1224 944 1283 996 ὲν
1300 943 1430 1013 ἡμῖν
1456 929 1684 1014 Κύριος,
1707 944 1740 1016 ἦ
1765 943 1858 1014 οὖς

277 1029 345 1084 τὰ
368 1030 510 1084 αὐτά
540 1033 713 1094 ποιεῖς
752 1032 838 1084 ἐπ’
872 1031 1022 1102 αὑτῷ
1060 1034 1153 1087 καὶ
1180 1033 1276 1087 νῦν
1307 1034 1493 1088 ὄτε.δι⁹
1524 1037 1687 1107 ἡμᾶς
1704 1038 1863 1109 ἐνην-

282 1120 617 1194 θρώπησενο
674 1123 907 1192 ὀφείλων
947 1123 1257 1197 ὁλοσχερῶς
1314 1128 1658 1198 εὐχαριστεῖν
1714 1128 1864 1200 αὐτῷ

281 1213 469 1269 τούτου
525 1213 735 1269 ἕνεκεν·
768 1214 914 1270 καθά
961 1235 1064 1271 που
1097 1219 1317 1283 πάντως
1362 1219 1458 1274 καὶ
1511 1221 1718 1290 ἐπὶτῷ
1752 1221 1864 1275 τῶν

281 1307 614 1377 σωματικῶν
673 1307 864 1362 παθῶν
918 1310 1091 1380 ίατρῷ
1135 1313 1312 1364 ποιεῖν
1361 1310 1657 1383 εἰώθαμεν,
1697 1313 1863 1384 ἡνίκα

280 1398 373 1451 καὶ
408 1398 611 1469 μᾶλλον
641 1398 735 1452 ἐπὶ
760 1398 851 1452 τὸν
882 1401 1143 1454 νοσοῦντα
1170 1401 1375 1472 βαδίζει
1404 1402 1634 1472 συχνῶς,
1661 1402 1755 1456 καὶ
1787 1403 1861 1474 μὴ

278 1489 417 1559 πρὸς
443 1490 505 1542 τὸ
549 1490 748 1545 ἑαυτοῦ
791 1490 1018 1561 ἀφορῶν
1056 1491 1275 1563 ἀξίωμα
1308 1493 1614 1563 συγκύπτει
1648 1494 1746 1548 ἐπὶ
1792 1494 1863 1548 τὰ

278 1580 429 1652 πάθη
468 1581 566 1635 καὶ
597 1580 866 1646 δυσωδίας
898 1584 1178 1654 ἀνέχεται,
1214 1584 1303 1638 ἵνα
1345 1586 1421 1657 δῷ
1451 1587 1550 1656 τὴν
1576 1587 1762 1656 ὑγείαν
1787 1586 1865 1657 τῷ

158 1702 171 1707 ~
276 1673 563 1743 κάμνοντι.

346 1765 413 1819 Ei
431 1767 488 1820 δὲ
517 1764 692 1823 ταῦτα
723 1767 899 1833 οὕτως
922 1767 1065 1840 ἔχει,
1089 1769 1207 1833 πῶς
1239 1770 1599 1841 ἀμφιϐάλλεις
1630 1771 1707 1826 ἔτι
1730 1773 1859 1845 περὶ

274 1858 708 1927 τρισυποστάτου
749 1858 1040 1930 θεότητοςς
1101 1849 1245 1926 πῶς⁸
1274 1863 1335 1915 οὐ
1389 1865 1723 1933 προσκυνεῖς
1766 1863 1860 1917 τὸν

272 1949 445 2014 Υἰόν;
493 1949 611 2015 πῶς
649 1952 711 2004 οὐ
752 1953 1040 2018 πιστεύεις
1078 1953 1157 2025 τῷ
1197 1954 1510 2025 Πνεύματι;
1573 1956 1714 2015 ’Λλλ’
1767 1958 1863 2012 ἕνα

274 2037 543 2109 κηρύσσει
562 2040 696 2093 Θεὸν
734 2043 768 2112 ἠ
799 2041 1015 2114 Γραφή.
1046 2044 1164 2098 ’Καὶ
1210 2045 1264 2098 τί
1303 2046 1409 2116 χρὴ
1443 2046 1616 2101 πολλά
1640 2047 1859 2116 λέγειν;

274 2129 417 2200 ἄφες
444 2132 536 2186 τὸν
580 2131 829 2198 Ἡσαΐαν,
859 2135 1188 2208 παράδραμε
1212 2135 1305 2191 τὸν
1338 2138 1525 2202 Δαόὶδ,
1555 2140 1650 2193 καὶ
1680 2142 1862 2195 πᾶσαν

274 2220 471 2292 ἑτέραν
503 2222 751 2307 Γραφὴν,
784 2224 850 2277 δι’
875 2217 950 2282 ὦν
974 2227 1009 2297 ἡ
1061 2226 1359 2300 ζωαρχικὴ
1400 2228 1569 2300 Τριὸις
1623 2230 1862 2300 μεγαλο-

274 2312 475 2381 (ptimo;
514 2313 915 2399 xqpéaustar‘
955 2319 1050 2372 ἐπὶ
1111 2318 1209 2391 τὴν
1259 2320 1467 2391 σκηνὴν
1520 2320 1713 2376 ἄνελθε
1766 2324 1861 2376 τοῦ

283 2403 568 2475 Ἀϐραὰμ,
624 2405 721 2461 καὶ
772 2408 1048 2477 σκόπησον
1078 2410 1343 2480 ἀκριϐῶς,
1366 2411 1511 2476 τινες
1538 2430 1598 2466 τε
1628 2409 1768 2485 ἦσαν
1811 2414 1861 2468 οἱ

271 2495 534 2564 ὀφθέντες
562 2497 735 2569 αὐτῷ,
775 2501 871 2554 καὶ
918 2502 1076 2555 πόσοι
1109 2503 1203 2557 τὸν
1248 2503 1504 2574 ἀριθμὸν,
1531 2505 1632 2559 ὅσα
1670 2521 1731 2559 τε
1760 2506 1864 2561 καὶ

269 2581 362 2640 οἷα.
413 2586 551 2654 πρὸς
581 2590 781 2652 αὐτοὺς
810 2590 839 2641 6
869 2592 1221 2664 πατριάρχης
1267 2594 1536 2666 λελάληκε
1561 2612 1576 2628 ·
1610 2596 1862 2671 καθάπερ

268 2680 385 2751 γὰρ
412 2679 618 2757 ’τελείῳ
662 2682 762 2753 τὴν
810 2683 1017 2752 γνῶσιν
1063 2685 1176 2739 ὖντι
1223 2686 1300 2757 τῷ
1347 2687 1622 2761 Ἀϐραὰμ,
1656 2693 1753 2745 καὶ
1788 2692 1863 2754 ὼς

268 2774 431 2844 τρεῖς
470 2774 777 2844 ἐφαίνοντο,
809 2776 904 2831 καὶ
933 2778 1010 2841 ὡς
1032 2774 1115 2842 εἷς
1147 2779 1477 2850 διελέγοντο,
1496 2782 1640 2837 οὕτω
1669 2786 1863 2838 κάκεῖ-

267 2884 363 2931 νος
417 2868 655 2923 ἐποιεῖτο
708 2869 846 2941 πρὸς
896 2871 1095 2933 αὐτοὺς
1135 2872 1236 2944 τὴν
1280 2873 1539 2939 διάλεξινο
1579 2896 1599 2928 ι
1652 2877 1864 2931 Ἐκκλί..

269 2975 433 3021 νατε,
460 2959 659 3030 Κύριε,
706 2961 881 3031 λέγων
912 2962 1048 3033 πρός
1081 2981 1171 3034 με.
1210 2984 1228 3016 ι
1283 2964 1348 3019 Τί
1372 2967 1566 3022 τούτου
1599 2968 1710 3038 γὰρ
1740 2967 1862 3022 ἀδο-

269 3051 495 3122 ξότερον
519 3070 535 3119 ;
562 3053 628 3133 ,τί
653 3053 752 3133 τῆς
783 3055 1052 3127 ὀμοτίμου
1085 3057 1315 3127 Τριάδος
1337 3061 1856 3131 ἑμφαντικώτερονς

280 3144 635 3199 Ἐκκλίνατε
677 3145 776 3215 μὲν
810 3141 907 3200 οὖν
939 3147 1318 3219 πληθυντικῶς
1343 3148 1534 3215 εἰπὼν,
1572 3151 1635 3205 τὸ
1670 3151 1859 3221 διάφοο
1886 3183 1933 3245 C

272 3253 367 3306 ρον
417 3236 526 3290 τῶν
568 3238 882 3307 προσώπων
910 3239 1132 3312 ¹τινίξιιιιιῖο
1151 3257 1169 3275 ο
1197 3243 1421 3311 Κύριος
1464 3244 1509 3301 δ’
1540 3241 1610 3298 αὖ
1641 3244 1860 3312 ἑνικῶς,

266 3327 370 3400 τὴν
420 3329 552 3399 μίαν
578 3330 760 3385 αὐτῶν
785 3332 1013 3403 ἐνέφηνε
1052 3334 1215 3403 φύσιν
1245 3335 1340 3389 καὶ
1374 3336 1691 3407 κυριότηταο
1723 3340 1772 3391 εί
1803 3337 1862 3392 δὲ

266 3420 410 3474 Θεὸν
436 3420 536 3489 μὲν
565 3418 707 3475 εἶναι
737 3422 825 3477 τὸν
859 3423 955 3481 ἕνα
989 3425 1189 3494 λέγεις,
1219 3426 1485 3495 ἀγγέλους
1510 3428 1577 3483 ,δὲ
1601 3430 1727 3494 τοὺς
1748 3430 1862 3484 λοι-

269 3512 439 3577 ποὺς,
470 3513 723 3585 μέμηνας
741 3516 1004 3587 ἀτεχνῶς,
1032 3519 1130 3572 καὶ
1159 3519 1377 3587 γελοῖός
1405 3538 1496 3591 μοι
1532 3523 1697 3595 φαίνῃ
1718 3540 1860 3577 παν-

265 3603 504 3656 τάποισυ
536 3605 668 3659 πότε
707 3605 815 3678 γὰρ
840 3608 891 3661 oi
933 3607 1113 3663 δοῦλοι
1142 3611 1223 3681 τῷ
1243 3611 1493 3685 Δεσπότῃ
1527 3614 1861 3682 συγκαθίσαι

266 3694 611 3766 ήνέσχοντος
654 3699 786 3752 πότι
814 3700 860 3753 δ’
901 3696 971 3755 αὖ
1019 3701 1155 3757 Θεοῦ
1207 3702 1601 3775 ὁπτανομινου,
1630 3707 1725 3761 δύο
1766 3711 1862 3763 καὶ

270 3790 477 3860 μόνους
504 3790 773 3858 ἀγγέλους
798 3792 1236 3866 δορυφοροῦντας
1290 3799 1644 3871 ἡκούσαμενς
1676 3802 1861 3856 fartors

266 3881 407 3951 γοῦν
453 3882 720 3953 ὁμότιμός
766 3901 826 3944 τε
876 3887 972 3941 καὶ
1016 3888 1307 3959 σύνθρονος
1372 3890 1502 3959 ἁγία
1562 3893 1732 3962 Τριάς
1781 3894 1862 3967 τῷ

278 3971 538 4043 Ἀϐραὰμ
566 3975 915 4045 ὲγνωρίζετο.
940 3977 1172 4050 Timeo;
1202 3979 1372 4033 ταῦτα
1408 3982 1556 4053 (pm;
1594 3982 1673 4047 ὡς
1713 3983 1861 4039 κύων

267 4065 365 4117 καὶ
400 4062 559 4128 αὖθις
590 4068 732 4119 κατά
767 4067 869 4138 τῆς
907 4068 1168 4140 ἀληθείας
1206 4071 1448 4144 λυττᾷςς
1496 4073 1626 4127 είὲν
1664 4075 1861 4146 Τριάδι

266 4155 448 4225 λέγων
498 4159 527 4210 6
564 4157 701 4223 Θεὸς
745 4164 1155 4229 προσκυνεΡιαι,
1188 4164 1274 4217 ἵνα
1324 4165 1378 4217 τί
1431 4182 1501 4235 με
1557 4168 1711 4238 παρὰ
1750 4169 1861 4222 τῶν

267 4245 571 4317 προφητῶν
604 4248 877 4331 ἀριδήλως
928 4251 999 4305 τὰ
1040 4253 1172 4323 περὶ
1226 4252 1420 4308 τούτου
1450 4254 1749 4328 διεμηνύθη
1783 4257 1861 4328 τῷ

276 4336 542 4407 Ἰσραήλς
584 4339 694 4393 Καὶ
725 4340 894 4395 ἄκουε
927 4343 986 4396 ἐν
1015 4343 1280 4416 Δίγύπτῳ
1310 4345 1482 4400 πάλαι
1512 4348 1607 4402 τὸν
1641 4349 1860 4419 Ἰσραὴλ

263 4427 526 4483 πλεῖστον
563 4430 923 4502 διατρίψαντα
953 4435 1167 4505 χρόνον,
1195 4438 1307 4507 καὶ,
1324 4437 1422 4511 τὴν
1448 4438 1721 4494 τωλύθεον
1748 4440 1858 4494 τῶν

1966 579 2158 653 igitur,
2190 590 2243 637 te
2268 581 2526 638 eumdem
2553 598 2675 641 esse
2703 599 2807 643 nec
2836 595 3129 653 mutatum,
3161 589 3255 659 qui
3290 599 3422 645 tunc
3454 590 3554 646 du-

1966 688 2063 728 rus
2086 672 2255 728 corde
2280 681 2337 728 et
2364 673 2420 727 in
2449 672 2860 730 benefactorem
2896 676 3146 748 ingratus
3183 678 3377 745 fueris,
3412 681 3557 737 idem

1964 767 2252 823 evidenter
2301 775 2365 833 et
2405 783 2556 823 nunc
2610 776 2830 828 tentans
2878 770 3069 824 Deum.
3122 771 3280 827 Tunc
3332 790 3556 844 quoque

1964 858 2145 913 dicis:
2179 858 2348 914 Estne
2382 859 2645 915 Dominus
2693 856 2878 925 nobis,
2922 863 3147 916 annon?
3197 864 3389 919 eadem
3421 865 3558 920 facis

1964 948 2022 1003 in
2071 948 2227 1003 illum
2270 965 2419 1007 nunc
2464 965 2591 1005 cum
2638 959 2865 1021 propter
2894 966 2998 1006 nos
3026 951 3192 1007 homo
3226 952 3406 1008 factus
3434 964 3546 1022 est;

1964 1041 2096 1096 dum
2150 1040 2387 1097 deberes
2438 1051 2587 1098 totus
2635 1042 2707 1097 ob
2757 1044 2900 1099 hanc
2952 1059 3175 1099 causam
3230 1045 3289 1100 in
3352 1049 3554 1117 gratias

1964 1150 2280 1205 erumpere,
2313 1137 2459 1192 sicut
2481 1137 2710 1192 omnino
2744 1138 2805 1192 in
2830 1139 3200 1208 corporalium
3231 1139 3553 1195 morborum

1966 1227 2183 1283 medico
2208 1243 2368 1299 agere
2397 1229 2660 1295 solemus,
2691 1230 2913 1299 quando
2938 1230 3242 1299 praesertim
3280 1239 3555 1301 aegrotan-

1968 1330 2075 1381 tem
2107 1322 2295 1381 visitat
2342 1323 2685 1393 frequenter,
2717 1333 2774 1379 et
2804 1324 3012 1383 nullam
3044 1324 3113 1380 de
3158 1340 3258 1380 sua
3288 1325 3555 1396 dignitate

1965 1420 2235 1476 rationem
2277 1421 2498 1478 habens
2553 1423 2939 1493 aegritudinem
3002 1423 3223 1493 inspicit
3271 1432 3328 1478 et
3381 1423 3554 1478 malos

1965 1511 2168 1567 odores
2194 1513 2451 1579 sustinet,
2482 1524 2546 1570 ut
2580 1513 2872 1570 sanitatem
2903 1513 2996 1570 det
3027 1515 3335 1586 aegrotanti.

2037 1776 2192 1844 Quod
2240 1777 2285 1832 si
2333 1779 2406 1833 ita
2453 1793 2512 1833 se
2544 1778 2663 1832 haec
2694 1777 2968 1841 habeant,
3013 1777 3292 1848 quomodo
3328 1776 3556 1833 dubitas

1970 1870 2152 1925 adhuc
2175 1870 2243 1926 de
2269 1870 2410 1925 trina
2435 1870 2490 1924 in
2522 1868 2899 1925 subsistentiis
2924 1868 3253 1923 divinitate?
3274 1868 3556 1938 quomodo

1969 1962 2168 2017 Filium
2222 1976 2334 2015 non
2393 1961 2625 2017 adoras?
2670 1960 2950 2030 quomodo
3000 1959 3058 2014 in
3117 1959 3386 2030 Spiritum
3443 1975 3554 2015 non

1969 2054 2358 2110 credis?—-At
2404 2068 2576 2107 unum
2625 2052 2799 2108 Deum
2849 2051 3111 2122 pmdicat
3159 2050 3556 2122 Scriptura.—

1968 2145 2111 2213 Quid
2142 2145 2365 2215 prodest
2408 2144 2580 2200 multa
2622 2143 2849 2199 dicere?
2891 2142 3045 2197 Mitte
3087 2143 3305 2208 Isaiam,
3334 2144 3552 2213 praeteri

1970 2238 2161 2299 Dat-ill,
2207 2246 2263 2292 et
2308 2251 2526 2291 omnem
2573 2235 2843 2305 reliquam
2876 2233 3239 2305 Scriptorum,
3270 2248 3370 2303 per
3412 2248 3554 2303 quos

1967 2326 2172 2384 aeterna
2205 2328 2363 2382 Trias
2389 2343 2583 2398 magna
2607 2342 2742 2382 voce
2776 2326 3137 2396 praedicatur;
3168 2324 3459 2395 ingredere
3497 2324 3553 2379 in

1968 2423 2203 2478 Abrahae
2252 2420 2689 2486 tabernaculum,
2740 2426 2797 2474 et
2838 2419 3068 2473 adverte
3114 2409 3294 2481 caute,
3327 2417 3554 2486 quinam

1967 2516 2175 2571 fuerint
2206 2514 2300 2585 qui
2345 2513 2422 2568 illi
2452 2517 2850 2583 apparuerunt,
2886 2520 3021 2580 quot
3050 2523 3305 2575 numero,
3346 2516 3403 2563 et
3430 2524 3555 2577 qua:

1967 2614 2025 2663 et
2047 2606 2227 2676 qualia
2250 2605 2316 2659 ad
2344 2605 2467 2659 illos
2496 2601 2811 2672 patriarcha
2841 2601 3063 2655 locutus
3090 2599 3277 2654 fuerit.
3306 2598 3376 2654 Ut
3404 2597 3554 2651 enim

1966 2701 2270 2771 perfectam
2303 2695 2673 2767 cognitionem
2716 2692 2964 2756 habenti,
2992 2689 3225 2746 Abraha:
3259 2690 3411 2743 velut
3442 2694 3558 2742 tres

1968 2799 2363 2863 apparuerunt,
2399 2798 2456 2845 et
2490 2797 2750 2857 tanquam
2783 2800 2926 2840 unus
2965 2783 3358 2854 loquebantur,
3395 2780 3554 2835 simi-

1966 2883 2206 2953 literque
2229 2890 2283 2937 et
2311 2882 2427 2950 ipse
2452 2875 2892 2936 accommodavit
2917 2890 3078 2931 suum
3106 2874 3171 2928 ad
3197 2874 3323 2927 illos
3346 2886 3556 2926 sermo-

1966 2991 2094 3031 nem
2120 2993 2138 3032 :
2171 2994 2189 3026 ι
2222 2973 2526 3034 Declinate,
2555 2970 2785 3026 Domine
2811 2965 3059 3038 (inquit),
3083 2965 3152 3020 ad
3178 2980 3266 3019 me
3293 2965 3332 3017 ³.
3364 2983 3383 3015 ι
3410 2960 3556 3028 Quid

1965 3068 2112 3123 enim
2144 3074 2465 3122 extraneum
2502 3063 2706 3133 magis?
2739 3060 2873 3132 quid
2924 3059 3122 3115 melius
3149 3055 3419 3127 aequalem
3450 3053 3553 3107 ho-

1965 3174 2100 3213 nore
2144 3155 2399 3211 Triadem
2445 3153 2789 3210 declararet?
2833 3152 3103 3207 Declinate
3147 3148 3434 3221 pluraliter
3468 3145 3557 3200 di-

1963 3263 2117 3305 cens.
2135 3246 2512 3305 diversitatem
2533 3256 2897 3316 personarum
2922 3240 3283 3312 signiﬁcavit;
3306 3237 3551 3301 Domine,

1963 3338 2317 3410 singulariter
2338 3352 2504 3393 unam
2524 3351 2714 3397 earum
2739 3334 3005 3390 indicavit
3029 3340 3283 3388 naturam
3299 3340 3355 3386 et
3377 3343 3551 3385 unum

1963 3429 2328 3487 dominatum.
2357 3428 2592 3495 Quod-si
2630 3429 2803 3484 Deum
2840 3442 2964 3483 esse
3007 3441 3181 3481 unum
3212 3425 3374 3489 dicis,
3421 3425 3553 3479 reli-

1962 3536 2103 3590 quos
2126 3535 2261 3577 vero
2287 3518 2533 3589 angelos,
2568 3517 2775 3572 deliras
2812 3516 3004 3581 stulte,
3026 3522 3088 3569 et
3117 3513 3389 3569 ridiculus
3414 3512 3553 3567 mihi

1962 3611 2188 3671 omnino
2218 3612 2444 3667 videris.
2481 3609 2715 3677 Quando
2759 3609 2911 3665 enim
2960 3606 3106 3664 servi
3142 3621 3270 3661 cum
3318 3605 3555 3660 Domino

1962 3704 2153 3760 sedere
2183 3702 2436 3773 permissi
2469 3700 2631 3758 sunt?
2657 3699 2881 3772 quando
2922 3699 3036 3754 Deo
3064 3708 3385 3768 apparente,
3413 3695 3555 3752 duos

1962 3796 2142 3851 solum
2174 3794 2397 3864 angelos
2425 3788 2842 3849 satellitesvesse
2867 3789 3221 3845 audivimus?
3247 3788 3327 3843 Ex
3360 3804 3428 3844 eo
3452 3787 3554 3858 igi-

1964 3892 2054 3939 tur
2108 3893 2355 3954 tempore
2407 3882 2637 3952 aequalis
2688 3881 2902 3936 honore
2953 3890 3010 3934 et
3060 3879 3308 3950 potentia
3360 3886 3552 3933 sancta

1962 3977 2122 4031 Trias
2153 3975 2384 4029 Abrahae
2419 3973 2638 4044 cognita
2684 3972 2809 4028 fuit.
2858 3971 2999 4038 Quid
3038 3971 3105 4026 ad
3146 3972 3263 4027 haec
3306 3968 3556 4025 dixeris?

1961 4084 2029 4123 an
2063 4067 2215 4121 velut
2242 4065 2396 4121 canis
2427 4064 2664 4134 amplius
2693 4070 2885 4117 contra
2917 4061 3212 4117 veritatem
3241 4060 3461 4116 rabias?
3482 4089 3554 4107 --

1960 4158 2016 4214 Si
2050 4158 2102 4212 in
2130 4157 2352 4222 Triade,
2385 4156 2547 4221 dicis,
2582 4156 2726 4210 Deus
2749 4152 3035 4217 aduratur,
3063 4169 3162 4208 cur
3195 4169 3227 4208 a
3257 4152 3554 4223 prophetis

1959 4251 2107 4306 clare
2158 4251 2274 4305 haec
2322 4265 2432 4302 non
2481 4247 2730 4317 exposita
2781 4255 2913 4302 sunt
2946 4245 3151 4300 Israel?
3173 4276 3242 4286 -—-
3265 4244 3407 4300 Audi
3444 4262 3457 4297 :
3490 4243 3553 4298 in

1957 4341 2191 4412 Egypto
2233 4341 2365 4395 olim
2422 4339 2588 4393 Israel
2643 4339 2806 4408 longo
2838 4348 3086 4409 tempore
3131 4345 3462 4402 morantem,
3493 4344 3553 4391 et

1960 4433 2277 4503 polytlieum
2308 4429 2688 4505 (Egyptiurum
2731 4428 2942 4483 cultum
2971 4436 3417 4499 cognoscentem,
3440 4442 3548 4481 non

262 4522 583 4590 Αἰγυπτίων
617 4524 976 4594 μεμαθηκότα
1002 4526 1323 4599 θρησκείαν,
1360 4532 1461 4585 οὐκ
1502 4533 1750 4603 ἐναργῶς
1790 4535 1858 4588 τὰ

1965 4524 2111 4577 clara
2151 4522 2221 4577 de
2253 4520 2475 4584 Triade,
2505 4520 2605 4590 qui
2630 4520 2818 4575 omnia
2858 4521 2926 4575 ad
2981 4520 3277 4576 utilitatem
3310 4518 3551 4578 utimini-

262 4613 399 4681 περὶ
428 4610 528 4681 τῆς
568 4614 799 4684 Τριάδος
821 4619 849 4669 6
873 4617 1050 4671 πάντα
1072 4619 1208 4691 πρὸς
1234 4619 1296 4673 τὸ
1337 4622 1619 4693 συμφέρον
1647 4625 1856 4687 οίκονοτ

269 4702 388 4771 μῶν
430 4702 564 4767 Θεὸς
603 4704 951 4768 ἑξεπαίδευσε
994 4708 1266 4777 δόγματα,
1320 4712 1410 4766 ἵνα
1456 4698 1531 4783 μὴ
1582 4714 1856 4785 πρόφασιν

265 4791 519 4846 ἐντεῦθεν
540 4793 830 4860 πολυθεῖας
842 4795 1043 4861 λαϐὼν,
1071 4802 1153 4864 είς
1173 4803 1273 4871 τὴν
1292 4801 1402 4855 τῶν
1426 4804 1744 4869 Α’ίγυπτὶων
1761 4806 1856 4859 xui.

264 4880 427 4948 αὖθις
476 4887 823 4960 ἑπαναζεύξῃ
861 4890 1106 4960 πλάνηνο
1153 4894 1240 4961 ἐφ’
1279 4887 1325 4962 ᾧ
1372 4894 1435 4947 τὺ
1480 4896 1582 4959 τῆς
1624 4896 1855 4968 Τριάδος

268 4977 570 5049 μυστήριον
602 4981 785 5049 σοφῶς
830 4985 1006 5055 πάντη
1046 4985 1143 5037 καὶ
1174 4986 1538 5056 οίκονομικῶς
1568 4987 1855 5042 συνεσκία-

266 5085 382 5123 σεν·
420 5073 469 5123 εἰ
500 5072 607 5140 γὰρ
647 5075 705 5139 ἐξ
737 5075 911 5146 ἀρχῆς
944 5076 1116 5146 αὐτῆς
1145 5078 1272 5140 τοὺς
1305 5077 1545 5138 τελείους
1586 5081 1857 5151 προσενή-

258 5176 390 5229 νοχε
421 5161 635 5230 λόγους,
667 5165 884 5239 πάντως
919 5165 987 5218 ἂν
1009 5166 1039 5218 6
1067 5165 1434 5230 δὐσκάθεκτος
1450 5168 1852 5240 ἀπεσκίρτησεγ

278 5251 520 5324 Ἰσραὴλ,
552 5255 648 5308 καὶ
683 5256 820 5326 πρὸς
849 5257 943 5310 τὸν
988 5256 1183 5329 πρώην
1232 5257 1701 5329 ἐπαλινδρόμησεν
1736 5260 1849 5314 ὄλε-

264 5341 419 5411 (ἔρον⁹
451 5345 500 5396 εἰ
532 5345 644 5416 γὰρ
684 5348 778 5401 καὶ
811 5348 1053 5402 τοιοῦτον
1095 5349 1308 5404 ἀκούων
1340 5351 1512 5412 οὐδὲν,
1544 5353 1707 5405 αὑτοῦ
1755 5353 1855 5422 μὲν

263 5432 361 5484 τοῦ
385 5434 507 5498 ἑνὸς
528 5437 923 5494 ἐπελανθάνετο
944 5440 1069 5494 καθ’
1094 5441 1245 5512 ὤραν
1274 5441 1432 5506 Θεοῦ,
1466 5443 1769 5513 ὁλοσχερῶς
1797 5445 1859 5499 δὲ

263 5523 365 5589 τῆς
385 5525 767 5598 Αἰγυπτιακῆς
795 5530 1049 5594 ἀσεϐείας
1074 5531 1360 5602 ἐξήρτητο,
1381 5531 1433 5585 τί
1453 5532 1554 5585 οὐκ
1577 5532 1641 5585 ἂν
1666 5533 1856 5606 ἐποίη-

268 5628 388 5679 σεν,
434 5620 487 5672 ετ
534 5636 597 5687 γε
631 5622 975 5693 παραχρῆμα
1027 5626 1300 5696 κατήκοος
1340 5625 1572 5695 Τριάδος
1599 5624 1854 5694 ὲγένετο;

1962 4622 2120 4675 strat.
2156 4613 2303 4668 Deus
2336 4612 2563 4666 tradidit
2595 4610 2874 4681 dogmata,
2923 4627 2994 4666 ne
3030 4610 3160 4665 inde
3203 4609 3554 4667 occasionem

1961 4686 2312 4777 p'ilytheismi
2357 4718 2603 4766 sumens,
2637 4701 2692 4756 in
2734 4718 2982 4758 errorem
3012 4701 3389 4774 [Egyptiorum
3422 4717 3553 4756 rura

1960 4816 2056 4864 sus
2104 4797 2396 4863 incideret.
2428 4794 2799 4862 Quamobrem
2848 4794 3070 4849 Triadis
3111 4795 3431 4866 mysterium
3460 4810 3549 4849 sa«

1960 4894 2178 4963 pienter
2220 4888 2517 4943 admodum
2552 4897 2609 4942 et
2642 4886 2858 4943 utiliter
2904 4886 3262 4942 inumbravit.
3299 4885 3354 4942 Si
3399 4887 3552 4945 enim

1960 4999 1991 5038 a
2037 4981 2307 5053 principio
2373 4990 2626 5050 apertum
2678 4979 2747 5035 de
2807 4980 2900 5035 illa
2946 4995 3261 5035 sermonem
3308 4979 3550 5046 tulisset,

1961 5075 2184 5131 omnino
2215 5075 2475 5128 restitans
2499 5072 2819 5127 calcitraret
2856 5073 3046 5136 Israel,
3073 5081 3131 5129 et
3164 5072 3228 5126 ad
3256 5069 3550 5143 pristinam

1961 5174 2333 5223 reverteretur
2372 5165 2767 5236 perditionem.
2817 5164 2874 5218 Si
2924 5165 3073 5221 enim
3125 5164 3260 5218 nihil
3294 5163 3399 5217 tale
3446 5177 3547 5215 auc

1960 5261 2139 5326 diens,
2188 5260 2365 5331 ipsius
2418 5260 2585 5313 unius
2629 5258 2723 5314 Dei
2776 5258 3042 5312 continuo
3090 5255 3549 5318 obliviscebatur,

1960 5368 2296 5423 prorsusque
2349 5367 2416 5406 ex
2476 5350 2855 5420 Egyptiorum
2916 5347 3199 5416 impietate
3250 5343 3550 5415 pendebat.
3601 5380 3606 5386 -

1961 5445 2095 5516 quid
2130 5460 2241 5498 non
2270 5445 2494 5515 egisset,
2538 5442 2583 5495 si
2623 5440 2808 5495 statim
2839 5440 2908 5495 de
2936 5438 3137 5493 Triade
3166 5446 3354 5507 aperte
3383 5432 3545 5489 audis

1960 5537 2170 5592 visset?
2200 5536 2302 5591 hos
2334 5536 2483 5605 ipsos
2515 5532 2887 5589 existimasset
2915 5531 2990 5587 ob
3030 5543 3322 5583 numerum
3357 5526 3551 5586 videre

1965 5627 2103 5683 deos
2122 5628 2344 5682 multos
2366 5625 2462 5696 qui
2493 5626 2547 5678 ian
2574 5622 2808 5694 tEgypto
2833 5620 3230 5686 adoraliantur.

267 5709 466 5770 αὐτοὺς
498 5712 565 5767 ἂν
593 5714 836 5781 ἐκείνους
864 5716 1039 5772 ἐδόκει
1083 5717 1172 5773 διὰ
1221 5719 1280 5773 τὸ
1317 5716 1523 5790 πλῆθος
1557 5719 1688 5794 ὁρᾷν
1718 5720 1844 5785 τοὺς
1882 5719 1941 5777 ὲν
1969 5720 2230 5793 Δίγύπτῳ
2272 5715 2785 5793 προσκυνουμένους
2819 5712 3183 5787 παμπόλλους
3222 5708 3402 5779 θεούς.

341 5820 364 5858 ³
393 5818 532 5882 Gen.
567 5841 721 5896 xvut,
749 5827 805 5884 5.
