3988 6142
464 321 603 392 19.79

453 533 710 592 Christus
752 538 1030 597 hominem
1061 560 1119 598 se
1156 561 1299 613 esse,
1334 565 1443 603 non
1483 559 1663 607 tamen
1737 555 1930 622 Deum,
1979 568 2037 613 ut

460 637 517 682 tu
548 630 787 697 testaris,
822 632 1064 700 diccbat,
1101 651 1202 691 cur
1228 654 1355 694 eum
1381 644 1740 699 crucifixisti?
1768 663 1877 702 non
1906 666 2035 719 pro-

454 727 578 788 pter
612 719 751 774 hoc?
788 732 843 777 et
875 739 1047 792 quare
1084 726 1533 799 igitur?-—-Quia
1574 735 1749 804 legem
1796 738 2035 795 violabat

453 815 510 863 et
540 809 780 866 Sabbata
804 813 1072 873 solvebat.
1095 849 1166 858 -—
1187 820 1254 875 Et
1285 826 1562 891 quomodo
1596 827 1702 883 hoc
1745 829 1877 900 egit,
1911 831 2035 887 dic?

450 901 599 970 quod
624 904 984 976 paralyticum
1016 907 1073 962 in
1102 909 1346 967 Sabbato
1373 916 1656 973 ambulare
1690 918 1856 975 fecit?
1883 923 2030 991 quod

451 988 875 1049 decumbentem
899 996 952 1049 in
986 997 1128 1053 lecto
1152 1002 1364 1057 erexit?
1390 1005 1536 1074 quod
1572 1017 1851 1063 mortuum
1895 988 2031 1081 qua-

450 1082 770 1139 triduanum
799 1087 1120 1144 suscitavit?
1144 1101 1198 1147 et
1231 1094 1415 1163 qualis
1444 1105 1531 1152 est
1559 1097 1665 1153 hoc
1688 1099 1825 1171 legis
1848 1103 2028 1158 viola-

448 1170 565 1226 tio?
591 1174 684 1243 qui
711 1176 1020 1246 iumentum
1045 1181 1234 1237 educit
1258 1199 1289 1239 e
1309 1184 1455 1242 fossa
1483 1187 1572 1242 die
1599 1170 1822 1247 Sabbati
1854 1193 2031 1264 legem

447 1267 658 1323 violare
699 1286 808 1325 non
842 1272 1064 1341 dicitur,
1093 1286 1150 1332 et
1181 1279 1277 1349 qui
1318 1290 1598 1338 mortuum
1646 1288 2029 1345 maleolentem

446 1357 517 1413 ad
540 1360 709 1414 vitam
730 1362 948 1419 reducit
966 1366 1142 1437 legem
1164 1371 1367 1431 violat?
1386 1372 1431 1427 Ο
1454 1374 1717 1446 injustam
1734 1380 2027 1450 judicium,

448 1446 493 1502 θ’
516 1449 847 1507 dementiam
895 1462 1164 1514 vestram!
1213 1463 1308 1531 qui
1334 1463 1651 1532 jumentum‘
1697 1471 1895 1526 melius
1929 1472 2029 1527 bo-

447 1538 597 1591 mine
622 1556 719 1595 vos
754 1543 855 1612 ipsi
890 1546 1137 1615 iumenta
1160 1551 1454 1621 judicatisl
1494 1555 1602 1611 Sed
1638 1560 1773 1628 quid
1815 1572 2025 1618 tantum

449 1623 716 1682 honorem
767 1630 990 1690 Sabbati
1041 1636 1311 1706 defendis,
1352 1659 1385 1698 ο
1433 1623 1683 1715 improbe
1726 1660 1782 1706 et
1823 1653 2030 1708 stulte?

447 1712 589 1770 Olim
614 1718 759 1775 Deus
783 1724 1107 1794 pracipiens
1133 1729 1393 1787 honorari
1421 1712 1741 1807 Sabbatum,
1766 1749 1823 1797 et
1845 1742 1901 1796 in
1922 1744 2028 1800 hoc

447 1822 611 1864 omne
652 1827 793 1880 opus
818 1816 977 1871 vobis
1005 1820 1329 1890 prohibens,
1363 1825 1646 1896 infantem,
1679 1803 1877 1889 si'octo
1906 1836 2027 1893 dic-
2063 1803 2103 1860 Β

447 1916 570 1956 rum
621 1904 861 1963 Sabbato
909 1926 1030 1966 esse
1074 1917 1437 1989 contingeret,
1484 1925 1804 1983 circumcidi
1852 1930 2027 1987 libere

446 1993 655 2061 sinens,
694 1998 842 2054 clare
887 2005 1149 2071 ostendit,
1183 2024 1306 2064 cum
1357 2013 1575 2069 tandem
1609 2017 1878 2077 incideret
1918 2024 2026 2078 cir-

444 2087 803 2146 cumcisionis
832 2101 1061 2152 octavus
1090 2098 1228 2166 dies,
1273 2101 1420 2159 hunc
1458 2117 1710 2164 sanetum
1745 2121 1802 2167 et
1835 2114 2024 2170 Domi-

444 2175 629 2230 nioum
654 2194 808 2249 esse;
840 2199 967 2239 nam
993 2198 1119 2257 post
1141 2194 1434 2262 septimum
1465 2197 1568 2255 iste
1595 2210 1699 2267 est,
1726 2204 1850 2260 ideo
1876 2218 2025 2263 octa-

441 2281 546 2321 vus
579 2282 830 2340 vocatur,
876 2276 932 2331 in
984 2295 1094 2348 quo
1140 2282 1366 2340 Sabbati
1402 2288 1579 2345 honor
1606 2295 1869 2351 solvetur.
1899 2299 2021 2354 Cir-

441 2362 708 2417 cumcisio
736 2376 921 2422 autem
950 2369 1059 2425 dici
1094 2383 1274 2441 potest
1303 2379 1588 2447 aptissime
1617 2401 1633 2438 τ
1662 2386 1717 2440 in
1748 2387 1840 2444 illa
1872 2390 2018 2445 enim

439 2465 471 2504 e
519 2456 754 2510 mortuis
795 2461 1058 2517 suscitato
1104 2465 1338 2523 Domino
1380 2481 1570 2529 nostro
1598 2476 1728 2533 Jesu
1775 2479 2017 2548 Christo,

436 2553 726 2611 peccatum
755 2548 1145 2611 circumcisum
1179 2565 1283 2623 est,
1314 2568 1370 2615 et
1403 2560 1798 2624 daemoniorum
1827 2588 2019 2642 super-

438 2635 529 2688 bia
559 2636 770 2708 dejecta
798 2651 903 2699 est.
940 2644 1048 2700 Sed
1091 2649 1224 2718 quid
1264 2654 1437 2709 multa
1465 2656 1689 2715 dicere?
1712 2664 1843 2717 olim
1872 2635 2018 2724 Deus

437 2726 662 2784 Sabbati
692 2732 1024 2792 solutionem
1051 2740 1384 2812 signiﬁcavit
1407 2762 1551 2816 esse,
1576 2754 2012 2826 translationem,

435 2826 493 2871 et
514 2834 615 2888 per
642 2826 823 2879 octavi
855 2827 967 2884 diei
1005 2831 1506 2904 circumcisnonem,
1537 2838 1598 2897 ut
1628 2845 1741 2914 jam
1770 2851 2018 2904 ostendi-

436 2925 596 2975 mus,
645 2931 751 2972 nec
774 2920 958 2977 minus
1004 2934 1191 2981 autem
1245 2944 1347 2998 per
1383 2931 1676 2990 Jeremiam
1715 2938 1757 3003 ⁸,
1793 2943 2015 3009 quando

434 3006 599 3060 statui
648 3007 1062 3071 Testamentum
1106 3019 1323 3076 Novum
1382 3027 1654 3093 promisit.
1713 3006 2012 3104 Ne_igitur

435 3096 663 3154 moleste
686 3100 852 3169 feras,
875 3120 1056 3176 neque
1081 3120 1273 3167 contra
1298 3129 1400 3187 nos
1427 3116 1758 3188 disputando
1781 3096 2010 3194 pugnes,
2037 3140 2081 3201 ο

433 3188 480 3242 si
520 3204 645 3244 cum
692 3194 920 3265 reliquis
969 3197 1195 3257 Sabbati
1230 3205 1409 3261 honor
1457 3188 1811 3269 transfertur.
1856 3188 2010 3273 hove

432 3281 585 3335 (nim
611 3281 984 3354 Testamento,
1014 3293 1199 3348 omnia
1233 3312 1373 3353 nova
1402 3314 1525 3356 esse
1560 3303 1764 3360 debent
1805 3316 1861 3362 et
1892 3311 2012 3380 ejus

433 3372 706 3444 dogmata.
754 3379 968 3436 Novum
1024 3395 1210 3439 autem
1271 3391 1500 3447 omnino
1544 3392 1680 3448 illud
1728 3407 1815 3452 est
1862 3372 2009 3468 quod

431 3482 583 3523 nunc
621 3469 936 3528 institutum
964 3485 1070 3542 est,
1103 3495 1205 3535 nec
1229 3481 1309 3536 illi
1339 3483 1518 3541 simile
1546 3488 1694 3557 quod
1723 3493 2009 3559 praeteriit,

430 3574 537 3615 nec
580 3575 667 3617 cst
711 3580 815 3619 nec
844 3566 1097 3637 videtur;
1132 3582 1189 3628 et
1241 3574 1348 3629 hoc
1395 3588 1585 3646 aperte
1618 3581 1884 3639 Dominus
1915 3586 2010 3641 de-

430 3652 660 3709 claravit
708 3672 722 3708 :
774 3676 792 3708 ‹
825 3658 1070 3719 Statuam
1124 3663 1532 3723 Testamentum
1590 3673 1838 3741 Novum,
1898 3692 2010 3733 non

429 3743 589 3809 quale
633 3748 801 3801 statui
852 3751 1102 3819 patribus
1148 3757 1367 3820 vestris,
1419 3773 1546 3814 cum
1592 3762 1759 3819 eduxi
1802 3781 1898 3822 eos
1941 3783 2009 3823 ex

425 3830 661 3903 Egypto
692 3836 736 3892 ⁸.
773 3857 793 3913 ι

495 4008 553 4067 Si
579 4027 711 4068 vero
740 4015 816 4069 ita
848 4011 940 4071 illa
965 4033 1023 4073 se
1054 4020 1279 4088 habent,
1306 4033 1364 4079 et
1407 4025 1632 4084 Sabbati
1673 4031 2003 4089 solutionem

425 4098 585 4156 decet
609 4102 821 4172 videre,
845 4115 897 4162 et
927 4109 1365 4171 circumcisionis
1390 4120 1770 4187 mutationem,
1788 4108 1845 4178 et
1866 4126 2007 4180 mul-

425 4199 605 4247 torum
654 4194 887 4253 aliorum
935 4201 1073 4270 legis
1117 4215 1538 4275 praeceptorum.
1587 4210 1645 4264 Si
1690 4212 1837 4267 enim
1888 4215 2004 4271 Mo-

422 4284 569 4340 saica
612 4286 704 4343 illa
751 4298 809 4344 et
852 4302 1045 4347 caetera
1100 4297 1417 4367 praescripta
1466 4315 1683 4371 semper
1728 4304 2004 4361 debebant

422 4392 763 4446 permanere,
799 4391 854 4437 et
898 4398 1072 4455 usque
1104 4386 1172 4440 ad
1223 4386 1744 4449 finem'firmitatem
1790 4405 1998 4464 tenere,

1661 347 1722 408 s.
1759 326 2159 415 'ANASTAsu
2197 356 2522 419 SINAIT/E

530 442 719 499 Habeo
745 455 927 502 autem
957 450 1054 506 tibi
1078 453 1225 508 aliud
1248 455 1424 513 dehis
1445 457 1737 515 dicendum
1768 482 1781 517 :
1809 463 2039 530 Quando
2060 474 2113 527 ,Α

3547 380 3662 447 1280

2214 469 2364 540 Ἐχω
2392 472 2448 525 δέ
2476 489 2558 525 σοι
2584 475 2676 527 καὶ
2697 473 2886 547 ἕτερον
2910 477 3003 531 ἐπὶ
3031 479 3239 544 τούτοις
3262 483 3426 539 εἰπεῖν
3447 504 3460 518 ο
3500 492 3662 567 ἐπειῖή

2138 560 2164 611 6
2185 560 2420 630 Χριστὸς
2446 561 2733 639 ᾇνθρωπον
2762 567 2975 633 ἑαυτὸν,
3008 570 3071 623 οὐ
3117 571 3295 641 μέντοι
3334 574 3490 643 Θεὸν,
3520 580 3586 645 ὡς
3610 560 3662 638 σύ

2139 656 2461 723 μαρτυρεῖς,
2498 655 2685 725 ἔλεγεν
2709 655 2871 727 εἶναι,
2927 661 3045 725 πῶς
3093 664 3254 718 αὐτὸν
3307 668 3662 741 ἐσταύρωσαςς

2135 739 2252 793 ἀλλ’
2303 742 2363 794 ού
2409 742 2499 797 διὰ
2539 745 2730 813 τοῦτος
2767 748 2859 801 καὶ
2895 749 3052 814 τίνος
3077 751 3300 820 ἓνεκεν;
3342 755 3428 820 Ὠς
3460 777 3665 830 παρανο-

2139 832 2341 900 μοῦντα
2372 836 2465 887 καὶ
2511 835 2580 889 τά
2624 836 2880 892 Σάϐϐατα
2908 838 3126 897 λύοντα.
3179 846 3285 897 Καὶ
3310 847 3420 910 πῶς
3457 852 3541 903 καὶ
3564 854 3664 906 τίνα

2135 922 2354 989 τρόπον,
2395 925 2553 992 elusi;
2595 926 2720 980 Ὀτι
2756 927 2848 982 τὸν
2879 931 3191 1007 παράλυτον
3234 935 3290 988 ὲν
3313 937 3558 1011 Σαϐϐάτῳ
3592 943 3667 1015 βα-

2134 1010 2303 1076 δίζειν
2325 1015 2612 1091 ἐποίησεν;
2640 1014 2748 1073 ’ὅτι
2794 1020 2894 1091 τὴν
2949 1025 3369 1093 συγκύπτουσαν
3411 1010 3661 1101 ὤρθωσεν;

2132 1096 2214 1149 ὃτι
2247 1100 2439 1171 νεκρὸν
2465 1106 2842 1177 τετραήμερον
2867 1108 3059 1181 ἤγειρε
3084 1129 3099 1179 ;
3134 1115 3227 1167 καὶ
3253 1107 3381 1169 ποία
3406 1110 3557 1175 τοῦτο
3584 1142 3667 1176 πα-

2135 1192 2417 1271 ρανομίας·
2458 1196 2486 1248 6
2531 1195 2592 1249 τὸ
2632 1199 2828 1268 κτῆνος
2862 1201 3101 1272 ’ἀνάγων
3137 1207 3202 1258 ὲκ
3252 1208 3439 1280 βόθρου
3472 1215 3668 1270 κατὰτὸ

2132 1270 2410 1336 Σάϐϐατον
2431 1293 2772 1359 παρανομεῖν
2799 1292 2861 1344 οὐ
2898 1270 3136 1363 λέγεται,
3169 1270 3265 1352 καί
3301 1301 3329 1353 ὁ
3351 1270 3535 1374 νεκρὸν
3555 1305 3665 1361 ὀδω-

2129 1370 2256 1425 δότα
2302 1372 2530 1439 ζωώσας
2563 1386 2909 1453 παρανομεῖς
2948 1386 3013 1438 Ὢ
3060 1386 3160 1458 τῆς
3201 1390 3388 1445 ἀδίκου
3432 1370 3666 1465 κρίσεωςι

2130 1460 2176 1514 ὣ
2201 1463 2301 1531 τῆς
2332 1467 2717 1538 παραπληξίας
2744 1473 2932 1543 ύμῶνῑ
2994 1477 3077 1530 ὅτι
3117 1479 3177 1533 τὸ
3223 1482 3420 1552 κτῆνος
3452 1460 3670 1555 κρεῖσσον

2129 1553 2420 1625 ἀνθρώπου
2448 1560 2579 1629 παρ’
2609 1561 2738 1630 ύμῖν
2761 1568 2875 1629 τοῖς
2901 1568 3124 1638 κτήνεσι
3167 1572 3449 1643 κρίνεται*
3478 1553 3600 1631 άλλά
3628 1580 3671 1631 τί

2127 1645 2382 1702 τοσοῦτον
2410 1649 2610 1722 ἀντέχῃ
2640 1655 2740 1725 τῆς
2770 1656 2864 1710 τοῦ
2900 1660 3185 1716 Σαϐϐάτου
3214 1667 3409 1738 τιμῆς,
3458 1662 3502 1722 ὦ
3539 1669 3671 1724 ἄθλιε

2131 1739 2209 1815 air
2232 1740 2328 1794 καὶ
2344 1742 2588 1814 ,ἀνόητες
2626 1747 2793 1819 πάλαι
2817 1752 2846 1804 6
2877 1752 3009 1817 Θεὸς
3031 1756 3415 1830 ἐντειλάμενος
3437 1762 3675 1833 τιμᾶσθαι

2128 1829 2190 1883 τὸ
2209 1831 2504 1900 Σάϐϐατον,
2549 1837 2645 1890 καὶ
2677 1840 2736 1893 ὲν
2761 1841 2910 1913 αὐτῷ
2947 1845 3114 1915 μηδὲν
3144 1829 3292 1917 ὑμᾶς
3323 1829 3631 1920 ἐργάζεσθαι
3658 1903 3672 1926 ,

2126 1921 2338 1976 παιδίον
2364 1922 2422 1977 δὲ
2451 1927 2500 2009 εἰ
2525 1926 2676 1998 τύχοι
2711 1929 3056 2005 ὀκταήμερον
3078 1935 3234 1991 λύειν
3268 1940 3567 2010 Σάδδατον,
3593 1921 3675 1996 ita?

2123 2014 2421 2081 ἀκωλύτως
2453 2006 2586 2072 αὐτὸ
2615 2024 2968 2094 περιτέμνειν
2991 2067 3006 2091 ,
3064 2030 3256 2099 σαφῶς
3285 2006 3580 2104 ἐδήλωσεν,
3611 2035 3675 2099 ὡς

2123 2105 2388 2178 ἐλθούσης
2447 2107 2546 2191 διιςέ
2602 2126 2735 2165 ποτε
2788 2114 2890 2183 τῆς
2931 2116 3101 2182 ὅντως
3141 2120 3342 2192 ὀγδόης
3378 2128 3679 2198 περιτομῆς⁷

2121 2197 2244 2267 ἥτις
2276 2198 2425 2287 ἐστιν
2462 2201 2594 2269 ἁγία
2625 2203 2904 2278 Κυριακή.
2933 2209 3089 2266 Μετὰ
3119 2212 3234 2284 γάρ
3269 2197 3499 2287 ἑϐδόμην
3521 2215 3676 2287 αὕτη,

2123 2290 2208 2357 ἐφ’
2233 2283 2277 2358 ᾧ
2301 2268 2405 2345 καί
2424 2292 2586 2364 ὀγδόη
2612 2268 2879 2361 καλεῖται,
2915 2300 2948 2370 ή
2979 2301 3072 2354 τοῦ
3101 2268 3672 2377 Σξαόσάτου⁸

2118 2377 2485 2450 ταλυθήσεται
2507 2400 2520 2415 ·
2544 2385 2816 2458 περιτομὴ
2846 2387 2903 2441 δὲ
2940 2389 3138 2459 λέγοιτ’
3163 2394 3236 2446 ἂν
3260 2394 3356 2448 καὶ
3384 2395 3529 2463 μάλα
3549 2395 3679 2449 εικό-

2117 2486 2226 2533 τως
2243 2483 2259 2499 ⁹
2285 2472 2343 2526 ὲν
2368 2473 2505 2546 αὐτῇ
2537 2478 2642 2548 γάρ
2672 2480 2747 2531 ,ὲκ
2773 2481 2986 2549 νεκρῶν
3027 2480 3353 2556 ὲγερθέντος
3373 2486 3466 2539 τοῦ
3495 2486 3680 2556 Κυρίου

2117 2559 2277 2629 ήμῶν
2310 2561 2487 2633 Ἰησοῦ
2521 2566 2781 2636 Χριστοῦ,
2831 2571 2926 2623 καὶ
2958 2573 2992 2640 ἠ
3031 2573 3286 2643 ἁμαρτία
3321 2576 3677 2648 περιετμήθη,

2116 2656 2273 2728 καὶὴ
2311 2658 2421 2712 τῶν
2467 2660 2740 2731 δαιμόνων
2781 2663 2953 2734 ὀφρῦς
2998 2667 3293 2742 καθῃρέθη
3321 2686 3336 2700 ο
3363 2672 3456 2725 καὶ
3493 2672 3545 2724 τί
3588 2670 3685 2741 χρὴ

2115 2746 2288 2800 πολλὰ
2327 2746 2540 2818 Mysi»;
2571 2752 2739 2806 πάλαι
2778 2754 2807 2806 6
2841 2754 2974 2820 Θεὸς
3000 2757 3098 2829 τὴν
3140 2763 3244 2814 τοῦ
3296 2761 3572 2815 Σαϐϐάτου
3593 2779 3683 2814 καί

2115 2836 2340 2891 τάλυσιν
2370 2839 2593 2909 ᾐνίξατο
2627 2844 2950 2917 μεταϐολὴν,
2984 2849 3079 2902 καὶ
3106 2848 3200 2904 διὰ
3230 2853 3332 2923 τῆς
3360 2852 3682 2924 ὀκταημὲρου

2116 2930 2442 2999 περιτομῆς.
2481 2932 2557 2997 ὡς
2590 2934 2689 3004 ἥδη
2726 2936 3043 3004 φθάσαντες
3072 2940 3314 3013 εἴπομεν
3341 2960 3357 2974 ·
3395 2946 3495 3015 οὐχ
3538 2940 3684 3017 ἦττον

2112 3017 2172 3071 δὲ
2221 3020 2317 3073 καὶ
2362 3021 2453 3075 διὰ
2497 3024 2593 3077 τοῦ
2628 3027 2896 3098 Ἱερεμίου
2941 3029 3207 3101 ὕστερον,
3254 3037 3421 3105 ἡνίκα
3446 3034 3689 3090 διαθεῖναι

2112 3108 2394 3181 Διαθήκην
2427 3114 2636 3187 Καινὴν
2677 3119 3060 3187 ἐπηγγείλατο.
3090 3125 3184 3193 Μὴ
3211 3123 3311 3180 οὖν
3341 3128 3648 3200 δυσχέραινε
3668 3168 3681 3191 ,

2119 3200 2256 3270 μηδὲ
2291 3202 2415 3257 καθ’
2453 3205 2612 3274 ἡμῶν
2660 3209 2952 3279 ἐριστικῶς
2999 3212 3304 3287 διαμάχου,
3355 3219 3412 3270 εἴ
3458 3236 3517 3288 γε
3566 3217 3689 3290 πρδς

2112 3294 2225 3354 τοῖς
2253 3292 2434 3358 ἄλλοις
2456 3297 2550 3350 καὶ
2595 3299 2628 3370 ἡ
2665 3299 2760 3353 τοῦ
2796 3300 3078 3358 Σαδόάτου
3121 3307 3269 3379 τιμὴ
3316 3309 3682 3380 μετατίθεται·

2112 3383 2321 3455 Καινῆς
2348 3386 2457 3458 γάρ
2488 3387 2655 3460 οὔσης
2703 3392 2802 3463 τῆς
2834 3394 3110 3465 Διαθήκης
3135 3435 3150 3461 ,
3185 3400 3362 3454 καινά
3404 3418 3539 3455 τινα·
3562 3393 3687 3453 εἶναι

2110 3471 2385 3540 ὀφείλουσι
2432 3472 2528 3530 καὶ
2573 3478 2642 3533 τὰ
2690 3481 2901 3554 ταύτης
2945 3484 3308 3556 θεσπίσματα
3341 3504 3357 3521 ο
3412 3489 3590 3543 καινὸν
3636 3488 3685 3539 δὲ

2112 3563 2332 3628 πάντως
2374 3567 2551 3621 ἐκεῖνό
2580 3570 2697 3624 ἐστι
2741 3572 2804 3626 τὸ
2847 3573 2943 3627 νῦν
2992 3576 3421 3649 προτιθέμενον,
3477 3579 3569 3634 καὶ
3620 3577 3685 3648 μὴ

2110 3653 2307 3707 ταυτὸν
2350 3654 2429 3725 τῷ
2472 3658 2871 3730 παρεληλυθότι
2895 3702 2912 3727 ,
2953 3663 3050 3717 καὶ
3081 3664 3140 3719 ὃν
3179 3667 3283 3720 καὶ
3334 3666 3645 3737 φαινόμενον
3670 3679 3683 3695 ο

2111 3742 2205 3795 καὶ
2234 3743 2393 3798 τοῦτο
2419 3745 2595 3817 δηλῶν
2620 3751 2651 3807 6,
2679 3749 2886 3821 Κύριος
2913 3752 3089 3821 ἐλεγεο
3135 3774 3154 3807 ι
3190 3756 3541 3827 Διαθήσομαι
3572 3756 3687 3807 Δια-

2110 3830 2284 3902 θήκην
2317 3835 2527 3907 Καινὴν
2557 3878 2571 3904 ,
2633 3839 2730 3909 οὐχ
2776 3840 2895 3895 οἵαν
2942 3841 3206 3914 διεθέμην
3262 3846 3382 3909 τοῖς
3432 3844 3687 3917 πατράσιν

2111 3923 2286 3993 ὑμῶν,
2320 3924 2531 3994 ἐξάγων
2566 3929 2765 3993 αὐτοὺς
2794 3931 2854 3998 ἐξ
2883 3931 3188 4001 Αἰγύπτου.
3231 3955 3253 3989 ι

2180 4015 2243 4066 El
2269 4015 2327 4068 δὲ
2355 4016 2527 4070 ταῦτα
2549 4016 2723 4085 οὕτως
2753 4020 2869 4091 ἔχει
2894 4060 2909 4084 ,
2948 4024 3044 4076 καὶ
3070 4024 3370 4080 Σαόσάτου
3408 4024 3687 4081 κατάλυσιν

2109 4106 2256 4170 εἰκός
2294 4109 2442 4162 ἐστιν
2500 4109 2648 4177 ἰδεῖν,
2701 4113 2797 4166 καὶ
2844 4114 3151 4186 περιτομῆς
3199 4116 3549 4189 ἐναλλαγὴν,
3601 4114 3689 4169 καὶ

2108 4196 2316 4252 πολλῶν
2354 4199 2559 4272 ἑτέρων
2588 4204 2826 4273 νομικῶν
2860 4205 3164 4277 διατάξεων
3186 4224 3202 4239 ·
3236 4211 3288 4263 εἰ
3322 4209 3439 4280 γάρ
3480 4208 3547 4261 τά
3569 4208 3687 4262 Μω-

2108 4291 2274 4343 σαῖκά
2310 4292 2494 4363 ἐκεῖνα
2531 4294 2627 4349 καὶ
2659 4295 2869 4350 παλαιά
2904 4286 3266 4370 διατάγματα
3293 4303 3378 4366 είς
3408 4302 3496 4356 ἀεὶ
3525 4313 3687 4370 παρα-

2110 4382 2292 4453 μένειν
2325 4383 2518 4454 ἔμελλε
2545 4428 2561 4452 ,
2599 4387 2695 4441 καὶ
2732 4389 2897 4461 μέχρι
2924 4391 3111 4456 τέλους
3135 4393 3204 4446 τὸ
3254 4394 3464 4463 πάγιον
3510 4392 3649 4462 ἔχειν
3670 4426 3687 4449 ν

418 4484 530 4523 non
571 4471 783 4528 diceret
809 4475 954 4531 Deus
997 4493 1098 4546 per
1127 4478 1420 4535 Jeremiam
1470 4485 1733 4542 transisse
1775 4500 1997 4557 vetera,

2118 4477 2205 4529 >ὺκ
2233 4475 2300 4531 ἂν
2333 4477 2489 4547 ἔλεγε
2538 4479 2627 4533 διὰ
2680 4480 2777 4534 τοῦ
2824 4481 3088 4553 Ἱερεμίου
3124 4486 3436 4557 παρελθεῖν
3491 4484 3588 4557 μὲν
3627 4480 3688 4534 τὰ

419 4561 637 4631 aliaque
664 4580 766 4634 pro
811 4567 919 4622 illis
961 4584 1099 4622 nova
1131 4572 1452 4628 succedere.
1496 4576 1654 4642 Quod
1700 4579 1772 4635 sit
1813 4591 1997 4637 autem

418 4650 633 4705 Novum
667 4653 815 4710 istud
842 4657 1289 4728 Testamentum,
1335 4672 1391 4717 et
1434 4663 1488 4719 in
1532 4682 1641 4736 quo
1665 4668 1827 4725 detur
1851 4673 1995 4739 loco,

419 4737 587 4793 Isaias
633 4740 795 4797 docet
843 4751 895 4800 te
931 4744 1163 4801 dicens:
1202 4767 1221 4801 ι
1261 4750 1340 4805 Ex
1384 4751 1514 4809 Sion
1565 4756 1739 4812 exibit
1783 4760 1891 4824 lex,
1941 4737 1998 4817 et

416 4829 646 4886 verbum
677 4833 894 4890 Domini
928 4851 962 4892 e
989 4837 1290 4897 Jerusalem
1325 4845 1365 4898 ⁸.
1419 4865 1439 4899 ι
1462 4845 1572 4902 Sed
1603 4850 1729 4905 vide
1773 4852 1868 4907 Dei
1909 4869 1997 4909 sa-

418 4920 683 4988 pientiam
714 4941 727 4977 :
759 4931 911 4981 tuam
947 4928 1095 4984 enim
1141 4934 1451 5001 praevidens
1482 4938 1908 4998 obstinationem
1942 4953 1999 4999 et

416 5010 879 5082 incredulitatem,
899 5034 1000 5089 per
1025 5037 1194 5077 unum
1212 5026 1534 5096 prephetam
1555 5028 1623 5084 de
1644 5030 1797 5085 Novo
1814 5030 2003 5087 Testa-

416 5112 604 5171 mento
629 5104 950 5176 declaravit,
987 5126 1086 5182 per
1116 5115 1350 5171 alterum
1382 5126 1564 5172 autem
1607 5119 1788 5189 ipsum
1818 5132 2002 5177 osten-

414 5197 496 5252 dit
521 5188 727 5265 locum,
761 5201 819 5256 in
851 5218 961 5273 quo
993 5205 1116 5262 talis
1149 5207 1330 5263 locum
1374 5198 1772 5283 habebit'legis
1802 5213 1997 5268 condi-

414 5289 512 5343 tio.
560 5290 791 5348 Frustra
837 5293 1077 5367 denique
1127 5298 1351 5354 Sabbati
1404 5299 1669 5356 honorem
1721 5303 1992 5371 defendis,

410 5379 612 5438 frustra
643 5385 1122 5443 circumcisionem
1143 5391 1351 5461 jactas;
1400 5391 1809 5447 Testamentum
1843 5396 1989 5451 enim

409 5470 622 5528 Novum
652 5476 793 5532 Deus
819 5478 1134 5545 instituens,
1166 5482 1285 5538 haec
1309 5484 1493 5539 omnia
1520 5485 1812 5540 destruxit.
1845 5487 1992 5542 Prae-

408 5568 582 5632 terea,
613 5581 737 5622 cum
766 5571 919 5626 velut
940 5572 1159 5644 signum
1182 5574 1530 5632 circumcisio
1570 5577 1697 5632 data
1741 5578 1832 5645 sit,
1859 5581 1991 5649 quid

478 5745 497 5778 ‘
526 5748 729 5806 Jcrcin.
761 5769 906 5823 xxxi,
940 5756 1027 5812 3i.
1107 5760 1127 5791 ⁸
1152 5746 1291 5812 ibid.
1332 5761 1419 5818 52.
1502 5763 1520 5793 ⁸
1551 5762 1655 5819 lsa;
1684 5780 1742 5834 ιι,
1784 5766 1837 5821 5.

2109 4566 2349 4641 παλαιὰ,
2382 4567 2548 4641 ἕτερα
2581 4569 2641 4623 δὲ
2681 4571 2804 4625 ἀντὶ
2833 4572 3037 4626 τούτων
3063 4576 3231 4629 καινὰ
3263 4576 3562 4631 εἰσελθεῖν.
3596 4573 3684 4634 Τίς

2103 4639 2169 4710 δὲ’
2193 4660 2225 4729 ἡ
2260 4659 2436 4729 Καινὴ
2462 4639 2600 4730 άῦτη
2623 4660 2865 4733 Διαθήκη
2885 4703 2900 4725 ,
2928 4666 3022 4718 καὶ
3048 4667 3106 4719 ὲν
3129 4668 3277 4739 ποίῳ
3298 4669 3506 4723 δίδοται
3526 4667 3683 4737 τόπῳ.

2115 4748 2342 4813 Ἡσαΐας
2364 4751 2564 4817 διδάξει
2595 4769 2652 4805 σε
2691 4752 2864 4822 λέγων
2890 4769 2905 4785 ’
2943 4772 2963 4806 ι
3012 4757 3109 4827 Ἐκ
3148 4756 3305 4812 Σιὼν
3331 4750 3687 4826 ’ἐξελεύσεται

2100 4841 2283 4909 νόμος,
2312 4842 2405 4893 καὶ
2430 4840 2586 4911 λόγος
2612 4844 2818 4914 Κυρίου
2849 4844 2907 4912 ὲξ
2943 4844 3259 4919 Ἰερουσαλή
3271 4867 3333 4919 μ.
3367 4869 3387 4903 ι
3434 4848 3570 4903 Ἀλλ’
3594 4847 3687 4916 ὅρα

2102 4933 2294 5001 σοφίαν
2323 4932 2456 4985 Θεοῦ
2487 4949 2501 4964 ·
2546 4934 2646 5005 τὴν
2678 4935 2788 5006 γάρ
2834 4936 2933 5007 σὴν
2973 4936 3248 5008 προειδὼς
3290 4941 3560 5009 ἀνηκοΐαν
3601 4936 3686 4989 καὶ

2099 5024 2378 5090 ἀπιστίαν,
2415 5025 2503 5080 διὰ
2530 5028 2685 5081 τοῦδε
2712 5030 2811 5100 μὲν
2832 5028 2925 5083 τοῦ
2952 5031 3241 5101 προφήτου
3274 5034 3411 5104 περὶ
3438 5034 3538 5103 τῆς
3560 5032 3685 5085 Kai-

2097 5115 2193 5186 νῆς
2224 5117 2612 5188 ύπεσημήνατο
2635 5120 2940 5192 Διαθήκης·
2970 5122 3040 5175 δι’
3070 5122 3293 5176 ἐκείνου
3334 5126 3396 5177 δὲ
3417 5126 3513 5178 καὶ
3537 5121 3684 5176 αὐτὸν

2098 5210 2362 5280 ἐδήλωσεν
2387 5212 2480 5264 τὸν
2506 5212 2693 5277 τόπον,
2727 5208 2846 5282 ἐνῷ
2881 5216 2913 5285 ή
2940 5216 3164 5285 τοιαύτη
3213 5216 3425 5286 ἔμελλε
3473 5215 3680 5283 δοθῆναι

2100 5301 2391 5372 νομοθεσία
2413 5318 2427 5333 ο
2469 5304 2645 5375 μάτην
2675 5305 2859 5360 λοιπὸν
2885 5307 3088 5381 ἀντέχῃ
3113 5306 3223 5377 τῆς
3261 5308 3366 5362 τοῦ
3412 5307 3681 5364 Σαϐϐάτου

2096 5395 2261 5465 τιμῆς
2286 5409 2299 5423 ·
2329 5394 2503 5464 μάτην
2546 5395 2705 5471 ἐξέχῃ
2738 5398 2836 5468 τῆς
2881 5399 3187 5470 περιτομῆς
3222 5416 3238 5431 ·
3277 5400 3562 5469 Διαθήκην
3592 5392 3680 5449 καὶ

2097 5487 2204 5559 γάρ
2231 5489 2259 5539 6
2285 5487 2416 5551 Θεὸς
2443 5489 2647 5559 Καινὴν
2681 5489 2980 5561 παρασχὼν
3003 5530 3019 5555 ,
3053 5491 3230 5546 ταῦτα
3268 5494 3457 5555 πάντα
3482 5488 3677 5558 κατήρ-

2098 5596 2263 5653 γησεν
2289 5597 2299 5609 ·
2333 5580 2506 5644 άλλως
2538 5598 2617 5650 τε,
2646 5583 2873 5654 σημείου
2904 5583 3087 5638 ἕνεκεν
3108 5582 3371 5655 δοθείσης
3398 5583 3498 5653 τῆς
3529 5590 3673 5649 rupt-
