3988 6142
321 283 454 349 1281

1705 282 2193 348 FRAGMENTA.

3438 288 3575 354 1292

316 396 509 466 τομῆς,
546 393 596 447 τί
623 394 765 464 μέγα
786 392 964 467 φυσᾷς
1002 393 1089 448 ἐπ’
1126 395 1300 466 αὐτῇς
1341 393 1457 459 πῶς
1500 394 1559 450 δὲ
1591 395 1687 450 καὶ
1725 397 1883 468 ἡμῶν

1997 403 2198 451 tantum
2230 393 2298 449 de
2339 393 2432 449 illa
2477 392 2723 449 inflaris?
2753 394 3030 464 quomodo
3079 395 3135 451 in
3184 411 3285 451 nos
3333 393 3575 469 insurgis

320 485 630 558 κατεπαίρῃ
648 485 756 538 τῶν
778 486 1204 557 άπεριτμήτων;
1226 487 1289 539 σὺ
1313 486 1733 559 περιτέμνεσθαι
1755 504 1893 542 κατ-

318 575 605 646 αναγκάζῃ
637 577 820 645 σαρκὶ,
862 574 973 644 ἐγὼ
999 576 1056 629 δὲ
1104 578 1170 647 τῇ
1198 575 1395 648 καρδίᾳ
1448 576 1850 648 περιτέμνομαι
1874 619 1888 647 ,

318 669 405 722 ἵνα
440 668 514 739 μὴ
548 668 757 737 πονηρά
785 668 1238 739 λογίζωμαι.”οτι
1265 669 1322 723 δὲ
1348 668 1426 739 τῷ
1448 668 1568 740 Θεῷ
1597 671 1894 740 εὐάρεστος

318 759 351 826 ἡ
371 757 596 825 τοιαύτη
628 757 901 827 περιτομὴ
927 798 942 820 ,
982 756 1149 811 ἄκουε
1188 757 1239 810 τί
1269 773 1403 827 φησι
1438 758 1762 829 κατηγορῶν
1796 758 1895 812 τοῦ

330 848 544 920 Ἰσραὴλ
577 850 666 903 διὰ
693 848 789 902 τοῦ
838 849 1106 919 Ἱερεμίου
1152 867 1166 882 ο
1211 867 1231 897 ο
1278 850 1465 903 Πάντα
1491 852 1559 905 τά
1593 851 1722 919 ἔθνη
1754 852 1891 904 άπε-

318 939 560 1010 ρίτμητα
587 938 774 1009 σαρκὶ,
798 938 827 989 ὁ
849 938 904 991 δὲ
925 935 1074 1002 οἶκος
1117 925 1332 1011 Ἰσραὴλ
1355 940 1732 1012 ἀπερίτμητος
1749 957 1893 1013 καρ-

316 1031 456 1093 δίαις
487 1028 688 1082 αὑτῶν.
721 1048 740 1081 ι
766 1028 859 1100 Μὴ
888 1031 1051 1101 γὰρὴ
1084 1031 1184 1099 τῆς
1216 1032 1588 1103 ἀκροϐυστίας
1620 1034 1892 1105 περιτομὴ

315 1120 562 1176 δικαιοῦν
625 1120 850 1175 δύναται
908 1137 924 1153 ο
981 1124 1073 1175 ἐπὶ
1133 1124 1225 1176 τὸν
1288 1124 1637 1196 πατριάρχην
1702 1124 1892 1179 ἄνελθε

331 1214 580 1283 ’Δὸρλὰμ
603 1255 618 1277 ,
653 1213 748 1265 καὶ
776 1212 898 1281 ὄψει
922 1213 1084 1266 αὑτὸν
1115 1213 1295 1267 πίστει
1347 1216 1483 1286 μόνῃ
1513 1255 1527 1281 ,
1566 1215 1661 1286 μὴ-
1704 1219 1891 1286 μέντοι

318 1320 380 1374 γε
412 1306 720 1375 περιτομῇ,
760 1304 1158 1375 δικαιούμενον.
1191 1323 1210 1357 ι
1254 1306 1507 1377 Ἁϐραάμ
1535 1308 1887 1379 γάρ,-φησὶν,

317 1398 604 1450 επίστευσε
655 1395 736 1466 τῷ
799 1392 940 1465 Θεῷ,
1005 1398 1103 1451 καὶ
1134 1397 1390 1468 ἐλογίσθη
1413 1398 1664 1469 αὑτῷεις
1689 1399 1894 1452 δικαιο-

320 1489 506 1551 σύνην.
542 1510 559 1540 ι
593 1488 982 1559 Γνωρίσματος
1009 1486 1103 1541 οῦν
1123 1488 1281 1559 χάριν
1304 1489 1534 1562 ὕστερον
1564 1491 1597 1558 ἡ
1622 1490 1890 1559 περιτομὴ

318 1578 771 1651 νενομοθέτηται,
837 1578 978 1633 ὥστε
1028 1578 1099 1633 δι’
1160 1581 1332 1651 αὐτῆς
1388 1580 1891 1651 χαρακτηρίζεσθαι

1994 485 2444 541 incircumcisos?
2489 485 2573 539 'I‘u
2621 485 2941 558 circumcidi
2988 486 3204 558 iuberis
3243 502 3439 552 carne,
3474 504 3577 558 ego

1994 576 2159 632 corde
2188 576 2578 643 circumcidor,
2609 593 2680 666 ne
2711 556 2889 648 prava]
2913 580 3168 650 cOgitem.
3206 578 3359 647 Quod
3390 588 3575 636 autem

1993 672 2108 726 Deo
2161 671 2476 741 bujusmodi
2531 671 2881 726 circumcisio
2935 671 3243 742 gratissima
3294 673 3395 736 sit,
3445 671 3575 726 audi

1992 761 2123 833 quid
2160 763 2303 817 dicat
2337 762 2627 831 increpans
2659 762 2826 818 Israel
2860 778 2959 833 per
2989 763 3285 819 Jeremiam
3324 782 3337 818 :
3376 783 3393 815 c
3441 763 3576 819 Om-

1991 867 2093 906 nes
2117 861 2307 921 gentes
2328 850 2730 905 incircumcisae
2759 865 2946 915 carne,
2968 851 3166 907 domus
3190 860 3376 914 autem
3406 852 3576 909 Israel

1993 942 2377 998 incircumcisa
2423 942 2688 997 cordibus
2730 957 2923 998 eorum
2959 945 3001 997 ⁷.
3041 962 3060 993 ι
3098 943 3219 998 Non
3252 944 3399 997 enim
3435 959 3574 1013 prae-

1993 1034 2132 1104 pulii
2183 1033 2535 1087 circumcisio
2577 1033 2879 1103 justiﬁcare
2932 1041 3145 1104 potest;
3198 1034 3265 1089 ad
3300 1034 3572 1089 Abraham

1994 1125 2362 1195 patriarcham
2409 1124 2522 1188 adi,
2569 1133 2625 1179 et
2671 1125 2884 1180 videbis
2935 1126 3088 1180 illum
3137 1127 3250 1181 sola
3287 1127 3412 1192 ﬁde,
3463 1142 3573 1181 non

1993 1214 2653 1279 autem'circumcisione,
2676 1215 3064 1285 justiﬁcatum.
3093 1216 3370 1271 Abraham
3402 1216 3573 1282 enim,

1993 1306 2220 1370 dicitur,
2263 1323 2281 1357 ι
2318 1305 2569 1360 Credidit
2595 1307 2729 1371 Deo,
2762 1316 2818 1361 et
2857 1315 3169 1376 reputatum
3199 1316 3283 1361 est
3314 1308 3363 1361 ei
3395 1307 3453 1360 in
3480 1308 3576 1378 ju-

1994 1396 2272 1450 stitiam".
2312 1415 2330 1448 ι
2364 1397 2559 1451 Postea
2586 1398 2903 1467 praescripta
2930 1406 3015 1451 est
3044 1398 3395 1452 circumcisio
3425 1398 3577 1452 velut

1993 1487 2231 1556 signum,
2257 1495 2317 1540 ut
2348 1486 2800 1542 discernerentur
2829 1502 2927 1557 per
2954 1503 3080 1542 eum
3113 1488 3323 1552 ﬁdeles,
3356 1486 3577 1558 quando

1994 1594 2119 1634 cum
2148 1579 2405 1650 gentibus
2429 1581 2918 1645 conversabantur,
2946 1588 3001 1635 et
3031 1590 3091 1635 ut
3122 1582 3446 1635 memoriam
3477 1581 3573 1635 Dei
3601 1619 3617 1636 .

318 1670 566 1735 πιστοὺς,
596 1670 833 1740 ὁπηνίκα
863 1672 976 1734 τοῖς
1006 1671 1184 1725 ἔθνεσι
1216 1671 1764 1743 συναναστρέφοιντο,
1800 1672 1892 1725 καὶ

1997 1677 2299 1724 revocaret.
2331 1671 2388 1723 In
2416 1670 2577 1725 ﬁdem
2612 1686 2801 1725 eorum
2840 1686 2961 1741 qua:
2994 1672 3231 1725 dicimus
3263 1671 3360 1725 tibi
3402 1686 3488 1725 res
3517 1686 3577 1725 se

317 1762 396 1823 είς
432 1762 653 1831 μνήμην
684 1760 917 1829 ἄγεσθαι
949 1760 1042 1814 τοῦ
1073 1761 1181 1814 τῶν
1206 1762 1345 1815 ὅλων
1369 1762 1506 1815 Θεοῦ
1532 1778 1547 1791 ’
1593 1763 1674 1825 εἰς
1711 1760 1892 1815 πίστιν

315 1851 447 1917 γοῦν
467 1850 573 1903 τῶν
592 1850 898 1921 λεγομένων
914 1851 1051 1906 αὑτά
1065 1869 1147 1905 σοι
1165 1851 1537 1924 παραγέτωτὰ
1556 1832 1854 1922 πράγματα
1874 1868 1889 1883 ·

316 1943 406 1996 ὅτε
436 1940 544 2013 γάρ
573 1943 602 1994 ὁ
637 1941 854 2012 Ἰσραὴλ
889 1943 947 1996 ὲν
991 1944 1056 2013 τῇ
1109 1943 1302 2013 ἐρήμῳ
1342 1942 1751 2014 τεσσαράκοντα
1795 1942 1889 2013 ἔτη

319 2034 480 2104 μόνος
507 2032 625 2086 καθ’
656 2033 852 2087 ἑαυτὸν
878 2033 1153 2104 διέτριψεν
1178 2073 1194 2100 ,
1232 2034 1405 2104 ἑτέρῳ
1451 2033 1592 2087 ἔθνει
1773 2048 1895 2086 συν-

315 2125 781 2196 αναμιγνύμενος,
813 2127 914 2179 οὑκ
942 2122 1015 2197 ἦν
1044 2126 1318 2194 ἀναγκαία
1347 2127 1380 2196 ἠ
1414 2125 1707 2197 περιτομὴ,
1735 2124 1819 2194 ἐφ’
1845 2120 1890 2194 ᾦ

315 2218 411 2270 καὶ
462 2215 827 2286 ἀπερίτμητοι
875 2214 1175 2285 ἐτύγχανον
1223 2214 1578 2283 γεννηθέντες
1613 2215 1753 2268 κατὰ
1790 2214 1889 2285 τὴν

314 2305 519 2377 ἔρημον
557 2322 570 2336 ο
600 2305 766 2375 ἡνίκα
797 2304 854 2359 δὲ
887 2306 915 2358 ό
944 2305 1036 2359 τοῦ
1061 2305 1221 2375 Ναυῆ
1257 2304 1463 2376 Ἰησοῦς
1484 2305 1576 2358 τ’ὸν
1619 2305 1889 2377 Ἰορδάνην

315 2391 512 2453 αὑτοὺς
563 2391 859 2458 διεὸίὸασε,
914 2392 1162 2447 κελεύσει
1216 2382 1831 2465 θείᾳνπεριετμηθησαν
1871 2411 1885 2426 ·

1999 1760 2264 1830 ργοδὺοηι.
2302 1759 2439 1815 Cum
2465 1760 2613 1815 enim
2655 1761 2821 1815 Israel
2858 1761 2914 1814 in
2956 1759 3175 1815 deserto
3214 1760 3580 1830 quadraginta

1998 1850 2160 1904 annis
2206 1850 2356 1904 solus
2403 1865 2590 1905 secum
2633 1859 2884 1905 versatus
2929 1858 3031 1915 est,
3065 1849 3225 1904 alteri
3271 1851 3420 1920 genti
3466 1865 3577 1904 non

1998 1940 2317 2010 permistus,
2344 1956 2455 1995 non
2489 1941 2796 1996 necessaria
2832 1941 2937 1995 fuit
2970 1942 3340 2006 circumcisio,
3373 1941 3581 1995 idcirco

1998 2031 2372 2087 incircumcisi
2425 2039 2847 2102 permanserunt
2924 2033 3018 2103 qui
3094 2034 3150 2087 in
3197 2033 3418 2087 deserto
3463 2033 3578 2087 nati

1997 2131 2190 2188 erant;
2239 2124 2460 2193 quando
2505 2132 2688 2177 autem
2732 2124 2861 2179 Jesu
2907 2123 3053 2179 ﬁlius
3094 2124 3242 2178 Nave
3282 2123 3578 2178 Iordanem
3606 2186 3623 2193 _

1996 2228 2122 2269 cum
2171 2215 2279 2269 illis
2325 2216 2572 2286 trajecit,
2614 2217 2770 2287 jussu
2819 2216 3006 2271 divino
3050 2215 3363 2271 circumcisi
3408 2222 3576 2271 sunt:

2000 2325 2019 2358 ι
2052 2306 2178 2369 Fac,
2210 2306 2345 2362 dicit
2390 2308 2469 2360 illi
2503 2307 2667 2373 Deus,
2713 2307 2922 2362 cultros
2965 2306 3233 2377 lapideos,
3274 2313 3331 2361 et
3381 2304 3579 2359 sedens

1992 2397 2328 2454 circumcide
2351 2398 2493 2454 ﬁlios
2513 2398 2678 2454 Israel
2702 2401 2745 2453 ’.
2778 2419 2797 2452 ι
2827 2401 3000 2467 Quam
3036 2400 3106 2455 ob
3137 2412 3356 2455 causam
3377 2405 3573 2453 et......

320 2501 341 2535 ι
379 2482 609 2553 Ποίησον
639 2483 748 2555 γάρ
776 2521 793 2549 ,
821 2484 957 2557 φησὶ
990 2485 1129 2554 πρὶς
1159 2485 1321 2540 αὑτὸν
1354 2487 1382 2539 ό
1408 2485 1538 2548 Θεὸς
1563 2524 1578 2549 ,
1614 2476 1891 2557 μαχαίρας
1930 2490 2210 2560 πετρίνας,
2236 2492 2341 2545 καὶ
2402 2492 2635 2557 καθίσας
2701 2492 2964 2565 περίτεμε
2994 2493 3120 2556 τοὺς
3154 2491 3304 2555 υἱοὺς
3336 2488 3575 2562 Ἰσραηλ⁶

314 2574 460 2638 τίνος
487 2575 675 2633 ἕνεκεν
711 2576 848 2631 καὶ..

1696 2692 1925 2764 Reliqua
1981 2693 2193 2747 desunt.

382 2803 403 2836 '
436 2804 640 2859 Jerem.
688 2819 769 2887 Ix,
796 2804 887 2859 26.
965 2803 988 2836 ⁸
1016 2803 1154 2859 Gen.
1183 2800 1275 2870 xv,
1302 2805 1369 2873 6;
1401 2803 1577 2861 Galat.
1620 2821 1700 2876 in,
1734 2812 1794 2870 6,
1869 2806 1889 2836 ⁹
1915 2805 2103 2867 Josue,
2133 2822 2187 2871 v,
2214 2805 2270 2859 2.

360 2963 1177 2977 ~mm*

2068 2958 3537 2990 Μ

1442 3064 2529 3265 ΡΒΑΕΜΕΝΤΑη

1545 3506 1651 3591 DE
1695 3522 2365 3591 OPERATIONIBUS.

1051 3764 1441 3818 Ἀνασωσίου
1485 3762 1869 3827 Ἀντιοχείας,
1897 3761 1966 3814 ἐκ
1991 3762 2095 3815 τοῦ
2133 3762 2271 3830 Περὶ
2299 3760 2613 3832 ἐνεργειῶν
2646 3760 2850 3831 λόγου.

1448 3875 1604 3943 (Anc.
1648 3875 1768 3929 MAI.
1812 3872 2004 3945 Script.
2044 3874 2152 3930 γει.
2187 3875 2297 3940 VII,
2327 3874 2443 3947 20.)

392 3994 514 4049 Τῶν
548 3992 641 4047 δύο
671 3991 886 4063 φύσεων
918 3993 952 4062 ἡ
985 3988 1256 4060 συνδρομὴ
1276 3987 1425 4059 -μίαν
1456 3988 1751 4041 ὑπόστασιν
1785 3989 1895 4041 ἀπ-

312 4091 586 4147 ετέλεσενο
602 4084 669 4160 ἦν
692 4089 789 4159 μὲν
803 4085 911 4159 γάρ
928 4087 962 4157 ὴ
977 4081 1294 4155 ἀνθρωπεία
1312 4082 1491 4152 φύσις,
1510 4083 1630 4154 ῆτοι
1643 4082 1703 4135 τὸ
1721 4081 1898 4135 κοινὸν

313 4178 461 4244 εἶδος
488 4179 546 4245 ἐξ
569 4171 630 4232 οὗ
656 4177 717 4230 τὸ
742 4176 1011 4247 ἡμέτερον
1036 4170 1389 4245 προσελήφθη
1413 4169 1661 4241 φύραμα·
1691 4170 1753 4223 τὸ
1770 4171 1900 4241 πρό-

315 4290 480 4344 τερον
507 4271 605 4324 οὑκ
631 4268 692 4322 ὃν
722 4269 779 4321 ὲν
808 4267 948 4337 ἰδικῇ
972 4261 1264 4318 ὑποστάσει
1286 4302 1300 4327 ,
1348 4259 1695 4332 προσληφθὲν
1719 4259 1775 4313 δὲ
1800 4259 1898 4331 τὴν

315 4364 491 4433 αὐτὴν
515 4361 809 4414 ὑπόστασιν
833 4356 1210 4427 ὑπογράφεται
1230 4353 1324 4407 τοῦ
1348 4351 1763 4424 προσλαϐόντοςο
1792 4351 1898 4405 ὥσ-

315 4471 428 4524 περ
450 4453 558 4523 γάρ
578 4451 659 4527 eq),
672 4449 847 4521 Πατρὶ
874 4446 1115 4517 φυσικῶς
1136 4444 1358 4513 ό”Λόγος
1386 4444 1611 4514 ἥνωται,
1635 4442 1777 4496 οὕτω
1804 4441 1898 4494 καὶ

315 4550 453 4619 ἡμῖν
473 4564 485 4577 '
536 4546 629 4600 καὶ
659 4538 703 4612 ᾧ
733 4542 891 4613 Λόγῳ
919 4538 1014 4597 τοῦ
1044 4538 1261 4617 ῌατρδς
1288 4534 1573 4609 διῄρηταιδ
1609 4535 1732 4589 καθ’
1762 4535 1895 4589 ὑπό-

319 4659 513 4698 στασιν
540 4640 672 4712 γὰρ,
704 4640 764 4692 οὑ
796 4620 978 4707 ταυτῷ
1012 4637 1107 4690 καὶ
1136 4634 1292 4706 ἡμῶν
1314 4651 1327 4665 ⁸
1368 4634 1428 4687 οὑ
1456 4633 1564 4705 γάρ
1591 4634 1738 4687 ἐστιν
1769 4634 1898 4703 ἡμῖν

318 4736 511 4804 ὥσπερ
537 4730 818 4802 όμοφυὴς,
869 4728 1012 4803 οὑτω
1045 4727 1138 4781 καὶ
1180 4725 1608 4797 ὁμοῦπόστατος,
1645 4725 1725 4778 ὅτι
1765 4725 1900 4795 μηδὲ

316 4826 397 4893 τῷ
446 4824 561 4893 ἰδίῳ
602 4821 813 4889 Πατρίο
868 4819 927 4871 οὐ
970 4818 1079 4887 γὰρ
1122 4815 1317 4869 ταυτὸν
1350 4815 1508 4884 φύσις
1537 4831 1596 4868 τε
1632 4812 1729 4867 καὶ
1761 4813 1896 4866 ὑπό-

320 4930 533 4976 στασις·
569 4910 748 4980 ἑαυτῷ
774 4909 829 4963 δὲ
859 4907 982 4963 καθ’
1013 4907 1309 4961 ὑπόστασιν
1335 4906 1562 4976 ἥνωται,
1581 4907 1757 4961 ἐκεῖνο
1781 4923 1843 4976 με
1856 4903 1898 4956 ί-

319 5020 418 5067 νας
448 5003 587 5073 ὅπερ
615 5000 720 5071 πρὸ
746 4997 854 5053 τῶν
881 4996 1093 5050 αίὼνων
1123 4986 1370 5066 ὑπῆρχεν
1399 4994 1546 5056 Υἱός·
1583 4994 1649 5066 ἢν
1674 4994 1730 5047 δὲ
1762 4994 1897 5065 πρὸς

321 5093 517 5146 ἑαυτὸν
556 5091 698 5161 ἔχειν
730 5090 926 5142 ἕνωσιν
958 5087 1051 5141 τοῦ
1081 5104 1141 5141 τε
1174 5087 1314 5159 πρὸς
1345 5086 1438 5139 τὸν
1469 5086 1688 5157 Πατέρα
1718 5086 1813 5138 τοῦ
1839 5103 1897 5137 τε

320 5184 463 5253 πρὸς
494 5184 639 5253 ἡμᾶς
669 5181 813 5251 ἔχειν
843 5178 1098 5234 δύναταιο
1133 5177 1252 5233 καθ’
1283 5178 1586 5231 ὑπόστασιν
1614 5177 1723 5249 γάρ
1753 5180 1898 5230 ἐστιν

318 5278 356 5347 ἡ
392 5274 500 5327 τῶν
528 5274 740 5342 φύσεων
771 5272 965 5335 ἓνωσις
984 5311 999 5336 ,
1046 5269 1140 5323 καὶ
1170 5272 1203 5341 ἡ
1233 5268 1373 5341 αὑτὴ
1399 5267 1566 5323 αὑτοῦ
1591 5268 1897 5321 ἐστιν’ὑπό-

2004 4006 2196 4043 στασιν
2226 3990 2387 4059 μόνος
2413 3986 2563 4051 Υἱὸς,
2592 3985 2689 4040 καὶ
2712 3985 2970 4057 Χριστὸς,
3007 3983 3102 4038 καὶ
3131 3983 3337 4055 Κύριος
3359 4000 3373 4015 ο
3408 3982 3581 4050 οὕτως

2000 4082 2101 4134 οὑκ
2122 4081 2239 4133 ἔστι
2287 4080 2471 4152 χωρὶς
2497 4078 2851 4142 ὑποστάσεως
2876 4078 3056 4143 οὐσία,
3079 4076 3183 4131 κᾶν
3211 4077 3239 4129 ό
3272 4076 3443 4146 Λόγος
3480 4077 3579 4146 τῆς

1999 4172 2188 4235 οὑσίας
2211 4171 2397 4241 ἕτερός
2431 4172 2601 4236 ἔστιν,
2617 4169 2775 4234 ἄλλος
2791 4170 2845 4223 δὲ
2864 4169 2961 4239 τῆς
2985 4169 3368 4231 ὑποστάσεως·
3392 4167 3579 4239 κοινὴν

1999 4265 2106 4335 γὰρ
2127 4262 2225 4335 τὴν
2256 4263 2383 4333 μίαν
2406 4263 2503 4317 καὶ
2525 4261 2622 4332 τὴν
2643 4260 2810 4330 αὑτὴν
2830 4260 3129 4313 ὑπόστασιν
3149 4262 3202 4313 αἱ
3222 4258 3580 4329 συναφθείσαι

2002 4357 2136 4428 πρὸς
2156 4355 2252 4427 τὴν
2270 4356 2508 4427 ἄρρητον
2531 4353 2725 4407 ἕνωσιν
2748 4352 2930 4424 ἔχουσι
2956 4352 3048 4406 δύο
3075 4352 3286 4421 φύσειςο
3309 4351 3389 4404 διὸ
3410 4343 3580 4420 προσὶ

2001 4447 2144 4517 θήκη
2170 4449 2235 4517 τῇ
2263 4446 2394 4517 ἁγία
2416 4443 2608 4515 Τριάδι
2640 4442 2740 4496 οὑκ
2767 4442 3004 4511 ἐγένετοο
3028 4441 3341 4513 προσθήκης
3359 4442 3466 4510 γὰρ
3483 4441 3578 4493 άν-

2000 4537 2275 4599 επίδεκτός
2294 4538 2463 4589 ἐστιν.
2489 4534 2697 4596 ’Λλλως
2716 4550 2774 4586 τε
2802 4533 2856 4585 δὲ
2876 4528 3015 4611 καῖιὴ
3038 4531 3209 4603 Τριάς
3232 4529 3582 4582 ὑποστάσεών

2000 4633 2179 4683 ἐστιν·
2213 4628 2246 4698 ἡ
2273 4628 2381 4696 γάρ
2407 4626 2564 4679 οὐσία
2594 4624 2889 4697 μοναδικῆς
2918 4627 3054 4677 ἐστι.
3088 4624 3198 4695 Τῆς
3228 4617 3320 4676 οῦν
3350 4621 3584 4675 ὑποστά-

2002 4738 2138 4785 σεως
2168 4721 2265 4790 τῆς
2287 4719 2455 4789 αὐτῆς
2490 4718 2755 4789 μεινάσης
2784 4716 2877 4769 τοῦ
2902 4715 3056 4782 Υίοῦ,
3079 4715 3199 4780 πῶς
3224 4713 3480 4785 ἁμάθητα
3497 4712 3583 4767 λα-

1998 4796 2322 4873 λοῦσίτινες
2352 4809 2775 4880 τερατευόμενοι
2799 4808 3034 4879 τετράδα
3060 4806 3237 4876 λέγειν
3267 4806 3386 4859 ἀντὶ
3411 4790 3582 4875 Τριά-

1999 4905 2086 4965 δος
2120 4904 2251 4967 τοὺς
2283 4904 2384 4973 τὴν
2418 4900 2677 4973 ἀλήθειαν
2705 4900 3103 4972 ὁμολογοῦντας
3134 4898 3243 4952 τῶν
3278 4899 3335 4952 ἐν
3362 4894 3582 4969 Χριστῷ

2001 4995 2237 5066 φύσεων,
2275 4996 2308 5066 ἢ
2346 4994 2453 5063 τῶν
2483 4996 2540 5048 ὲν
2571 4987 2659 5056 αἷς
2691 4993 2839 5045 ἐστιν
2872 4993 2898 5046 ὁ
2925 4991 3199 5063 Χριστός;
3237 4991 3285 5042 εἰ
3319 4990 3417 5060 μὲν
3450 4989 3580 5041 ὑπο-

2002 5088 2195 5157 στῆναι
2228 5086 2451 5140 πώποτε
2482 5084 2603 5138 καθ’
2631 5084 2832 5155 ἑαυτὴν
2860 5084 2959 5153 τὴν
2990 5081 3231 5153 ἔμψυχον
3257 5080 3351 5133 τοῦ
3375 5078 3581 5149 Κυρίου

2004 5180 2181 5251 σάρκα
2229 5178 2531 5248 ἐλέγομεν,
2586 5177 2619 5247 ἢ
2674 5177 2785 5247 ἰδία
2828 5177 2923 5230 καὶ
2964 5175 3067 5227 ἀνὰ
3102 5174 3264 5242 μέρος
3298 5170 3464 5239 αὑτὴν
3497 5172 3582 5221 ὲνο

2000 5273 2181 5343 εργεῖν
2236 5267 2725 5336 διεϐεϐαιούμεθα,
2762 5264 2943 5327 καλῶς
2987 5265 3136 5333 ἡμᾶς
3180 5261 3413 5331 τετράδα
3461 5258 3583 5312 ἀντὶ⁵

322 5384 515 5429 στισις
532 5382 545 5395 ⁸
585 5364 711 5427 Υἱὸς
742 5363 852 5434 γὰρ
881 5362 978 5429 ὢν,
1028 5360 1190 5415 πάλιν
1225 5360 1354 5425 Υίάς
1383 5361 1499 5413 ἔστι
1543 5358 1637 5411 καί
1673 5357 1773 5427 τὴν
1805 5359 1899 5410 ἀν·
1934 5393 1978 5447 D
2006 5365 2049 5415 Τ
2054 5346 2236 5434 ριάδος
2262 5361 2444 5428 λέγειν
2476 5357 2863 5428 ὑπελάμϐανον
2885 5370 2899 5385 ·
2943 5356 2990 5406 εἰ
3020 5353 3076 5406 δὲ
3100 5354 3248 5447 ’μετὰ
3273 5348 3368 5447 τοῦ
3399 5366 3580 5403 συντι-

321 5457 603 5530 θρωπείαν
649 5455 854 5519 ὲνώσας
889 5454 1064 5525 ὲαυτῷ
1097 5453 1292 5523 φύσιν⁹
1357 5452 1418 5505 οὐ
1457 5451 1566 5521 γάρ
1605 5450 1904 5504 ὑπόστασιν
1936 5443 1966 5447 —
2012 5452 2241 5525 θεμένου
2301 5452 2394 5504 καὶ
2446 5447 2861 5517 συνυφεστῶτος
2914 5445 3052 5515 αὑτῇ
3109 5443 3283 5511 Λόγου
3338 5443 3583 5512 ἐνεργεῖν

319 5551 515 5620 ἑτέραν
563 5547 741 5617 ἑαυτῷ
784 5545 963 5599 λαϐὼν
1005 5546 1246 5616 ῆνωσεν,
1296 5542 1432 5598 ἀλλά
1469 5543 1629 5613 φύσιν
1661 5543 1905 5614 ἥρμοσεν
2011 5544 2183 5615 αὑτὴν
2232 5543 2466 5597 πάντοτε
2512 5537 2886 5610 ὁμολογοῦμεν
2925 5535 3279 5607 άχωρίστως,
3335 5534 3427 5586 καὶ
3460 5531 3585 5587 οὔτε

323 5641 616 5710 άφθᾶρτως
649 5643 713 5710 τῇ
746 5637 939 5692 ἑαυτοῦ
972 5637 1301 5691 ὑποστάσει*
1351 5637 1443 5689 καὶ
1473 5635 1591 5687 ἔστι
1622 5637 1713 5687 καὶ
1746 5633 1905 5686 τοῦτο
2017 5634 2429 5707 προὺφεστάναι
2480 5628 2713 5697 λέγομεν
2772 5628 2872 5697 τῆς
2923 5625 3061 5695 πρὸς
3109 5624 3269 5677 αὑτὸν
3316 5622 3583 5685 ὲνωσεως,

322 5735 455 5801 Θεδς
482 5734 576 5789 καὶ
597 5733 883 5804 ἄνθρωπος
912 5731 1035 5787 κατ’
1057 5731 1273 5784 οὑσίαν·
1305 5732 1333 5783 ό
1361 5728 1518 5793 αὐτὸς
1545 5728 1600 5781 δὲ
1628 5727 1748 5783 καθ’
1770 5725 1905 5781 ὑπό-

1586 5830 1649 5861 *ι

2013 5724 2140 5779 ἀλλ’
2182 5725 2240 5777 ἐν
2273 5718 2422 5790 αὐτῷ
2453 5718 2514 5773 τὸ
2544 5714 2680 5770 εἶναι
2722 5713 2994 5769 λαϐοῦσαν
3023 5712 3192 5784 αὑτὴν
3220 5712 3583 5784 γινώσκομεν,
