3988 6142
374 258 509 323 i287

1571 259 1634 324 S.
1677 261 1965 324 ANASTA
1974 260 2079 322 SII
2119 261 2446 323 SINAITE

3504 257 3640 324 1288

363 371 764 443 ἀποθούμενος,
816 372 954 427 άλλά
1004 375 1285 445 μυστικῶς
1325 374 1413 429 διὰ
1444 375 1539 447 τῆς
1568 374 1826 447 πράξεως
1868 376 1950 439 εἰς
1978 382 2022 437 Α
2052 375 2148 429 δύο
2175 375 2449 446 Διαθήκας
2473 391 2485 404 ο
2527 378 2559 446 ἡ
2591 376 2646 430 δὲ
2677 373 3124 448 ἀνθρωπώνυμος
3177 372 3362 445 κώμη,
3409 374 3501 430 τὸν
3545 376 3641 429 κό-

363 465 463 529 τάς
490 465 743 535 ἀγκάλας
767 464 1089 535 δεχόμενος·
1117 467 1182 519 σύ
1192 468 1390 537 μϐολον
1422 468 1528 538 γὰρ
1562 471 1615 522 αἱ
1639 471 1821 538 χεῖρες
1855 469 1952 522 καὶ

364 559 420 612 αἱ
450 556 713 624 ἀγκάλαι,
747 556 1001 627 πράξεως
1021 572 1035 586 ⁶
1077 558 1172 610 καὶ
1198 559 1335 628 μετά
1365 559 1472 613 τῶν
1503 561 1775 612 τοσούτων
1803 578 1941 614 κατ-

365 647 703 718 ορθωμάτων
770 647 1078 715 ἐτοιμάζων
1111 648 1302 700 ἑαυτὸν
1345 649 1658 716 ὑπαντῆσαι
1689 648 1766 718 τῷ
1793 649 1951 719 ἐρχο-

366 737 514 806 μένῳ
559 735 748 806 ῶσπερ
795 737 877 798 είς
922 738 1123 789 οἰκεῖον
1180 738 1307 790 ναὸν
1356 738 1447 792 τὸν
1496 740 1703 808 κόσμον
1740 739 1966 813 τοῦτον,.

362 830 545 898 κρῖναι
582 827 795 892 ζῶντας
842 829 936 880 καὶ
979 831 1246 899 νεκρούς·
1284 832 1451 894 ὅντως
1485 831 1628 885 κατά
1671 834 1763 885 τὸν
1809 832 1950 885 θεῖον

363 919 584 984 σκοπὸν,
626 920 725 987 τὴν
774 918 1103 991 ὑπαπαντὴν
1130 921 1224 974 τοῦ
1254 922 1462 991 Κυρίου
1500 922 1773 993 ἑορτάζει,
1803 922 1951 990 γινό-

366 1028 527 1077 μενος
569 1010 942 1081 πνευματικός
991 1010 1242 1082 Συμεὼν,
1276 1014 1527 1067 τουτέστι
1571 1015 1807 1086 ὑπήκοος
1839 1014 1949 1068 τῶν

360 1103 523 1158 θείων
569 1104 1038 1174 προσταγμάτων,
1096 1105 1193 1158 καὶ
1249 1106 1426 1159 πάντα
1476 1107 1835 1176 κατορθώσας
1879 1107 1950 1161 δι-

361 1195 535 1257 καίως
570 1196 667 1248 καὶ
697 1195 943 1258 εὐλαϐῶς
977 1197 1233 1260 πάντοτε,
1267 1198 1359 1250 καὶ
1405 1199 1550 1251 κατὰ
1592 1200 1689 1269 τὴν
1733 1199 1948 1270 ἡμέραν

360 1287 461 1356 τῆς
500 1286 680 1351 ἐξόδου
707 1287 898 1352 αὑτοῦ,
926 1287 1074 1356 λέγει
1099 1289 1160 1341 τό
1178 1305 1191 1318 ·
1221 1309 1237 1340 ι
1266 1288 1381 1343 Νῦν
1406 1290 1665 1355 ἀπολύεις
1705 1291 1795 1345 τὸν
1823 1291 1948 1344 δοῦ-

360 1379 455 1432 λόν
485 1396 577 1432 σου
597 1396 609 1408 '
639 1398 658 1431 ι
694 1381 721 1433 ὀ
753 1381 799 1433 δ’
818 1382 875 1432 ἐν
908 1383 1174 1453 ταραχαῖς
1202 1383 1295 1435 καὶ
1321 1384 1650 1452 πειρασμοῖς
1675 1381 1947 1452 βιωτικοῖς

359 1472 858 1541 ἀναστρεφόμενος,
890 1473 985 1525 καὶ
1018 1472 1291 1543 μηδέποτε
1342 1472 1449 1525 τῶν
1490 1471 1650 1527 θείων
1683 1474 1945 1543 ῥημάτων

360 1559 600 1628 ὑπήκοος
629 1559 890 1627 γεγονὼς,
924 1559 1041 1624 πῶς
1064 1561 1208 1626 λέξει
1247 1559 1328 1613 τό·
1362 1579 1379 1610 ι
1414 1555 1568 1613 Εἶδον
1596 1561 1644 1613 οἱ
1674 1561 1945 1630 ὀφθαλμοί

364 1667 466 1719 μου
483 1650 544 1703 τὸ
562 1652 829 1721 σωτήριόν
859 1669 977 1706 σου·
1006 1672 1024 1705 ι
1067 1653 1299 1707 πάντοτε
1319 1653 1427 1707 τῶν
1457 1652 1749 1722 ὀφθαλμῶν
1778 1653 1942 1707 αὑτοῦ

2058 484 2198 537 σμον
2236 468 2423 521 τοῦτον
2473 468 2792 534 αἰνίττεται,
2835 472 2894 532 ὃς
2911 467 3173 522 ἀπέναντί
3204 467 3323 520 ἐστι
3359 465 3468 520 τῶν
3505 466 3645 520 ἀτοο-

2056 559 2431 628 στελλομένων
2453 578 2466 591 ·
2495 562 2797 614 ἀντίκειται
2821 560 2928 630 γὰρ
2961 558 3179 630 ἀληθῶς
3194 561 3305 622 τοῖς
3326 556 3641 612 ἀκολουθεῖν

2054 650 2148 702 καὶ
2175 649 2500 720 μαθητεύειν
2526 651 2739 703 θέλουσι
2762 649 2838 720 τῷ
2866 649 3058 721 Κυρίῳ
3083 652 3118 719 ἡ
3150 648 3245 701 τοῦ
3279 648 3488 716 κόσμου
3516 648 3641 700 τού-

2053 758 2148 793 του
2198 742 2350 810 φιλία
2369 781 2384 805 ,
2419 744 2562 795 κατά
2587 742 2645 795 τὸ
2676 741 3202 811 γεγραμμένονμότι
3231 741 3265 809 ἡ
3296 739 3390 791 τοῦ
3423 740 3635 807 κόσμου

2052 829 2243 882 τούτου
2280 831 2452 901 φιλία,
2487 831 2656 901 ἔχθρα
2676 831 2771 883 τοῦ
2805 831 2939 884 Θεοῦ
2970 833 3147 883 ἐστιν·
3187 832 3220 901 ἡ
3251 830 3368 893 ovo;
3395 829 3452 882 δὲ
3487 833 3521 900 ἡ
3552 830 3643 882 δε-

2051 922 2248 992 δεμένη
2308 923 2401 976 καὶ
2451 925 2479 975 ὀ
2530 923 2729 987 πῶλος,
2761 925 2860 993 τὴν
2901 922 3131 999 καθόλου
3182 922 3292 974 τῶν
3331 920 3640 992 ἀνθρώπων

2053 1012 2216 1080 φύσιν
2246 1013 2567 1078 αἰνίττεται,
2608 1016 2728 1086 ἥτις
2764 1015 2858 1068 καὶ
2889 1015 2969 1077 εἰς
2997 1013 3089 1066 δύο
3125 1012 3286 1075 λαοὺς
3344 1012 3640 1082 γνωμικῶς

2051 1101 2311 1173 διῃρέθη·
2355 1103 2634 1157 τουτέστιν
2672 1106 2751 1165 είς
2793 1103 3077 1166 Ἰουδαίους
3111 1103 3201 1154 καὶ
3248 1102 3340 1154 τὸν
3372 1102 3491 1167 νέον
3532 1101 3639 1153 τῶν

2050 1188 2218 1240 ἐθνῶν
2240 1188 2535 1254 λαὸν,οὒςό
2559 1191 2759 1261 Κύριος
2785 1192 3029 1262 βούλεται
3057 1190 3143 1244 διὰ
3164 1190 3262 1261 τῆς
3291 1189 3400 1243 τῶν
3426 1208 3639 1261 προφη-

2048 1279 2218 1332 τικῶν
2268 1282 2362 1333 καὶ
2400 1282 2771 1350 εὐαγγελικῶν
2818 1268 3078 1356 ῥημάτων
3100 1283 3466 1347 διδασκαλίας,
3505 1284 3538 1354 ῆ
3570 1283 3637 1336 δι’

2048 1370 2364 1424 ἀποστόλων
2408 1374 2501 1425 καὶ
2526 1375 2928 1443 εὑαγγελιστῶν
2952 1374 3176 1446 λυθῆναι
3195 1366 3293 1445 τῆς
3317 1375 3411 1429 τοῦ
3432 1377 3634 1448 κόσμου

2052 1462 2414 1534 ματαιότητος
2434 1465 2528 1516 καὶ
2559 1465 2883 1532 φαντασίας,
2911 1462 3009 1520 καὶ
3031 1466 3168 1538 πρὸς
3190 1467 3352 1521 αὑτὸν
3382 1467 3633 1536 ἄγεσθαι.

2669 1557 2779 1610 Τοῦ
2809 1557 3020 1612 αὐτοῦ.

2121 1646 2193 1700 Τὸ
2224 1647 2323 1717 μὲν
2345 1644 2437 1700 οὖν
2469 1648 2797 1717 στρωννύειν
2816 1647 2886 1700 τὰ
2914 1647 3122 1702 ἑαυτῶν
3151 1649 3365 1719 ἱμάτια,
3392 1647 3491 1717 τὴν
3516 1647 3626 1717 ἠθι-

357 1741 470 1793 τῶν
504 1741 778 1810 αἰσθητῶν
808 1742 901 1795 κα)⁸
932 1742 1041 1795 τῶν
1059 1743 1291 1812 νοητῶν,
1323 1745 1403 1806 είς
1426 1744 1729 1811 φαντασίας
1756 1761 1948 1813 κοσμι-
1977 1718 2025 1776 Β
2056 1738 2156 1808 κὴν
2189 1738 2338 1808 δηλοῖ
2367 1738 2649 1791 παίδευσιν
2674 1753 2687 1766 ·
2722 1739 2782 1790 τὸ
2811 1738 2869 1790 δέ
2900 1739 2991 1791 καὶ
3032 1738 3260 1801 κλάδους
3293 1738 3513 1791 κόπτειν
3540 1736 3637 1789 καὶ

362 1832 464 1893 κάς
508 1831 603 1884 καὶ
655 1831 952 1902 ἐπιθυμίας
995 1833 1269 1901 ἀσελγεῖς,
1323 1827 1791 1903 ἀσχολουμένων;
1847 1832 1949 1885 οὐκ

364 1921 511 1975 ἐστιν
534 1922 708 1986 οὑτως
737 1922 1021 1992 ἑορτάζειν
1056 1924 1268 1995 Κυρίῳ,
1303 1924 1403 1976 οὐκ
1445 1924 1594 1977 ἐστιν
1649 1921 1772 1976 οὔτε
1812 1922 1951 1993 μετὰ

362 2012 623 2065 τοιούτων
675 2014 851 2084 ἔργων
904 2014 1130 2086 θαρρεῖν
1175 2016 1271 2068 καὶ
1336 2014 1577 2077 ἐλπίζειν
1634 2015 1948 2083 ἀπαντῆσαι

360 2103 535 2174 αὐτῷ,
579 2105 720 2158 κατὰ
756 2107 835 2167 τὸ,
892 2124 910 2157 ι
960 2103 1422 2176 ’Δρπαγησόμεθα
1465 2106 1525 2160 ἐν
1566 2104 1819 2174 νεφέλαις
1869 2105 1949 2168 είς

359 2197 664 2266 ἀπάντησιν
690 2196 781 2249 τοῦ
808 2196 1036 2267 Κυρίου,
1066 2199 1146 2261 εἰς
1176 2198 1330 2267 ἀέρα.
1360 2215 1377 2248 ι

984 2288 1095 2342 Τοῦ
1128 2289 1339 2343 αὑτοῦ.

430 2374 713 2446 Βηθφαγὴ,
731 2372 893 2442 οἶκος
907 2377 1207 2446 σιαγόνων
1222 2378 1602 2448 ἑρμηνεύεται·
1619 2378 1676 2430 αἰ
1699 2372 1946 2445 σιαγόνες

356 2464 437 2527 δὲ,
457 2467 536 2529 είς
552 2466 719 2520 τύπον
746 2466 839 2520 τοῦ
865 2468 1024 2535 λόγου
1052 2468 1148 2537 τῆς
1176 2467 1521 2532 διδασκαλίας
1550 2467 1941 2536 λαμϐάνονται,

359 2559 418 2613 αἳ
444 2562 556 2620 τοῖς
589 2559 794 2631 ἱερεῦσι
823 2560 965 2612 κατά
992 2560 1081 2612 τὸν
1116 2560 1283 2629 νόμον
1308 2561 1560 2614 ἐδίδοντο·
1591 2559 1826 2631 Βηθανία
1856 2560 1935 2625 δὲ,

2059 1825 2517 1898 ὑποστρωννύειν,
2550 1827 2611 1879 τὸ
2640 1827 2701 1891 ἐξ
2733 1828 2992 1892 ἀπιστίας
3017 1827 3209 1900 ὥσπερ
3239 1828 3300 1893 ἐξ
3322 1828 3635 1898 ἀγριελαίου

2058 1918 2346 1972 ἐκκόπτειν
2374 1958 2389 1981 ,
2441 1918 2537 1970 καὶ
2583 1917 2672 1971 διὰ
2715 1918 2951 1980 πίστεως
2987 1918 3154 1989 ὀρθῆς
3189 1918 3511 1972 ὑποτάσσειν
3556 1919 3636 1989 τῷ

2059 2009 2282 2081 Κυρίῳ·
2333 2010 2394 2062 τὸ
2433 2010 2561 2080 βαΐα
2597 2012 2852 2079 φοινίκων
2885 2009 3197 2080 βαστάζειν,
3238 2011 3636 2084 χαρακτηρίζει

2051 2102 2150 2171 τὴν
2170 2102 2328 2174 νίκην
2358 2101 2423 2172 ἢν
2452 2101 2592 2172 ὑπὲρ
2620 2101 2777 2172 ἡμῶν
2810 2103 3090 2171 νενίκηκε·
3128 2102 3397 2173 σύμϐολον
3422 2104 3529 2174 γὰρ
3558 2104 3639 2155 νε·-

2053 2210 2158 2263 κης
2189 2172 2256 2246 is
2286 2193 2411 2263 βαΐα
2424 2211 2450 2250 ,·
2486 2193 2546 2246 τὸ
2575 2193 2630 2246 δὲ
2675 2192 2924 2258 Ὡσαννά,
2954 2172 3315 2266 ἑρμηνεύεται
3342 2172 3513 2265 χάρις
3540 2194 3637 2246 καὶ

2053 2283 2183 2350 δόξα
2210 2283 2287 2352 τῷ
2321 2274 2435 2350 Υἱῷ
2461 2283 2646 2348 Δαϐὶδ,
2673 2285 2863 2356 ἀμέλει
2889 2288 2918 2338 ὁ
2946 2286 3088 2350 θεῖος
3119 2287 3359 2353 Λουκᾶς,
3395 2285 3488 2338 ἐπὶ
3513 2286 3637 2339 τού-

2054 2393 2170 2437 του,
2197 2394 2217 2427 ι
2246 2375 2382 2441 Δόξα
2407 2378 2463 2429 ἐν
2505 2376 2772 2452 ὑψίστοις,
2811 2397 2829 2431 ι
2866 2373 2985 2432 εἶπε
3006 2394 3021 2408 ·
3048 2378 3108 2431 τὸ
3134 2379 3191 2432 δέ
3214 2380 3275 2432 τὸ
3294 2378 3422 2432 αὑτὸ
3454 2378 3638 2446 λέγειν

2044 2468 2172 2531 τούς
2189 2476 2248 2521 τε
2277 2470 2613 2540 προάγοντας
2630 2469 2723 2522 καὶ
2746 2471 2872 2534 τοὺς
2893 2469 3117 2524 ὄπισθεν
3146 2472 3353 2543 ὄχλους,
3385 2471 3482 2543 τὴν
3506 2475 3637 2540 ὀμο-

2047 2560 2254 2630 φωνίαν
2293 2560 2544 2632 σημαίνει
2587 2563 2681 2616 καὶ
2714 2562 3006 2633 ὁμολογίαν
3036 2565 3141 2634 τῆς
3159 2567 3236 2628 εἰς
3257 2565 3418 2619 αὑτὸν
3464 2563 3637 2634 όρθῆς

360 2645 526 2714 οἶκος
540 2642 842 2719 ὑπακοῆς·
881 2650 1235 2723 Ἰερουσαλὴμ
1266 2651 1343 2715 δὲ,
1367 2652 1579 2720 ὅρασις
1594 2650 1843 2719 εἰρήνης
1863 2667 1876 2680 ·
1899 2651 1948 2704 οί
2058 2652 2293 2718 πίστεως
2321 2654 2433 2708 τῶν
2467 2655 2573 2726 πρὸ
2606 2656 2703 2727 τῆς
2738 2656 3006 2727 ἐνσάρκου
3032 2656 3196 2710 αὑτοῦ
3223 2656 3632 2727 πραγματείας,

359 2739 418 2793 δὲ
438 2740 801 2809 πεμπόμενοι,
830 2741 1116 2794 ἀπόστολοι
1148 2742 1247 2795 καὶ·
1270 2742 1572 2812 προφῆται,
1598 2742 1632 2814 ἢ
1664 2742 1757 2795 καὶ
1783 2742 1950 2810 ἄγγε-
2054 2745 2147 2797 καὶ
2171 2745 2281 2799 τῶν
2308 2747 2448 2817 μετά
2465 2746 2668 2819 ταύτην
2699 2749 2779 2811 είς
2807 2746 2967 2802 αὑτὸν
2999 2748 3174 2819 ὀρθῶς
3200 2749 3633 2813 πιστευσάντων,

318 2846 323 2849 '
361 2830 444 2883 λοι
472 2831 873 2902 ὑπηρετοῦντες
906 2834 985 2905 τῷ
1014 2835 1242 2904 Χριστῷ
1272 2834 1410 2903 πρὸς
1429 2835 1708 2904 ἡμετέραν
1738 2833 1946 2904 λύτρω-
2052 2837 2147 2892 καὶ
2176 2838 2264 2890 διά
2301 2838 2538 2904 πίστεως
2568 2840 2661 2893 καὶ
2691 2839 2942 2913 πράξεως
2969 2840 3063 2894 καὶ
3091 2839 3341 2908 γνώσεως
3375 2840 3524 2912 αὐτῷ
3544 2839 3630 2892 εὑ-

363 2937 448 2974 σιν
473 2937 486 2951 ·
519 2921 579 2974 τὸ
608 2919 745 2977 εἶναι
786 2923 880 2977 δύο
924 2925 1050 2989 τοὺς
1090 2923 1622 2995 ἀποστελλόμενους,
1655 2925 1805 2995 δηλοῖ
1846 2925 1943 2989 τὰς
1971 2966 2014 3023 c
2051 2932 2498 3011 αρεστησάντων.

434 3167 688 3252 Ejusdem
716 3169 981 3250 Anastasii
1008 3179 1189 3252 exstat
1216 3172 1583 3252 fragmentum
1614 3172 1725 3252 είς.-
1826 3172 2094 3252 ῨΤΙιροὶίονὶ
2119 3181 2356 3250 imagine
2400 3198 2433 3234 a
2457 3179 2743 3235 Saraceni:
2764 3180 3058 3251 perforata.
3076 3182 3416 3252 lnterOpera
3441 3181 3635 3241 Sancti

362 3234 594 3321 .llnoannis
645 3237 964 3321 Daniasceni
1001 3241 1123 3321 _ed.
1162 3234 1580 3321 nov._'_t,.XClV,
1613 3263 1666 3316 p.
1705 3249 1877 3312 {594;
1930 3265 2148 3305 necnon
2203 3234 2259 3305 et
2312 3234 2681 3321 fragmentum
2728 3234 2784 3304 in
2848 3234 3423 3309 ἦοιιοηι-ὗοίίιίῖιῖεαιῆ
3444 3234 3634 3310 ἱῐῆὶὶ

364 3305 620 3361 Thomam
650 3308 967 3376 apostolum,
1000 3309 1039 3363 Ι.
1073 3325 1147 3376 c.,
1183 3327 1240 3382 p.
1276 3313 1399 3368 415.
1567 3305 1578 3310 ⁷
1613 3305 1630 3316 ⁸
1859 3305 1897 3325 ”

2397 3305 2423 3321 υ

1962 3420 2059 3482 VI.
2670 3456 2679 3461 -

1364 3522 1462 3582 DE
1506 3524 1914 3587 DIGNITATE
1960 3530 2626 3614 SACERDOTALHQ).

1386 3648 1543 3714 (Asc.
1580 3649 1707 3715 MAI,
1738 3648 1920 3722 Spicil.
1944 3653 2100 3709 Rom.
2133 3665 2173 3710 t.
2199 3657 2384 3727 Vltl,p.
2417 3675 2561 3713 xxvn
2591 3658 2609 3729 )
2702 3698 2717 3713 ,

432 3755 540 3811 Pro
588 3757 933 3813 immunitate
981 3760 1357 3816 ecclesiastica
1405 3773 1584 3819 exstat
1640 3767 1697 3820 in
1748 3767 1945 3823 eodem
1984 3771 2246 3841 synodico
2307 3772 2915 3845 Constantinopolitano
2976 3778 3165 3833 codice
3193 3778 3361 3834 breve
3390 3793 3632 3850 opuscu-

359 3851 474 3906 lum
504 3852 775 3907 Anastasii
807 3854 1026 3909 Sinaita:
1058 3895 1072 3919 ,
1126 3859 1274 3924 quod
1308 3864 1364 3911 ut
1398 3857 1668 3915 ineditum
1709 3873 1982 3919 memorat
2017 3866 2184 3922 etiam
2248 3867 2496 3937 Cavazus,
2530 3886 2585 3941 p.
2618 3871 2720 3928 546
2760 3873 2824 3927 D.
2869 3874 3001 3945 Ejus
3045 3873 3279 3929 titulum
3305 3884 3363 3931 et
3407 3876 3629 3933 initium

359 3958 509 3999 nunc
540 3943 807 4001 recitabo.

430 4057 841 4112 Demonstratio
871 4059 1020 4128 quod
1057 4076 1255 4132 magna
1295 4070 1350 4118 et
1392 4064 1638 4137 angelica
1669 4068 1741 4122 sit
1770 4068 1943 4141 digni-

2133 4072 2430 4139 Ἀπόδειξις
2460 4075 2541 4127 ὅτι
2576 4076 2718 4144 μέγα
2740 4077 2832 4130 καὶ
2851 4075 3141 4146 ἀγγελικὸν
3167 4077 3382 4150 ἀξίωμα
3407 4081 3439 4151 ἡ
3472 4082 3633 4151 ἱερω-

359 4156 443 4204 tas
471 4149 875 4217 sacerdotium;
903 4161 960 4207 et
990 4153 1139 4221 quod
1176 4155 1404 4209 omnino
1434 4157 1554 4212 ﬁeri
1599 4170 1859 4230 nequeat,
1893 4172 1943 4217 ul

2052 4164 2206 4233 σύνη·
2245 4167 2337 4218 καὶ
2378 4167 2460 4219 ὅτι
2495 4166 2759 4221 ἀδύνατον
2798 4170 3187 4240 ἀνακρίνεσθαι
3215 4149 3480 4244 ἀρχιερέα
3519 4149 3629 4227 ὑπὸ

353 4240 565 4312 judicet
593 4230 769 4297 laicus
803 4242 871 4298 de
902 4245 1210 4310 sacerdote,
1257 4246 1352 4315 qui
1404 4249 1628 4303 nonnisi
1673 4266 1702 4304 a
1746 4254 1943 4323 majore

2051 4230 2259 4318 >.αῖκοῦ,
2293 4258 2410 4311 ἀλλ’
2450 4259 2557 4312 ὑπὸ
2598 4260 2846 4330 μείζονος
2880 4230 3206 4333 ἀρχιερέως,
3234 4230 3415 4329 iunco}
3445 4266 3542 4318 καὶ
3577 4268 3628 4320 ci

358 4334 619 4405 pontiﬁce
641 4332 991 4405 iudicandus
1019 4346 1140 4401 est,
1195 4348 1257 4396 ut
1301 4343 1477 4396 sancti
1522 4358 1763 4400 canones
1803 4346 1949 4400 afﬁr-

2050 4346 2193 4428 ἆγιοι
2226 4347 2443 4410 κανόνες
2481 4349 2680 4417 φασίν·
2716 4350 2968 4422 καθάπερ
2999 4352 3094 4406 καὶ
3144 4354 3202 4406 ἐν
3235 4356 3299 4425 τῇ
3328 4356 3629 4427 ἐκκλησια-

357 4436 530 4489 tnant,
560 4436 617 4480 et
649 4430 704 4481 in
745 4430 1124 4485 ecclesiastica
1167 4433 1332 4499 etiam
1370 4435 1619 4490 Philonis
1649 4437 1724 4507 (Ξ)
1768 4439 1943 4506 philo-

2051 4437 2451 4507 στικῇῚστορία
2482 4439 2718 4504 Φίλωνος
2765 4441 2860 4494 τοῦ
2904 4442 3218 4513 φιλοσόφου.
3252 4476 3321 4486 -
3361 4446 3419 4499 Ὀ
3450 4450 3628 4517 τιμῶν

355 4518 513 4587 sophi
539 4517 785 4574 Historia
824 4521 1047 4574 dicitur.
1072 4522 1267 4588 —Qui
1306 4527 1646 4582 sacerdotem
1682 4530 1937 4597 honorat,

353 4610 525 4665 Deum
575 4626 797 4682 quoque
845 4613 1176 4680 honorabit;
1219 4615 1314 4685 qui
1362 4626 1544 4673 autem
1597 4622 1936 4676 sacerdotem

353 4715 617 4770 spernere
662 4703 961 4767 assuescit,
999 4704 1235 4760 ulterius
1281 4722 1630 4777 progressus,
1685 4712 1797 4767 Deo
1833 4712 1937 4781 ipsi

351 4793 743 4846 contumeliam
777 4794 1075 4864 aliquando
1109 4796 1292 4853 faciet.
1330 4794 1433 4866 Qui
1472 4816 1569 4855 vos
1609 4804 1821 4873 recipit,
1850 4803 1937 4858 in-

351 4882 475 4951 quit
506 4882 784 4948 Christus,
820 4901 905 4941 me
940 4889 1155 4958 recipit.
1185 4890 1343 4945 Alius
1370 4909 1504 4948 vero
1548 4894 1678 4948 alibi
1709 4895 1937 4951 :Sacer-

350 4973 575 5029 dotibus
623 4976 873 5040 Domini,
928 4979 1124 5049 inquit,
1162 4982 1428 5039 honorem
1471 4986 1747 5041 exhibete.
1796 4987 1929 5041 Pro-

347 5064 495 5118 fecto
537 5072 593 5118 et
631 5064 804 5120 Judaei
851 5066 981 5123 hinc
1035 5068 1203 5122 Deum
1259 5072 1539 5140 aspernari
1591 5071 1924 5137 didicerunt,

2042 4526 2135 4582 τόν
2175 4530 2348 4599 ἱερέα,
2391 4529 2484 4583 τὸν
2527 4530 2662 4584 Θεδν
2689 4535 2937 4603 τιμήσει·
2972 4536 3000 4588 ὁ
3041 4536 3096 4589 δὲ
3130 4535 3314 4605 μαθὼν
3342 4539 3434 4591 τὸν
3475 4540 3629 4609 ἱερέα

2043 4621 2430 4688 καταφρονεῖν,
2456 4620 2562 4691 ὀδῷ
2602 4622 2911 4692 προϐαίνων
2948 4625 3040 4678 καὶ
3084 4629 3162 4689 εἰς
3213 4627 3303 4679 τὸν
3364 4628 3498 4683 Θεὸν
3534 4635 3623 4684 ἐν-

2041 4709 2254 4780 υϐρίσει
2278 4711 2428 4766 ποτέ.
2469 4712 2528 4766 '0
2546 4712 2834 4784 δεχόμενος
2848 4717 3012 4783 ὑμᾶς,
3038 4719 3220 4788 φησὶν,
3250 4720 3350 4790 ἐμὲ
3379 4722 3622 4793 δέχεται·

2042 4803 2135 4855 καὶ
2162 4801 2349 4873 ἔτερος
2381 4803 2614 4873 ἀλλαχοῦ
2640 4823 2653 4838 ·
2682 4806 2819 4869 Τοὺς
2856 4808 3021 4879 ἱερεῖς
3043 4810 3234 4875 αὑτοῦ,
3268 4814 3453 4881 φησὶν,
3484 4816 3628 4866 ἐντί-

2044 4912 2180 4966 μους
2206 4896 2319 4966 ἐχε·
2352 4897 2601 4952 ἐντεῦθεν
2633 4898 2834 4970 ἔμαθον
2864 4903 2922 4954 ὀί
2956 4902 3196 4955 Ἰουδαῖοι
3234 4904 3329 4958 τοῦ
3360 4905 3491 4958 9εοῦ
3520 4922 3639 4960 κα-·

2034 4984 2361 5052 ταφρονεῖν,
2419 4986 2504 5038 ὅτι
2553 4986 2801 5052 Μωσέως
2845 4991 3284 5062 κατεφρόνησαν,
3328 4994 3411 5047 ὅτι
3458 4997 3623 5049 αὑτὸν

2038 5072 2306 5140 ἐλίθαζον,
2341 5093 2397 5131 κ.
2431 5093 2482 5129 τ.
2506 5076 2558 5131 λ.

347 5161 475 5230 quia
530 5161 766 5233 Moysem
809 5174 1170 5233 spreverunt,
1221 5175 1279 5220 et
1326 5167 1601 5236 lapidibus
1641 5169 2047 5238 appetiverunt,
2092 5178 2199 5225 etc.

417 5282 588 5336 Porro
618 5283 794 5349 locus,
829 5285 923 5354 qui
951 5284 1092 5339 infra
1123 5285 1328 5339 citatur
1350 5286 1418 5341 ab
1452 5286 1744 5342 Anastasio
1781 5302 1848 5342 ex
1879 5288 2166 5359 deperdita
2205 5292 2455 5350 Philonis
2492 5295 2789 5354 Christiani
2823 5300 3052 5376 historia
3073 5345 3087 5369 ,
3134 5305 3279 5361 idem
3319 5317 3405 5363 est
3450 5326 3618 5379 quem

344 5377 541 5431 recitat
569 5375 764 5449 Glycas
796 5377 855 5431 in
913 5379 1237 5466 Aanalibus,
1274 5378 1364 5433 ed.
1395 5379 1595 5444 Paris.,
1628 5395 1683 5450 p.
1711 5380 1836 5434 282.

417 5496 493 5568 (2)
523 5497 674 5552 idem
723 5495 1086 5568 fragmentum
1128 5509 1398 5554 memorat
1432 5515 1496 5555 ac
1530 5500 1664 5557 citat
1691 5502 1924 5558 Allatius

344 5562 731 5640 De'_Perpetua_
749 5562 1103 5640 consensione
1122 5569 1225 5640 red.
1249 5568 1469 5640 Colom,
1500 5587 1555 5640 p.
1581 5572 1706 5627 ‘226.

414 5637 493 5705 (ὅ)
527 5637 661 5699 Quis
709 5638 872 5692 fuerit
916 5637 1006 5693 hic
1038 5638 1192 5694 Philo
1224 5637 1586 5712 philosolilius
1616 5643 1708 5713 qui
1741 5641 1923 5699 llisto-

2034 5504 2169 5586 riam
2195 5506 2666 5596 “Ecclesiasticam
2725 5516 3002 5596 condidit,
3058 5521 3159 5596 vel
3194 5538 3306 5591 quo
3322 5595 3334 5596 ἡ
3367 5531 3619 5596 tempore

2030 5575 2256 5715 ἔίκὲἓὲ,
2303 5594 2389 5634 me
2419 5582 2578 5650 plane
2624 5585 2839 5642 ncsoire
2882 5575 3071 5645 fati-or.
3122 5575 3263 5647 Cass
3310 5575 3617 5668 Diali-Ilii};
