3988 6142
423 329 3648 403 W

1691 545 1866 590 ANNO
1911 544 2142 590 DOMINI
2186 541 2409 586 DXCIX.

1102 744 2781 963 ANASTASIUS
2934 746 3034 950 Ι

962 1048 2122 1244 ANTIOCHENUS
2218 1106 3144 1236 EPISCOPUS.

2038 1716 2140 1775 I.'

1257 1880 1338 1934 Ex
1368 1877 1646 1933 GALLAND.
1688 1874 1805 1930 νει.
1855 1872 2084 1928 Patrum
2124 1871 2381 1927 Biblioth.
2419 1880 2457 1927 t.
2489 1871 2604 1943 XII,
2643 1888 2696 1946 p.
2726 1889 2858 1932 xm.

493 2186 538 2242 I.
601 2183 961 2249 Anastasius,
1021 2197 1223 2254 genere
1262 2181 1623 2244 Palaestinus,
1679 2180 2024 2250 professione
2060 2182 2402 2249 monachus,
2449 2198 2577 2238 cum
2615 2183 2971 2240 eruditorum
3004 2183 3292 2258 plerisque
3324 2198 3468 2258 quos
3493 2185 3686 2247 laudat

427 2280 720 2336 Fabricius
752 2277 890 2352 (l),
933 2275 1364 2347 distinguendus
1395 2276 1622 2329 omnino
1649 2275 1874 2330 videtur
1904 2275 1972 2330 ab
1996 2277 2292 2331 Anastasio
2319 2276 2530 2331 Sinaita
2562 2277 2658 2346 qui
2686 2277 2928 2348 Μωῦσῆς
2953 2276 3074 2342 νέος
3105 2293 3138 2333 a
3164 2276 3373 2336 Graecis
3403 2283 3685 2337 recentio—

426 2371 583 2426 ribus
615 2371 826 2426 dicitur
847 2410 862 2436 ,
912 2377 974 2423 ut
1000 2368 1171 2421 refert
1204 2367 1492 2421 Simonius
1527 2367 1644 2437 (2).
1708 2367 2316 2438 Quapropterminime
2347 2369 2664 2424 audiendus
2687 2375 2773 2422 est
2797 2367 3167 2438 Nicephoras,
3205 2370 3302 2440 qui
3327 2369 3685 2426 Anastasium

423 2461 633 2537 de‘quo
667 2462 949 2531 loquimur
992 2474 1105 2512 non
1135 2459 1314 2513 solum
1356 2473 1483 2513 cum
1512 2457 1724 2513 Sinaita
1752 2459 2066 2524 confundit,
2110 2459 2206 2514 sed
2238 2468 2294 2512 et
2320 2475 2447 2514 cum
2477 2460 2652 2514 altero
2676 2459 2970 2532 Anastasio
2991 2458 3238 2529 juniore,
3270 2459 3365 2529 qui
3390 2459 3686 2514 Anastasio

423 2554 492 2608 de
535 2569 646 2622 quo
694 2553 786 2607 hic
828 2551 1110 2620 loquimur
1161 2550 1217 2603 in
1249 2549 1574 2619 episcopatu
1642 2549 1940 2613 successit,
1991 2560 2048 2604 et
2080 2565 2226 2604 anno
2261 2550 2365 2604 609
2388 2549 2597 2606 Christi
2629 2558 2840 2620 martyr
2865 2549 3134 2604 occubuit
3175 2549 3302 2620 (5).
3357 2549 3686 2606 Anastasius

422 2648 611 2716 itaque
661 2657 787 2717 post
816 2646 1092 2700 Domuum
1122 2644 1240 2698 sive
1268 2643 1603 2697 Domninum
1646 2643 1714 2696 ad
1748 2643 1934 2697 sedem
1967 2643 2427 2712 Theopolitanam
2463 2655 2559 2698 seu
2588 2643 2996 2698 Antiochenam
3032 2641 3140 2698 fuit
3165 2651 3414 2698 evectus.
3455 2641 3682 2697 Initium

419 2742 543 2811 ejus
573 2739 929 2809 pontiﬁcatus
952 2743 1110 2809 juxta
1138 2736 1436 2806 Nicephori
1466 2734 1764 2790 Chronicon
1796 2751 1861 2790 ac
1893 2734 2252 2806 Theophanis
2282 2735 2534 2801 Tabulas,
2566 2752 2632 2792 ex
2661 2736 2811 2807 Pagii
2843 2734 2919 2807 (4)
2952 2744 3008 2791 et
3032 2733 3325 2805 Lequienii
3357 2734 3432 2806 (5)
3459 2741 3683 2789 senten-

425 2837 520 2898 tia,
560 2834 884 2904 illigandum
917 2846 1064 2886 anno
1095 2831 1223 2896 559,
1261 2843 1421 2885 secus
1452 2838 1618 2899 atque
1648 2829 1742 2883 alii
1776 2830 1874 2899 qui
1901 2837 2155 2886 statuunt
2185 2846 2394 2885 annum
2425 2830 2550 2884 561.
2606 2829 2740 2900 Ejus
2765 2829 2915 2884 enim
2944 2828 3237 2893 decessor,
3277 2827 3372 2897 qui
3403 2840 3550 2881 anno
3578 2825 3685 2882 545

421 2929 822 2986 Antiochenam
853 2926 1040 2982 sedem
1075 2925 1343 2990 obtinuit,
1384 2941 1562 2980 annos
1596 2927 1660 2979 14
1693 2941 1814 2980 eam
1840 2925 2146 2980 Ecclesiam
2182 2927 2416 2992 rexisse,
2454 2925 2707 2995 adeoque
2740 2922 3094 2978 Anastasium
3123 2927 3376 2976 nostrum
3403 2933 3553 2975 anno
3576 2917 3681 2976 559

422 3037 800 3078 successorem
855 3020 1119 3075 habuisse
1171 3019 1533 3088 comperitur.
1594 3019 1705 3074 Res
1734 3019 1802 3074 ab
1832 3035 1901 3074 eo
1928 3021 2193 3089 praeclare
2221 3029 2404 3088 gestas
2435 3017 2736 3088 descripsit
2767 3017 3037 3088 Evagrius
3065 3014 3164 3088 (6).
3205 3014 3302 3071 Vir
3331 3012 3546 3068 scilicet
3575 3012 3683 3068 fuit

420 3127 539 3172 tum
579 3116 652 3170 ob
693 3115 1031 3170 eminentem
1060 3113 1189 3168 vitae
1223 3113 1580 3168 sanctitatem
1607 3152 1622 3176 ,
1679 3121 1795 3166 tum
1830 3113 1903 3168 ob
1927 3113 2185 3168 eximiam
2214 3112 2528 3166 doctrinam
2563 3111 2772 3180 ubique
2804 3109 2859 3163 in
2886 3108 3114 3165 Oriente
3140 3113 3445 3179 spectatus.
3483 3105 3678 3179 Magna

421 3211 654 3281 insuper
685 3211 998 3266 constantia
1029 3217 1085 3265 et
1110 3207 1282 3263 animi
1311 3206 1646 3262 celsitudine
1678 3208 1735 3261 in
1762 3216 1927 3262 recta:
1955 3207 2082 3261 ﬁdei
2109 3207 2437 3262 defensione
2462 3207 2732 3277 praeditus
2757 3206 2927 3262 fuisse
2954 3205 3304 3276 perhibetur.
3352 3203 3682 3274 Imperatori

419 3317 659 3374 namque
687 3303 1005 3358 Iustiniano
1038 3303 1095 3357 in
1125 3301 1382 3357 haeresim
1407 3298 2038 3369 Aphthartodocitarum
2065 3300 2220 3370 lapso
2259 3299 2492 3354 ﬁrmiter
2519 3299 2739 3355 obstitit
2780 3316 2794 3354 :
2830 3299 2926 3370 qui
2952 3306 3248 3370 propterea
3276 3298 3456 3370 ipsum
3481 3297 3681 3352 exsilio

422 3399 669 3469 relegare
700 3400 1067 3465 decreverat;
1105 3398 1226 3463 sed,
1261 3395 1566 3466 improviso
1594 3395 1710 3450 fato
1744 3397 2036 3466 perculsus
2068 3411 2216 3450 anno
2241 3396 2367 3460 565,
2395 3397 2649 3466 iniquum
2677 3396 2976 3451 consilium
3007 3393 3279 3465 perﬁcere
3303 3392 3450 3448 haud
3474 3392 3682 3462 potuit.

419 3495 566 3550 Illud
597 3487 789 3552 tamen
815 3497 1029 3567 aliquot
1057 3505 1182 3566 post
1210 3511 1387 3551 annos
1425 3495 1728 3566 perfecisse
1760 3497 2124 3566 intelligimus
2158 3497 2337 3550 nihilo
2364 3497 2665 3565 tequiorem
2699 3496 2756 3549 in
2785 3504 3041 3550 sanctum
3070 3492 3383 3548 antistitem
3408 3489 3684 3546 Justinia»

422 3589 483 3642 ni
533 3598 831 3658 cognatum
885 3590 1167 3646 Iustinum
1219 3591 1501 3660 juniorem
1527 3630 1542 3655 ,
1598 3590 1694 3660 qui
1730 3606 1858 3644 eum
1891 3600 2087 3645 octavo
2119 3591 2340 3661 imperii
2366 3607 2514 3645 anno
2544 3590 2894 3646 Antiochena
2919 3589 3048 3643 sede
3075 3586 3420 3651 deturbavit,
3460 3587 3682 3657 ipsique

423 3679 753 3750 Gregorium
802 3681 1025 3736 suﬂecit
1078 3683 1337 3737 asceterii
1386 3685 1592 3738 montis
1623 3683 1758 3737 Sina
1791 3684 2136 3754 praefectum.
2195 3686 2272 3739 De
2308 3685 2395 3739 his
2433 3701 2501 3740 ex
2532 3685 2770 3756 Evagrio
2799 3683 3120 3749 erudimur,
3160 3682 3255 3753 qui
3287 3682 3545 3754 pluribus
3578 3683 3682 3740 ista

424 3774 784 3845 prosequitur
815 3775 930 3843 (7).
977 3774 1127 3828 Hanc
1159 3775 1438 3829 Anastasii
1469 3774 1882 3844 depositionem
1919 3791 2063 3845 aegre
2093 3776 2392 3830 admodum
2424 3777 2550 3830 tulit
2581 3775 2886 3846 Gregorius
2916 3775 3163 3846 Magnus.
3204 3774 3440 3829 Exstant
3469 3775 3686 3846 aliquot

423 3869 547 3938 ejus
574 3867 827 3937 epistolae
854 3867 953 3938 (8)
988 3866 1055 3920 ad
1089 3868 1346 3922 eumdem
1382 3865 1791 3922 Antiochenum
1821 3871 2136 3938 praesulem,
2175 3870 2231 3922 in
2258 3869 2464 3939 quibus
2495 3869 2675 3939 ipsum
2709 3868 2956 3938 impense
2981 3867 3170 3926 laudat
3216 3884 3230 3920 :
3275 3874 3508 3922 testatus
3539 3881 3685 3938 pra-

424 3965 574 4015 terea
629 3974 689 4016 se
745 3959 890 4030 apud
941 3956 1331 4014 serenissimos
1376 3956 1635 4012 dominos
1687 3957 2038 4028 (Mauritium
2069 3959 2300 4028 ejusque
2333 3957 2504 4012 ﬁlium
2535 3957 2956 4028 Theodosium)
3001 3957 3237 4012 summis
3263 3955 3524 4028 precibus
3550 3973 3683 4030 sug-

423 4053 732 4124 gestionem
763 4053 988 4115 fecisse,
1025 4061 1087 4106 ut
1117 4053 1240 4106 viro
1267 4051 1594 4106 beatissimo
1631 4067 1767 4106 suus
1794 4053 1974 4107 honor
2000 4053 2418 4108 restitueretur.
2934 4101 2940 4109 .
3641 4073 3644 4077 '

494 4143 560 4198 ll.
593 4145 929 4199 Pontiﬁcatu
956 4145 1127 4200 cessit
1151 4144 1478 4198 Anastasius
1509 4160 1656 4199 anno
1684 4145 1788 4200 569
1837 4154 2075 4200 exeunte
2105 4146 2194 4200 vel
2218 4154 2436 4210 exacto,
2466 4152 2757 4217 postquam
2785 4146 2965 4217 prima
2988 4145 3112 4204 vice
3137 4146 3374 4204 sedisset
3397 4149 3685 4221 annos“,

425 4235 520 4304 ἐτη
557 4233 651 4300 ια’,
673 4244 746 4303 ut
775 4235 1017 4290 habetur
1049 4235 1104 4288 in
1134 4235 1438 4304 Nicephori
1463 4233 1720 4289 Chronico
1754 4251 1820 4291 ac
1846 4235 2206 4307 TheOphanis
2239 4236 2486 4304 Tabulis;
2521 4239 2681 4308 cujus
2711 4243 3008 4308 propterea
3041 4239 3297 4296 exsilium
3325 4240 3510 4296 minus
3533 4249 3684 4297 recte

423 4326 601 4380 refert
629 4327 833 4398 Pagius
859 4326 953 4398 (9)
988 4328 1056 4382 ad
1089 4343 1298 4381 annum
1328 4327 1452 4381 565.
1518 4328 1695 4382 Porro
1733 4327 2059 4399 Gregorius,
2089 4329 2270 4384 eidem
2299 4331 2568 4386 suffectus
2598 4345 2744 4384 anno
2773 4329 2908 4396 570,
2943 4331 3250 4388 Ecclesiam
3281 4334 3683 4390 Antiochenam

424 4418 637 4473 rexisse
690 4435 866 4490 usque
902 4419 970 4474 ad
1009 4421 1292 4475 ineuntem
1324 4436 1533 4475 annum
1569 4422 1674 4476 595
1709 4429 2056 4492 compertum
2112 4425 2173 4478 ﬁt
2223 4439 2289 4480 ex
2331 4424 2698 4494 inscriptione
2742 4423 3024 4481 Orationis
3069 4441 3232 4496 quam
3268 4427 3464 4482 habuit
3492 4435 3684 4486 noster

422 4511 771 4576 Anastasius,
793 4527 919 4566 cum
949 4521 1075 4582 post
1099 4527 1277 4566 annos
1308 4523 1421 4566 tres
1445 4522 1505 4568 et
1523 4513 1740 4583 viginti,
1758 4513 2024 4568 thronum
2051 4529 2214 4570 suum
2244 4516 2676 4586 patriarchalem
2706 4532 2906 4572 rursus
2928 4517 3161 4588 recepit.
3197 4517 3439 4592 Hujusce
3461 4519 3684 4578 Oratio-

420 4602 512 4656 nis
565 4600 989 4672 inscriptionem
1045 4605 1127 4659 sic
1173 4605 1347 4659 refert
1393 4604 1727 4660 Lambecius
1768 4605 1906 4676 (10)
1948 4625 1961 4660 :
2003 4607 2110 4661 Τοῦ
2155 4609 2321 4662 αὑτοῦ
2357 4609 2715 4663 Ἀναστασίου
2760 4627 2858 4663 παπ

2172 4609 2321 4661 ιὺτοῦ
2357 4609 2715 4663 Ἀναστασίου
2760 4611 3105 4682 πατριάρχου
3143 4612 3478 4685 Ἀντιοχείας
3505 4614 3682 4683 Λόγος

421 4693 661 4763 ὁπηνίκα
692 4695 999 4762 ἐπανῆλθεν
1031 4699 1124 4750 ἐπὶ
1153 4698 1245 4750 τὸν
1270 4697 1464 4768 θρόνον
1496 4699 1584 4752 διὰ
1613 4697 1783 4770 τριῶν
1813 4700 1910 4752 καὶ
1936 4700 2112 4753 εἴκοσι
2137 4690 2372 4770 χρόνων,
2404 4719 2458 4757 κ.
2489 4720 2542 4755 τ.
2567 4701 2619 4756 λ.
2653 4703 2856 4773 Ejusde

2173 4690 2372 4770 φόνων,
2404 4719 2458 4757 κ.
2489 4720 2542 4755 τ.
2567 4701 2619 4756 λ.
2653 4703 2910 4773 Ejusdem
2935 4705 3212 4762 Anastasii
3233 4709 3685 4779 patriarcuAn-

421 4783 649 4836 tiocheni
698 4783 914 4853 Oratio,
962 4804 1081 4841 cum
1107 4798 1223 4858 post
1255 4807 1425 4843 annos
1458 4791 1644 4860 viginti
1675 4800 1779 4844 tres
1835 4791 1905 4844 ad
1929 4792 2106 4845 sedem
2139 4793 2320 4848 rediit.
2381 4793 2500 4860 Qua
2549 4794 2618 4849 de
2661 4795 3027 4865 inscriptione
3065 4798 3292 4873 Pagium
3322 4801 3434 4872 (II)
3463 4809 3522 4859 et
3544 4803 3682 4863 Bos.—

420 4873 608 4928 chium
639 4876 769 4946 (12)
801 4879 1058 4934 consulas
1085 4881 1276 4935 velim.
1315 4881 1576 4936 Eamdem
1609 4897 1834 4952 quoque
1864 4885 2064 4940 recitat
2091 4885 2410 4957 Lequienus
2443 4886 2573 4958 (15)
2615 4907 2628 4942 :
2668 4889 2763 4944 sed
2799 4890 2948 4944 aliud
2979 4892 3158 4963 egisse
3188 4893 3413 4950 videtur
3437 4897 3524 4950 vir
3547 4911 3682 4952 eru—
3725 4897 3734 4950 ἰ

418 4965 604 5034 ditus,
655 4969 787 5024 dum
816 4972 1089 5028 scriberet
1114 4974 1463 5030 Anastasium
1495 4976 1670 5032 fuisse
1703 4990 1733 5028 a
1761 4979 2018 5034 Mauritio
2048 4980 2384 5049 imperatore
2417 4980 2776 5037 Antiochcnze
2805 4983 2921 5038 sedi
2954 4985 3274 5042 restitutum
3304 4987 3542 5042 vicesimo
3567 4997 3682 5042 ter-
3727 4993 3730 4998 ‘

605 5146 824 5224 fabric.
853 5148 987 5224 Bibl.
1014 5150 1106 5207 Cr.
1127 5159 1180 5224 rt.
1209 5152 1455 5224 IXLpag.
1477 5153 1604 5210 515.

495 5158 572 5216 (1)
609 5158 824 5203 Fabric.
853 5158 987 5204 Bibl.
1014 5158 1106 5207 Gr.
1139 5159 1180 5206 t.
1209 5158 1300 5214 Ix,
1333 5169 1455 5224 pag.
1477 5158 1604 5210 515.
2100 5158 2262 5227 epist.
2289 5158 2393 5223 59;
2435 5169 2491 5214 et
2517 5159 2618 5214 lib.
2642 5177 2735 5224 vn,
2761 5161 2926 5230 epist.
2948 5163 3039 5227 27.
3077 5163 3214 5220 edit.
3239 5163 3344 5219 BB.

553 5223 570 5282 )
604 5215 817 5298 Simon.
852 5219 988 5273 Bibl.
1019 5223 1178 5275 chois.
1213 5229 1251 5276 t.
1280 5223 1346 5286 ll,
1379 5239 1498 5293 cap.
1526 5225 1650 5287 112,
1681 5240 1805 5294 pag.
1828 5226 1919 5280 27.
2171 5228 2248 5294 (9)
2285 5229 2435 5298 Pagi.
2463 5230 2531 5284 ad
2557 5247 2688 5285 ann.
2714 5233 2837 5294 565,
2871 5233 2973 5302 55.

516 5285 569 5347 5)
605 5287 837 5357 thceph.
866 5290 1002 5344 Call.
1034 5290 1170 5345 Hist.
1201 5293 1326 5346 eccl.
1357 5294 1453 5348 lib.
1480 5310 1627 5360 xvul,
1656 5308 1776 5364 cap.
1802 5295 1891 5350 44.
2172 5298 2283 5367 (l0)
2325 5297 2516 5354 Lamb.
2571 5299 2864 5356 Comment.
2901 5303 2976 5354 .de
3019 5302 3158 5356 Bibl.
3199 5301 3344 5357 Casa

511 5355 567 5425 4)
605 5355 754 5427 Pagi.
785 5359 852 5413 ad
878 5375 1009 5414 ann.
1034 5360 1157 5423 56l,
1183 5361 1284 5431 §2.
1353 5418 1361 5427 ,
2097 5382 2152 5436 p.
2181 5369 2302 5422 159.

517 5425 570 5491 5)
605 5425 993 5510 Lequien..0r.
1021 5429 1214 5511 Christ.
1251 5441 1382 5486 tom.
1410 5433 1476 5495 II,
1502 5448 1555 5503 p.
1584 5433 1706 5489 754.
1966 5456 1968 5458 ν
2173 5437 2284 5508 (11)
2321 5438 2469 5508 Pagi.
2507 5439 2574 5493 ad
2604 5456 2732 5493 ann.
2759 5440 2880 5495 594.
2912 5439 2972 5511 ές
3001 5441 3033 5495 4
3062 5457 3216 5511 seqq.

515 5494 568 5561 6)
605 5495 803 5561 Evagr.
833 5497 969 5552 Hist.
994 5499 1119 5552 eccl.
1151 5501 1245 5555 Ilb.
1269 5519 1340 5561 tv.
1368 5518 1491 5561 can.
1513 5503 1604 5558 40.
2173 5509 2286 5561 (12)
2321 5508 2520 5561 Bosch.
2553 5509 2726 5561 Tract.
2759 5509 2821 5561 de
2843 5509 2996 5561 Patr.
3023 5512 3290 5561 Αηιίοειι.-
3326 5527 3344 5561 a

2171 5228 2435 5302 (9)_P_agi.
2461 5230 2531 5302 ad
2557 5247 2688 5302 ann.
2714 5228 2837 5294 565,
2871 5233 2898 5302 §
2922 5235 2973 5287 5.

2172 5298 2283 5370 (10)
2325 5297 2516 5354 [.atnb.
2571 5297 2976 5356 Commentfde
3019 5302 3158 5356 Bibl.
3199 5301 3400 5359 Cmar.
3445 5303 3542 5359 lib.
3579 5321 3674 5370 vn,

2097 5382 2152 5436 Ρ.
2173 5369 2476 5511 Pagi.
2507 5439 2732 5511 ad_ann.
2759 5440 2880 5511 594:
2912 5439 2972 5511 ές
3001 5441 3033 5495 4
3062 5457 3216 5511 seqq.

2173 5509 2286 5578 (12)
2321 5508 2520 5578 Bosch.
2553 5509 2726 5563 Tract.
2759 5509 2821 5561 de
2843 5508 2996 5565 Patr.
3021 5508 3290 5577 Antioch,
3321 5512 3395 5568 ad
3426 5512 3546 5571 Act.
3575 5513 3675 5573 SS.

2102 5577 2236 5633 tom.
2262 5579 2351 5636 IV.
2380 5577 2488 5632 Jul.
2519 5593 2574 5647 p.
2599 5579 2686 5632 98.
2719 5594 2872 5647 num.
2898 5581 3021 5636 455.

2177 5647 2286 5718 (l5)
2325 5646 2594 5718 Lequien.
2633 5647 2722 5702 ον.
2750 5646 2944 5704 Christ.
2978 5660 3110 5708 tom.
3138 5652 3206 5720 ιι,
3239 5668 3293 5724 p.
3318 5653 3440 5710 756.

3221 5745 3295 5808 41

556 5297 569 5364 )
605 5287 1002 5364 ljiceph._Call.
1034 5290 1170 5364 _I_Iis_t.
1189 5293 1326 5364 _eccl.
1357 5287 1460 5348 lib:
1480 5310 1627 5360 xvul,
1656 5287 1782 5364 cap:
1802 5295 1891 5350 44.

605 5355 852 5431 PagiI_ad
878 5375 1009 5431 ann.
1034 5360 1157 5431 561,
1183 5361 1284 5431 §2.

517 5418 570 5503 ξ’)
605 5418 993 5503 ξρῆυίεηελον.
1021 5418 1214 5503 σὴρ-ἱ.ςῇ
1251 5418 1382 5486 tom.
1410 5433 1476 5495 ιι,
1502 5448 1555 5503 p.
1584 5433 1706 5489 754.

515 5494 568 5577 ρ)
605 5494 803 5577 Evagr.
833 5497 969 5552 Hist.
994 5499 1340 5577 eccl._lib._tv,
1368 5494 1604 5574 cap.'40.

492 5563 572 5706 (7)
606 5567 680 5620 lo.
710 5563 807 5620 lib.
832 5584 886 5628 v,
919 5584 1078 5638 capp.
1102 5569 1135 5623 5
1158 5581 1214 5624 et
1233 5571 1283 5625 6.

493 5632 547 5705 (8
603 5634 860 5706 Greg.-M.
909 5638 1006 5691 lib.
1043 5655 1087 5702 ι,
1133 5643 1278 5706 epist

603 5634 860 5706 Greg.-M.
909 5634 1087 5702 lib—fl,
1133 5643 1298 5710 epist.
1341 5645 1392 5706 7,
1435 5643 1527 5710 25,
1561 5644 1669 5713 26;
1718 5652 1774 5701 et
1811 5645 1913 5703 lib.
1936 5662 1991 5715 v,

740 5732 1014 5796 PATROL.
1057 5736 1172 5798 GR.
1193 5737 1519 5799 LXXXIX.

3721 5113 3732 5160 ἰ
