3988 6142
325 290 455 357 test
1386 292 1450 352 s.
1492 293 1962 354 ANASTASJUS
2003 292 2566 355 ANTIOCHENUS.
2714 280 2718 285 ’
3456 285 3590 348 πεπρ

317 412 392 457 ιίυ
424 422 571 460 anno
602 416 790 469 exacto
825 416 888 458 ea:
918 420 1018 475 quo
1053 404 1423 475 pontiﬁcatum
1453 409 1651 462 inierat
1678 408 1847 478 (li);
1908 423 2037 463 cum
2071 408 2258 478 potius
2303 409 2550 463 scribere
2583 407 2892 472 debuisset,
2929 422 2991 461 ea:
3017 421 3120 477 quo
3149 403 3463 475 pontiﬁcatu
3492 407 3586 456 ab-

312 505 527 555 dicatus
578 500 779 569 fuerat.
838 499 1018 555 Aliter
1068 500 1218 555 haud
1262 501 1372 556 sibi
1416 512 1700 559 constaret
1735 504 1797 559 V.
1826 503 1889 559 C.
1923 520 1989 559 ex
2018 504 2201 574 posita
2230 512 2379 559 recte
2410 504 2480 558 ab
2511 519 2578 560 eo
2609 513 2919 574 temporum
2948 500 3381 573 supputatione,
3421 515 3590 570 quam

320 592 490 661 paulo
538 601 668 646 ante
720 592 1011 661 praemisit.
1073 593 1265 664 Itaque
1295 595 1427 650 anni
1459 594 1656 667 viginti
1689 605 1805 652 tres
1837 612 1949 651 non
1980 597 2050 651 ab
2079 595 2219 650 inito
2245 595 2571 666 pontiﬁcatu
2596 596 2879 652 Anastasii
2913 611 3063 650 anno
3090 595 3214 661 559,
3257 592 3352 649 sed
3385 594 3455 649 ab
3485 608 3588 647 an-

319 702 395 741 no
421 688 548 754 570,
583 703 696 761 quo
722 687 831 744 fuit
860 687 1135 761 dejectns,
1174 690 1507 755 numerandi
1542 691 1771 753 omnino
1799 701 1961 758 sunt,
1996 689 2250 763 adeoque
2283 690 2353 747 de
2384 689 2635 763 ejusdem
2666 694 2990 761 reversione
3023 689 3094 745 ad
3125 703 3251 744 eam
3275 688 3464 744 sedem
3491 702 3591 742 ac-

317 778 589 848 cipiendi.
2886 792 2895 799 ~

388 897 480 953 lll.
540 898 699 954 Haud
731 914 897 956 secus
925 898 1313 971 aeinscriptio
1338 899 1715 955 Lamheeiana
1742 898 1993 970 loquitur
2016 898 2291 971 Evagrius
2315 897 2471 970 (15).
2530 897 2639 953 Sed
2683 896 2823 953 illud
2870 897 2927 951 in
2959 895 3156 968 primis
3184 893 3585 951 attendendum

319 990 473 1061 quod
520 991 600 1045 ait
651 990 801 1046 idem
849 990 1195 1056 historicus,
1259 991 1593 1063 Gregorium
1637 991 1873 1056 scilicet,
1910 992 1968 1046 in
1996 990 2176 1045 nostri
2202 990 2493 1045 Athanasii
2519 990 2703 1045 locum
2735 988 3057 1054 suﬂ'ectum,
3097 997 3382 1042 mortuum
3414 987 3588 1042 fuisse

320 1098 433 1152 quo
470 1089 723 1151 tempore
772 1080 1139 1139 Antiocheam
1166 1082 1435 1139 Ecclesiae
1464 1082 1799 1153 praesidebat
1822 1081 2173 1141 Anastasius.
2203 1082 2347 1138 Hinc
2373 1084 2503 1154 jure
2532 1082 2714 1154 arguit
2740 1082 2994 1139 Valesius
3022 1080 3381 1137 Anastasium
3418 1083 3586 1153 paulo

318 1186 449 1233 ante
500 1184 742 1231 mortem
793 1175 1051 1247 Gregorii
1092 1175 1265 1232 luisse
1296 1177 1353 1230 in
1380 1176 1571 1231 sedem
1632 1177 2043 1233 Antiochenam
2076 1174 2425 1231 restitutum.
2484 1172 2603 1240 Qua
2650 1172 2719 1228 de
2756 1188 2817 1228 re
2863 1173 3033 1229 latius
3070 1174 3242 1229 verba
3280 1175 3413 1231 facit
3448 1178 3588 1234 Bos-

320 1270 487 1327 chius
516 1269 674 1341 (16).
734 1269 1124 1340 Nicephorus,
1180 1270 1238 1324 in
1280 1268 1563 1333 Chronico,
1600 1286 1694 1323 sea:
1721 1286 1891 1324 annos

2012 1269 2275 1324 ntilicatui
2308 1271 2431 1340 ejus
2460 1267 2710 1323 secundo
2744 1266 2963 1330 tribuit,
3000 1266 3095 1337 ἔτη
3127 1268 3214 1333 ς’;
3254 1271 3489 1334 rectius,
3527 1281 3587 1327 ut

319 1364 570 1429 videtur,
613 1362 974 1433 TheOphanis
1005 1362 1246 1429 Tabulaa,
1276 1379 1446 1417 annos
1481 1364 1735 1434 quinque,
1767 1361 1863 1429 ἐτη
1892 1368 1954 1415 ε’.
1992 1361 2230 1417 Sanctus
2267 1363 2418 1417 enim
2463 1359 2764 1429 Gregorius
2808 1359 3098 1429 epistolam
3134 1360 3203 1416 ad
3231 1361 3586 1418 Anastasium

316 1456 605 1527 juniorein
638 1454 761 1525 ejus
788 1456 1428 1525 successoremscripsit
1456 1470 1602 1510 anno
1633 1456 1758 1520 599,
1796 1453 2102 1508 indictione
2128 1454 2183 1519 2,
2234 1469 2426 1508 mense
2452 1450 2719 1507 Januario
2750 1451 2880 1521 (17)
2921 1469 2935 1506 :
2980 1452 3230 1522 adeoque
3260 1468 3585 1524 supremum

322 1549 471 1602 diem
502 1547 713 1603 obierit
738 1546 1070 1602 Anastasius
1095 1547 1283 1602 senior
1307 1561 1454 1601 anno
1479 1546 1827 1616 praecedente
1854 1545 1979 1611 598,
2005 1560 2119 1614 quo
2144 1545 2408 1600 Kalendis
2432 1540 2863 1613 Septembribus
2888 1542 3257 1597 inchoabatur
3281 1544 3511 1599 indietio
3531 1548 3584 1602 2.

324 1639 417 1695 Sic
447 1637 706 1709 pluribus
732 1637 937 1708 Pagius
959 1636 1094 1707 (18).
1129 1636 1190 1691 In
1218 1636 1469 1690 eamdem
1502 1636 1836 1695 sententiam
1866 1636 2033 1706 Pagio
2059 1636 2355 1706 prmiverat
2382 1633 2657 1689 Baronius
2685 1632 2739 1686 in
2764 1634 3151 1689 notationibus
3174 1634 3240 1689 ad
3264 1635 3585 1708 Martyrolo-

320 1733 466 1802 gium
503 1731 642 1802 (19)
692 1748 706 1783 :
753 1729 887 1785 licet
921 1737 1115 1798 postea
1147 1728 1202 1783 in
1231 1728 1560 1793 Annalibus,
1594 1737 1809 1783 mutato
1836 1716 2092 1793 consilio,
2124 1743 2334 1783 annum
2363 1729 2623 1784 statuerit
2645 1730 2771 1785 599.
2807 1727 2993 1797 Atque
3028 1728 3170 1800 (20)
3206 1730 3301 1784 aiii
3333 1732 3584 1801 quidem,

324 1843 469 1898 quos
498 1828 649 1882 inter
683 1824 958 1880 Boschius
986 1823 1144 1895 (21),
1190 1823 1516 1879 doctissimo
1543 1824 1836 1879 Annalium
1862 1824 2338 1879 ecclesiasticarum
2362 1822 2581 1892 parenti
2616 1821 2993 1877 accedendum
3019 1823 3209 1893 potius
3238 1825 3584 1883 existimant.

324 1921 561 1985 Verum,
601 1918 645 1973 si
680 1917 964 1988 Menologii
990 1915 1318 1979 Crcecorum,
1355 1932 1573 1973 necnon
1603 1916 1928 1971 Tabularum
1956 1917 2437 1972 ecclesiasticarum
2486 1916 2812 1971 attendatur
2840 1916 3187 1981 auctoritas,
3245 1932 3371 1971 cum
3408 1918 3582 1988 Pagii,

325 2023 443 2066 tum
488 2009 645 2080 prior
673 2007 895 2062 Baronii
925 2008 1203 2062 sententia
1237 2006 1579 2077 praeferenda
1604 2007 1847 2062 videtur.
1908 2005 1969 2061 ln
2016 2022 2085 2062 eo
2126 2008 2277 2062 enim
2319 2006 2599 2062 Anastasii
2630 2006 2873 2077 elogium
2923 2006 3013 2061 die
3041 2005 3112 2060 20
3142 2008 3349 2064 mensis
3376 2010 3584 2079 Aprilis

324 2104 687 2173 consignatur
719 2098 856 2173 (22)
893 2117 905 2153 :
936 2098 992 2153 in
1022 2099 1109 2153 his
1134 2109 1322 2154 autem
1354 2115 1407 2153 ιι
1431 2099 1704 2154 Kalendas
1726 2098 1898 2153 Maias
1928 2098 2310 2154 anniversaria
2340 2099 2461 2169 ejus
2490 2099 2757 2153 memoria
2783 2098 3053 2153 recolitur
3084 2099 3238 2171 (25).
3286 2099 3419 2167 Quae
3451 2118 3588 2159 sane

206 2220 209 2221 '
322 2194 600 2267 temporis
630 2193 975 2257 notationes,
1014 2191 1375 2247 indiCtionem
1399 2191 1434 2245 2
1463 2191 1843 2262 praecedentes
1872 2206 1981 2261 qua
2010 2191 2217 2262 scripta
2241 2191 2498 2264 Gregorii
2524 2192 2706 2264 Magni
2731 2192 2967 2264 epistola
2992 2206 3298 2250 memorata
3325 2199 3590 2267 perhibe-

324 2299 438 2356 tur,
474 2301 684 2343 annum
717 2283 998 2340 Anastasii
1023 2284 1388 2339 emortualem
1418 2283 1523 2339 598
1547 2282 1903 2341 conﬁrmant.

391 2405 483 2462 ιν.
525 2402 802 2459 Anastasii
832 2400 1070 2458 senioris
1099 2400 1356 2472 praesulis
1382 2399 1714 2456 Antiocheni
1748 2401 1958 2472 scripta
1991 2419 2114 2473 quae
2140 2401 2614 2459 circumferuntur
2642 2414 2773 2458 sunt
2797 2404 3092 2474 ejusmodi,
3117 2414 3287 2475 prout
3307 2423 3371 2462 ea
3395 2424 3589 2464 recen-

319 2504 409 2552 set
441 2494 736 2550 Fabricius
764 2493 905 2565 (21)
941 2511 953 2546 :
985 2492 1123 2563 Περὶ
1151 2490 1261 2544 τῶν
1294 2490 1416 2545 καθ’
1440 2493 1592 2564 ἡμᾶς
1621 2491 1800 2564 ὀρθῶν
1829 2492 1894 2565 τῆ

2011 2493 2221 2565 ’.ηθεὶας
2249 2493 2540 2565 δογμάτων
2563 2492 2728 2564 Λόγοι
2751 2494 2813 2548 ε’.
2836 2493 2916 2549 De
2943 2497 3140 2551 nostris
3173 2500 3329 2554 rectis
3359 2500 3586 2574 dogma-

322 2588 459 2642 tibus
489 2580 732 2642 veritatis
769 2582 1051 2639 Orationes
1077 2582 1333 2653 quinque.

533 2680 576 2736 I.
615 2679 694 2736 De
720 2677 819 2734 SS.
848 2677 1130 2733 Trinitate.

534 2771 603 2827 ll.
643 2762 1227 2840 De'incircumscripto.

535 2866 628 2919 lll.
667 2864 743 2918 De
774 2865 955 2918 divina
987 2865 1299 2928 oeconomia,
1334 2863 1391 2917 id
1417 2871 1513 2930 est,
1549 2863 1614 2917 de
1641 2865 2035 2922 incarnatione.

529 2956 623 3012 IV:
664 2955 740 3009 De
769 2954 1017 3026 passione
1048 2961 1098 3006 et
1127 2954 1557 3024 impossibilitate.
1586 2953 1802 3011 Christi.

533 3052 598 3108 γ.
641 3052 718 3106 De
754 3051 1145 3104 resurrectione
1172 3048 1388 3107 Christi.

321 3143 434 3202 llas
486 3145 738 3216 quinque
784 3141 1078 3197 Orationes
1131 3140 1409 3196 Stevartio
1459 3141 1770 3209 debemus,
1827 3144 1924 3215 qui
1976 3160 2072 3201 eas
2121 3145 2176 3199 in
2220 3162 2322 3201 suo
2361 3147 2616 3204 Auctario
2658 3150 2944 3208 lectionum
2987 3157 3334 3229 antiquarunt
3365 3156 3575 3213 Canisii

320 3254 391 3294 ex
438 3236 699 3294 versione
750 3233 1036 3289 Francisci
1080 3233 1378 3300 Turriani,
1436 3234 1615 3289 edidit
1665 3235 1989 3306 Ingolstadii
2041 3253 2188 3293 anno
2228 3239 2390 3295 1616.
2453 3241 2687 3298 Exstant
2718 3254 2987 3313 praeterea
3015 3263 3083 3303 ex
3112 3249 3305 3304 eadem
3330 3249 3588 3305 versione

320 3333 380 3389 in
408 3329 777 3387 Bibliothecis
806 3329 1033 3385 Patrum
1068 3326 1389 3383 Coloniensi
1421 3336 1478 3384 et
1510 3328 1889 3399 Lugdunensi.
1947 3330 2134 3388 Graece
2166 3349 2339 3404 porro
2367 3335 2649 3391 habentur
2678 3337 2736 3393 in
2765 3339 3106 3396 bibliotheca
3128 3342 3392 3397 Vaticana
3429 3341 3586 3415 ('25),

319 3425 745 3484 Vindobonensi
789 3423 918 3496 (26)
970 3423 1207 3493 aliisque
1258 3423 1405 3478 haud
1454 3425 1671 3495 paucis.
1735 3426 1970 3481 Videtur
2010 3438 2238 3485 sanctus
2278 3431 2481 3500 praesul
2524 3430 2626 3486 has
2657 3431 2952 3489 Orationes
2979 3434 3182 3490 litteris
3206 3435 3587 3506 consignasse,

322 3520 480 3586 dum,
509 3519 578 3574 ab
606 3514 852 3574 Ecclesia
876 3531 975 3572 sua
999 3516 1347 3573 Antiochena
1379 3519 1577 3588 procul
1609 3519 1834 3586 absens,
1861 3521 2032 3574 vitam
2064 3521 2123 3576 in
2150 3523 2349 3578 exsilio
2376 3533 2586 3595 ageret.
2622 3526 2877 3583 Amicum
2903 3528 3052 3583 enim
3079 3529 3397 3599 quemdam,
3426 3529 3588 3599 cujus

322 3612 550 3667 hortatu
584 3626 680 3668 eas
712 3610 969 3682 digessit,
991 3610 1233 3681 benigne
1262 3612 1624 3681 compellans,
1662 3621 1901 3668 testatur
1929 3612 2041 3686 (27)
2076 3631 2135 3671 se
2163 3616 2337 3671 multa
2369 3618 2563 3688 paucis
2588 3621 2886 3691 complecti
2928 3639 2944 3677 :
2985 3622 3055 3677 Et
3085 3623 3347 3694 fortassis,
3378 3622 3585 3694 inquit,

322 3703 718 3759 accommodate
744 3704 814 3758 ad
841 3711 1047 3775 tempus
1072 3705 1210 3775 quod
1233 3707 1487 3776 suppetit,
1518 3712 1567 3759 et
1597 3706 1667 3760 ad
1692 3707 1930 3778 inapiam
1962 3706 2221 3764 librorum
2252 3727 2360 3782 qua
2386 3708 2716 3769 laboramus.

392 3821 461 3880 ν.
501 3820 795 3879 Orationes
821 3818 1097 3903 ejusmodi
1129 3818 1417 3890 excipiunt
1445 3834 1734 3875 sermones
1754 3821 1808 3887 5,
1844 3835 2081 3890 quorum
2111 3823 2351 3893 primum
2383 3835 2439 3879 et
2467 3826 2703 3881 alterum
2733 3826 2789 3882 in
2813 3827 3314 3883 Annuntiationem
3338 3820 3589 3900 Deiparte
3666 3897 3675 3903 α

323 3913 595 3986 Virginis,
646 3900 905 3982 ιιιεάυῇ
946 3911 1280 3966 Batavorum
1322 3926 1470 3965 anno
1509 3910 1648 3966 1619
1698 3909 1891 3966 Graece
1938 3913 2187 3983 vulgavit
2212 3914 2270 3968 in
2298 3929 2468 3983 opere
2500 3914 2780 3971 Variorum
2812 3917 3114 3972 divinorum
3138 3917 3381 3973 Joannes
3407 3919 3590 3973 Meur-

324 4007 443 4063 sius
469 4005 582 4077 (28)
611 4022 625 4058 :
658 4020 690 4059 e
716 4005 877 4075 cujus
906 4004 1210 4074 exemplari
1234 4004 1429 4059 Latine
1455 4003 1741 4059 redditum
1775 4014 2073 4075 utrumque
2095 4006 2524 4063 Grcam-Latina:
2552 4008 2779 4064 Patrum
2805 4009 3145 4064 Bibliotheca
3176 4024 3308 4064 novo
3332 4010 3589 4065 Auctario
3654 4030 3663 4077 ξ

324 4074 572 4157 intexuit
591 4074 1005 4162 Combeﬁsius;
1062 4094 1157 4165 qui
1190 4103 1248 4149 et
1277 4110 1589 4150 sermonem
1621 4094 1840 4149 addidit
1870 4094 1930 4149 in
1958 4074 2525 4167 Transﬁgurationem
2559 4098 2623 4152 D.
2650 4099 2716 4154 N.
2747 4099 2798 4156 J.
2824 4098 2885 4155 C.
2913 4099 3069 4166 (29),
3101 4114 3170 4153 ex
3199 4099 3371 4170 Regio
3395 4100 3590 4155 codice
3653 4074 3657 4093 ’

322 4189 523 4245 mutilo
552 4187 612 4244 in
638 4187 746 4244 ﬁne
774 4187 1141 4257 descriptum.
1182 4184 1358 4241 Porro
1388 4201 1511 4255 quae
1537 4184 1768 4240 deerant
1796 4185 1852 4239 in
1878 4185 2031 4240 edito
2057 4184 2469 4241 Combelisiano
2498 4188 2777 4258 supplevit
2804 4204 2871 4244 ex
2897 4189 3196 4246 Lambecio
3226 4190 3355 4264 (50)
3388 4194 3591 4250 Fabri-

324 4282 447 4338 cius
470 4280 620 4355 (5l);
659 4279 806 4336 unde
834 4280 928 4336 illa
954 4279 1394 4349 desumpsimus,
1426 4285 1487 4330 ut
1513 4291 1616 4331 suo
1638 4275 1762 4331 loco
1792 4277 2134 4333 monuimus.
3251 4332 3260 4342 ,

394 4374 495 4434 His
522 4376 762 4447 denique
793 4372 1147 4429 subdidimus
1177 4369 1427 4442 ejusdem
1449 4368 1730 4425 Anastasii
1758 4370 2092 4441 patriarchae
2117 4371 2466 4443 Theopoleos
2491 4375 2821 4445 opusculum
2850 4374 2924 4429 De
2949 4377 3118 4433 tribus
3142 4379 3590 4451 quadragesimis,

324 4487 355 4527 a
379 4470 655 4528 Cotelerio
690 4469 747 4524 in
777 4468 961 4523 lucem
992 4466 1257 4520 emissum
1285 4462 1442 4534 (52).
1499 4462 1576 4517 De
1607 4478 1719 4532 quo
1749 4464 1868 4518 haec
1894 4464 2081 4520 clarus
2110 4466 2294 4522 editor
2316 4466 2445 4539 (55)
2479 4486 2492 4522 :
2534 4487 2551 4519 ι
2587 4466 2823 4533 Citatur,
2858 4468 3063 4538 inquit,
3092 4486 3413 4540 quanquam
3442 4472 3592 4527 indi-

325 4560 589 4635 ligentius
617 4577 647 4615 a
674 4558 970 4614 Theodoro
1000 4555 1327 4611 Balsamone
1358 4554 1609 4626 Epistola
1638 4555 1706 4610 de
1730 4556 1963 4627 jejuniis
1987 4599 2002 4624 ,
2054 4575 2219 4629 quam
2277 4560 2552 4630 superiori
2592 4569 2744 4616 tomo
2788 4561 3101 4629 edidimus;
3159 4563 3282 4628 ubi,
3314 4567 3591 4635 quemad-

326 4653 551 4709 modum
601 4651 670 4706 ad
714 4648 1158 4706 Constitutiones
1202 4650 1572 4719 apostolieas,
1630 4650 1872 4707 diximus
1917 4651 1986 4707 de
2013 4651 2246 4723 jejuniis
2272 4650 2593 4723 Graecorum
2635 4664 2692 4709 et
2732 4652 2801 4708 de
2828 4668 3023 4708 eorum
3057 4654 3239 4710 tribus
3264 4655 3586 4728 Quadrageo

324 4743 515 4808 simis,
565 4742 624 4797 in
668 4740 946 4797 Anastasii
976 4740 1286 4810 quastione
1311 4739 1411 4808 64,
1446 4751 1504 4797 et
1534 4742 1590 4797 in
1618 4743 1743 4797 loco
1768 4743 2000 4799 Joannis
2022 4742 2183 4799 Citrii
2213 4743 2359 4815 apud
2386 4745 2651 4800 Allatium
2687 4745 2763 4799 De
2789 4762 3053 4810 consens.,
3088 4748 3182 4813 Ill,
3209 4748 3305 4814 12,
3342 4765 3449 4805 nec
3478 4767 3590 4806 non

326 4840 384 4896 in
416 4835 605 4909 Typico
636 4835 693 4891 S.
718 4833 872 4892 Saba:
897 4835 937 4889 l'.
965 4833 1065 4889 100
1088 4842 1143 4891 et
1165 4834 1300 4899 153,
1349 4843 1516 4906 atque
1546 4836 1604 4891 in
1635 4837 1835 4892 Morini
1866 4837 2114 4910 Antiquis
2138 4838 2593 4909 paenitentialibus
2622 4854 2678 4908 p.
2704 4839 2796 4906 89,
2826 4839 2950 4896 185.
3002 4840 3118 4897 Nec
3147 4841 3365 4899 Latinis
3392 4843 3590 4901 defue-

398 5019 509 5095 (lb)
543 5017 924 5095 [inquien_._0r.
955 5018 1146 5074 Christ.
1164 5029 1221 5095 _t,_
1245 5019 1308 5086 ll,
1345 5034 1400 5089 p.
1428 5017 1551 5074 736.
2022 5018 2197 5095 __(_25)
2234 5019 2453 5095 Fabric.
2499 5020 2657 5095 Bibl_._
2811 5029 2947 5078 tom.
2970 5021 3066 5089 IX,
3114 5038 3273 5094 pagg.
3302 5023 3411 5078 522
3433 5040 3592 5095 seqq.

400 5088 514 5163 (15)
551 5088 749 5163 Evagr.
780 5091 876 5163 lib.
904 5106 978 5152 vn,
1013 5106 1134 5163 cap.
1158 5092 1250 5163 24.
1306 5122 1321 5137 κ
1352 5088 1361 5089 ί

1172 5092 1250 5145 Μ.
1306 5122 1321 5137 κ
1352 5088 1361 5089 “
2013 5088 2295 5163 (Ed.nov.
2324 5100 2363 5145 t.
2394 5091 2489 5163 7X,_
2508 5107 2575 5163 ρ.
2598 5091 2747 5163 595.)

434 5161 514 5236 f6)
551 5160 824 5236 Bosch._l.
846 5175 895 5215 c.
923 5177 1078 5236 num.
1104 5161 1227 5236 456.
1286 5230 1312 5236 _
1615 5232 1659 5236 __
1784 5230 1877 5236 μ,

1874 5233 1877 5236 ὗ
2026 5160 2031 5162 ⁷
2230 5162 2421 5236 1101111.
2456 5160 2592 5236 Bibl.
2625 5162 3000 5236 Bibliothecarj.
3031 5172 3166 5220 tom.
3201 5164 3245 5230 ἰ,
3278 5181 3333 5236 p.
3361 5165 3449 5220 15.

430 5233 519 5305 17)
536 5231 709 5305 _Greg.
742 5232 841 5287 lib.
866 5249 940 5300 Ix,
967 5232 1133 5302 epist.
1157 5232 1245 5287 49.
1277 5230 1418 5302 Opp.
1453 5240 1586 5286 tom.
1614 5232 1681 5298 ll,
1708 5246 1760 5302 p.
1779 5230 1905 5301 962,

1708 5230 1905 5302 ρ.962,
2085 5230 2198 5305 (26)
2230 5232 2491 5305 Lambec.
2526 5232 2625 5286 lib.
2645 5249 2748 5305 _vn_,
2782 5249 2903 5305 pag.
2927 5234 3048 5290 167.
3244 5264 3264 5283 .

401 5249 452 5299 (ι
472 5249 514 5292 ll
546 5249 709 5304 ureg.
742 5249 841 5287 nu.
866 5249 940 5300 ix,
967 5249 1133 5302 epist.
1157 5249 1245 5287 ea.
1277 5249 1418 5302 upp.
1453 5249 1586 5286 tom.
1616 5249 1681 5298 ιι,
1708 5249 1905 5302 p.302,
2107 5249 2198 5302 τυ)
2230 5249 2491 5286 Lanioec.
2526 5249 2625 5286 nn.
2656 5249 2748 5293 vn,
2819 5251 2829 5287 :

328 5300 593 5359 cdit.BB.
668 5374 671 5375 ν
786 5374 797 5375 7
1065 5374 1077 5375 ί
1143 5371 1159 5375 Α
1196 5371 1214 5375 Α
2085 5249 2199 5375 (27)
2233 5304 2425 5375 Anast.
2456 5302 2612 5375 Qrat.
2637 5303 2690 5375 1,
2721 5303 2749 5375 5

403 5375 515 5446 (18)
552 5374 701 5446 Pagi.
734 5374 801 5429 ad
829 5389 958 5446 ann.
985 5373 1109 5439 599,
1137 5371 1164 5445 §
1188 5371 1242 5446 2.
1268 5443 1286 5446 _
1307 5443 1320 5446 _
1379 5443 1388 5446 _

2087 5371 2200 5446 (28)
2236 5371 2744 5446 Μουζεηνρνεάὶυῖ
2782 5391 2938 5446 pagg.
2964 5377 3051 5440 19,
3075 5376 3163 5431 ⁸55.

401 5443 514 5519 (19)
550 5443 752 5519 Bacon.
784 5444 851 5500 ad
872 5443 1158 5519 Martyrol.‘
1182 5443 1238 5497 d.
1260 5443 1324 5498 21
1361 5443 1518 5515 Apr.,
1544 5454 1657 5501 not.
1683 5460 1730 5499 ε.

2088 5444 2201 5519 (ea)
2234 5443 2486 5519 _Com_bel'.
2509 5443 2643 5519 Non.
2673 5445 2827 5499 Auct.
2849 5443 2987 5501 Bibl.
3016 5447 3129 5504 PP.
3150 5457 3284 5502 tom.
3309 5447 3352 5513 1,
3384 5463 3439 5519 p.
3468 5447 3593 5504 819.

400 5513 515 5587 (20)
550 5516 624 5587 la.
658 5515 726 5587 ad
753 5531 883 5587 ann.
909 5513 1033 5581 599,
1066 5513 1171 5587 ξε.
1403 5513 1426 5587 ξ
1470 5585 1481 5587 _

2085 5513 2199 5587 (5O)
2234 5514 2631 5587 Ean'bccdib-
2661 5530 2778 5587 ξἰιιν
2813 5532 2935 5587 pas-
2965 5519 3085 5572 H7-

425 5583 515 5658 21)
551 5586 751 5658 Bosch.
786 5586 823 5658 l.
848 5602 899 5640 c.
932 5583 1172 5656 pagf99.
1206 5600 1359 5658 num.
1383 5585 1512 5658 #460.

2086 5583 2198 5658 (51)
2235 5584 2450 5658 Eabric.
2467 5583 2619 5658 _Bib_l.
2646 5584 2739 5658 Gr.
2770 5583 2906 5658 tom:
2930 5587 3021 5645 IX.
3050 5604 3105 5658 p.
3132 5589 3254 5643 353.

425 5656 514 5731 22)
548 5653 742 5731 hiemi.
775 5653 949 5731 Gripe.
978 5653 1122 5731 part.
1148 5671 1226 5731 tu,
1253 5670 1309 5723 p.
1332 5656 1422 5711 64.
1576 5699 1586 5708 .

2084 5653 2197 5731 (ξὲ)
2232 5654 2417 5731 Gotcl.
2443 5654 2605 5731 βαι.
2650 5654 3010 5731 Cr.__l_lonum.
3038 5653 3174 5717 tom.
3203 5659 3289 5726 lil,
3316 5674 3440 5731 pag.
3467 5656 3593 5715 125.

402 5723 515 5794 (25)
554 5724 834 5806 Martyrpl.
860 5724 1013 5779 Rom.
1043 5725 1106 5779 21
1141 5724 1275 5793 Apr.

2087 5723 2197 5797 (33)
2236 5725 2309 5780 la.
2343 5725 2479 5781 ibid.
2513 5741 2671 5797 pagg.
2696 5727 2802 5782 645
2831 5744 2948 5798 seq.
