3988 6142
282 296 417 358 1295
1342 296 1404 360 s.
1442 259 1922 357 ANASTASIU§
1962 295 2524 373 ANTIOCHENUS.
3419 264 3554 358 me

276 420 346 471 τὰ
397 418 629 485 σώματα
674 414 836 486 ἡμῶν
886 415 980 468 ἐπὶ
1021 413 1083 467 τὸ
1124 414 1499 484 πνευματικὸν
1545 408 1638 468 καὶ
1675 413 1976 484 ἄφθαρτον.
2034 415 2143 468 Καὶ
2176 418 2224 468 εἰ
2255 419 2311 470 ὲν
2339 418 2625 488 καινότητι
2657 415 2804 486 ζωῆς
2836 414 3334 488 περιπατήσωμεν,
3369 414 3554 488 ἁρπα-

277 509 564 579 γησόμεθα
599 507 657 559 ὲν
687 506 941 576 νεφέλαις
971 508 1052 571 εἰς
1077 506 1384 576 ἀπάντησιν
1412 504 1507 557 τοῦ
1535 504 1744 575 Κυρίου
1774 507 1855 568 εὶς
1883 504 2043 577 ἀέρα,
2076 508 2171 559 καὶ
2200 507 2373 570 οὕτως
2402 509 2637 562 πάντοτε
2672 508 2770 562 σὺν
2796 508 2989 577 Κυρίῳ
3017 506 3280 576 ἐσόμεθα,
3302 499 3346 574 ᾦ
3368 507 3402 575 ἡ
3424 505 3557 570 δόξα

279 604 374 655 καὶ
424 603 486 654 τὸ
536 600 741 672 κράτος
791 601 872 663 εἱς
914 600 1043 662 τοὺς
1088 599 1292 662 αἰῶνας
1325 598 1435 650 τῶν
1468 597 1705 652 αἰώνων.
1752 600 1854 669 Ἀμ

1987 599 2274 663 Lambec.,
2306 600 2449 667 VIII,
2476 617 2532 671 p.
2562 600 2664 654 117
2699 599 2777 672 [p.
2800 598 2907 653 250
2935 614 3053 670 seq.
3085 614 3142 653 n.
3169 597 3258 663 15,
3290 594 3553 668 Kollar.].

276 695 435 751 FABR.
471 694 528 749 V.
557 709 745 764 supra,
782 693 838 747 in
866 694 923 747 h.
949 694 1059 748 vol.
1084 708 1138 763 p.
1178 691 1440 747 214.-1η
1471 693 1597 748 cod.
1623 693 1851 748 Coislin.

1975 696 2003 749 ir.
2035 694 2091 748 V.
2118 694 2495 751 Montfaucon.
2528 695 2668 764 Bibl.
2689 694 2914 752 Coislin.
2939 710 2993 766 p.
3022 695 3150 761 419,
3177 710 3235 748 n.
3258 692 3347 747 41.
3380 691 3550 748 ΒΑΜ..

346 794 382 847 4
421 790 677 854 Ἔκθεσις
708 790 976 861 σύντομος
998 789 1100 860 τῆς
1141 789 1427 860 ὀρθοδόξου
1458 789 1696 854 πίστεως
1733 789 1871 861 (55).
1903 790 1921 845 1

1972 791 2181 861 rpositio
2206 791 2609 862 compendiaria
2636 791 2943 845 orthodoxa:
2973 789 3120 858 ﬁdei,
3157 803 3258 860 per
3286 786 3547 859 quaestio-

277 904 375 944 nes
413 896 472 942 et
516 888 934 958 responsiones.
971 885 1211 955 Incipit:
1240 886 1407 948 Ποίας
1432 886 1742 958 θρησκείας
1774 884 1846 953 εἱ,

1981 905 2165 959 ρωπε;
2197 888 2528 957 Χριστιανός
2575 890 2714 959 εἰμι.
2754 888 2866 941 Καὶ
2891 887 2944 941 τι
2982 889 3099 940 ἐστι
3127 885 3460 957 Χριστιανός
3484 901 3500 947 ;
3525 883 3555 936 ὁ

264 980 421 1035 -κατὲ
449 981 582 1034 Θεὸν
611 979 738 1046 ζῶν.
761 979 884 1034 Lat.
915 988 1050 1045 tom.
1079 978 1173 1032 XII
1195 976 1334 1032 Bibl.
1364 977 1476 1032 PP.
1507 979 1597 1032 ed.
1623 978 1825 1049 Lugd,
1854 994 1979 1051 pag.
2017 978 2181 1034 1045.
2215 979 2403 1035 Graece
2438 980 2616 1035 edidit
2644 979 3073 1050 versionemque
3108 978 3362 1034 Latinam
3392 977 3556 1032 addi-

277 1077 361 1131 dit
393 1075 722 1130 Theodorus
751 1073 912 1136 Beza,
937 1071 1146 1127 Genev.
1185 1070 1341 1136 1570,
1368 1070 1421 1135 8,
1459 1087 1571 1125 una
1601 1087 1727 1126 cum
1761 1072 1923 1127 libris
1947 1073 1989 1128 ν
2014 1071 2304 1128 Athanasii
2338 1074 2414 1127 De
2443 1072 2723 1136 Trinitate,
2752 1072 2959 1127 Basilio
2991 1081 3186 1127 contra
3215 1070 3552 1126 Eunomium

278 1179 336 1225 et
361 1166 684 1223 Phtebadio.
713 1166 789 1221 Ex
820 1165 1094 1220 Anastasii
1119 1164 1454 1219 Antiocheni
1491 1173 1549 1219 et
1588 1163 1778 1237 Cyrilli
1807 1165 1963 1220 Alex.
1998 1167 2221 1237 scriptis
2254 1167 2324 1221 ab
2357 1166 2547 1236 aliquo
2579 1165 2661 1236 (S.
2700 1164 2971 1229 Maximo,
3004 1172 3067 1219 ut
3100 1162 3551 1233 notatCamus),

279 1263 572 1319 conﬂatam
621 1262 765 1316 hanc
796 1260 1035 1324 ἔκθεσιν,
1064 1275 1177 1314 non
1200 1259 1421 1315 dubitat
1451 1259 1839 1315 Henschenius
1862 1267 1997 1314 tom.
2019 1260 2063 1314 ll
2099 1260 2275 1329 April.
2312 1256 2519 1328 p.854.
2551 1259 2713 1313 Edita
2746 1273 2970 1329 quoque
2995 1258 3292 1327 separatim
3317 1261 3550 1310 curante

278 1353 329 1408 J.
362 1350 675 1408 Fuchtenio
702 1358 810 1415 est,
846 1348 1153 1404 Helmstad.
1195 1348 1356 1415 1615,
1405 1349 1477 1411 8;
1512 1357 1570 1403 et
1604 1364 1738 1404 mss.
1770 1359 2041 1404 memorat
2066 1349 2261 1404 Lamb.
2297 1350 2437 1415 VIII,
2472 1366 2528 1419 p.
2556 1350 2681 1404 471.
2736 1348 2819 1421 [8.
2856 1364 2911 1418 p.
2946 1347 3074 1411 986,
3110 1362 3169 1403 n.
3203 1345 3236 1400 9
3262 1344 3353 1400 ed.
3383 1341 3551 1416 Koll.]

278 1448 442 1503 FABR.
471 1447 531 1501 In
551 1446 674 1501 eod.
699 1445 809 1499 vol.
839 1460 893 1515 p.
916 1444 1042 1509 752,
1064 1444 1188 1499 cod.
1208 1444 1300 1509 55,
1327 1460 1381 1497 n.
1407 1444 1461 1509 4,
1492 1443 1929 1498 suntvariorum
1954 1452 2251 1498 auctorum
2279 1442 2356 1512 (in
2388 1443 2476 1498 bis
2490 1443 2795 1507 Anastasii,
2821 1439 3157 1512 patriarchae
3189 1435 3550 1504 Antiocheni)

279 1539 636 1609 quaestiones,
678 1538 1077 1608 responsiones
1098 1544 1153 1591 et
1185 1535 1543 1591 deﬁnitiones
1577 1536 1909 1607 theologicae
1942 1536 2319 1591 miscellaneae
2355 1534 2424 1590 de
2454 1535 2582 1590 ﬁde.
2618 1534 2727 1591 Sed
2752 1550 2875 1591 esse
2895 1534 3089 1607 Cyrilli
3113 1530 3551 1601 disputationem

279 1654 404 1694 cum
436 1637 713 1702 Nestorio,
741 1650 863 1706 quae
890 1633 1096 1705 Cyrillo
1122 1633 1329 1702 passim
1359 1632 1644 1697 tribuitur,
1676 1647 1743 1685 ex
1770 1632 2129 1685 Antirrhetico
2160 1631 2283 1701 ejus
2312 1629 2381 1683 ab
2413 1644 2690 1701 anonymo
2716 1628 2903 1684 forsan
2935 1627 3332 1696 conscriptam,
3363 1625 3553 1678 monet

279 1733 484 1789 Kollar.
518 1733 572 1786 in
612 1739 741 1786 nota
773 1730 835 1785 Α.
873 1729 1036 1785 Conf.
1064 1744 1250 1798 supra,
1281 1728 1394 1782 vol.
1430 1727 1525 1791 IX,
1558 1743 1615 1797 p.
1647 1726 1773 1792 491,
1811 1743 1870 1781 n.
1909 1722 2031 1793 197,
2059 1734 2272 1796 et-quaa
2299 1726 2375 1781 ibi
2408 1726 2463 1780 in
2493 1726 2643 1781 notis
2666 1743 2741 1797 .yy
2775 1735 2833 1780 et
2864 1743 2925 1779 zz
2954 1724 3184 1795 ascripsi
3221 1740 3234 1777 :
3274 1721 3552 1792 praecipue

280 1826 347 1880 de
373 1822 614 1885 Oudino,
651 1822 744 1890 qui
780 1829 911 1873 tom.
946 1818 987 1881 I,
1014 1833 1068 1888 p.
1104 1818 1243 1871 1665
1272 1832 1419 1887 seq.,
1450 1815 1518 1869 ad
1548 1832 1599 1869 a.
1639 1816 1766 1880 685,
1792 1815 1939 1870 illam
1970 1816 2230 1885 opellam,
2266 1817 2320 1870 in
2353 1831 2462 1886 qua
2493 1825 2688 1871 auctor
2717 1816 2787 1871 de
2810 1815 3223 1879 Monotheletis,
3253 1824 3383 1871 ante
3412 1830 3465 1869 a.
3486 1813 3549 1871 C.

280 1915 385 1969 6-25
414 1916 497 1969 vel
534 1915 638 1968 650
685 1928 794 1968 non
858 1911 1022 1975 natis,
1060 1910 1305 1974 disserit,
1334 1909 1628 1964 Anastasio
1651 1911 1807 1963 tertio
1835 1909 2056 1974 asserit,
2087 1918 2141 1964 et
2177 1910 2245 1964 de
2268 1909 2475 1965 Oudini
2504 1926 2718 1975 errore,
2750 1927 2781 1965 a
2806 1911 3052 1967 Kollario
3082 1910 3389 1981 castigato:
3423 1908 3551 1964 add.

279 2012 483 2067 Omlin.
517 2020 650 2065 tom.
682 2009 749 2071 11,
788 2023 912 2079 pag.
946 2006 1073 2072 574,
1110 2023 1166 2060 n.
1202 2006 1302 2071 10;
1342 2004 1410 2061 de
1445 2006 1606 2061 codd.
1639 2006 1788 2061 conf.
1822 2021 1852 2061 ρ

1980 2022 1990 2059 ι
2023 2006 2288 2061 Lambcc.
2319 2015 2376 2061 et
2398 2007 2604 2062 Kollar.
2642 2008 2752 2063 vol.
2782 2008 2874 2073 III,
2898 2023 2955 2079 p.
2985 2007 3112 2074 264,
3144 2023 3203 2061 n.
3234 2005 3337 2073 10;
3373 2014 3431 2061 et
3457 2021 3555 2061 su-

280 2121 407 2176 pra,
439 2104 506 2158 de
536 2102 738 2172 Hodegi
769 2098 933 2155 codd.
958 2130 1025 2141 --
1050 2100 1237 2153 Roma:
1258 2098 1314 2151 in
1345 2097 1472 2152 cod.
1501 2098 1826 2152 monasterii

1978 2100 2112 2153 Fasil.
2150 2099 2227 2152 De
2247 2098 2353 2169 ﬁde
2378 2099 2671 2154 orthodoxa
2701 2118 2719 2154 :
2750 2100 2878 2157 init.
2898 2100 3066 2172 Ἀρχὴ
3088 2100 3199 2154 τῶν
3232 2099 3407 2167 λόγων
3430 2115 3553 2163 σου,

280 2198 504 2269 Χριστέ.
536 2194 593 2250 V.
614 2193 917 2249 Montl‘auc.
949 2192 1098 2246 Diar.
1131 2190 1251 2245 ital.
1278 2207 1332 2260 p.
1360 2191 1487 2245 215.
1522 2191 1725 2245 Eadem
1754 2192 1807 2245 in
1838 2192 1963 2246 cod.
2002 2192 2234 2263 August.
2263 2192 2482 2247 Vindcl.
2512 2192 2627 2247 Vid.
2657 2192 2874 2248 Reiseri
2902 2192 3025 2247 Ind.
3055 2207 3189 2246 mss.
3224 2193 3459 2262 August.
3495 2205 3552 2260 p.

282 2293 388 2357 1'2;
418 2301 474 2347 et
500 2290 730 2345 Taurini
769 2290 823 2343 in
855 2289 981 2343 cod.
1020 2289 1154 2358 Reg.
1179 2286 1305 2351 200,
1339 2304 1395 2341 n.
1427 2288 1518 2341 2-4.
1553 2287 1609 2341 γ.
1655 2304 1844 2357 supra,

1979 2330 1990 2341 .
2021 2289 2089 2344 ad
2126 2297 2266 2344 sect.
2304 2290 2356 2350 6.
2392 2307 2446 2344 η.
2476 2291 2526 2344 1.
2560 2321 2629 2331 -
2653 2292 2909 2353 "axem;
2936 2298 3046 2344 etc.
3077 2289 3319 2358 Mosqute
3344 2288 3399 2342 in
3422 2285 3549 2340 cod.

281 2390 478 2462 synod.
517 2388 640 2443 150.
675 2385 991 2442 V.Mattha:i
1022 2426 1036 2451 ,
1063 2385 1238 2440 Notit.
1267 2400 1400 2440 mss.
1436 2383 1531 2440 Gr.
1579 2384 1754 2455 Mosq.
1793 2402 1849 2455 p.
1890 2387 1959 2441 85
1986 2427 2000 2451 ,
2038 2404 2095 2442 n.
2127 2387 2218 2451 20,
2251 2387 2341 2441 ed.
2370 2387 2425 2441 in
2460 2387 2514 2442 8.
2542 2417 2612 2427 —-
2642 2388 2701 2442 In
2728 2387 2854 2443 cod.
2887 2386 3098 2443 Bodlei.
3132 2385 3224 2450 94,
3249 2399 3306 2438 n.
3347 2385 3399 2449 7,
3435 2383 3555 2437 sive

282 2476 337 2536 n.
371 2482 532 2546 2877,
557 2480 675 2537 Cat.
705 2496 836 2535 mss.
868 2478 1100 2550 Anglite,
1125 2486 1233 2532 etc.
1264 2477 1305 2543 I,
1335 2486 1393 2532 et
1423 2485 1555 2531 tom.
1592 2478 1656 2542 II,
1689 2495 1746 2532 n.
1779 2479 1857 2533 59ὲ

1270 2477 1305 2543 1,
1335 2486 1393 2532 et
1423 2485 1555 2531 tom.
1592 2478 1656 2542 lI,
1689 2495 1746 2532 n.
1779 2479 1944 2545 5955,
1975 2479 2031 2535 in
2059 2481 2184 2536 cod.
2215 2481 2319 2536 Th.
2360 2482 2491 2538 Gale
2524 2481 2643 2537 125.
2680 2483 2845 2536 ΙΙΑιιι..

344 2576 403 2630 5.
440 2574 577 2645 Περὶ
603 2575 710 2627 τῶν
743 2572 915 2642 ἁγίων
939 2571 1108 2643 τριῶν
1136 2568 1617 2641 τεσσαρακοστῶν.
1665 2570 1743 2624 De
1777 2586 1919 2627 sanet

2018 2575 2184 2627 tribus
2215 2575 2664 2644 quadragesimis,
2702 2589 2900 2643 nempe
2934 2570 3384 2635 resurrectionis,
3411 2569 3555 2624 nati-

285 2667 473 2722 vitatis
499 2667 632 2722 Iesu
669 2675 726 2722 et
754 2665 812 2721 S.
843 2665 1049 2720 Marite.
1077 2660 1277 2732 Incipit
1308 2679 1321 2715 :
1350 2661 1501 2716 Ἔδει
1535 2661 1635 2733 μὲν
1662 2664 1832 2734 ἡμᾶς.
1864 2663 2053 2720 Gnece
2084 2674 2141 2720 et
2172 2665 2369 2722 Latine
2398 2666 2577 2721 edidit
2598 2665 2933 2731 Cotelerius,
2964 2673 3098 2719 tom.
3134 2663 3205 2718 III
3227 2662 3555 2719 Monumeut.

284 2761 611 2832 μηδ-451,
648 2760 822 2814 Paris.
852 2754 991 2813 168G
1016 2798 1026 2821 ,
1056 2757 1089 2810 4
1113 2798 1126 2822 ,
1162 2770 1267 2810 ms.
1298 2756 1491 2811 codice
1525 2756 1697 2825 Regio
1727 2772 1883 2812 usus.
1916 2757 2079 2813 FAsn.
2108 2758 2285 2813 Paris.
2315 2759 2369 2841 ει)
2400 2759 2539 2816 bibl.
2576 2759 2733 2830 publ.
2776 2754 3320 2823 cod.1220,17.—V.
3347 2753 3551 2810 Oudin.

278 2855 322 2909 'I.
359 2871 407 2911 c.
443 2864 575 2911 tom.
609 2855 674 2918 11,
705 2872 759 2925 p.
789 2853 892 2909 566
923 2862 980 2908 et
1007 2853 1132 2916 582,
1164 2853 1259 2923 qui
1295 2853 1449 2907 illum
1473 2852 1723 2907 libellum
1751 2868 1853 2908 assc

1980 2855 2273 2910 Anastasio
2296 2865 2508 2927 quarto.
2533 2886 2602 2897 —
2625 2856 2723 2910 Ms.
2752 2855 3012 2920 Nanian.,
3044 2853 3169 2909 cod.
3190 2851 3317 2907 226.
3343 2849 3402 2905 γ.
3430 2848 3552 2905 Cat.

286 2946 449 3001 codd.
484 2945 658 3000 (inec.
686 2945 848 3008 Nam,
894 2960 948 3014 p.
984 2942 1090 2997 278
1116 2983 1129 3006 ,
1178 2958 1234 2996 n.
1274 2943 1326 2996 7.
1352 2973 1421 2985 -—
1456 2941 1513 2996 In
1549 2942 1675 2997 cod.
1698 2941 1861 3021 Coisli

1977 2944 2095 2999 112.
2133 2945 2187 3003 γ.
2221 2947 2597 3003 Montfaucon.
2628 2946 2767 3002 Bibl.
2794 2946 3016 3003 Coislin.
3066 2961 3122 3016 p.
3160 2945 3283 3001 186.
3313 2959 3383 2984 -ι-
3409 2943 3552 2999 Add.

288 3053 453 3108 supra
480 3037 545 3091 ad
599 3044 736 3091 sect.
768 3037 824 3100 2,
863 3036 957 3089 lin.
987 3035 1054 3089 ad
1089 3042 1206 3088 not.
1234 3036 1276 3088 ‘.
1307 3034 1541 3105 Insuper
1574 3035 1901 3091 Anastasius
1930 3037 2134 3093 citatur
2171 3039 2225 3093 in
2258 3051 2453 3095 catena
2485 3041 2542 3095 in
2578 3041 2783 3096 Lucam
2819 3051 2875 3096 et
2915 3041 3090 3111 EpiSt.
3140 3042 3210 3093 ad
3252 3039 3553 3094 Romanos.

278 3130 348 3185 ν.
405 3129 663 3184 Lambec.
720 3128 810 3190 Ill,
839 3144 892 3198 p.
933 3128 1036 3183 165
1080 3137 1137 3182 et
1184 3128 1309 3182 174.
1348 3127 1489 3182 Add.
1523 3143 1690 3198 supra
1744 3129 1854 3183 vol.
1890 3128 2030 3195 VIII,
2072 3147 2126 3201 p.
2152 3132 2293 3195 686;
2325 3141 2381 3188 et
2430 3133 2807 3189 Montfaucon.
2838 3132 2978 3187 Bibl.
3013 3129 3236 3188 Coislin.
3271 3145 3395 3200 pag.
3424 3127 3578 3201 251._

285 3255 356 3263 —
390 3225 447 3278 In
474 3224 697 3280 Catena.
713 3223 779 3277 ad
808 3221 1080 3284 Psalmos,
1109 3222 1162 3275 in
1196 3232 1441 3292 quatuor
1471 3222 1849 3292 evangelistas
1876 3232 1933 3278 et
1965 3225 2019 3278 in
2064 3224 2191 3281 aliis
2229 3241 2360 3296 opp.
2397 3226 2455 3280 V.
2482 3226 2693 3280 Bandin
2735 3225 2913 3281 Catal.
2952 3223 3117 3280 codd.
3159 3222 3255 3279 Gr.
3285 3221 3553 3276 Laurent.

276 3316 341 3379 ‘I,
378 3331 430 3385 p.
463 3315 554 3379 9|,
585 3313 676 3377 98,
712 3313 830 3373 161,
861 3313 987 3377 547,
1016 3312 1142 3376 558,
1175 3312 1280 3367 452
1306 3329 1321 3379 ;
1350 3321 1407 3367 et
1441 3328 1496 3383 p.
1526 3312 1651 3377 295,
1679 3328 1735 3366 n.
1773 3312 1913 3369 8.-ln
1945 3314 2181 3370 'Catena
2234 3317 2288 3371 in
2347 3319 2555 3389 Evang.
2586 3312 2835 3374 Joannis.
2872 3316 2929 3371 V.
2974 3317 3356 3372 Montfaucon.
3411 3310 3550 3367 Bibl.

281 3403 513 3460 eorum.
541 3421 593 3475 p.
627 3404 696 3459 64
720 3420 734 3470 ;
759 3403 887 3458 add.
914 3420 970 3473 ι).
1003 3403 1094 3469 66,
1124 3403 1252 3469 186,
1286 3402 1567 3472 191,412,
1595 3403 1702 3458 tu
1737 3403 1856 3473 (cod

1976 3405 2067 3475 l7),
2102 3406 2226 3461 420.
2253 3437 2325 3447 -
2352 3407 2494 3463 Ibid.
2520 3424 2574 3478 p.
2600 3407 2725 3473 574,
2768 3406 3041 3462 Anastasii
3074 3406 3303 3462 Sinaita:
3350 3403 3551 3473 capita.

289 3499 344 3554 in
375 3500 500 3554 cod.
537 3496 642 3552 570
676 3497 772 3552 ﬁn.
798 3522 865 3538 -ο
922 3498 997 3553 Ex
1029 3498 1321 3554 Anastasio
1359 3491 1428 3554 'et
1460 3498 1583 3553 aliis
1627 3498 1685 3552 in
1731 3498 1860 3554 cod.
1914 3500 2148 3572 August.
2182 3503 2399 3558 Vindel.
2435 3503 2473 3559 ν
2507 3502 2724 3559 Reiser.
2758 3503 2933 3558 lndic.
2971 3518 3105 3558 mss.
3137 3510 3246 3557 etc.
3277 3517 3333 3572 p.
3365 3500 3459 3556 59.
3486 3528 3556 3539 -

276 3596 705 3664 Fragmentum,
736 3594 829 3649 ubi
890 3593 959 3649 de
1014 3594 1147 3658 illis,
1177 3597 1273 3681 qui
1309 3595 1665 3662 arctioribus,
1701 3612 1865 3667 quam
1927 3597 2107 3666 decet,
2148 3598 2435 3663 limitibus,
2471 3600 2570 3654 Dei
2609 3599 2908 3670 potentiam
2967 3598 3264 3664 deﬁniunt,
3292 3599 3469 3654 Paris.
3498 3598 3554 3654 in

287 3690 426 3745 bibl.
462 3689 620 3760 publ.
650 3689 776 3744 cod.
802 3688 965 3753 2086,
994 3689 1045 3741 1.
1070 3718 1141 3728 --
1185 3687 1262 3743 De
1294 3690 1628 3760 prwscientia
1657 3699 1767 3745 etc.
1801 3690 1923 3756 Dei,
1953 3690 2229 3747 Anastasii
2268 3700 2327 3747 et
2364 3692 2603 3747 aliorum
2637 3692 3021 3757 auctoritates,
3054 3691 3303 3747 Florent.
3340 3692 3395 3747 in
3426 3692 3551 3746 cod.

281 3782 557 3839 Laurent.
593 3781 648 3846 6,
708 3798 764 3838 n.
809 3781 863 3846 8,
904 3781 1043 3851 plut.
1075 3781 1166 3836 86.
1196 3780 1255 3836 γ.
1288 3780 1524 3836 Bandin.
1570 3780 1746 3836 Catal.
1777 3798 1856 3863 ςοι

1977 3782 2076 3839 Gr.
2109 3783 2276 3840 Laur.
2313 3786 2367 3851 5,
2403 3801 2458 3856 p.
2491 3783 2618 3840 295.
2655 3784 2823 3839 Hann.
2851 3783 3131 3839 Anastasii
3165 3783 3458 3840 Orationes
3487 3783 3552 3849 ν,

276 3892 578 3941 ’sermones
602 3881 692 3945 III,
723 3888 781 3935 et
826 3885 1097 3935 tractatus
1145 3878 1224 3934 De
1253 3883 1453 3935 sanctis
1488 3882 1616 3936 trib.
1650 3882 1929 3952 Quadrag.
1973 3881 2217 3952 (exclusa
2252 3862 2593 3953 Expositione
2619 3882 2790 3951 ﬁdei),
2825 3883 3088 3952 leguntur
3119 3881 3288 3935 etiam
3332 3896 3402 3936 ex
3436 3880 3557 3937 Ste-

292 3974 480 4038 vartii,
514 3970 833 4028 Combeﬁsii
864 3976 1011 4039 (cum
1049 3969 1261 4026 Fabric.
1293 3969 1512 4047 suppl.)
1542 3980 1599 4027 et
1622 3971 1889 4028 Cotelerii
1921 3971 2049 4027 edd.
2081 3973 2136 4027 in
2163 3972 2438 4028 Gallandii
2467 3972 2605 4027 Bibl.
2638 3981 2765 4027 vett.
2793 3970 2904 4027 PP.
2936 3980 3067 4026 tom.
3095 3972 3215 4038 XII,
3237 3971 3421 4041 p.253
3442 3987 3554 4041 sq.,

288 4068 353 4123 in
382 4065 623 4137 prolegg.
653 4079 708 4133 p.
741 4078 850 4117 x-vu
879 4082 893 4128 ;
922 4060 1018 4118 sed
1052 4076 1225 4131 paeon
1251 4062 1337 4125 iis,
1365 4079 1488 4132 quae
1520 4064 1809 4120 Fabricius
1835 4064 1903 4119 de
1935 4063 2226 4120 Anastasio
2254 4065 2512 4120 Antioch.
2547 4065 2838 4131 disseruit,
2864 4064 3081 4137 adjecta
3106 4073 3257 4121 sunt.
3292 4058 3455 4121 Beck.

1013 4352 1295 4396 EIUSDEM
1337 4351 1665 4397 ANASTASII
1719 4353 1971 4397 SCRIPTA
2014 4352 2272 4398 INEDITA
2309 4352 2423 4396 νει.
2464 4351 2585 4395 DEI’

1263 4352 1295 4395 ll
1337 4351 1665 4397 ANASTASII
1719 4353 1971 4397 SCRIPTA
2014 4352 2272 4398 INEDITA
2309 4352 2423 4396 νει.
2464 4350 2838 4395 ιιΕΡΕιωιτΑ.

363 4488 418 4542 6.
451 4482 660 4540 Relatio
693 4480 764 4535 ad
786 4478 1152 4534 Iustinianum
1187 4481 1317 4551 imp.
1357 4478 1557 4535 Contra
1588 4481 2122 4552 Aphthartodocetas.
2153 4483 2348 4554 Evagr.
2376 4482 2467 4548 IV,
2500 4480 2590 4537 40.

360 4580 415 4635 7.
442 4576 522 4632 Ad
546 4574 828 4629 monachos
850 4574 1038 4642 prima:
1066 4580 1113 4626 et
1137 4574 1382 4627 secunda:
1407 4570 1598 4645 Syriae,
1632 4573 1701 4628 de
1733 4575 1928 4630 eodem
1958 4582 2307 4645 argumento.
2335 4574 2416 4629 Id.

367 4671 421 4726 8.
453 4667 625 4736 Λόγος
687 4666 1103 4737 συντακτήριος,
1145 4665 1263 4722 sive
1293 4663 1480 4721 Sermo
1505 4666 1879 4722 valedictorius
1905 4684 1935 4721 a

1997 4667 2369 4735 Antiochenos,
2401 4683 2526 4723 cum
2556 4683 2586 4722 a
2605 4665 2922 4724 Iustiniano
2961 4666 3019 4723 in
3049 4665 3308 4723 exsilium
3337 4669 3561 4724 mitten-

295 4760 402 4819 dus
434 4767 604 4815 esset.
636 4757 713 4812 Id.

367 4853 420 4908 9.
455 4850 613 4906 Alius
647 4849 970 4919 εἰσιτὴριος,
996 4849 1114 4904 sive
1139 4852 1555 4921 auspicatorius,
1590 4853 1812 4922 quando
1835 4853 1903 4909 ad
1938 4877 1942 4902 ε

1981 4870 2036 4909 os
2067 4869 2214 4909 anno
2245 4871 2295 4908 χι
2333 4852 2851 4918 Μαιιτίεἰί,ο(]1ηἰειὶ
2882 4854 3011 4917 595,
3039 4853 3109 4908 ab
3140 4854 3344 4907 exsilio
3370 4851 3556 4918 rediit,

188 4940 207 4948 ’
296 4958 465 5019 quem
492 4941 692 5013 legisse
740 4955 800 4996 se
831 4950 1067 4997 testatur
1093 4943 1446 5014 Nicephorus
1473 4961 1604 5001 xvm
1628 4986 1643 5011 ,
1672 4947 1760 5003 44.
1796 4946 2054 5004 Labbeus
2083 4949 2138 5003 in
2171 4947 2308 5002 Bibl.
2345 4965 2481 5002 nova
2516 4964 2642 5002 mss.
2682 4964 2737 5018 p.
2766 4948 2856 5016 82,
2886 4955 3124 5004 testatur
3153 4949 3212 5002 in
3241 4946 3382 5002 bibl.
3412 4947 3561 5018 regis

278 5020 490 5100 'Gallim
518 5044 736 5103 exstare
773 5050 879 5089 ms.
904 5034 1184 5091 Anastasii
1220 5052 1557 5101 sermonem,
1593 5056 1713 5092 cum
1740 5039 1810 5093 ad
1843 5055 1999 5094 suam
2033 5041 2230 5095 rediret
2256 5040 2456 5095 sedem.

370 5128 458 5183 10.
492 5128 648 5183 Alius
672 5126 972 5199 εἰρηνικὸς,
992 5127 1070 5181 De
1104 5144 1256 5199 pace,
1298 5128 1522 5184 habitus
1538 5129 1689 5185 circa
1714 5129 1857 5185 idem
1888 5138 2108 5201 tempus
2134 5130 2273 5185 feria
2302 5139 2497 5201 quarta
2517 5129 2732 5185 Sancte
2758 5128 3128 5185 hebdomadis
3147 5137 3203 5184 et
3235 5127 3420 5185 eidem
3452 5142 3565 5182 me-

298 5232 550 5278 moratus
600 5219 936 5293 Nicepburo.
974 5222 1078 5278 Hic
1123 5222 1307 5278 adhuc
1335 5232 1589 5279 servatur
1616 5241 1720 5313 ms.
1750 5226 1807 5281 in
1830 5224 1967 5281 bibl.
2001 5225 2270 5293 Ctesarea,
2312 5236 2450 5282 teste
2492 5225 2789 5282 Lambecio
2818 5226 2911 5283 VII
2939 5266 2953 5292 ,
2983 5242 3111 5297 pag.
3146 5224 3248 5279 168
3270 5225 3383 5296 (56)
3421 5242 3435 5279 :
3467 5224 3563 5293 qui

370 5381 485 5450 (55)
512 5379 767 5436 Oudinus
790 5395 845 5451 p.
869 5380 992 5454 151,
1022 5379 1094 5454 De
1114 5379 1507 5454 script._eccle3.
1528 5380 1875 5454 suspicatur,
1986 5383 2200 5448 eundo;
2237 5383 2334 5439 sed
2386 5383 2741 5440 Anastasium
2766 5383 2812 5438 II
2833 5381 3203 5454 patriarcham
3230 5380 3407 5435 libros
3429 5378 3566 5433 seri~

300 5450 445 5525 idem
470 5466 613 5525 _esse
657 5450 988 5525 opusculum
1040 5450 1341 5525 Anastasii,
1392 5453 1540 5521 quod
1600 5450 1780 5525 exstat
1821 5455 1877 5507 in
1985 5466 2081 5525 pto
2103 5450 2983 5525 eonsiginasse,negatWaleh.in
3006 5452 3562 5525 Ilist.hwresum,etc.

303 5522 436 5594 bibl.
470 5519 790 5578 Florentina
824 5523 926 5576 sub
958 5523 1142 5586 titulo,
1170 5521 1247 5576 De
1269 5519 1423 5579 rectis
1445 5527 1685 5580 veritatis
1713 5522 1882 5594 placi-
1985 5519 2084 5580 cit.
2119 5519 2424 5586 tomelll,
2454 5542 2509 5594 p.
2542 5519 2666 5580 850.
2693 5526 2858 5581 Plura
2887 5523 3000 5578 vid.
3040 5538 3206 5594 supra
3235 5520 3305 5576 ad
3327 5531 3479 5594 sect.
3508 5519 3563 5578 1.

299 5593 420 5664 δίει,
440 5662 454 5664 _
529 5660 577 5664 __
778 5661 874 5664 η,
1160 5663 1166 5664 γ
1714 5591 1723 5594 ⁷
1987 5604 2106 5650 not.
2146 5612 2193 5650 ε.
2224 5591 2481 5664 ascripta.
2520 5595 2646 5651 Hzec
2673 5611 2781 5650 una
2811 5602 2953 5649 orat.
2986 5594 3053 5648 ad
3083 5591 3441 5664 Anastasium
3475 5606 3566 5643 sc-

370 5661 482 5736 (5_6)
524 5660 651 5736 Sive
682 5677 739 5730 p.
772 5661 881 5717 556
917 5677 1069 5736 seqq.
1105 5663 1197 5718 ed.
1221 5664 1426 5718 Kollar.
1455 5665 1518 5736 in
1556 5664 1680 5720 cod.
1704 5664 1793 5722 90.
1824 5681 1880 5718 n.
1987 5666 2240 5730 niorem,
2272 5660 2580 5720 Antiochiae
2636 5668 2979 5736 episcopum,
3004 5672 3293 5736 "spectare
3347 5662 3566 5717 videtur

308 5728 393 5781 16.
426 5728 700 5784 ιιιιιώρρξ
735 5747 856 5786 eam
920 5728 1163 5802 assignat
1213 5735 1505 5791 Anastasio
1532 5736 1758 5791 Siuaitee
1797 5751 1883 5791 se-

1596 5738 1758 5791 uaitze
1797 5751 1885 5791 se-
1988 5728 2233 5804 Oudino,
2266 5738 2302 5790 I.
2333 5752 2385 5791 c.
2423 5745 2555 5791 tom.
2593 5728 2977 5808 II,'pag.'585.
3003 5728 3170 5790 ιιιὶιιι..
