3988 6142
353 391 492 460 1299

1523 419 1584 475 δ.
1625 415 2026 477 ANASTASII
2087 415 2561 478 ANTIOCHENI

3470 422 3591 490 1300

349 510 448 574 eti,
480 510 698 568 olﬁcina
745 515 1038 585 prodiisse.
1080 519 1292 576 Monuit
1333 520 1502 577 etiam
1549 519 1938 580 Henselienius
1990 536 2126 581 tom.
2153 526 2198 580 ll
2228 526 2430 596 April.,
2465 542 2519 596 p.
2552 525 2677 588 854,
2705 523 2858 580 illius
2905 532 3159 596 tempore
3207 524 3414 582 nullum
3439 528 3595 588 luisse

351 615 538 673 regem
571 605 864 661 Persarum
889 609 1194 666 Arenatum
1215 654 1228 678 ,
1257 614 1352 669 sed
1389 624 1511 684 post
1537 613 1846 683 Chosroen,
1872 619 1967 688 qui
2007 620 2170 674 annis
2202 618 2789 689 duodequinquaginta
2818 619 3060 689 praefuit,
3097 619 3442 677 Hormisdam
3470 639 3585 696 reg-

348 709 514 751 nasse
541 699 705 754 annis
735 701 1090 772 quindecim.|

416 790 510 846 21.
543 794 839 859 Anastasii,
879 798 1202 855 Damasceni
1234 809 1292 856 et
1322 802 1560 858 aliorum
1607 805 1910 875 ἐρωτήσεις
1945 821 1960 858 1

2036 804 2074 858 al.
2114 805 2376 870 πίστεως.
2409 805 2536 861 Mss.
2568 804 2830 861 Lambec.
2863 803 3000 871 Vill,
3030 819 3088 876 p.
3119 804 3243 860 356.
3277 804 3509 876 Incipit:
3538 807 3598 862 Τί

346 883 649 950 πιστεύεις,
686 887 1003 957 Χριστιανὲ,
1040 891 1137 944 καὶ
1171 891 1309 955 πῶς.
1339 891 1524 965 [Conf.
1551 904 1668 949 not.
1702 895 1770 950 ad
1807 903 1945 950 sect.

2067 912 2124 950 η.
2160 895 2242 967 η.

417 977 508 1031 2‘2.
542 979 830 1049 Κεφάλαια
859 981 974 1037 sive
1005 983 1184 1052 capita
1230 992 1456 1039 centum
1503 987 1570 1040 ad
1603 986 1856 1058 Sergium
1880 987 2289 1043 Scholasticum
2318 988 2566 1043 citantur
2593 987 2649 1045 in
2674 988 2904 1044 Joannis
2931 987 3269 1044 Antiocheni
3293 989 3492 1060 eclogis
3524 1005 3603 1045 as-

349 1073 545 1128 cetieis
579 1089 712 1130 mss.
745 1075 889 1146 apud
917 1077 1270 1134 Lambecium
1301 1081 1365 1147 ν,
1399 1098 1453 1152 p.
1493 1081 1611 1138 105.
1649 1082 1733 1155 [Ρ.
1756 1082 1863 1138 225
1889 1083 1958 1138 ed

2036 1084 2293 1157 Kollar.].
3668 1151 3690 1174 Ι

415 1166 506 1222 25.
537 1169 919 1236 Deﬁnitiones,
939 1173 1231 1241 Κεφάλαια
1254 1177 1596 1246 ὲμφιλόποφα
1623 1177 1733 1250 ρνβ⁹
1753 1176 1922 1250 (I62),
1951 1179 1960 1233 ἰ

2036 1197 2110 1234 ηνα
2133 1183 2189 1233 ὲν
2215 1182 2326 1256 τοῖς
2353 1177 2530 1243 θείοις.
2543 1178 2779 1251 δόγμασι
2807 1179 3102 1243 διαπαντὸς
3127 1179 3452 1250 ἐμφέρεται.
3479 1178 3598 1233 Mss.
3668 1166 3677 1187 ²

346 1261 400 1316 in
427 1262 566 1318 bibl.
592 1265 858 1321 Cmsarea.
898 1268 1097 1338 Incipit
1124 1289 1137 1325 :
1176 1271 1512 1344 Ἐπειδήπερ
1551 1273 1722 1345 χωρὶς
1749 1274 1960 1346 ⁵ὸρθοδὸἐ

2036 1293 2065 1328 ι.
2099 1275 2237 1330 Vide
2272 1275 2603 1341 Nesselium,
2629 1283 2785 1346 parte
2805 1290 2876 1338 tv,
2913 1291 2968 1344 p.
3000 1275 3090 1337 45,
3118 1289 3174 1326 n.
3205 1273 3291 1326 Η.
3327 1271 3482 1325 πλθιι.
3506 1271 3604 1325 De-

347 1360 630 1417 ﬁnitiones
669 1379 736 1417 ex
785 1364 1078 1434 Anastasio
1127 1366 1381 1438 aliisque.
1438 1371 1514 1426 De
1547 1370 1709 1425 codd.
1743 1369 2062 1426 Vindobon.
2113 1372 2349 1440 aliisque
2409 1371 2522 1425 vid.
2557 1370 2626 1425 ad
2663 1369 2690 1441 §
2721 1369 2755 1423 2
2801 1370 2892 1423 ﬁn.
2929 1369 3118 1423 adnot.
3167 1399 3240 1407 —
3285 1367 3516 1436 Mosqua:
3557 1366 3605 1419 in

343 1453 468 1507 cod.
500 1453 588 1518 46,
613 1454 913 1520 Anastasii,
939 1457 1269 1526 patriarcha:
1291 1461 1551 1517 Antioch.
1579 1462 1942 1518 Deﬁnitiones

2041 1463 2236 1532 neipit.
2268 1463 2492 1526 ’le-céov,
2517 1463 2611 1517 καὶ
2641 1463 2715 1533 μὴ
2740 1461 3058 1530 ἀγνοητέυν.
3097 1458 3154 1513 V.
3184 1459 3423 1513 Matthxi
3454 1458 3605 1512 notit.

345 1545 498 1600 citat.
559 1562 615 1616 p.

345 1637 390 1700 l,
420 1651 473 1707 p.
511 1638 614 1692 144
643 1654 759 1710 seq.
789 1639 957 1694 "ARL.

673 1545 796 1612 524,
855 1563 911 1601 ιι.
949 1547 1002 1602 8.
1032 1579 1105 1590 —
1137 1547 1384 1607 Venetiis
1429 1553 1484 1607 in
1537 1552 1662 1608 eod.
1723 1551 2001 1608 Marciano
2059 1553 2187 1608 257.
2251 1552 2309 1607 ν.
2368 1553 2440 1607 cl.
2495 1552 2709 1608 lllorelli
2763 1549 2902 1606 Bibl.
2931 1567 3057 1604 mss.
3097 1548 3192 1604 Gr.
3225 1557 3285 1604 et
3311 1549 3452 1613 Lat.,
3482 1556 3604 1602 tom.

360 1838 2383 1870 Μ*-

930 2005 1553 2106 ANASTASII
1637 2010 2396 2107 ANTIOCHENI
2473 2010 3022 2105 EPISCOPI

1791 2251 2184 2387 VITA

1161 2488 1313 2563 (Acta
1337 2499 1666 2562 sanctorum,
1695 2491 1869 2564 April.
1912 2499 1954 2548 t.
1989 2492 2058 2561 Il,
2084 2509 2137 2566 p.
2175 2493 2275 2550 851
2301 2511 2316 2561 ;
2347 2492 2454 2550 Jul.
2491 2501 2529 2548 t.
2557 2492 2647 2562 ιγ,
2669 2493 2787 2565 97.)

1353 2811 1408 2858 8.
1453 2812 1774 2858 ANASTASII
1817 2813 1935 2857 RES
1967 2813 2178 2858 GESTAE
2213 2815 2290 2857 ET
2319 2814 2580 2860 CULTUS.

1539 2957 1624 3027 (Α.
1664 2956 1762 3012 SS.
1800 2965 1840 3012 t.
1875 2957 1920 3013 ll
1948 2958 2150 3030 April.,
2184 2976 2238 3029 p.
2273 2959 2424 3031 851.)

417 3109 631 3166 Saecula
685 3120 841 3166 sexto
894 3119 952 3167 et
1005 3112 1164 3168 initio
1205 3113 1482 3183 sequenti,
1529 3113 1759 3168 fuerunt
1813 3113 1927 3168 duo
1960 3123 2000 3176 Α
2031 3125 2088 3169 et
2115 3116 2397 3185 ponderis,
2435 3124 2491 3172 et
2541 3133 2664 3187 qua:
2712 3118 2892 3187 ipsum
2936 3117 3110 3173 Deum
3161 3119 3498 3178 viderentur
3541 3129 3623 3177 at-

346 3203 676 3259 Autiocheui
705 3219 803 3260 seu
843 3204 1234 3275 Theopolitani
1262 3207 1612 3276 patriarchte,
1653 3208 1930 3262 Anastasii

346 3292 626 3362 appellati.
662 3292 870 3348 Horum
909 3295 1122 3365 primus
1163 3295 1232 3349 ab
1265 3295 1566 3365 aliquibus,
1607 3297 1701 3351 sed
1738 3312 1933 3366 perpe-

346 3395 484 3444 ram,
510 3380 719 3436 Sinaita
738 3381 942 3448 dictus,
962 3384 1151 3440 sedem
1174 3384 1322 3438 illam
1341 3386 1409 3440 ab
1424 3401 1515 3439 an.
1539 3385 1635 3441 5m
1661 3387 1928 3451 obtinuit,

347 3473 450 3529 sub
482 3486 734 3531 extrema
780 3477 1079 3533 Justiniani
1121 3479 1470 3548 imperatoris
1512 3488 1801 3550 tempora;
1835 3482 1931 3536 sed

346 3583 376 3620 a
410 3567 629 3623 Justino
656 3569 885 3626 Juniore
916 3587 947 3626 a
987 3571 1117 3628 sede
1143 3573 1474 3627 deturbatus
1502 3583 1588 3628 est
1627 3589 1770 3628 anno
1805 3574 1927 3637 572,

347 3659 649 3715 substituto
677 3661 938 3733 Georgio,
971 3666 1128 3735 cujus
1163 3674 1292 3735 post
1332 3675 1592 3732 mortem,
1620 3669 1930 3738 imperante

346 3753 596 3810 Mauritio
618 3796 632 3818 ,
653 3755 938 3824 pristinam
964 3756 1291 3828 dignitatem
1310 3761 1684 3830 recuperavit,
1713 3769 1770 3816 et
1795 3760 1848 3814 in
1867 3776 1932 3814 ea

346 3846 484 3901 vixit
521 3863 694 3918 usque
735 3848 801 3902 ad
863 3863 993 3904 ann.
1031 3850 1154 3915 598,
1191 3861 1287 3907 aut
1318 3862 1674 3924 sequentem;
1709 3853 1932 3923 quando

346 3937 423 3991 illi
455 3948 674 3993 mortuo
701 3941 969 3996 successit
994 3943 1134 3998 alter
1157 3943 1507 4012 Anastasius,
1542 3947 1750 4016 Martyr
1789 3957 1934 4000 nun-

345 4041 602 4101 cupatus,
632 4033 777 4102 quod
799 4050 828 4088 a
853 4034 1061 4090 Judazis
1084 4037 1513 4094 excarnificatus
1530 4039 1602 4094 si't
1618 4039 1763 4094 circa
1794 4054 1926 4093 ann.

347 4123 470 4189 608,
505 4132 599 4178 aut
625 4135 972 4195 sequentem,
1007 4129 1402 4201 Martyrologio
1449 4131 1703 4185 Romano
1733 4129 1932 4184 inscri-

346 4224 476 4286 ptus
505 4215 570 4270 ad
596 4217 744 4272 diem
769 4219 840 4274 25
874 4221 1220 4288 Decembris,
1257 4223 1339 4276 uti
1374 4223 1530 4292 prior
1558 4223 1626 4277 ad
1673 4223 1821 4278 hunc
1862 4223 1926 4276 2i

345 4311 555 4382 Aprilis
597 4312 686 4367 his
727 4312 917 4370 verbis
957 4331 970 4367 :
1012 4333 1030 4366 ι
1068 4314 1379 4369 Antiochia:
1428 4315 1606 4370 sancti
1655 4314 1931 4369 Anastasii

348 4404 574 4459 Sinaita:
606 4406 876 4477 episcopi,
910 4426 928 4458 ο
965 4415 1021 4462 et
1048 4407 1102 4461 in
1137 4409 1286 4463 notis
1330 4407 1610 4462 indicatur
1638 4408 1706 4463 de
1734 4407 1932 4463 eodem

348 4511 508 4567 agere
535 4496 757 4553 Graecos
780 4499 886 4555 bac
920 4498 1010 4554 die
1047 4500 1100 4553 in
1134 4501 1596 4572 Meuologio:qui
1621 4518 1753 4558 sane
1787 4501 1932 4556 Ana-

351 4588 503 4642 stasii
545 4587 773 4645 Sinaitaa
804 4591 1198 4657 meminerunt,
1250 4593 1346 4648 sed
1395 4594 1547 4648 nulla
1601 4594 1742 4648 facta
1777 4610 1934 4649 men-

350 4679 500 4734 tione
524 4678 833 4736 Autioehia:
847 4691 943 4738 aut
961 4683 1336 4754 episcopatus.
1361 4685 1509 4740 Idem
1540 4686 1689 4742 inter
1711 4696 1935 4742 sanctos

346 4772 539 4827 Patres
573 4781 898 4827 recensetur
932 4773 988 4828 in
1020 4774 1232 4847 synodo
1262 4775 1480 4832 Nieaena
1514 4793 1586 4841 ιι,
1628 4786 1686 4831 et
1732 4778 1935 4848 passim

346 4861 405 4918 iu
454 4863 631 4918 titulis
677 4862 918 4934 praeﬁxis
958 4875 1088 4921 ante
1121 4868 1244 4938 ejus
1277 4882 1446 4937 opera
1481 4867 1622 4922 infra
1673 4869 1933 4923 indicata.

350 4955 526 5026 llujus
554 4956 823 5027 temporis
844 4958 1083 5028 scriptor
1109 4959 1212 5013 fuit
1237 4960 1506 5031 Evagrius
1533 4961 1931 5028 Scholasticus,

347 5049 444 5118 qui
501 5048 536 5102 Ι.
589 5065 641 5104 ιν
670 5048 923 5105 Historia:
973 5049 1380 5118 Ecclesiasticw,
1414 5068 1533 5123 cap.
1574 5054 1663 5119 58,
1710 5056 1930 5121 asserit,

349 5155 476 5216 post
508 5145 842 5201 Domninum
872 5147 1195 5216 episcopum
1229 5147 1707 5218 Thcopolitarum,
1741 5149 1796 5204 id
1848 5157 1933 5204 est

347 5238 845 5304 Antiochenorum,
890 5248 1140 5294 creatum
1193 5240 1566 5306 Anastasium,
1621 5249 1678 5296 et
1713 5257 1832 5313 cap.
1867 5242 1935 5297 59

349 5326 470 5395 ejus
496 5328 680 5383 studia
717 5335 775 5383 et
817 5342 906 5382 res
955 5338 1137 5400 gestas
1175 5331 1405 5400 exponit
1440 5331 1527 5386 his
1556 5332 1764 5388 verbis.

428 5437 446 5470 ‹
467 5417 805 5476 'Anastasius
852 5420 937 5474 vir
967 5430 1088 5476 erat
1115 5437 1239 5477 cum
1274 5422 1330 5478 in
1376 5439 1660 5480 sacrarum
1692 5425 1932 5481 Littera-

305 5585 311 5592 ,
349 5524 472 5563 rum
513 5512 830 5582 cognitione
855 5513 1104 5583 apprime
1137 5513 1400 5579 disertus,
1446 5526 1559 5570 tum
1597 5517 1654 5571 in
1685 5517 1935 5572 moribus

302 5615 308 5632 θ
350 5619 414 5659 ac
448 5610 560 5658 tota
611 5606 737 5661 vita:
801 5607 1014 5660 ratione
1067 5607 1207 5662 adeo
1257 5609 1592 5679 exquisitus,
1645 5617 1706 5662 ut
1764 5608 1931 5663 etiam

351 5712 537 5751 rerum
565 5697 934 5752 levicularum
968 5715 1222 5769 magnam
1250 5715 1438 5754 curam
1466 5700 1721 5765 haberet,
1752 5716 1933 5770 neque

2037 3208 2267 3279 tingere.
2303 3209 2448 3275 Quin
2472 3210 2639 3264 etiam
2668 3211 2742 3265 ita
2767 3227 2928 3266 suum
2957 3213 3295 3283 temperavit
3322 3215 3620 3287 ingenium,

2036 3312 2097 3358 ut
2138 3319 2320 3374 neque
2361 3313 2596 3374 propter
2625 3305 2908 3361 lenitatem
2955 3307 3127 3362 animi
3168 3317 3344 3380 atque
3397 3311 3622 3365 comita-

2035 3405 2168 3462 tem,
2224 3395 2391 3451 nimis
2441 3397 2605 3451 facile
2661 3397 2752 3452 his
2808 3397 2977 3454 rebus
3015 3415 3138 3469 quaa
3180 3401 3376 3456 minus
3429 3400 3624 3456 rationi

2035 3489 2451 3545 consentientes
2480 3499 2662 3552 erant,
2694 3489 2949 3556 cederet;
2989 3506 3168 3561 neque
3207 3500 3448 3563 propter
3478 3507 3627 3547 sevc-

2035 3580 2255 3634 ritalem
2283 3590 2338 3634 et
2365 3579 2799 3645 inclementiam,
2832 3567 2976 3648 agre
3007 3579 3092 3634 his
3133 3595 3262 3648 quae
3293 3591 3446 3635 recta
3490 3579 3626 3633 ratio

2034 3669 2350 3740 postulabat
2410 3669 2797 3724 assentiretur.
2861 3669 3048 3723 Rebus
3106 3669 3276 3724 seriis
3338 3668 3628 3724 audiendis

2034 3761 2156 3830 ejus
2195 3760 2457 3829 patebant
2489 3775 2674 3824 aures,
2705 3770 2763 3814 et
2806 3755 2882 3815 ut‘
2920 3751 3181 3816 sermone.
3211 3761 3524 3832 proﬁuens,
3558 3761 3628 3815 ita

2036 3853 2091 3906 in
2135 3853 2540 3922 quaestionibus
2586 3853 2956 3908 dissolvendis
3001 3863 3199 3909 acutus
3256 3863 3315 3910 et
3343 3854 3628 3925 perspicax

2034 3944 2159 4009 fuit,
2217 3946 2385 4000 rebus
2443 3954 2628 4000 autem
2697 3945 2900 4015 ineptis
2956 3955 3013 4001 et
3070 3946 3292 4002 nullius
3365 3945 3630 4002 momenti

2035 4035 2270 4089 occlusit
2327 4052 2493 4092 aures
2550 4055 2564 4090 :
2629 4037 2870 4107 linguam
2920 4053 3058 4092 vero
3109 4037 3192 4092 sic
3257 4039 3421 4109 quasi
3477 4038 3629 4092 freno

2036 4126 2291 4180 cohibuit
2365 4136 2424 4180 ut
2477 4138 2534 4182 et
2589 4142 2903 4183 sermonem
2944 4127 3159 4183 ratione
3214 4131 3628 4190 moderaretur,

2035 4226 2093 4273 et
2139 4219 2424 4273 silentium
2468 4220 2688 4289 loquela
2725 4219 3101 4290 praestabilius
3129 4220 3411 4277 ellicerct.
3463 4221 3629 4275 lstum

2038 4317 2298 4379 tanquam
2354 4318 2564 4364 turrem
2615 4313 3052 4367 munitissimam
3101 4329 3439 4386 oppugnare
3486 4313 3632 4370 omni

2037 4403 2420 4457 machinarum
2489 4418 2692 4474 genere
2742 4420 3033 4475 aggressus
3096 4415 3183 4462 est
3255 4409 3630 4470 Justinianus,

2039 4494 2174 4549 illud
2209 4495 2815 4566 scilicetcomplcetens
2855 4497 3060 4564 animo,
3093 4515 3152 4554 se
3193 4501 3242 4556 si
3278 4501 3452 4556 istum
3482 4516 3635 4556 ever-

2039 4598 2202 4655 teret,
2250 4589 2404 4642 nullo
2447 4589 2635 4643 labore
2666 4590 2944 4644 civitatem
2993 4599 3161 4645 totam
3194 4603 3629 4664 occupaturum,

2038 4694 2191 4736 recta
2238 4681 2364 4736 ﬁdei
2410 4681 2669 4751 dogmata
2719 4681 3070 4738 redacturum
3105 4694 3379 4754 tanquam
3425 4686 3482 4740 in
3517 4700 3634 4740 ser-

2036 4775 2292 4836 vitutem,
2345 4782 2402 4827 et
2435 4789 2568 4828 oves
2596 4772 2803 4828 Christi
2855 4773 3096 4845 denique
3131 4777 3391 4845 captivas
3440 4775 3510 4830 ab
3539 4774 3635 4829 Ec-

2037 4865 2204 4921 clesia
2239 4865 2632 4920 abducturum.
2677 4865 2882 4920 Verum
2931 4865 3263 4922 Anastasius
3321 4869 3407 4924 sic
3451 4867 3633 4923 divina

2036 4957 2274 5027 quadam
2311 4956 2480 5010 animi
2531 4957 2864 5011 celsitudine
2910 4957 3090 5012 elatus
3119 4957 3226 5012 fuit
3260 4959 3418 5028 (nam
3471 4970 3633 5024 supra

2037 5049 2250 5104 ﬁrmam
2291 5047 2420 5102 ﬁdei
2476 5057 2690 5119 petram
2728 5048 3002 5119 constitit)
3051 5057 3112 5103 ut
3166 5048 3501 5104 Iustiniano
3539 5062 3634 5118 per

2035 5144 2250 5198 litteras
2303 5157 2434 5216 suas
2495 5142 2669 5197 libere
2719 5151 2775 5196 et
2812 5151 3002 5212 aperte
3041 5141 3490 5205 contradiceret,
3522 5149 3630 5196 tum

2037 5237 2328 5307 perspicue
2346 5235 2665 5302 admodum,
2689 5243 2806 5290 tum
2831 5235 3038 5290 diserte
3054 5235 3390 5301 ostendens,
3415 5235 3634 5290 divinos

2035 5327 2317 5398 apostolos
2366 5334 2422 5381 et
2457 5333 2680 5380 sanctos
2714 5323 2908 5379 Patres
2954 5323 3242 5380 confessos
3302 5341 3436 5381 esse
3469 5334 3631 5393 atque

2036 5420 2175 5475 adeo
2225 5418 2540 5482 tradidisse,
2591 5433 2796 5488 corpus
2847 5418 3065 5472 Domini
3118 5417 3503 5474 internecioni
3533 5417 3631 5473 ob-

2037 5513 2264 5567 noxium
2296 5511 2488 5576 fuisse,
2519 5518 2576 5564 et
2601 5510 2958 5565 aﬁ‘ectionum
3007 5525 3130 5580 qua:
3166 5518 3308 5564 sunt
3338 5519 3546 5565 natura
3576 5507 3628 5561 in

2037 5603 2238 5659 animis
2282 5604 2582 5674 impressae,
2640 5618 2873 5674 quaeque
2914 5601 3363 5674 reprehensione
3418 5608 3627 5662 carent,

2037 5697 2332 5768 particeps.
2379 5694 2588 5750 Eodem
2636 5694 2802 5750 modo
2846 5693 3015 5749 etiam
3053 5694 3352 5754 monachis
3409 5690 3628 5763 Majoris

353 5789 411 5840 in
458 5787 566 5841 illis
599 5803 631 5841 a
680 5791 958 5845 constanti
997 5800 1054 5847 et
1086 5793 1270 5848 stabili
1319 5793 1488 5848 animi
1520 5794 1606 5848 sui
1649 5795 1933 5865 proposito
1962 5811 2006 5871 ς
2038 5800 2093 5846 et
2145 5789 2372 5844 Minoris
2429 5787 2618 5860 Syriae.
2667 5791 2787 5862 ejus
2835 5791 2904 5846 de
2938 5791 3043 5845 hac
3097 5802 3153 5842 re
3202 5784 3627 5842 sciscitantibus

355 5878 621 5934 decedere
650 5881 836 5946 vellet,
866 5883 1074 5938 nedum
1112 5883 1168 5938 iu
1199 5885 1367 5942 rebus
1405 5887 1628 5943 maximi
1661 5886 1921 5942 momenti

2033 5883 2391 5952 sententiam,
2417 5883 2781 5955 respondens,
2807 5884 3057 5940 omnium
3089 5880 3454 5937 conﬁrmavit
3483 5892 3633 5934 men-
