3988 6142
454 434 585 499 1301

1917 470 1921 475 -
1975 431 2173 493 νιΤΑ.

3565 423 3705 490 1332

448 560 553 617 tes,
596 560 763 622 atque
817 552 887 608 ad
933 562 1217 609 certamen
1281 547 1591 608 ineundum
1652 544 1982 618 praeparavit
2017 562 2031 598 :
2064 551 2108 605 A
2137 544 2402 618 Gregorio
2438 543 2808 610 Antiocheno,
2852 533 3050 599 Joanni
3103 539 3626 613 Hicroselymitano,
3658 550 3717 597 et

450 641 507 698 in
546 642 796 697 Ecclesia
840 643 1081 715 denique
1114 643 1386 700 lectitavit
1412 639 1666 712 quotidie
1696 639 1845 693 illam
1882 637 2036 693 Pauli

448 733 595 787 vasis
634 733 929 789 electionis
980 736 1312 790 sententiam
1354 752 1368 788 :
1405 732 1461 789 Si
1494 732 1612 803 quis
1642 730 1781 784 vobis
1816 743 2039 799 evange-

450 821 690 879 lizaserit
728 834 922 896 pra’ter
965 826 1019 885 id
1048 826 1191 897 quod
1224 825 1518 896 accepistis,
1560 821 1778 893 etiamsi
1817 817 2038 889 angelus

448 917 512 971 de
537 917 664 972 caelo
707 918 798 983 sit,
826 920 1120 975 anathema
1173 926 1279 972 esto
1315 916 1519 977 (Calai.
1573 930 1612 977 ι,
1671 912 1782 981 19).
1826 910 2040 977 Quibus

449 1024 663 1074 omnes,
712 1009 905 1079 paucis
961 1010 1231 1080 exceptis,
1290 1007 1525 1072 assensi,
1567 1004 1748 1061 simile
1793 1002 2037 1060 studium

451 1115 579 1170 erga
615 1098 744 1154 fidei
776 1098 1155 1154 defensionem
1185 1094 1565 1153 declararunt.

530 1209 549 1243 ι
573 1191 723 1246 Idem
745 1207 913 1261 porro
934 1191 1259 1247 Anastasius
1278 1206 1403 1246 cum
1422 1186 1752 1260 accepisset,
1773 1186 2038 1244 Iustinia-

452 1300 584 1340 num
616 1281 754 1338 velle
780 1284 960 1346 ipsum
982 1282 1034 1337 in
1055 1284 1312 1338 exsilium
1338 1283 1581 1349 mittere,
1605 1281 1825 1351 scripsit
1846 1279 2044 1335 adAu-

454 1372 746 1427 tiochenos
762 1372 1096 1434 orationem,
1124 1388 1234 1441 qua
1254 1388 1448 1428 eorum
1465 1372 1679 1426 animos
1697 1370 1753 1424 in
1781 1370 1887 1424 [ide
1909 1384 2042 1424 con-

451 1463 705 1520 ﬁrmaret
735 1480 749 1517 :
782 1478 906 1532 quae
945 1470 1060 1517 tum
1101 1464 1174 1518 ob
1213 1463 1490 1519 sermonis
1529 1461 1880 1532 elegantiam,
1923 1468 2039 1514 tum

450 1553 524 1609 ob
545 1551 902 1608 crebritatem
920 1552 1342 1617 sententiarum,
1367 1558 1481 1604 tum
1498 1549 1570 1604 ob
1587 1548 2035 1605 testimoniorum

449 1655 482 1696 e
503 1641 674 1697 sacris
698 1642 920 1699 Litteris
936 1642 1234 1712 petitorum
1251 1642 1640 1712 frequentiam,
1671 1649 1785 1695 tum
1803 1638 2042 1708 denique

451 1734 523 1791 ob
548 1733 858 1798 historiam,
882 1750 1004 1804 qua:
1035 1742 1145 1789 tam
1176 1732 1467 1789 commode
1496 1733 1551 1787 in
1581 1748 1647 1787 ea
1684 1738 1905 1812 narrata
1934 1735 2041 1794 est,

452 1825 662 1893 optimo
678 1825 804 1895 jure
835 1840 973 1880 sane
996 1826 1280 1897 permagni
1298 1824 1546 1879 facienda
1570 1832 1675 1879 est.
1692 1818 1894 1878 Verum
1916 1821 2043 1877 Jus-

455 1916 652 1970 tiniani
681 1915 925 1971 edictum
953 1916 1141 1969 divina
1162 1915 1538 1979 Providentia,
1560 1929 1667 1984 qua
1707 1913 1906 1968 melius
1934 1928 2035 1968 no-

455 2007 544 2062 bis
566 2014 919 2078 prospectum
949 2007 1074 2072 fuit,
1127 2006 1352 2061 minime
1376 2000 1713 2076 divufgatum
1744 2013 1846 2060 est.
1899 1996 2035 2059 Nam

454 2098 823 2163 Justinianus,
878 2098 973 2169 qui
1018 2098 1310 2153 Anastasio
1362 2106 1418 2153 et
1476 2099 1595 2153 suis
1656 2095 2038 2153 sacerdotibus

453 2190 709 2245 exsilium
761 2188 1058 2255 indixerat,
1103 2206 1169 2245 ex
1220 2190 1523 2260 improviso
1568 2190 1877 2259 perculsus,
1911 2203 2037 2243 cum

457 2282 681 2352 triginta
737 2289 864 2337 octo
910 2297 1088 2338 annos
1135 2282 1380 2354 integros
1409 2290 1465 2337 et
1513 2297 1731 2337 menses
1777 2290 1903 2337 octo
1946 2296 2037 2335 re-

456 2382 698 2446 gnasset,
738 2390 807 2429 ex
851 2375 974 2431 luce
1031 2375 1309 2446 migravit.
1337 2394 1354 2426 ι
1402 2375 1529 2430 Haec
1566 2374 1665 2428 ibi.
1714 2373 2038 2429 Eustathius

457 2472 649 2520 auctor
679 2480 918 2531 coaevus,
952 2466 1010 2521 in
1039 2465 1157 2519 Vita
1189 2467 1361 2520 sancti
1406 2465 1652 2537 Eutycltii
1708 2465 2039 2534 patriarchae

455 2553 1075 2627 Constantinopolitani,
1125 2555 1316 2611 eadem
1353 2557 1420 2611 de
1450 2572 1631 2613 .causa
1662 2572 1693 2611 a
1725 2555 2038 2611 Iustiniano

459 2643 513 2700 iu
564 2646 821 2701 exsilium
854 2646 984 2704 acti.
1020 2645 1124 2700 ista
1152 2645 1455 2716 interponit
1503 2659 1659 2700 num.
1692 2644 1756 2698 51
1800 2644 1867 2699 ad
1892 2643 2037 2698 diem

458 2754 511 2795 Vt
571 2739 796 2810 Aprilis.
855 2759 875 2792 ‹
925 2740 1062 2795 Nam
1124 2754 1319 2794 omnes
1374 2736 1699 2809 patriarchae
1768 2737 2037 2808 multique

461 2830 708 2901 episcopi
733 2832 1121 2902 praecipueque
1170 2832 1473 2887 orientales
1504 2839 1829 2885 recusarunt
1863 2828 2031 2897 impe-

462 2923 680 2976 ratoriae
718 2922 963 2991 opinioni
1012 2921 1389 2982 subscribere.
1446 2922 1608 2992 eique
1663 2928 1777 2975 tum
1830 2920 2038 2992 synodo

465 3017 583 3063 tum
621 3011 848 3080 scriptis
903 3011 1253 3076 restiterunt,
1304 3019 1431 3065 ante
1472 3026 1666 3066 omnes
1704 3020 1887 3065 autem
1921 3025 2040 3066 san-

463 3102 744 3158 ctissimus
797 3102 1095 3173 Theopolis
1164 3104 1477 3174 patriarcha
1531 3102 1872 3166 Anastasius.
1941 3102 2036 3172 qui

2139 637 2432 693 Anastasio
2481 636 2810 708 patriarchas
2860 635 3227 698 Antiocheno,
3260 652 3279 685 ι
3320 633 3504 689 adhuc
3528 634 3716 691 assde

2138 730 2411 800 depulso:
2427 730 2516 785 cui
2541 729 2772 785 seorsiln
2796 736 3119 798 sequentem
3141 727 3429 797 epistolam
3452 727 3524 782 25
3544 727 3714 793 misit,

2139 830 2196 878 et
2216 822 2278 877 in
2305 821 2396 876 his
2416 822 2539 892 agit
2585 821 2654 877 de
2692 836 2863 876 onere
2893 820 3154 890 pastorali
3180 818 3288 874 sibi
3339 819 3632 888 imposito;
3661 827 3718 873 et

2139 926 2264 980 cap.
2321 911 2389 965 27
2432 910 2629 967 scribit
2695 909 3017 966 Sebastiano
3071 909 3335 979 episeopo
3392 907 3717 968 Risiniensi.

2140 1002 2397 1058 indicans
2447 1002 2852 1073 suggestionem
2887 1016 2947 1057 se
2977 1000 3123 1071 apud
3156 1000 3435 1079 piissimos
3458 1000 3727 1055 dominos

2141 1091 2369 1149 summis
2394 1093 2654 1164 precibus
2702 1093 2920 1162 plenam
2951 1091 3170 1156 fecisse,
3217 1099 3276 1144 ut
3309 1090 3490 1144 virum
3515 1089 3720 1144 beatis-

2139 1183 2363 1249 simum,
2410 1185 2696 1240 dominum
2736 1183 3086 1238 Anastasium
3138 1163 3534 1251 patriarcham,
3579 1194 3718 1235 cono

2140 1290 2299 1331 cesso
2349 1291 2454 1330 usu
2497 1275 2673 1344 pallii,
2704 1274 2770 1328 ad
2801 1273 2948 1328 beati
2982 1272 3133 1327 Petri
3159 1271 3539 1342 apostolorum
3565 1268 3691 1338 prin

2141 1367 2280 1437 cipis
2313 1367 2503 1421 limina
2544 1381 2729 1420 secum
2761 1365 3173 1419 celebraturum
3225 1362 3494 1418 solemnia
3525 1359 3719 1415 Missa-

2144 1474 2288 1521 rum,
2342 1456 2717 1513 transmittere
2768 1455 3117 1518 debuissent,
3154 1461 3429 1522 quatenus
3462 1452 3507 1507 si
3549 1450 3602 1507 ei
3651 1450 3717 1517 ad

2143 1549 2329 1604 sedem
2376 1563 2533 1603 suam
2559 1548 2789 1602 minime
2833 1546 3036 1602 reverti
3064 1545 3275 1609 liceret,
3307 1544 3501 1599 saltem
3529 1558 3718 1599 secum

2142 1640 2198 1694 in
2246 1640 2460 1695 honore
2510 1653 2612 1694 suo
2654 1638 2885 1694 viveret.
2916 1636 3176 1708 Ejusdem
3206 1635 3413 1690 domini
3445 1632 3718 1689 Anastasii

2145 1729 2390 1784 animum
2440 1728 2699 1799 cognosci
2751 1736 2809 1782 et
2854 1726 3128 1799 quidquid
3162 1727 3213 1781 ei
3251 1725 3320 1781 de
3358 1725 3465 1779 hac
3498 1739 3558 1778 re
3601 1725 3720 1794 play

2147 1821 2344 1884 cuerit,
2394 1821 2501 1875 sibi
2551 1820 2783 1875 indicari
2828 1819 3000 1890 cupit.
3034 1838 3052 1871 ι
3107 1820 3178 1872 At
3202 1818 3346 1872 libro
3390 1833 3441 1871 IV
3488 1816 3719 1887 epistola

2139 1914 2228 1978 57,
2290 1914 2415 1969 data
2466 1911 2769 1966 indictione
2810 1911 2895 1976 15,
2918 1925 3067 1965 anno
3118 1910 3246 1974 591,
3296 1905 3717 1976 congratulatur

2137 2006 2341 2070 eidem,
2382 2006 2530 2075 quod
2574 2005 2691 2060 sedi
2726 2020 2840 2060 sua:
2892 2002 3250 2059 Antiochense
3287 2001 3360 2055 sit
3404 1998 3717 2061 restitutus,

2138 2096 2194 2152 in
2239 2114 2346 2167 qua
2389 2097 2493 2153 sub
2552 2098 2717 2152 tinem
2763 2097 2867 2152 ista
2917 2094 3088 2150 habet
3140 2110 3154 2147 :
3214 2112 3230 2144 ι
3266 2092 3717 2153 Benedictionent

2137 2200 2372 2245 vestram
2409 2207 2516 2260 qua
2563 2190 2880 2253 debuimus,
2926 2195 3115 2243 mente
3173 2170 3541 2254 suscepimus,
3576 2183 3719 2239 bene

2138 2264 2502 2348 redolentem,
2547 2283 2691 2339 bene
2726 2282 3032 2352 sapientem
3067 2298 3081 2335 :
3118 2287 3177 2335 et
3204 2277 3574 2348 omnipotenti
3602 2276 3718 2333 Deo

2137 2375 2345 2447 gratias
2385 2374 2620 2446 agimus,
2649 2376 2781 2445 quia
2813 2384 2869 2430 et
2892 2374 3067 2429 odora
3100 2380 3233 2428 sunt
3260 2379 3315 2428 et
3347 2384 3563 2440 sapora,
3595 2384 3717 2438 qua:

2137 2466 2318 2537 agitis,
2351 2482 2473 2536 qua:
2506 2466 2717 2530 dicitis,
2744 2481 2867 2535 qum
2889 2465 3052 2520 datis.
3084 2464 3161 2519 De
3191 2463 3302 2517 vita
3336 2462 3503 2532 igitur
3533 2467 3717 2513 vestra
3758 2482 3761 2485 λ

2139 2558 2389 2614 dicamus
2411 2558 2637 2628 pariter,
2661 2557 2914 2611 dicamus
2933 2571 3127 2611 omnes
3157 2573 3170 2608 :
3204 2552 3389 2610 Gloria
3414 2554 3471 2606 in
3497 2549 3716 2605 excelsis

2142 2649 2269 2715 Deo,
2300 2651 2429 2703 etin
2467 2659 2611 2704 terra
2651 2665 2758 2723 pas:
2804 2649 3100 2704 hominibus
3134 2648 3284 2702 bona
3334 2644 3640 2700 voluntatis.
3690 2660 3713 2694 ι

2137 2740 2330 2795 Eidem
2369 2739 2499 2795 dein
2548 2740 2720 2795 variis
2757 2739 3148 2795 occasionibus
3224 2736 3451 2806 scripsit
3493 2743 3719 2790 sanctus

2137 2830 2461 2901 Gregorius,
2507 2845 2573 2884 ex
2619 2830 2822 2899 quibus
2870 2830 3115 2899 epistolae
3145 2828 3215 2882 21
3267 2837 3323 2883 et
3355 2828 3418 2882 51
3478 2826 3608 2880 libri
3662 2842 3715 2879 vt

2139 2920 2281 2975 datm
2320 2930 2451 2975 sunt
2494 2935 2639 2975 anno
2684 2921 2810 2986 597,
2834 2920 3026 2976 indict.
3061 2920 3148 2983 15,
3166 2928 3223 2974 et
3266 2918 3299 2972 '5
3332 2918 3460 2972 libri
3489 2934 3558 2971 vn
3592 2916 3717 2970 data

2139 3028 2284 3069 anno
2316 3013 2440 3079 598,
2475 3013 2669 3068 indict.
2694 3015 2745 3078 1,
2785 3029 2894 3083 qua
2926 3013 3244 3068 consolatur
3276 3024 3404 3066 eum
3443 3011 3586 3066 inter
3620 3009 3717 3062 atl-

2141 3106 2435 3171 versitates
2466 3106 2633 3177 hujus
2655 3105 2870 3159 mundi.
2897 3124 2915 3156 ι
2938 3105 3100 3169 Ecce,
3126 3103 3328 3173 inquit,
3354 3101 3409 3157 in
3432 3108 3719 3156 senectute

464 3194 684 3250 easdem
716 3211 853 3265 quas
876 3211 1105 3267 magnus
1129 3188 1454 3268 Eutychius,
1483 3212 1828 3251 arrumuasne
1859 3195 2036 3249 dicam
2068 3215 2111 3274 α
2149 3208 2338 3255 sancta
2405 3206 2589 3253 vestra
2670 3197 2957 3253 beatitudo
3012 3196 3206 3251 multis
3266 3190 3720 3249 tribulationibus

464 3298 532 3339 an
561 3287 840 3341 coronas?
891 3287 1140 3356 pertulit.
1171 3306 1189 3338 ι
1249 3287 1373 3343 llzec
1408 3288 1750 3343 Eustathius.
1790 3287 2038 3343 Mortuus

463 3382 549 3429 est
568 3373 912 3430 Justinianus
948 3377 1012 3431 M
1034 3376 1263 3431 Novem.
1286 3394 1417 3431 ann.
1448 3377 1572 3441 576,
1605 3393 1729 3432 cum
1761 3383 2040 3446 regnasset

465 3485 641 3525 annos
680 3469 770 3534 59,
806 3486 1025 3525 menses
1063 3471 1120 3533 7,
1156 3470 1278 3526 dies
1322 3471 1411 3525 25.
1464 3469 1743 3526 Successit
1789 3469 2039 3525 Justinus

465 3557 681 3625 Junior,
718 3561 868 3615 illius
915 3577 981 3616 ex
1040 3577 1233 3617 sorore
1285 3562 1575 3632 Vigilantia
1606 3576 1797 3630 nepos.
1858 3562 1931 3617 De
1973 3576 2040 3615 eo

467 3658 528 3706 et
572 3650 864 3707 Anastasio
916 3653 1061 3708 idem
1117 3654 1387 3726 Evagrius
1440 3653 1538 3707 lib.
1583 3671 1638 3718 ν,
1684 3668 1807 3722 cap.
1838 3652 1891 3718 5,
1935 3653 2040 3708 ista

469 3739 639 3795 tradit
681 3757 696 3794 :
734 3758 752 3791 ι
778 3740 1031 3797 Justinus
1067 3758 1233 3813 porro
1279 3743 1649 3802 Anastasium.
1686 3742 1773 3797 his
1821 3743 1895 3796 illi
1945 3742 2044 3797 ob-

462 3830 627 3902 jectis
678 3830 1028 3896 criminibus,
1064 3831 1302 3902 primum
1354 3832 1502 3902 quod
1559 3848 1775 3887 sacrum
1818 3832 2042 3887 thesau-

467 3938 589 3977 rum
632 3930 785 3979 cxtra
811 3922 1036 3977 modum
1070 3932 1126 3978 et
1155 3924 1208 3977 in
1237 3923 1447 3977 nulltnn
1480 3940 1639 3979 usum
1668 3924 2038 3978 necessarium

468 4014 812 4084 profuderat,
840 4014 1041 4071 deinde
1068 4016 1215 4086 quod
1231 4017 1491 4072 convicia
1532 4016 1586 4071 in
1619 4017 1801 4088 ipsum
1828 4020 2041 4090 jecerat

471 4105 839 4178 {Anastasium
870 4107 1040 4166 enim.
1073 4124 1197 4163 cum
1234 4116 1520 4178 rogaretur
1541 4107 1673 4178 quid
1698 4124 1875 4163 causae
1899 4118 2045 4164 esset

472 4212 571 4252 cur
606 4198 928 4253 thesaurum
983 4215 1202 4254 sacrum
1251 4208 1359 4255 tam
1404 4200 1577 4256 effuse
1626 4201 2040 4271 absumpsisset,

469 4304 708 4360 tngenue
746 4292 1099 4361 respondisse
1132 4292 1318 4347 ferunt
1359 4311 1372 4346 :
1412 4293 1493 4347 Ne
1521 4309 1552 4348 a
1602 4291 1841 4358 Justino,
1891 4309 2041 4349 com-

471 4381 624 4435 muni
660 4383 831 4437 totius
875 4384 1028 4439 orbis
1057 4385 1317 4454 pernicie,
1350 4383 1733 4455 diriperetur),
1770 4385 1900 4440 sede
1931 4385 2046 4440 An-

473 4475 730 4533 tiochena
760 4480 1094 4535 exturbavit.
1145 4480 1287 4547 Quin
1322 4481 1490 4535 etiam
1535 4481 1741 4536 dicitur
1767 4479 2043 4536 Justinum

2143 3291 2378 3345 laborat.
2420 3309 2439 3341 ι
2500 3290 2571 3345 Et
2603 3298 2794 3359 postea
2849 3305 2865 3344 :
2905 3308 2923 3340 ‹
2950 3288 3166 3345 indicat
3213 3287 3347 3342 mihi
3394 3285 3721 3340 suavissima

2146 3384 2409 3439 sanctitas
2456 3391 2664 3447 vestra,
2714 3380 2863 3452 quod
2916 3396 3157 3445 mecum,
3188 3379 3233 3435 si
3271 3379 3544 3450 potuisset
3576 3376 3717 3438 ﬁeri,

2146 3478 2267 3532 sine
2318 3475 2514 3529 charta
2559 3483 2617 3528 et
2661 3474 2875 3528 calamo
2924 3473 3073 3543 loqui
3113 3471 3407 3530 voluisset,
3458 3479 3516 3523 et
3569 3469 3721 3523 dolet

2146 3568 2294 3638 quod
2340 3566 2504 3621 nobis
2553 3565 2801 3621 Orientis
2843 3579 2986 3634 pene
3022 3573 3079 3618 et
3118 3561 3438 3618 Occidentis
3482 3560 3718 3628 spatium

2148 3658 2457 3729 interjacct.
2506 3655 2615 3711 Sed
2663 3657 2769 3711 hoc
2822 3653 2969 3724 quod
3005 3654 3187 3708 sentio
3236 3667 3427 3707 verum
3459 3651 3584 3706 dico
3618 3667 3631 3705 :
3666 3658 3722 3706 et

2148 3751 2206 3806 ln
2255 3750 2446 3805 charta
2477 3748 2615 3802 mihi
2647 3761 2805 3802 mens
2838 3753 3019 3801 vestra
3045 3746 3164 3799 sine
3198 3744 3386 3799 charta
3425 3744 3671 3812 loquitur
3702 3759 3718 3797 :

2146 3839 2278 3910 quia
2305 3839 2361 3895 in
2384 3839 2552 3895 verba
2577 3846 2773 3894 vestra:
2795 3838 3102 3893 sanctitatis
3124 3821 3241 3891 sola
3267 3836 3505 3891 charitas
3527 3844 3717 3900 sonat;

2148 3941 2206 3989 et
2252 3932 2417 3995 divisi
2451 3932 2590 3988 locis
2633 3947 2743 3986 non
2778 3947 2994 3995 sumus,
3024 3931 3121 4001 qui
3176 3946 3244 3987 ex
3286 3929 3435 3984 dono
3462 3928 3720 3997 omnipo-

2150 4025 2321 4081 tentis
2347 4023 2570 4080 Domini
2600 4024 2919 4079 dilectionis
2945 4022 3169 4077 vinculo
3199 4021 3341 4077 uniti
3374 4035 3585 4076 sumus.
3610 4019 3725 4075 Cur

2151 4121 2318 4192 igitur
2346 4119 2601 4188 accipere
2636 4133 2846 4187 pennas
2871 4116 3141 4172 columbae
3169 4116 3539 4186 deargentatte
3566 4130 3722 4185 quaso

2151 4207 2294 4274 ritis,
2328 4221 2465 4277 quas
2501 4206 2612 4277 jam
2651 4205 2902 4261 habetis?
2932 4206 3131 4261 Pennas
3179 4205 3383 4275 quippe
3430 4205 3552 4274 ejus
3594 4214 3724 4259 sunt

2152 4300 2396 4355 charitas
2440 4298 2540 4353 Dei
2586 4305 2643 4352 et
2686 4296 2945 4367 proximi.
2982 4296 3088 4351 Per
3138 4295 3284 4366 ipsas
3328 4295 3479 4350 enim
3534 4305 3724 4351 sancta

2151 4391 2399 4447 Ecclesia
2432 4388 2636 4455 evolat,
2668 4403 2767 4459 per
2792 4388 2941 4458 ipsas
2970 4396 3189 4445 terrena
3223 4389 3409 4444 omnia
3442 4399 3725 4445 transcen-

2154 4483 2274 4539 dit:
2306 4499 2445 4553 quas
2485 4484 2531 4538 si
2562 4490 2747 4538 vestra
2794 4482 3062 4537 sanctitas
3099 4496 3213 4536 non
3249 4481 3502 4543 haberet,
3534 4480 3605 4541 ad
3638 4495 3725 4536 me

471 4566 763 4623 Αηθδιθδίο
808 4571 1212 4635 ειιθεοηευῖεεεν
1262 4571 1409 4641 (ιυοά
1460 4572 1759 4645 00511113“,ti
1797 4572 1846 4625 εἷ
1877 4587 2045 4639 Ρεοιι·
2078 4567 2277 4631 Deum
2338 4584 2484 4632 tanta
2545 4576 2814 4630 cbaritate
2866 4591 2969 4645 per
3029 4573 3246 4629 litteras
3296 4589 3408 4628 non
3456 4572 3721 4629 venisset.

471 4656 641 4723 niam,
673 4674 799 4713 cum
828 4660 1123 4730 episcopus
1161 4670 1307 4717 esset
1343 4662 1685 4733 designatus,
1724 4661 2048 4720 Anastasius

471 4746 604 4802 dare
648 4750 909 4805 noluerit.
946 4751 1066 4806 Alia
1121 4748 1386 4821 praetereo
1434 4753 1688 4820 erimina,
1747 4754 1961 4824 objecta
2016 4770 2046 4808 a

472 4838 830 4908 quibusdam,
869 4842 964 4911 qui
1012 4842 1364 4912 imperatoris
1407 4845 1687 4908 instituto,
1732 4846 1922 4906 credo.
1959 4845 2045 4915 in-

473 4930 684 4987 servire
714 4933 1031 4988 studebant.
1064 4935 1192 4990 Post
1228 4935 1381 4989 illum
1414 4936 1710 5006 Gregorius
1737 4937 1801 4990 ad
1830 4952 2048 4992 sacrum

472 5020 824 5090 episcopatus
853 5023 1083 5093 gradum
1107 5024 1286 5077 elatus
1311 5031 1413 5078 est.
1440 5024 1560 5089 Quo
1587 5034 1827 5090 mortuo,
1871 5025 2047 5094 inquit

476 5113 621 5167 idem
659 5115 926 5185 Evagrius
961 5131 1082 5184 cap.
1141 5114 1233 5177 25,
1283 5130 1351 5169 eo
1406 5125 1652 5185 tempore
1705 5132 1817 5185 quo
1840 5116 2048 5188 Grego-

476 5203 597 5258 rius
643 5204 868 5273 Magnus
909 5207 1291 5274 episcopatum
1339 5206 1581 5274 antiquae
1639 5206 1827 5261 Roma:
1858 5205 2046 5277 gessit,

474 5295 800 5351 Anastasius
828 5306 953 5365 post
996 5296 1190 5366 viginti
1224 5306 1337 5352 tres
1380 5312 1555 5352 annos
1599 5297 1715 5351 sedi
1795 5311 1908 5351 suae
1935 5298 2048 5351 An-

478 5387 752 5444 tiochense
793 5390 1087 5445 restitutus
1132 5397 1238 5445 est.
1273 5410 1292 5442 ι
1332 5390 1410 5445 Ac
1458 5399 1575 5444 tum
1636 5390 1900 5461 Evagrius
1932 5392 2051 5447 linit

477 5493 632 5532 suam
690 5479 984 5535 Historiam
1038 5496 1184 5535 anno
1235 5480 1302 5535 12
1341 5481 1495 5552 regni
1547 5480 1784 5535 Mauritii
1818 5481 2052 5553 impera-

480 5569 636 5635 toris,
686 5572 780 5638 qui
826 5572 1033 5641 incepit
1065 5572 1131 5626 15
1182 5570 1431 5644 Augusti,
1485 5588 1630 5647 annp
1679 5574 1802 5629 595.

551 5659 786 5715 Sanctus
827 5661 1122 5733 Gregorius
1156 5663 1380 5734 Magnus
1406 5664 1551 5718 inter
1596 5665 1860 5733 epistolas
1897 5679 2047 5730 suas,

481 5751 701 5821 Scripsit
743 5755 1006 5825 aliquam,
1050 5757 1275 5812 relatam
1334 5758 1431 5812 lib.
1469 5776 1484 5812 ι
1530 5758 1758 5828 chistri
1785 5774 1907 5828 cap.
1958 5759 2047 5823 ‘2i,

489 5861 506 5894 ι
561 5845 756 5899 Joanui
824 5848 1084 5917 episcopo
1149 5849 1290 5915 (IP.,
1348 5848 1575 5915 Eulogio
1642 5841 2048 5912 Aiexan:,lrino,

2148 4667 2303 4736 Rogo
2337 4674 2544 4730 autem,
2575 4674 2632 4721 ut
2677 4681 2776 4736 pro
2806 4666 2916 4721 mei
2952 4658 3724 4722 cordisintirmitate'enixins

2149 4759 2377 4828 rogetis,
2412 4765 2689 4826 quatenus
2715 4756 3065 4827 omnipotens
3096 4758 3243 4815 Dens
3269 4766 3508 4813 mentem
3545 4773 3727 4814 meatu

2148 4864 2250 4920 pro
2288 4857 2469 4903 vestra
2520 4847 2919 4903 intercessione
2960 4854 3211 4914 tueatur,
3238 4857 3294 4903 et
3324 4849 3493 4905 citius
3533 4864 3620 4904 me
3653 4847 3722 4904 de

2150 4948 2233 4993 tot
2268 4938 2532 5008 procellis
2586 4937 2750 5007 hujus
2800 4937 3149 5007 tempestatis
3182 4937 3406 5008 eripiat,
3448 4947 3616 5008 atque
3664 4936 3739 4991 in-

2149 5037 2353 5083 aeterna
2381 5026 2591 5097 quietis
2610 5028 2799 5082 littora
2826 5027 3114 5098 perducat.
3147 5027 3570 5082 Benedictiones
3590 5040 3729 5080 vero

2150 5117 2618 5192 locupletissimas
2676 5134 2871 5173 omnes
2900 5133 3023 5189 quae
3061 5117 3289 5173 directae
3319 5127 3449 5173 sunt
3480 5115 3719 5185 suscepi.

2151 5226 2273 5280 quae
2319 5210 2454 5264 mihi
2506 5211 2591 5265 vir
2636 5210 2732 5265 Dei
2770 5226 2983 5280 pauper
3016 5210 3217 5279 spiritu
3250 5206 3721 5271 transmisisti,~dc

2151 5299 2352 5368 quibus
2383 5299 2604 5355 dicitis:
2629 5299 2774 5366 Quid
2804 5300 2952 5353 enim
2981 5298 3076 5353 det
3110 5313 3343 5369 pauper,
3370 5296 3475 5352 nisi
3509 5312 3573 5351 ea
3602 5313 3723 5366 quae

2150 5391 2413 5462 pauperis
2441 5391 2612 5446 sunt?
2643 5390 2749 5446 Sed
2788 5389 2897 5444 nisi
2940 5404 3040 5443 vos
3069 5404 3169 5459 per
3198 5386 3528 5443 humilitatis
3554 5385 3722 5457 spiri-

2152 5492 2268 5539 tum
2319 5500 2595 5554 pauperes
2640 5481 2863 5547 essetis,
2891 5480 3311 5536 benedictiones
3338 5473 3535 5534 vestrae
3565 5479 3724 5534 locu-

2152 5576 2326 5645 pletes
2371 5591 2483 5629 non
2528 5574 2790 5628 fuissent.
2823 5573 3184 5642 Omnipotens
3225 5573 3372 5627 Deus
3406 5587 3502 5625 sua
3549 5586 3645 5625 vos
3691 5587 3724 5625 a

2153 5666 2313 5720 malis
2354 5666 2615 5720 omnibus
2667 5665 3012 5734 protectione
3043 5663 3344 5720 defendat:
3376 5672 3433 5719 et
3460 5664 3722 5735 quoniam

2153 5759 2265 5813 vita
2311 5768 2490 5813 vestra
2544 5756 2706 5811 bonis
2756 5755 3016 5811 omnibus
3063 5755 3220 5811 valde
3269 5768 3354 5813 est
3384 5756 3721 5813 necessaria.

2156 5860 2278 5916 post
2326 5851 2486 5915 longa
2522 5848 2703 5904 adhuc
2742 5858 2988 5917 tempora
3026 5864 3120 5904 vos
3154 5849 3220 5903 al
3260 5848 3500 5904 caelestis
3537 5850 3724 5915 patrita
