3988 6142
300 393 436 459 i803

1387 423 1394 429 ·
1444 400 1506 461 S.
1551 401 1951 462 ANASTASII
2000 405 2472 469 ANTIOCHENI

2430 253 2456 287 I

3412 383 3550 456 130$

294 507 494 578 gaudia
529 506 818 578 perducat.
853 529 872 561 ι
905 507 1033 565 Haec
1066 507 1142 565 ibi
1168 509 1236 564 ad
1264 509 1615 566 Anastasium
1645 512 1867 581 episco-
1894 521 1938 577 Α
1969 515 2283 586 patriarcha
2317 515 2521 582 occiso,
2549 513 2731 570 virilia
2757 513 2814 568 in
2846 509 2965 582 ejus
2993 526 3055 566 os
3085 509 3460 570 inseruerunt,
3492 512 3552 560 et

295 611 429 669 pum
451 599 1014 671 scripta-,quteﬁderi
1043 611 1277 673 possunt
1295 602 1394 658 lib.
1421 619 1459 669 ι,
1485 618 1543 657 n.
1571 603 1670 670 49;
1696 603 1793 657 lib.
1812 620 1868 667 ιι,

293 706 356 746 n.
413 693 476 747 l5
521 699 579 748 et
623 692 726 759 49;
773 701 829 747 et
864 693 968 747 lib.
1021 710 1096 761 ιγ,
1149 711 1206 750 n.
1253 697 1279 749 l
1323 706 1378 750 et
1427 695 1517 751 25.

211 795 217 824 ὶ
366 784 480 840 Nec
514 785 612 840 diu
643 785 1154 857 vixitpostmodum
1183 787 1509 844 Anastasius
1535 788 1870 860 patriarcha,

293 878 391 946 qui
423 876 530 932 hoc
555 877 744 934 forsan
768 879 950 941 adhuc
974 895 1120 935 anno
1146 881 1250 937 598
1279 888 1375 936 aut
1399 880 1559 937 initio
1590 884 1875 953 sequentis

293 972 407 1026 vita
458 971 704 1039 functus,
754 989 915 1028 suum
977 973 1415 1042 patriarchatum
1481 975 1647 1030 cessit
1714 975 1873 1030 alteri

294 1065 606 1132 Anastasio,
648 1081 678 1119 a
728 1082 840 1135 quo
874 1082 998 1121 cum
1031 1076 1257 1121 sanctus
1291 1066 1586 1137 Gregorius
1635 1085 1777 1138 papa
1805 1085 1872 1124 ex

295 1171 452 1210 more
499 1156 898 1226 professionem
938 1157 1087 1234 _ﬁdei
1135 1159 1462 1226 accepisset,
1516 1161 1740 1230 scripsit
1792 1162 1870 1216 illi

295 1247 586 1315 epistolam
636 1245 942 1303 indictione
978 1251 1032 1314 2,
1063 1265 1207 1303 anno
1232 1252 1357 1314 599,
1384 1267 1505 1320 qua:
1548 1261 1634 1307 est
1665 1253 1782 1306 lib-
1803 1270 1873 1307 vn

295 1337 526 1408 Registri
567 1355 689 1411 cap.
741 1342 833 1395 47.
880 1342 1180 1412 Utriusque
1235 1344 1514 1398 Anastasii
1547 1347 1755 1400 mentio
1790 1354 1876 1401 est

292 1429 353 1484 in
403 1430 608 1486 tabulis
638 1432 861 1488 insertis
909 1433 1367 1504 chronographia:
1415 1435 1790 1505 Theophanis,
1819 1449 1874 1493 et

295 1520 542 1592 catalogo
563 1521 951 1592 episcoporum
965 1524 1439 1579 Antiochenorum
1463 1528 1605 1596 apud
1625 1539 1873 1589 sanctum

293 1612 672 1683 Nicephorum
739 1615 1108 1684 patriarcham
1168 1615 1870 1688 ConstantinOpolitanum,

294 1708 461 1770 atque
502 1701 561 1757 in
595 1703 832 1758 Historia
877 1703 1231 1759 ecclesiastica
1280 1707 1580 1778 Nicephori
1633 1709 1870 1775 Callisti,

295 1789 394 1861 qui
441 1805 511 1846 ex
557 1791 814 1864 Evagrio,
862 1809 985 1862 qua:
1035 1809 1203 1864 supra
1264 1794 1564 1870 dedimus,
1611 1798 1874 1856 describit

294 1859 334 1934 ιζ
369 1895 502 1945 xvn,
535 1896 658 1952 cap.
678 1859 750 1937 99
781 1859 1254 1955 sub—ﬁnem,—cap.
1279 1885 1349 1941 59
1380 1859 1617 1956 integro,
1653 1890 1720 1944 de
1754 1892 1873 1962 ejus
1907 1859 1947 1912 Β

296 1969 645 2042 depositione
697 1989 819 2044 cap.
877 1975 965 2042 56,
1010 1984 1065 2030 et
1111 1977 1178 2032 de
1206 1979 1552 2036 restitutione
1591 1983 1691 2037 lib.
1725 2001 1870 2049 xvm,

297 2078 422 2135 cap.
468 2064 558 2122 26.
590 2066 795 2121 Verum
841 2067 1144 2124 destitutus
1213 2070 1363 2127 dicto
1412 2073 1554 2129 duce
1614 2075 1870 2146 Evagrio,

297 2153 462 2225 plane
491 2153 730 2216 aberrat,
765 2157 895 2211 dum
923 2173 1043 2229 cap.
1075 2160 1143 2213 44
1177 2159 1308 2214 dicti
1343 2161 1471 2216 libri
1498 2179 1628 2218 xvm
1659 2165 1872 2231 scribit,

298 2243 654 2300 Anastasium
683 2243 886 2300 vixisse
920 2245 989 2300 ad
1039 2253 1288 2316 tempora
1319 2263 1494 2317 usque
1545 2249 1741 2304 Phocas
1770 2251 1875 2303 im-

300 2333 604 2404 peratoris;
629 2350 867 2405 eumque
895 2335 1244 2391 interfectum
1275 2353 1305 2392 a
1330 2338 1536 2394 Judzeis
1563 2357 1575 2392 :
1602 2339 1708 2395 hoc
1728 2341 1874 2395 enim

305 2425 427 2496 ejus
476 2427 807 2491 successori,
859 2429 1026 2482 etiam
1069 2428 1361 2484 Anastasio
1411 2430 1582 2496 dicto,
1647 2433 1880 2502 contigit

304 2531 397 2572 an.
447 2519 479 2573 7
517 2518 733 2589 imperii
780 2520 998 2584 Phocaz,
1057 2521 1125 2575 ad
1179 2538 1347 2592 quem
1393 2522 1756 2593 Theophanes
1804 2526 1880 2581 ita

305 2606 541 2664 scribit:
568 2629 587 2662 ‹
608 2609 726 2666 Hoc
744 2627 912 2677 anno,
935 2610 1210 2666 seditione
1235 2621 1404 2678 mota,
1437 2613 1651 2669 Hebraei
1682 2615 1880 2670 Antio-

306 2701 468 2758 cheni
485 2704 804 2760 tumultuati
821 2712 968 2770 sunt,
986 2712 1040 2760 et
1060 2704 1348 2765 Anastasio
1369 2706 1562 2777 Magno
1578 2707 1883 2763 Antiochia:

1973 623 2073 678 per
2126 609 2336 664 medias
2369 609 2524 664 urbis
2577 608 2696 663 vias
2753 614 3030 677 raptatnm
3078 601 3542 658 interfecerunt.r

1975 701 2265 757 Secundus
2326 703 2429 757 iste
2485 701 2811 756 Anastasius
2845 699 2902 752 in
2935 695 3142 752 tabulis
3190 690 3551 762 Theophanis

1974 796 2334 852 substituitur
2366 795 2540 866 priori
2597 795 2666 848 ad
2701 809 2832 847 ann.
2898 791 2965 846 l9
3015 788 3231 859 imperii
3265 784 3549 841 Mauritii:

1972 886 2244 942 Caeterum
2276 887 2367 942 hic
2395 902 2573 952 error,
2617 901 2728 956 quo
2765 884 2906 940 duos
2935 880 3255 937 Anastasios
3289 879 3344 932 in
3376 892 3550 931 unum

1975 979 2237 1035 conﬂavit
2281 979 2649 1048 Nicephorus,
2685 976 2865 1048 potuit
2911 991 2940 1029 a
2973 973 3166 1027 multis
3189 971 3411 1025 facilius
3445 983 3550 1022 no-

1979 1073 2103 1137 tari,
2155 1088 2318 1142 quam
2353 1072 2494 1125 alius
2532 1071 2599 1125 ab
2646 1069 2840 1124 eodem
2893 1055 3225 1122 commissus
3264 1063 3318 1117 in
3365 1062 3552 1131 priore

1977 1164 2288 1227 Anastasio,
2344 1163 2567 1232 quando
2610 1177 2735 1215 eum
2782 1167 2839 1213 et
2895 1164 3148 1212 sanctum
3200 1149 3549 1207 Anastasium

1979 1255 2312 1309 monachum
2367 1252 2634 1308 Sinaitam
2684 1267 2853 1304 unum
2901 1247 3271 1315 eumdemque
3307 1243 3459 1297 fecit.
3493 1239 3550 1295 Id

1975 1355 2158 1400 autem
2194 1346 2342 1408 fecit,
2397 1355 2458 1399 ut
2505 1345 2614 1414 jam
2659 1342 2997 1404 monuimus,
3031 1338 3163 1393 dum
3195 1335 3462 1391 describit
3485 1348 3551 1387 ex

1977 1437 2196 1506 Evagrii
2244 1435 2482 1489 Historia
2539 1441 2705 1503 caput
2750 1433 2817 1488 59
2875 1431 3003 1486 libri
3051 1445 3146 1494 IV,
3206 1424 3554 1481 immutando

1979 1526 2229 1590 titulum;
2276 1534 2332 1579 et
2364 1540 2489 1578 cum
2542 1523 2812 1592 Evagrius
2846 1522 2995 1575 hunc
3022 1526 3392 1589 przeponeret,
3419 1515 3551 1585 Περὶ

1987 1619 2342 1671 Ἀναστασίου
2383 1615 2818 1686 ἀρχιεπισκὸπου
2867 1611 3220 1682 Ἀντιοχείας,
3243 1610 3360 1679 ipse
3387 1607 3553 1662 istum

1975 1708 2074 1762 lib.
2126 1725 2234 1762 xvu
2274 1723 2398 1777 cap.
2448 1707 2517 1762 29
2551 1706 2786 1761 collocat
2830 1723 2844 1761 :
2879 1704 3018 1775 Περὶ
3063 1701 3422 1755 Ἀναστασὶου
3458 1697 3553 1750 τοῦ

1976 1799 2329 1862 Θεουπόλεως
2358 1798 2451 1852 τοῦ
2477 1798 2746 1851 Σιναΐτου.
2798 1795 3003 1850 Eodem
3041 1791 3205 1846 modo
3229 1789 3375 1843 libro
3403 1802 3552 1850 xvm,

1977 1905 2099 1959 cap.
2147 1890 2214 1944 16
2245 1889 2395 1943 hunc
2442 1888 2666 1942 titulum
2714 1886 2926 1940 habet:
2961 1882 3231 1948 Quomodo
3262 1887 3378 1950 post
3423 1878 3553 1934 Cre-

1977 1982 2185 2051 goriur'n
2215 1980 2532 2034 Anastasius
2574 1977 2803 2032 Sinaites
2847 1975 3020 2028 sedem
3074 1987 3229 2026 suam
3282 1969 3554 2039 receperit.

1977 2070 2085 2126 Sed
2103 2071 2188 2124 vel
2218 2070 2452 2124 maxime
2473 2069 2578 2123 hoc
2602 2067 2732 2123 fecit
2755 2081 2876 2135 cap.
2897 2066 2966 2118 44
3009 2060 3376 2134 ejusdemlib.
3404 2071 3553 2120 xvm,

1976 2163 2072 2217 ubi
2130 2171 2430 2231 utrumque
2480 2175 2730 2215 errorem
2791 2173 2950 2213 suum
3009 2151 3384 2210 combinando
3438 2148 3552 2202 ait:

1984 2274 2002 2307 ‹
2030 2254 2171 2310 Huic
2210 2252 2520 2316 Anastasio,
2555 2261 2848 2322 prOpterea
2891 2248 3036 2318 quod
3069 2247 3122 2300 in
3155 2245 3338 2299 Sinteo
3367 2247 3557 2295 monte

1979 2345 2402 2415 philosophatus
2436 2345 2528 2410 sit,
2563 2353 2620 2399 et
2653 2359 2878 2399 sensum
2914 2342 2991 2397 ibi
3039 2341 3224 2395 carnis
3254 2333 3552 2396 domuerit,

1982 2435 2206 2490 Sinaita:
2249 2451 2554 2507 cognomen
2611 2435 2844 2489 inditum
2872 2442 2975 2488 est.
3008 2433 3188 2500 Atque
3218 2429 3310 2484 ille
3334 2425 3558 2498 quidem

1983 2527 2038 2581 in
2091 2528 2280 2598 populi
2329 2530 2573 2583 tumultu
2614 2535 2942 2598 peremptus
2973 2527 3144 2580 vitam
3181 2522 3343 2576 ﬁniit.
3372 2539 3389 2570 ι
3424 2517 3558 2584 Qua;

1984 2619 2178 2675 ultima
2214 2606 2344 2675 sunt
2372 2619 2676 2675 successori
2708 2621 2829 2689 ejus
2855 2617 3148 2672 Anastasio
3177 2608 3554 2668 attribuenda.

1985 2723 2042 2767 et
2070 2712 2254 2782 priora
2286 2723 2477 2768 sancto
2509 2711 2801 2767 Anastasio
2832 2709 3104 2766 monacho
3145 2703 3349 2760 montis
3378 2700 3528 2755 Sina.

1503 2845 1656 2917 (Acta
1689 2844 1784 2901 SS.
1820 2846 1930 2902 Jul.
1964 2858 2004 2904 t.
2041 2851 2128 2917 IV,
2165 2868 2219 2924 p.
2252 2853 2366 2923 97.)

378 2978 614 3036 Sanctus
638 2979 984 3045 Anastasius,
1009 2996 1174 3052 quem
1215 2980 1486 3041 Baronius
1520 2980 1725 3050 aliique
1754 2980 1881 3050 plu-

307 3071 434 3125 rimi
466 3085 592 3125 cum
622 3079 815 3125 sancto
843 3071 1135 3125 Anastasio
1159 3071 1370 3126 Sinaita
1417 3085 1529 3125 non
1577 3079 1724 3125 recte
1749 3087 1884 3126 con-

1988 2990 2199 3060 phanes
2234 2989 2303 3045 ad
2333 3005 2540 3043 annum
2570 2988 2774 3043 divinae
2813 2982 3224 3044 Incamationis
3253 2975 3562 3037 secundum

1985 3081 2391 3138 Alexandrinos
2415 3081 2539 3145 562,
2575 3082 2671 3150 qui
2703 3095 2881 3150 usque
2921 3079 2988 3133 ad
3025 3072 3412 3145 Septembrem
3444 3067 3561 3123 fere

307 3162 570 3227 fundunt,
609 3162 954 3234 professione
977 3164 1283 3218 monachus
1310 3162 1434 3225 fuit,
1469 3176 1670 3234 genere
1702 3163 1879 3218 Palee-
1911 3197 1955 3258 Ο
1985 3191 2110 3231 cum
2143 3191 2288 3231 anno
2323 3175 2528 3230 Christi
2559 3173 2661 3229 570
2690 3172 2956 3228 ἀθοιη-τίι,

310 3255 510 3321 stinus,
544 3264 681 3311 teste
727 3265 919 3310 sancto
970 3254 1239 3326 Symeonc
1271 3256 1492 3327 juniore
1539 3254 1755 3326 Stylita,
1787 3254 1883 3324 qui

310 3346 466 3402 illum
503 3348 777 3410 Domnino
825 3363 1214 3403 successurum
1267 3347 1597 3417 praedixerat
1625 3347 1683 3400 in
1733 3346 1886 3402 Actis

310 3448 631 3496 sanctorum
672 3440 763 3496 die
790 3440 861 3496 25
882 3441 1028 3505 Maii,
1058 3455 1178 3510 pag.
1211 3440 1337 3506 579,
1366 3456 1520 3494 num.
1567 3440 1690 3494 192.
1716 3440 1887 3510 Egre-

311 3532 432 3604 gias
468 3533 589 3604 ejus
620 3533 880 3598 virtutes,
906 3531 1239 3597 doctrinam,
1266 3532 1493 3603 scripta,
1527 3547 1725 3602 resque
1751 3547 1890 3602 prae-

310 3624 465 3681 clare
532 3633 714 3696 gestas
762 3633 818 3679 et
875 3624 1085 3680 cultum
1137 3639 1302 3694 supra
1349 3624 1606 3679 dedimus
1635 3625 1688 3678 in
1739 3625 1890 3679 Actis

314 3723 633 3771 sanctorum
657 3714 746 3769 die
774 3714 844 3770 26
869 3713 1096 3785 Aprilis.
1130 3714 1262 3784 Legi
1319 3715 1488 3770 etiam
1515 3723 1750 3783 possunt
1775 3714 1893 3784 epi-

316 3808 471 3863 stolae
498 3809 675 3867 sancti
699 3807 950 3879 Gregorii
996 3806 1176 3878 Magni
1216 3807 1342 3861 istic
1370 3809 1552 3862 citatas
1583 3823 1646 3861 ex
1686 3806 1892 3876 quibus

316 3898 483 3954 datur
507 3898 764 3970 intelligi,
801 3907 858 3953 et
916 3905 1128 3968 quanto
1149 3898 1443 3968 praesulem
1498 3897 1647 3953 hunc
1700 3912 1891 3963 amore

316 3991 565 4061 pontifex
593 3990 684 4046 ille
707 3990 1075 4060 undequaque
1100 3991 1370 4045 maximus
1403 4000 1732 4060 prosecutus
1761 3990 1906 4045 olim’

319 4080 508 4148 fuerit,
536 4089 594 4136 et
622 4096 787 4152 quam
817 4082 1113 4137 sublimem
1138 4081 1206 4136 de
1240 4082 1440 4137 eximia
1462 4083 1582 4153 ejus
1617 4097 1742 4138 cum
1793 4081 1896 4137 do-

321 4175 500 4230 ctrina
551 4183 669 4229 tum
707 4176 1000 4231 sanctitate
1050 4186 1377 4248 conceptam
1415 4178 1601 4233 animo
1664 4181 1898 4250 gesserit

321 4269 660 4339 opinionem.
700 4267 886 4324 Solam
912 4269 1004 4324 hic
1035 4284 1166 4341 ergo
1205 4270 1625 4342 chronol0giam
1662 4269 1789 4342 ejus
1813 4279 1898 4325 at-

322 4361 551 4432 tingam.
584 4361 894 4432 Ecclesiarn
915 4361 1103 4431 itaque
1129 4360 1566 4419 Antiochensem
1588 4363 1901 4438 gubernan-

322 4453 451 4509 dam
503 4455 773 4525 suscepit,
826 4470 974 4509 anno
1029 4455 1238 4511 Christi
1273 4455 1398 4519 559,
1434 4471 1625 4510 mense
1677 4455 1901 4512 circiter

2054 3268 2210 3323 fdem
2227 3276 2417 3323 narrat
2457 3266 2725 3336 Evagrius
2758 3265 2858 3318 lib.
2903 3280 2958 3324 v,
3001 3277 3122 3330 cap.
3149 3260 3221 3314 5:
3264 3266 3319 3312 et
3351 3256 3420 3310 ab
3459 3253 3564 3307 hac

1987 3360 2312 3430 depulsione
2336 3376 2511 3430 usque
2532 3361 2598 3414 ad
2631 3361 2753 3431 ejus
2779 3355 3187 3413 revocationem
3215 3358 3364 3405 recte
3391 3361 3565 3402 annos

1987 3455 2344 3509 numeratQS.
2369 3454 2676 3525 Entychius
2695 3463 2829 3507 tom.
2856 3451 2924 3515 Il,
2946 3466 3068 3520 pag.
3097 3446 3196 3501 185
3213 3446 3290 3498 ait
3314 3442 3560 3512 quidem,

1988 3561 2116 3600 eum
2165 3552 2293 3600 ante
2333 3546 2589 3599 exsilium
2635 3560 2728 3598 sex
2776 3551 2991 3623 tantum
3043 3540 3204 3593 annis
3241 3535 3563 3604 episcopum

1990 3638 2162 3693 fuisse
2187 3655 2199 3703 ;
2228 3638 2323 3693 sed
2357 3654 2605 3693 errorem
2636 3638 2787 3690 hunc
2824 3639 3082 3705 arguent,
3111 3645 3233 3700 quae
3263 3641 3417 3680 num.
3447 3638 3565 3692 seq.

1993 3729 2060 3784 de
2084 3729 2358 3784 Anastasii
2403 3729 2758 3783 restitutione
2788 3725 3025 3781 dicenda
3071 3730 3224 3782 sunt,
3261 3735 3328 3773 ex
3368 3716 3570 3787 quibus

1992 3821 2156 3874 etiam
2189 3821 2548 3875 chronotaxis
2571 3801 2883 3872 Baroniana
2915 3811 3329 3874 emendabitur,
3361 3821 3424 3861 ac
3453 3814 3566 3861 sta-

1994 3912 2223 3967 hilietur
2257 3919 2466 3966 nostra.
2491 3910 2772 3965 Credibile
2804 3922 2939 3962 vero
2979 3911 3227 3966 nonest,
3260 3898 3407 3971 quod
3449 3898 3570 3952 loco

1996 4005 2166 4060 citato
2189 4011 2380 4057 narrat
2398 4002 2720 4074 Eutychins,
2748 4007 3171 4054 exauctoratum
3196 3989 3569 4048 Anastasium,

2005 4118 2020 4149 ι
2053 4095 2406 4150 dissimulato
2446 4093 2664 4157 habitu,
2695 4090 3072 4160 Hierosolyma
3094 4083 3402 4156 profectum
3426 4092 3568 4141 esse,

2001 4189 2095 4243 ubi
2131 4189 2187 4242 in
2248 4187 2454 4254 templo
2510 4183 2959 4240 Resurrectionis
3010 4177 3334 4245 cand‘elapta
3370 4172 3568 4232 factus,

2000 4281 2258 4334 lucernas
2286 4275 2624 4342 accenderit,
2654 4287 2832 4342 eoque
2860 4284 3089 4324 munere
3126 4267 3197 4322 24
3227 4263 3389 4319 annis
3446 4260 3572 4315 fun-

2001 4378 2124 4424 ctus
2148 4369 2289 4423 sit...
2316 4366 2535 4421 nemine
2567 4364 2787 4419 interim
2819 4361 2999 4431 ipsum
3043 4354 3416 4428 patriarchatu
3447 4350 3572 4404 fun-

2003 4469 2152 4513 ctum
2182 4474 2302 4513 esse
2327 4457 2687 4527 dignoscente
2720 4471 2734 4506 :
2770 4471 2788 4504 ι
2825 4453 2945 4506 haec
2965 4449 3112 4503 enim
3143 4458 3254 4500 non
3292 4443 3576 4498 cohaerent

323 4544 574 4616 Augusto
595 4555 689 4600 aut
707 4545 1019 4616 Septembri
1044 4545 1458 4616 ;obtinuitque,
1475 4547 1630 4617 juxta
1648 4556 1899 4600 sanctum
1935 4539 1977 4594 Ι)
2007 4564 2132 4605 cum
2161 4547 2414 4618 epistolis
2455 4545 2630 4599 sancti
2660 4540 2914 4613 Gregorii
2961 4536 3142 4609 Magni
3169 4545 3286 4590 tum
3321 4532 3391 4586 de
3431 4531 3573 4600 ipso.

323 4639 700 4710 Nicephorum
730 4655 793 4694 ac
819 4639 1240 4708 Theophanem,
1273 4653 1372 4708 per
1395 4655 1570 4694 annos
1601 4639 1860 4694 undecim
1885 4655 1901 4703 ;

325 4740 496 4802 atque
527 4731 668 4787 adeo
710 4746 886 4802 usque
921 4731 993 4786 ad
1028 4747 1232 4786 annum
1263 4731 1468 4786 Christi
1527 4731 1651 4796 570,
1683 4732 1904 4800 quando

335 4840 358 4874 ς
394 4837 628 4894 magnus
663 4823 758 4879 ille
785 4822 1112 4879 Anastasius
1140 4823 1451 4879 Antiochiae
1483 4823 1902 4893 episcopus.....

329 4913 533 4972 Justini
569 4915 829 4972 mandato
863 4916 994 4971 sede
1028 4916 1297 4987 depulsus
1320 4925 1426 4982 est,
1447 4936 1465 4967 ι
1505 4915 1691 4986 inquit
1722 4915 1905 4970 Theo-

2005 4651 2120 4698 tum
2149 4639 2216 4694 ad
2275 4639 2453 4707 ipsum
2503 4635 2752 4691 nondum
2787 4639 3108 4688 revocatum
3165 4625 3406 4696 scriptis,
3457 4637 3578 4693 qua:

2002 4745 2133 4787 sane
2169 4737 2277 4782 tam
2306 4727 2555 4798 ignotum
2587 4723 2716 4795 ﬁngi
2750 4738 2849 4794 per
2896 4721 2949 4776 id
2986 4729 3204 4790 tempus
3228 4711 3579 4770 Anastasium

2003 4822 2331 4890 neutiquam
2358 4818 2671 4888 patiuntur.

1566 5048 1719 5104 (Acta
1759 5046 1855 5102 SS.
1890 5047 1992 5100 loc.
2024 5044 2116 5098 cit.
2149 5058 2204 5103 ι).
2237 5041 2356 5109 99.)

402 5199 709 5256 Reversum
734 5195 800 5251 ad
824 5195 1114 5266 pristinam
1139 5192 1464 5263 dignitatem
1488 5194 1741 5243 sanctum
1760 5186 1906 5239 Ana-

333 5292 566 5350 stasium
599 5305 722 5346 esse
752 5303 900 5343 anno
931 5285 1137 5342 Christi
1166 5283 1288 5344 595,
1329 5295 1521 5335 mense
1555 5278 1770 5342 Martio,
1796 5277 1910 5347 jam

334 5384 704 5441 ostendimus.
739 5381 946 5448 Quare,
978 5392 1104 5432 cum
1132 5375 1286 5429 illum
1309 5373 1510 5428 deinde
1531 5371 1914 5426 EcclesiaeAn-

337 5475 614 5532 tiochenae
655 5470 986 5544 praesedisse
1033 5483 1126 5523 sex
1171 5464 1331 5520 annis
1383 5472 1636 5519 asserant
1691 5469 1916 5516 sanctus

336 5565 687 5636 Nicephorus
719 5564 774 5618 in
806 5563 1002 5618 chron.
1032 5568 1088 5615 et
1137 5559 1192 5613 in
1239 5555 1474 5612 lamellis
1521 5554 1913 5624 Theophanes,

341 5658 410 5711 ad
455 5672 666 5710 annum
693 5654 898 5710 Christi
927 5653 1028 5708 599
1067 5649 1292 5707 circiter
1351 5646 1642 5718 pertigisse
1689 5659 1917 5699 necesse

345 5753 451 5799 est.
471 5743 709 5798 Vivebat
733 5752 883 5798 certe
905 5742 1106 5805 adhuc,
1130 5740 1262 5793 dum
1287 5753 1415 5793 eum
1445 5754 1545 5808 per
1565 5736 1859 5807 epistolam
1885 5735 1918 5786 5

350 5833 479 5886 libri
536 5847 644 5898 vn,
691 5840 937 5898 sanctus.
977 5829 1282 5902 Gregorius
1332 5829 1580 5900 pontifex
1644 5827 1918 5883 maximus

2011 5188 2249 5236 exeunte
2273 5193 2419 5232 anno
2455 5175 2660 5232 Christi
2687 5174 2788 5230 597
2832 5170 3151 5228 consolatus
3187 5176 3309 5224 est:
3343 5183 3448 5222 nec
3489 5168 3583 5221 diu

2014 5271 2312 5328 admodum
2344 5269 2552 5324 obiisse
2573 5275 2812 5338 poterat,
2843 5281 2968 5321 cum
2993 5263 3286 5345 Anastasio
3315 5264 3584 5321 secundo,

2015 5363 2110 5434 qui
2145 5361 2436 5416 Anastasio
2470 5360 2650 5430 primo
2676 5371 2871 5412 recens
2890 5360 3257 5416 successerat,
3287 5352 3587 5420 statimque

2018 5453 2420 5524 professionem
2454 5451 2580 5505 fidei
2605 5449 2709 5504 sub
2765 5449 3074 5518 ingressum
3128 5445 3490 5516 episcopatus
3521 5441 3585 5495 ad

2017 5555 2269 5602 sanctum
2318 5542 2645 5613 Gregorium
2702 5541 3098 5603 destinaverat,
3151 5552 3252 5607 per
3291 5535 3587 5605 epistolam

2019 5642 2107 5706 47,
2150 5640 2289 5694 alias
2344 5638 2562 5701 48,]ib.
2619 5653 2711 5701 vn,
2749 5632 3077 5705 respondit;
3129 5645 3296 5701 quam
3339 5624 3589 5694 Gregorii

2019 5731 2310 5802 epistolam
2341 5730 2540 5799 Pagius
2571 5729 2625 5783 in
2657 5727 2796 5783 Crit.
2839 5727 3040 5780 Baron.
3069 5723 3138 5779 ad
3161 5735 3367 5778 annum
3387 5715 3590 5774 Christi

2022 5823 2146 5890 599,
2183 5838 2338 5876 mnn.
2372 5821 2425 5886 2,
2455 5821 2636 5875 datam
2669 5818 2747 5874 ait
2786 5837 2802 5871 ι
2847 5815 3154 5873 lndictione
3186 5829 3245 5881 η,
3275 5824 3467 5868 mense
3507 5809 3594 5865 Ja-
