3988 6142
378 421 514 487 1305

373 533 610 600 nutu-io;
686 535 927 606 indeque
992 547 1188 596 contra
1251 537 1553 598 Barouium
1627 544 1912 600 concludit

1889 439 2091 502 VITA.

1935 586 1949 612 ’
1983 594 2023 650 A

3478 436 3617 500 1306

2051 547 2373 603 Ianuarium
2429 547 2721 619 redigitur,
2751 562 2919 617 quam
2973 545 3041 601 ad
3089 560 3335 602 mensem
3363 548 3647 605 Junium?’
3725 537 3728 540 ’

372 625 649 682 Anastasii
697 629 862 699 primi
915 631 1135 687 obitum
1165 634 1243 689 ad.
1271 649 1478 692 annum
1539 625 1950 707 praecedentem
1983 625 2023 650 ’³
2057 638 2327 708 Equidem
2358 639 2464 694 hoc
2488 656 2659 694 unum
2697 640 2943 694 arbitror
2987 638 3187 694 contlci
3221 655 3288 692 ex
3346 639 3451 694 hoc
3489 641 3630 703 loco,
3696 671 3699 673 -

373 719 673 788 pertinere.

439 807 611 863 Recte
654 808 711 863 id
762 811 1012 880 quidem,
1060 813 1108 868 si
1159 814 1400 886 epistola
1453 816 1548 871 illa
1606 817 1815 887 scripta
1877 819 1951 875 sit

372 912 563 956 mense
588 901 886 971 Januario;
953 921 1150 962 verum
1210 909 1358 964 unde
1391 909 1446 964 id
1503 912 1758 965 constat?
1807 911 1950 967 Sane

369 992 648 1050 editiones
697 1011 801 1066 ego
853 1013 1082 1067 operum
1132 1001 1312 1055 sancti
1377 1001 1634 1071 Gregorii
1689 1004 1946 1057 consului

369 1095 632 1154 quatuor,
668 1102 905 1156 quarum
936 1089 1059 1144 dua:
1087 1091 1352 1160 epistolas
1379 1107 1596 1158 omnes,
1649 1109 1770 1162 qua:
1800 1094 1947 1147 reci-

363 1167 561 1231 tantur
588 1193 620 1232 a
656 1193 846 1234 mense
864 1181 1130 1235 Januario
1163 1197 1340 1251 usque
1377 1182 1447 1236 ad
1482 1183 1650 1238 ﬁnem
1684 1183 1948 1239 indictio-

365 1269 456 1322 nis
482 1285 541 1334 ιι,
565 1270 720 1324 nullo
737 1271 976 1340 amplius
1002 1272 1537 1342 interposito-mense
1563 1273 1939 1343 distinguunt;

361 1360 488 1415 alia;
519 1359 666 1426 duas,
699 1377 898 1432 nempe
930 1363 1184 1418 Duacena
1216 1365 1350 1418 anni
1378 1365 1534 1429 1615,
1565 1377 1621 1421 et
1648 1366 1942 1422 Labbeana

363 1459 499 1505 tom.
537 1450 580 1505 V
605 1451 841 1518 Concil.,
873 1469 903 1508 a
928 1455 1192 1510 Januario
1223 1471 1398 1525 usque
1451 1457 1519 1510 ad
1569 1471 1816 1512 mensem
1839 1457 1940 1512 Ju-

358 1541 519 1607 lium,
550 1544 766 1599 nullum
807 1545 1058 1616 epistolis
1088 1562 1335 1602 mensem
1367 1548 1731 1619 interjiciunt.
1792 1550 1940 1603 Inter

354 1634 625 1702 epistolas
649 1651 784 1690 vero
816 1637 939 1691 illas
963 1638 1207 1692 medium
1236 1638 1355 1693 fere
1389 1639 1574 1694 locum
1603 1640 1819 1694 obtinet
1847 1655 1934 1703 ea,

352 1722 426 1780 de
453 1740 560 1796 qua
581 1725 746 1782 nobis
772 1726 864 1782 hic
881 1742 1063 1783 sermo
1091 1736 1196 1784 est.
1229 1728 1342 1785 Cur
1389 1729 1558 1799 igitur
1584 1731 1816 1799 propius
1865 1730 1935 1785 ad

2056 745 2242 799 posse,
2271 730 2558 800 epistolam
2582 731 2730 785 illam
2790 746 2971 800 neque
3015 739 3142 786 ante
3185 731 3510 786 Januarium
3541 734 3636 786 in-v

2053 820 2314 878 dictionis
2369 839 2404 877 ιι
2437 824 2660 877 missam
2691 839 2834 888 esse,
2881 838 3060 892 neque
3097 833 3239 892 ,post
3269 823 3516 878 Junium.
3557 824 3641 880 At.

2053 913 2181 967 inde
2211 929 2554 983 consequens
2579 914 2734 967 nullo
2760 914 2924 968 modo
2951 923 3036 968 est
3090 923 3154 967 ut
3200 930 3312 968 non
3353 917 3482 969 totis
3508 916 3626 970 fere

2057 1019 2149 1058 sex
2183 1005 2340 1058 annis
2368 1005 2692 1058 Anastasius
2727 1005 2967 1073 primum
2993 1005 3267 1066 redditam
3300 1005 3489 1060 sedem
3527 1021 3624 1060 oc-

2049 1095 2295 1165 cuparit;
2331 1096 2642 1164 vixeritque
2677 1095 2933 1164 proinde,
2988 1105 3048 1150 ut
3084 1095 3301 1165 putavit
3330 1098 3646 1160 Baronius,.

2048 1202 2222 1256 usque
2255 1187 2322 1242 ad
2350 1196 2558 1242 annum
2589 1187 2796 1243 Christi
2821 1187 2945 1251 5'99,
3008 1203 3368 1258 mensemque
3397 1190 3623 1245 circiter

2046 1279 2320 1334 Martium.
2357 1280 2534 1334 Porro
2558 1295 2624 1334 ex
2661 1279 2750 1332 his
2777 1278 2953 1347 liquet
3007 1277 3266 1350 Eutychii
3316 1281 3616 1350 prolapsio,

2043 1368 2136 1438 qui
2196 1376 2386 1423 sancto
2409 1368 2700 1424 Anastasio
2741 1370 2852 1439 jam
2880 1370 3135 1424 restituto
3186 1385 3363 1425 annos
3419 1385 3620 1428 novem

2042 1459 2282 1528 assignat
2323 1468 2459 1514 tom.
2486 1459 2551 1523 ll,
2591 1475 2714 1529 pag.
2744 1460 2879 1515 192.
2909 1460 3150 1529 Turpius
3178 1461 3400 1515 aberrat
3451 1460 3618 1514 Nice-

2041 1549 2254 1618 phorus
2276 1549 2559 1613 Callistus,
2596 1550 2716 1618 qui,
2749 1550 2936 1603 omnia
2960 1550 3327 1618 permiscens,
3381 1550 3616 1604 Anasta-

2040 1640 2185 1694 sium
2222 1641 2462 1709 primum
2503 1656 2676 1711 usque
2727 1641 2796 1696 ad
2826 1641 3022 1696 Phocae
3049 1650 3297 1711 tempora
3352 1635 3616 1711 relinquit

2041 1749 2094 1787 ιη
2129 1748 2290 1788 νιγιε.

1497 1867 1650 1940 (Acta
1684 1867 1780 1924 SS.
1816 1868 1992 1939 April.
2029 1879 2068 1924 t.
2105 1867 2171 1936 II,
2203 1887 2257 1941 p.
2296 1869 2444 1941 855.)

422 2008 548 2063 Non
604 2008 802 2063 minori
860 2010 1110 2065 doctrina
1135 2011 1208 2066 ob
1234 2011 1408 2066 libros
1443 2009 1680 2081 scriptos
1728 2013 1925 2068 claruit

2030 2012 2322 2082 prwposito
2363 2011 2527 2065 titulo
2557 2027 2570 2065 :
2595 2010 2701 2064 Τοῦ
2727 2012 2786 2064 ἐν
2816 2011 2990 2078 ἁγίοις
3019 2008 3232 2078 Harpe;
3257 2009 3414 2080 ἡμῶν
3456 2009 3610 2064 Ἀνα-

341 2109 578 2156 sanctus
599 2101 926 2158 Anastasius
972 2105 1288 2173 patriarcha
1328 2103 1732 2170 Antiochenus,
1769 2107 1931 2176 cujus

341 2195 568 2249 utinam
619 2194 884 2263 epistolas
911 2193 980 2248 ad
1024 2205 1276 2249 sanctum
1310 2195 1635 2265 Gregorium
1677 2196 1926 2265 Magnum

338 2291 400 2339 et
458 2284 598 2338 alios
651 2285 801 2339 viros
867 2285 1114 2338 illustres
1168 2285 1514 2354 conscriptas
1572 2285 1924 2340 haberemus.

336 2374 624 2430 Nonnulla
669 2391 739 2430 ex
768 2377 944 2431 sancti
977 2377 1230 2447 Gregorii
1268 2377 1549 2446 responsis
1574 2387 1630 2433 et
1677 2379 1928 2448 epistolis

336 2467 409 2521 ad
463 2465 624 2520 illum
679 2482 847 2537 supra
884 2467 1230 2538 collegimus.
1278 2468 1421 2533 Quin
1473 2469 1527 2522 in
1571 2469 1802 2538 epistola
1833 2470 1925 2532 2‘2,

338 2558 481 2613 libri
511 2574 546 2612 ι
566 2601 580 2626 ,
612 2558 681 2613 ad
707 2560 976 2615 Joannem
1003 2559 1406 2615 subdiaconum
1443 2561 1749 2615 Romanum
1772 2602 1786 2626 ,
1822 2563 1926 2616 ista

337 2649 520 2706 habet
565 2649 868 2722 Gregorius
907 2671 920 2705 :
975 2652 1402 2707 «Dilectissimae
1451 2653 1732 2708 memoriae
1783 2654 1927 2707 Ana-

337 2745 521 2800 tolius
583 2745 894 2810 diaconus,
943 2748 1213 2816 quaerenti
1285 2763 1350 2801 ac
1394 2747 1613 2818 jubenti
1678 2749 1926 2804 Romano

334 2834 672 2906 imperatori
703 2836 906 2891 librum
937 2837 1159 2908 Regula:
1188 2838 1500 2907 pastoralis,
1540 2837 1725 2904 dedit;
1761 2855 1924 2908 quem

333 2927 737 2983 sanctissimus
779 2927 950 2984 frater
1002 2939 1058 2984 et
1106 2931 1473 2999 coepiscopus
1501 2945 1659 2986 meus
1688 2930 1922 2985 Anasta-

332 3021 466 3075 sius
503 3020 883 3078 Antiochenus
915 3024 969 3078 in
1022 3023 1270 3078 Graecum
1321 3023 1622 3088 transtulit,
1652 3042 1670 3074 ι
1712 3023 1925 3083 scilicet

333 3111 552 3184 lingua:
595 3114 762 3169 etiam
805 3115 1016 3170 Latina:
1064 3131 1288 3184 gnarus.
1342 3114 1714 3170 Meminerunt
1759 3115 1924 3185 hujus

337 3203 736 3258 translationis
772 3204 1013 3259 Joannes
1043 3206 1324 3260 Diaconus
1353 3205 1451 3260 lib.
1507 3222 1559 3258 IV
1605 3204 1732 3259 Vitae
1751 3207 1923 3259 sancti

333 3295 606 3364 Gregorii,
651 3295 972 3365 Sigebertus
994 3305 1050 3350 et
1090 3299 1292 3366 passim
1330 3298 1686 3379 recentiores.
1742 3299 1798 3351 ln
1824 3299 1919 3352 Ni-

331 3402 498 3442 caena
524 3403 556 3441 ιι
582 3389 794 3459 synodo
821 3391 1186 3452 (ncumcnica,
1214 3405 1359 3444 anno
1386 3390 1491 3444 787
1537 3391 1742 3453 habita,
1777 3394 1920 3443 inter

329 3479 488 3532 alios
522 3487 741 3534 sanctos
789 3481 978 3535 Patres
1014 3497 1114 3549 pro
1151 3483 1306 3536 cultu
1349 3490 1405 3535 et
1448 3482 1801 3536 veneratione
1835 3497 1922 3536 sa-

330 3581 569 3620 crarum
619 3567 919 3635 imaginum
966 3570 1233 3638 prolatos,
1288 3571 1527 3625 Joannes
1556 3572 1840 3641 presbyter
1866 3580 1921 3624 et

331 3655 592 3709 vicarius
634 3653 922 3724 apostolici
975 3659 1156 3712 throni
1180 3659 1423 3714 Orientis
1452 3661 1654 3714 obtulit
1696 3661 1917 3725 librum,

329 3746 396 3802 in
441 3761 554 3816 quo
589 3746 786 3803 beatus
827 3751 1150 3804 Anastasius
1190 3750 1352 3805 docet
1384 3751 1451 3825 de
1479 3752 1693 3806 diversa
1724 3751 1920 3805 adora-

331 3837 520 3900 tionc,
550 3852 617 3891 ex
647 3852 758 3906 quo
774 3837 930 3906 jussu
962 3848 1164 3894 sanctae
1181 3840 1372 3911 synodi
1393 3840 1705 3909 Stephanus
1735 3857 1921 3895 mona-

328 3927 484 3982 chus
499 3927 600 3981 ista
625 3927 822 3999 legisse
841 3928 1046 3984 ibidem
1068 3929 1302 3983 traditur
1322 3930 1461 3982 :-Toﬁ
1477 3930 1632 3997 ἁγίου
1663 3931 1919 3982 Ἀναστα-

326 4017 460 4071 σίου
510 4019 809 4072 ἐπισκόπου
843 4019 1192 4083 Θεουπόλεως
1265 4020 1546 4090 ἐπιστολή,
1576 4029 1684 4074 etc.
1738 4019 1918 4074 Sancti

326 4113 618 4170 Anastasii
645 4115 872 4183 episcopi
925 4111 1241 4182 Theopoleos
1276 4112 1499 4182 epistola
1529 4112 1598 4164 ad
1637 4113 1918 4182 quemdam

321 4205 735 4286 scholasticam.
789 4205 1190 4261 Constantinus
1239 4204 1430 4270 etiam,
1459 4203 1755 4273 episc0pus
1777 4204 1918 4258 Con-

323 4297 564 4355 stantia:
608 4296 796 4368 Cypri,
864 4295 1066 4350 librum
1131 4293 1361 4348 tradidit
1410 4293 1588 4348 sancti
1641 4294 1915 4348 Anastasii

320 4387 589 4461 episcopi
642 4387 1008 4456 Theopoleos,
1064 4401 1130 4440 ex
1161 4399 1270 4454 quo
1314 4383 1626 4452 Stephanus
1653 4383 1918 4438 diaconus

321 4490 388 4538 et
425 4479 688 4534 notarius
730 4478 833 4532 ista
855 4477 990 4548 legit
1024 4495 1036 4530 :
1080 4495 1096 4528 ι
1129 4476 1314 4530 Sancti
1350 4475 1527 4528 Patris
1561 4473 1734 4528 nostri
1770 4475 1915 4528 Ana-

319 4570 496 4629 stasii
549 4568 617 4624 ad
671 4569 992 4624 Simeonem
1018 4567 1342 4637 episcopum
1373 4565 1580 4618 Bostraa
1630 4579 1813 4618 sermo
1848 4564 1916 4618 de

2031 2104 2252 2156 στασῐου
2295 2104 2725 2172 ἀρχιεπισκόπου
2779 2103 3107 2172 Ἀντιοχείας
3151 2105 3232 2164 εἰς
3262 2102 3352 2154 τὸν
3380 2102 3610 2169 εὐαγγε-

2029 2192 2220 2262 λισμὸν
2239 2192 2339 2262 τῆς
2356 2192 2732 2263 παναχρὰντου
2751 2193 2843 2244 καὶ
2854 2192 3118 2245 Θεοτόκου
3136 2191 3353 2258 Μαρίας
3371 2191 3520 2258 λόγοι
3539 2191 3605 2259 β’.

2028 2285 2328 2352 Utramque
2357 2300 2387 2338 a
2421 2283 2570 2337 dicto
2592 2283 2835 2337 Meursio
2867 2283 3095 2348 editam,
3139 2282 3335 2337 Latine
3368 2281 3609 2336 reddidit

2029 2375 2360 2430 Franciscus
2395 2375 2700 2438 Combelis,
2735 2374 3080 2442 inseruitque
3110 2373 3364 2427 Auctario
3395 2370 3605 2426 Gracc-

2029 2469 2222 2523 Latiuo
2259 2469 2578 2523 bibliothecae
2607 2467 2829 2520 Patrum
2853 2474 2908 2520 et
2956 2474 3104 2519 tomo
3144 2463 3210 2518 Vl
3268 2462 3605 2515 Bibliotheca

2026 2561 2253 2616 Patrum
2281 2560 2689 2614 concionatorite
2736 2557 2804 2612 ad
2839 2557 2910 2612 25
2943 2556 3142 2620 Martii,
3175 2553 3503 2623 addiditque
3537 2568 3603 2605 ex

2026 2652 2219 2707 codice
2270 2651 2443 2721 Regio
2475 2649 2636 2704 aliam
2667 2649 2771 2703 sub
2801 2650 2906 2703 hoc
2949 2648 3110 2701 titulo
3149 2663 3166 2700 :
3202 2645 3387 2700 Sancti
3418 2645 3602 2701 Patris

2026 2745 2196 2799 nostri
2245 2742 2536 2802 Anastasii.
2573 2743 2949 2812 archiepiscopi
2980 2739 3310 2802 Antiocheni,
3345 2754 3516 2792 sermo
3548 2739 3600 2788 in

2028 2836 2573 2907 Transﬁgurationem
2599 2835 2807 2892 Domini
2828 2836 2996 2888 nostri
3020 2833 3143 2887 Jesu
3171 2831 3364 2886 Christi
3395 2848 3408 2882 :
3437 2845 3600 2898 quam

2024 2929 2189 2982 etiam
2220 2927 2472 2983 eamdem
2505 2926 2680 2981 edidit
2715 2926 2908 2980 Latine
2942 2935 3091 2980 tomo
3139 2924 3225 2978 Vll
3265 2921 3602 2975 Bibliotheca:

2024 3021 2250 3076 Patrum
2281 3021 2688 3074 concionatoriaz
2739 3019 2804 3072 ad
2850 3018 2997 3072 diem
3043 3017 3076 3071 6
3111 3014 3362 3084 Augusti.
3395 3013 3602 3081 Estque

2022 3128 2086 3166 ea
2126 3113 2287 3182 plane
2318 3111 2536 3165 diversa
2591 3111 2659 3164 ab
2699 3126 2761 3164 ea
2805 3125 2967 3179 quam
3001 3125 3030 3162 a
3076 3114 3267 3161 sancto
3313 3106 3602 3157 Anastasio

2025 3205 2260 3260 Sinaitax
2295 3203 2668 3272 conscriptam
2715 3201 2887 3255 fuisse
2943 3214 3113 3268 supra
3165 3197 3424 3250 diximus.
3468 3193 3602 3248 Alite

2027 3305 2137 3351 tres
2168 3296 2450 3350 orationes
2478 3295 2596 3363 o-jus
2625 3301 2842 3347 exstant
2875 3309 2902 3345 a
2941 3289 3235 3346 Francisco
3260 3287 3532 3341 Turriano
3570 3302 3602 3338 e

2023 3390 2212 3444 Grmco
2251 3387 2531 3440 translata:
2571 3383 2916 3453 lngolstadii,
2975 3391 3031 3435 ct
3064 3397 3091 3432 a
3136 3380 3299 3432 Petro
3327 3376 3623 3430 Stevartitr

2023 3489 2171 3534 tomo
2218 3476 2483 3546 singulari
2545 3475 2839 3542 insignium
2899 3483 3187 3524 auctorum
3244 3469 3480 3527 insertat,
3539 3481 3601 3518 ac

2021 3577 2210 3636 postea
2246 3581 2454 3620 recusze
2474 3564 2717 3618 Colonia:
2739 3571 2886 3616 tomo
2914 3561 2979 3615 Vl
3007 3559 3339 3612 Bibliothecte
3362 3565 3600 3609 veterum

2022 3657 2268 3719 Patrum,
2317 3671 2446 3725 quae
2496 3662 2624 3708 ante
2672 3669 2737 3706 ex
2795 3649 3258 3719 interpretatione
3313 3646 3631 3701 Codcl‘ridi-

2023 3744 2296 3798 Tilmanni
2349 3743 2640 3796 exstabant
2672 3742 2725 3794 in
2763 3739 3085 3793 Bibliotheca
3123 3737 3346 3790 Patrum
3371 3734 3599 3789 Parisiis

2020 3851 2220 3890 excusa
2243 3851 2260 3887 ε’
2277 3836 2521 3888 omnium
2549 3842 2733 3886 autem
2757 3831 2950 3884 titulus
2976 3827 3248 3899 generalis
3281 3833 3386 3890 est,
3416 3823 3598 3878 Sancti

2020 3927 2299 3982 Anastasii!
2336 3926 2653 3995 patriarcha:
2687 3921 3016 3984 Antiocheni,
3064 3921 3126 3974 de
3159 3917 3312 3970 rectis
3339 3914 3599 3985 dogmati-

2019 4019 2112 4072 bus
2146 4019 2428 4072 verissima:
2461 4015 2582 4083 ﬁdei
2618 4023 2854 4077 nostra;
2897 4023 2952 4067 et
2986 4012 3140 4072 dein,
3169 4008 3360 4063 Oratio
3399 4006 3626 4076 prima,

2018 4109 2098 4162 De
2137 4115 2325 4162 sancta
2371 4107 2670 4170 Trinitate;
2724 4104 2990 4165 secunda,
3026 4102 3102 4155 De
3143 4099 3616 4164 incircumscriptar

2023 4199 2114 4252 Dei
2150 4198 2408 4262 essentia;
2454 4197 2633 4261 tertia,
2691 4195 2765 4248 De
2819 4194 2997 4246 divina
3044 4192 3353 4252 oeconomia,
3400 4187 3455 4240 id
3490 4193 3631 4248 est,--.

2022 4290 2421 4345 incarnatione.
2467 4291 2606 4343 Ante
2644 4296 2984 4342 memoratus
3019 4285 3131 4339 Leo
3168 4281 3408 4337 Allatius
3433 4279 3626 4332 aliam--

2019 4384 2293 4437 Anastasii
2336 4380 2740 4450 archiepiscopi
2771 4377 3154 4447 Theopolitani
3183 4375 3487 4429 orationem
3516 4371 3628 4423 ἑτι-υ

2019 4475 2185 4538 dicat,
2225 4489 2348 4542 pag.
2388 4471 2507 4537 104,
2539 4471 2613 4525 De
2648 4471 2965 4541 Hypapante
2989 4467 3106 4522 sive
3129 4465 3358 4520 Occursu
3382 4462 3602 4535 ﬂamini

2020 4567 2126 4620 hoc
2173 4566 2438 4621 exordio:
2476 4563 2651 4616 Πάλαι
2682 4560 2908 4630 Συμεὼν
2935 4561 2991 4612 ὲν
3029 4557 3299 4626 ἀγκάλαις
3335 4553 3596 4624 βαστάζει

321 4662 609 4724 Sabbato,
644 4669 752 4715 etc.
785 4679 802 4711 ι
848 4659 979 4726 Quae
1009 4659 1222 4719 eadem,
1267 4657 1434 4710 citato
1476 4654 1764 4709 Anastasio
1799 4654 1918 4722 epi-
1951 4675 1993 4730 ι)
2018 4661 2108 4709 τὸν
2133 4656 2433 4726 Δεσπότην.
2465 4654 2815 4723 Nicephorus
2857 4651 3121 4706 Callistus
3157 4649 3327 4703 citato
3377 4662 3498 4713 cap.
3527 4645 3597 4698 Η

259 4792 262 4794 -
318 4765 513 4821 scopo
562 4749 870 4804 Antiochiae
895 4747 963 4802 ad
1008 4746 1324 4802 Simeonem
1361 4745 1681 4798 Bostrorum
1703 4743 1918 4812 episco-

319 4859 498 4916 pum,
515 4843 778 4919 leguntur
793 4840 937 4908 apud
962 4845 1215 4893 sanctum
1234 4837 1496 4892 Joannem
1520 4837 1917 4890 Damascenum

319 4939 385 4994 in
412 4934 671 4990 oratione
699 4933 856 4988 tertia
886 4931 960 4984 De
994 4922 1345 5000 imaginibus,
1380 4929 1681 4984 clarissime
1719 4927 1920 4982 distin-

316 5035 518 5101 guunt
563 5041 592 5079 a
641 5025 978 5079 Damasceno
1018 5021 1341 5077 Anastasios
1385 5021 1544 5075 duos.

399 5119 527 5174 Leo
566 5117 820 5177 Allatius,
885 5116 937 5169 in
995 5129 1162 5183 supra
1215 5120 1512 5166 memorata
1568 5111 1806 5166 Diatriba
1856 5111 1919 5164 de

315 5211 648 5267 Sim‘eonum
681 5205 910 5274 scriptis,
938 5203 1075 5257 duas
1096 5201 1388 5256 Orationes
1412 5201 1578 5254 habet
1604 5201 1660 5254 in
1687 5202 1918 5255 Annun-

316 5300 632 5360 tiationem
685 5297 932 5366 Deiparte
957 5294 1198 5365 Virginis
1236 5313 1247 5346 :
1284 5294 1486 5364 prioris
1524 5293 1744 5347 initium
1779 5294 1920 5348 indi-

315 5401 504 5451 catur
527 5403 649 5458 pag.
678 5387 800 5452 109,
825 5388 914 5442 his
934 5387 1118 5442 verbis
1142 5404 1155 5439 :
1182 5387 1431 5457 Σήμερον
1459 5386 1608 5455 ὑμῖν,
1635 5379 1680 5438 ὧ
1707 5386 1918 5454 ἄριστοι

314 5483 556 5547 παῖδες,
585 5480 745 5546 λόγον
792 5479 920 5549 ἐρῶ.
942 5478 1183 5545 Alterius
1203 5479 1309 5533 hoc
1357 5478 1616 5542 traditur,
1644 5493 1768 5549 pag.
1792 5478 1916 5542 Hi,

316 5570 634 5632 exordium
670 5588 684 5623 :
727 5569 790 5622 Τί
821 5570 983 5647 nam!
1011 5570 1104 5621 ἐπὶ
1140 5569 1290 5638 γῆςὸ
1328 5569 1502 5639 μέγας
1527 5568 1775 5638 βούλεται
1810 5570 1917 5622 Fat-

317 5663 509 5739 δριὴλ
533 5665 685 5732 ἡμῖν.
714 5662 1014 5732 Utramque
1050 5662 1354 5715 orationem
1385 5664 1528 5731 typis
1560 5661 1919 5716 Elzevirianis

315 5750 520 5813 edidit
541 5751 730 5807 Graece
751 5751 998 5820 Lugduni
1031 5751 1360 5805 Batavorum
1388 5752 1626 5805 Joannes
1648 5751 1920 5805 Meursius

318 5849 384 5907 in
425 5844 583 5902 libro
619 5843 895 5900 Variormn
946 5845 1263 5910 divinorum,
1315 5858 1438 5897 cum
1491 5843 1594 5897 hoc
1646 5860 1672 5897 a
1716 5842 1918 5897 Grmeis

2017 4749 2144 4803 libri
2194 4764 2345 4812 xvm,
2393 4745 2591 4801 asserit
2646 4765 2663 4795 ι
2705 4760 2762 4799 se
2791 4744 3099 4798 orationem
3130 4739 3421 4811 quamdam
3448 4738 3597 4792 Ana-

2019 4842 2172 4897 stasii
2206 4841 2405 4912 legisse
2443 4839 2510 4894 ad
2561 4838 2937 4893 Antiochenos
2974 4827 3031 4890 in
3067 4835 3299 4889 introitu
3328 4847 3430 4886 suo
3461 4831 3598 4885 seri-
3619 4860 3632 4864 υ

2017 4943 2188 5003 ptam,
2207 4941 2263 4987 et
2287 4931 2712 5002 paciﬁcatoriam
2747 4929 2933 5000 aljam.
2955 4946 3118 4994 quam
3139 4930 3405 4984 vicesimo
3431 4927 3634 4982 terti’ow

2019 5040 2163 5078 anno
2191 5023 2244 5077 in
2287 5023 2546 5077 thronum
2583 5035 2742 5076 suum
2775 5019 3115 5090 postliminio
3159 5035 3414 5075 reversus
3443 5033 3594 5071 conr-

2022 5114 2226 5184 posuit,
2269 5113 2525 5168 Mauritio
2570 5113 2868 5182 imperium
2893 5113 3202 5175 obtinente,
3236 5129 3398 5182 quem
3429 5112 3613 5164 etiam:

2026 5207 2080 5260 in
2105 5221 2171 5260 eu
2205 5206 2432 5275 scripto,
2459 5205 2609 5275 quod
2640 5205 2710 5258 ab
2734 5204 2928 5259 exsilio
2958 5211 3251 5258 revocatus
3294 5203 3385 5264 sit,
3417 5201 3596 5254 laudi-

2025 5299 2130 5352 bus
2144 5297 2324 5352 etl‘ert.
2346 5318 2362 5348 ι
2389 5297 2520 5364 Quae
2537 5296 2658 5350 sine
2675 5295 2865 5356 dubio,
2887 5293 2930 5347 si
2950 5293 3261 5347 exstiterint
3280 5289 3610 5358 aliquando,

2024 5388 2250 5443 fuerunt
2291 5389 2466 5443 sancti
2521 5385 2793 5441 Anastasii
2844 5383 3173 5437 Antiocheni
3212 5395 3423 5450 :quem
3473 5395 3638 5441 cum,

2026 5478 2236 5549 synodo
2289 5494 2324 5531 ιι
2383 5475 2727 5531 tecumenica
2779 5473 2999 5527 Nicaena
3061 5479 3118 5524 et
3175 5470 3298 5523 aliis
3355 5467 3610 5536 antiquis

2025 5569 2392 5639 scriptoribus
2413 5576 2657 5621 sanctum
2685 5565 3097 5633 compellamus.
3119 5562 3404 5631 ~Evagrius
3435 5575 3600 5628 supra

2025 5662 2212 5716 laudat
2231 5660 2538 5714 orationem
2570 5659 2690 5727 ejus
2717 5656 3001 5725 scriptam,
3026 5671 3149 5710 cum
3172 5653 3608 5708 subJUstiniantr

2025 5753 2358 5820 imperatore
2391 5759 2510 5804 erat
2546 5749 2596 5804 ei
2629 5747 2881 5803 exsilium
2925 5747 3338 5801 demandatum.

2093 5843 2239 5897 inter
2272 5842 2411 5895 alias
2447 5841 2611 5911 hujus
2653 5839 2922 5894 Anastasii
2970 5839 3392 5894 lucubrationes
3411 5845 3604 5892 censet
