3988 6142
443 456 589 526 13οἹ

1582 446 1644 506 S.
1685 439 2092 503 ANASTASH
2133 436 2607 499 ANTIOCHENI

3554 439 3669 506 1308

442 576 557 632 Leo
603 570 842 628 Allatius
867 607 883 636 ,
932 581 1059 638 pag.
1117 562 1216 629 85,
1264 557 1589 616 relationem
1639 554 1708 609 de
1759 551 1935 607 rebus
1970 548 2023 602 in
2054 548 2101 604 A
2130 547 2285 601 stasii
2318 557 2550 638 mortem
2592 565 2606 601 :
2653 545 2856 638 citetur
2884 547 3054 604 etiam
3101 532 3330 604 sanctus
3366 547 3674 619 Nicephorius

442 664 671 723 Perside
715 661 884 734 gestis
944 672 1072 714 cum
1122 656 1233 709 hoc
1292 649 1521 706 exordio
1566 664 1581 702 :
1634 643 2029 706 Βασιλεύοντος

444 755 755 829 Ἂρηνάτου
776 752 876 819 τῆς
905 746 1183 817 Περσικῆς
1211 742 1417 815 χώρας,
1470 740 1661 808 γέγονε
1699 734 2028 829 φιλονεικία.

443 828 659 908 AsSerit
706 846 1006 902 Gretserus
1067 839 1128 895 in
1180 833 1507 894 Praefatione
1554 831 1623 887 ad
1675 828 2032 885 Anastasium

444 937 718 994 Sinaitam
751 932 820 989 de
866 930 1161 993 Viceduce,
1192 943 1253 981 se
1291 941 1417 981 eam
1463 922 1567 978 sub
1595 920 1875 977 Anastasii
1911 916 2034 989 epi-

443 1029 602 1097 scopi
652 1021 1046 1095 Theopolitani
1112 1019 1342 1075 nomine
1397 1015 1672 1085 reperisse
1724 1013 1780 1066 in
1812 1012 2035 1068 “codice

448 1137 556 1176 ms.
592 1120 939 1190 Augustano,
995 1114 1052 1168 in
1108 1126 1285 1181 eaque
1327 1110 1412 1180 agi
1471 1107 1581 1162 «de
1630 1105 2036 1177 disceptatione

446 1212 897 1269 Christianorum
934 1205 1235 1278 prmsulum
1270 1218 1396 1258 cum
1426 1198 1697 1256 Ethnicis.
1746 1196 1958 1252 Graecis
1983 1204 2040 1250 et

448 1303 679 1367 Judmis,
724 1299 913 1371 judice
960 1294 1371 1366 Aphrodisiano
1427 1291 1571 1362 regis
1601 1291 1900 1346 Persarum
1949 1304 2040 1343 ar-

451 1390 781 1461 chimagiro,
803 1388 894 1443 cui
919 1387 1088 1441 etiam
1114 1400 1173 1440 se
1193 1380 1709 1442 Anastasiussnterl
1711 1379 1864 1435 uisse
1883 1378 2038 1441 dicit,

452 1493 515 1538 ct
542 1481 768 1552 quidem
797 1479 976 1534 solum
1004 1493 1072 1532 ex
1102 1474 1335 1530 Romani
1361 1472 1579 1543 imperii
1600 1471 1901 1541 episcopis.
1933 1469 2042 1525 Sed

453 1574 639 1628 oratio
662 1572 757 1625 illa
801 1571 907 1643 (uti
950 1566 1149 1639 addit),
1178 1567 1294 1622 olet
1318 1564 1508 1621 nescio
1538 1564 1671 1633 quid
1703 1562 2042 1627 fabularum,

456 1674 523 1720 ut
552 1650 776 1718 diﬂicile
831 1660 1050 1717 creditu
1104 1659 1177 1714 sit
1228 1673 1298 1713 ex
1327 1655 1603 1712 Anastasii
1651 1654 1870 1709 oﬂicina
1910 1668 2045 1724 pro-

455 1755 654 1810 diisse.
689 1773 708 1806 ι
742 1752 1001 1823 Cmperat
1052 1750 1168 1820 ipse
1216 1764 1339 1804 eam
1388 1747 1444 1801 in
1499 1746 1752 1816 linguam
1795 1745 2044 1800 Latinam

457 1850 685 1898 vertere
728 1857 742 1895 :
794 1840 891 1895 sed
946 1858 965 1891 ‹
996 1832 1354 1893 multitudine
1387 1836 1719 1891 mendorum
1749 1845 1805 1891 et
1835 1835 2046 1890 fabula-

465 1948 589 1986 rum
619 1932 818 2002 pedem
865 1930 1138 1985 retraxit:
1172 1944 1352 1998 neque
1396 1927 1494 1982 ulli
1560 1938 1727 1996 putat
1770 1930 1914 1983 hanc
1964 1927 2044 1980 δι-

463 2025 668 2093 ήγησιν
693 2021 812 2076 fore
831 2020 1100 2091 perviam,
1122 2019 1231 2073 nisi
1260 2017 1703 2073 emendatiorem
1733 2026 1829 2073 aut
1859 2018 2047 2088 plures

459 2111 880 2180 manuscriptos
916 2109 1138 2166 codices
1168 2107 1435 2178 acquirat.
1470 2127 1488 2158 ι
1515 2106 1689 2174 Quale
1713 2117 1908 2163 nactus
1929 2108 2049 2162 fue-

469 2202 545 2256 rit
581 2200 961 2271 apographum
1010 2198 1252 2253 Allatius
1296 2197 1599 2253 nescimus.
1648 2196 1850 2253 Saltem
1918 2198 2048 2253 vivo

456 2292 760 2348 .Anastasio
801 2290 1154 2346 Antiocheno
1201 2290 1390 2344 nullus
1440 2288 1548 2344 fuit
1600 2306 1698 2345 rex
1757 2291 2046 2345 Persarum

455 2396 640 2451 rsupra
693 2380 973 2436 indicatus
1026 2379 1320 2444 Arenatus,
1353 2379 1453 2434 sed
1493 2382 1654 2436 annis
1704 2397 1863 2435 vam
1905 2380 2048 2435 Cho-

468 2486 647 2536 sroes,
676 2478 735 2527 et
769 2471 901 2526 dein
930 2470 1253 2526 Hormisdas
1283 2470 1447 2527 annis
1473 2487 1563 2537 xv,
1589 2472 1670 2526 uti
1696 2486 1796 2528 eos
1823 2472 2051 2529 exhibet

458 2559 863 2631 Theophanes.

541 2652 734 2708 Exstat
767 2652 1053 2723 Responsio
1081 2654 1354 2709 Anastasii
1384 2656 1609 2725 episcopi
1644 2654 1712 2708 ad
1741 2655 2054 2710 orthodoxa-

473 2758 594 2797 rum
651 2744 957 2815 aliquorum
1013 2743 1445 2800 Christianorum
1503 2747 1942 2818 interrogationes
1990 2748 2054 2802 de

472 2835 692 2889 diversis
761 2836 1018 2906 capitibus
1066 2837 1467 2902 ecclesiasticis;
1533 2854 1697 2907 quam
1751 2837 2055 2894 Gentianus

478 2923 751 2979 llervetus
776 2925 1022 2979 Latinam
1039 2926 1191 2991 fecit,
1217 2927 1523 2995 tribuitque
1548 2928 1767 2982 cuidam
1794 2928 2054 2997 episcopo

478 3014 699 3069 Nicaeno
730 3014 1020 3071 Anastasio
1056 3016 1224 3082 dicto,
1270 3016 1327 3070 in
1360 3016 1679 3071 Bibliotheca
1714 3017 1940 3072 Patrum
1966 3032 2055 3073 se-

478 3103 663 3158 cundo
696 3104 958 3160 editionis
1007 3107 1340 3162 Parisiensis
1375 3115 1523 3162 tomo
1566 3108 1746 3177 primo
1773 3124 2052 3164 excusant.

479 3196 685 3251 Contra
713 3197 866 3251 hunc
900 3207 1218 3261 tractatum,
1264 3200 1498 3269 ejusque
1539 3207 1744 3253 textum
1790 3199 2056 3268 plurimas

480 3286 771 3342 cautiones
800 3288 1139 3358 praescripsit
1184 3289 1424 3345 Joannes
1453 3290 1620 3344 Maria
1654 3291 2057 3346 Brasichellen—

483 3379 581 3443 sis,
619 3378 760 3434 sacri
798 3379 988 3448 palatii
1039 3380 1329 3450 apostolici
1380 3381 1643 3451 magister
1699 3390 1847 3435 tomo
1879 3381 2058 3451 primo

485 3469 685 3525 Indicis
735 3470 1005 3526 librorum
1065 3472 1502 3541 prohibitorum;
1532 3472 1744 3542 aliquas
1768 3474 1934 3528 etiam
1966 3474 2062 3529 ad-

481 3560 616 3627 jecit
655 3560 915 3616 Nicolaus
945 3563 1305 3629 Alamannus,
1333 3564 1469 3618 olim
1503 3564 1857 3619 bibliotheca:
1908 3563 2060 3618 Vati-

487 3666 638 3705 cana:
679 3652 1007 3721 praefectus:
1039 3670 1178 3724 quas
1208 3670 1403 3711 omnes
1428 3656 1591 3711 simul
1618 3655 1793 3711 edidit
1825 3656 2063 3711 Jacobus

488 3742 831 3799 Cretserus:
869 3746 964 3815 qui
1007 3746 1185 3802 dictas
1234 3746 1559 3811 Quaestiones
1603 3757 1652 3802 et
1683 3746 2064 3819 Responsiones

490 3833 663 3887 multo
702 3835 984 3891 auctiores
1012 3837 1189 3891 edidit
1243 3836 1718 3904 Greco-Latinas;
1758 3837 1855 3893 sed
1887 3837 2066 3894 fallaci

493 3922 655 3977 titulo
702 3923 978 3990 suﬂ‘ultas,
1027 3925 1115 3981 his
1168 3926 1398 3980 verbis:
1435 3946 1453 3977 ‹
1491 3925 1660 3980 Liber
1703 3925 1801 3995 qui
1839 3934 2068 3980 vocatur

507 4013 769 4082 Ὀδηγὸς,
812 4015 918 4070 hoc
958 4024 1075 4083 est,
1118 4016 1240 4070 Dus:
1268 4018 1386 4070 vite.
1439 4016 1623 4071 Sancti
1664 4017 1843 4071 Patris
1892 4017 2069 4071 nostri

492 4105 766 4160 Anastasii
814 4105 1059 4172 Sinaitae,
1101 4107 1344 4177 episc0pi
1380 4107 1733 4173 Antiocheni,
1758 4108 2069 4179 Interroga-

493 4198 660 4252 tiones
692 4207 741 4252 et
778 4198 1157 4269 Responsiones
1217 4199 1286 4254 de
1329 4199 1567 4255 diversis
1597 4200 1875 4269 capitibus
1910 4217 1942 4254 a
1982 4200 2071 4255 di-

491 4290 672 4345 versis
708 4290 1025 4360 propositae.
1072 4290 1390 4346 Solutiones
1440 4307 1552 4346 non
1604 4307 1672 4346 ex
1722 4292 1927 4361 seipso,
1975 4291 2072 4355 sed

488 4380 562 4434 ab
593 4383 936 4451 experientia
981 4390 1039 4438 et
1075 4399 1143 4438 ex
1181 4385 1355 4438 sacris
1412 4383 1640 4438 Litteris
1683 4383 2013 4453 desumpsit.
2047 4403 2065 4435 ι

493 4472 573 4526 Ita
601 4473 800 4543 aliquis
822 4473 1067 4539 Graecus,
1094 4474 1281 4529 forsan
1306 4475 1654 4545 Nicephorus
1673 4475 1953 4539 Callistus,
1979 4484 2075 4531 aut

2132 637 2450 708 patriarcha
2507 636 3178 707 Constantinopolitanae,
3217 653 3382 708 quem
3421 652 3670 698 mortuum

2133 746 2255 786 esse
2277 746 2426 785 anno
2449 729 2551 785 828
2574 729 2920 786 ostendimus
2946 730 3015 785 ad
3037 731 3159 802 ejus
3185 730 3364 787 Vitam
3394 731 3458 787 15
3485 733 3672 789 Martii:

2134 821 2379 877 citantur
2406 821 2649 892 denique
2699 820 3156 893 Olympiodorus,
3189 822 3285 893 qui
3333 823 3399 877 ad
3432 824 3674 881 decimum

2137 916 2401 973 saeculum
2437 923 2685 984 spectat;
2731 900 2955 970 stinctus
2994 914 3264 969 Maximus
3319 917 3602 975 monachus
3631 926 3679 975 et

2137 1016 2369 1078 martyr,
2400 1005 2657 1061 Moschus
2688 1015 2745 1060 et
2786 1004 2904 1070 alii,
2945 1005 3195 1076 iuniores
3224 1020 3434 1060 omnes.
3477 1008 3677 1065 Damam

2137 1100 2203 1154 ad
2238 1099 2600 1168 quaestionem
2635 1098 2735 1152 H7
2782 1096 3152 1166 respondetur
3197 1097 3301 1151 sub
3347 1097 3526 1164 linem,
3567 1110 3680 1156 tunc

2140 1190 2692 1259 septingentesimum
2764 1204 2970 1243 annum
3018 1187 3129 1259 agi,
3176 1186 3325 1258 quod
3375 1189 3555 1244 Ariani
3588 1193 3681 1246 sint

2139 1281 2353 1350 expulsi
2402 1295 2469 1335 ex
2517 1280 2654 1335 locis
2706 1279 2935 1345 sanctis,
2988 1293 3164 1348 eaque
3211 1296 3241 1334 a
3290 1280 3536 1336 Barbaris
3579 1298 3682 1338 esse

2141 1382 2429 1442 occupata,
2458 1383 2521 1427 ut
2557 1374 2760 1428 mirum
2801 1389 2915 1427 non
2944 1371 3018 1427 sit
3058 1372 3105 1428 si
3151 1380 3231 1428 tot
3270 1388 3487 1429 errores
3520 1382 3686 1444 poste-

2140 1480 2332 1519 rorum
2365 1463 2678 1520 Graecorum
2714 1463 2829 1519 sint
2857 1463 3049 1519 infarsi
3095 1463 3184 1519 his
3229 1463 3597 1529 (limatioriibus
3643 1475 3685 1520 et

2141 1554 2605 1624 Responsionib'ts,
2645 1570 2784 1624 quas
2822 1553 3191 1609 eliminandas
3226 1555 3453 1610 omnino
3504 1555 3690 1624 judica-

2143 1660 2269 1700 mus
2300 1660 2333 1699 e
2361 1646 2608 1715 catalogo
2651 1645 3032 1709 Tractatuum,
3060 1653 3169 1701 tam
3194 1660 3389 1700 eorum
3420 1660 3554 1714 quos
3582 1661 3692 1700 san-

2145 1747 2270 1792 ctus
2305 1737 2628 1792 Anastasius
2687 1736 2920 1803 Sinaita,
2976 1753 3144 1807 quam
3199 1753 3345 1807 quos
3403 1737 3695 1792 Anastasius

2148 1829 2529 1884 Antiochenus
2573 1829 2904 1897 composuit.

2222 1920 2496 1976 Anastasii
2524 1920 2850 1990 patriarchae
2882 1920 3271 1991 Theopolitani
3303 1930 3363 1977 et
3388 1921 3568 1991 Cyrilli
3593 1919 3700 1974 Ale-

2151 2014 2409 2070 xandrini
2452 2015 2864 2084 compendiaria
2898 2014 3026 2070 ﬁdei
3056 2016 3383 2071 orthodoxa:
3424 2012 3701 2083 Explicatio

2153 2114 2333 2162 exstat
2389 2115 2537 2160 tomo
2580 2106 2648 2161 IV
2695 2105 3029 2161 Bibliotheca
3060 2106 3289 2160 Patrum
3328 2107 3383 2161 in
3432 2104 3704 2160 editiones

2153 2197 2476 2260 Parisiensi,
2524 2212 2646 2266 qua:
2691 2197 2749 2251 in
2796 2197 3042 2253 editione
3089 2195 3413 2252 Coloniensi
3464 2204 3609 2265 parte
3651 2209 3701 2254 ll,

2155 2290 2290 2346 tomi
2336 2288 2403 2344 Vl
2450 2288 2716 2343 tribuitur
2758 2288 2969 2358 juniori
3045 2287 3353 2343 Anastasio
3412 2285 3707 2357 patriarcha

2156 2380 2528 2443 Antiocbcno,
2581 2394 2611 2433 a
2635 2377 2839 2434 Iudaeis
2865 2377 3161 2433 interfecto
3196 2395 3210 2432 :
3246 2377 3401 2449 quod
3436 2378 3574 2433 idem
3597 2373 3710 2429 fecit

2155 2473 2460 2529 Autbertus
2502 2471 2721 2529 Miraeus
2788 2470 2869 2524 De
2920 2472 3261 2542 scriptoribus
3337 2469 3707 2527 ecclesiasticis.

2157 2581 2282 2637 pag.
2326 2565 2451 2620 2|3.
2485 2563 2591 2619 Sed
2625 2579 2734 2633 qua
2776 2563 2846 2619 de
2873 2579 3043 2620 causa
3085 2564 3162 2618 ita
3203 2562 3543 2625 censuerint,
3576 2574 3712 2631 pror-
3801 2608 3807 2615 .

2157 2677 2255 2718 sus
2307 2669 2510 2716 tacent.
2563 2659 2799 2713 Videtur
2840 2657 2932 2713 illa
2964 2657 3378 2727 compendiaria
3407 2655 3527 2710 fidei
3556 2651 3713 2721 expli-

2159 2752 2307 2809 catio
2345 2752 2532 2822 potius
2570 2766 2638 2805 ex
2688 2749 2848 2805 libris
2894 2748 2992 2804 SS.
3042 2747 3235 2820 Cyrilli
3268 2755 3334 2802 et
3364 2743 3623 2803 Anastasii
3656 2740 3715 2796 ab
3760 2790 3768 2801 .

2158 2841 2349 2912 aliquo
2383 2839 2548 2895 tertio
2573 2844 2841 2894 extracta.
2869 2836 3208 2907 Margarinus
3254 2836 3333 2892 de
3363 2836 3415 2890 la
3444 2834 3604 2904 Bigue
3629 2830 3715 2886 ali-

2161 2949 2269 3003 qua
2299 2930 2662 2987 Anastasiana
2697 2945 2869 3000 opera
2893 2928 3103 2983 inedita
3136 2934 3561 2990 commemorat,
3586 2922 3720 2976 ride-

2160 3028 2292 3083 licet
2310 3044 2322 3079 :
2338 3025 2419 3080 Ad
2433 3026 2759 3092 interrogata
2777 3021 3216 3076 monasteriorum
3233 3022 3427 3090 prima
3443 3025 3492 3072 et
3506 3014 3721 3072 secunda

2163 3118 2332 3189 Syria:
2370 3113 2783 3183 Responsiones;
2811 3111 2908 3165 sed
2943 3110 3027 3164 hac
3054 3110 3239 3164 forsan
3266 3118 3407 3165 sunt
3434 3108 3502 3164 de
3543 3104 3723 3176 quibus

2084 3230 2127 3287 ρ
2158 3212 2272 3281 jam
2297 3215 2424 3261 ante
2440 3206 2672 3276 egimus.
2699 3202 2781 3258 Ad
2803 3203 3151 3257 Antiochenos
3194 3202 3589 3272 συντακτήριον
3622 3196 3723 3253 sive

2159 3302 2235 3357 De
2269 3288 2662 3354 coordinatione
2702 3304 2795 3350 aut
2849 3294 3239 3365 disciplina.--
3253 3294 3339 3350 De
3372 3290 3725 3349 constructione

2159 3393 2383 3447 hominis
2399 3390 2528 3445 libri
2546 3389 2678 3444 duo.
2696 3419 2767 3428 ——
2783 3386 3175 3458 Contemplatio
3197 3388 3423 3458 mystica
3448 3384 3726 3457 passionum

2161 3482 2785 3540 Christi.—Encomium
2852 3479 3090 3550 zEgypti.
3121 3466 3442 3545 —Qmestio
3500 3476 3726 3530 adversus

2161 3590 2268 3640 eos,
2317 3574 2406 3644 qui
2440 3573 2620 3626 dicunt
2661 3578 2767 3624 tres
2806 3570 3056 3623 cssentias
3092 3570 3147 3623 in
3182 3569 3398 3630 divinis,
3431 3573 3615 3624 contra
3647 3561 3728 3617 Ju-

2165 3665 2331 3727 daeos,
2382 3663 2508 3717 libri
2561 3662 2694 3717 duo.
2730 3661 2797 3716 lli
2827 3660 3009 3715 ultimi
3058 3659 3255 3714 Latine
3288 3658 3496 3714 redditi
3526 3674 3556 3710 a
3580 3652 3729 3709 Fran-

2166 3756 2315 3811 cisco
2340 3753 2634 3813 Turriano.
2656 3750 2793 3807 editi
2817 3757 2949 3805 sunt
2975 3759 3123 3804 tomo
3149 3748 3219 3804 lll
3248 3749 3500 3819 Antiqua
3520 3741 3729 3800 lectionis

2165 3845 2391 3901 Henrici
2438 3843 2668 3907 Canisii,
2740 3841 2836 3897 sed
2888 3850 3083 3896 auctor
3142 3840 3375 3907 citatur,
3427 3833 3732 3895 Anastasius

2167 3937 2339 3992 abbas
2379 3943 2571 3990 contra
2617 3933 2857 3997 Judaeos,
2886 3932 2981 4002 qui
3010 3939 3230 3987 aetatem
3277 3946 3437 3986 suam
3472 3924 3730 3997 exprimit.

2170 4028 2301 4081 dum
2331 4025 2430 4090 ait,
2477 4044 2494 4076 ι
2515 4026 2625 4095 jam
2650 4023 3170 4089 octingentesimum
3198 4037 3415 4077 annum
3444 4031 3502 4075 et
3524 4016 3736 4086 amplius

2170 4117 2277 4185 agi,
2303 4131 2371 4170 ex
2398 4130 2509 4184 quo
2529 4114 2749 4170 Iudaeos
2772 4115 2917 4170 Deus
2959 4113 3247 4182 dispersit,
3277 4120 3339 4168 et
3380 4111 3562 4166 Titum
3590 4116 3734 4175 atque

2176 4203 2569 4273 Vespasianum
2611 4202 2677 4256 ad
2703 4202 3026 4257 vastandam
3057 4202 3256 4257 urbem
3296 4200 3542 4256 vocavit.
3574 4218 3592 4251 ι
3625 4196 3736 4251 Flo-
3778 4212 3781 4219 τ

2173 4297 2286 4350 ruit
2324 4312 2456 4366 ergo
2492 4296 2586 4351 hic
2636 4296 2810 4350 abbas
2851 4295 3179 4350 Anastasius
3207 4294 3316 4349 sub
3363 4294 3528 4348 finem
3568 4284 3734 4344 saeculi

2173 4404 2247 4442 rx.
2282 4386 2414 4453 Quae
2443 4387 2609 4442 citata
2646 4396 2733 4442 est
2759 4385 3149 4456 Contemplatio
3185 4388 3416 4457 mystica
3455 4384 3736 4454 passionum

2174 4474 2369 4530 Christi
2397 4474 2622 4528 videtur
2664 4489 2788 4528 esse
2837 4473 3112 4528 Anastasii
3151 4473 3382 4527 Sinaita:
3419 4472 3495 4525 De
3520 4469 3735 4541 passione

492 4560 636 4615 alius
668 4578 797 4622 eum
821 4572 1069 4626 secutus,
1094 4563 1201 4618 nisi
1230 4564 1523 4619 aberrandi
1557 4566 1904 4620 occasionem
1931 4581 2070 4635 prm-
2098 4566 2142 4621 D
2176 4575 2224 4621 et
2255 4563 2679 4636 impossibilitate
2708 4562 2938 4631 Christi;
2967 4575 3026 4619 et
3072 4563 3154 4620 sic
3186 4563 3287 4618 alii
3327 4562 3465 4617 libri
3507 4560 3609 4616 sub
3635 4554 3740 4612 aliis

496 4650 686 4706 buerit
705 4654 995 4729 aliquanto
1026 4655 1233 4720 senior,
1255 4655 1568 4711 Graecorum
1593 4672 1811 4712 errores
1831 4657 2065 4713 infarsit.

495 4742 706 4812 Nempe
740 4746 873 4813 quia
906 4746 1235 4802 Anastasius
1282 4747 1493 4802 Sinaita
1539 4748 1809 4802 illustrem
1868 4758 2068 4802 tracta-

493 4838 617 4883 tum
663 4842 1075 4900 composuerat,
1119 4835 1214 4905 qui
1268 4836 1512 4906 Ὀδηγὸς,
1549 4836 1654 4889 hoc
1686 4845 1769 4890 est
1815 4835 1934 4891 Dux
1973 4839 2070 4892 vite

493 4930 725 4979 vocatus
766 4923 894 4987 fuit,
936 4926 1190 4997 eumdem
1224 4927 1442 4981 titulum
1471 4927 1625 4997 operi
1658 4927 1789 4982 huic
1823 4928 2070 4984 furfureo

491 5021 691 5068 auctor
728 5014 1007 5084 adaptavit
1046 5033 1058 5069 :
1107 5018 1203 5088 qui
1250 5018 1378 5088 quia
1426 5020 1772 5088 Nicephorus
1812 5020 2070 5077 Callistus

490 5107 751 5163 eumdem
798 5108 1147 5165 Anastasium
1193 5110 1458 5166 Sinaitam
1506 5126 1794 5181 perperam
1852 5122 2072 5168 vocarat

493 5201 817 5270 episcopum
855 5201 1283 5266 Antiochenam,
1317 5218 1463 5256 unus
1491 5202 1746 5273 idemque
1777 5211 1833 5259 et
1861 5203 2072 5260 Sinaita

492 5299 553 5345 et
586 5290 967 5349 Antiochenus
996 5294 1185 5349 {videri
1226 5294 1421 5354 voluit,
1469 5311 1535 5348 ex
1570 5294 2072 5352 Constitutionibus

493 5384 894 5451 apostolorum,
929 5401 1052 5455 quae
1092 5386 1197 5465 sub
1232 5387 1456 5442 nomine
1504 5385 1805 5443 Clementis
1836 5388 2070 5444 Romani

494 5489 525 5525 a
558 5475 795 5541 posteris
841 5483 1114 5543 protrusm
1145 5486 1294 5543 sunt,
1333 5478 1506 5532 multa
1549 5490 1870 5547 excerpens,
1903 5493 2073 5546 seque

498 5565 605 5618 hoc
647 5567 765 5635 ipso
806 5566 1198 5623 demonstrans
1243 5584 1365 5624 esse
1416 5570 1798 5639 impostorem.
1848 5570 1908 5623 In
1963 5570 2074 5624 illis

496 5657 665 5710 etiam
697 5657 1107 5724 Quaestionibus
1141 5663 1382 5715 citantur
1422 5661 1675 5716 Canones
1706 5661 1901 5732 synodi
1933 5660 2073 5727 Qoi-

504 5746 731 5800 nisexlze
779 5748 893 5802 sive
920 5750 1216 5814 Trullanse,
1257 5750 1732 5820 anskmtinopoli
1781 5767 1926 5804 anno
1971 5752 2071 5805 707

505 5834 733 5899 conditi,
762 5836 974 5908 integro
996 5839 1205 5895 scilicet
1232 5842 1431 5897 szcculo
1463 5851 1585 5910 post
1615 5841 1901 5917 utriusque
1929 5842 2075 5898 Ana--

2174 4659 2362 4714 forsan
2414 4657 2592 4713 titulis
2637 4657 2831 4712 latent.

2245 4750 2551 4807 Occasione
2583 4751 2765 4805 oblata
2801 4750 2927 4803 misi
2962 4747 3237 4821 Synopsin
3271 4750 3448 4822 huius
3465 4750 3736 4807 Commen-

2176 4843 2300 4898 tarii
2337 4842 2563 4897 Romam
2592 4840 2659 4894 ad
2686 4840 2802 4895 R...
2828 4840 3051 4895 Petrum
3078 4840 3401 4905 Possinum,
3438 4840 3532 4909 qui
3563 4831 3737 4907 postri-

2176 4935 2267 4990 die
2313 4933 2594 4987 Kalendas
2642 4932 2765 4986 Maii
2801 4933 2933 4986 anni
2960 4931 3087 4987 lli'll
3128 4931 3200 4986 ita
3246 4930 3541 5002 respondit
3580 4948 3592 4981 :
3624 4946 3641 4977 ι
3671 4918 3737 4979 Ad

2176 5044 2238 5081 ea
2272 5042 2393 5094 quae
2430 5025 2499 5079 de
2539 5024 2848 5080 Anastasiis
2879 5032 2935 5079 et
2975 5039 3167 5078 eorum
3209 5025 3446 5093 scriptis
3502 5014 3738 5088 disquirit

2176 5124 2513 5185 annotatque
2567 5115 2788 5170 erudite
2824 5116 2889 5168 ll.
2939 5114 3003 5169 V.
3051 5114 3353 5183 utaliquid
3410 5120 3736 5185 reponerem.

2176 5209 2428 5266 consului
2467 5208 2762 5263 Vaticanos
2792 5206 3009 5262 Indices
3047 5215 3106 5261 et
3146 5207 3310 5276 plura
3365 5206 3552 5275 longe,
3596 5211 3737 5270 quam

2175 5302 2334 5357 vobis
2379 5307 2510 5354 nota
2540 5308 2669 5354 sunt
2716 5298 2772 5352 in
2822 5299 2891 5353 iis
2920 5297 3122 5367 reperi.
3164 5296 3354 5353 Solius
3404 5295 3625 5350 Sinaita
3649 5288 3738 5344 Ca-

2180 5395 2393 5462 talogus
2439 5389 2567 5446 istic
2615 5397 2964 5445 servatorum
3012 5402 3245 5459 operum
3293 5395 3542 5456 quatuor
3573 5376 3740 5448 implet

2178 5497 2403 5553 magnas
2467 5479 2714 5551 paginas.
2762 5476 2999 5533 Omnino
3061 5484 3253 5548 posset
3313 5471 3739 5530 lucubrationum

2178 5576 2298 5645 ejus
2332 5572 2513 5628 Patris
2544 5571 2625 5627 uti
2679 5579 2737 5626 et
2788 5571 3024 5625 aliorum
3058 5568 3310 5639 plurium
3360 5566 3624 5637 praeclara
3648 5554 3741 5645 uti—

2179 5643 2306 5723 liter
2333 5663 2506 5719 cditio
2555 5662 2768 5733 vulgari
2800 5679 2813 5715 :
2848 5661 2944 5715 sed
2977 5660 3070 5714 ubi
3100 5656 3435 5729 reperietur
3456 5652 3564 5733 qui
3594 5643 3744 5720 possit

2180 5764 2236 5810 ct
2272 5754 2403 5809 velit
2439 5770 2562 5810 eam
2600 5732 2827 5824 operam
2879 5751 3176 5822 praestare?
3222 5747 3324 5802 ubi
3353 5732 3463 5817 qui.
3493 5746 3743 5808 sumptum

2184 5846 2237 5900 in
2282 5845 2587 5901 editionem
2642 5843 2978 5900 conferat?»
3034 5841 3160 5897 llzcc
3230 5838 3523 5893 Pessinus.
3568 5830 3741 5920 Verum
