3988 6142
362 432 492 499 Ῑῖοθ

357 545 482 616 quia
516 560 586 601 ex
605 544 790 604 dubiis
815 551 1081 621 operibus
1107 555 1279 611 multa
1307 572 1419 612 non
1449 561 1708 629 vidimus,
1739 571 1796 618 et
1818 581 1931 620 non

357 633 457 690 fuit
485 636 661 693 otium
692 639 838 695 inter
870 642 994 698 sese
1031 644 1355 702 conferendi
1398 632 1528 716 alia,
1560 652 1607 706 si
1640 653 1771 709 hinc
1804 654 1932 713 inde

355 742 387 781 a
423 742 555 783 vero
583 728 932 798 deﬂeximus,
984 739 1306 795 meminerit
1344 739 1574 799 eritieus
1622 746 1823 815 lector,
1873 750 1928 805 id

355 817 531 874 solum
582 836 687 877 nos
736 839 902 894 agere
950 827 1216 895 voluisse,
1262 847 1374 902 quo
1416 833 1930 898 demonstrarcmus

355 908 745 1001 distinguenda
784 930 910 971 csse
958 919 1186 975 Sinaitte
1229 932 1286 977 et
1328 923 1664 985 Antiocbcni
1716 946 1926 1001 opera:

354 999 555 1092 quibus
600 1007 983 1065 examinandis
1032 1010 1487 1085 illustrandisque
1545 1020 1690 1075 alius
1742 999 1928 1092 quivis

355 1089 477 1158 plus
520 1092 622 1147 otii
651 1104 851 1153 nactus
877 1097 1098 1154 laudem
1140 1110 1332 1172 posset
1360 1107 1584 1163 mereri.
1622 1089 1931 1167 Videbatur

1366 448 1651 513 ORATIO
1688 452 1741 517 I.
1775 479 1847 493 -
1876 457 1975 518 DE
2010 461 2114 522 ss.
2156 424 2593 534 TRINITATE.

1998 330 2007 331 κ
2078 326 2129 345 η,

3470 488 3608 555 1310

1962 587 2005 644 Α
2034 571 2167 669 olim
2217 573 2274 629 in
2317 577 2467 669 bunc
2515 579 2761 638 laborem
2809 585 2988 645 Lucas
3016 589 3338 652 Holstenius
3367 613 3608 669 propen-

2030 662 2164 720 dere
2195 683 2207 720 :
2242 668 2339 723 sed
2371 670 2504 726 dum
2537 673 2697 731 libris
2728 679 2989 747 parandis
3037 662 3382 758 edendisque
3421 662 3610 747 moro-

2030 759 2148 850 sius
2173 759 2463 829 incumbit,
2484 780 2515 819 e
2530 766 2645 821 vita
2664 769 2912 826 sublatus
2939 781 3024 828 est
3040 790 3188 831 anno
3214 780 3367 845 l66l,
3385 785 3609 850 quando

2032 849 2215 904 eidem
2250 853 2582 911 moribundo
2625 868 2926 915 extremam
2970 878 3091 918 eam
3123 881 3348 936 Operam
3395 849 3608 941 impen‘

2033 939 2238 1009 dimus,
2259 959 2427 1013 quam
2462 947 2516 1002 in
2537 949 2809 1019 ejusmodi
2836 954 3073 1011 articulo
3097 970 3334 1027 possunt
3350 972 3409 1018 et
3425 939 3610 1020 solent

2031 1034 2228 1089 amicis
2259 1034 2584 1108 impendere
2616 1042 2861 1114 religiosi
2910 1049 3247 1117 sacerdotes.

370 1302 3600 1382 Ἥ-

544 1570 571 1597 ι
992 1513 1707 1677 ιδΑΝρΤΙ
1822 1412 2919 1744 ΑΝΑδΤΑδΠ,

1442 1792 1977 1880 PATRIARCHE
2019 1814 2546 1906 ANTIOCBENI,

480 2015 632 2111 DE
736 2020 1248 2131 NOSTRIS
1349 2030 1764 2127 RECTIS
1865 2034 2637 2137 DOGMA'I’IBUS
2734 2030 3506 2185 VERITATIS,

927 2265 1975 2447 ORATIONES
2089 2281 2948 2435 QUINQUE.
3185 2225 3198 2240 ’

1499 2534 1806 2610 lnterprete_
1825 2537 2108 2601 Francisco
2139 2544 2422 2602 Turriano.

1586 3054 1698 3171 ΒΕ
1733 3053 1840 3118 SS.
1891 3054 2357 3119 TRINITATE.

397 3360 443 3416 1.
486 3357 626 3414 Cum
671 3355 783 3428 iam
811 3353 1030 3426 pridem
1070 3352 1140 3409 de
1171 3351 1279 3411 ﬁde
1316 3362 1508 3411 nostra
1536 3369 1671 3412 sana
1695 3396 1711 3422 ,
1747 3363 1805 3413 et
1840 3356 1910 3412 de
1939 3363 1982 3419 Β
2011 3356 2350 3422 studuimus,
2374 3356 2545 3413 nullis
2578 3356 2817 3412 aliorum
2840 3358 3089 3430 vestigiis
3117 3360 3459 3431 insistentes,
3490 3366 3589 3421 sed

317 3450 482 3507 veris
526 3446 790 3504 Ecclesiae
829 3444 1188 3516 dogmatibus
1226 3444 1549 3516 incorrupte
1587 3454 1646 3503 et
1679 3447 1913 3517 probate

320 3537 715 3597 tractavisscm
744 3536 917 3590 variis
936 3533 1300 3589 Orationibus
1319 3536 1375 3590 in
1408 3535 1654 3591 Ecclesia
1677 3536 1910 3603 habitis,

320 3638 385 3685 et
406 3626 658 3682 recitatis
687 3635 821 3681 tunc
847 3639 974 3679 cum
991 3625 1242 3681 scribere
1264 3632 1323 3681 et
1340 3625 1580 3681 ﬁdenter
1598 3627 1751 3697 loqui
1772 3628 1910 3684 lice-

319 3723 446 3779 bat.
471 3734 597 3773 eum
620 3733 784 3774 nemo
810 3717 1170 3788 impudenter
1199 3718 1447 3773 audebat
1481 3719 1671 3775 dicere
1708 3737 1723 3774 :
1753 3718 1907 3786 Tace,

317 3822 376 3870 et
400 3825 465 3865 ne
488 3808 729 3883 loquaris
751 3812 807 3876 ¹;
836 3809 1223 3866 existimabam
1255 3826 1379 3882 quae
1399 3819 1532 3866 tunc
1551 3812 1905 3882 scripseram,

317 3905 464 3962 satis
501 3916 623 3959 esse
661 3909 718 3958 et
760 3900 830 3957 ad
882 3899 1302 3971 coarguendum
1338 3901 1714 3967 mendacium,
1753 3910 1809 3957 et
1838 3902 1906 3958 ad

314 3995 768 4071 patefaciendam
795 3993 1092 4050 veritatem
1117 4010 1130 4047 :
1155 4008 1259 4049 nec
1280 3992 1594 4050 arbitrabar
1623 4009 1764 4063 opus
1785 4008 1908 4049 esse

314 4088 566 4159 amplius
592 4086 875 4152 laborare,
903 4101 1016 4141 non
1045 4084 1226 4140 solum
1260 4083 1390 4154 quia
1420 4084 1621 4138 vitium
1653 4084 1907 4154 loquaci-

316 4181 458 4236 tatis
488 4179 828 4243 mctuebam,
847 4176 943 4233 sed
958 4177 1088 4247 quia
1104 4176 1394 4246 putabam,
1430 4184 1492 4230 ut
1519 4174 1655 4240 dixi,
1683 4170 1907 4230 abunde

313 4271 579 4328 suﬁicere
614 4271 877 4327 omnibus
908 4269 1113 4340 quibus
1146 4268 1395 4323 studium
1414 4266 1663 4322 discendi
1696 4279 1906 4336 prepo-

310 4365 494 4420 situm
519 4371 687 4428 esset,
718 4378 842 4433 quae
865 4361 1073 4417 litteris
1101 4361 1452 4416 mandassem
1482 4367 1541 4414 et
1570 4358 1901 4414 edidissem:

308 4470 445 4527 quae
487 4454 584 4524 qui
633 4454 846 4511 vellent
878 4454 1063 4525 legere
1091 4494 1107 4519 ,
1147 4452 1521 4524 cognitionem
1583 4450 1903 4522 dogmatum

307 4545 625 4619 perfectam
649 4545 855 4601 habere
877 4553 1142 4616 possent;
1176 4552 1233 4600 et
1257 4544 1353 4615 qui
1372 4545 1482 4615 jam
1501 4559 1601 4614 per
1613 4558 1675 4599 se
1696 4557 1907 4614 cogno-

307 4646 577 4702 scerent,
609 4636 697 4692 vel
731 4635 1045 4700 discerent,
1071 4636 1162 4691 vel
1192 4637 1388 4691 saltem
1413 4635 1638 4690 labores
1677 4642 1902 4689 nostros

2014 3448 2249 3504 illorum
2300 3458 2514 3505 tantum
2553 3443 2646 3519 qui
2692 3465 2722 3504 a
2778 3449 2989 3519 Spiritu
3038 3462 3232 3507 sancto
3284 3453 3587 3524 illuminati

2014 3546 2183 3605 sunt;
2217 3539 2458 3609 primum
2483 3538 2709 3608 quidem
2740 3541 2999 3610 apostoli,
3024 3541 3253 3597 secundi
3278 3545 3587 3615 prophetae,

2012 3629 2165 3683 tertii
2201 3629 2479 3685 doctores.
2534 3628 2863 3701 Quicunque
2914 3633 3084 3703 igitur
3116 3633 3474 3706 incorrupte,
3527 3644 3591 3692 ut

2010 3718 2276 3785 diximus,
2300 3720 2521 3791 legerit,
2552 3736 2664 3775 non
2687 3728 3073 3793 estarrogans,
3100 3725 3145 3780 si
3168 3724 3369 3791 dicam,
3397 3743 3585 3797 reper-
3622 3773 3633 3783 .

2008 3818 2196 3865 turum
2221 3811 2462 3866 lucidam
2490 3811 2918 3867 declarationem
2945 3815 3197 3869 veritatis
3241 3824 3298 3870 et
3330 3817 3588 3873 falsitatis

2006 3902 2445 3959 confutationem
2480 3922 2494 3957 :
2533 3903 2669 3958 ﬁdes
2696 3904 2846 3958 enim
2869 3912 2956 3960 est
2978 3946 2994 3971 ,
3041 3921 3164 3975 qum
3207 3907 3493 3977 praedicat,
3529 3917 3587 3963 et

2003 4012 2136 4052 vera
2167 4003 2342 4062 est,et
2372 4011 2482 4051 non
2508 4006 2593 4051 est
2622 3996 2677 4050 in
2705 3997 2789 4051 eis
2822 3997 3198 4054 mendacium.
3227 3999 3379 4056 Hane
3399 4010 3584 4056 autem

2006 4087 2134 4143 dico
2162 4103 2349 4159 veram
2369 4131 2383 4153 ,
2414 4103 2527 4143 non
2555 4088 2684 4158 quia
2732 4104 2761 4142 a
2803 4103 2891 4143 me
2920 4090 3128 4160 scripta
3156 4098 3243 4146 est
3278 4110 3290 4145 :
3325 4107 3440 4146 non
3480 4092 3587 4148 boe

2006 4179 2154 4243 dico.
2184 4194 2258 4234 ne
2281 4180 2409 4251 quis
2436 4179 2545 4235 hoc
2577 4187 2755 4250 putet,
2781 4195 2887 4236 nec
2931 4180 3216 4238 existimet
3268 4199 3356 4238 me
3392 4184 3460 4239 de
3500 4200 3589 4239 me

2006 4270 2236 4333 sentire,
2306 4279 2669 4341 praeterquam
2715 4272 2921 4328 sentire
2965 4282 3201 4343 Oportet.
3254 4273 3379 4329 Seio
3410 4275 3593 4341 enim,

2006 4377 2131 4417 cum
2164 4361 2268 4417 sim
2307 4370 2452 4417 terra
2484 4371 2540 4417 et
2573 4362 2733 4428 cinis,
2755 4379 2938 4434 neque
2967 4379 3150 4419 sermo
3179 4365 3252 4420 sit
3282 4366 3441 4431 mihi,
3474 4382 3599 4437 quo

2005 4452 2171 4524 digna
2202 4460 2288 4508 est
2320 4452 2677 4523 praedicatio;
2715 4454 2813 4510 sed
2841 4455 2973 4525 quia
3000 4455 3257 4510 doctrina
3296 4464 3382 4518 est
3423 4457 3585 4513 theo-

2004 4544 2255 4614 logorum
2280 4544 2554 4608 virorum,
2585 4552 2643 4599 et
2663 4543 2888 4599 traditio
2910 4545 3161 4615 perfecta
3182 4587 3196 4611 ,
3223 4563 3346 4618 quae
3380 4548 3448 4604 ad
3483 4565 3594 4605 nos

2006 4643 2268 4705 tanquam
2290 4644 2522 4706 paterna
2555 4637 2854 4692 haereditas
2886 4637 3131 4708 legitime
3159 4640 3312 4696 venit
3345 4640 3411 4694 ad
3443 4641 3613 4696 filios.

306 4727 586 4797 suﬂ'ragio
620 4741 723 4781 suo
747 4724 1215 4794 comprobarent,
1248 4726 1295 4781 si
1331 4725 1468 4780 tales
1490 4738 1613 4780 esse
1638 4723 1902 4779 videren-
1929 4705 1972 4764 ο
2006 4705 2306 4798 legitimos,
2333 4743 2364 4782 a
2403 4726 2660 4798 patribus
2698 4705 3120 4800 spiritualibus;
3157 4746 3300 4801 quos
3335 4741 3611 4797 secutus,..

305 4828 447 4886 tur;
494 4817 748 4875 fortassis
801 4816 950 4872 enim
994 4815 1089 4871 alii
1138 4816 1517 4887 improbarent
1547 4833 1562 4870 :
1591 4830 1705 4870 non
1749 4814 1902 4871 enim

302 4914 507 4980 potest
530 4921 653 4962 esse
676 4921 788 4961 una
818 4905 1069 4960 omnium
1093 4906 1398 4971 sententia,
1440 4905 1573 4976 quia
1602 4912 1733 4960 sunt
1760 4903 1902 4960 atie-

304 5000 536 5055 Ctiones
558 5006 767 5054 nostra:
797 4996 1122 5053 diﬂ‘crentes
1143 5013 1158 5065 ;
1183 5006 1373 5057 etnon
1396 5010 1590 5052 omnes
1610 4995 1680 5051 de
1703 4994 1899 5051 eadem

306 5104 375 5147 re
404 5106 519 5146 uno
546 5090 714 5145 modo
733 5089 1028 5147 sentimus.

381 5180 456 5235 ll.
487 5179 763 5237 Caeterum
799 5188 1086 5251 utcunque
1112 5178 1372 5251 judicent
1402 5178 1498 5250 qui
1526 5179 1645 5234 haec
1667 5178 1894 5249 scripta,

303 5282 373 5328 nt
400 5272 694 5344 probabile
716 5280 802 5328 est
822 5312 837 5336 ,
867 5271 1071 5327 lecturi
1098 5278 1258 5338 sunt,
1292 5271 1336 5327 si
1371 5270 1515 5328 forte
1549 5271 1763 5343 integra
1790 5287 1855 5327 ca
1875 5311 1891 5336 ,

301 5374 362 5421 et
396 5379 512 5418 non
565 5362 636 5420 ab
686 5362 931 5418 inimicis
960 5361 1260 5432 depravata
1307 5362 1458 5417 nacti
1504 5361 1720 5417 fuerint
1751 5376 1899 5433 :gego

303 5464 502 5513 tamen
548 5454 641 5510 illa
694 5468 1032 5525 magnOpere
1067 5452 1273 5513 conﬁdi
1315 5455 1467 5510 nulla
1522 5471 1591 5511 ex
1650 5466 1809 5527 parte
1866 5471 1899 5512 a

238 5612 243 5617 η
298 5544 553 5602 veritate
569 5545 913 5616 discrepare,
950 5545 1049 5600 sed
1073 5547 1259 5615 potius
1280 5561 1408 5601 cum
1433 5547 1767 5619 incorruptis
1797 5548 1898 5604 do-

301 5638 519 5694 ctrinis
566 5639 791 5694 Patrum
836 5637 1152 5692 consentire
1201 5653 1266 5694 ac
1305 5653 1632 5705 consonare,
1687 5652 1826 5710 quas
1863 5654 1894 5694 a

301 5730 581 5801 pueritia,
604 5738 661 5786 et
694 5738 755 5784 ut
782 5729 1020 5794 dicitur,
1067 5745 1098 5784 a
1133 5730 1343 5786 teneris
1372 5731 1687 5802 unguiculis
1729 5732 1886 5802 sequi

2007 4828 2062 4875 et
2091 4819 2510 4876 eis‘assenticns
2544 4820 2613 4876 ad
2645 4820 2764 4877 haec
2790 4822 3147 4878 scribendum
3180 4826 3389 4880 accessi
3417 4866 3431 4891 ,
3459 4826 3614 4897 jura-w

2004 4917 2249 4979 patrum,
2284 4924 2535 4965 meorum
2590 4910 2729 4965 mihi
2774 4910 3068 4966 vindicans
3125 4912 3267 4982 (base
3304 4913 3455 4968 enim
3500 4921 3603 4968 est--

2002 5002 2093 5058 lex
2110 5002 2321 5072 optime
2340 5000 2690 5074 constituta),
2721 5009 2779 5058 et
2802 5016 2996 5058 eorum
3019 5003 3307 5061 laboribus
3324 5014 3585 5075 tanquam
3612 5050 3615 5051 ν

2002 5094 2247 5166 propriis
2270 5094 2433 5150 bonis
2470 5094 2715 5165 glorians
2747 5110 2761 5149 :
2792 5103 2851 5149 et
2880 5094 2933 5149 id
2963 5094 3190 5165 quidem
3232 5111 3344 5149 non
3381 5094 3615 5164 injuria"

2005 5196 2062 5243 et
2087 5186 2386 5242 immerito.
2426 5186 2601 5242 Nemo
2646 5186 2816 5257 igitur
2844 5186 3254 5242 contumeliose
3290 5184 3425 5239 vitio
3452 5199 3581 5237 ver~

2005 5287 2086 5334 lat
2116 5297 2130 5333 :
2162 5278 2419 5334 Parentes
2444 5277 2594 5334 enim
2620 5279 2983 5333 thesaurizant
3013 5276 3142 5346 ﬁliis
3170 5277 3231 5343 ’ς
3261 5276 3341 5331 sic
3364 5274 3535 5337 Paulo
3558 5276 3605 5307 ³·

1999 5372 2057 5427 in
2093 5387 2203 5442 quo
2231 5371 2493 5428 Christus
2517 5372 2872 5442 loquebatur,
2893 5370 3074 5424 visum
3092 5377 3199 5424 est.
3225 5369 3293 5424 Et
3323 5368 3584 5424 Salomon

2001 5462 2078 5518 ait
2103 5480 2116 5517 :
2147 5461 2412 5520 Gloriatio
2448 5461 2685 5531 ﬁliorum
2711 5466 2890 5529 patres
2915 5475 3097 5514 eorum
3124 5459 3167 5512 δ.

2068 5554 2160 5609 lll.
2193 5554 2466 5621 Quoniam
2512 5553 2682 5624 igitur
2706 5558 2928 5621 oportet
2967 5567 3095 5607 eum
3134 5552 3228 5623 qui
3269 5549 3450 5605 factus
3491 5557 3583 5605 est

1995 5644 2280 5715 particeps
2344 5644 2636 5708 sermonis,
2674 5644 2979 5714 praesertim
3020 5644 3091 5701 de
3144 5643 3255 5699 fide
3304 5643 3444 5713 (iure
3489 5652 3584 5698 est

1998 5731 2199 5802 reliqui
2257 5731 2478 5788 aedilicii
2539 5730 2992 5804 ﬁrmamentum),
3027 5731 3304 5803 impartiri
3371 5731 3576 5787 libera-

386 5891 404 5920 ‘
434 5889 619 5947 Amos.
648 5907 723 5948 Vl.
764 5891 845 5945 ll.
925 5893 944 5923 ¹
972 5891 1013 5945 ll
1042 5889 1166 5946 Cor.
1202 5907 1294 5958 ιιι,
1328 5893 1413 5947 ll.
1491 5894 1510 5925 ³
1541 5893 1583 5947 ll
1614 5874 1740 5949 Cor.
1768 5910 1879 5960 xm,
1910 5894 1962 5947 3.
2044 5893 2061 5923 δ
2093 5893 2255 5948 Prov.
2285 5910 2413 5961 xui,
2441 5894 2497 5948 6.

2340 6028 2367 6056 ἱ
