4020 6146
388 5496 396 5510 ‘
490 5490 859 5551 altioribuset
887 5512 1009 5567 qua:
1034 5514 1200 5568 supra
1223 5516 1324 5555 nos
1338 5511 1466 5557 sunt
1485 5518 1701 5570 exorsa,
1725 5511 1781 5558 et
1808 5504 2067 5561 desinens

385 5620 410 5692 ὲ

408 692 415 698 ’
466 673 591 743 ejus
610 670 704 741 qui
733 671 997 726 talentum
1023 670 1271 738 defodit;
1297 672 1508 727 idcirco
1541 688 1821 742 nunquam
1851 671 2043 727 destiti

463 855 618 909 -nihil
673 853 827 908 aliud
877 854 1100 923 penitus
1151 853 1388 910 idoneus
1448 870 1665 918 essem,
1709 856 1913 926 quippe
1951 856 2045 925 qui

474 375 605 442 1311
1594 381 1654 442 S.
1680 378 2076 441 ANASTASII
2108 379 2577 440 ANTIOCHENI
3571 380 3681 449 I312

469 484 689 545 literiis
720 487 816 559 qui
839 487 1092 559 indigent
1113 488 1200 544 vel
1230 474 1396 544 etiam
1432 496 1649 559 petunt,
1678 498 1735 544 et
1769 489 1909 543 nihil
1946 504 2042 544 oc-
2074 498 2114 548 Α
2146 487 2202 542 ἰη
2234 488 2466 543 humilia
2494 486 2861 542 humanitatis
2898 494 3120 551 nostrae,
3152 496 3208 542 et
3248 496 3465 559 propter
3496 508 3585 549 nos
3610 512 3683 553 as.

467 580 680 636 enitare
707 595 777 634 ex
816 579 887 634 iis
929 595 1051 649 qua:
1078 579 1312 644 didicit,
1347 589 1681 635 metuentem
1724 580 2042 650 exemplum
2147 590 2401 651 sumptae.
2431 579 2502 635 Ut
2538 587 2721 652 autem
2757 578 2812 632 in
2844 578 2933 632 his
2968 578 3386 649 progrediamur
3408 622 3421 646 ,
3447 585 3687 654 supplice-

2147 689 2271 729 mns
2297 674 2454 743 prius
2480 672 2593 727 Deo
2617 712 2632 735 ,
2669 672 2751 727 sic
2791 686 2919 724 eum
2967 679 3254 740 precantes
3286 687 3299 724 :
3328 671 3505 728 Revela
3535 678 3685 735 oculos

2148 782 2289 822 meos
2317 805 2331 830 ,
2364 774 2413 820 et
2442 763 2784 839 considerabo
2817 761 3088 817 mirabilia
3122 763 3186 817 de
3218 762 3331 833 lege
3359 767 3514 831 tua‘;
3547 769 3686 825 intel-

2147 858 2382 926 ligentes
2410 856 2634 910 nomine
2660 854 2788 925 legis
2837 868 3058 908 omnem
3088 863 3335 908 sanctam
3375 864 3427 910 et
3455 857 3688 923 divinitus

2150 950 2386 1003 amatam
2417 948 2783 1016 Scripturam,
2811 961 2875 999 ex
2906 961 3014 1016 qua
3056 953 3319 1015 tanquam
3355 962 3424 1001 ex
3461 950 3689 1005 thesauro

472 764 623 834 loqui
649 774 704 818 et
726 762 974 818 scribere
1003 778 1128 818 cum
1169 772 1386 833 tempus
1406 771 1547 829 erat,
1581 779 1705 819 cum
1731 764 1939 834 alioqui
1975 763 2044 819 ad

466 959 671 1015 expers
701 960 881 1001 essem
912 945 1254 1015 disciplinae,
1287 955 1343 1000 et
1381 946 1594 1001 nullum
1624 947 1944 1017 magistrum
1978 963 2046 1001 ex

472 1033 720 1090 externis
744 1032 1089 1104 sapientibus
1105 1033 1238 1087 mihi
1268 1033 1568 1103 professus.
1600 1034 1716 1089 Hoc
1741 1045 1923 1089 autem
1952 1050 2050 1088 au-

474 1114 582 1180 deo
601 1124 808 1189 dicere,
844 1139 931 1179 me
962 1140 994 1178 a
1025 1124 1257 1179 veritate
1278 1141 1561 1193 nunquam
1582 1125 1892 1189 aberrasse,
1915 1127 2050 1181 licet

442 1274 452 1289 ]
477 1212 545 1267 ad
569 1228 691 1268 eam
730 1211 1211 1266 demonstrandam
1232 1226 1414 1265 sermo
1445 1212 1698 1266 inﬁrmus
1722 1210 1923 1278 fuerit;
1948 1228 2051 1267 nec

476 1303 537 1358 in
574 1302 926 1373 dogmatibus
978 1303 1147 1357 verba
1195 1301 1293 1356 Dei
1324 1302 1505 1356 libens
1538 1301 1834 1367 recusavi,
1870 1318 2051 1372 neque

480 1397 632 1444 retro
661 1388 1062 1469 confessionem
1092 1388 1322 1458 reliqui;
1355 1388 1449 1443 sed
1472 1389 1657 1458 potius
1686 1399 1959 1459 quantum
1996 1390 2052 1444 in

480 1497 569 1536 me
606 1480 733 1545 fuit,
761 1480 988 1535 semitas
1023 1480 1246 1535 Patrum
1274 1496 1524 1535 meorum
1553 1492 1878 1550 persecutus
1904 1499 2051 1548 sum,

479 1574 574 1643 qui
610 1572 855 1638 aiebant,
883 1586 1083 1642 meque
1108 1573 1382 1628 docebant
1412 1590 1424 1626 :
1455 1593 1474 1625 ι
1508 1573 1726 1635 Nitatur
1747 1589 1930 1630 sermo
1952 1591 2055 1631 no-

454 1668 595 1718 'ster
630 1663 687 1716 in
712 1669 895 1717 mente
930 1671 1052 1727 tua;
1085 1678 1240 1718 serva
1269 1663 1524 1717 mandata
1551 1679 1671 1717 mea
1696 1704 1711 1727 ,
1740 1679 1810 1718 ne
1851 1666 2055 1721 oblivi-

480 1753 673 1820 scaris,
714 1770 819 1810 nec
862 1755 1111 1825 negligas
1152 1756 1268 1810 oris
1292 1755 1470 1811 nostri
1527 1757 1719 1812 verba.
1756 1776 1775 1809 ι
1808 1759 2053 1830 Vestigia

2152 1038 2391 1102 Domini,
2416 1045 2734 1107 prementes
2754 1051 2894 1090 nova
2921 1044 2978 1090 et
2995 1044 3205 1099 vetera,
3232 1036 3562 1093 studebimus
3581 1056 3690 1095 con-

2152 1128 2330 1183 servis
2366 1127 2744 1182 distribuere:
2794 1125 2910 1181 hmc
2954 1134 3139 1179 autem
3181 1125 3495 1180 distributio
3531 1129 3689 1184 divina

2153 1218 2327 1286 gratia
2352 1225 2409 1271 et
2435 1216 2727 1285 sapientia,
2752 1232 2816 1269 ac
2842 1216 3140 1285 prudentia
3164 1216 3388 1286 indiget.
3410 1216 3529 1282 Quis
3544 1219 3686 1281 enim,

2156 1309 2355 1378 inquit,
2388 1317 2462 1361 est
2476 1309 2687 1378 sapiens
2710 1307 3046 1375 dispensator
3065 1316 3115 1360 et
3136 1306 3392 1377 prudens,
3425 1326 3567 1378 quem
3588 1327 3692 1363 con-

2154 1401 2324 1454 stituit
2352 1399 2595 1453 dominus
2620 1414 2779 1468 super
2810 1398 3073 1468 familiam
3090 1415 3248 1452 suam
3275 1408 3335 1451 ut
3365 1400 3444 1452 det
3474 1402 3623 1454 cibum
3647 1401 3692 1454 in

2159 1499 2393 1562 tempore
2425 1493 2445 1523 "
2465 1492 2489 1544 ?
2512 1491 2704 1545 Divina
2732 1490 2899 1561 igitur
2927 1490 3341 1544 illuminatione
3372 1506 3513 1573 opus
3529 1504 3604 1547 est
3628 1493 3686 1547 lo

2158 1582 2350 1650 quenti
2369 1581 2437 1636 de
2458 1582 2572 1635 Deo
2597 1600 2608 1635 :
2639 1581 2849 1649 absque
2884 1580 3034 1636 enim
3060 1596 3127 1637 ea
3153 1581 3366 1651 aliquid
3392 1582 3457 1637 de
3478 1597 3540 1637 eo
3564 1582 3693 1653 loqui

2158 1672 2316 1726 valde
2344 1672 2719 1741 periculosum
2749 1683 2853 1727 est.

2233 1763 2297 1818 ν.
2330 1764 2569 1834 Purgato
2603 1763 2770 1834 igitur
2815 1762 2965 1817 omni
2999 1778 3164 1818 sensu
3189 1803 3205 1829 ,
3239 1764 3330 1819 vel
3371 1763 3545 1834 potius
3567 1762 3695 1817 omni

480 1842 683 1912 pedum
717 1857 910 1897 eorum
940 1844 997 1897 in
1028 1842 1234 1898 divinis
1267 1843 1617 1913 dogmatibus
1655 1854 1880 1902 secutus
1911 1862 2054 1914 sum,
2089 1848 2131 1904 Β
2160 1869 2323 1909 sensu
2350 1854 2568 1918 relicto,
2596 1863 2653 1908 et
2682 1848 2847 1924 supra
2877 1862 3079 1909 terram
3114 1855 3170 1909 in
3202 1855 3380 1909 auum
3407 1855 3618 1919 summa,
3645 1871 3699 1909 ac

476 1948 587 1988 nec
617 1932 687 1988 ad
712 1932 961 1989 dextram
992 1949 1097 1990 nec
1130 1935 1196 1989 ad
1233 1934 1514 1991 sinistram
1553 1953 1796 2007 unquam
1829 1939 2049 1995 deﬂexi.

474 2023 876 2090 Quamobrem,
905 2025 1024 2080 Non
1074 2026 1322 2081 abscondi
1370 2030 1792 2085 misericordiam
1831 2030 1951 2098 Dei,
2003 2040 2054 2087 et

482 2115 759 2169 ceritatem
784 2116 898 2186 ejus
939 2135 971 2171 a
1005 2134 1275 2189 synagoga
1318 2119 1609 2175 multorum
1631 2123 1674 2186 ⁵,
1711 2134 1772 2177 ut
1796 2123 2054 2194 loquerer

483 2204 542 2259 in
570 2208 801 2262 ecclesia
823 2199 1152 2278 populorum
1182 2210 1484 2265 multorum
1509 2213 1928 2284 iustiﬁcationes
1947 2218 2055 2272 Do-

483 2295 826 2367 mini,quas
863 2314 894 2354 a
939 2300 1197 2355 Patribus
1258 2300 1450 2357 didici.
1503 2282 1694 2374 itaque
1747 2308 2054 2377 comperies

482 2396 670 2459 patres
716 2404 817 2458 per
847 2406 934 2446 me
973 2390 1229 2447 docuisse
1274 2392 1404 2464 (nisi
1448 2394 1672 2450 audacis
1701 2404 1787 2451 est
1824 2397 1932 2453 hoc
1965 2398 2053 2453 di-

482 2477 635 2549 cere)
660 2480 809 2550 quod
842 2481 898 2536 in
919 2482 990 2538 iis
1013 2499 1135 2554 qua:
1158 2484 1288 2538 olim
1322 2500 1355 2541 a
1398 2501 1485 2540 me
1516 2487 1721 2557 scripta
1750 2497 1882 2544 sunt
1903 2532 1918 2557 ,
1963 2490 2053 2544 in-

480 2582 745 2643 corrupte
781 2572 957 2645 legis:
989 2591 1059 2630 ex
1094 2576 1319 2647 copioso
1343 2578 1492 2633 enim
1528 2579 1684 2636 fonte
1713 2580 1966 2637 laborum
1992 2584 2057 2637 il-

483 2661 667 2718 lorum
724 2673 811 2720 est
854 2665 971 2722 haec
1023 2669 1270 2738 guttula,
1320 2679 1378 2724 et
1420 2685 1490 2725 ex
1543 2673 1778 2742 perenni
1826 2674 2055 2730 ﬂumine

484 2752 717 2822 exiguus
757 2763 1015 2812 torrens:
1049 2757 1224 2813 instar
1261 2774 1499 2828 namque
1550 2764 1891 2831 aspersionis
1929 2781 2054 2820 cum

487 2857 651 2898 amne
674 2855 986 2915 comparata
1015 2857 1144 2903 sunt
1173 2865 1293 2904 mea
1318 2866 1442 2906 cum
1469 2852 1577 2907 illis
1597 2854 1817 2920 collata,
1834 2857 2056 2912 tametsi

486 2941 719 3001 cognata
756 2934 866 2989 illis
892 2945 1052 3001 sunt;
1083 2937 1289 3006 quibus
1324 2938 1434 3009 jam
1465 2940 1631 2996 editis
1680 2941 1750 2997 iis
1792 2944 1887 3013 qui
1927 2951 2058 3000 tunc

487 3037 554 3077 ea
581 3023 900 3089 voluerunt,
937 3043 1382 3098 supervacaneus
1401 3040 1518 3086 erat
1544 3032 1637 3088 hic
1656 3050 1814 3090 meus
1841 3036 1894 3089 in
1918 3054 2057 3107 prie-

491 3112 634 3167 senti
664 3113 840 3180 labor,
875 3116 922 3170 si
950 3117 1038 3170 illa
1063 3117 1338 3172 adessent.
1371 3119 1602 3175 Possent
1637 3124 1783 3178 enim
1812 3124 1926 3194 ipsa
1957 3142 2056 3195 pro

2160 1962 2357 2002 rursus
2384 1962 2569 2002 aerem
2595 1948 2776 2017 ipsum
2802 1963 3026 2003 sursum
3054 1956 3497 2011 transeuntes,et
3520 1949 3581 2002 ad
3602 1961 3697 2002 cre-

2160 2039 2273 2094 lum
2306 2038 2528 2106 elevati,
2558 2049 2614 2094 et
2636 2040 2685 2098 si
2733 2038 2854 2094 fieri
2899 2046 3127 2108 potest,
3166 2053 3337 2107 supra
3387 2039 3557 2109 ipsum
3595 2051 3703 2107 pro-

2161 2130 2331 2193 vecti,
2359 2138 2415 2185 ct
2447 2138 2633 2186 mente
2664 2130 2733 2184 ab
2769 2130 2918 2183 omni
2941 2128 3275 2200 cogitatione
3317 2146 3507 2185 sensus
3530 2144 3702 2198 corpo-

2161 2222 2243 2276 rei
2272 2221 2470 2288 libcra,
2488 2221 2636 2275 nuda
2655 2220 3018 2292 intelligentia
3044 2221 3392 2289 incorporeis
3418 2235 3514 2275 nos
3538 2219 3706 2287 adjun-

2161 2325 2376 2381 gamus,
2409 2326 2437 2364 a
2471 2309 2680 2381 quibus
2714 2311 2873 2380 quasi
2903 2325 3067 2364 manu
3091 2310 3244 2365 ducti
3268 2320 3333 2364 et
3360 2308 3532 2363 edocti
3562 2316 3702 2362 natu-

2162 2417 2279 2456 ram
2326 2412 2471 2471 quae’
2494 2410 2706 2456 naturae
2753 2401 3059 2468 antecellit,
3110 2410 3167 2455 et
3207 2401 3569 2457 substantiam
3602 2413 3706 2468 qua:

2163 2489 2509 2556 substantiae,
2564 2490 3028 2560 contemplemur,
3075 2491 3364 2561 cognitam
3404 2490 3610 2561 quidem
3649 2504 3706 2542 ex

2162 2581 2546 2648 aﬂirmatione,
2580 2597 2693 2637 non
2722 2582 2858 2653 quid
2887 2592 2994 2647 est,
3030 2584 3126 2638 sed
3153 2584 3310 2653 quod
3335 2593 3450 2649 est;
3476 2599 3539 2639 ex
3566 2597 3726 2657 negas

2164 2673 2315 2730 tione
2345 2689 2478 2729 vero
2510 2674 2713 2729 dictam
2746 2675 2879 2745 quid
2904 2690 3019 2729 non
3046 2683 3150 2730 est.
3185 2676 3314 2731 Non
3339 2677 3481 2731 enim
3505 2689 3619 2729 vera
3634 2679 3704 2728 est

2162 2763 2523 2834 positio,qua:
2537 2763 2606 2818 de
2628 2764 2937 2819 substantia
2952 2780 3074 2833 quae
3098 2765 3320 2822 ratione
3347 2760 3700 2836 comprehendi

2162 2871 2275 2911 non
2306 2863 2512 2925 potest,
2551 2855 2918 2925 praedicatur;
2948 2856 3157 2910 ablatio
3182 2866 3370 2913 autem
3404 2859 3565 2928 magis
3592 2870 3701 2909 vera

2163 2957 2286 3012 est,
2318 2963 2440 3017 qua:
2474 2954 2639 3018 negat
2673 2965 2686 3001 :
2718 2946 2764 3002 si
2794 2947 3017 3016 quando
3060 2964 3192 3003 vero
3223 2966 3359 3004 vera
3386 2949 3489 3004 erit
3526 2945 3703 3017 positio

2163 3052 2287 3108 quae
2314 3038 2433 3107 ipsa
2461 3037 2690 3101 dicitur,
2728 3053 2839 3091 non
2869 3037 3175 3093 declarabit
3211 3039 3564 3095 audientibus
3589 3034 3703 3105 quid

2163 3138 2269 3193 est,
2300 3145 2407 3184 nec
2438 3129 2651 3198 aperiet
2676 3141 2932 3185 naturam
2973 3131 3248 3201 ignotam;
3285 3131 3380 3186 sed
3417 3128 3703 3202 patefaciet,

493 3216 553 3292 se
578 3202 936 3292 respondere,
957 3215 1014 3259 et
1039 3205 1306 3262 studiosis
1328 3207 1541 3274 nostri,
1575 3219 1632 3265 et
1662 3193 1875 3268 sciendi
1900 3193 2054 3284 cupi-
2086 3193 2128 3247 θ
2160 3222 2438 3290 quomodo
2542 3221 2742 3276 habeat
2762 3222 2829 3276 ad
2860 3238 2925 3277 ea
2957 3193 3078 3291 qna;
3101 3238 3168 3277 ex
3196 3193 3319 3292 ipsa
3351 3193 3613 3292 pendent:
3639 3217 3708 3272 id-

491 3286 580 3344 dis
603 3288 850 3345 debitum
878 3292 1092 3347 solvere
1126 3310 1140 3346 :
1169 3294 1299 3363 quia
1329 3310 1461 3349 vero
1490 3312 1644 3352 nunc
1686 3298 1779 3354 illa
1824 3317 1934 3356 non
1965 3320 2060 3358 su-

2161 3329 2271 3383 que
2301 3314 2458 3369 valde
2489 3315 2734 3369 tenuiter
2776 3321 2831 3367 et
2874 3314 3085 3369 minute
3110 3330 3125 3378 ;
3157 3323 3219 3368 ut
3242 3315 3290 3369 si
3316 3315 3442 3382 quis
3470 3312 3629 3366 solem
3657 3309 3705 3361 in

489 3393 722 3461 persunt
773 3393 1003 3455 prepter
1055 3386 1301 3441 divinam
1362 3388 1736 3446 visitationem
1790 3409 1899 3463 qua
1957 3412 2061 3452 nos

491 3483 741 3529 amanter
765 3482 822 3529 et
849 3475 1087 3548 benigne
1124 3478 1370 3546 instruit,
1401 3490 1457 3535 et
1478 3481 1544 3535 ad
1570 3490 1943 3554 contemptum
1978 3503 2063 3543 re-

492 3578 616 3618 rum
640 3575 985 3623 terrenarum
1018 3586 1140 3639 qua:
1165 3572 1322 3628 ﬂuxae
1359 3581 1417 3628 et
1445 3575 1666 3631 caducae
1701 3588 1850 3643 sunt,
1901 3596 2058 3635 exer-

493 3664 604 3720 cet,
628 3665 689 3712 ut
716 3657 810 3712 illa
828 3660 991 3731 digna
1014 3677 1133 3717 esse
1156 3665 1502 3733 possessione
1517 3668 1916 3736 existimemus,
1942 3688 2065 3742 quae

492 3747 658 3818 dirigi
683 3765 792 3804 non
811 3762 1062 3821 possunt.
1096 3755 1174 3808 Tu
1220 3772 1351 3810 vero
1398 3759 1699 3814 amicorum
1732 3763 1938 3831 optime
1960 3804 1973 3826 ,
2009 3772 2065 3819 et

493 3836 739 3895 virorum
771 3841 1195 3913 honoratissime
1221 3887 1237 3912 ,
1286 3847 1604 3919 frequenter
1635 3867 1667 3906 a
1702 3869 1790 3909 me
1829 3855 1971 3924 petis
2008 3865 2067 3911 et

2163 3420 2306 3474 aqua
2334 3415 2391 3459 et
2419 3406 2474 3459 in
2514 3405 2741 3474 speculo
2767 3404 3030 3459 ostendit.
3080 3404 3380 3471 Quomodo
3407 3405 3567 3475 igitur
3607 3400 3708 3455 ﬂeri

2162 3505 2365 3566 potest.
2393 3506 2454 3551 ut
2483 3512 2739 3552 sermone
2761 3495 3042 3560 laudetur,
3067 3498 3163 3565 qui
3193 3498 3468 3552 rationem
3491 3505 3543 3550 et
3565 3492 3708 3548 intel-

2163 3588 2449 3658 ligentiam
2476 3587 2738 3657 superat?
2764 3586 3011 3657 autquid
3042 3587 3150 3642 dici
3192 3597 3399 3658 potest,
3435 3597 3493 3642 ut
3525 3603 3552 3640 a
3588 3599 3710 3654 quo-

2164 3678 2308 3748 piam
2333 3695 2434 3748 pro
2463 3680 2733 3749 dignitate
2752 3678 3167 3733 demonstretur
3186 3680 3440 3741 notione,
3458 3679 3544 3749 qui
3564 3689 3710 3744 supra

2164 3770 2445 3828 notionem
2503 3771 2629 3825 est?
2686 3771 2785 3825 llic
2839 3779 2923 3826 est
2970 3773 3217 3826 omnium
3289 3773 3709 3828 firmamentum,

2166 3863 2415 3917 omnium
2442 3862 2635 3930 robur,
2658 3852 2915 3917 omnium
2946 3862 3286 3932 principium
3313 3904 3327 3926 ,
3360 3863 3503 3916 unde
3549 3856 3711 3913 omnia

2166 3962 2414 4017 manant,
2438 3962 2493 4009 et
2512 3968 2622 4023 quo
2639 3952 2823 4007 omnia
2849 3962 3122 4022 spectant,
3148 3953 3488 4024 principium
3514 3959 3568 4005 et
3585 3947 3711 4008 ﬂuis,

2166 4043 2407 4116 etAlpha
2428 4043 2651 4115 (inquit)
2670 4051 2719 4098 et
2739 4044 2959 4113 Omega,
2980 4045 3126 4099 sicut
3141 4043 3288 4099 dixit
3308 4045 3620 4113 theologans
3634 4036 3713 4107 qui

2167 4137 2485 4207 theologum
2510 4135 2778 4201 docuit‘;
2813 4135 2909 4204 qui
2948 4134 3102 4199 facit,
3137 4143 3201 4189 ut
3223 4151 3351 4205 qua:
3384 4142 3533 4193 sunt,
3562 4129 3714 4188 sint’:

2166 4238 2221 4282 et
2249 4243 2370 4297 quae
2393 4225 2638 4281 nondum
2668 4233 2799 4282 sunt
2823 4267 2838 4289 .
2885 4236 2949 4281 ut
2993 4226 3213 4297 capiant
3239 4236 3429 4281 ortum
3457 4267 3472 4290 ,
3520 4223 3606 4294 qui
3644 4227 3716 4273 est

496 3944 679 4000 rogas,
709 3941 765 3988 et
785 3935 1036 4007 plerique
1066 3938 1162 3992 alii
1195 3947 1377 3994 tecum
1403 3980 1418 4007 ,
1454 3952 1515 3997 ut
1536 3944 1736 4000 scribis
1759 3988 1773 4014 ,
1813 3954 1872 4001 ut
1900 3963 2064 4018 quam

494 4017 609 4073 vim
647 4020 739 4075 illa
774 4022 1062 4090 haberent,
1098 4027 1197 4082 tibi
1222 4044 1516 4099 exponam.

567 4112 657 4166 IV.
694 4112 1061 4180 Quamobrem
1094 4132 1350 4189 Oportere
1376 4124 1722 4187 existimavi.
1752 4136 1813 4181 ut
1842 4138 2066 4185 senten-

494 4203 628 4258 tiam
652 4205 874 4262 illorum
907 4209 963 4264 in
996 4226 1170 4280 pauca
1200 4215 1568 4281 contrahens,
1601 4217 1823 4273 brevem
1863 4223 2064 4291 repeti-

495 4295 703 4378 “0an
731 4303 1049 4357 summatim
1091 4303 1328 4361 facerem
1349 4348 1363 4370 ,
1392 4308 1566 4362 multa
1596 4310 1785 4378 paucis
1819 4314 2067 4383 comple-
2164 4295 2304 4376 ordo
2335 4336 2528 4376 eorum
2554 4336 2677 4390 quae
2707 4336 2776 4376 ex
2800 4320 2978 4375 nihilo
3008 4295 3148 4375 facta
3179 4330 3332 4386 sunt,
3359 4329 3418 4376 et
3437 4317 3645 4374 duratio
3663 4326 3714 4369 ac

492 4396 684 4455 utens;
723 4400 780 4446 et
810 4391 1058 4451 fortassis
1102 4397 1514 4454 accommodate
1554 4400 1621 4454 ad
1658 4409 1872 4472 tempus
1916 4405 2065 4473 quod
2169 4411 2539 4471 conservatio,
2565 4420 2763 4466 natura
2795 4413 3069 4476 creatrix,
3113 4412 3300 4467 virtus
3344 4411 3615 4471 emciens,
3647 4406 3716 4458 itt-

497 4479 657 4534 n0bis
680 4485 942 4585 su'lfpelilf
975 4496 1032 4541 et
1063 4487 1133 4585 ad
1181 4487 1424 4558 inopiam
1455 4490 1725 4546 librorum
1757 4509 1864 4563 qua
1908 4495 2064 4551 labo-
2099 4530 2142 4585 ο
2171 4514 2335 4559 tuens
2364 4512 2420 4558 et
2450 4503 2769 4573 providens,
2792 4502 2905 4557 vita
2924 4503 3138 4567 vivens,
3169 4512 3224 4557 et
3244 4502 3465 4557 viviﬁca
3484 4499 3714 4555 substan-

496 4584 706 4627 ramus.
738 4573 807 4628 Et
836 4575 969 4643 quia
1011 4577 1126 4633 scio
1158 4580 1451 4651 plerosque
1479 4584 1897 4639 multitudinem
1926 4588 2067 4642 scri-
2099 4573 2137 4585 ”
2172 4591 2265 4645 tia.
2298 4590 2423 4649 Sola
2454 4600 2651 4646 natura
2685 4591 3009 4662 μεθεκτικὴ,
3053 4591 3109 4646 id
3137 4602 3222 4648 est
3247 4633 3263 4658 ,
3296 4585 3713 4647 communicaris,

494 4671 721 4732 ptorum
739 4664 990 4722 fastidire
1017 4670 1190 4724 veluti
1212 4674 1832 4745 nauseantes,sicutqui
1851 4686 2065 4733 vastum
2168 4697 2268 4752 per
2298 4683 2485 4737 omnia
2516 4698 2708 4738 means
2736 4723 2751 4747 ,
2797 4682 3004 4737 nullius
3031 4684 3325 4751 complexu
3359 4689 3610 4740 contenta
3636 4695 3647 4730 :
3670 4682 3715 4729 et

491 4765 651 4842 mare
687 4757 1041 4827 navigarunt,
1070 4770 1127 4816 et
1148 4764 1214 4817 ad
1240 4763 1417 4818 solum
1441 4775 1723 4834 aspectum
1757 4770 1936 4840 magni
1970 4788 2068 4826 vo-
2168 4771 2304 4842 quid
2333 4773 2480 4826 ullus
2509 4780 2691 4841 potest
2713 4772 2901 4828 dicere
2929 4773 2997 4828 de
3025 4773 3296 4828 ineﬂabili
3321 4773 3533 4828 infinita
3553 4770 3711 4822 dicere

488 4840 724 4902 luminis
749 4845 1130 4919 desperantes;
1159 4863 1387 4925 propter
1420 4856 1521 4911 hos
1557 4859 1758 4915 melius
1775 4877 1895 4917 esse
1917 4863 2069 4918 arl.i-
2170 4840 2436 4917 molitus?
2466 4840 2625 4930 Quod
2654 4863 2802 4917 enim
2830 4863 3231 4933 expromi~non
3278 4871 3484 4934 potest,
3509 4876 3612 4916 non
3633 4872 3721 4912 ex-

496 4943 677 4993 tratus
701 4953 845 5005 sum,
873 4941 1119 4998 breviter
1143 4945 1421 5012 scribere,
1451 4948 1837 5006 et'satietatem
1860 4954 2067 5009 oratio-
2168 4952 2501 5023 plicabitur;
2534 4961 2593 5008 et
2645 4953 2793 5022 quod
2842 4960 2929 5009 est
2974 4969 3146 5024 supra
3197 4969 3426 5009 omnem
3478 4960 3711 5007 mentem.

493 5026 586 5082 nis
617 5028 841 5100 lugere,
869 5043 927 5088 et
951 5048 1049 5103 per
1085 5042 1138 5090 te
1174 5036 1441 5094 omnibus
1469 5056 1781 5110 proponere
1816 5044 2063 5101 limatam

491 5120 810 5192 dogmatum
833 5126 1252 5196 expositionem.
1276 5146 1397 5200 quae
1422 5133 1553 5188 satis
1574 5134 1646 5188 sit
1667 5135 1734 5190 ad
1753 5136 2063 5193 docendum

489 5227 592 5268 eos
618 5214 713 5283 qui
745 5230 810 5272 ea
843 5224 1091 5287 utantur,
1122 5235 1246 5291 qua:
1271 5223 1478 5279 sentire
1510 5224 1577 5280 de
1607 5225 1675 5282 iis
1702 5243 1826 5297 quae
1863 5228 2061 5284 dicun—

495 5312 608 5368 tur,
633 5313 690 5361 et
721 5323 844 5376 quae
872 5325 1066 5367 cavere
1094 5321 1387 5383 oporteat:
1420 5318 1681 5385 procedet
1709 5328 1894 5374 autem
1937 5335 2064 5375 ora-

491 5394 574 5451 tio
599 5399 744 5455 serie
769 5410 828 5456 et
851 5401 1048 5458 ordine
1069 5446 1085 5473 ,
1115 5415 1384 5475 quantum
1423 5411 1687 5480 consequi
1733 5419 1946 5480 potero,
1995 5412 2064 5467 ab

566 5612 588 5642 '
634 5612 781 5671 Psal.
821 5608 1001 5682 xixtx,
1057 5619 1141 5672 ll.

2166 5044 2319 5099 nulla
2339 5060 2495 5099 mens
2524 5044 2980 5114 comprehendet,
3009 5045 3264 5115 quamvis
3291 5045 3367 5100 sit
3386 5039 3712 5099 subtilissima

2167 5133 2237 5189 ad
2259 5135 2684 5203 penetrandum,
2713 5142 2770 5190 et
2794 5136 3110 5213 acutissima
3131 5136 3197 5191 ad
3219 5132 3711 5205 contemplandum:

2168 5241 2334 5281 nemo
2367 5226 2535 5296 igitur
2566 5235 2726 5296 putet
2750 5242 2810 5283 se
2840 5227 3381 5296 comprehensurum
3411 5224 3553 5296 quod
3583 5233 3710 5278 com-

2170 5321 2440 5391 prehendi
2478 5337 2589 5375 non
2621 5329 2821 5390 potest,
2854 5335 2959 5376 nec
2997 5328 3353 5391 reperturum
3402 5317 3547 5389 quod
3580 5326 3715 5382 repe-

2172 5413 2268 5466 riri
2306 5428 2416 5468 non
2446 5421 2653 5483 potest.
2712 5412 2936 5467 Frustra
2983 5411 3111 5481 quia
3159 5418 3544 5481 persequetur,
3587 5399 3714 5474 quod

2172 5506 2392 5577 assequi
2421 5522 2532 5561 non
2557 5505 2786 5575 poterit.
2816 5504 2950 5560 Post
2989 5504 3229 5559 inﬁnitas
3248 5519 3383 5575 ergo
3409 5499 3715 5571 excogitata!

1218 5620 1238 5652 ⁸
1261 5618 1400 5675 Psal.
1443 5637 1620 5687 cxvm,
1640 5621 1725 5676 l8.
1796 5623 1814 5655 ⁷
1838 5620 1971 5676 Luc.
2006 5639 2097 5689 xu,
2118 5623 2204 5678 43.
2282 5623 2304 5654 ⁸
2330 5624 2499 5693 Apoc.
2520 5639 2558 5689 ι,
2589 5621 2641 5676 8.
2718 5622 2740 5655 ⁸
2767 5621 2926 5676 Rom.
2957 5637 3031 5688 IV,
3068 5621 3150 5674 l7.

1799 5738 2033 5794 VARIA‘I
2070 5738 2468 5795 LECTIONES.

574 5806 601 5833 ι
643 5796 778 5860 Quia
813 5800 992 5865 Forte,
1028 5803 1162 5870 quis.
