4020 6146
371 309 496 373 1313

1357 311 1642 372 ORATIO
1681 312 1730 370 Ι.
1758 334 1828 346 -ο
1857 309 1955 370 DE
1997 309 2102 369 SS.
2144 310 2584 374 TRINITATE.

3489 323 3624 387 13H.

369 437 419 480 et
464 427 786 480 adinvcntas
818 427 1066 482 rationes
1091 465 1105 489 ,
1155 426 1333 481 solum
1368 425 1687 480 videbimur
1718 433 1936 483 ventos,
1968 424 2010 479 A
2043 421 2112 475 Et
2139 429 2258 476 erat
2285 423 2338 476 in
2365 425 2526 479 Patre
2549 433 2604 480 et
2628 426 2772 495 apud
2811 426 3026 483 Patrem
3051 470 3064 494 ,
3087 443 3197 484 non
3222 429 3406 488 ferens
3428 451 3627 494 secun-

371 529 426 572 ut
451 519 503 572 in
531 518 834 573 Proverbio
859 519 1088 585 dicitur,»
1111 519 1167 572 in
1191 518 1318 573 sinu
1347 519 1635 588 colligere,
1660 526 1716 570 et
1738 531 1940 586 aquam

371 606 422 660 in
451 605 612 675 pallio
647 621 845 677 cogere
876 615 934 660 et
965 607 1317 678 conglobare.
1346 605 1402 661 Si
1436 606 1585 660 enim
1617 613 1862 660 extrema
1886 606 1942 659 in

367 699 1152 755 creaturisnobismortalibus
1175 698 1453 770 incognita
1475 707 1604 753 sunt
1627 699 1777 769 (quis
1790 697 1938 752 enim

365 790 709 846 altitudinem
738 793 863 847 cmli
897 807 1123 847 mensus
1150 792 1278 845 est?
1315 797 1410 844 aut
1437 791 1564 860 quis
1603 789 1938 860 profundum

363 882 523 937 maris
545 883 1166 953 compreltendit?acris
1194 882 1423 948 ﬂuxum,
1450 895 1741 935 ventorum
1764 882 1942 952 impe-

262 978 268 984 ’
363 984 468 1038 tus,
503 982 661 1030 terrae
685 975 1040 1046 gravitatem,
1072 983 1128 1027 et
1150 974 1361 1042 reliqua
1392 973 1716 1028 substantiae
1743 987 1942 1042 corpo-

363 1070 507 1136 reae),
536 1069 582 1123 si
609 1069 747 1132 haec,
782 1067 1032 1138 inquam,
1067 1067 1330 1137 cognosci
1370 1081 1482 1120 non
1518 1076 1772 1134 possunt,
1803 1081 1941 1134 quo-

359 1160 517 1215 modo
561 1161 734 1229 ipsam
794 1171 1052 1216 naturam
1080 1177 1202 1232 qua:
1243 1158 1429 1212 omnia
1470 1157 1698 1221 creavit,
1739 1157 1941 1212 intelli-

359 1251 535 1322 gentia
567 1251 965 1320 comprehendi
999 1268 1162 1322 posse
1191 1247 1542 1311 éxistimare,
1580 1263 1689 1301 non
1722 1263 1937 1303 summa

357 1339 632 1395 dementia
654 1332 784 1394 est?

368 1413 378 1424 ’
425 1432 506 1486 Vl.
541 1431 848 1487 Taceamus
878 1432 1048 1502 igitur
1076 1447 1198 1496 nos,
1228 1441 1289 1486 ut
1314 1447 1543 1488 necesse
1571 1441 1656 1486 est
1681 1473 1694 1497 ,
1731 1429 1937 1499 quibus

354 1534 532 1574 sermo
558 1536 672 1574 non
705 1521 970 1590 suppetit,
1010 1529 1066 1575 et
1095 1529 1250 1575 tonet
1275 1536 1470 1576 rursus
1515 1535 1756 1590 superne
1789 1518 1936 1573 ﬁlius

355 1612 669 1676 tonitrui,'e
700 1611 918 1681 superis
949 1611 1098 1664 unde
1124 1610 1381 1666 eruditus
1416 1611 1542 1676 fuit,
1589 1611 1803 1666 caelesti
1842 1625 1932 1664 sa-

352 1704 556 1773 pientia
584 1705 823 1772 loquens
853 1721 865 1756 :
897 1703 991 1757 det
1019 1703 1313 1758 exordium
1346 1704 1636 1773 proposito
1664 1697 1930 1766 s’ermoni,

2042 511 2162 578 das,
2194 515 2311 568 sive
2343 519 2634 586 temporis,
2668 520 2785 574 sive
2815 521 3036 588 saeculi;
3073 532 3136 578 ut
3171 539 3282 578 non
3317 526 3504 597 aliquo
3541 533 3629 586 in-

2043 607 2347 675 terposito,
2385 625 2415 662 a
2455 609 2732 680 principio
2769 612 2825 664 in
2864 627 2975 681 quo
3010 620 3167 678 erat,
3205 625 3525 684 separetur,
3573 630 3631 675 et

2040 705 2140 760 per
2187 693 2482 748 absurdam
2531 697 2839 766 posituram
2882 699 3223 767 principium
3251 702 3435 771 capiat
3479 704 3629 762 istud

2042 801 2146 838 non
2179 795 2316 840 erat.
2345 786 2502 854 Quod
2523 789 2592 842 ab
2614 789 2724 844 alio
2753 790 3112 860 anticipatur,
3137 806 3248 846 non
3273 803 3457 863 potest
3479 783 3629 851 sem-

2040 879 2262 946 piterne
2298 880 2356 933 in
2413 881 2692 952 principio
2742 883 2928 949 cerni;
2989 900 3172 955 neque
3225 885 3428 956 recipit
3488 889 3627 945 illud

2041 978 2176 1024 erat.

2109 1061 2223 1116 Vll.
2262 1061 2358 1116 Sin
2388 1073 2574 1118 autem
2600 1073 2721 1119 erat
2750 1064 2806 1119 in
2841 1065 3122 1136 principio
3148 1068 3390 1123 Verbum
3413 1109 3427 1134 ,
3477 1078 3535 1125 et
3575 1071 3624 1126 si

2038 1152 2184 1222 apud
2205 1153 2376 1206 Deum
2406 1164 2492 1208 est
2513 1155 2780 1217 Verbum,
2815 1155 3027 1212 scilicet
3051 1157 3198 1226 apud
3227 1159 3445 1214 Patrem
3471 1169 3625 1226 ;‘non

2039 1258 2338 1313 possumus
2371 1229 2737 1316 contemplari
2773 1248 2984 1313 Deum,
3016 1249 3123 1304 nisi
3155 1250 3322 1304 simul
3369 1260 3625 1307 contem-

2035 1337 2256 1405 plemu-r
2285 1337 2528 1392 Verbum
2559 1339 2705 1408 apud
2732 1355 2860 1394 eum
2917 1341 2986 1394 Et
3035 1341 3080 1394 si
3111 1344 3293 1396 omnia
3323 1359 3417 1414 per
3449 1345 3623 1414 ipsum

2037 1429 2182 1498 facta
2206 1437 2352 1494 sunt,
2381 1439 2438 1484 et
2464 1430 2645 1500 ipsum
2687 1432 2901 1502 quando
2945 1448 3044 1501 per
3091 1449 3217 1487 eum
3251 1434 3456 1488 factum
3488 1445 3574 1490 est
3604 1454 3618 1502 ;

2036 1535 2166 1590 pars
2215 1523 2364 1575 enim
2413 1522 2684 1590 temporis
2730 1531 2815 1577 est
2859 1524 3092 1594 quando.
3127 1525 3195 1580 Et
3223 1527 3418 1581 smcula
3451 1528 3623 1599 igitur

2035 1624 2136 1678 per
2185 1624 2311 1663 eum
2371 1610 2513 1665 facta
2545 1622 2717 1666 sunt:
2765 1614 3045 1681 quomodo
3102 1615 3274 1686 igitur
3321 1618 3456 1692 illud
3513 1619 3620 1672 ali-

2035 1701 2269 1770 quando,
2305 1701 2591 1771 antiquius
2621 1712 2846 1758 auctorc
2878 1705 3208 1760 saeculorum
3239 1723 3361 1762 esse
3385 1710 3622 1778 potest?

351 1805 403 1850 et
429 1798 499 1852 sit
529 1796 646 1850 dux
674 1795 838 1850 nobis
870 1795 924 1849 in
954 1796 1057 1850 hac
1091 1796 1179 1850 via
1207 1811 1332 1850 cum
1381 1795 1590 1864 Spiritu
1636 1792 1928 1864 principali
1966 1784 2004 1836 Β
2033 1794 2250 1847 Vanum
2283 1795 2454 1863 igitur
2479 1803 2562 1848 est
2585 1793 2772 1849 dicere
2794 1836 2808 1858 ,
2837 1795 3135 1865 aliquando
3176 1813 3288 1851 non
3320 1814 3440 1852 esse
3461 1839 3474 1862 ,
3521 1798 3618 1867 qui

349 1903 510 1956 quem
539 1886 930 1956 partieipavit,
967 1895 1075 1940 eta
1106 1902 1217 1954 quo
1245 1886 1436 1940 didicit
1474 1886 1527 1940 id
1563 1886 1628 1939 ad
1663 1885 1812 1954 quod
1850 1884 1931 1939 fe-

346 1978 537 2032 stinam
554 1992 642 2042 us,
680 1985 736 2030 et
771 1976 918 2049 dicat
960 1994 973 2030 :
1017 1976 1078 2030 In
1113 1978 1375 2047 principio
1412 1987 1527 2030 erat
1584 1976 1804 2031 Verbum
1830 2017 1843 2040 ,
1881 1984 1929 2028 et

345 2067 574 2122 Verbum
607 2076 722 2121 erat
754 2067 896 2137 apud
927 2067 1131 2132 Deum;
1164 2078 1210 2120 et
1237 2067 1377 2122 Deus
1407 2076 1521 2121 erat
1558 2067 1800 2121 Verbum.
1822 2067 1931 2121 Hoc

343 2169 452 2215 erat
483 2163 538 2214 in
587 2160 846 2230 principio
886 2158 1028 2230 apud
1050 2159 1239 2213 Deum.
1263 2159 1453 2214 Omnia
1469 2176 1561 2229 per
1583 2161 1757 2230 ipsum
1785 2159 1928 2228 facta

340 2251 534 2305 sunt”.
568 2250 666 2305 His
687 2250 836 2304 enim
861 2251 1051 2319 paucis
1073 2251 1570 2320 propositionibus,
1589 2253 1727 2322 quod
1745 2261 1929 2305 notum

342 2353 414 2396 est
441 2340 788 2408 Dei“.dignis
805 2343 918 2397 Deo
953 2343 1310 2397 manifestum
1346 2344 1506 2410 fecit;
1550 2355 1741 2398 notum
1795 2361 1928 2400 vero

341 2432 484 2494 dico,
513 2431 673 2501 quod
700 2439 756 2486 et
778 2446 844 2485 ex
866 2431 1036 2486 Paulo
1069 2433 1264 2497 didici,
1291 2434 1386 2503 qui
1418 2449 1484 2487 ex
1510 2444 1644 2487 noto
1676 2434 1793 2498 Dei,
1824 2435 1927 2489 ali-

341 2523 470 2590 quid
503 2523 761 2593 ignotum
784 2521 880 2576 Dei
909 2535 1030 2575 esse
1059 2521 1411 2592 signiﬁcavit.
1448 2523 1619 2592 Igitur
1648 2523 1794 2592 quod
1826 2541 1927 2578 no-

343 2622 454 2667 tum
476 2623 569 2670 est
601 2615 742 2685 ejus,
781 2622 840 2667 ut
877 2612 1014 2676 dixi,
1042 2612 1130 2667 his
1164 2613 1663 2683 propositionibus,
1688 2615 1929 2671 Joannes

341 2709 518 2778 ampla
559 2707 810 2762 oratione
843 2705 1089 2760 declarat
1117 2723 1129 2758 :
1167 2705 1492 2760 llluminans
1523 2723 1606 2760 eos
1647 2709 1737 2776 qui
1761 2709 1816 2760 in
1848 2717 1928 2761 te-

342 2798 511 2852 nebris
542 2801 584 2829 '*
612 2797 942 2866 ignorantiae
972 2803 1123 2858 sunt,
1151 2810 1219 2849 eo
1241 2795 1451 2850 lumine
1480 2795 1628 2864 quod
1654 2795 1928 2851 illuminat

342 2905 557 2943 omnem
592 2889 857 2941 hominem
895 2888 1189 2940 venientem
1221 2887 1277 2940 in
1317 2887 1454 2939 hunc
1494 2886 1751 2940 mundum
1776 2887 1844 2953 ¹³,
1869 2896 1926 2942 et

342 2982 681 3038 necessitate
723 2996 788 3035 ac
821 2980 874 3034 vi
923 2979 1196 3034 orationis
1245 2979 1548 3034 obstruens
1605 2995 1768 3036 omne
1820 2995 1923 3045 os,

342 3076 488 3145 quod
523 3081 716 3129 contra
751 3075 924 3128 Deum
970 3072 1219 3142 loquitur
1259 3072 1586 3142 injustitiam
1630 3080 1688 3126 et
1722 3073 1926 3142 sempi-

2034 1895 2155 1951 est;
2186 1895 2306 1939 erat
2331 1886 2478 1939 enim
2508 1902 2730 1956 semper
2752 1888 2846 1956 qui
2873 1896 2957 1942 est
2978 1905 2992 1953 ;
3012 1888 3208 1957 quiest
3231 1897 3357 1942 ante
3381 1890 3614 1956 saecula;

2032 1976 2129 2046 qui
2164 1977 2283 2031 sine
2315 1977 2520 2042 medio,
2554 1993 2621 2032 ex
2650 1978 2809 2032 Patre
2836 1994 2934 2048 per
2949 1979 3364 2048 generationem
3387 1996 3617 2048 proces-

2033 2065 2124 2120 sit.
2155 2065 2301 2119 Nihil
2329 2065 2478 2120 cnim
2505 2066 2902 2120 intermedium
2927 2067 3130 2121 divina:
3157 2076 3214 2122 et
3242 2068 3505 2123 inell‘abili
3528 2084 3619 2139 ge-

2032 2158 2307 2212 nerationi
2337 2158 2584 2222 exstitit;
2625 2174 2804 2228 neque
2834 2159 3056 2228 penitus
3084 2161 3387 2230 quidquam
3418 2161 3618 2216 divinae

2032 2259 2244 2304 natura:
2277 2250 2477 2314 adfuit,
2519 2259 2580 2304 ut
2607 2251 2997 2319 interpositum
3030 2262 3212 2316 esset,
3241 2268 3350 2307 non
3382 2255 3615 2308 materia

2031 2338 2265 2393 rationis
2316 2346 2374 2392 et
2424 2337 2640 2393 ordinis
2668 2354 2890 2408 expers,
2924 2348 2985 2393 ut
3025 2340 3317 2395 dementes
3350 2341 3527 2404 aiunt,
3558 2323 3616 2396 et

2031 2430 2244 2484 ratione
2278 2445 2508 2500 prorsus
2535 2437 2582 2484 et
2609 2430 2806 2484 ordine
2835 2440 3116 2496 carentes;
3148 2446 3258 2484 non
3289 2431 3456 2485 chaos
3485 2431 3613 2486 inli-

2031 2522 2230 2587 nitum,
2267 2530 2324 2576 et
2362 2522 2769 2590 inseparabile;
2796 2537 2907 2575 non
2935 2521 3210 2588 tenebrae;
3241 2538 3349 2576 non
3379 2524 3614 2592 profun-

2031 2613 2201 2679 dum;
2231 2629 2340 2667 non
2373 2614 2690 2678 silentium;
2735 2628 2845 2667 non
2875 2629 3221 2683 quaecunque
3263 2613 3419 2682 ﬁngit
3455 2631 3616 2669 mens

2029 2720 2151 2774 qua:
2175 2711 2457 2758 auctorem
2485 2719 2646 2758 suum
2681 2705 2915 2774 ignorat,
2955 2713 3011 2759 et
3037 2704 3247 2759 ﬁctioni
3283 2721 3396 2760 suae
3419 2722 3614 2762 errans

2029 2794 2230 2858 credit,
2256 2794 2483 2848 minime
2509 2794 2804 2850 advertens
2838 2796 3142 2850 absurdum
3164 2837 3179 2862 ,
3209 2797 3324 2851 imo
3345 2798 3608 2864 absurda,

2029 2897 2151 2956 quae
2180 2902 2246 2940 ex
2280 2885 2406 2940 ﬁcta
2434 2892 2492 2940 et
2536 2887 2915 2942 commentitia
2961 2888 3224 2957 opinione
3277 2898 3608 2958 sequuntur.

2027 2979 2245 3032 Etenim
2277 2978 2323 3032 si
2357 2977 2491 3048 quid
2514 2978 2802 3048 generanti
2828 2987 2884 3033 et
2909 2979 3099 3050 genito
3130 2980 3484 3052 interjectum
3510 2997 3609 3052 po-

2027 3069 2209 3135 nitur,
2247 3070 2341 3139 qui
2370 3070 2475 3125 hoc
2506 3069 2689 3124 facere
2721 3069 2912 3134 audet,
2949 3071 3317 3126 substantiam
3343 3072 3610 3127 indecen-

343 3143 558 3221 ternam
585 3165 864 3236 Unigeniti
893 3164 1244 3226 divinitatem
1269 3171 1456 3234 negat,
1484 3180 1554 3219 ex
1585 3179 1698 3235 quo
1731 3164 1922 3234 cogni-
1949 3143 1992 3202 (ἶ
2025 3164 2112 3211 ter
2145 3157 2380 3223 scindit;
2424 3166 2478 3212 et
2510 3173 2631 3213 eam
2681 3174 2712 3213 a
2765 3175 2824 3215 se
2859 3161 2976 3229 ipsa
3033 3162 3276 3233 sejungit
3307 3202 3320 3224 ,
3361 3165 3608 3220 sectione

343 3259 421 3314 tio
469 3258 565 3313 Dei
625 3258 805 3312 Patris
851 3256 919 3311 ad
975 3272 1077 3311 nos
1129 3257 1391 3311 manavit.
1452 3255 1507 3312 Si
1537 3257 1686 3312 enim
1717 3266 1835 3312 erat
1864 3250 1920 3311 in

341 3349 618 3421 principio
636 3350 777 3420 apud
799 3350 973 3403 Deum
997 3350 1144 3404 Deus
1162 3350 1402 3405 Verbum
1426 3365 1440 3415 ;
1461 3350 1724 3404 omnibus
1739 3357 1922 3406 mente

338 3442 594 3512 praeditis
624 3441 976 3495 manifestum
1007 3449 1113 3506 est,
1150 3440 1298 3510 quod
1325 3448 1446 3494 erat
1475 3441 1751 3509 quoddam
1772 3442 1924 3512 prin-

341 3533 553 3600 cipium
579 3531 632 3583 in
648 3545 757 3598 quo
772 3538 890 3584 erat
907 3529 1184 3594 Verbum;
1212 3528 1358 3598 quod
1372 3530 1707 3598 principium
1725 3545 1922 3585 neces-

342 3617 494 3674 sario
527 3623 656 3669 erat
685 3616 829 3669 Deus
876 3615 1021 3684 apud
1067 3631 1233 3684 quem
1274 3622 1396 3668 erat
1445 3616 1710 3670 Verbum.
1767 3616 1924 3671 Sicut

340 3709 517 3781 igitur
544 3723 655 3762 non
684 3715 869 3777 potest
903 3698 1382 3776 comprehendere
1403 3708 1738 3778 principium
1767 3724 1924 3765 mens

340 3816 567 3857 sursum
603 3800 837 3856 tendens
863 3841 877 3864 ,
920 3814 1140 3868 semper
1174 3799 1324 3854 enim
1367 3801 1613 3870 reperiet
1661 3799 1831 3855 altius
1863 3816 1922 3856 se

338 3892 715 3968 principium;
745 3891 825 3946 sic
850 3905 962 3945 non
987 3898 1170 3959 potest
1206 3892 1463 3959 superari
1511 3897 1568 3944 et
1604 3890 1920 3944 transcendi

339 3986 478 4043 illud
509 3994 625 4040 erat
654 4003 672 4051 ;
706 3999 926 4056 semper
957 3983 1107 4065 enim
1141 3983 1386 4038 occurrit
1409 3983 1579 4038 altius
1608 3991 1747 4047 erat,
1771 3982 1920 4038 omni

338 4078 677 4150 cogitatione
708 4087 766 4133 et
793 4091 1029 4132 ascensu
1048 4085 1104 4131 et
1125 4076 1182 4130 in
1217 4075 1516 4130 sublimius
1539 4075 1725 4129 volatu
1752 4074 1922 4130 altius

339 4171 608 4241 positum.
636 4169 792 4225 Licet
821 4169 971 4223 enim
1011 4182 1071 4222 se
1103 4167 1287 4237 ipsum
1318 4167 1445 4236 quis
1480 4175 1664 4222 mente
1695 4175 1751 4221 et
1773 4167 1923 4237 cogi-

339 4263 550 4317 tatione
599 4277 818 4331 semper
867 4261 1095 4316 elevet:
1148 4258 1382 4313 ulterius
1437 4257 1800 4329 progrediens
1856 4273 1922 4313 ac

338 4368 696 4424 promovens,
717 4367 1002 4422 nunquam
1029 4349 1289 4405 transibit
1306 4358 1440 4403 erat.
1459 4348 1740 4418 Anticipat
1755 4347 1918 4402 linem

338 4445 700 4515 principium,
736 4444 888 4514 quod
921 4459 1033 4498 non
1056 4442 1270 4513 patitur
1299 4442 1499 4512 praeire
1541 4456 1874 4510 quemquam
1901 4459 1914 4496 :

335 4536 383 4592 si
409 4535 564 4591 enim
592 4535 931 4605 principium
978 4547 1095 4600 est,
1144 4550 1260 4589 non
1305 4533 1416 4589 erit
1460 4533 1558 4587 ulli
1587 4533 1914 4587 secundum.

336 4627 657 4685 Secundum
693 4628 839 4683 enim
871 4644 983 4682 non
1011 4635 1096 4682 est
1131 4626 1502 4697 principium;
1549 4634 1605 4680 et
1647 4625 1796 4694 quod
1833 4634 1921 4682 est

275 4775 284 4783 ,_
333 4725 388 4776 in
423 4722 708 4792 principio,
740 4735 852 4775 non
887 4729 974 4776 est
1003 4728 1130 4789 post
1164 4719 1520 4790 principium.
1543 4719 1685 4789 Ergo
1711 4719 1755 4772 si
1781 4716 1919 4773 Ve'r—

334 4815 469 4869 bum
510 4823 632 4870 erat
668 4815 723 4866 in
771 4813 1048 4884 principio
1073 4852 1087 4877 ,
1127 4813 1354 4866 omnino
1391 4826 1620 4866 necesse
1659 4818 1746 4866 est
1782 4826 1919 4865 con-

335 4904 594 4976 templari
627 4904 791 4960 simul
825 4903 1062 4958 Verbum
1113 4903 1260 4972 quod
1296 4912 1411 4956 erat
1441 4905 1496 4956 in
1531 4903 1788 4973 principio
1810 4944 1823 4966 ,
1861 4911 1918 4958 et

334 4996 672 5066 principium
703 4995 758 5048 in
791 5009 900 5064 quo
922 5001 1044 5048 erat
1069 4993 1345 5058 Verbum;
1368 5002 1506 5047 etex
1540 5009 1650 5062 quo
1675 4993 1916 5049 dicimus

335 5103 460 5143 esse
495 5087 857 5158 principium,
905 5101 971 5139 ex
1020 5101 1086 5139 eo
1137 5075 1241 5138 ima
1295 5082 1546 5137 confiteri
1578 5084 1817 5138 Verbum
1858 5085 1912 5138 in

335 5179 636 5249 principio.
677 5179 849 5250 Igitur
875 5192 987 5231 non
1022 5175 1190 5229 habet
1220 5177 1402 5229 locum
1431 5215 1444 5237 ,
1475 5191 1578 5227 non
1606 5185 1720 5228 erat
1742 5217 1754 5235 .
1787 5176 1917 5244 quia

337 5287 444 5324 non
471 5281 589 5324 erat
622 5271 966 5324 contrarium
992 5276 1078 5322 est
1108 5267 1184 5320 illi
1217 5277 1355 5319 erat.
1387 5266 1456 5320 Et
1499 5265 1545 5320 si
1592 5276 1712 5319 erat
1737 5305 1752 5328 ,
1783 5283 1922 5335 quo-

337 5362 504 5416 modo
535 5379 645 5416 non
673 5362 830 5416 erat?
859 5359 1000 5426 Quid
1031 5359 1199 5428 igitur
1232 5357 1530 5412 dicendum
1558 5358 1920 5427 relinquitur,

338 5454 445 5509 nisi
493 5453 644 5522 quod
677 5470 782 5506 non
807 5458 925 5505 erat
967 5461 1261 5515 non-erat;
1291 5466 1399 5502 non
1435 5449 1584 5504 enim
1613 5465 1721 5502 non
1760 5458 1919 5516 erat;

339 5544 436 5598 sed
470 5560 690 5614 semper
719 5552 840 5598 erat
890 5542 1202 5598 subsistens
1230 5581 1244 5606 ,
1287 5541 1355 5595 de
1401 5555 1511 5610 quo
1539 5539 1744 5597 dicitur
1778 5551 1917 5594 erat.

417 5735 458 5767 ‘°
495 5735 654 5790 Joan.
687 5750 724 5799 l,
766 5734 895 5788 l-5.
976 5735 1016 5766 “
1070 5734 1225 5788 Rom.
1257 5750 1292 5798 ι,
1329 5733 1414 5788 19.

1492 5732 1534 5763 ¹¹
1575 5731 1706 5786 Luc.
1756 5750 1791 5799 ι,
1851 5728 1938 5782 19.

2027 3259 2283 3320 tanquam
2311 3252 2494 3308 medio
2530 3253 2762 3320 pariete,
2787 3261 2845 3308 el
2876 3255 2972 3309 illo
2999 3255 3258 3325 quopiam
3277 3255 3608 3327 interposito

2023 3340 2414 3408 interceptam.
2445 3339 2514 3394 Et
2555 3339 2705 3422 illius
2746 3357 2942 3397 rursus
2992 3343 3158 3413 primi
3195 3344 3403 3414 magis,
3437 3361 3606 3414 quam

2023 3430 2122 3486 ﬁlii
2142 3431 2459 3501 reperietur
2480 3447 2644 3487 causa
2677 3448 2799 3488 esse
2821 3434 3003 3488 Pater.
3055 3437 3125 3488 At
3147 3435 3427 3504 quomodo
3450 3437 3606 3490 dice-

2025 3533 2117 3580 tur
2140 3523 2381 3592 amplius
2409 3525 2796 3594 primogenitae
2829 3529 3000 3580 omnis
3025 3536 3287 3581 creatum
3311 3527 3377 3592 “,
3399 3529 3445 3582 si
3462 3529 3605 3584 alius

2022 3618 2181 3688 prius
2204 3615 2476 3684 occupet?
2511 3616 2915 3686 primogenitus
2941 3617 3090 3671 enim
3117 3619 3330 3688 primus
3359 3629 3447 3674 est
3480 3635 3602 3674 om-

2021 3709 2443 3777 nium;etipse
2491 3709 2906 3774 estomm'um",
2961 3709 3107 3765 sicut
3151 3709 3448 3780 Apostolus
3502 3712 3599 3776 ait,
3680 3693 3686 3697 ’

2025 3811 2288 3869 tanquam
2317 3806 2628 3854 coaeternus
2649 3811 2861 3855 aeterno
2889 3801 3038 3855 Patri
3059 3802 3254 3856 aeterni
3294 3803 3416 3857 Filii
3447 3821 3460 3856 :
3491 3818 3601 3858 non

2021 3891 2171 3946 enim
2205 3889 2384 3945 solum
2414 3891 2561 3945 Deus
2592 3899 2697 3956 est,
2728 3891 2822 3946 sed
2856 3893 3021 3946 etiam
3050 3892 3246 3959 Pater;
3301 3901 3453 3949 etiex
3490 3911 3602 3965 quo
3696 3957 3702 3964 ,

2022 3981 2190 4044 Deus,
2223 3996 2288 4034 ex
2319 3995 2388 4035 eo
2423 3981 2606 4035 Pater.
2630 3981 2795 4035 Pater
2830 3996 2965 4035 vero
3002 3983 3125 4036 Filii
3154 3983 3338 4047 Pater,
3367 3985 3464 4054 qui
3490 4000 3601 4041 non

2022 4081 2206 4143 potest
2241 4073 2405 4127 aliter
2433 4087 2556 4128 esse
2589 4073 2784 4137 Pater,
2814 4073 2923 4128 nisi
2946 4075 3260 4129 necessario
3291 4075 3602 4132 subsisten-

2025 4167 2094 4220 tis
2124 4164 2442 4219 Filii:sine
2492 4165 2656 4220 Patre
2707 4165 2854 4218 enim
2913 4181 3023 4219 non
3071 4175 3156 4221 est
3211 4168 3402 4223 Filius.
3460 4168 3603 4224 Ante

2021 4258 2207 4312 omnia
2235 4257 2406 4329 igitur
2436 4267 2522 4312 est
2545 4257 2720 4312 Filius
2744 4299 2758 4323 ,
2803 4257 2896 4327 qui
2923 4259 3282 4314 ineﬂ'abiliter
3327 4277 3393 4315 ex
3441 4262 3603 4318 Patre

2021 4351 2119 4420 qui
2175 4365 2302 4404 cum
2361 4350 2593 4420 genuit,
2643 4351 2917 4420 processit
2956 4369 2970 4404 :
3002 4366 3106 4405 nec
3140 4352 3288 4406 enim
3322 4368 3388 4407 ex
3425 4353 3604 4407 nihilo

2021 4441 2288 4513 produxit
2321 4457 2473 4506 eum,
2525 4449 2585 4495 ut
2620 4449 2911 4497 creaturas
2941 4453 2998 4496 et
3026 4457 3220 4496 earum
3251 4453 3464 4512 partes;
3507 4444 3604 4498 scd

2022 4549 2090 4588 ex
2133 4549 2192 4588 se
2236 4533 2457 4587 vivente
2509 4533 2705 4587 vivens
2748 4540 2806 4588 et
2859 4533 3172 4588 subsistens
3217 4534 3496 4599 Verbum,
3548 4544 3605 4589 ct
3685 4521 3687 4523 1

2023 4628 2220 4691 Deum,
2254 4634 2310 4680 et
2337 4625 2564 4679 Filium.
2598 4625 2780 4691 Quare
2829 4627 2923 4695 qui
2971 4626 3110 4680 dicit
3154 4641 3221 4680 ex
3275 4626 3449 4680 nihilo
3481 4642 3604 4683 esse

2025 4733 2177 4782 eum,
2215 4717 2309 4787 qui
2350 4731 2418 4771 ex
2448 4732 2515 4771 eo
2547 4716 2640 4786 qui
2675 4725 2761 4772 est
2786 4759 2801 4780 ,
2834 4717 3118 4788 prodivit;
3153 4717 3326 4788 magis
3357 4718 3410 4772 in
3451 4721 3605 4789 geni-

2025 4820 2224 4876 torem,
2259 4823 2424 4878 quam
2475 4807 2529 4861 in
2588 4809 2833 4878 genitum
2891 4809 3290 4878 blasphemiam
3338 4811 3602 4880 profert:

2024 4901 2159 4972 quid
2189 4901 2338 4956 enim
2370 4901 2548 4970 magis
2586 4899 2813 4970 impium
2852 4910 2966 4963 est,
3003 4917 3167 4971 quam
3201 4917 3327 4956 eum
3355 4904 3446 4972 qui
3486 4913 3600 4967 est,

2024 4994 2212 5048 dicere
2249 5009 2359 5047 non
2390 4993 2547 5048 esse?
2577 5009 2702 5046 nam
2749 4993 2792 5047 si
2836 5010 2901 5048 ex
2934 4995 3093 5048 Patre
3122 4995 3347 5064 quidem
3383 4995 3600 5066 genitus

2021 5093 2129 5150 est,
2152 5087 2246 5154 qui
2277 5101 2406 5140 vere
2435 5095 2538 5149 est,
2564 5085 2728 5139 Pater
2754 5095 2858 5140 est.

2091 5176 2230 5230 Vlll.
2264 5175 2524 5230 Nonnulli
2595 5192 2726 5231 vero
2779 5177 2935 5231 aiunt
2991 5192 3112 5231 esse
3141 5192 3266 5230 eum
3306 5191 3372 5229 ex
3421 5177 3602 5231 nihilo

2023 5267 2293 5335 genitura.
2327 5267 2502 5333 Quam
2556 5255 2628 5320 sit
2658 5267 2760 5321 hoc
2791 5267 3115 5330 absurdum,
3173 5267 3436 5320 onmibus
3471 5268 3601 5322 licet

2023 5359 2382 5428 perspicere;
2410 5373 2636 5412 necesse
2666 5374 2904 5427 namque
2938 5366 3042 5423 est,
3080 5366 3141 5411 ut
3167 5357 3314 5427 quod
3349 5372 3457 5411 non
3487 5360 3597 5425 est,

2021 5450 2353 5504 honoratius
2377 5449 2450 5504 sit
2489 5464 2556 5502 eo
2590 5449 2735 5517 quod
2765 5466 2834 5503 ex
2859 5449 2984 5517 ipso
3012 5449 3317 5518 processit:
3356 5457 3414 5502 et
3435 5463 3597 5519 repe-

2024 5543 2200 5597 rietur
2227 5541 2375 5611 quod
2441 5540 2753 5594 substantia
2789 5548 2964 5606 caret,
3017 5541 3264 5595 nobilius
3302 5555 3426 5596 esse
3465 5541 3600 5597 sul)-

2510 5731 2554 5762 ”
2593 5728 2805 5786 Coloss.
2851 5746 2904 5798 ι,
2948 5730 3032 5786 15.
3124 5729 3166 5762 ’³
3204 5727 3420 5786 Coloss.
3451 5728 3599 5796 1,17.

2961 5839 2988 5853 δ

2033 5733 2076 5764 ³³
2103 5731 2261 5788 Joan.
2311 5747 2348 5798 ι,
2377 5731 2429 5787 9.
