4020 6146
442 242 582 310 i315

1582 241 1644 301 ε.
1667 240 2068 300 ANASTASII
2111 236 2584 300 ANTIOCHENI
2681 312 2684 314 γ

2604 150 2681 207 δ

3548 235 3669 302 1316

443 355 684 422 stantia;
737 364 794 409 et
822 352 1061 426 privatio
1097 352 1339 408 nobilior
1371 351 1601 417 habitu;
1654 361 1751 407 aut
1801 351 2024 406 dicetur
2055 359 2098 413 Α
2127 366 2348 422 semper
2373 351 2698 422 procedere.
2741 348 2833 404 Sic
2855 346 3013 404 enim
3061 346 3144 402 ait
3176 345 3466 403 Dominus:
3507 348 3570 406 de
3620 369 3671 408 se

444 466 556 503 non
579 462 703 503 esse
735 448 916 511 Pater,
953 447 1047 517 qui
1082 446 1275 517 genuit
1306 445 1503 499 Filium
1527 454 1585 498 et
1607 459 1675 498 ex
1711 459 1821 513 quo
1851 444 2025 498 Filius

434 539 667 611 genitus
692 547 800 603 est,
830 554 994 608 quem
1027 537 1316 604 aiuntisti,
1347 538 1466 591 vice
1491 537 1693 601 Patris,
1751 552 1819 591 ex
1848 536 2025 591 nihilo

446 644 588 705 esse.
612 627 820 684 Deinde
843 627 1122 698 quomodo
1154 626 1269 682 ﬁeri
1307 634 1511 697 potest,
1544 634 1605 681 ut
1627 642 1696 682 ex
1752 642 1820 683 eo
1877 625 2024 697 quod

449 721 751 778 substantia
786 730 954 780 caret.
973 729 1030 776 et
1059 735 1171 774 non
1200 727 1304 785 est,
1331 735 1512 791 neque
1538 719 1815 789 principio
1843 734 1942 788 per
1967 734 2027 776 se

447 812 679 873 exstitit,
708 812 836 875 talis
859 812 1039 866 virtus
1062 810 1442 869 substantialis
1461 810 1776 882 prodierit?
1803 810 1858 866 Si
1877 811 2029 867 enim

446 922 558 961 non
591 913 695 968 est,
731 919 843 959 non
879 912 965 959 est
984 904 1328 959 subsistens:
1356 904 1638 974 quomodo
1662 919 1795 974 ergo
1820 920 1888 958 ex
1916 918 2028 958 non

447 997 751 1055 exsistente
772 995 881 1050 erit
900 995 1171 1051 exsistens
1190 1031 1208 1060 ,
1236 1003 1292 1050 et
1312 1010 1380 1049 ex
1416 1010 1484 1049 eo
1506 994 1651 1065 quod
1678 1009 2028 1064 nequaquam

434 1098 554 1152 est,
586 1088 953 1145 substantiam
971 1087 1154 1158 capiet
1177 1087 1322 1156 quod
1352 1087 1476 1142 est?
1499 1087 1635 1141 Nam
1657 1086 1705 1141 si
1730 1093 1834 1150 est,
1857 1099 2027 1139 unum

450 1180 830 1246 onmiumcst;
867 1186 923 1234 et
960 1178 1006 1234 si
1050 1179 1301 1234 omnium
1325 1194 1497 1233 unum
1531 1186 1639 1241 est,
1690 1193 1789 1248 per
1826 1176 2029 1232 Filium

448 1274 701 1345 profecto
737 1272 945 1327 factum
975 1280 1088 1328 est:
1134 1271 1411 1341 siquidem
1475 1272 1657 1325 omnia
1717 1287 1811 1337 per
1856 1272 2029 1343 ipsum

449 1365 595 1436 facta
625 1372 768 1420 sunt.
826 1364 884 1420 Si
917 1375 1103 1420 autem
1126 1363 1275 1433 quod
1297 1379 1410 1417 non
1441 1374 1547 1429 est,
1584 1372 1690 1430 est,
1734 1372 1794 1418 et
1836 1362 2031 1417 dicunt

438 1458 651 1513 ‘Filium
681 1472 803 1512 esse
824 1472 893 1514 ex
939 1457 1150 1522 nihilo;
1189 1455 1350 1526 prius
1377 1455 1559 1525 ipsum
1598 1456 1747 1524 quod
1780 1470 1892 1509 non
1919 1461 2026 1518 est,

449 1549 656 1604 faciant
683 1548 1053 1604 substantiam
1087 1564 1230 1614 esse,
1271 1557 1327 1603 et
1377 1556 1510 1603 tunc
1562 1547 1810 1603 tribuant
1833 1547 1884 1602 ei
1916 1546 2030 1603 vim

448 1639 792 1710 producendi
827 1640 956 1695 talia
981 1641 1252 1710 germina.

523 1729 613 1796 Ix.
665 1730 807 1784 [llud
837 1709 1029 1785 autem
1060 1745 1172 1785 non
1231 1740 1317 1786 est
1345 1731 1834 1795 dissimulandum,
1879 1728 2032 1801 quod
2064 1709 2106 1765 Β

448 1818 514 1874 ad
542 1820 878 1890 propositam
916 1820 1304 1876 tractationem
1335 1820 1493 1877 valde
1520 1821 1894 1877 necessarium
1925 1829 2031 1888 est,

449 1926 614 1965 omne
672 1911 821 1981 quod
874 1928 944 1967 ex
987 1911 1167 1967 nihilo
1214 1911 1420 1967 factum
1450 1922 1557 1978 est,
1590 1913 1701 1967 vim
1724 1912 1933 1968 habere
1973 1920 2035 1967 ut

450 2004 518 2060 ad
568 2004 807 2058 nihilum
868 2018 1066 2058 rursus
1096 2004 1310 2072 redeat,
1340 2005 1594 2075 quamvis
1637 2006 2033 2076 proprietatem

450 2096 574 2165 ejus
599 2096 912 2150 naturalem
945 2097 1122 2167 major
1153 2106 1399 2166 potestas
1455 2097 1681 2152 vincat:
1716 2104 1773 2151 at
1822 2096 2035 2151 sentire

453 2187 558 2242 huc
586 2186 654 2241 de
687 2186 848 2252 Filio,
910 2195 1198 2243 extremus
1244 2189 1443 2243 anima:
1504 2187 1770 2243 interitus
1799 2194 1904 2243 est.
1954 2188 2036 2243 Ex

449 2279 614 2334 Patre
645 2278 814 2349 igitur
842 2289 929 2334 est
961 2279 1271 2334 secundum
1321 2287 1601 2343 naturam,
1639 2287 1695 2333 et
1721 2294 1832 2333 non
1861 2295 1928 2334 ex
1954 2279 2038 2333 ni-

451 2370 570 2437 hilo
592 2370 797 2425 Filius:
831 2369 980 2440 quod
1001 2369 1046 2425 si
1070 2379 1157 2426 est
1179 2385 1245 2424 ex
1268 2370 1428 2425 Patre
1445 2369 1752 2425 secundum
1778 2379 2037 2425 naturam

452 2463 650 2527 Filius,
713 2471 800 2516 est
836 2462 1003 2532 igitur
1038 2460 1387 2523 homousios,
1421 2459 1476 2513 id
1527 2469 1633 2523 est,
1668 2459 2037 2514 consubstan-

447 2554 605 2608 tialis
641 2553 794 2608 Patri
832 2552 929 2622 qui
962 2551 1185 2624 genuit:
1223 2566 1388 2607 omne
1413 2552 1564 2607 enim
1596 2551 1846 2623 genitum
1905 2567 2040 2607 con-

451 2647 819 2703 substantiale
846 2658 931 2702 est
971 2646 1115 2718 patri
1171 2634 1489 2717 generanti;
1536 2654 1595 2700 et
1639 2645 1790 2715 quod
1847 2652 2037 2715 aptum

451 2748 643 2795 natum
675 2747 761 2793 est
789 2738 859 2792 ad
893 2737 1291 2809 generandum,
1326 2737 1578 2809 ejusdem
1612 2736 1940 2793 substantia:
1954 2743 2040 2791 est

453 2846 580 2886 cum
607 2846 674 2885 eo
723 2830 813 2885 cui
859 2840 1057 2885 natura
1103 2829 1333 2885 insitum
1370 2838 1457 2885 est
1487 2843 1775 2900 generare.
1809 2826 1922 2883 Hac
1954 2843 2041 2882 ra-

456 2924 607 2980 tione
644 2923 837 2978 dicunt
898 2922 1089 2977 Patres
1140 2920 1196 2976 in
1224 2921 1447 2976 Nicaeno
1474 2921 1733 2986 concilio,
1780 2919 1949 2974 Deum
1977 2933 2042 2971 ea:

456 3017 563 3071 Deo
583 3033 602 3082 ;
624 3024 682 3070 et
707 3028 903 3069 rursus
946 3013 1125 3069 iumen
1151 3030 1216 3068 ea;
1237 3013 1467 3068 lumine:
1496 3012 1681 3083 qualis
1698 3011 1846 3066 enim
1877 3011 2041 3067 Pater

452 3117 560 3174 est,
599 3107 726 3162 talis
772 3106 946 3161 Filius
995 3106 1305 3162 secundum
1353 3103 1745 3171 substantiam.
1793 3103 2044 3158 Declarat

456 3203 563 3257 hoc
581 3200 746 3271 plane
772 3198 1021 3270 energia,
1054 3199 1109 3253 id
1142 3207 1233 3252 est
1259 3197 1546 3268 operatio:
1584 3195 1861 3265 siquidem
1905 3209 2045 3269 quo-

454 3301 693 3379 rutn‘est
725 3308 839 3347 una
876 3291 1127 3362 energia,
1162 3304 1273 3345 una
1299 3297 1386 3344 est
1427 3287 1779 3355 substantia;
1837 3297 1895 3343 et
1924 3286 2044 3342 vice

453 3406 637 3455 versa,
658 3402 897 3461 quorum
929 3397 1015 3443 est
1043 3386 1353 3442 substantia
1388 3379 1520 3450 una,
1556 3399 1667 3439 una
1691 3383 1853 3453 plane
1885 3398 2046 3436 erier-
2086 3410 2089 3413 -

448 3484 544 3555 gia
576 3482 691 3538 sive
715 3480 968 3551 operatio
990 3488 1094 3535 est.
1110 3478 1180 3534 Et
1203 3478 1471 3534 Dominus
1498 3476 1567 3530 ad
1590 3474 2042 3545 redarguendu‘m

447 3575 700 3641 Judaeos,
725 3572 1269 3630 cum‘obtrectabant
1293 3571 1369 3634 ei,
1401 3569 1548 3640 quod
1585 3569 1847 3624 dixisset:
1879 3566 2044 3622 Filius

452 3667 555 3721 .I)ei
588 3681 706 3719 sunt
737 3664 800 3729 ¹⁶,
827 3662 1018 3717 docuit
1048 3662 1430 3731 operationem
1450 3658 1776 3715 esseinstar
1796 3654 2045 3712 omnium

447 3757 696 3815 aliorum
723 3754 789 3809 ad
817 3753 1187 3809 attestandam
1230 3750 1556 3814 veritatem,
1596 3764 1723 3803 cum
1761 3747 1941 3801 dixit:
1986 3744 2044 3801 Si

447 3867 568 3909 mon
599 3850 736 3921 facio
768 3862 932 3918 opera
973 3845 1150 3900 Patris
1187 3845 1312 3909 mei,
1373 3859 1439 3897 ne
1498 3842 1694 3896 credite
1751 3841 1920 3895 mihi:
1961 3840 2045 3895 sin

450 3950 644 3999 autem
690 3939 824 4010 facio
850 3978 865 4003 ,
911 3938 1006 3991 etsi
1054 3937 1184 3990 mihi
1218 3951 1323 3988 non
1378 3934 1613 4000 creditis,
1648 3931 1888 4004 Operibus
1915 3931 2044 3985 meis

453 4034 675 4098 credite,
698 4039 755 4086 ut
777 4031 957 4086 sciatis
985 4040 1035 4084 et
1091 4028 1439 4099 cognoscatis,
1471 4025 1610 4097 quod
1635 4042 1728 4096 ego
1745 4026 1803 4080 in
1861 4024 2041 4090 Patre,

460 4142 509 4185 ct
534 4128 700 4185 Pater
723 4129 778 4182 in
813 4143 896 4181 me
922 4134 998 4180 est
1041 4126 1104 4178 ".
1131 4126 1313 4191 Quare
1345 4122 1599 4177 absoluta
1641 4118 2044 4175 demonstratio

452 4231 570 4288 εει,
595 4230 653 4278 ει
685 4237 807 4292 quae
840 4218 1045 4276 sufﬁcit
1074 4226 1131 4274 et
1172 4215 1349 4271 refelli
1382 4230 1498 4269 non
1546 4220 1751 4293 potest,
1805 4210 2046 4266 consub-

455 4313 843 4370 stantialitatis
885 4311 1079 4367 eadem
1138 4309 1318 4365 Patris
1365 4315 1423 4362 et
1456 4305 1582 4362 Filii
1607 4303 1857 4374 operatio
1880 4318 2044 4389 :_qu:e

2127 440 2384 511 quidem;
2411 443 2546 495 Ante
2571 458 2752 495 omnes
2771 439 2930 493 colles
2958 445 3178 510 generat
3202 453 3284 491 me
3306 438 3369 502 ¹⁶,
3399 438 3463 494 de
3484 439 3671 511 Spiritu

2127 544 2311 590 autem
2340 543 2554 598 sancto,
2600 533 2704 600 Qui
2743 550 2807 588 ea:
2836 532 3000 588 Patre
3026 531 3256 604 procedit
3301 530 3362 585 ’⁸.
3406 532 3674 591 Diversilas

2129 637 2317 684 autem
2339 626 2718 703 generationis
2740 635 2797 683 et
2819 624 3194 698 processionis
3213 639 3325 678 non
3367 622 3677 681 demonstrat

2127 721 2453 778 substantiae
2492 720 2901 775 diﬁ'erentiam:
2934 733 3048 774 non
3071 717 3220 771 enim
3238 714 3537 771 diﬁ'erentia
3553 717 3678 771 exsi-

2131 812 2349 869 stentite
2376 811 2655 884 signiﬁcat
2677 826 2821 878 esse,
2855 811 2953 867 sed
2982 809 3266 881 quomodo
3299 823 3419 864 esse
3438 807 3677 874 declarat,

2130 915 2392 961 manente
2417 905 2611 962 eadem
2645 904 2958 961 substantia
2991 904 3114 974 ejus
3152 918 3221 957 ex
3251 916 3384 972 quo,
3423 909 3477 955 et
3509 916 3680 955 eorum

2128 999 2225 1069 qui
2254 1014 2324 1055 ex
2350 999 2472 1068 ipso
2499 1009 2650 1063 sunt,
2675 996 2988 1054 secundum
3010 994 3366 1050 diﬁ'erentem
3414 993 3610 1047 modum
3633 994 3678 1060 δ,

2132 1089 2185 1144 id
2220 1098 2327 1155 est,
2350 1090 2697 1145 intellectum.
2721 1088 2915 1145 Modus
2940 1102 3094 1159 ergo,
3124 1095 3186 1141 ut
3208 1085 3419 1142 dictum
3443 1084 3669 1148 est,exsi-

2131 1183 2349 1241 stentiae
2377 1182 2643 1240 differens
2666 1191 2779 1250 est;
2815 1183 2955 1238 ratio
2979 1198 3113 1237 vero
3144 1178 3466 1235 substantiae
3484 1176 3679 1243 eadem;

2130 1290 2199 1331 ex
2227 1276 2421 1331 eodem
2454 1276 2627 1342 enim,
2652 1277 2785 1331 licet
2804 1291 2914 1330 non
2940 1273 3220 1331 similiter.

2201 1367 2294 1423 XI.
2326 1369 2405 1424 Ne
2433 1369 2701 1425 miremur
2750 1370 2919 1440 igitur
2972 1367 3291 1431 Dominum,
3324 1379 3447 1420 cum
3501 1361 3686 1419 utrius-

2131 1477 2240 1532 que
2266 1462 2498 1525 exitum,
2530 1462 2739 1517 exitum
2765 1478 2834 1518 ex
2862 1462 3025 1517 Patre
3061 1467 3256 1523 vocat;
3289 1458 3404 1529 Ego
3446 1458 3595 1519 enim,
3622 1455 3690 1509 in-

2131 1553 2274 1621 quit,
2305 1568 2370 1605 ea:
2400 1552 2567 1607 Patre
2608 1553 2766 1616 exivi,
2816 1559 2865 1605 et
2892 1551 3044 1605 venio
3074 1550 3140 1602 '°.
3167 1550 3236 1604 Et
3278 1562 3507 1602 rursus:
3537 1543 3689 1614 Spiri-

2134 1654 2238 1711 tus,
2279 1647 2427 1717 quia
2482 1644 2647 1699 Patre
2671 1645 2905 1716 procedit
2954 1644 3023 1696 “.
3072 1642 3193 1698 Etsi
3247 1640 3399 1696 enim
3442 1638 3604 1702 exire,
3643 1646 3690 1692 et

2135 1737 2442 1811 procedere
2478 1737 2622 1792 idem
2679 1736 2774 1791 hic
2822 1735 3160 1807 signiﬁcant,
3209 1732 3488 1804 praecipue
3530 1740 3692 1785 tamen

2135 1829 2549 1900 processionem
2584 1827 2823 1898 Spiritui
2847 1835 3040 1881 sancto
3065 1821 3524 1886 accommodavit,
3570 1821 3696 1876 sicut

2134 1920 2238 1976 sibi
2271 1921 2709 1991 generationem.
2746 1919 2905 1975 Sicut
2925 1919 3075 1973 enim
3099 1917 3267 1972 Pater
3292 1922 3520 1970 vocatur
3543 1911 3699 1982 Spiri-

2135 2022 2247 2078 tus,
2274 2021 2332 2068 et
2352 2012 2527 2067 Filius
2558 2012 2690 2066 item
2720 2009 2986 2082 Spiritus,
3012 2009 3324 2065 secundum
3383 2006 3513 2062 illud
3546 2025 3560 2059 :
3590 2003 3700 2075 Spi-

2136 2107 2270 2159 ritus
2303 2113 2380 2160 est
2412 2105 2493 2167 “;
2529 2116 2585 2160 et
2616 2104 2776 2170 illud,
2811 2101 3043 2175 Spiritus
3072 2102 3224 2174 faciei
3267 2109 3467 2155 nostra:
3488 2097 3702 2154 Christus

2137 2195 2392 2251 Dominus
2427 2197 2504 2250 ’δι
2538 2197 2760 2267 preprie
2783 2204 2966 2250 tamen
2980 2194 3074 2250 hic
3092 2202 3178 2249 est
3206 2192 3453 2264 Spiritus
3479 2197 3702 2252 sanctus,

2136 2289 2232 2360 qui
2278 2297 2527 2345 sanctam
2560 2289 2890 2344 Trinitatem
2942 2286 3209 2358 complet.
3261 2285 3383 2351 Sic,
3417 2283 3519 2339 etsi
3552 2282 3708 2337 Filius

2137 2392 2196 2437 et
2226 2381 2469 2451 Spiritus
2498 2389 2725 2436 sanctus
2774 2380 3039 2435 dicuntur
3073 2379 3232 2434 exire
3259 2392 3338 2433 ex
3372 2378 3563 2438 Patre,
3594 2389 3707 2445 pro-

2138 2473 2318 2528 cessio
2349 2481 2532 2526 tamen
2579 2471 2857 2541 praecipue
2918 2468 3159 2541 Spiritus
3192 2470 3382 2525 sancti
3437 2476 3540 2529 est,
3582 2466 3710 2522 sicut

2137 2564 2423 2637 generatio
2457 2573 2543 2619 est
2572 2564 2718 2618 Filii.
2742 2562 2922 2630 Quare
2948 2573 2970 2602 ο
3005 2561 3325 2633 ingenitum
3374 2568 3432 2616 et
3484 2558 3709 2630 genitum

2138 2667 2197 2713 et
2248 2648 2581 2727 procedens,
2625 2672 2749 2727 quae
2801 2654 3028 2726 quidem
3083 2662 3341 2711 sanctam
3401 2652 3708 2708 Trinitatem

2140 2746 2514 2809 constituunt,
2535 2746 2702 2800 unius
2730 2754 2788 2800 et
2820 2744 3072 2817 ejusdem
3111 2751 3335 2800 natura:
3371 2752 3536 2799 sunt:
3567 2741 3704 2812 inge-

2138 2838 2320 2893 nitum
2349 2848 2534 2892 autem
2558 2851 2705 2901 esse,
2748 2844 2806 2891 et
2847 2835 3096 2905 genitum
3124 2848 3272 2898 esse,
3318 2843 3376 2890 et
3425 2831 3708 2905 procedere

2141 2945 2252 2985 non
2283 2937 2411 2984 sunt
2432 2928 2577 2982 inter
2608 2942 2666 2983 se
2696 2926 2935 2983 similia:
2960 2925 3148 2981 differt
3172 2927 3328 2981 enim
3361 2923 3632 2997 generatio
3649 2922 3709 2976 ab

2069 3057 2111 3114 Ο
2147 3020 2588 3091 ingeneratione,
2621 3027 2679 3074 et
2712 3018 3002 3089 processio
3035 3035 3066 3073 a
3094 3018 3460 3101 generatione
3497 3026 3553 3072 et
3573 3017 3713 3085 inge.

2146 3114 2464 3180 neratione;
2517 3113 2574 3167 in
2632 3112 2836 3182 quibus
2871 3119 3056 3166 autem
3101 3112 3221 3167 hinc
3279 3120 3434 3175 sunt,
3484 3109 3711 3178 ejusdem

2144 3206 2469 3268 substantiae
2486 3213 2542 3260 et
2565 3213 2780 3261 natura:
2806 3215 2957 3261 sunt.
2991 3205 3467 3276 Eamdemﬂigitur
3482 3204 3717 3259 substan-

2146 3297 2276 3352 tiam
2319 3296 2557 3351 dieimus
2610 3303 2813 3350 sanctae
2840 3293 3168 3360 Trinitatis;
3226 3294 3559 3349 Trinitatem
3587 3288 3714 3345 dici-

2143 3407 2269 3448 mus
2293 3407 2407 3447 non
2451 3390 2917 3455 substantiarum,
2975 3390 3071 3446 sed
3123 3406 3524 3461 personarum:
3562 3401 3718 3443 unttm

2144 3485 2293 3540 enim
2319 3487 2490 3539 Deum
2515 3482 2843 3552 proﬁtemur
2881 3499 2995 3539 non
3023 3489 3288 3548 humero.
3350 3483 3449 3539 sed
3492 3492 3675 3537 natura
3702 3498 3716 3537 :

2144 3591 2254 3631 non
2277 3576 2427 3631 enim
2458 3575 2606 3646 quod
2625 3586 2713 3631 est
2739 3576 2970 3631 omnino
3001 3591 3171 3630 unum
3197 3566 3462 3642 numero,
3515 3574 3722 3629 omnino

2143 3669 2311 3724 etiam
2334 3678 2422 3723 est
2445 3683 2614 3722 unum
2660 3675 2882 3722 natura.
2919 3668 2990 3722 Et
3047 3683 3223 3722 unum
3260 3667 3596 3732 substantia,
3624 3680 3720 3731 non

2144 3769 2230 3817 est
2258 3761 2486 3816 omnino
2522 3776 2695 3815 unum
2721 3774 2981 3816 numero.
3027 3759 3285 3829 Exempli
3337 3776 3509 3817 causa
3573 3775 3724 3814 mnu-

2145 3850 2276 3906 dum
2293 3865 2611 3934 sumemus:
2646 3850 2739 3904 hic
2766 3859 2852 3905 est
2871 3865 3107 3906 numero
3139 3852 3376 3921 quidem
3415 3866 3592 3917 unus;
3625 3864 3722 3904 non

2144 3950 2332 3998 autem
2365 3950 2454 3999 est
2487 3958 2632 3998 unus
2660 3951 2882 4008 natura,
2902 3942 3000 3998 sed
3018 3944 3193 3998 multa
3235 3960 3309 4000 ex
3348 3945 3556 4016 quibus
3593 3958 3728 3999 com-

2146 4035 2368 4106 positus
2393 4044 2512 4091 est:
2546 4049 2617 4090 ac
2650 4051 2847 4090 rursus
2884 4035 3073 4101 homo,
3104 4052 3254 4092 unus
3281 4032 3513 4107 quidem
3546 4044 3628 4091 est
3644 4050 3728 4088 na-

2149 4134 2307 4192 tura;
2363 4125 2621 4183 inﬁnitus
2657 4133 2847 4182 autem
2890 4141 3148 4183 numero.
3205 4129 3281 4185 Et
3324 4137 3519 4187 sancta
3575 4128 3729 4198 igitur

2146 4219 2392 4275 Trinitas
2426 4233 2571 4275 unus
2593 4219 2741 4274 Deus
2767 4228 2855 4275 est
2897 4219 3236 4287 substantia,
3286 4237 3528 4277 numero
3558 4227 3724 4275 autem

2144 4312 2388 4368 Trinitas
2419 4312 2474 4367 iu
2498 4312 2681 4380 Patre,
2713 4320 2771 4368 et
2807 4312 2966 4379 Filio,
3007 4322 3066 4368 et
3089 4313 3310 4384 Spiritu
3333 4324 3534 4371 sancto
3549 4314 3731 4370 adora-

455 4406 611 4462 cuim
666 4404 820 4459 videt
868 4404 1086 4458 Patrem
1137 4400 1459 4467 facientem,
1503 4397 1636 4454 facit
1682 4396 1888 4463 Filius;
1930 4411 2039 4450 non

2149 4412 2224 4471 ta,
2249 4413 2305 4461 et
2345 4404 2678 4476 ὁριζομένηε
2711 4397 3002 4475 nunquam
3029 4414 3223 4461 autem
3252 4416 3550 4463 contracta
3596 4406 3725 4460 intra

450 4497 644 4569 qualia
667 4495 818 4558 facit,
844 4493 944 4548 sed
985 4508 1110 4562 quae
1141 4492 1292 4547 facit.

529 4588 601 4645 Χ.
638 4588 790 4643 Idem
819 4587 889 4640 de
916 4585 1129 4655 Spiritu
1163 4593 1357 4639 saneto
1382 4590 1440 4639 et
1477 4583 1760 4638 credimus
1780 4590 1837 4637 et
1865 4581 2042 4636 conﬁ-

459 4693 664 4744 temur,
693 4695 816 4735 esse
830 4678 1062 4734 scilicet
1085 4677 1617 4732 consubstantialem
1644 4676 1793 4732 Patri
1815 4683 1871 4731 et
1900 4675 2043 4730 Filio

456 4784 519 4829 et
534 4780 898 4836 coaeternum,
927 4778 1122 4840 utpote
1149 4784 1370 4841 semper
1404 4771 1827 4825 coetsisteutem
1850 4785 1867 4822 :
1891 4768 2040 4838 quod

454 4866 610 4923 enim
642 4874 727 4920 est
769 4863 1076 4919 secundum
1102 4862 1473 4919 substantiam
1502 4862 1665 4917 Pater
1694 4861 1790 4931 qui
1824 4861 2037 4931 genuit,

457 4968 520 5013 et
544 4956 718 5013 Filius
744 4955 841 5026 qui
888 4954 1112 5026 genitus
1138 4961 1247 5020 est,
1294 4953 1403 5009 hoc
1437 4953 1618 5023 ipsum
1667 4958 1754 5005 est
1800 4950 2041 5021 Spiritus

460 5058 724 5116 sanctus;
755 5056 812 5104 et
834 5048 981 5103 sicut
1032 5046 1209 5101 Filius
1232 5061 1302 5102 ex
1346 5045 1532 5108 Patre,
1569 5042 1650 5097 sic
1690 5050 1747 5097 et
1801 5041 2045 5112 Spiritus

459 5150 692 5200 sanctus
711 5157 779 5197 ex
807 5141 952 5196 Deo:
977 5140 1069 5195 ille
1086 5137 1310 5209 quidem
1329 5136 1575 5208 genitus,
1607 5144 1658 5190 et
1689 5135 1815 5190 ideo
1840 5135 2041 5202 Filius;

461 5235 556 5292 hic
576 5241 761 5289 autem
818 5231 1144 5303 procedens,
1192 5239 1249 5284 et
1277 5236 1364 5283 est
1407 5226 1679 5297 Spiritus:
1717 5227 1804 5282 vel
1859 5229 2045 5298 potius

460 5322 761 5381 dicendum
786 5330 893 5388 est,
927 5321 1083 5378 illum
1102 5317 1328 5390 quidem
1357 5317 1647 5389 generari,
1675 5316 1827 5372 hunc
1855 5326 2043 5372 autem

538 5440 580 5473 ¹⁶
600 5440 760 5496 Joan.
784 5455 841 5503 x,
872 5438 961 5493 '56.
1042 5438 1084 5469 "
1106 5435 1241 5491 ibid.
1276 5433 1462 5490 57-58.

464 5510 554 5567 26.
602 5511 860 5568 "'Joan.
912 5525 987 5575 tv,
1034 5507 1127 5562 24.
1204 5508 1250 5541 ⁸³
1280 5506 1487 5562 Thren.
1517 5520 1591 5572 tv,
1637 5505 1727 5559 20.

1577 5434 1619 5465 "'
1645 5433 1807 5489 Prov.
1832 5451 1944 5502 vui,
1969 5434 2059 5490 2’5.

2150 4498 2508 4563 Trinitatem,
2556 4513 2662 4553 nec
2708 4497 2829 4555 fusa
2869 4505 3024 4554 extra
3080 4498 3319 4555 hancad
3349 4500 3525 4556 alium
3555 4512 3729 4554 nume-

2147 4603 2309 4655 rum;
2343 4603 2456 4642 non
2493 4588 2644 4643 enim
2668 4587 2752 4643 fas
2784 4595 2869 4643 est
2908 4595 3005 4642 aut
3034 4588 3369 4645 dualitatem
3414 4590 3723 4659 intelligere,

2146 4675 2697 4746 autquaternitatem
2748 4674 3130 4744 introducere,
3184 4685 3291 4731 aut
3327 4692 3459 4732 eum
3497 4678 3603 4733 hoc
3622 4690 3725 4746 my-

2146 4768 2286 4824 stico
2333 4776 2539 4823 sanetae
2598 4766 2887 4823 Trinitatis
2935 4783 3173 4823 numero
3220 4771 3595 4841 conjungere,
3645 4772 3727 4822 aut

2146 4859 2356 4930 aliquid
2405 4875 2473 4915 ex
2509 4874 2576 4914 eo
2597 4859 2841 4915 demere.
2883 4859 3129 4916 Trinitas
3169 4861 3329 4916 enim
3358 4870 3453 4919 est
3509 4875 3725 4931 semper,

2146 4960 2264 5006 tota
2290 4951 2554 5017 creatrix,
2608 4959 2720 5006 tota
2766 4952 3073 5018 adoranda,
3124 4964 3417 5011 coaeterna
3463 4956 3588 5021 sibi,
3628 4952 3729 5008 sola

2151 5043 2432 5099 increata:
2465 5051 2619 5098 creat
2663 5044 2834 5109 enim,
2873 5059 2986 5098 non
3045 5055 3302 5100 creatur:
3333 5047 3480 5103 nihil
3509 5063 3575 5103 ea
3607 5043 3731 5101 anti-

2150 5135 2338 5204 quius,
2365 5141 2460 5193 aut
2484 5134 2766 5204 posterius
2793 5151 2808 5188 :
2837 5134 2972 5190 illud
2995 5135 3143 5190 enim
3168 5145 3303 5191 ante
3324 5147 3383 5193 et
3406 5149 3547 5210 post,
3564 5147 3730 5208 partes

2152 5226 2422 5296 temporis
2440 5237 2605 5293 sunt;
2632 5226 2778 5281 Deus
2810 5234 2996 5282 autem
3021 5216 3343 5298 temporum
3370 5238 3599 5286 auctor:
3633 5240 3729 5281 non

2150 5318 2304 5374 enim
2330 5317 2434 5373 sub
2465 5324 2715 5388 tempore
2743 5330 2860 5374 est:
2910 5319 3257 5390 impossibile
3306 5330 3501 5378 autem
3521 5329 3605 5377 est
3638 5317 3729 5373 ali-

2171 5434 2216 5468 ¹⁹
2248 5435 2410 5490 Joan.
2439 5450 2531 5501 xv,
2558 5434 2650 5491 26.
2764 5435 2812 5469 ³⁸
2839 5436 2999 5492 Joan.
3027 5454 3138 5506 xvi,
3169 5437 3267 5494 27.
3384 5441 3430 5474 ἰ
3461 5440 3618 5498 Juau.
3650 5449 3727 5499 xv,

1746 5620 1982 5676 VAlilz’E
2024 5620 2432 5679 LECTIONES.

561 5718 596 5803 ξ
622 5716 836 5774 Nedum
865 5717 1116 5791 ἔκληψιν.

1220 5727 1241 5758 ε
1279 5716 1466 5788 Ingen.
1503 5715 1664 5787 genii.
1699 5722 1749 5770 et
1784 5716 1992 5787 proced.
2031 5715 2346 5788 ἀγεννησία,
2391 5716 2666 5791 γέννησις,
2712 5714 3057 5788 ἐκπύρωσις.
