4020 6146
1316 257 1326 268 ’
1371 279 1660 343 ORATIO
1698 278 1747 341 1.
1784 304 1842 316 —
1876 248 1989 337 DE,
2014 276 2116 335 ss.
2156 270 2599 334 TRlNlTATE.

343 397 473 469 quid
504 394 645 451 infra
664 393 996 449 Trinitatem
1028 386 1381 464 intelligere;
1420 389 1696 460 siquidem
1777 384 1922 457 quod
1955 390 1997 443 A
2027 383 2242 447 uitatis,
2279 399 2387 437 una
2427 380 2578 437 enim
2607 386 2722 445 est;
2774 386 2832 447 at
2858 393 2967 433 non
3005 375 3085 432 sic
3129 387 3213 431 est
3261 388 3514 449 augusta.
3550 390 3611 433 ut

344 488 483 545 infra
508 485 876 542 substantiam
900 484 1226 547 collocatur,
1253 498 1440 538 secum
1462 481 1630 536 infert
1653 495 1775 550 qua:
1795 486 1925 534 sunt

342 581 590 652 ejusdem
665 578 1014 634 substantiae.
1091 577 1302 631 Idcirco
1361 575 1505 630 nihil
1580 572 1794 629 humile
1856 570 1926 626 de

342 685 452 725 uno
489 669 818 734 sentiamus,
865 682 936 722 ne
988 665 1153 721 simul
1208 664 1420 720 humile
1458 662 1757 718 reddamus
1804 660 1928 716 uni-

342 775 736 818 versumznon
762 759 911 814 enim
947 758 1163 829 patitur
1197 757 1348 812 Deus
1383 772 1414 812 a
1461 752 1925 812 consubstantiali

343 853 832 924 separari;neque
880 850 1115 922 gloriam
1165 848 1324 903 ducit
1349 847 1596 904 dedecus
1645 848 1788 918 ejus,
1828 845 1925 916 qui

342 962 466 1000 cum
498 945 649 1015 ipso:
681 953 768 999 est
794 951 980 998 autem
1022 941 1267 998 dedecus
1296 940 1432 997 illud
1469 939 1705 1012 quando,
1736 948 1792 994 et
1820 955 1925 991 non

340 1041 475 1099 erat,
498 1042 555 1089 et
588 1042 849 1099 creatum,
881 1040 939 1089 et
972 1048 1036 1087 ex
1065 1048 1169 1086 non
1204 1032 1609 1089 existentibus:
1644 1046 1768 1100 qua:
1795 1037 1925 1084 sunt

342 1127 526 1181 omnia
546 1141 575 1180 a
594 1125 769 1196 gloria
790 1126 887 1181 Dei
914 1125 1120 1180 aliena.

410 1216 527 1272 XII.
556 1216 661 1283 Qui
711 1216 884 1287 igitur
931 1226 1181 1273 sanctam
1215 1217 1549 1272 Trinitatem
1595 1216 1769 1272 Deum
1801 1229 1927 1271 esse

344 1310 693 1380 proﬁtemur,
720 1324 1067 1380 quaecunque
1096 1309 1166 1364 de
1204 1310 1319 1365 Deo
1346 1309 1515 1376 dicta,
1542 1309 1748 1364 absona
1772 1315 1923 1375 sunt,

345 1402 484 1456 nihil
538 1417 734 1457 eorum
763 1417 833 1456 ne
854 1401 1167 1472 cogitemus
1203 1402 1452 1473 quidem,
1496 1401 1701 1457 nedum
1737 1402 1926 1471 lingua

344 1495 661 1550 efferamus.
686 1494 824 1550 Cum
855 1504 1093 1550 testatur
1116 1496 1264 1550 Deus
1285 1495 1354 1550 de
1384 1494 1524 1549 Filio
1549 1513 1579 1549 a
1607 1510 1667 1550 se
1715 1494 1924 1565 genito,

344 1584 493 1654 quod
526 1600 589 1637 ea:
612 1592 761 1637 utero
789 1594 912 1638 ante
942 1583 1243 1655 Luciferum
1262 1585 1453 1655 genuit
1474 1599 1603 1638 eum
1620 1584 1689 1648 “,
1712 1592 1927 1637 uterum

345 1675 669 1746 intelligein
706 1676 928 1731 occulto
954 1676 1295 1731 reconditam
1334 1687 1392 1731 et
1430 1676 1766 1741 ineffabilem
1791 1676 1925 1731 sub-

2027 489 2139 529 una
2194 472 2509 546 hypostasis
2538 470 2851 526 divinitatis
2903 469 3436 525 circumscribatur:
3489 488 3613 542 qua:

2026 582 2137 620 una
2167 566 2393 636 quidem
2428 573 2534 631 εει,
2564 572 2625 619 ιιι
2652 564 2953 629 divinitas;
2985 570 3045 617 ut
3097 570 3281 617 autem
3318 573 3445 618 sunt
3480 579 3611 633 pro-
3632 577 3648 591 δ

2027 659 2293 729 prietates
2310 657 2777 713 characteristica:
2788 652 3175 725 personarum,
3196 655 3250 709 id
3269 664 3373 721 est,
3395 655 3617 727 signan—

2031 763 2115 808 tes
2138 765 2425 822 personas,
2453 759 2566 805 tres
2588 756 2749 803 sunt:
2780 755 2868 801 est
2897 746 3046 801 enim
3080 746 3266 810 Pater,
3299 747 3482 810 Pater,
3516 747 3611 816 qui

2027 858 2141 898 non
2175 843 2401 913 quidem
2457 841 2632 896 Filius
2661 849 2769 905 est,
2830 840 2981 894 Deus
3009 854 3141 893 vero
3171 847 3289 893 est:
3344 848 3399 892 et
3442 838 3616 894 Filius

2030 936 2292 991 similiter
2326 934 2525 999 Filius,
2556 933 2652 1004 qui
2682 947 2798 986 non
2831 930 3056 1000 quidem
3093 930 3261 985 Pater
3319 938 3427 994 est,
3468 931 3615 984 Deus

2030 1036 2214 1080 tamen
2239 1034 2325 1080 est
2358 1042 2371 1078 :
2402 1033 2457 1079 et
2488 1023 2731 1093 Spiritus
2755 1029 2980 1077 sanctus
3010 1036 3193 1090 neque
3220 1021 3406 1086 Pater,
3429 1035 3613 1090 neque

2030 1117 2206 1174 Filius
2231 1124 2338 1181 est,
2365 1116 2459 1171 sed
2486 1116 2551 1180 is,
2582 1114 2678 1185 qui
2708 1114 2915 1168 dicitur
2936 1112 3178 1181 Spiritus
3204 1120 3451 1177 sanctus,
3470 1113 3616 1167 Deus

2028 1225 2195 1265 verus
2223 1217 2347 1264 est:
2376 1207 2525 1280 quod
2561 1205 2710 1261 enim
2743 1213 2828 1260 est
2870 1203 3184 1259 substantia
3223 1204 3615 1274 unusquisque

2029 1318 2221 1358 eorum
2247 1302 2341 1372 qui
2399 1300 2533 1356 dicti
2570 1310 2723 1364 sunt,
2762 1301 2868 1353 hoc
2922 1307 3051 1353 sunt
3079 1297 3175 1368 qui
3208 1297 3372 1352 sinﬂtl
3431 1297 3616 1351 nomi-

2029 1403 2256 1458 nantur,
2282 1403 2338 1448 et
2367 1392 2530 1448 simul
2566 1400 2722 1446 sunt:
2755 1390 2905 1446 circa
2931 1406 3198 1461 personas
3222 1390 3372 1444 enim
3397 1398 3483 1444 est
3502 1388 3611 1444 dif-

2030 1486 2285 1549 ferentia,
2307 1500 2417 1539 non
2452 1484 2601 1539 circa
2634 1484 3023 1538 substantiam.

2101 1579 2245 1633 XIII.
2277 1577 2435 1645 Quod
2492 1592 2626 1647 ergo
2671 1584 2759 1630 est
2794 1577 2957 1632 Pater
2995 1575 3090 1646 qui
3123 1576 3483 1650 genuit,th
3530 1584 3617 1633 est

2031 1671 2207 1726 Filius
2234 1669 2479 1741 genitus,
2522 1668 2778 1737 quamvis
2827 1682 2938 1722 non
2988 1669 3213 1738 genuit:
3251 1666 3529 1737 siquidem
3559 1677 3617 1723 et

343 1764 642 1819 stantiam:
669 1773 726 1819 et
748 1780 944 1819 rursus
977 1780 1102 1819 cum
1124 1765 1261 1821 dicit
1313 1765 1382 1821 de
1427 1765 1641 1836 Spiritu
1704 1775 1923 1832 sancto,
1956 1741 2000 1797 Β
2030 1766 2123 1821 ille
2139 1781 2251 1819 non
2276 1763 2518 1834 genitus,
2550 1762 2646 1833 qui
2675 1761 2864 1833 genuit
2892 1780 2904 1815 :
2945 1760 3093 1830 quod
3122 1769 3210 1816 est
3241 1762 3480 1831 genitus,
3511 1763 3620 1816 hoc

342 1850 576 1921 Spiritus
602 1868 634 1905 α
656 1867 739 1904 me
761 1853 917 1908 exibit
949 1852 1022 1918 ¹⁸;
1050 1851 1305 1907 Salvator
1352 1868 1485 1907 vero
1530 1863 1720 1908 noster
1767 1854 1929 1910 Jcsus

340 1942 413 1998 de
439 1942 899 1998 consubstantiali
931 1959 1032 1999 suo
1056 1943 1346 1999 Paracleto
1375 1944 1473 2010 ait,
1507 1946 1654 2016 quod
1677 1963 1742 2000 ea:
1763 1946 1929 2001 Patre

339 2034 574 2105 quidem
601 2035 835 2105 procedit
860 2037 944 2104 ²⁶;
977 2037 1181 2107 accipit
1210 2046 1395 2092 autem
1436 2053 1500 2092 ex
1530 2039 1691 2102 Filio,
1741 2039 1927 2095 omnia

339 2141 469 2197 qua:
498 2126 680 2182 Patris
718 2135 849 2183 sunt
883 2128 950 2193 ",
987 2128 1093 2183 sibi
1146 2131 1370 2199 propria
1428 2129 1666 2186 faciente
1722 2141 1779 2188 et
1824 2132 1928 2186 ha-

339 2217 512 2272 bente
548 2235 561 2271 :
590 2234 698 2271 una
731 2233 970 2287 namque
996 2219 1308 2273 substantia
1350 2228 1455 2284 est,
1489 2230 1546 2275 et
1598 2222 1764 2277 unius
1793 2224 1928 2278 sub-

337 2308 564 2363 stantia:
594 2308 910 2363 communia
938 2309 1159 2375 omnia;
1208 2311 1519 2364 communis
1574 2327 1709 2367 vero
1760 2314 1925 2367 etiam

336 2400 654 2454 substantia
682 2415 695 2453 :
728 2399 999 2454 naturalis
1018 2400 1166 2454 enim
1190 2409 1275 2456 est
1298 2400 1573 2457 habitudo
1596 2420 1609 2457 :
1635 2413 1830 2473 etquae
1858 2404 1933 2465 ad

332 2489 558 2559 aliquid
615 2490 805 2560 aliquo
862 2491 1026 2545 modo
1055 2507 1115 2546 se
1144 2492 1352 2547 habent
1380 2534 1396 2559 ,
1432 2509 1623 2549 secum
1677 2496 1929 2554 inferunt

334 2583 448 2638 alia
480 2582 549 2637 ad
580 2598 702 2653 quae
724 2584 1045 2639 naturaliter
1076 2584 1288 2640 habent
1314 2586 1727 2644 habitudinem:
1760 2590 1930 2647 infert

332 2692 480 2749 ergo
530 2691 722 2733 secum
756 2677 920 2732 Pater
965 2678 1200 2746 Filium,
1254 2687 1312 2735 et
1362 2679 1534 2734 Filius
1570 2682 1813 2749 Patrem,
1872 2690 1929 2740 et

334 2771 489 2825 alter
544 2769 669 2823 sine
701 2769 879 2823 altero
919 2768 1157 2840 intelligi
1210 2785 1321 2824 non
1376 2780 1589 2841 potest:
1640 2772 1746 2827 nisi
1778 2774 1927 2828 enim

334 2863 522 2918 Filius
562 2861 656 2926 sit,
693 2861 917 2931 penitus
945 2861 1110 2916 Pater
1145 2876 1257 2916 non
1288 2863 1417 2917 erit.
1459 2862 1595 2931 Quis
1638 2866 1787 2920 enim
1822 2866 1931 2922 erit

332 2956 530 3019 Pater,
544 2954 589 3009 si
618 2970 729 3009 non
753 2953 828 3008 sit
853 2952 1064 3008 Filius?
1087 2961 1144 3009 et
1173 2969 1370 3008 rursus
1400 2954 1682 3024 quomodo
1731 2955 1924 3022 Filius,

2028 1866 2113 1913 est
2138 1856 2255 1926 ipse
2273 1855 2517 1925 genitor,
2546 1852 2856 1909 secundum
2886 1852 3277 1908 substantiam.
3334 1851 3617 1907 Similiter

2030 1950 2275 2020 Spiritus
2296 1957 2546 2012 sanctus,
2578 1946 2673 2017 qui
2718 1960 2902 2015 neque
2930 1944 3147 2016 genuit,
3178 1960 3363 2014 neque
3390 1944 3621 2015 genitus

2027 2050 2135 2109 est,
2163 2042 2472 2097 secundum
2510 2047 2766 2094 naturam
2821 2038 2927 2093 hoc
2977 2037 3160 2108 ipsum
3199 2047 3306 2102 est,
3338 2036 3484 2107 quod
3518 2037 3614 2105 qui

2028 2134 2243 2206 genuit,
2280 2140 2337 2189 et
2371 2131 2465 2202 qui
2498 2131 2720 2202 genitus
2739 2138 2860 2185 est:
2900 2128 3287 2199 unusquisque
3313 2128 3462 2183 enim
3486 2142 3619 2181 cum

2028 2224 2302 2297 ejusdem,
2339 2234 2396 2278 et
2419 2222 2607 2283 unius,
2633 2236 2699 2276 ac
2733 2220 2929 2284 solius,
2963 2220 3228 2275 increata:
3269 2228 3482 2272 natura:
3507 2218 3612 2283 sit;

2029 2317 2241 2391 proprii
2268 2316 2440 2380 modi,
2466 2324 2528 2369 ut
2553 2314 2627 2369 ita
2654 2312 2868 2386 dicam,
2889 2311 3287 2383 proprietatem
3320 2310 3615 2364 characte-

2030 2411 2277 2467 ristieam
2313 2407 2627 2479 personalis
2662 2404 2983 2477 hypostasis
3014 2404 3251 2460 sortitus
3275 2411 3381 2457 est.
3428 2402 3613 2466 Pater,

2028 2502 2363 2572 ingenitum;
2387 2498 2582 2559 Filius,
2624 2496 2890 2567 genitum;
2923 2492 3170 2564 Spiritus
3209 2501 3455 2555 sanctus,
3485 2508 3613 2562 pro-

2029 2592 2353 2655 cessionem;
2388 2596 2445 2644 et
2474 2602 2587 2641 non
2611 2586 2752 2641 fiunt
2790 2585 2907 2639 haec
2935 2583 3273 2644 communia,
3296 2582 3440 2637 sicut
3465 2596 3617 2635 eom-

2030 2698 2256 2739 munem
2287 2680 2655 2737 substantiam
2673 2678 2939 2734 dicimus:
2990 2692 3102 2732 non
3133 2676 3283 2753 enim
3324 2676 3616 2746 proprium

2030 2776 2090 2831 in
2118 2789 2415 2830 commune
2465 2771 2694 2838 transit;
2755 2770 2965 2841 alioqui
2996 2770 3277 2840 quomodo
3316 2768 3612 2840 preprium

2030 2868 2216 2925 esset?
2240 2875 2298 2922 et
2348 2865 2500 2936 quod
2541 2877 2838 2920 commune
2869 2863 3121 2917 omnium
3163 2870 3270 2926 est,
3330 2858 3618 2931 quomodo

2033 2960 2326 3030 proprium
2362 2959 2599 3028 alicujus
2628 2971 2873 3026 unquam
2906 2956 3056 3012 erit?
3094 2955 3242 3010 sicut
3284 2954 3436 3009 enim
3490 2954 3618 3007 risi-

329 3050 379 3106 si
414 3064 535 3105 non
565 3048 639 3104 sit
666 3048 869 3103 Pater?
910 3047 1220 3103 sicutenim
1244 3048 1368 3113 hoc,
1401 3050 1481 3103 sic
1504 3049 1665 3109 illud.
1684 3051 1924 3106 Verbum
1957 3081 2001 3140 ο
2035 3053 2157 3115 bile,
2187 3053 2348 3109 verbi
2379 3052 2584 3123 gratia,
2630 3065 2741 3104 non
2802 3059 2887 3104 est
2936 3048 3226 3119 proprium
3280 3047 3616 3119 cujuspiam,

329 3152 534 3200 autem
583 3158 709 3198 cum
745 3142 817 3198 sit
859 3141 1071 3209 Filius,
1125 3157 1316 3197 secum
1368 3142 1533 3196 simul
1584 3141 1930 3199 demonstrat

333 3237 656 3308 Spiritum;
692 3235 933 3290 Verbum
965 3235 1113 3289 enim
1144 3249 1257 3289 non
1300 3243 1387 3291 est
1415 3235 1623 3306 absque
1680 3236 1927 3308 Spiritu;

330 3340 531 3395 neque
557 3339 716 3379 mens
738 3323 948 3392 absque
994 3323 1221 3379 Verbo:
1281 3333 1524 3379 mentem
1561 3334 1745 3379 autem
1785 3326 1930 3381 diei-

330 3434 473 3475 mus
498 3417 716 3473 Patrem
742 3414 942 3483 Verbi;
970 3423 1215 3469 mentem
1246 3413 1397 3480 dico,
1432 3415 1486 3469 in
1519 3430 1626 3484 qua
1658 3416 1929 3482 Verbum,

332 3524 480 3568 cum
519 3524 629 3578 quo
655 3506 901 3576 Spiritus
920 3516 1166 3571 sanctus,
1196 3505 1292 3575 qui
1317 3508 1539 3577 spiritus
1565 3510 1671 3562 oris
1703 3507 1801 3561 Dei
1829 3524 1931 3562 vo-

332 3609 513 3656 catur
543 3600 623 3664 “;
659 3614 722 3653 os
749 3613 987 3667 namque
1013 3597 1193 3652 Patris
1216 3594 1391 3651 Filius
1434 3607 1539 3653 est.
1599 3599 1779 3666 Quare
1827 3616 1930 3654 nev

331 3689 602 3748 cessario
632 3702 903 3743 numerus
951 3687 1245 3742 Trinitatis
1278 3688 1333 3742 in
1382 3687 1571 3743 divina
1610 3698 1809 3744 natura
1837 3705 1933 3744 ae-

330 3782 563 3854 cipitur
588 3780 656 3834 ad
692 3777 1231 3833 demonstrationem
1255 3793 1643 3848 personarum,
1679 3781 1775 3849 qui
1830 3797 1935 3834 nu-

331 3886 545 3929 merus
573 3867 961 3925 habitudinem
986 3882 1178 3924 earum
1224 3868 1642 3924 substantialem
1702 3870 1932 3926 et-sub—

329 3963 573 4022 stantia:
605 3970 941 4018 eomtcrnam
974 3959 1242 4015 ostendit.
1276 3960 1606 4017 Trinitatem
1638 3979 1773 4018 vero
1794 3964 1934 4019 dici-

326 4071 479 4115 mus
513 4070 622 4109 non
658 4052 962 4108 secundum
986 4053 1445 4122 compositionem
1480 4055 1753 4110 unitatum
1783 4071 1934 4111 com-

326 4148 613 4221 positam,
626 4155 683 4199 et
697 4143 1143 4216 progredientem
1161 4144 1228 4198 ab
1244 4144 1456 4198 unitate
1479 4144 1891 4200 ad-Trinitatem
1915 4164 1929 4200 :

324 4237 633 4298 antecedit
697 4235 846 4291 enim
894 4235 1214 4305 hujusmodi
1255 4235 1584 4291 Trinitatem
1641 4237 1845 4302 unitas,
1876 4245 1934 4293 et

324 4328 623 4395 dualitas;
642 4335 698 4381 et
714 4342 911 4383 rursus
932 4327 1184 4398 sequitur
1195 4327 1562 4409 quaternitas,
1578 4328 1928 4400 etdeineeps.

2033 3155 2120 3203 est
2155 3146 2303 3202 enim
2336 3146 2585 3201 omnium
2611 3160 2623 3197 :
2646 3144 2729 3199 sic
2759 3158 2868 3198 non
2887 3151 2972 3197 est
3002 3141 3250 3196 omnium
3288 3142 3621 3205 simum,aut

2036 3239 2326 3302 aduncum,
2356 3236 2452 3291 sed
2487 3234 2655 3289 unius
2677 3240 2806 3287 sunt
2832 3232 3000 3287 talia:
3044 3239 3101 3286 at
3135 3231 3389 3300 exempla
3422 3229 3620 3300 imagi-

2033 3328 2123 3383 nis
2154 3326 2378 3399 indigna
2408 3333 2559 3391 sunt,
2610 3323 2821 3389 fateor;
2868 3323 3119 3392 exempla
3160 3330 3342 3375 tamen
3392 3329 3521 3374 sunt
3548 3319 3618 3376 ad

2032 3418 2451 3482 declarandum,
2481 3416 2635 3470 nullo
2672 3414 2838 3468 modo
2876 3413 2995 3467 fieri
3033 3426 3219 3482 posse,
3249 3419 3309 3464 ut
3333 3427 3455 3479 qua:
3486 3424 3620 3478 pro-

2032 3513 2155 3584 prie
2195 3509 2365 3565 alicui
2391 3509 2603 3571 insunt,
2666 3516 2880 3560 natura:
2938 3503 3306 3558 mutationem
3352 3490 3623 3556 eﬂiciant.’

2031 3602 2170 3659 Cum
2212 3598 2363 3653 enim
2407 3594 2741 3660 communis,
2804 3604 2865 3648 ut
2909 3592 3045 3657 dixi,
3090 3592 3160 3647 sit.
3189 3592 3504 3648 substantia
3558 3592 3617 3647 in

2033 3700 2221 3747 sancta
2276 3687 2573 3753 Trinitate,
2621 3686 2910 3756 proprium
2960 3684 3106 3754 quod
3164 3684 3309 3739 inest
3342 3684 3616 3754 personis,

2034 3783 2366 3855 hypostases
2401 3778 2736 3849 distinguit:
2802 3785 2997 3847 estque
3034 3776 3210 3832 solius
3254 3776 3433 3830 Patris
3488 3789 3617 3845 pro-

2035 3867 2246 3947 prium,
2274 3872 2615 3944 ingenitum;
2644 3868 2792 3934 Filii,
2825 3871 3101 3941 genitum;
3137 3869 3379 3939 Spiritus
3439 3869 3617 3924 sancti

2034 3967 2355 4040 procedens:
2392 3979 2497 4019 nec
2531 3970 2758 4033 oportet
2789 3962 2845 4016 in
2902 3963 3126 4033 propria
3171 3962 3278 4016 ista
3312 3962 3617 4026 intuentes,

2034 4057 2406 4115 differentiam
2436 4069 2660 4125 quoque
2686 4053 3013 4110 substantiae
3039 4068 3288 4124 quaerere
3314 4070 3327 4107 :
3384 4054 3618 4124 impium

2033 4152 2183 4208 enim
2220 4157 2306 4205 est
2331 4145 2495 4204 si'mul
2519 4154 2575 4202 et
2609 4146 2841 4202 stultum
2865 4145 2983 4202 haec
3005 4145 3312 4215 suspicari:
3342 4146 3437 4215 qui
3467 4144 3618 4200 enim

2034 4241 2142 4297 hoc
2170 4248 2328 4311 putat
2353 4252 2551 4294 verum
2585 4253 2729 4303 esse,
2769 4246 2826 4292 et
2881 4237 3047 4292 simul
3076 4246 3203 4290 cum
3252 4234 3618 4305 proprietati-

2034 4330 2141 4385 bus
2164 4326 2545 4399 singularibus
2567 4336 2590 4365 ε
2608 4326 2976 4381 substantiam
3008 4334 3219 4391 mutat;
3243 4331 3403 4394 putet
3427 4325 3616 4387 etiam,

322 4424 613 4479 Sanctam
667 4434 803 4475 vero
831 4418 1155 4475 Trinitatem
1190 4435 1301 4476 non
1348 4420 1686 4476 antecedunt
1731 4421 1935 4486 unitas,
1966 4428 2015 4484 ι’)
2045 4431 2105 4476 ιιι
2136 4433 2484 4489 consequens
2522 4425 2627 4483 est,
2664 4416 2836 4472 Adam
2880 4427 2937 4483 et
2998 4417 3169 4472 Evam
3214 4425 3271 4470 et
3315 4413 3453 4484 Abel
3505 4430 3624 4476 non

320 4512 430 4568 vel
473 4510 738 4574 dualitas,
770 4526 953 4581 neque
991 4510 1248 4579 sequitur
1281 4510 1645 4580 quaternitas,
1687 4518 1743 4566 et
1770 4510 1931 4566 dein-

319 4616 517 4672 ceps;
553 4607 751 4653 natura
778 4601 926 4655 enim
945 4607 1031 4654 est
1053 4599 1298 4655 Trinitas
1311 4616 1531 4670 semper
1544 4602 1741 4657 eodem
1764 4602 1932 4658 modo

320 4708 394 4749 se
437 4689 684 4754 habens,
723 4706 905 4760 neque
931 4690 1217 4759 deﬁciens,
1265 4708 1369 4749 nec
1408 4693 1723 4750 abundans:
1760 4694 1935 4766 siqui-

316 4785 478 4841 dem
513 4781 571 4835 in
599 4781 813 4836 unitate
856 4781 1184 4836 Trinitatem
1230 4784 1700 4854 contemplamur;
1765 4794 1822 4840 et
1875 4786 1932 4841 in

317 4871 631 4930 Trinitate
660 4871 958 4925 unitatem:
1012 4886 1138 4926 eum
1187 4872 1336 4925 enim
1370 4872 1733 4943 substantiam
1767 4863 1931 4929 intel-

314 4966 603 5038 ligimus,
634 4962 941 5033 simplicem
972 4963 1247 5018 unitatem
1291 4965 1770 5034 contemplamur;
1804 4980 1930 5020 cum

314 5070 491 5113 vero
548 5053 895 5124 hypostases,
946 5052 1274 5108 Trinitatem
1331 5054 1696 5124 proﬁtemur:
1759 5072 1935 5127 usque

312 5148 401 5206 ad
450 5145 637 5201 solam
701 5146 851 5200 enim
883 5146 1213 5201 Trinitatem
1262 5162 1624 5216 personarum
1672 5148 1937 5204 dilatatur

308 5241 545 5301 unitas
569 5236 927 5294 substantiae:
963 5240 1071 5294 etsi
1112 5238 1262 5294 enim
1293 5249 1379 5296 est
1407 5255 1515 5295 una
1560 5249 1756 5295 natura
1788 5242 1936 5297 divi-

2032 4529 2157 4570 esse
2218 4510 2467 4581 ejusdem
2510 4508 2875 4563 substantias:
2917 4509 3049 4578 quia
3095 4506 3269 4563 Adam
3304 4514 3388 4561 est
3418 4506 3627 4563 forma...

2034 4615 2126 4661 tus
2154 4603 2173 4643 τ
2197 4622 2213 4671 ;
2234 4603 2346 4658 Eva
2375 4599 2618 4656 abscissa
2640 4616 2654 4665 ;
2676 4599 2810 4654 Abel
2839 4600 3089 4669 genitus:
3115 4606 3173 4651 et
3196 4596 3367 4651 Adam
3392 4595 3624 4666 quidem

2032 4706 2213 4768 pater,
2239 4695 2353 4750 Eva
2377 4708 2511 4748 vero
2566 4700 2767 4757 mater,
2816 4690 2952 4746 Abel
2979 4694 3166 4745 autem
3206 4689 3384 4745 lilius:
3425 4704 3627 4743 omnes

2037 4798 2216 4844 tamen
2238 4786 2495 4842 homines
2532 4783 2840 4839 secundum
2869 4782 3241 4847 substantiam
3287 4782 3428 4836 nihil
3472 4780 3623 4835 inter

2034 4895 2095 4935 se
2134 4877 2477 4942 diﬂ‘erentes,
2504 4873 2721 4930 tametsi
2756 4873 2928 4929 Adam
2958 4889 3067 4928 non
3092 4881 3177 4928 est
3204 4872 3533 4926 naturaliter
3548 4887 3618 4930 ex

2031 4968 2381 5040 parentibus,
2438 4965 2535 5021 sed
2569 4965 2840 5020 formatus
2887 4972 2972 5019 est
3017 4963 3115 5019 Dei
3179 4962 3472 5026 manibus;
3502 4961 3620 5019 Eva

2032 5076 2161 5131 pars
2191 5068 2278 5115 est
2308 5057 2553 5122 formati,
2589 5072 2659 5111 ex
2688 5056 2810 5110 viro
2841 5055 3114 5121 abscissa;
3149 5052 3286 5108 Abel
3316 5061 3497 5108 autem
3547 5066 3619 5133 ex

2035 5153 2278 5208 formato
2306 5160 2363 5206 et
2416 5149 2662 5205 abscissa
2702 5148 3038 5204 naturaliter
3083 5154 3266 5200 ortum
3324 5143 3615 5213 cepit,'ex

2034 5244 2364 5315 parentibus
2392 5242 2646 5313 genitus:
2681 5256 2793 5295 non
2825 5240 2972 5295 enim
2994 5235 3284 5306 multiplex
3323 5233 3616 5305 productio

401 5386 466 5422 ³⁵
513 5385 655 5441 Psal.
696 5403 803 5454 cu,
832 5390 884 5444 3.
966 5389 1011 5421 ³³
1043 5389 1128 5445 lsa
1162 5404 1287 5455 Lvn,
1321 5388 1407 5445 16.
1481 5389 1530 5422 ⁸⁸
1558 5391 1717 5448 Joan.
1758 5391 1929 5457 xvﬂt

2043 5393 2087 5423 ⁸⁷
2107 5392 2266 5448 Juan.
2293 5407 2405 5459 xw,
2450 5392 2534 5446 ﬂ.
2605 5389 2649 5423 "
2680 5387 2826 5443 Psal.
2852 5402 3018 5451 χχχιι,
3057 5385 3111 5441 6.

1654 5544 1889 5601 VARI/1‘3
1928 5544 2335 5602 LECTIONES.

302 5664 337 5704 «ι
383 5654 721 5722 Signiﬁcat,
750 5667 862 5711 non
886 5672 1007 5713 esse
1025 5653 1354 5711 Trinitatem
1379 5655 1434 5710 in
1465 5670 1665 5727 genere
1694 5656 2038 5717 substantize,
2066 5655 2160 5709 sed
2197 5668 2361 5723 supra
2390 5649 2778 5727 substantiam,
2808 5666 2932 5720 qua:
2955 5662 3040 5708 est
3071 5650 3126 5708 in
3161 5650 3610 5724 praedicamento.

306 5743 341 5774 ο
381 5730 580 5796 I’rop.
613 5728 752 5797 sing.
791 5729 1142 5800 μονοτρόποις
1180 5722 1492 5798 ξδιώμασι.’
1547 5729 1566 5768 ί
1600 5725 1779 5780 Fami.
1814 5726 1953 5782 abst.
1992 5743 2111 5795 gon.
2152 5726 2398 5794 πλάσμα,
2439 5722 2653 5792 τμῆμα,
2705 5723 2971 5793 γέννημα.
