4020 6146
432 247 569 310 1319
1557 247 1623 306 S.
1665 245 2071 308 ANASTASH

2131 245 2599 306 ANTIOCIIENI
3538 254 3658 320 1320

420 371 484 412 et
509 355 742 411 variatio
760 371 867 425 qua
889 355 1242 417 exstiterunt,
1266 362 1524 408 naturam
1540 354 2018 421 variavit.Quare,
2051 359 2093 413 Α
2124 354 2290 408 simul
2320 370 2508 409 secum
2553 355 2750 420 infert;
2793 362 2849 408 et
2891 354 3194 420 sublatum,
3249 356 3472 414 alterum
3515 365 3660 418 simul

430 460 492 503 ιιι
521 464 664 518 saape
696 447 961 507 diximus.
997 446 1312 515 pr0prietas
1332 445 1479 500 circa
1511 446 1880 500 substantiam
1908 461 2016 499 non

422 541 595 595 simul
649 549 827 601 mutat
865 538 1258 602 substantiam,
1317 553 1499 607 neque
1561 538 1796 603 scindit;
1829 546 2019 592 manet

427 632 577 686 enim
602 629 818 698 integra
855 630 880 666 κ
905 628 964 681 in
995 627 1209 682 sortitis
1235 626 1616 681 exsistentiam
1643 625 2016 691 differentem,

422 732 484 777 et
512 731 625 776 tota
661 729 749 780 est
798 720 917 774 sine
957 718 1208 773 sectione
1244 727 1302 773 et
1335 718 1613 772 divisione
1668 718 1723 771 in
1759 718 2016 788 singulis,

425 829 540 867 non
580 811 727 865 facta
750 811 972 880 propria
1018 810 1328 864 secundum
1383 809 1808 878 proprietatem.
1849 829 1867 861 ‹
1891 808 2022 864 0m-

428 905 518 959 nis
545 904 694 958 enim
722 904 892 956 homo
956 903 1123 956 homo
1165 909 1271 965 est,
1324 908 1494 955 totam
1544 901 1908 955 substantiam
1964 901 2021 954 in

429 1013 490 1052 se
513 997 633 1064 ipso
664 995 884 1049 habens
913 993 1326 1062 impartibilem.
1357 1013 1374 1044 ι
1413 993 1471 1046 In
1513 993 1803 1047 divinitate
1829 993 2019 1061 igitur,

432 1088 579 1157 quod
613 1087 821 1140 dicitur
841 1100 964 1138 esse
990 1072 1296 1138 secundum
1323 1082 1690 1142 substantiam
1723 1082 1770 1136 is
1801 1098 1868 1135 ex
1887 1097 2019 1150 quo,

429 1178 488 1232 id
522 1187 629 1236 est,
674 1178 820 1230 Deus
842 1177 1040 1240 Pater;
1082 1175 1188 1228 hoc
1221 1174 1484 1228 dicuntur
1519 1188 1642 1228 esse
1679 1173 1773 1243 qui
1825 1187 1892 1227 ex
1915 1178 2018 1238 ‘eo,

431 1271 491 1324 id
518 1277 623 1333 est,
658 1269 831 1356 Fijius
854 1274 909 1321 et
937 1266 1180 1335 Spiritus
1205 1274 1465 1320 sanctus:
1506 1265 1600 1319 ubi
1640 1265 1787 1319 enim
1807 1280 1916 1318 non
1937 1271 2022 1318 est

436 1362 695 1431 qualitas,
733 1361 817 1414 vel
844 1358 1148 1428 quantitas,
1183 1358 1270 1411 vel
1301 1367 1537 1426 tempus,
1584 1357 1670 1410 vel
1725 1357 1902 1420 locus,
1935 1355 2020 1409 vel

427 1455 608 1517 situs,
635 1452 779 1506 unde
814 1451 922 1505 erit
951 1450 1268 1504 diiferentia
1302 1449 1631 1503 substantiae
1660 1446 2021 1516 impartibilis

438 1543 743 1599 secundum
815 1551 1108 1604 naturam,
1169 1540 1317 1593 unde
1366 1540 1634 1593 exsistent
1693 1537 2020 1592 substantiae

431 1633 845 1705 particulares?
871 1641 926 1686 ct
955 1633 1001 1686 si
1042 1647 1169 1701 pars
1209 1631 1533 1684 substantiae
1589 1638 1694 1690 est,
1742 1628 2022 1698 quomodo

2121 458 2310 497 secum
2345 443 2548 496 aufert.
2610 441 2666 496 Si
2723 442 2873 496 enim
2945 442 3280 512 cogitatione
3322 460 3480 514 neges
3521 449 3658 512 Abel,

2120 537 2285 591 simul
2303 537 2513 606 negasti
2534 545 2746 605 patrem
2767 536 2890 604 ejus
2908 549 3028 589 esse
3051 534 3243 588 Adam.
3263 533 3373 590 Hoc
3394 538 3530 592 enim
3547 541 3660 595 sub-

2119 629 2323 683 stantia
2345 628 2464 698 ejus
2495 627 2740 682 nominis
2757 634 2812 681 et
2837 642 2947 681 non
2968 627 3240 681 habitudo
3259 627 3323 683 ad
3353 629 3515 684 aliud.
3532 631 3662 688 Idem

2122 719 2292 790 igitur
2325 725 2643 788 repetentes
2673 717 2924 772 dicemus
2953 733 3120 772 unum
3148 733 3269 772 esse
3311 720 3496 786 Deum,
3520 738 3662 791 quem

2122 812 2180 866 in
2213 812 2394 866 tribus
2413 811 2668 881 personis
2697 810 3140 878 contemplamur
3161 827 3173 863 :
3196 809 3361 879 idque
3385 827 3501 867 cum
3526 815 3664 882 plane

2120 904 2290 958 sciret
2312 903 2526 974 Moyses
2554 902 2803 956 omnium
2835 901 3234 970 prophetarum
3252 902 3662 972 antiquissimus:

2120 995 2282 1058 Audi,
2313 994 2516 1064 inquit,
2547 991 2759 1048 Israel:
2785 991 3044 1046 Dominus
3064 991 3228 1058 Deus,
3274 992 3519 1048 Dominus
3551 1012 3666 1051 unus

2121 1095 2201 1139 est
2241 1087 2306 1139 ³⁸.
3177 1130 3192 1136 -

2191 1175 2331 1232 XVI.
2363 1176 2439 1230 Ac
2466 1191 2576 1230 non
2613 1176 2794 1231 solum
2827 1176 3060 1247 Moyses,
3103 1176 3201 1231 sed
3256 1191 3446 1232 omnes
3494 1194 3667 1236 conse-

2121 1266 2236 1320 cuti
2263 1266 2526 1335 theologi,
2588 1265 2818 1335 Spiritus
2845 1265 3141 1335 theologici
3203 1267 3494 1336 participes
3536 1267 3664 1334 facti,

2120 1358 2471 1412 divinitatem
2504 1357 2669 1410 trium
2689 1371 3050 1426 personarum
3078 1356 3324 1425 perfecte
3346 1360 3668 1428 contemplati

2123 1461 2274 1513 sunt,
2313 1449 2736 1518 doctrinamque
2768 1465 2964 1519 puram
2999 1457 3058 1504 et
3086 1449 3361 1504 sinceram
3402 1451 3552 1506 nobis
3577 1460 3671 1505 tra-

2122 1542 2387 1595 diderunt
2416 1540 2713 1610 profitendi
2747 1549 2801 1595 et
2827 1541 3148 1596 celebrandi
3181 1541 3452 1597 unitatem
3500 1543 3549 1598 in
3567 1544 3672 1598 Tri-

2124 1633 2318 1696 nitate,
2351 1641 2406 1686 et
2441 1632 2774 1687 Trinitatem
2807 1633 2862 1686 in
2924 1633 3160 1697 unitate,
3208 1649 3335 1688 eum
3393 1635 3671 1690 admirabili

432 1728 610 1782 "Filius
638 1726 695 1779 in
745 1741 805 1780 se
840 1726 961 1794 ipso
998 1725 1216 1777 Patrem
1274 1723 1650 1785 demonstrat,
1685 1719 2018 1789 quandoque
2050 1714 2096 1774 Β
2125 1726 2328 1779 unione
2357 1732 2416 1778 et
2442 1724 2834 1778 distinctione:
2860 1739 2965 1779 nec
2993 1724 3141 1778 enim
3168 1724 3470 1789 distinctio,
3494 1727 3675 1782 aliena-

334 1807 347 1818 ’
434 1817 728 1886 .inquiens:
763 1816 876 1884 Ego
909 1816 968 1868 in.
984 1814 1168 1876 Patre,
1193 1823 1240 1865 et
1265 1813 1426 1866 Pater
1453 1814 1507 1864 in
1530 1827 1612 1864 me
1637 1821 1710 1864 est
1734 1815 1779 1842 "
1807 1828 1820 1874 ;
1846 1826 2020 1879 quan-

439 1908 622 1977 doque
654 1907 722 1960 ad
755 1905 1109 1973 Philippum:
1151 1902 1252 1967 Qui
1277 1902 1403 1955 vidit
1427 1917 1525 1964 me,
1570 1902 1697 1954 vidit
1725 1912 1771 1953 et
1806 1894 2024 1954 Patrem

434 2014 614 2052 meum
641 1997 715 2061 ³⁰;
748 1996 816 2048 Ει
842 2009 1071 2047 rursus:
1108 1993 1220 2062 Ego
1248 1999 1295 2045 et
1331 1991 1488 2045 Pater
1514 2007 1676 2044 unum
1729 2007 1911 2043 sumus
1938 1991 1976 2021 ³³
2003 1991 2026 2043 ?

436 2090 539 2143 'Est
569 2104 702 2155 ergo
738 2087 910 2140 Filius
938 2101 1004 2139 ex
1031 2085 1211 2147 Patre,
1239 2092 1427 2137 etnon
1454 2097 1580 2151 pars
1629 2082 1782 2151 ejus;
1837 2081 2024 2134 lumen

441 2196 506 2234 ex
533 2180 760 2242 lumine,
783 2186 838 2231 et
865 2193 973 2230 non
1001 2175 1336 2245 particulare
1369 2175 1588 2238 lumen;
1619 2174 1765 2226 Deus
1791 2187 1858 2224 ex
1890 2172 2023 2235 Deo,

442 2283 498 2326 et
537 2288 644 2324 non
696 2286 823 2340 pars
857 2269 1170 2323 divinitatis
1218 2268 1302 2320 vel
1358 2265 1704 2320 substantiae.
1759 2263 2029 2318 Similiter
2075 2276 2078 2280 '

444 2362 682 2432 Spiritus
714 2373 959 2415 sanctus.
996 2361 1063 2413 Et
1093 2367 1177 2412 est
1205 2359 1366 2412 Pater
1391 2373 1555 2411 verus
1573 2358 1746 2422 Deus;
1782 2357 1861 2409 sic
1878 2355 2025 2411 enim

443 2465 601 2506 vocat
629 2453 823 2515 Filius,
859 2466 982 2504 cum
1010 2451 1089 2503 ait
1115 2469 1126 2502 :
1163 2450 1226 2503 Ut
1257 2457 1571 2520 cognoscant
1593 2458 1642 2501 te
1659 2447 1829 2501 solum
1845 2450 2026 2501 verum

442 2545 613 2598 Deum
644 2545 723 2608 3’;
751 2559 809 2597 se
838 2552 1022 2596 autem
1059 2543 1331 2595 veritatem
1367 2549 1529 2594 vocat
1587 2540 1844 2609 inquiens
1875 2558 1886 2592 :
1917 2539 2027 2609 Ego

443 2654 561 2690 sum
587 2637 781 2690 veritas
811 2636 890 2700 '3;
928 2645 984 2688 et
1017 2634 1263 2703 Spiritus
1293 2641 1540 2696 sanctus,
1577 2631 1805 2703 Spiritus
1833 2632 2028 2684 verita-

445 2731 511 2782 tis
545 2728 750 2782 dicitur
787 2729 850 2781 “.
876 2727 978 2780 Hic
1013 2733 1196 2779 autem
1226 2740 1294 2778 ex
1337 2725 1497 2777 Patre
1530 2721 1784 2791 procedit
1886 2739 1899 2776 :
1933 2736 2026 2775 ac-

446 2821 579 2889 cipit
614 2828 798 2874 autem
830 2820 1014 2873 omnia
1051 2817 1201 2881 Filii,
1230 2815 1484 2869 habentis
1523 2814 1706 2868 omnia
1743 2813 1923 2867 Patris
1958 2812 2025 2878 ³⁵,

447 2912 512 2966 ad
541 2911 1031 2966 demonstrandum
1049 2919 1104 2963 et
1119 2907 1474 2962 manifestum
1493 2905 1834 2970 faciendum,
1860 2919 2026 2958 unam

448 3003 814 3057 substantiam
841 3019 960 3057 esse
1004 3013 1060 3056 et
1094 3001 1446 3070 accipientis,
1495 3007 1553 3054 et
1581 3000 1701 3068 ejus
1731 3014 1759 3051 a
1791 3012 1900 3066 quo
1927 3012 2021 3051 ac-

449 3092 604 3161 cipit,
668 3101 725 3146 et
755 3092 877 3160 ejus
928 3108 996 3144 ex
1040 3107 1150 3160 quo
1198 3090 1528 3145 naturaliter
1586 3088 1867 3157 procedit:
1920 3103 2022 3142 nec

448 3186 596 3241 enim
629 3185 902 3255 processit
929 3199 997 3238 ex
1026 3185 1212 3254 aliquo
1255 3184 1491 3238 diversae
1534 3183 1889 3247 substantiae;
1926 3196 2029 3236 nec

450 3280 665 3349 accepit
723 3277 1027 3347 quidquam
1083 3290 1152 3329 ex
1217 3290 1326 3328 non
1391 3272 1878 3328 consubstantiali.
1930 3271 2028 3328 Sin

450 3379 632 3425 autem
692 3369 942 3439 ejusdem
976 3367 1300 3422 substantia:
1343 3381 1468 3419 cum
1518 3380 1586 3419 eo
1637 3372 1788 3428 sunt,
1820 3380 1887 3419 ex
1919 3379 2029 3433 quo

451 3464 740 3535 processit,
766 3471 821 3516 et
859 3477 886 3515 a
911 3477 1022 3530 quo
1063 3459 1296 3527 accipit;
1343 3464 1401 3512 et
1433 3456 1513 3512 illi
1549 3457 1863 3511 necessario
1885 3456 2030 3510 inter

451 3570 510 3610 se
534 3561 700 3608 erunt
720 3552 967 3623 ejusdem
1003 3550 1329 3604 substantiae
1353 3566 1366 3601 :
1403 3549 1498 3618 qui
1517 3547 1668 3602 enim
1691 3547 1873 3602 eidem
1899 3555 2030 3602 sunt

453 3644 976 3709 consubstantiales,
1005 3652 1061 3697 et
1109 3642 1255 3696 inter
1284 3656 1343 3696 se
1375 3651 1563 3706 erunt,
1606 3648 1664 3695 et
1716 3650 1845 3696 sunt
1897 3654 2028 3694 vere

451 3737 698 3807 ejusdem
724 3722 1073 3799 substantiae.

519 3828 656 3882 XIV.
689 3826 1061 3893 Quamobrem
1096 3823 1418 3879 necessario
1456 3822 1944 3893 conglorificantur
1971 3831 2028 3876 et

450 3921 843 3984 coadorantur,
883 3934 1006 3973 cum
1025 3918 1270 3972 Trinitas
1295 3915 1789 3972 consubstantialis
1821 3916 1871 3981 h;
1905 3930 2029 3985 quae

451 4013 614 4068 simul
648 4012 838 4082 utique
862 4011 1204 4075 nominatur,
1241 4019 1298 4065 et
1320 4010 1390 4064 ad
1417 4007 1894 4079 regenerationem
1926 4007 2025 4061 ba-

452 4105 782 4176 ptizatorum
820 4103 876 4156 in
917 4117 1212 4157 commune
1244 4100 1578 4155 adhibetur:
1642 4097 1848 4152 etenim
1896 4095 2026 4166 quia

443 4213 514 4251 ex
549 4197 664 4266 ipsa
694 4203 876 4249 ortum
908 4194 1176 4263 cepimus,
1210 4198 1483 4246 vetustate
1516 4189 1699 4244 allecti
1727 4203 1826 4258 per
1853 4187 2025 4256 ipsam

449 4305 810 4344 renovantur:
851 4271 961 4341 non
1013 4286 1162 4340 enim
1221 4283 1290 4337 ad
1353 4282 1528 4336 ullum
1568 4280 1738 4334 alium
1784 4278 2026 4348 pertinet

451 4395 738 4443 renovare,
773 4393 937 4447 quam
971 4376 1038 4430 ad
1076 4391 1201 4428 eum
1230 4373 1326 4443 qui
1363 4373 1420 4426 in
1469 4358 1743 4442 principio
1777 4369 2019 4424 creavit:
2055 4389 2100 4445 ι)

447 4480 504 4526 et
536 4487 816 4540 nunquam
839 4467 1046 4537 aliquid
1070 4466 1137 4520 ad
1158 4464 1570 4519 renovationem
1590 4461 1899 4526 vocabitur,
1918 4460 2024 4514 nisi

449 4561 618 4615 fuerit
639 4577 666 4614 a
703 4560 979 4629 principio
1005 4557 1341 4628 productum
1382 4563 1436 4609 et
1467 4554 1773 4608 conditum.

520 4652 634 4706 XV.
699 4654 910 4706 Rursus
957 4664 1089 4719 ergo
1127 4648 1398 4709 dicemus,
1439 4661 1612 4700 unum
1668 4646 1841 4699 Deum
1898 4657 2022 4697 esse

452 4741 799 4804 Trinitatem,
833 4740 1084 4809 quamvis
1116 4737 1504 4792 differentibus
1549 4735 1870 4790 nominibus
1921 4749 2021 4802 ap-

452 4835 721 4906 pelletur;
757 4849 879 4901 qure
905 4831 1128 4900 quidem
1161 4830 1383 4884 nomina
1413 4844 1523 4882 non
1542 4828 1854 4898 signiﬁcant
1876 4845 2018 4898 esse,

451 4926 549 4980 sed
570 4924 850 4994 quomodo
893 4939 1038 4978 esse.
1085 4921 1200 4976 Nec
1246 4921 1394 4975 enim
1445 4921 1543 4995 qui
1593 4920 1811 4974 Patrem
1859 4921 2020 4989 dixit,

451 5015 818 5072 substantiam
861 5013 1213 5084 significavit,
1238 5012 1335 5066 sed
1395 5011 1554 5081 plane
1613 5010 2019 5067 habitudinem.

451 5106 516 5161 Si
542 5115 725 5160 autem
759 5105 919 5158 Pater
940 5102 1207 5157 habitudo
1230 5111 1316 5157 est
1343 5101 1730 5172 significando,
1761 5118 2022 5159 necessa-

451 5197 536 5252 rio
564 5198 729 5252 etiam
748 5196 954 5260 Filius;
981 5203 1278 5262 utrumque
1316 5193 1462 5247 enim
1488 5193 1750 5262 positum,
1783 5195 2020 5250 alterum

527 5332 751 5385 "Joan.
808 5331 1038 5395 x1v,-l0.
1119 5331 1161 5361 '°
1201 5327 1338 5383 Ibid.
1393 5328 1445 5383 9.
1562 5330 1600 5361 "
1641 5331 1800 5385 Joan.
1843 5347 1900 5392 x,
1965 5329 2056 5383 50.

455 5401 670 5456 "Joan.
699 5418 806 5466 xw,
836 5403 920 5467 i4,
956 5402 1039 5457 15.
1113 5401 1158 5433 ³⁸
1193 5400 1353 5454 Deut.
1379 5469 1381 5471 ι
1406 5415 1480 5464 vr,
1517 5399 1582 5466 4;
1612 5400 1783 5455 Mare.
1807 5413 1900 5466 xu,
1919 5402 2008 5455 29.

2055 3059 2098 3117 C

2127 1817 2203 1870 tio
2223 1823 2280 1870 et
2307 1816 2710 1886 separatioest;
2749 1831 2853 1870 nec
2879 1817 3033 1881 unio,
3063 1817 3458 1887 conglutinatio
3487 1827 3671 1873 etcon-

2125 1907 2270 1961 fusio
2306 1919 2425 1960 est:
2454 1907 2549 1960 sed
2588 1907 2774 1975 potius
2811 1907 2943 1961 unio
2978 1916 3062 1962 est
3095 1906 3462 1978 simplicitas;
3495 1918 3547 1964 et
3574 1908 3672 1964 dis-

2123 2000 2320 2054 tinctio
2349 1998 2677 2053 admiranda
2706 2015 2722 2053 :
2757 2006 3056 2069 utrumque
3084 2009 3272 2055 autem
3308 2003 3477 2056 Deum
3513 2002 3670 2057 decet.

2123 2091 2264 2157 Quia
2289 2105 2424 2144 vero
2462 2090 2803 2162 hypostasim
2857 2091 3083 2160 quidam
3131 2092 3387 2147 arbitrati
3415 2105 3537 2148 sunt
3570 2109 3674 2149 esse

2125 2192 2378 2236 naturam
2399 2182 2820 2252 particularem,
2867 2193 2922 2237 et
2967 2183 3085 2239 haec
3121 2182 3224 2239 fuit
3254 2201 3447 2241 eorum
3475 2186 3671 2256 opinio;

2125 2274 2432 2329 cavendum
2460 2285 2566 2338 est,
2600 2291 2668 2330 ne
2693 2275 2773 2330 sic
2806 2276 3143 2331 sentiamus:
3182 2294 3298 2333 non
3326 2279 3468 2333 enim
3497 2286 3574 2333 est
3595 2294 3677 2334 eo-

2126 2383 2247 2420 rum
2264 2367 2454 2436 Opinio
2483 2367 2724 2430 sincera,
2751 2375 2807 2422 et
2840 2383 2966 2421 cum
2995 2368 3272 2439 theologis
3323 2371 3672 2435 consentiens;

2127 2466 2322 2512 natura
2376 2458 2525 2511 enim
2590 2458 2942 2527 particularis
2997 2461 3366 2529 partitionem
3415 2461 3674 2518 declarat:

2128 2550 2266 2602 nihil
2317 2558 2499 2603 autem
2531 2549 2790 2618 partibile
2828 2550 2993 2604 Deus.
3023 2551 3205 2617 Quare
3222 2569 3336 2607 non
3365 2541 3447 2608 est
3470 2553 3676 2608 dicenda

2128 2653 2365 2708 persona
2393 2648 2591 2692 natura
2618 2640 2910 2709 specialis:
2941 2636 3051 2695 n'ou
3082 2643 3228 2696 enim
3275 2643 3569 2714 hypostasis
3589 2659 3677 2697 na-

2130 2739 2252 2785 tura
2278 2740 2394 2794 est;
2426 2732 2568 2785 sicut
2600 2746 2781 2801 neque
2808 2741 3028 2794 natura,
3079 2733 3397 2804 hypostasis
3424 2735 3532 2789 sive
3567 2750 3678 2805 per-

2128 2836 2295 2876 sona:
2329 2831 2524 2876 natura
2549 2838 2787 2891 namque
2819 2823 2984 2878 unius
3013 2824 3205 2880 forma:
3231 2826 3252 2864 ί
3294 2835 3398 2890 est,
3425 2836 3478 2881 at
3499 2827 3678 2896 impar-

2131 2912 2341 2967 tibilis:
2381 2921 2437 2967 et
2461 2914 2691 2967 stultum
2734 2922 2820 2969 est
2861 2924 3048 2984 partes
3082 2932 3340 2986 quaerere
3376 2918 3430 2972 in
3461 2917 3680 2987 imparti-

2130 3004 2260 3058 bili:
2291 3007 2725 3074 compositorum
2745 3007 2891 3061 enim
2929 3015 3013 3061 est
3051 3007 3229 3062 scindi
3272 3016 3328 3063 et
3360 3009 3678 3078 partitionem

2131 3113 2350 3166 capere.
2382 3097 2652 3164 Quocirca
2679 3101 2773 3168 qui
2800 3101 2880 3154 sic
2919 3100 3248 3170 opinantur,
3303 3118 3413 3156 non
3451 3101 3678 3157 solumin

2131 3187 2247 3242 haec
2277 3187 2519 3242 absurda
2550 3188 2822 3254 incidunt,
2856 3189 2952 3244 sed
2989 3195 3116 3256 _tres
3171 3205 3238 3259 pa
3253 3191 3538 3246 rticulares
3565 3190 3680 3244 deos

2130 3279 2450 3334 necessario
2483 3289 2783 3349 reponunt,
2824 3280 3169 3335 sortitionem
3202 3280 3410 3337 divina:
3457 3282 3682 3336 substan-

2131 3372 2239 3438 tize,
2298 3371 2409 3426 imo
2467 3371 2905 3426 substantiarum
2938 3373 2995 3426 in
3042 3388 3100 3427 se
3151 3374 3295 3443 ipsis
3342 3375 3608 3429 facientes.
3630 3371 3680 3427 Si

2129 3461 2276 3516 enim
2299 3469 2413 3517 tres
2442 3472 2604 3529 sunt;
2652 3478 2765 3517 non
2787 3471 2871 3518 est
2922 3479 3034 3518 una
3093 3471 3150 3519 et
3195 3465 3457 3535 simplex,
3488 3473 3540 3520 et
3586 3478 3680 3518 non

2129 3554 2454 3624 composita.
2479 3554 2860 3624 Nequaquam,
2896 3555 3149 3625 quamvis
3173 3555 3585 3614 similitudinem
3609 3554 3679 3610 eis

2131 3641 2398 3707 tribuant,
2430 3641 2525 3711 qui
2550 3642 2654 3696 ista
2680 3643 2909 3698 audent.
2957 3643 3015 3699 Si
3066 3645 3218 3699 enim
3269 3644 3678 3718 uniuscujusque

2128 3742 2213 3788 est
2247 3742 2446 3788 natura
2461 3722 2711 3803 propria,
2742 3743 2799 3789 et
2835 3751 2947 3790 non
2975 3743 3156 3805 potest
3197 3737 3428 3793 alterius
3457 3737 3678 3808 proprie-

2129 3837 2298 3883 tatem
2331 3827 2556 3895 subire;
2589 3828 2866 3898 quomodo
2898 3837 3082 3900 erunt,
3115 3831 3399 3900 quomodo
3423 3831 3678 3886 habebunt

2128 3920 2262 3974 illud
2300 3911 2785 3975 ’consubstantiale
2825 3938 2837 3973 :
2899 3921 3357 3992 quandoquidem
3418 3923 3587 3978 simile
3627 3921 3675 3974 in

2128 4008 2401 4063 Trinitate
2440 4009 2650 4073 dicere,
2701 4002 3060 4063 temerarium
3113 4020 3171 4064 et
3225 4011 3676 4067 inconsideratum

2127 4108 2244 4162 est;
2277 4099 2542 4168 quoniam
2590 4099 2772 4153 simile
2800 4099 2888 4153 vel
2921 4100 3211 4168 qualitate,
3252 4103 3342 4161 vel
3394 4102 3675 4172 quantitate

2128 4189 2311 4244 simile
2345 4189 2582 4256 dicitur;
2614 4189 2708 4244 ubi
2735 4198 2921 4244 autem
2943 4190 3082 4244 nihil
3127 4191 3330 4246 horum
3385 4201 3469 4247 est
3530 4192 3676 4262 (Deus

2126 4281 2274 4334 enim
2309 4295 2509 4350 expers
2529 4280 2810 4350 qualitatis
2826 4289 2882 4336 et
2905 4282 3230 4351 quantitatis
3261 4282 3391 4354 est),
3423 4279 3673 4352 quomodo

2128 4372 2308 4429 simile
2342 4371 2822 4426 locum-habebit?

2196 4463 2357 4520 XVII.
2386 4463 2497 4517 Nos
2518 4478 2648 4534 ergo
2667 4479 2848 4532 neque
2876 4463 3130 4538 similem,
3169 4480 3354 4535 neque
3375 4462 3669 4520 dissimilem

2127 4556 2457 4626 proﬁtemur
2481 4555 2808 4609 Trinitatem
2855 4555 3126 4624 qualitate
3167 4565 3225 4611 et
3257 4556 3561 4625 quantitate
3597 4566 3672 4606 ca-

2125 4657 2338 4703 rentem
2363 4665 2378 4714 ;
2430 4647 2526 4702 sed
2554 4647 3082 4702 consubstantialem
3111 4656 3168 4703 et
3194 4648 3554 4702 individuam.
3581 4642 3668 4709 Qui

2123 4756 2255 4794 vero
2283 4739 2558 4805 dividunt,
2607 4747 2664 4793 et
2704 4737 2914 4793 faciunt
2943 4755 3108 4793 unam
3146 4748 3284 4805 tres,
3334 4738 3487 4810 impii
3539 4741 3667 4797 sunt,

2122 4837 2178 4883 et
2203 4828 2611 4883 multitudinem
2675 4827 2904 4882 deorum
2945 4828 3330 4892 introducunt,
3379 4838 3434 4883 et
3477 4838 3669 4881 monar-

2124 4921 2306 4974 chiam
2363 4927 2654 4989 respuunt,
2713 4917 2850 4972 nihil
2907 4919 3221 4988 periculum
3270 4917 3553 4974 divisionis
3585 4927 3669 4967 ve-

2126 5011 2257 5064 riti:
2289 5011 2515 5079 partitio
2546 5010 2694 5064 enim
2726 5009 3160 5064 substantiarum
3191 5019 3249 5064 et
3281 5007 3594 5079 adzequatio,
3621 5010 3667 5058 et

2125 5103 2358 5156 variatio
2382 5102 2549 5172 hujus
2584 5101 2909 5156 substantia:
2948 5101 3017 5156 ab
3071 5102 3185 5167 illa,
3223 5103 3400 5158 sectio
3462 5109 3542 5158 est
3584 5111 3666 5152 eo-

2127 5210 2247 5248 rum
2296 5193 2392 5263 qui
2453 5201 2582 5248 sunt
2630 5193 2794 5248 unius
2839 5201 3070 5248 naturae.
3107 5194 3392 5264 Siquidem
3434 5193 3523 5264 qui
3553 5188 3666 5244 dicit

2171 5331 2214 5361 ³²
2254 5329 2411 5385 Joan.
2470 5343 2576 5383 xvn
2603 5367 2619 5394 ,
2667 5330 2720 5384 ὅ.
2836 5328 3037 5383 "Joan.
3072 5346 3178 5395 xiv,
3212 5329 3267 5384 6.
3383 5325 3661 5386 “ibid.l7.

1689 5512 1920 5567 νΑΒιιΕ
1953 5511 2356 5566 LECTIONES.

528 5602 829 5676 B_i_ntegra.
874 5604 1148 5676 ἀκέραιος.
1250 5605 1280 5647 ιι
1317 5604 1464 5660 Trin.
1515 5593 1730 5660 consul).
1767 5603 2083 5674 Legendum

457 5669 683 5740 νοειδής.

2130 5601 2372 5669 videtur,
2427 5602 2571 5658 Trin.
2629 5618 2709 5659 sn'
2739 5605 2955 5662 consub.
3060 5606 3075 5648 ί
3117 5604 3279 5662 Unius
3318 5606 3532 5692 χοίνικα.
3577 5618 3665 5678 μο-
