4020 6146
405 294 536 361 1321

1407 301 1690 362 ORATIO
1728 301 1782 362 Ι.
1812 304 2004 368 -ΒΕ
2041 303 2146 365 SS.
2185 304 2623 365 TRINITATE.

3511 305 3646 371 i322

401 405 763 464 substantiam
806 407 984 462 Patris
1040 407 1456 477 particularem,
1487 425 1608 479 qua:
1637 425 1745 466 non
1800 411 1975 481 possit
2004 423 2048 476 Α
2077 411 2261 481 inquit
2303 411 2603 476 Dominus,
2671 412 2902 482 proderit
2955 413 3184 478 homini,
3251 415 3293 467 si
3343 418 3646 474 universum

401 516 524 556 esse
549 508 749 554 natura
787 500 934 562 Filii,
976 515 1204 569 prorsus
1263 501 1628 556 substantiam
1679 489 1966 568 variatam,

402 592 514 646 imo
536 589 874 644 substantias
901 588 1071 643 dicit:
1102 590 1380 658 quomodo
1407 590 1830 656 homousion,id
1863 601 1969 657 est,

401 683 873 742 consubstantiale
904 682 960 736 in
1012 681 1399 737 differentibus
1435 682 1764 738 substantiis
1807 699 1970 753 repe-

401 775 608 829 rietur?
649 773 858 828 frustra
877 789 1009 844 ergo
1057 773 1379 843 pradicant,
1425 775 1758 829 homousion
1794 774 1971 830 simu-

398 864 576 919 iantes
599 863 872 933 proﬁteri,
907 864 1056 934 quod
1088 880 1201 919 non
1245 864 1575 935 proﬁtentur
1617 880 1768 931 vere,
1830 865 1970 919 divi-

399 957 595 1012 dentes
618 956 984 1010 substantiam
1001 955 1366 1012 individuam.
1391 957 1461 1011 Et
1481 957 1706 1022 mirum,
1730 957 1837 1012 nisi
1865 958 1969 1027 ipsi

399 1049 588 1122 etiam,
618 1056 681 1102 ut
719 1047 892 1103 verbo
931 1046 1215 1116 Evangelii
1271 1054 1392 1102 utar
1431 1047 1499 1111 ³⁷,
1541 1047 1860 1128 dividantur
1913 1057 1971 1102 et

397 1115 613 1209 partem
643 1154 769 1192 cum
801 1115 1106 1208 hypocritis
1157 1139 1457 1207 accipiant,
1490 1138 1585 1208 qui
1616 1125 1843 1194 minime
1882 1138 1968 1192 di-

398 1238 600 1286 cuntur
631 1229 892 1293 credere;
947 1229 1080 1298 quin
1115 1228 1300 1297 potius
1331 1238 1524 1285 contra
1579 1245 1692 1284 non
1725 1239 1970 1299 possunt

396 1321 646 1385 credere,
680 1329 942 1388 tanquam
967 1329 1340 1390 cauponantes
1365 1319 1619 1384 ﬁdem,et
1639 1336 1760 1376 eam
1789 1321 1971 1391 pretio

398 1411 579 1466 inanis
631 1419 688 1464 et
723 1412 1120 1480 'praatereu-ntis
1158 1411 1346 1482 gloriae
1381 1411 1714 1476 .vendentes,
1765 1413 1974 1481 quibus

395 1502 838 1572 Dominusprius
869 1502 1046 1556 dixit:
1105 1502 1376 1570 Quomodo
1445 1503 1661 1572 potestis
1724 1503 1967 1568 credere,

397 1594 489 1663 qui
505 1591 738 1662 gloriam
775 1594 839 1646 ab
865 1593 1084 1646 invicem
1113 1583 1449 1663 accipitis,'et
1479 1589 1706 1662 gloriam
1760 1608 1876 1662 qua:
1908 1609 1970 1648 ea;

397 1683 506 1736 Deo
535 1683 645 1736 solo
674 1693 772 1749 est,
798 1700 902 1736 non
931 1684 1164 1754 quaeritis
1198 1682 1361 1752 *⁵⁸2Ηὶ
1391 1683 1620 1754 gloriam
1678 1683 1968 1738 hominum

2072 503 2330 558 mundum
2366 502 2622 566 lucretur,
2645 504 2838 558 animo:
2863 519 2986 556 vero
3015 519 3126 558 sua:
3148 503 3523 561 detrimentum
3551 527 3646 580 pa-

2073 595 2276 648 tiatur?
2307 604 2399 648 aut
2454 612 2614 665 quant
2663 595 2810 650 dabit
2869 596 3022 649 homo
3054 600 3520 654 commutationem
3551 619 3647 671 pro

2074 684 2256 736 anima
2286 684 2424 737 sua?
2452 682 2624 736 Veniet
2655 685 2794 736 enim
2821 682 2988 736 Filius
3005 685 3230 738 hominis
3262 686 3318 738 in
3339 685 3511 755 gforia
3535 687 3648 743 Pa-

2072 775 2166 826 tris
2197 775 2301 838 sui,
2352 783 2400 827 et
2454 782 2578 826 tunc
2624 774 2802 827 reddet
2837 775 3118 844 unicuique
3155 777 3442 830 secundum
3484 796 3647 850 opera

2071 882 2171 918 sua
2206 865 2272 918 ⁸³.
2334 865 2395 920 In
2459 865 2595 919 illud
2643 880 2778 936 ergo
2821 865 3090 936 judicium
3141 867 3318 922 aciem
3359 871 3645 938 oculorum

2073 954 2269 1008 animae
2297 953 2652 1011 intendentes
2685 967 2943 1025 tanquam
2989 956 3044 1010 in
3091 957 3385 1027 quamdam
3445 961 3648 1027 facem,

2071 1043 2235 1114 quam
2275 1047 2557 1102 occultare
2602 1048 2748 1102 soliti
2787 1055 2919 1102 sunt
2950 1050 3062 1122 qui
3097 1050 3154 1103 in
3186 1051 3326 1106 mari
3364 1055 3646 1125 navigant,

2072 1143 2226 1190 recta
2277 1136 2344 1190 ad
2399 1145 2621 1206 portum
2675 1138 2870 1192 salutis
2925 1154 3250 1210 pergemus:
3306 1142 3647 1214 ﬁgemusque

2072 1226 2346 1280 anchoras
2373 1227 2429 1281 in
2480 1227 2607 1282 ﬁdei
2653 1238 2811 1298 petra
2842 1229 3136 1297 immobili,
3187 1233 3326 1288 nihil
3377 1236 3647 1291 facientes

2072 1326 2168 1370 aut
2213 1318 2482 1382 dicentes,
2539 1320 2608 1374 ad
2641 1322 2866 1375 oculum
2902 1323 3211 1378 servientes
3265 1325 3332 1390 “,
3387 1334 3644 1398 tanquam

2071 1408 2392 1464 hominibus
2420 1413 2638 1480 placere
2684 1413 2940 1478 velimus,
2989 1415 3085 1468 sed
3139 1415 3324 1485 potius
3385 1426 3646 1489 tanquam

2072 1502 2215 1556 servi
2243 1503 2339 1557 Dei
2370 1504 2520 1562 omni
2547 1504 2826 1575 hypocrisi
2855 1514 2912 1576 et
2946 1506 3300 1564 simulatione
3322 1510 3513 1579 ejecta,
3547 1513 3647 1566 Pa-

2072 1601 2210 1648 trem
2242 1603 2453 1664 patrem
2483 1595 2884 1666 gloriﬁcemus;
2944 1598 3145 1652 Filium
3215 1599 3389 1653 ﬁlium
3444 1601 3646 1657 adore-

2070 1699 2230 1752 mus;
2262 1685 2532 1756 Spiritum
2571 1697 2825 1743 sanetum
2861 1690 3248 1758 conﬁteantur,
3311 1709 3476 1746 unam
3509 1695 3646 1759 sub-

396 1773 570 1842 magis
597 1788 761 1842 quam
791 1773 888 1827 Dei
909 1782 1178 1840 amantes,
1211 1789 1433 1829 sensum
1461 1775 1749 1844 preprium
1773 1773 1966 1845 gratiae
1994 1788 2036 1841 Β
2065 1779 2322 1835 stantiam
2344 1789 2402 1834 et
2427 1780 2679 1836 diversas
2705 1797 2974 1851 personas
3003 1783 3220 1840 sincere
3253 1798 3639 1858 agnoscentes,

394 1874 560 1919 causa
586 1865 920 1935 largiuntur,
949 1865 1284 1922 redimentes
1309 1875 1577 1936 tempora,
1621 1875 1678 1922 et
1733 1866 1839 1920 ﬁde
1871 1881 1968 1920 vo-

393 1957 555 2011 latica
581 1956 754 2011 veluti
775 1957 901 2012 talis
933 1958 1191 2018 ludentes
1223 2000 1239 2026 ,
1269 1957 1400 2013 dum
1430 1974 1551 2013 eam
1595 1948 1968 2013 transmutant

393 2047 458 2103 ad
482 2048 824 2103 voluntatem
859 2048 1144 2115 ductoris;
1180 2048 1385 2119 quibus
1418 2050 1623 2105 melius
1659 2061 1781 2105 erat
1819 2049 1967 2106 ferre

392 2137 712 2192 mercedem
731 2150 910 2204 suam,
963 2138 1107 2206 sicut
1137 2140 1210 2196 iis
1237 2141 1333 2210 qui
1366 2149 1495 2196 sunt
1547 2140 1869 2212 hypocrita,
1905 2149 1969 2196 ut

391 2230 1027 2287 videanturvhominibus
1044 2233 1298 2303 jejunare
1318 2242 1374 2288 et
1406 2231 1796 2288 misericordes
1819 2249 1964 2299 esse,

391 2329 449 2376 et
502 2337 611 2376 non
678 2337 964 2378 reservare
1024 2323 1128 2378 sibi
1187 2321 1518 2395 supplicium
1569 2335 1625 2380 et
1679 2326 1968 2382 materiam

392 2413 536 2488 ignis
551 2414 1033 2485 inexstinguibilis.
1049 2416 1220 2471 Nemo
1238 2417 1406 2486 igitur
1423 2428 1516 2472 aut
1530 2415 1704 2488 gratia
1716 2418 1968 2485 alterius,

393 2485 494 2560 aut
526 2505 799 2560 voluntati
843 2522 956 2560 suae
986 2521 1195 2561 morem
1229 2523 1428 2577 gerens
1471 2523 1501 2560 a
1531 2522 1662 2561 sana
1694 2508 1970 2563 sententia

394 2595 667 2662 discedat,
687 2611 870 2666 neque
898 2596 1027 2652 ﬁdei
1048 2598 1407 2668 constitutum
1437 2598 1718 2670 depravet,
1735 2599 1822 2654 vel
1843 2614 1969 2668 pro-

393 2697 516 2758 pter
549 2697 756 2743 metum
791 2687 1072 2759 supplicii,
1098 2690 1193 2748 ..vel
1219 2699 1445 2760 propter
1485 2690 1665 2745 minas
1699 2690 1964 2759 direptio-

391 2778 479 2833 nis
504 2779 799 2841 bonorum.
825 2780 966 2846 Quid
993 2780 1140 2835 enim
1189 2780 1480 2850 diripietur
1508 2798 1607 2852 par
1643 2790 1699 2837 et
1755 2784 1966 2852 aequale

392 2869 555 2926 ﬁdei?
611 2871 721 2926 imo
745 2886 925 2941 neque
983 2882 1209 2942 prepter
1243 2888 1396 2943 spem
1430 2873 1605 2928 lucri:
1654 2874 1787 2943 quid
1817 2875 1965 2931 enim

391 2959 718 3033 lucrifacere
765 2970 968 3031 potest,
1001 2962 1096 3032 qui
1125 2966 1398 3033 jacturam
1429 2964 1524 3019 Dei
1579 2965 1748 3020 facit?
1777 2965 1963 3036 Siqui-

391 3051 515 3105 dem
542 3051 835 3132 universus
861 3054 1102 3109 mundus
1125 3070 1329 3125 parvus
1360 3064 1464 3122 est,
1503 3056 1548 3112 si
1574 3072 1698 3112 cum
1727 3057 1964 3113 fabrica-

390 3149 510 3197 tore
543 3145 662 3214 ejus
692 3143 1041 3200 conferatur:
1075 3161 1179 3201 nec
1225 3147 1403 3220 ipsum
1439 3149 1638 3204 coelum
1685 3151 1960 3222 magnitu-
1989 3145 2030 3203 ϐ

388 3233 575 3289 dinem
599 3237 840 3292 auctoris
859 3237 943 3292 sui
978 3248 1370 3308 representare
1414 3248 1631 3310 potest;
1664 3243 1812 3312 quod
1865 3244 1960 3314 qui

382 3325 654 3391 amiserit,
708 3327 838 3397 quid
872 3329 1108 3398 amplius
1131 3330 1392 3390 habebit?
1423 3331 1555 3400 quid
1597 3332 1704 3387 erit
1757 3334 1960 3389 amisso

386 3432 488 3486 par
513 3425 569 3472 et
596 3405 804 3487 aequale
826 3419 848 3472 ?
870 3419 1060 3489 Neque
1088 3420 1251 3476 ﬁdem
1286 3423 1614 3492 supprimat,
1651 3425 1748 3494 qui
1770 3421 1958 3482 volue-

386 3508 464 3562 rit
489 3523 610 3563 esse
639 3525 767 3564 vere
790 3509 998 3565 ﬁdelis:
1036 3513 1358 3582 suppressio
1382 3515 1530 3569 enim
1552 3515 1959 3585 quodammodo

386 3605 473 3651 est
502 3600 1050 3672 negatiotconﬁteri
1093 3613 1277 3679 autem
1337 3603 1592 3672 ﬁdenter,
1641 3605 1957 3663 ﬁrmitatem

386 3686 516 3742 ﬁdei
550 3689 819 3743 ostendit:
866 3691 1033 3761 igitur
1071 3692 1202 3747 licet
1243 3693 1430 3764 justus
1477 3695 1804 3768 supprimat,
1845 3699 1957 3768 jam

384 3793 499 3838 non
522 3786 605 3832 est
627 3779 842 3848 justus:
875 3781 994 3837 Non
1024 3781 1218 3854 placet,
1270 3785 1707 3856 inquit,.animae
1751 3805 1882 3846 meae
1900 3790 1956 3848 in

382 3871 497 3940 ipso
521 3869 587 3923 ”.

451 4005 637 4062 XVIII.
669 4009 884 4064 Rursus
921 4024 1054 4064 vero
1078 4010 1150 4068 ab
1183 4011 1304 4082 ipso
1329 4013 1562 4068 Domino
1601 4014 1950 4072 audivimus:

379 4091 562 4151 Omnis
597 4099 688 4167 qui
715 4098 1048 4168 conﬁtebitur
1071 4118 1154 4155 me
1199 4103 1380 4157 coram
1407 4104 1745 4172 hominibus,
1787 4106 1956 4175 conﬁ-

379 4185 525 4240 tebor
560 4194 610 4238 et
642 4203 732 4257 ego
761 4204 882 4243 eum
905 4206 1086 4245 coram
1107 4191 1270 4246 Patre
1291 4210 1404 4247 meo
1424 4196 1512 4264 qui
1539 4197 1596 4248 in
1613 4195 1752 4250 caelis
1785 4206 1860 4252 est
1883 4197 1950 4254 “.

378 4275 440 4328 ln
474 4287 811 4346 unoquoque
867 4279 1017 4333 enim
1063 4279 1243 4335 simile
1300 4281 1554 4336 redditur
1596 4291 1948 4353 antegresso;

376 4361 652 4420 confessio
673 4361 1041 4434 .confessiOni,
1067 4371 1290 4441 negatio
1323 4373 1624 4442 negationi,
1686 4375 1783 4429 Sed
1837 4387 1949 4430 non

2067 1879 2124 1925 et
2149 1888 2574 1944 unamquamque
2606 1889 2886 1942 personam
2910 1876 3106 1938 Deum,
3139 1893 3249 1932 non
3304 1888 3484 1935 tamen
3515 1883 3646 1937 sub-

2069 1964 2326 2019 stantiam
2354 1965 2743 2035 particularem
2767 1966 3084 2034 habentem,
3119 1985 3229 2024 non
3266 1985 3638 2039 communem,

2068 2054 2288 2128 tametsi
2311 2069 2411 2125 per
2444 2070 2503 2110 se
2527 2056 2672 2111 Deus
2707 2057 3035 2118 nominetur
3063 2077 3076 2112 :
3131 2060 3464 2129 particulare
3487 2063 3640 2118 enim

2066 2156 2177 2195 non
2213 2149 2298 2196 est
2313 2143 2645 2210 substantia,
2673 2146 2947 2216 siquidem
2986 2148 3294 2204 substantia
3326 2167 3500 2222 genus
3520 2163 3638 2220 est;

2067 2240 2124 2286 et
2143 2234 2396 2303 generale
2423 2251 2538 2290 non
2562 2237 3038 2306 estparticulare,
3085 2240 3233 2294 sicut
3263 2258 3440 2313 neque
3469 2248 3643 2314 parti-

2068 2324 2255 2379 culare
2285 2327 2539 2395 generale
2562 2341 2647 2384 εει
2669 2347 2682 2382 :
2706 2338 2763 2386 et
2793 2332 3048 2400 quamvis
3069 2333 3640 2410 dicaturunaquaeque

2067 2429 2304 2484 persona
2338 2412 2519 2483 Deus;
2551 2435 2663 2474 non
2699 2428 2881 2476 tamen
2910 2423 3172 2480 divinitas
3222 2425 3418 2495 divisa,
3445 2439 3528 2485 cst
3559 2431 3645 2485 di-

2065 2506 2289 2572 vinitas,
2321 2525 2503 2581 neque
2538 2511 2776 2567 eﬂicitur
2802 2516 3024 2585 propria
3057 2526 3112 2592 et
3143 2520 3497 2588 particularis
3542 2540 3642 2578 na-

2066 2599 2320 2655 turaliter
2376 2604 2681 2658 secundum
2733 2606 3110 2664 diversitatem
3157 2611 3503 2680 substantiae,
3541 2617 3640 2671 sed

2065 2689 2366 2760 perfectam
2400 2701 2455 2747 et
2481 2701 2650 2748 totam
2683 2695 2850 2752 habet
2883 2713 3230 2756 communem
3249 2703 3637 2766 substantiam.

2065 2781 2436 2848 Quamobrem
2483 2793 2596 2842 tres
2648 2787 2910 2844 dicuntur
2970 2801 3190 2853 etsunt
3244 2811 3407 2864 unus,
3439 2806 3638 2868 utpote

2067 2873 2233 2928 unius
2256 2875 2701 2933 substantiaenon
2716 2878 2907 2936 divisae
2933 2880 2990 2936 in
3026 2891 3158 2952 tres,
3193 2888 3446 2956 quamvis
3464 2904 3638 2944 unus-

2065 2965 2300 3036 quisque
2327 2983 2426 3037 per
2458 2984 2518 3025 se
2575 2973 2928 3040 nominetur;
2958 2990 3060 3031 nec
3089 2985 3338 3034 extensae
3370 2980 3428 3035 in
3450 2983 3639 3037 multi-

2068 3056 2339 3125 tudinem,
2362 3076 2486 3117 cum
2513 3072 2627 3119 tres
2648 3055 2793 3120 inter
2817 3081 2876 3122 se
2904 3068 3281 3144 nominantur;

2077 3225 2080 3234 ι
2134 3191 2274 3248 XIX.
2311 3193 2490 3261 Quare
2510 3198 2798 3254 veritatem
2822 3199 3105 3271 depravat,
3135 3205 3227 3274 qui
3251 3214 3366 3262 tres
3394 3222 3496 3278 pro
3523 3224 3636 3264 uno

2061 3282 2196 3338 deos
2228 3298 2350 3341 esse
2385 3288 2682 3357 opinatur:
2711 3293 2972 3361 opinatur
3014 3306 3200 3352 autem
3235 3298 3392 3364 deos,
3417 3301 3513 3371 qui
3537 3302 3638 3373 hy-

2060 3385 2329 3443 postases,
2351 3388 2576 3436 naturas
2611 3385 2881 3452 speciales
2906 3387 3022 3442 sive
3053 3390 3421 3458 particulares
3452 3405 3632 3449 vocat.

2061 3464 2150 3520 Sic
2181 3468 2330 3522 enim
2380 3477 2593 3526 naturae
2647 3477 2914 3544 speciales
2961 3489 3187 3545 essent;
3254 3483 3400 3538 Deus
3446 3495 3634 3544 autem

2055 3567 2253 3610 natura
2284 3567 2389 3622 est,
2428 3574 2554 3616 cum
2613 3561 2749 3618 dicit
2798 3566 3109 3636 Propheta:
3176 3570 3318 3626 Deus
3370 3583 3548 3629 noster
3577 3579 3632 3630 in

2059 3647 2206 3712 creto,
2233 3657 2283 3702 et
2311 3651 2366 3703 in
2392 3659 2535 3706 terra
2567 3652 2645 3720 “;
2679 3663 2729 3708 et
2750 3669 3088 3728 cognoscant,
3125 3664 3266 3733 quod
3298 3672 3354 3719 tu
3374 3667 3631 3723 Dominus

2056 3736 2198 3792 Deus
2227 3739 2368 3795 solus
2400 3742 2465 3796 “.
2499 3744 2576 3798 De
2603 3760 2714 3815 quo
2757 3761 2891 3818 ergo
2927 3751 3095 3806 trium
3124 3753 3300 3808 dicit?
3329 3772 3440 3812 non
3479 3760 3628 3814 enim

2057 3831 2243 3898 posuit
2269 3834 2639 3897 multitudinis
2664 3837 3126 3908 signiﬁcationem
3147 3863 3162 3911 ;
3182 3856 3396 3904 natura:
3441 3860 3626 3907 autem

2057 3924 2324 3992 speciales
2368 3928 2784 3987 multitudinem
2842 3936 3168 3993 ostendunt.
3229 3939 3324 3995 Sin
3378 3957 3512 4000 vero
3559 3945 3627 4000 de

2056 4015 2241 4070 divina
2281 4018 2610 4084 substantia,
2632 4025 2796 4080 unica-
2820 4035 2874 4081 et
2897 4025 3131 4098 simplici
3155 4045 3338 4087 sermo
3376 4033 3466 4100 sit,
3485 4037 3627 4094 hanc

2055 4117 2239 4163 autem
2275 4126 2444 4166 unum
2471 4113 2644 4182 Deum
2672 4115 2872 4174 divinae
2917 4121 3217 4192 Scriptura:
3269 4137 3494 4195 vocant,
3520 4131 3625 4185 etsi

2057 4206 2166 4252 tres
2195 4200 2360 4255 habet
2381 4205 2786 4273 proprietates:
2825 4225 2934 4267 una
2963 4213 3155 4283 utique
3181 4224 3379 4272 natura
3404 4228 3459 4274 et
3489 4221 3625 4276 sub-

2052 4289 2253 4344 stantia
2280 4291 2583 4349 divinitatis
2611 4306 2714 4352 est.
2747 4297 2803 4354 Si
2830 4308 3014 4357 autem
3041 4319 3150 4359 una
3172 4315 3277 4370 est,
3305 4321 3468 4364 nemo
3492 4311 3624 4367 sub-

2052 4381 2284 4437 stantias
2305 4385 2666 4453 particulares
2699 4389 2864 4456 dicat,
2894 4393 2940 4448 si
2968 4394 3168 4468 refugit
3215 4398 3445 4454 deorum
3477 4404 3622 4457 mul-

374 4455 666 4512 similiter:
699 4458 973 4528 siquidem
1005 4461 1283 4516 confessio
1306 4464 1599 4533 etnegatio
1617 4475 1948 4537 antegressa:
1979 4490 2022 4546 ι)
2055 4470 2348 4528 titudinem
2423 4478 2732 4535 nominare.
2815 4455 3262 4544 Demonstratum
3311 4455 3489 4548 enim,
3512 4455 3616 4560 est,

371 4546 432 4601 in
463 4546 784 4604 hominibus
802 4558 959 4616 sunt;
996 4560 1295 4622 sequentes
1323 4569 1464 4610 vero
1486 4555 1544 4608 in
1584 4555 1867 4612 Salvatore
1890 4566 1947 4613 et

371 4639 584 4708 angelis
627 4642 853 4696 sanctis.
887 4641 1254 4708 Quamobrem
1313 4647 1548 4716 quisque
1601 4663 1677 4702 se
1708 4649 1942 4716 muniat,

371 4737 630 4783 metuens
656 4731 965 4799 periculum
989 4733 1350 4803 impendens;
1383 4744 1440 4790 et
1471 4753 1692 4796 omnem
1735 4749 1944 4795 metum

369 4817 695 4883 humanum,
723 4830 779 4875 et
808 4829 1027 4877 Omnem
1060 4827 1289 4894 gratiam
1315 4827 1577 4898 hominis,
1611 4829 1787 4884 instar
1815 4832 1942 4901 pul-

369 4909 538 4974 veris,
579 4912 930 4972 excutiatex
959 4915 1075 4969 suis
1131 4916 1590 4986 cogitationibus:
1623 4921 1779 4976 illum
1821 4932 1940 4980 tan-

369 5009 488 5056 tum
516 5011 745 5066 metuat,
779 5006 868 5073 qui
886 5013 1052 5075 potest
1087 5008 1324 5061 animam
1350 5017 1398 5062 et
1427 5025 1613 5080 corpus
1643 5013 1860 5082 perdere
1885 5014 1941 5068 in

367 5091 606 5158 gehenna
631 5093 697 5157 δι,
727 5093 1037 5164 habeatque
1064 5111 1411 5164 persuasum,
1465 5099 1613 5167 quod
1656 5100 1938 5172 dispersit,

367 5188 424 5232 et
451 5180 711 5252 disperget
733 5183 986 5238 Dominus
1007 5201 1125 5238 ossa
1153 5202 1355 5252 eorum,
1392 5191 1481 5258 qui
1509 5191 1800 5248 hominibus
1820 5194 1939 5262 pla-

366 5281 482 5325 cent
512 5273 576 5326 δ’.
601 5273 814 5328 Idcirco
837 5275 894 5329 in
921 5276 1100 5330 solam
1119 5277 1348 5348 gloriam
1373 5280 1470 5335 Dei
1517 5280 1832 5352 intuemur;
1881 5295 1939 5341 et

375 5367 544 5422 solum
579 5366 816 5422 Verbum
870 5369 1114 5439 judicem
1145 5380 1549 5442 exspectamus.
1599 5374 1738 5440 Quid
1769 5378 1936 5444 enim,

437 5542 482 5574 ³⁷
519 5545 709 5600 Matth.
738 5563 880 5613 xxiv,
915 5548 999 5606 51.
1048 5551 1093 5582 ³⁸
1135 5551 1293 5607 Joan.
1335 5567 1387 5616 v,
1430 5553 1518 5608 Η.
1600 5553 1644 5585 ³⁹
1670 5552 1781 5610 Jer.
1816 5547 1903 5620 iv,
1933 5557 1954 5611 i

443 5613 575 5669 ibid.
612 5617 700 5671 28.
784 5617 828 5650 δ’
869 5619 1010 5674 Psal.
1044 5636 1136 5683 LII,
1179 5623 1232 5676 6.
1339 5625 1386 5666 ⁵³-
1409 5623 1601 5679 Matth.
1631 5641 1742 5683 xvr.
1772 5626 1862 5683 26.
1895 5627 1961 5683 27

2067 5560 2218 5616 zech.
2256 5580 2402 5629 χχιιι,
2455 5567 2553 5631 18;

2094 5630 2138 5664 ⁸⁵
2177 5632 2377 5683 Enhes.
2444 5654 2512 5683 vr-

1382 5639 1601 5679 tuatui.
1631 5641 1742 5694 xvr,
1772 5639 1862 5695 26,
1895 5639 1984 5684 27.

359 5608 407 5644 ⁸³
443 5613 575 5669 ibid.
612 5617 700 5671 28.

362 5694 474 5750 Vm,
513 5685 589 5739 i9.

557 5777 830 5842 Damon.
869 5779 987 5845 (in.
1020 5783 1372 5852 LXXXIX.

784 5617 828 5650 δ’
869 5619 1010 5674 Psal.
1044 5636 1136 5686 ut,
1179 5623 1232 5676 6.

2048 4565 2386 4635 principium
2429 4571 2552 4625 esse
2576 4572 2950 4633 multitudinis
2969 4577 3224 4647 deorum,
3256 4585 3620 4652 particulares

2044 4663 2270 4709 naturas
2285 4659 2601 4716 nominare:
2633 4671 2690 4717 et
2712 4665 2969 4722 existimo
2991 4671 3206 4726 nullum
3227 4689 3447 4745 quoque
3479 4677 3618 4734 adeo

2043 4744 2280 4836 nudasse
2305 4752 2492 4820 caput,
2523 4751 2577 4807 id
2603 4763 2709 4819 est,
2741 4771 2806 4812 eo
2861 4759 3217 4830 impudentia:
3262 4744 3617 4836 processisse,

2043 4841 2103 4888 ut
2127 4835 2261 4892 deos
2280 4853 2512 4898 numero
2549 4845 2920 4906 multitudinis
2934 4853 3216 4921 nominet;
3245 4835 3350 4912 etsi
3374 4874 3440 4913 ex
3471 4874 3618 4914 sum-

2043 4927 2326 4996 ptionibus
2341 4947 2531 4990 eorum
2548 4930 3386 5013 necessarioconcluditur,deos
3407 4952 3616 5013 dicere.

2046 5019 2091 5072 si
2122 5031 2367 5078 sanctam
2396 5025 2725 5086 Trinitatem
2753 5047 2982 5092 naturas
3009 5041 3276 5109 speciales
3309 5043 3615 5100 nominant:

2043 5109 2097 5164 id
2121 5113 2268 5181 quod
2303 5130 2334 5169 a
2369 5118 2531 5172 nobis
2565 5123 2724 5190 plane
2755 5125 3195 5184 demonstratum
3215 5143 3320 5198 est,
3342 5150 3465 5188 cum
3492 5152 3615 5206 pro-

2040 5201 2163 5268 prio
2194 5202 2318 5258 loco
2357 5216 2549 5264 contra
2581 5226 2680 5267 eos
2731 5215 2826 5284 qui
2858 5225 2969 5273 tres
3010 5219 3351 5276 substantias
3401 5201 3614 5287 dicunt,

2038 5292 2382 5364 scripsimus,
2403 5313 2532 5354 cum
2556 5317 2734 5373 nuper
2759 5306 2827 5360 de
2847 5307 2950 5362 hac
2973 5301 3274 5379 quaestione
3311 5314 3485 5382 posita
3502 5315 3618 5370 dis—-

2039 5389 2356 5452 ceptaretur
2396 5405 2410 5440 :
2447 5398 2506 5444 et
2532 5390 2767 5448 fortasse
2807 5397 2899 5470 qui
2932 5397 3025 5451 illa
3065 5408 3294 5472 quaret,
3339 5405 3610 5472 reperiet;

2629 5569 2920 5647 Zach._xr,
2961 5573 3012 5630 8.
3116 5573 3160 5607 “
3207 5577 3394 5635 Matth.
3424 5597 3478 5647 x,
3525 5581 3613 5637 52.

2094 5630 2138 5664 “
2177 5632 2377 5705 Ephes.
2444 5654 2513 5702 vi,
2541 5630 2608 5692 '6.
2726 5643 2768 5672 δ’
2801 5630 2942 5697 Psal.
2995 5659 3121 5712 cxu,
3161 5630 3613 5714 5;'o.'""w"réﬁi

3091 5811 3167 5872 52
