4020 6146
352 303 484 365 1321i

1468 294 1525 354 S.
1569 287 1969 352 ANASTASII
2008 286 2159 346 ΑΝΤ
2169 285 2484 348 [DCIIENI

2506 143 2532 160 κ

3469 283 3604 349 1334

346 427 399 472 et
429 430 553 470 cum
587 414 877 484 repererit,
933 387 1141 466 certius
1175 418 1493 482 cognoscet,
1548 405 1829 478 quomodo
1873 403 1928 456 in
1959 409 2002 464 Α
2034 418 2152 456 rum
2168 401 2237 455 ".
2294 401 2536 472 Digitum
2593 407 2777 455 autem
2818 399 2914 454 Dei
2963 399 3149 455 vocari
3178 398 3442 470 Spiritum
3473 418 3604 456 san-

349 507 458 561 illis
514 513 705 560 contra
741 504 889 558 illam
957 512 1086 556 tunc
1141 499 1390 556 haeresim
1442 507 1620 554 ortam
1668 496 1920 565 disputa-

349 601 548 654 vimus.
1743 647 1746 649 ,

417 689 536 744 XX.
575 689 818 743 Dicimus
860 695 1126 757 prmtcrca
1179 684 1367 739 omnia
1397 699 1498 754 per
1544 682 1726 753 ipsum
1779 679 1923 734 facta

349 797 490 844 esse,
519 779 650 834 etin
689 778 809 848 ipso
837 775 1022 830 omnia
1046 776 1352 830 consistere
1381 783 1646 843 tanquam
1674 773 1728 826 in
1765 785 1924 824 crea-

353 880 553 929 tore-ct
583 868 974 925 concreatorei
1008 886 1021 922 :
1055 866 1245 922 Omnia
1297 869 1436 920 enim
1463 879 1782 936 quiscunque
1835 878 1925 916 vo-

341 961 466 1024 htit,
495 961 613 1030 fecit
635 960 712 1010 "7.
741 958 795 1013 Si
827 957 973 1011 enim
1009 967 1064 1011 et
1106 957 1211 1011 hoc
1243 956 1496 1010 nonnulli
1528 957 1824 1026 opinantur
1858 953 1926 1008 de

349 1054 509 1107 Patre
548 1051 760 1106 dictum
817 1066 984 1105 esse:
1034 1049 1153 1119 Ipse
1182 1049 1334 1114 dixit,
1366 1057 1413 1101 et
1452 1049 1593 1118 facta
1639 1056 1791 1112 sunt;
1819 1049 1928 1117 ipse

349 1147 643 1208 mandavit,
674 1155 721 1199 et
743 1154 924 1198 creata
951 1150 1076 1196 sunt
1099 1144 1183 1207 1⁵¹’;
1220 1150 1276 1195 at
1304 1139 1520 1205 Omnia,
1552 1138 1750 1209 inquit,
1779 1154 1926 1216 qua:-

346 1255 552 1309 eunque
581 1238 720 1292 videt
750 1233 916 1289 Filius
945 1233 1163 1288 Patrem
1193 1233 1388 1302 facere,
1437 1233 1545 1286 lucc
1585 1239 1635 1284 et
1662 1229 1826 1283 Filius
1859 1230 1930 1282 si-

348 1330 546 1383 militer
581 1329 706 1398 facit
735 1328 804 1392 δί’,
843 1336 1057 1391 etnon,
1092 1323 1223 1378 talia
1249 1324 1307 1389 1·;
1339 1313 1446 1378 hoc
1477 1322 1624 1378 enim
1661 1331 1747 1376 est
1783 1323 1929 1392 ejus-

346 1421 472 1474 dem
496 1419 820 1475 substantia:
856 1417 1130 1487 operatio.
1162 1415 1252 1470 Ait
1279 1414 1448 1486 igitur
1475 1415 1776 1468 Dominus:
1810 1412 1930 1482 Ipse

346 1515 494 1579 milii,
526 1511 740 1566 scilicet
766 1511 949 1573 Pater,
1003 1508 1315 1562 mandatum
1367 1507 1508 1559 dedit
1539 1506 1609 1571 '°,
1659 1521 1765 1559 non
1807 1513 1930 1558 tan-

346 1621 510 1677 quam
540 1618 700 1659 servo
727 1601 999 1672 subjecto,
1030 1596 1126 1654 Sed
1181 1607 1442 1669 tanquam
1488 1598 1735 1669 ejusdem
1773 1606 1932 1651 natu-

346 1697 440 1761 r‘aa,
471 1707 526 1752 et
554 1695 719 1752 simul
752 1695 884 1748 Deo.
919 1693 1070 1747 idem
1091 1691 1158 1746 de
1181 1691 1392 1760 Spiritu
1415 1699 1609 1745 sancto
1637 1690 1928 1745 sentimus:

345 1791 483 1846 nihil
505 1790 653 1844 enim
681 1802 906 1844 servum
932 1794 1017 1839 est
1061 1785 1118 1838 in
1167 1793 1356 1839 sancta
1401 1783 1709 1849 Trinitate;
1761 1783 1931 1854 igitur

344 1897 524 1953 neque
560 1890 853 1936 creatum:
910 1877 1091 1931 omnis
1140 1876 1288 1930 enim
1337 1886 1595 1930 creatura
1651 1890 1808 1930 serva
1847 1881 1930 1928 est

345 1972 612 2029 creatoris
641 1970 761 2037 sui;
803 1983 910 2023 nec
931 1967 1210 2031 alienum;
1237 1965 1479 2020 alienum
1510 1965 1661 2020 enim
1701 1979 1811 2018 non
1846 1970 1932 2018 est

345 2076 676 2126 concreans,
705 2074 815 2114 non
851 2057 1193 2113 adorandum
1222 2097 1235 2121 ,
1265 2071 1374 2110 non
1404 2057 1613 2120 lumen,
1645 2073 1756 2110 non
1785 2055 1927 2120 vita;

345 2165 402 2211 et
424 2153 641 2226 ieliqua
681 2153 751 2208 de
778 2152 918 2216 Deo,
951 2158 1158 2206 uteum
1207 2149 1427 2212 decent,
1457 2149 1740 2204 dicuntur.
1775 2148 1932 2203 Sicut

345 2248 496 2303 enim
528 2247 690 2302 Pater
713 2253 800 2300 est
826 2245 1015 2299 lumen
1036 2249 1092 2296 et
1121 2243 1259 2306 vita,
1289 2242 1373 2312 sic
1391 2249 1448 2296 et
1487 2242 1684 2304 Filius;
1714 2251 1770 2297 et
1809 2240 1932 2312 Spi-

351 2342 490 2396 ritus
524 2349 782 2395 sanctus:
807 2346 864 2392 et
879 2337 996 2391 hinc
1021 2336 1246 2392 nomina
1273 2350 1373 2404 per
1402 2344 1568 2389 totam
1587 2334 1930 2406 Scripturam

348 2441 595 2488 sanctam
648 2431 990 2501 reperimus,
1049 2427 1346 2498 aliquando
1397 2427 1624 2497 quidem
1681 2436 1928 2482 sanctam

350 2521 677 2577 Trinitatem
703 2519 1074 2577 communiter
1106 2517 1421 2583 declarare;
1459 2517 1754 2588 aliquando
1797 2533 1930 2574 vero

352 2630 517 2670 unam
555 2627 854 2686 personam
881 2611 1221 2683 speciali-ter.

419 2704 562 2760 XXI.
596 2704 764 2760 Multa
784 2703 959 2774 igitur
979 2701 1349 2772 intelligentia
1379 2715 1519 2770 opus
1542 2708 1628 2755 est
1671 2700 1832 2756 nobis
1862 2697 1928 2754 ad

352 2797 793 2868 cognoscendam
827 2792 1224 2858 d-iﬂ‘erentiam,
1273 2808 1341 2847 ne
1381 2792 1716 2849 frustrentur
1745 2791 1930 2846 dubiis

353 2872 780 2960 cogitationibus
808 2893 1046 2941 utentes.
1078 2884 1216 2940 Cum
1253 2885 1399 2939 enim
1436 2873 1584 2942 canit
1629 2883 1800 2939 David
1846 2884 1931 2938 in-

354 2981 587 3052 quiens:
611 2978 675 3034 In
700 2978 896 3032 lumine
921 2985 1010 3030 tuo
1041 2974 1326 3032 vibebimu!
1360 2975 1536 3030 lumen
1570 2977 1637 3039 ει,
1683 2984 1929 3029 sanctam

2025 505 2166 561 tum,
2219 503 2333 549 eta
2361 494 2545 565 Moyse
2591 502 2646 548 et
2693 501 2762 549 ab
2824 494 2945 563 ipso
2989 493 3215 552 Christo
3268 486 3602 560 didicimus:

2023 587 2236 658 Moyses
2296 587 2446 641 enim
2503 585 2664 652 dixit,
2718 584 2955 656 Scriptus
3006 597 3116 640 esse
3188 585 3399 640 tabulas
3443 587 3604 656 digito

2024 678 2121 733 Dei
2153 681 2219 734 δ’.
2257 679 2512 734 Christus
2544 688 2727 734 autem
2753 679 2896 734 dixit
2919 679 3148 746 Judzeis,
3203 679 3298 748 qui
3330 680 3606 749 expulsio-

2025 785 2150 824 nem
2178 771 2576 825 daemoniorum
2603 771 2914 826 Beelzebub
2946 771 3348 835 {attribuebant
3381 789 3394 826 :
3425 771 3483 826 Si
3511 787 3606 842 ego

2027 864 2079 916 in
2116 865 2279 934 digito
2307 863 2404 917 Dei
2433 864 2698 918 daemonia
2729 865 2882 934 ejicio
2910 865 2988 929 “;
3021 864 3169 932 quod
3200 864 3494 920 Mattheus
3514 864 3606 917 di-

2027 955 2141 1030 xit:
2189 954 2247 1009 Si
2264 957 2317 1009 in
2345 955 2548 1025 Spiritu
2568 955 2665 1010 Dei
2689 956 2756 1010 σί.
2785 955 3142 1026 Recteigitur
3166 956 3608 1024 interpretamur

2028 1063 2216 1102 manus
2246 1047 2343 1102 Dei
2363 1031 2436 1104 let
2466 1049 2656 1119 digitos
2683 1048 2700 1087 ι
2735 1049 2849 1114 eius
2880 1049 3082 1103 Filium
3107 1050 3227 1120 ejus
3255 1057 3314 1104 et
3339 1048 3606 1118 Spiritum

2029 1146 2305 1204 sanctum,
2335 1140 2430 1209 qui
2457 1140 2514 1194 in
2545 1140 2911 1196 fabricatione
2935 1141 3126 1195 mundi
3158 1141 3466 1210 cooperarii
3490 1143 3610 1211 ejus

2029 1229 2274 1285 fuerunt.
2312 1232 2381 1286 Et
2408 1232 2604 1288 beatus
2645 1232 2750 1288 Job
2777 1232 2922 1290 idem
2983 1233 3244 1289 similiter
3292 1232 3606 1289 conﬁtens:

2029 1321 2221 1376 Manus
2244 1331 2366 1387 tum,
2387 1325 2586 1394 inquit,
2606 1325 2836 1394 fecerunt
2858 1341 2940 1380 me
2960 1335 3007 1379 et
3026 1325 3422 1396 plasmaverunt
3443 1343 3526 1380 me
3540 1328 3607 1380 θ’.

2033 1415 2101 1468 Et
2140 1415 2344 1469 iterum
2411 1415 2583 1470 David
2650 1417 3061 1486 providentiam
3124 1417 3224 1472 Dei
3283 1433 3607 1488 exponens:

2031 1506 2248 1570 Anima,
2275 1506 2476 1576 inquit,
2528 1524 2645 1561 mea
2671 1510 2732 1561 in-
2769 1510 3013 1562 man-ibus
3066 1511 3169 1563 tuis
3215 1521 3256 1549 ω
3307 1527 3514 1580 semper
3541 1510 3608 1566 ⁸³.

2031 1597 2191 1666 Quod
2225 1616 2354 1654 vero
2383 1601 2557 1670 magis
2586 1601 2693 1655 hoc
2718 1600 3034 1666 conﬁrmat,
3063 1603 3182 1671 ipse
3219 1617 3322 1671 per
3371 1601 3610 1671 prophe-

2033 1701 2142 1746 tam
2175 1691 2636 1747 elamatz-Manus
2689 1709 2806 1746 mea
2851 1693 3093 1763 fundavit
3147 1702 3383 1747 terram:
3412 1703 3461 1747 et
3483 1693 3613 1747 dex-

2033 1789 2148 1833 tera
2167 1797 2284 1833 mea
2307 1779 2543 1847 ﬁrmavit
2567 1779 2755 1835 caelum
2779 1780 2844 1833 “.
2867 1781 2934 1835 Et
2963 1797 3157 1836 rursus
3177 1781 3482 1836 oﬂendens
3500 1797 3564 1836 ea
3593 1798 3609 1835 :

2031 1871 2173 1936 Hcec,
2204 1870 2404 1941 inquit,
2454 1874 2633 1926 omnia
2671 1872 2790 1942 fecit
2845 1889 3035 1926 manus
3062 1889 3210 1933 mea;
3249 1881 3302 1925 et
3339 1881 3462 1926 sunt
3489 1889 3607 1926 mea

2031 1965 2140 2017 haec
2163 1966 2342 2017 omnia
2369 1965 2434 2018 ".
2473 1963 2528 2019 Si
2565 1955 2752 2019 autem
2782 1965 2971 2020 omnia
3004 1966 3142 2020 fecit
3170 1981 3271 2034 per
3303 1966 3527 2031 Filium,
3554 1965 3611 2018 id

2030 2059 2136 2117 est,
2164 2067 2266 2121 per
2301 2051 2549 2107 Verbum
2574 2053 2724 2122 quod
2749 2063 2872 2109 erat
2896 2055 2952 2108 in
2983 2055 3283 2125 principio,
3321 2056 3377 2110 id
3403 2064 3518 2119 .est,
3548 2055 3608 2109 in

2030 2142 2236 2211 Patre;
2258 2153 2313 2199 et
2338 2145 2483 2214 apud
2513 2145 2686 2200 Deum
2713 2145 2980 2216 Spiritus,
3007 2156 3063 2203 et
3095 2163 3293 2203 manus
3322 2148 3444 2218 ejus
3475 2147 3611 2203 fecit

2031 2237 2241 2302 omnia,
2267 2243 2324 2290 et
2355 2236 2512 2308 digiti
2547 2237 2670 2309 ejus
2696 2228 2937 2306 cuilum;
2993 2239 3261 2306 arbitror,
3320 2239 3460 2294 nihil
3519 2242 3612 2294 re-

2031 2328 2180 2384 terre
2215 2344 2419 2386 vocare
2450 2329 2674 2396 Filium,
2707 2331 2793 2386 vel
2823 2332 3118 2402 Spiritum,
3152 2347 3222 2386 an
3258 2332 3447 2404 dicere
3493 2348 3613 2386 ma-

2030 2437 2158 2487 nus,
2196 2421 2497 2492 etdigitos,
2523 2429 2579 2477 ει
2602 2423 2853 2488 brachia,
2888 2433 2944 2478 et
2975 2433 3350 2494 quaecunque,
3393 2425 3438 2479 si
3468 2441 3573 2478 con
3603 2455 3607 2460 -

2029 2513 2556 2569 substantialitatem
2591 2523 2647 2569 et
2677 2517 3053 2584 operatoriam
3095 2518 3207 2572 vim
3241 2527 3297 2572 et
3328 2519 3614 2588 energiarn

2027 2621 2130 2677 per
2195 2607 2645 2678 conjunctionem
2676 2608 3078 2673 membrorum,
3131 2626 3253 2679 quae
3306 2610 3613 2682 symbolice

2029 2699 2412 2763 nominantur,
2437 2700 2758 2754 declarant:
2793 2700 3072 2770 siquidem
3126 2703 3501 2772 incorporeus
3524 2707 3614 2756 e‘st

2028 2791 2194 2854 Deus,
2217 2798 2276 2844 et
2302 2789 2458 2844 nefas
2486 2798 2572 2844 est
2601 2798 2801 2861 putare
2828 2807 2956 2847 eum
2986 2791 3257 2849 membris
3311 2794 3416 2861 uti,
3455 2810 3618 2850 more

2028 2895 2244 2939 ιιοειτο.

2100 2975 2265 3030 XXII.
2308 2975 2465 3042 Quod
2515 2975 2559 3030 si
2592 2977 3233 3034 consubstantialitatem
3266 2981 3384 3036 haec
3434 2980 3622 3035 decla-

357 3071 685 3128 Trinitatem
708 3069 964 3139 profecto
983 3067 1281 3138 signiﬁcat:
1322 3053 1433 3122 tria:
1460 3082 1701 3136 namque
1719 3067 1931 3122 lumina
1958 3089 2002 3149 α
2036 3077 2183 3132 rant,
2239 3069 2386 3124 sicut
2426 3084 2626 3124 manus
2663 3079 2719 3124 et
2769 3069 2925 3141 digiti
2959 3071 3207 3141 ejusdem
3238 3082 3449 3128 natura:
3473 3074 3622 3128 inter

358 3162 964 3237 signiﬁcatPrOpheta;
1005 3175 1177 3216 unum
1206 3160 1297 3216 cui
1353 3174 1546 3230 preces
1599 3159 1926 3226 adhibebat,

359 3253 451 3310 hic
479 3261 563 3309 est
585 3251 778 3315 Pater;
815 3258 872 3305 et
899 3248 1088 3304 lumen
1115 3247 1236 3319 ejus
1269 3247 1588 3314 Filium;et
1637 3248 1694 3303 in
1724 3249 1936 3306 lumine

359 3347 546 3400 lumen
607 3341 877 3414 Spiritum
933 3348 1219 3396 sanctum:
1271 3353 1399 3394 cum
1434 3354 1565 3398 vero
1613 3340 1934 3412 subjungit:

361 3435 599 3492 Extende
651 3431 1076 3490 misericordiam
1133 3439 1285 3486 tuam
1326 3432 1754 3502 cognoscentibus
1785 3440 1834 3488 te
1861 3435 1934 3500 ⁵¹;

363 3529 561 3586 Filium
594 3535 755 3586 vocat
780 3523 1242 3597 misericordiam,
1267 3523 1543 3594 siquidem
1562 3525 1680 3594 ipse
1702 3533 1789 3581 est
1812 3540 1941 3595 pro-

364 3620 610 3692 pitiatio:
645 3633 838 3674 rursus
855 3617 1062 3675 dicitur
1091 3616 1335 3687 Spiritus
1357 3625 1584 3672 sanctus
1604 3617 1936 3683 ἰδιαζόντως,

362 3713 417 3768 id
443 3721 548 3777 est,
573 3722 636 3768 ut
663 3711 740 3766 ita
765 3710 946 3768 dicam
965 3709 1322 3780 appropriate
1351 3701 1563 3774 lumen,
1593 3717 1656 3764 ut
1682 3724 1810 3766 eum
1828 3709 1935 3765 ait:

361 3805 605 3868 Domine,
628 3805 684 3859 in
725 3802 924 3860 tamine
950 3801 1126 3858 uultus
1151 3801 1230 3856 tui
1262 3801 1608 3860 ambulabunt
1633 3802 1704 3867 ⁸³;
1752 3802 1940 3858 lumen

362 3898 512 3969 enim
539 3904 667 3952 ante
695 3894 894 3951 faciem
936 3893 1036 3950 Dei
1069 3893 1312 3963 Spiritus
1346 3900 1573 3948 sanctus
1609 3900 1733 3958 est;
1768 3892 1940 3961 siqui-

363 3993 488 4048 dem
537 3990 706 4048 facies
754 3987 850 4044 Dei
902 3995 988 4043 est
1025 3985 1381 4057 Unigenitus,
1407 3987 1571 4056 cujus
1632 3985 1820 4045 lumen
1853 3992 1941 4040 est

366 4079 608 4151 Spiritus
632 4085 878 4142 sanctus,
912 4073 1009 4146 qui
1043 4087 1129 4130 est
1163 4075 1378 4147 sanctis
1426 4074 1538 4129 dux
1579 4076 1701 4140 viae,
1731 4073 1791 4128 in
1825 4082 1938 4144 quo

368 4171 580 4242 Spiritu
641 4168 952 4234 ambulant,
1005 4166 1151 4224 sicut
1200 4165 1466 4236 scriptum
1517 4174 1604 4221 est
1653 4183 1666 4218 :
1710 4165 1936 4220 Descen-

365 4263 442 4320 dit
477 4250 711 4332 Spiritus
747 4279 782 4316 a
808 4259 1060 4326 Domino,
1091 4267 1142 4320 et
1173 4274 1356 4314 eorum
1410 4258 1596 4312 ductor
1640 4258 1740 4328 fuit
1773 4259 1850 4323 “ﬁ;
1882 4265 1940 4312 et

364 4356 601 4414 iterum:
638 4352 868 4426 Spiritus
891 4362 1012 4412 tuus
1045 4351 1210 4408 bonus
1235 4352 1422 4406 ductor
1443 4366 1590 4406 meus
1618 4351 1717 4404 erit
1743 4351 1810 4404 ⁵³.
1830 4349 1938 4405 De-

2039 3175 2098 3213 se
2143 3167 2199 3213 et
2240 3174 2364 3213 cum
2413 3174 2649 3230 corpore
2702 3171 2873 3217 sunt:
2903 3162 3152 3233 undique
3178 3164 3619 3220 demonstratum

2037 3255 2122 3302 est
2165 3259 2332 3302 unam
2380 3263 2502 3303 esse
2563 3259 2620 3304 et
2658 3249 3006 3306 individuam
3049 3253 3294 3308 divinam
3339 3265 3619 3322 naturam,

2037 3355 2150 3394 non
2201 3341 2432 3395 scissam
2467 3341 2523 3394 in
2574 3342 3116 3410 diversasnaturas,
3166 3346 3473 3401 secundum
3521 3363 3623 3403 eos

2038 3429 2134 3498 qui
2183 3429 2372 3486 dicere
2402 3429 2631 3495 audent,
2664 3431 2841 3486 Deum
2873 3421 3202 3502 increatum,
3235 3437 3298 3503 fet
3329 3446 3574 3492 creatum
3602 3455 3618 3504 ;

2037 3535 2220 3591 neque
2269 3521 2534 3590 partitam
2576 3522 2640 3590 in
2675 3537 2756 3590 se,
2791 3517 3100 3580 secundum
3133 3527 3388 3583 haeresim
3424 3545 3619 3585 recen-

2040 3621 2174 3677 tem,
2217 3613 2275 3667 in
2327 3622 2518 3685 partes
2561 3605 2701 3693 quas
2740 3616 2846 3687 ipsi
2876 3625 3083 3673 vocant
3121 3621 3472 3677 'substantias
3497 3638 3623 3692 spe-

2039 3704 2210 3774 ciales
2254 3705 2372 3762 sive
2413 3708 2815 3776 particulares;
2855 3726 3043 3782 neque
3095 3713 3340 3783 priorem
3384 3729 3443 3769 se
3478 3715 3618 3785 ipsa,

2038 3798 2129 3854 vel
2176 3799 2577 3867 posteriorem:
2605 3801 2884 3870 quomodo
2923 3804 3072 3858 enim
3111 3804 3260 3874 quod
3293 3812 3378 3859 est
3410 3819 3466 3859 se
3499 3805 3622 3875 ipso

2040 3887 2197 3958 prius
2241 3897 2298 3943 et
2329 3889 2630 3958 posterius,
2673 3891 2824 3946 Deus
2858 3907 2983 3949 esse
3020 3897 3235 3964 potest?
3283 3895 3440 3951 Sicut
3467 3898 3619 3951 enim

2037 3992 2214 4031 unum
2247 3987 2305 4033 et
2347 3977 2494 4032 idem
2522 3994 2724 4049 corpus
2747 3983 2924 4035 senius
2954 3992 3004 4036 et
3021 3983 3319 4053 juvenitius
3354 3986 3464 4041 dici
3498 4001 3612 4040 non

2041 4076 2254 4138 potest;
2303 4069 2385 4123 sic
2408 4086 2560 4131 unus
2595 4071 2743 4127 Deus
2774 4074 2871 4141 qui
2908 4073 2964 4127 in
3000 4075 3182 4130 tribus
3223 4078 3479 4146 personis
3506 4088 3616 4144 est,

2044 4174 2263 4230 semper
2290 4160 2598 4220 secundum
2625 4162 2772 4217 idem
2808 4173 2866 4218 et
2899 4166 3096 4221 eodem
3129 4168 3293 4224 modo
3333 4185 3390 4223 se
3425 4169 3617 4233 habet,

2041 4265 2392 4320 nequaquam
2443 4259 2693 4322 tempore
2742 4270 2871 4309 cum
2917 4257 3244 4312 exsistentia
3295 4260 3416 4328 ejus
3453 4260 3620 4316 simul

2040 4342 2322 4412 cogitato;
2380 4356 2603 4414 sumpto
2649 4355 2835 4401 autem
2870 4351 3127 4419 exemplo
3173 4367 3238 4404 ex
3279 4354 3621 4420 proprietate

363 4449 698 4500 monstratur
749 4449 933 4498 autem
981 4437 1530 4508 consubsmntialitas
1580 4452 1680 4506 per
1715 4436 1946 4506 cepula-
1980 4435 2020 4488 ι)
2045 4435 2320 4503 corporis,
2353 4439 2760 4494 connexionem
2814 4451 2841 4477 η
2875 4451 3121 4495 mutuam
3151 4443 3460 4498 divinarum
3493 4462 3621 4513 per.-

367 4535 576 4592 tionem
634 4533 798 4594 simul
851 4539 908 4587 et
959 4529 1452 4601 coeperationem:
1513 4529 1694 4593 Verbo,
1737 4528 1938 4598 inquit,

363 4625 580 4688 Domini
600 4623 714 4682 caeli
735 4622 941 4692 ﬁrmati
971 4629 1118 4686 sunt,
1157 4632 1208 4674 et
1226 4622 1418 4694 spiritu
1472 4622 1580 4676 oris
1611 4620 1725 4690 ejus
1771 4623 1940 4676 omnis

361 4699 530 4770 virtus
579 4728 760 4768 eorum
787 4713 854 4766 ³⁸.
915 4710 1073 4768 Unde
1102 4727 1302 4768 manus
1329 4711 1429 4767 Dei
1463 4717 1628 4766 vocat
1654 4709 1854 4765 Filium
1885 4721 1942 4766 et

363 4804 646 4875 Spiritum.
672 4811 924 4860 sanctum
939 4802 1136 4860 beatus
1163 4802 1356 4867 David,
1379 4817 1506 4860 cum
1521 4801 1600 4858 ait
1631 4801 1687 4854 in
1705 4803 1937 4871 psalmo:

362 4895 682 4954 Manustue
707 4893 946 4964 fecerunt
993 4907 1074 4946 me
1116 4900 1166 4946 et
1218 4891 1620 4968 plasmaoerunt
1677 4906 1759 4944 me
1779 4892 1856 4956 l’7;
1883 4898 1942 4945 et

366 5001 591 5044 rursus:
631 4983 840 5050 Videbo,
868 4983 1068 5054 inquit,
1098 4982 1252 5040 calas
1281 4999 1447 5049 opera
1494 4983 1780 5052 digitorum
1819 4990 1942 5038 tuo-

439 5147 482 5178 "
523 5146 669 5205 Psal.
697 5163 909 5214 cxsxrv,
979 5145 1032 5201 6.

2045 4541 2310 4583 sonarum
2351 4543 2449 4597 per
2501 4532 2916 4598 proportionem
2971 4535 3373 4593 membrorum.
3424 4550 3479 4590 et
3538 4556 3624 4591 as-

2045 4617 2437 4686 similationem
2489 4624 3025 4688 repraesentavimus.
3066 4625 3154 4681 Sic
3211 4628 3360 4682 extim
3405 4631 3622 4696 spiritus

2045 4711 2150 4763 oris
2185 4710 2300 4778 ejus
2335 4710 2399 4774 ⁶⁶,
2451 4710 2506 4764 id
2539 4720 2622 4768 est
2668 4713 2787 4778 Dei,
2823 4716 3032 4770 dicitur
3086 4718 3329 4785 Spiritus
3359 4731 3619 4784 sanctus;

2045 4816 2110 4855 os
2148 4810 2334 4856 autem
2391 4814 2478 4861 est
2511 4803 2840 4874 Unigenitus
2871 4826 2885 4861 :
2919 4824 2984 4864 ac
3017 4825 3211 4864 rursus
3261 4812 3504 4880 Spiritus
3556 4829 3624 4867 ex

2047 4892 2172 4961 ipso
2194 4893 2526 4962 procedens,
2559 4902 2616 4954 ει
2649 4898 2857 4955 missus
2887 4915 2997 4954 non
3028 4901 3209 4955 solum
3237 4918 3268 4956 a
3306 4903 3490 4965 Patre,
3527 4905 3624 4959 sed

2048 4998 2081 5044 a
2133 4983 2295 5049 Filio,
2349 4985 2494 5042 sicut
2527 4988 2609 5043 ait
2638 4988 2762 5058 ipse
2786 4989 3423 5049 Dominuszparastetus
3446 5005 3626 5049 autem

1134 5143 1204 5221 ξ’,
1221 5144 1368 5221 Psal.
1397 5160 1629 5221 _chvut.
1672 5147 1725 5202 5.
1781 5146 1855 5221 ’ξ’
1881 5145 2094 5221 Jo_a_n._v.
2119 5147 2202 5221 l9.
2229 5145 2440 5221 "Joan.
2473 5165 2568 5211 xu,
2594 5150 2682 5208 49.
2761 5154 2802 5184 δι
2864 5154 3005 5210 Psal.
3040 5171 3200 5221 xxxv,
3226 5153 3309 5207 i0.
3387 5155 3432 5184 δ’
3490 5155 3624 5212 ibid.

370 5221 452 5272 Η.
529 5219 575 5251 "
615 5217 759 5271 Psal.
839 5233 1089 5280 uxxvm,
1141 5216 1226 5271 16.
1305 5215 1351 5246 ⁸⁸
1397 5215 1502 5270 lsa.
1575 5233 1721 5279 mu,
1776 5217 1860 5271 lt.

2035 5217 2168 5270 l’sul.
2197 5229 2356 5284 me,
2385 5217 2470 5272 10.
2549 5221 2596 5254 ⁸⁸
2649 5223 2790 5276 Psal.
2847 5241 3012 5278 χχχιι.
3065 5227 3116 5280 6.

3194 5227 3238 5256 ⁸⁷
3272 5223 3414 5294 Psal.
3445 5241 3630 5294 cxvm,

367 5290 460 5364 75.
531 5287 745 5364 "__P§a|.
775 5303 891 5349 vui,
934 5288 1111 5364 ‘.__"
1140 5287 1313 5364 Eneti.
1336 5302 1482 5350 xxxi,
1532 5287 1618 5364 i_8.
1695 5286 1995 5364 ξξιέιετιι,
2034 5287 2124 5340 9.0.
2159 5287 2246 5364 ’ΛΜ
2270 5289 2461 5344 Matth.
2495 5291 2697 5356 3",?8.
2775 5293 2938 5350 "Job
2986 5312 3040 5361 ι,
3065 5299 3117 5350 8.
3197 5295 3244 5326 “
3274 5286 3630 5364 Psal.cxvm,

370 5360 491 5416 109.
568 5358 613 5390 ⁵⁵
643 5357 745 5414 isa.
782 5374 964 5424 uviu,
998 5359 1082 5414 i3.
1159 5358 1332 5420 “Isa.
1371 5359 1586 5425 LXVI,2.

1695 5359 1740 5390 “
1779 5358 1923 5420 Psal.
1963 5373 2130 5423 xxxu,
2170 5359 2222 5412 6.

1685 5500 1924 5556 VARUS
1963 5501 2368 5559 LECTIONES.

452 5643 466 5690 i
513 5641 690 5695 Great.
725 5652 773 5696 et
797 5659 972 5696 coner.
1007 5642 1360 5711 δημιουργός,
1409 5641 1855 5711 συνδημιουργός.

1958 5643 1981 5680 κ
2017 5643 2309 5723 Talia_.‘A_n
2354 5645 2463 5723 alia
2484 5645 2510 5698 ?
2589 5649 2604 5686 ι
2635 5648 2856 5720 Digitos.
2885 5650 3044 5706 Forte
3067 5651 3282 5723 digitus.
3360 5662 3401 5690 ιη
3426 5651 3490 5707 lu
3518 5671 3638 5710 ina-

371 5712 516 5764 nibus
550 5713 670 5765 tuis.
704 5712 857 5784 Vulg.
886 5715 937 5766 in
967 5714 1163 5767 manib.
1206 5728 1344 5767 tusis.
1377 5711 1499 5769 Alio
1533 5727 1720 5767 sensu.
1793 5722 1825 5753 ιι
1859 5711 2094 5769 ϐοηηεπ.
2134 5713 2482 5786 ἀλληλουχία.
