4020 6146
477 311 616 376 1325

1503 308 1786 370 ORATIO
1824 310 1872 370 Ι.
1899 333 1968 344 -·-
1992 309 2094 370 DE
2120 309 2224 370 SS.
2265 309 2700 370 TRINITATE.

3596 307 3732 373 13Ξῦ

473 437 629 494 quem
667 418 838 474 mittet
881 419 1028 474 vobis
1074 417 1238 489 Pater
1269 419 1348 485 "I;
1381 426 1438 472 et
1467 424 1668 474 iterum
1705 437 1720 473 :
1761 417 1820 474 Si
1852 420 2052 484 abiero,
2083 427 2128 482 Α
2158 421 2359 490 cuique
2378 421 2527 476 enim
2549 434 2798 492 personat
2828 419 3147 491 huiusmodi
3175 420 3574 490 appellationes
3603 434 3730 494 aptc

473 515 685 568 mittam
732 527 872 568 eum.
901 511 972 566 ad
1002 527 1092 566 ros
1135 510 1212 576 ‘5;
1245 511 1313 565 ad
1354 509 1659 578 discipulos
1704 510 1963 568 scilicet:
1991 520 2050 565 et

473 605 645 663 David
670 605 994 675 prophetico
1015 603 1083 658 ad
1109 619 1271 659 eum:
1302 603 1548 668 Emittes,
1581 603 1781 673 inquit,
1801 604 2051 672 spiritum

473 709 644 774 tuum,
675 706 726 750 et
769 695 1122 761 creabantur;
1161 704 1210 748 et
1245 695 1522 750 renouabis
1568 696 1755 766 {aciem
1796 706 1952 750 terra:
1981 697 2048 749 ⁸³.

473 790 662 860 Neque
694 805 830 844 vero
861 789 992 860 quia
1026 788 1269 844 mittitur
1293 786 1538 858 Spiritus
1582 798 1832 854 sanctus,
1868 790 2049 844 mino.-

477 897 595 938 re
647 883 812 937 Patre
845 891 903 937 et
941 881 1085 937 Filio
1129 881 1440 937 secundum
1486 881 1852 937 substantiam
1893 890 2053 952 puta-

475 990 649 1030 mus:
699 989 905 1045 apage;
961 987 1126 1028 nemo
1172 973 1280 1028 hoc
1320 975 1679 1044 suspicetur:
1715 980 1845 1029 neu
1901 975 2061 1029 enim.

475 1080 539 1124 ut
584 1067 840 1122 minister
876 1065 1139 1133 mittitur,
1185 1067 1283 1122 sed
1330 1074 1392 1122 ut
1437 1068 1948 1132 eonsubstantialis,
1997 1075 2056 1121 et

475 1159 704 1231 aequalis
739 1159 988 1224 honoris,
1035 1168 1094 1214 et
1138 1160 1375 1228 ejusdem
1420 1170 1633 1215 natura:
1675 1167 1724 1214 ο.
1763 1160 2052 1230 Siquidem

475 1261 532 1310 et
573 1254 764 1324 ipsum.
801 1249 1001 1304 Filium
1049 1249 1281 1305 missum
1314 1265 1437 1306 esse
1468 1249 1772 1307 didicimus
1817 1266 1928 1306 non
1962 1267 2054 1307 so-

476 1347 587 1408 lum
635 1361 667 1400 a
718 1346 904 1408 Patre,
955 1341 1056 1397 sed
1093 1342 1163 1398 ab
1210 1340 1424 1412 Spiritu
1475 1350 1688 1407 sancto,
1741 1343 1886 1397 sicut
1936 1345 2054 1412 ipse

476 1438 616 1493 dixit
661 1452 762 1506 per
805 1436 1010 1490 Isaiam
1050 1455 1065 1488 :
1103 1435 1172 1489 Et
1215 1451 1354 1490 nunc
1380 1433 1638 1490 Dominus
1681 1436 1822 1489 misit
1862 1449 1965 1498 nte,
2004 1442 2056 1488 et

477 1527 707 1600 Spiritus
739 1530 852 1600 ejus
891 1529 960 1582 '°.
1006 1527 1256 1596 Vocatur.
1293 1534 1480 1580 autem
1516 1526 1663 1581 Deus
1692 1524 1966 1596 Spiritus;
1999 1535 2058 1581 et

479 1637 672 1678 rursus
699 1639 714 1675 :
755 1612 1013 1676 Dominus
1041 1628 1221 1675 autem
1257 1619 1488 1690 Spiritus
1513 1628 1590 1672 est
1614 1619 1657 1652 '“
1682 1635 1698 1683 ;
1729 1627 1786 1672 et
1816 1618 2058 1688 Spiritus

478 1725 724 1779 sanctus,
779 1703 1014 1784 spiritus
1062 1713 1182 1778 Dei,
1228 1722 1288 1767 et
1330 1711 1566 1782 spiritus
1599 1710 1831 1775 Christi,
1856 1720 1913 1766 et
1947 1711 2059 1780 spi-

2157 512 2517 576 adhibentur,
2547 523 2832 569 reservato
2857 511 2959 568 soli
2987 513 3159 578 Patri,
3190 522 3252 566 ut
3281 514 3353 568 sit
3381 513 3568 580 Pater,
3602 519 3732 587 quia

2157 602 2310 658 solus
2350 613 2438 660 est
2467 603 2838 674 principium;
2867 611 2926 658 et
2955 603 3116 668 Filio,
3145 613 3208 657 ut
3258 604 3329 659 sit
3364 605 3560 669 Filius,
3601 610 3732 677 quia

2157 695 2310 750 solus
2358 696 2577 765 genitus
2631 705 2854 770 est;_'et
2889 695 3202 760 Paracleto,
3254 705 3314 750 ut
3357 698 3432 751 sit
3491 699 3735 768 Spiritus

2160 797 2422 853 sanctus;
2489 787 2773 859 propriam
2820 788 2970 844 enim
3025 788 3192 843 habet
3227 791 3645 859 processioncm
3702 810 3735 848 a

2159 880 2341 936 Patre.

2231 969 2420 1026 XXIV.
2447 970 2602 1040 Saepe
2630 971 2894 1035 diximus,
2921 971 3294 1028 diﬂ'erentiam
3313 977 3600 1032 nominum
3623 994 3736 1033 non

2160 1060 2378 1117 variare
2407 1072 2662 1118 naturam
2693 1081 2707 1117 :
2734 1079 2838 1119 nec
2875 1063 3024 1118 enim
3058 1064 3243 1130 Pater,
3277 1067 3405 1136 quia
3442 1068 3604 1124 Pater
3632 1082 3736 1135 est,

2162 1152 2372 1212 idcirco
2405 1155 2556 1210 Deus
2580 1164 2699 1222 est;
2728 1171 2910 1226 neque
2936 1159 3068 1228 quia
3104 1155 3295 1214 Filius'
3311 1175 3424 1215 non
3450 1172 3535 1217 est
3553 1163 3736 1227 Pater,

2162 1245 2371 1302 idcirco
2385 1263 2496 1303 non
2513 1257 2598 1303 est
2617 1249 2791 1314 Deus;
2817 1249 3078 1304 similiter
3099 1249 3341 1320 Spiritus
3359 1263 3614 1310 sanctus:
3639 1257 3737 1310 sed

2163 1339 2290 1396 ideo
2321 1341 2470 1397 Deus
2508 1351 2614 1407 est,
2648 1343 2779 1412 quia
2821 1352 2910 1397 est
2946 1337 3273 1410 incrcatum,
3301 1355 3592 1413 aeternum,
3633 1349 3742 1402 im-

2162 1433 2450 1499 mutabile,
2497 1435 3324 1504 incorruptibile,invariabile,
3357 1447 3554 1494 auctor
3592 1441 3740 1505 vita,

2162 1535 2382 1580 creator
2414 1541 2736 1597 corporum,
2767 1536 2824 1582 et
2852 1543 3045 1582 eorum
3073 1543 3195 1599 qua:
3227 1529 3556 1600 incorporea
3587 1543 3739 1588 sunt.

2163 1617 2291 1673 Hinc
2324 1619 2474 1673 enim
2523 1628 2653 1674 sunt
2699 1621 2926 1690 propria
2965 1620 3301 1688 divinitatis;
3349 1632 3406 1678 et
3455 1625 3645 1680 insunt
3685 1626 3742 1680 in

2165 1725 2497 1780 unaquaque
2548 1725 2807 1780 persona,
2847 1721 2907 1766 et
2955 1719 3186 1782 propter
3239 1714 3356 1769 haec
3400 1731 3744 1787 unaquaeque

480 1805 624 1888 ritus
651 1805 818 1860 'Jesu.
861 1804 968 1858 Per
1015 1810 1164 1858 totas
1221 1802 1550 1871 hypostases
1592 1801 1939 1856 demonstrat
1971 1801 2058 1856 di-
2091 1797 2135 1858 Β
2163 1815 2398 1888 persona
2460 1802 2606 1856 Deus
2648 1809 2754 1868 est,
2815 1801 3092 1872 siquidem
3141 1803 3305 1858 Pater
3349 1815 3577 1876 propter
3626 1807 3746 1862 haec

481 1896 644 1950 vinus
685 1909 870 1951 sermo
917 1894 1230 1949 naturalem
1257 1893 1645 1963 cognationem
1674 1903 1702 1942 ι)
1724 1892 2057 1949 divinitatis.

479 1987 723 2058 Spiritus
755 1986 983 2057 quidem
1011 1985 1191 2042 sancti
1227 1985 1319 2040 hic
1343 1994 1432 2040 est
1455 1985 1720 2056 proprius
1746 1985 2060 2052 character,

478 2080 576 2152 qui
595 2080 704 2135 bac
729 2079 1105 2150 appellatione
1131 2078 1512 2150 signiﬁcatur;
1540 2086 1626 2133 est
1647 2079 1797 2136 enim
1820 2078 2063 2149 Spiritus

475 2183 712 2229 sanctus
753 2191 767 2226 :
807 2171 1082 2242 Spiritum
1125 2181 1312 2227 autem
1366 2178 1618 2224 sanctum
1653 2179 1831 2225 totum
1866 2170 1948 2225 sic
1974 2169 2060 2224 di-

479 2275 634 2323 ctum
661 2275 718 2320 et
746 2273 1008 2324 vocatum
1039 2279 1152 2318 non
1184 2262 1439 2317 invenies
1464 2261 1656 2316 alium.
1682 2262 1830 2316 Deus
1853 2271 2062 2325 autem,

483 2367 546 2413 ut
575 2365 740 2412 antea
789 2355 927 2420 dixi,
978 2354 1189 2410 dicitur
1247 2341 1526 2424 Spiritus;
1561 2362 1617 2409 et
1657 2354 1807 2410 Deus
1857 2353 2066 2412 dicitur

479 2457 713 2504 sanctus
747 2466 761 2501 :
799 2447 964 2504 ambo
992 2461 1126 2502 vero
1146 2446 1376 2501 nomina
1399 2447 1712 2516 composita
1747 2453 2066 2516 congruunt

479 2543 557 2608 ei,
601 2542 696 2612 qui
749 2541 972 2611 proprie
1018 2538 1229 2594 dicitur
1281 2536 1526 2607 Spiritus
1579 2546 1830 2601 sanctus,
1901 2535 2066 2591 sicuti

482 2648 686 2689 nomen
739 2632 921 2688 Patris
982 2629 1210 2701 proprie
1258 2630 1526 2684 convenit
1571 2629 1850 2700 principio
1903 2640 1964 2695 1;
2012 2637 2069 2683 et

483 2741 688 2783 nomen
735 2725 859 2780 Filii
906 2723 982 2788 ei,
1021 2722 1127 2792 ‘qui
1177 2720 1497 2775 immediate
1547 2714 1936 2790 ex'principio
1971 2739 1983 2775 :
2013 2727 2070 2774 et

483 2819 604 2875 hac
634 2816 863 2871 nomina
898 2829 1008 2870 non
1032 2817 1470 2868 commutantur
1528 2811 1676 2866 inter
1719 2827 1779 2866 se
1815 2828 1832 2865 :
1867 2820 2070 2866 caetera

484 2910 673 2966 omnia
701 2916 994 2962 moventur
1012 2913 1069 2962 et
1094 2905 1484 2960 immutantur.
1519 2902 1674 2958 Sicut
1701 2903 1850 2958 enim
1881 2904 2064 2969 Pater,

482 3003 580 3074 qui
616 3002 762 3056 Deus
795 3008 881 3055 est
926 3006 985 3054 et
1030 2997 1212 3064 Pater,
1247 2995 1572 3051 nominibus
1606 2985 1856 3066 Spiritus
1887 2995 2072 3065 appel-

477 3098 670 3162 ‘latur,
725 3102 950 3150 sanctus
989 3091 1205 3148 scilicet
1255 3099 1312 3147 et
1357 3090 1607 3160 spiritus,
1652 3089 1906 3159 quamvis
1958 3103 2066 3143 non

487 3188 798 3259 appellatur
848 3195 1027 3241 totum
1060 3186 1166 3240 hoc
1216 3183 1460 3254 Spiritus
1493 3191 1752 3248 sanctus;
1785 3182 1869 3236 sic
1896 3181 2066 3236 etiam

485 3271 732 3352 Spiritus
764 3287 1010 3343 sanctus,
1038 3277 1135 3349 qui
1168 3288 1254 3332 est
1283 3277 1516 3347 spiritus
1550 3283 1606 3330 et
1633 3284 1880 3341 sanctus,
1921 3275 2068 3330 Deus

485 3381 594 3444 est,
638 3381 696 3428 et
740 3371 1062 3426 nominatur
1093 3390 1106 3425 :
1135 3379 1191 3424 et
1230 3369 1486 3425 Salvator
1533 3369 1814 3436 similiter,
1844 3368 1943 3439 qui
1982 3377 2069 3423 est

488 3466 684 3531 Filius,
733 3473 790 3520 et
834 3463 1106 3518 Dominus
1150 3471 1407 3526 vocatur,
1465 3477 1578 3517 non
1634 3462 1789 3517 solus
1823 3475 1958 3516 usus
1984 3469 2071 3516 est

488 3559 596 3612 hac
640 3554 1010 3627 appellatione
1061 3551 1303 3619 Domini,
1336 3554 1431 3620 sed
1472 3553 1636 3608 Pater
1671 3555 1840 3608 etiam
1887 3553 2068 3608 nomi-

489 3653 656 3702 natur
712 3647 1021 3710 Dominus;
1086 3654 1143 3700 et
1187 3644 1430 3714 Spiritus
1484 3652 1710 3699 sanctus
1752 3645 2071 3699 nominatur

488 3735 659 3792 etiam
700 3735 1000 3802 Dominus;
1042 3736 1189 3791 sicut
1215 3744 1274 3791 et
1297 3735 1423 3805 ipse
1465 3733 1638 3789 Filius
1669 3735 1815 3790 Deus
1847 3743 1904 3790 et
1949 3734 2074 3806 Spi-

493 3829 640 3885 ritus
675 3838 734 3884 et
768 3837 995 3884 sanctus
1026 3836 1280 3883 vocatur.

531 3935 534 3938 ‘
564 3920 756 3976 XXIII.
797 3917 925 3992 Haec
968 3919 1340 3974 communitas
1369 3917 1801 3996 appellationum
1833 3916 1898 3996 in
1923 3916 2073 3973 Seri-

493 4023 658 4085 ptura
688 4021 880 4067 sancta
910 4009 1275 4075 meonomice,
1305 4018 1367 4065 ut
1399 3993 1482 4065 ita
1521 4009 1724 4076 dicam,
1761 3993 1962 4074 fertur,
2011 4017 2074 4064 ut

493 4104 705 4160 nullam
745 4102 988 4158 habeant
1038 4101 1294 4156 homines
1342 4100 1648 4172 impie-tatis
1698 4099 2068 4164 occasionem,

410 4245 414 4249 .
489 4205 551 4252 et
597 4196 902 4266 opinentur
951 4209 1076 4250 esse
1123 4201 1237 4248 tres
1269 4191 1428 4250 deos.
1457 4192 1669 4247 Idcirco
1699 4191 1885 4248 divina
1915 4190 2072 4246 Scri-

494 4271 682 4358 ptura,
716 4297 780 4342 ut
809 4299 1030 4342 omnem
1067 4285 1383 4356 huiusmodi
1410 4285 1780 4355 suspicionem
1815 4283 2074 4340 omnibus

494 4379 844 4450 praseideret,
874 4379 1097 4434 Patrem
1117 4378 1345 4447 quidem
1374 4377 1613 4448 appellat
1637 4378 1841 4443 Deum;
1871 4375 2073 4436 Filium

2163 1887 2313 1949 Deus
2349 1899 2482 1948 est:
2525 1902 2585 1948 et
2631 1909 2742 1948 non
2791 1894 2923 1964 quia
2967 1895 3130 1950 Pater
3161 1905 3267 1952 est.
3318 1897 3378 1952 Si
3421 1898 3570 1952 enim
3615 1900 3745 1970 quia

2164 1984 2329 2040 Pater
2360 1993 2467 2052 est,
2513 1986 2661 2041 Deus
2712 1995 2836 2052 est,
2891 1989 3074 2042 omnis
3126 1996 3283 2058 pater
3330 1991 3479 2046 Deus
3536 2002 3684 2048 esset
3728 2011 3742 2046 :

2165 2089 2313 2130 nunc
2341 2084 2524 2131 autem
2558 2092 2670 2131 non
2698 2077 2782 2132 sic
2805 2077 3006 2143 habet;
3031 2078 3170 2148 quin
3195 2077 3383 2150 potius
3412 2081 3744 2151 appellatio-

2166 2181 2267 2223 nes
2293 2167 2624 2226 diﬂ‘erentes
2650 2171 2904 2226 eamdem
2926 2170 3296 2226 substantiam
3323 2173 3562 2245 signant,
3580 2175 3745 2232 simul

2164 2259 2414 2331 ejusdem
2435 2271 2652 2318 naturae
2669 2264 3116 2320 communionem
3137 2265 3508 2332 declarantes,
3530 2277 3587 2323 et
3608 2269 3746 2324 nihil

2165 2355 2238 2409 ab
2277 2371 2386 2411 una
2418 2364 2618 2411 natura
2661 2355 2902 2412 alienum
2945 2356 3323 2415 admittentes.
3359 2358 3574 2416 Idcirco
3616 2362 3748 2416 uni-

2167 2463 2328 2504 versa
2365 2450 2656 2520 plenitudo
2696 2450 3008 2508 divinitatis
3054 2468 3200 2509 unus
3255 2454 3402 2510 Deus
3434 2465 3542 2522 est,
3587 2473 3748 2528 super

2169 2545 2370 2607 omnia,
2411 2551 2463 2596 et
2492 2560 2586 2616 per
2612 2545 2812 2610 omnia,
2847 2552 2895 2598 et
2932 2547 2988 2599 in
3035 2547 3275 2601 omnibus
3301 2547 3368 2579 ἰ’
3403 2566 3416 2602 :
3462 2549 3565 2604 etsi
3594 2551 3746 2606 enim

2171 2631 2357 2688 divina
2393 2631 2676 2703 Scriptura
2722 2633 2959 2689 diversis
3002 2635 3326 2690 nominibus
3352 2639 3590 2709 appellat
3621 2656 3743 2695 san-

2169 2733 2314 2779 ctam
2382 2723 2715 2779 Trinitatem
2779 2739 2944 2794 quam
3014 2725 3312 2781 adoramus
3364 2736 3422 2782 et
3476 2729 3745 2794 colimus,

2167 2815 2494 2872 occasiones
2544 2812 2732 2870 tamen
2766 2815 3037 2885 speciales
3076 2825 3306 2872 naturas
3354 2817 3746 2876 introdueendi

2171 2906 2418 2972 sustulit,
2457 2920 2583 2962 cum
2635 2921 2800 2960 unam
2846 2906 3213 2961 substantiam
3275 2917 3333 2964 et
3381 2910 3633 2966 eamdem
3677 2925 3747 2968 ex

2169 2999 2392 3064 eisdem
2425 2998 2848 3070 operationibus
2895 2999 3318 3067 demonstravit,
3361 3003 3514 3057 nulla
3542 3003 3749 3061 erroris

2172 3106 2336 3145 causa
2383 3091 2578 3145 relicta
2626 3091 2695 3146 iis
2737 3091 2833 3160 qui
2892 3091 3079 3146 lumen
3142 3093 3480 3164 participare
3528 3096 3744 3162 volunt,

2170 3191 2226 3237 et
2271 3199 2382 3248 non
2425 3183 2611 3254 potius
2647 3173 2901 3239 'me'ntem
2932 3195 3234 3250 excmcare,
3285 3195 3350 3241 ut
3379 3188 3465 3242 vel
3489 3201 3745 3244 naturam

2169 3291 2270 3346 per
2316 3276 2473 3343 illud,
2505 3276 2818 3347 aliquando,
2848 3284 2905 3331 et
2939 3276 3096 3342 illud,
3135 3293 3239 3331 non
3287 3286 3440 3346 erat;
3467 3288 3564 3335 aut
3602 3281 3745 3336 divi-

2171 3372 2399 3426 nitatem
2465 3370 2898 3442 particularlbus
2941 3371 3271 3427 substantiis
3319 3372 3592 3428 dividere.
3632 3374 3748 3432 Nec

2168 3465 2318 3519 enim
2370 3464 2513 3520 sicut
2558 3463 2717 3518 stella
2761 3463 2830 3517 ab
2864 3463 3036 3520 stella
3083 3462 3378 3533 splendore
3426 3463 3635 3530 ὀίεαι-ι,
3687 3476 3749 3520 ut

2171 3551 2326 3606 verbi
2376 3551 2589 3622 gratia,
2654 3551 2832 3621 major
2883 3566 2915 3604 a
2956 3550 3213 3614 minore,
3282 3566 3388 3606 nec
3433 3562 3495 3614 ut
3541 3569 3748 3625 corpus

2169 3657 2412 3712 corpore
2463 3645 2639 3714 majus
2689 3651 2776 3698 est
2821 3645 2990 3707 mole,
3032 3650 3096 3698 ut
3139 3658 3344 3714 corpus
3382 3646 3748 3704 adolescentis

2169 3750 2404 3804 corpore
2453 3735 2633 3804 pueri,
2684 3749 2786 3790 nec
2836 3743 2896 3790 ut
2945 3735 3111 3791 homo
3154 3744 3407 3808 tempore
3441 3739 3746 3810 antiquior,

2174 3835 2235 3880 ut
2279 3828 2518 3897 exempli
2551 3842 2736 3893 causa,
2770 3827 3049 3883 Abraham
3093 3829 3382 3898 antiquior
3420 3831 3613 3896 David,
3651 3841 3748 3886 aut

2171 3915 2342 3972 David
2387 3917 2766 3985 Zorobabeie;
2811 3919 2890 3974 sic
2927 3919 2982 3973 in
3028 3905 3283 3989 personis
3334 3931 3537 3977 sancte
3561 3922 3748 3978 Trini-

2174 4011 2318 4066 tatis
2359 4010 2512 4080 laqui
2573 4018 2668 4064 aut
2727 4010 2937 4066 sentire
2987 4010 3304 4067 didicimus.
3360 4011 3506 4082 Quin
3562 4014 3750 4084 potius

2171 4104 2521 4174 Operationes
2548 4102 2770 4173 quidem
2797 4105 3076 4158 naturales
3111 4091 3433 4160 communes
3446 4105 3639 4174 habet;
3666 4108 3750 4162 hac

2172 4208 2306 4248 vero
2340 4191 2704 4248 substantiam
2747 4193 2912 4263 plane
2957 4193 3241 4248 declarant
3289 4212 3304 4248 :
3339 4195 3508 4250 simul
3562 4206 3748 4252 autem

2172 4298 2440 4356 personas
2491 4299 2678 4340 secum
2714 4284 2858 4339 inter
2891 4293 2973 4350 se,
3009 4293 3064 4339 et
3109 4285 3164 4339 in
3211 4300 3270 4341 se
3320 4285 3456 4356 ipsis
3503 4288 3746 4344 vicissim

2176 4377 2622 4448 inseparabiliter
2674 4377 2730 4431 in
2748 4376 2941 4432 eadem
2978 4376 3155 4448 gloria
3197 4387 3254 4432 et
3288 4388 3560 4448 potestate
3597 4383 3746 4437 exsi-

457 4481 462 4486 '
496 4485 631 4525 vero
670 4470 1003 4534 Dominum;
1030 4475 1087 4524 et
1121 4467 1388 4538 Spiritum
1422 4476 1672 4523 sanctum
1698 4467 2072 4522 Paracletum:
2108 4485 2152 4541 ι)
2176 4474 2324 4522 stere
2350 4466 2810 4536 contemplamur,
2844 4466 3294 4537 quandoquidem
3338 4469 3586 4542 ejusdem
3618 4471 3748 4526 sub-

497 4569 554 4616 et
598 4561 646 4616 si
689 4560 818 4625 hoc,
855 4575 1010 4616 more
1043 4558 1348 4630 paedagogi,
1395 4558 1666 4629 providit,
1723 4573 1837 4613 non
1889 4567 2077 4613 tamen

497 4653 740 4723 privavit
783 4651 969 4707 divina
998 4667 1134 4708 voce
1180 4652 1382 4707 Filium
1413 4659 1472 4705 et
1504 4643 1770 4722 Spiritum
1798 4658 2072 4716 sanctum,

496 4758 679 4814 neque
725 4758 921 4798 vocem
963 4743 1181 4797 Domini
1230 4744 1287 4798 in
1333 4743 1498 4798 Patre
1531 4751 1587 4797 et
1632 4741 1844 4812 Spiritu
1884 4749 2077 4796 sancto

495 4833 772 4888 reticuiti
814 4833 928 4886 imo
979 4845 1162 4902 neque
1207 4831 1637 4902 appellationem
1683 4830 2078 4890 sanctiﬁcantis

496 4924 566 4978 ab
609 4923 797 4992 aliqua
827 4931 1069 4992 persona
1105 4922 1398 4976 Trinitatis
1445 4921 1730 4978 alienavit.
1767 4922 1906 4977 Cum
1940 4918 2074 4977 vero

497 5014 691 5070 eadem
724 5015 798 5071 sit
837 5023 1043 5070 sancta
1072 5013 1360 5070 Trinitatis
1393 5013 1678 5079 divinitas,
1710 5014 1800 5070 vel
1819 5014 2076 5070 substan-

502 5105 596 5172 tia,
617 5105 705 5161 vel
729 5116 948 5172 natura,
970 5105 1088 5162 sive
1119 5104 1284 5162 aliter
1313 5121 1512 5160 vocare
1531 5106 1734 5176 placet,
1760 5115 2075 5162 commeant

498 5196 739 5250 vicissim
788 5197 907 5251 hate
955 5195 1180 5250 nomina
1228 5195 1700 5261 Deus,Dominus,
1741 5204 1792 5249 et
1818 5194 2070 5266 Spiritus,

499 5296 726 5358 propter
771 5295 1024 5344 naturam
1059 5287 1468 5358 incorporeas],
1511 5295 1568 5343 et
1615 5295 1832 5343 sanctus
1869 5302 1888 5340 :
1945 5287 2071 5344 uni-

2174 4555 2390 4612 stantiaa
2437 4563 2496 4610 et
2539 4565 2750 4610 natura:
2800 4564 2951 4611 sunt.

2247 4647 2411 4704 XXV.
2459 4646 2620 4714 Quod
2679 4655 2866 4702 autem
2919 4655 3165 4718 potestas
3210 4658 3414 4704 sancta:
3461 4651 3748 4707 Trinitatis

2177 4739 2462 4795 individua
2493 4746 2596 4804 est,
2622 4738 2788 4794 sicuti
2818 4746 2874 4794 et
2905 4739 3238 4805 substantia,
3273 4741 3444 4796 David
3477 4741 3742 4806 declarat,

2175 4845 2299 4886 cum
2329 4830 2638 4900 deprecans
2668 4829 2845 4886 Deum
2877 4829 3018 4885 dixit
3047 4848 3062 4884 :
3093 4831 3208 4898 Quo
3235 4833 3320 4888 ibo
3344 4849 3377 4887 a
3403 4835 3592 4903 spiritu
3615 4836 3748 4888 tuo?

2176 4928 2226 4974 et
2262 4936 2366 4992 quo
2411 4937 2444 4974 a
2488 4919 2623 4989 facie
2667 4927 2759 4974 tua
2815 4919 3018 4993 fugiam
3067 4923 3152 4977 7’?
3199 4939 3263 4979 ac
3311 4923 3491 4994 primo
3527 4925 3746 4995 quidem

2176 5011 2334 5081 ponit
2379 5011 2635 5082 spiritum
2689 5011 2812 5067 Filii
2853 5001 2952 5083 qui
3009 5024 3098 5070 est
3146 5015 3316 5071 facies
3367 5000 3576 5081 Patris,
3619 5018 3747 5086 quin

2137 5156 2139 5158 .
2174 5110 2261 5156 est
2286 5101 2341 5154 in
2385 5101 2568 5165 Patre,
2597 5109 2655 5156 et
2702 5102 2866 5157 Pater
2900 5103 2958 5158 in
2983 5103 3139 5174 ipso;
3169 5121 3280 5160 non
3307 5114 3492 5160 autem
3529 5117 3749 5175 separat

2174 5193 2477 5264 energiatn,
2529 5193 2583 5264 id
2631 5201 2736 5259 est,
2786 5196 3189 5266 operationem,
3238 5197 3323 5251 vel
3377 5197 3576 5251 dividit
3615 5199 3746 5250 sul)-

2175 5285 2457 5352 stantiam,
2498 5285 2594 5341 sed
2629 5287 2808 5342 solum
2848 5287 3138 5357 distinguit
3169 5287 3510 5358 bypostases,
3539 5287 3747 5358 signiti-

573 5440 615 5512 ξτ
635 5439 790 5496 Joan.
813 5457 922 5508 xlv,
947 5441 1036 5499 26.
1113 5441 1159 5474 ⁸⁸
1181 5443 1338 5500 Joan.
1361 5459 1471 5508 xvr,
1495 5441 1548 5497 7.
1624 5442 1668 5474 "
1699 5442 1840 5497 Psal.
1865 5457 1975 5508 Clll,
2001 5441 2065 5497 50

2167 5442 2206 5473 '°
2234 5442 2336 5496 lsa.
2365 5458 2547 5505 xum,
2575 5441 2659 5495 16.
2739 5443 2780 5473 ⁷¹
2804 5441 2962 5496 Joan.
2994 5457 3066 5508 Iv,
3100 5443 3186 5495 24.
3265 5444 3326 5474 ⁷¹⁶
3356 5443 3555 5512 Ephes.
3580 5459 3651 5508 tv,
3691 5444 3743 5497 (ἒ.

497 5510 544 5544 ’³
573 5511 715 5571 Psal.
751 5527 1004 5580 cxxxvnt,
1039 5514 1092 5567 7.

1776 5646 2012 5702 vanus
2047 5643 2451 5702 LECTIONES.
2543 5627 2549 5632 ’

457 5809 476 5817 Δ
576 5747 601 5776 ο
631 5738 826 5810 Ejusd.
867 5749 980 5795 nat.
1018 5738 1288 5816 συμφυές,
1322 5735 1708 5792 connaturalis.

1795 5747 1823 5788 Ρ
1853 5736 2080 5814 Cagnat.
2125 5736 2462 5808 συγγένειαν.
2538 5743 2564 5782 τι
2595 5733 2884 5804 Principio.
2921 5731 2997 5802 τῷ
3032 5735 3206 5807 αἰτίῳ.
