4020 6146
361 269 498 335 Ῑ327

1490 271 1548 332 S.
1589 270 1987 333 ANASTASII
2025 273 2491 337 ANTIOCHENI

3452 273 3570 344 1328

360 395 494 436 cans
542 394 654 433 non
688 391 810 433 esse
870 375 1150 432 confusas.
1196 375 1344 431 Dixit
1389 388 1662 446 praeterea
1702 377 1848 433 idem
1886 377 1940 434 in
1969 383 2017 441 Α
2047 380 2405 452 intelligatur,
2456 392 2515 438 et
2547 383 2711 437 Pater
2765 395 2953 437 secum
2995 379 3224 435 inducat
3265 379 3488 452 Filium;
3527 397 3577 445 et

361 473 470 528 alio
499 471 624 525 loco
660 487 674 523 :
707 467 919 526 Faciem
948 479 1116 533 (nam,
1151 468 1396 535 Domine,
1441 470 1716 540 requiram
1759 471 1842 536 ἐς
1887 479 1941 526 et

363 579 560 620 rursus
591 580 604 617 :
646 563 971 632 Deprecatus
1001 579 1120 616 sum
1168 562 1356 631 faciem
1387 572 1536 617 tuam
1564 561 1620 616 in
1650 570 1756 616 toto
1786 563 1944 617 corde

362 674 477 711 meo
524 657 594 710 κ.
651 655 773 710 Non
819 654 972 710 enim
1017 661 1232 724 partem
1291 653 1565 724 corporis,
1617 663 1715 708 aut
1760 655 1943 708 locum

363 765 628 806 sensuum
664 747 800 803 dicit
828 761 951 803 esse
978 745 1175 802 faciem
1205 746 1420 813 Patris;
1455 746 1553 802 sed
1594 747 1942 818 unigenitum

362 841 631 905 Verbum,
682 839 777 909 qui
804 838 1019 910 judicat
1051 838 1235 893 omnia
1263 838 1568 894 secundum
1599 838 1941 893 voluntatem

363 933 545 990 Patris
585 933 696 998 sui,
730 931 874 986 sicut
907 929 1068 986 idem
1106 929 1287 984 David
1337 929 1479 984 dixit
1527 947 1540 983 :
1581 930 1626 985 Α
1668 930 1803 1000 {acie
1849 939 1942 984 tua

365 1027 621 1096 iudicium
648 1040 824 1080 meum
853 1023 1106 1076 exeat".
1139 1021 1331 1077 Facies
1354 1021 1522 1092 igitur
1555 1021 1737 1077 Patris
1769 1021 1944 1077 Filius

365 1117 596 1182 dicitur,
639 1123 902 1184 tanquam
941 1113 1124 1184 imago
1145 1121 1202 1168 et
1233 1112 1522 1168 character
1549 1113 1688 1184 ejus,
1715 1112 1812 1182 qui
1846 1127 1945 1182 po-

365 1218 618 1264 testatem
665 1207 835 1262 habet
875 1220 1040 1277 quam
1073 1221 1104 1259 a
1152 1205 1317 1260 Patre
1361 1206 1593 1273 accepit,
1630 1202 1940 1274 judicandi,

363 1302 506 1356 sicut
543 1300 810 1369 scriptum
845 1307 936 1352 est
973 1314 986 1350 :
1021 1295 1203 1351 Facies
1257 1295 1471 1349 Domini
1497 1311 1657 1366 super
1687 1294 1941 1364 facientes

364 1392 533 1456 mala,
573 1402 631 1445 ut
676 1389 850 1444 deleat
901 1390 966 1442 de
997 1396 1142 1442 terra
1194 1388 1506 1441 memoriam
1537 1401 1715 1439 eorum
1741 1385 1817 1450 7°;
1843 1384 1941 1440 sed

361 1485 509 1540 sicut
551 1482 722 1537 facies
759 1479 978 1535 Domini
1031 1479 1213 1533 malos
1253 1476 1404 1531 delet
1439 1475 1509 1530 de
1544 1487 1712 1539 terra,
1741 1489 1851 1528 non
1881 1481 1943 1528 ut

361 1573 503 1629 nihil
523 1571 749 1628 omnino
805 1568 938 1634 sint,
966 1568 1064 1624 sed
1101 1577 1160 1624 ut
1190 1584 1302 1622 non
1329 1567 1441 1622 sint
1467 1566 1630 1631 mali;
1666 1566 1746 1620 sic
1773 1566 1941 1621 etiam

363 1665 555 1720 illud:
593 1664 821 1719 Emitte:
875 1663 1124 1733 spiritum
1171 1670 1342 1726 tuum,
1391 1669 1442 1712 et
1503 1659 1838 1723 creabantur,
1890 1665 1940 1712 et

361 1757 636 1812 renovabic
667 1756 857 1826 faciem
889 1763 1046 1808 terra:
1070 1753 1139 1818 ⁷⁷,
1163 1752 1393 1815 hoc-est,
1419 1751 1701 1806 hominem
1729 1768 1742 1803 :
1776 1750 1944 1804 decor
1975 1727 2021 1788 Β

361 1851 511 1906 enim
565 1857 727 1904 terra:
779 1855 866 1903 cst
917 1846 1119 1913 homo;
1166 1844 1312 1900 sicut
1353 1842 1524 1900 decor
1569 1841 1814 1896 .hominis
1861 1849 1944 1896 est

362 1945 552 2000 facies.

433 2035 623 2092 XXVI.
663 2033 846 2102 Quare
887 2033 1115 2104 copiose
1164 2031 1604 2087 demonstratum
1635 2037 1740 2095 est,
1779 2041 1944 2082 unam

362 2145 485 2186 esse
542 2135 746 2185 sanctas
793 2125 1087 2182 Trinitatis
1147 2123 1557 2195 operationem,
1606 2136 1728 2192 quae
1777 2134 1945 2175 unam

365 2221 731 2278 substantiam
753 2234 876 2274 esse
911 2217 1076 2273 simul
1103 2216 1482 2280 demonstrat;
1513 2212 1786 2283 siquidem
1816 2213 1947 2281 quia

368 2335 476 2374 una
528 2315 839 2373 substantia
886 2311 1204 2366 divinitatis
1237 2323 1359 2364 esse
1413 2304 1790 2377 cognoscitur,
1836 2320 1946 2359 una

358 2411 530 2464 etiam
580 2405 856 2463 eteadem
885 2401 1088 2462 Patris.
1121 2408 1179 2454 et
1207 2398 1355 2463 Filii,
1399 2407 1458 2452 et
1488 2395 1735 2466 Spiritus
1763 2394 1947 2450 sancti

365 2497 679 2556 substantia
703 2510 827 2551 esse
849 2493 1271 2549 demonstratur
1296 2507 1309 2544 :
1339 2487 1524 2543 statim
1553 2487 1704 2542 enim
1734 2494 1796 2540 ut
1822 2485 1948 2539 bra-

365 2591 555 2646 chium
592 2596 649 2643 et
699 2599 898 2640 manus
950 2580 1136 2638 Patris
1171 2578 1344 2633 Filius
1392 2576 1734 2638 nominatur,
1779 2571 1950 2628 fabri-

367 2691 520 2736 cator
566 2686 624 2734 et
661 2683 878 2733 creator
908 2687 1032 2728 esse
1061 2670 1419 2734 declaratur;
1457 2665 1655 2721 eodem
1691 2677 1948 2720 sermone

362 2771 529 2829 simul
559 2767 797 2838 Spiritus
827 2772 1053 2820 sanctus
1083 2759 1286 2816 similia
1307 2759 1488 2813 facere
1513 2757 1943 2831 demonstratur,

365 2877 494 2919 cum
531 2859 736 2916 dicitur
770 2875 782 2910 :
819 2855 1011 2910 Manus
1058 2862 1163 2908 tute
1196 2853 1455 2922 fecerunt.
1482 2865 1563 2904 me
1609 2856 1662 2902 et
1711 2847 1951 2919 plasma-

363 2959 554 3012 uerunt
598 2967 680 3006 me
717 2951 781 3003 ⁷⁸.
848 2948 1062 3003 Dicitur
1111 2946 1260 3001 enim
1303 2944 1424 3014 ipse
1487 2942 1656 2997 etiam
1708 2940 1951 3010 Spiritus

2048 470 2288 540 Spiritus
2313 481 2541 527 sanctus
2587 486 2712 527 cum
2746 472 2906 528 Patre
2924 481 2981 528 et
3023 472 3166 527 Filio
3190 471 3346 527 simul
3377 477 3581 534 exsistat

2046 561 2306 632 tanquam
2353 578 2480 619 cum
2517 573 2701 620 mente
2737 571 2794 620 et
2855 565 3053 625 Verbo.
3094 565 3311 620 Etenim
3342 567 3584 626 Dominus

2043 653 2436 711 demonstrans
2465 673 2532 712 ex
2563 673 2622 713 se
2663 658 2784 727 ipso
2809 657 2990 726 ipsum
3008 657 3297 723 exsistere,
3328 659 3586 718 insulilans

2044 746 2332 816 discipulis
2353 749 2526 803 dixit:
2546 749 2778 820 Accipite
2801 747 3061 820 Spiritum
3079 758 3319 804 sanctum
3334 751 3373 782 ⁸⁸
3394 767 3411 818 ;
3441 769 3587 822 quem

2044 840 2268 909 quidem
2291 841 2393 911 ipsi
2416 841 2675 911 discipuli
2699 842 2945 898 adhibita
2971 843 3288 913 precatione
3310 860 3404 913 per
3430 845 3589 916 impo-

2041 935 2298 989 sitioncm
2330 951 2592 990 manuum
2631 935 2988 990 credentibus
3022 936 3358 994 tribuebant.
3389 938 3461 992 Ex
3495 955 3594 1008 quo

2038 1025 2172 1081 licet
2221 1027 2591 1083 dill'erentiam
2621 1027 2907 1082 servitutis
2946 1036 3001 1082 et
3025 1028 3360 1099 mqualitatis
3412 1030 3594 1084 intelli-

2041 1132 2192 1188 gere.
2213 1116 2462 1188 Apostoli
2501 1119 2651 1173 enim
2684 1127 2975 1188 precantes
3003 1126 3059 1173 et
3099 1107 3358 1188 tanquam
3381 1119 3596 1174 Domino

2043 1209 2420 1280 supplicantes
2447 1209 2716 1279 Spiritum
2737 1219 2990 1264 sanctum
3010 1209 3078 1264 iis
3099 1209 3355 1279 quidigni
3375 1210 3594 1266 adventu

2041 1301 2160 1370 ejus
2202 1308 2382 1365 erant,
2417 1300 2593 1355 veluti
2621 1299 2979 1356 inducebant.
3014 1300 3264 1355 Salvator
3280 1317 3406 1370 vero
3426 1309 3600 1356 noster

2041 1407 2106 1448 ex
2137 1393 2370 1464 seipso,
2401 1401 2659 1464 tanquam
2681 1410 2747 1448 ex
2767 1393 3004 1464 quodam
3030 1393 3314 1456 thesauro,
3344 1393 3601 1462 praebebat

2040 1500 2168 1540 eum
2200 1485 2268 1539 iis
2311 1486 2406 1554 qui
2436 1485 2566 1539 facti
2599 1495 2761 1540 erant
2796 1501 2894 1554 per
2935 1485 3238 1554 puritatem
3266 1486 3391 1539 vitae
3433 1486 3602 1540 idonei

2041 1575 2109 1630 ad
2129 1575 2508 1646 excipiendam
2531 1577 2812 1646 energiam
2832 1578 2973 1646 ejus.
3007 1576 3187 1646 Atque
3217 1576 3474 1646 apostolis
3495 1577 3606 1647 qui-

2045 1668 2170 1724 dem
2216 1669 2405 1724 aderat
2459 1685 2679 1738 semper
2733 1670 3098 1740 participate;
3153 1669 3421 1726 Salvatori
3486 1686 3606 1726 vero

2045 1760 2270 1816 Christo
2318 1769 2374 1816 et
2414 1762 2528 1816 Deo
2565 1771 2779 1826 nostro,
2827 1771 3088 1832 tanquam
3119 1762 3605 1817 consubstantialis.

2045 1853 2113 1908 Et
2159 1853 2306 1908 idem
2347 1853 2493 1907 Deus
2545 1857 2649 1908 hac
2695 1854 2910 1908 ratione
2959 1854 3166 1909 dicitur
3217 1855 3454 1923 Spiritus
3497 1855 3608 1918 Dei,

2045 1953 2102 2002 et
2122 1943 2362 2015 Spiritus
2390 1943 2618 2009 Christi,
2665 1959 2776 1998 non
2803 1930 2952 1999 sicut
2985 1945 3372 1999 ministrantes
3401 1945 3612 2013 spiritus

2044 2037 2114 2092 ad
2161 2036 2533 2090 miniSterium
2581 2035 2734 2091 missi
2773 2057 2784 2089 :
2827 2035 2907 2090 illi
2951 2037 3099 2090 enim
3152 2036 3613 2104 circumscriptam

2047 2130 2412 2186 substantiam
2447 2129 2672 2193 habent,
2696 2128 2769 2182 ita
2791 2137 2850 2182 ut
2881 2144 2990 2183 non
3016 2137 3224 2198 posset,
3251 2127 3481 2197 exempli
3509 2143 3618 2198 gra-

2045 2223 2146 2287 tia,
2185 2221 2409 2278 Gabriel
2435 2235 2557 2274 esse
2588 2220 2644 2274 in
2667 2220 2808 2275 caelo
2862 2219 3025 2274 simul
3049 2228 3105 2274 et
3140 2219 3286 2288 apud
3315 2218 3615 2288 Virginem;

2047 2331 2151 2371 nec
2178 2313 2322 2383 apud
2349 2311 2631 2367 Danielem
2657 2311 2712 2365 in
2741 2311 3062 2381 Babylonia.
3093 2319 3151 2368 et
3188 2311 3247 2363 in
3271 2309 3457 2365 Iudaea
3486 2307 3616 2378 apud

2049 2406 2371 2461 llabbacum
2407 2423 2421 2460 :
2457 2403 2730 2474 siquidem
2773 2411 2956 2457 creata
3003 2411 3087 2456 est
3137 2411 3338 2456 natura
3379 2403 3510 2472 ejus.
3560 2397 3621 2454 At

2044 2497 2290 2568 Spiritus
2340 2503 2564 2551 sanctus
2613 2495 2705 2564 qui
2751 2495 2943 2548 .emnia
2977 2493 3190 2564 implet,
3247 2501 3305 2547 et
3355 2493 3406 2546 in
3450 2491 3623 2546 Judma

2047 2589 2238 2645 aderat
2267 2588 2582 2660 prophetis;
2635 2597 2692 2642 et
2720 2587 2954 2656 captivis
2983 2586 3037 2640 in
3095 2585 3513 2656 Babylonia;ct
3533 2595 3623 2635 eos

2049 2683 2144 2752 qui
2194 2682 2250 2736 in
2303 2680 2536 2752 (Egypto
2575 2687 2775 2742 erant,
2821 2694 2930 2732 non
2985 2677 3315 2742 deserebat;
3383 2673 3625 2744 omnibus

2053 2788 2318 2844 praesens,
2361 2781 2432 2844 «ut
2475 2771 2713 2842 quisque
2765 2785 2935 2840 capax
3002 2777 3145 2834 erat,
3197 2779 3258 2824 et
3315 2767 3624 2838 sapientiam

2043 2863 2278 2918 tradens
2321 2878 2423 2933 pro
2483 2861 2846 2931 proportione
2900 2859 3052 2914 ﬁdei.
3105 2858 3399 2930 Siquidem
3447 2871 3628 2912 omnes

2050 2955 2332 3025 apostolos
2372 2953 2662 3024 implevit:
2695 2953 2764 3006 Et
2804 2951 3153 3022 loquebantur
3204 2952 3372 3006 uariis
3420 2949 3623 3020 linguis,

369 3052 598 3103 sanctus
643 3054 844 3096 manus
883 3037 1068 3093 Patris
1107 3055 1120 3090 :
1155 3035 1211 3090 id
1255 3033 1408 3104 quod
1455 3033 1676 3103 planius
1711 3047 1778 3085 ex
1818 3046 1948 3101 pro-

2053 3055 2209 3118 prout
2229 3045 2470 3117 Spiritus
2503 3056 2717 3100 sanctus
2741 3046 2904 3100 dabat
2935 3046 3008 3098 eis
3039 3045 3215 3114 eloqui
3259 3046 3344 3110 ";
3396 3052 3452 3098 et
3479 3057 3628 3112 pere-

369 3136 574 3210 phetiis
605 3132 924 3189 didicimus.
955 3129 1013 3185 Si
1040 3129 1192 3184 enim
1237 3125 1522 3202 propheta
1557 3124 1706 3195 pleni
1737 3122 1948 3194 Spiritu

369 3229 898 3290 sanctointererant
922 3220 1129 3276 futuris
1168 3227 1429 3288 tanquam
1453 3216 1848 3288 pmsentibus,
1883 3216 1951 3271 li-

361 3329 525 3394 quet,
574 3311 1248 3388 quotiescunque-dicunt
1273 3327 1286 3363 :
1317 3307 1483 3364 Facta
1514 3315 1591 3364 est
1634 3324 1820 3362 manus
1838 3306 1949 3361 Do-

363 3413 504 3469 ‘mini
543 3423 706 3482 super
740 3423 826 3462 me
861 3406 929 3471 "°,
963 3401 1282 3459 adventum
1335 3414 1434 3454 eos
1481 3398 1722 3474 Spiritus
1775 3397 1952 3453 sancti

374 3510 664 3574 nuntiare;
714 3501 992 3574 siquidem
1038 3516 1140 3571 per
1186 3497 1456 3568 Spiritum
1506 3505 1760 3554 sanctum
1812 3498 1951 3554 ﬁunt

375 3601 730 3675 prophetiae:
775 3595 926 3668 quod
979 3609 1143 3650 nemo
1195 3593 1451 3648 dubitare
1497 3591 1686 3657 debet,
1733 3591 1829 3662 qui
1865 3592 1953 3646 in-

378 3693 672 3754 tellexerit.
723 3705 847 3761 quae
898 3686 1158 3758 superius
1203 3685 1445 3741 diximus
1489 3682 1560 3740 de
1611 3683 1784 3754 digito
1829 3683 1949 3749 Dei,

367 3802 498 3842 esse
535 3783 752 3844 scilicet
789 3796 917 3837 eum
957 3779 1190 3850 digitum
1237 3777 1504 3848 Spiritum
1537 3784 1809 3838 sanctum,
1844 3791 1954 3845 quo

377 3877 550 3948 digito
585 3877 681 3934 lex
706 3873 908 3946 Moysis
949 3873 1004 3927 in
1036 3870 1278 3942 lapideis
1317 3869 1521 3925 tabulis
1553 3869 1678 3925 data
1702 3877 1807 3924 est.-
1841 3867 1956 3921 Hoc

360 3969 540 4024 etiam
591 3967 824 4022 Elisaeus
855 3965 932 4019 -in
969 3963 1259 4034 aenigmate
1283 3961 1632 4031 signiﬁcavit,
1661 3975 1810 4016 cum
1836 3957 1915 4013 ait
1939 3975 1952 4012 :

377 4061 608 4130 Accipite
645 4059 774 4113 mihi
803 4055 1140 4127 psallentem.
1184 4053 1256 4109 Et
1294 4053 1494 4124 factum
1531 4061 1778 4118 est,-cum
1808 4050 1956 4122 psal-

361 4154 510 4207 Jeret
569 4152 659 4222 qui
710 4148 1006 4221 psallebat,
1071 4147 1214 4216 facta
1277 4153 1354 4200 est
1401 4159 1562 4216 super
1604 4160 1724 4197 eum
1751 4159 1958 4197 man:

362 4245 590 4300 ﬂamini
616 4244 698 4310 ⁸⁰;
732 4252 788 4298 et
835 4241 974 4296 dixit
1015 4236 1340 4294 declarandi
1392 4236 1571 4308 gratia
1608 4252 1622 4288 :
1656 4234 1726 4290 Et
1755 4233 1958 4304 factum

377 4349 458 4394 est
476 4337 708 4408 Spiritus
755 4335 969 4390 Domini
1016 4347 1176 4403 super
1217 4347 1358 4385 eum.

2051 3139 2374 3210 grinabatur
2425 3154 2548 3193 cum
2589 3138 3107 3208 peregrinantibus;
3140 3146 3200 3192 et
3235 3153 3364 3192 cum
3393 3149 3629 3191 commo-

2051 3233 2306 3288 rantibus
2336 3232 2801 3297 commorabatur,
2859 3231 3143 3285 individue
3189 3238 3253 3285 et
3291 3228 3633 3301 impartibili-

2049 3333 2135 3380 ter
2149 3339 2275 3380 cum
2301 3324 2561 3398 omnibus
2589 3323 2878 3389 habitans;
2911 3332 2967 3377 et
2996 3323 3310 3378 Antiochia:
3326 3321 3631 3375 Barnabam

2051 3425 2108 3472 et
2153 3417 2380 3472 Saulum
2402 3416 2737 3482 ordinabat;
2775 3423 2832 3469 et
2865 3431 2992 3470 cum
3032 3417 3197 3471 Petro
3230 3426 3404 3486 atque
3434 3415 3636 3470 Joanne

2054 3507 2110 3562 in
2142 3505 2388 3562 Samaria
2436 3509 2655 3572 aderat;
2702 3515 2758 3562 et
2796 3506 2863 3561 ad
2920 3507 3058 3562 alios
3095 3507 3331 3576 quidem
3383 3505 3637 3561 veniebat

2052 3615 2153 3670 per
2181 3599 2590 3669 impositioncm
2633 3615 2898 3654 manuum
2935 3601 3320 3670 apostolorum
3366 3615 3476 3670 .per
3503 3612 3639 3668 quos

2053 3692 2415 3762 loquebatur;
2481 3692 2621 3750 alios
2689 3707 2824 3748 vero
2883 3692 2953 3747 ad
3016 3691 3170 3763 prmd
3197 3692 3447 3750 caudam
3518 3690 3639 3744 mit-

2055 3785 2226 3848 tebat,
2265 3783 2401 3838 alios
2456 3798 2564 3838 non
2617 3784 2834 3840 sinebat
2880 3785 2963 3839 ire
3008 3800 3120 3854 quo
3161 3785 3457 3854 volebant.
3517 3782 3642 3836 Hac

2055 3877 2240 3931 Omnia
2305 3885 2436 3931 sunt
2497 3877 2748 3947 exempla
2824 3875 3138 3931 divinarum
3211 3876 3638 3948 operationum,

2055 3963 2258 4032 quibus
2315 3955 2640 4019 substantia'
2676 3975 2868 4035 aperte
2921 3965 3265 4022 declaratur.

2129 4047 2364 4110 XXVIII.
2400 4055 2586 4122 Multis
2617 4055 3055 4127 digressionibus
3093 4072 3233 4112 usus
3274 4072 3403 4113 sum
3441 4066 3505 4112 et
3536 4057 3643 4111 for-

2062 4156 2203 4202 tasse
2232 4147 2665 4212 noninutiliter,
2689 4150 3187 4224 cumpropositum
3218 4149 3400 4205 fuerit
3427 4150 3651 4206 demon-

2039 4248 2235 4294 strare
2273 4237 2526 4292 eamdem
2568 4254 2691 4294 esse
2735 4240 3134 4305 substantiam,
3161 4225 3228 4295 [et
3272 4243 3648 4311 aequalitatem

2059 4343 2444 4398 personarum.
2495 4329 2682 4398 Longe
2721 4330 2878 4384 enim
2934 4329 3178 4384 alienum
3238 4340 3329 4386 est
3381 4349 3413 4387 a
3469 4341 3651 4386 sancta

446 4431 660 4488 XXVII.
701 4431 1150 4484 Demonstratum
1174 4439 1310 4493 ergo
1344 4430 1430 4478 est
1469 4421 1537 4476 iis
1562 4421 1656 4492 qui
1689 4437 1797 4477 non
1821 4437 1955 4476 con—
1989 4421 2034 4477 ι)
2060 4420 2333 4475 Trinitate
2366 4420 2554 4476 dicere
2589 4423 2646 4476 in
2677 4438 2744 4477 ea
2775 4425 2957 4494 majus
2993 4433 3049 4478 et
3080 4426 3273 4502 minus
3314 4443 3327 4477 :
3367 4425 3474 4479 etsi
3511 4423 3649 4476 enim

381 4523 660 4578 tradicunt
707 4519 1074 4582 contentiose,
1117 4515 1645 4572 consubstantialem
1677 4529 1799 4570 esse
1827 4530 1956 4568 san-

359 4625 524 4670 «ctam
553 4614 915 4676 Trinitatem;
969 4609 1130 4664 simul
1164 4607 1327 4662 etiam
1379 4606 1956 4672 demonstratum'est,

382 4706 536 4761 nefas
589 4719 712 4759 esse
763 4702 1128 4774 particulares
1185 4699 1525 4754 substantias
1584 4699 1893 4768 intelligere
1943 4715 1957 4751 :

2059 4513 2263 4568 dicitur
2311 4511 2474 4566 Pater
2519 4515 2700 4583 major
2749 4514 2921 4580 Filio,
2968 4516 3114 4570 sicut
3164 4519 3449 4588 scriptum
3503 4526 3592 4573 est
3638 4533 3651 4569 :

2055 4603 2224 4659 Pater
2249 4608 2427 4677 major
2456 4621 2536 4659 me
2569 4615 2646 4658 est
2664 4604 2732 4670 ⁸³,
2757 4607 2970 4661 scilicet
2987 4609 3171 4678 major
3191 4609 3417 4664 dicitur
3447 4610 3650 4663 ratione

2060 4694 2351 4764 principii,
2384 4711 2496 4750 non
2549 4696 2765 4755 ratione
2812 4699 3133 4754 snbstantia:
3179 4719 3191 4754 :
3240 4701 3492 4757 forlasse
3531 4717 3655 4756 vero

383 4797 531 4851 unde
552 4795 701 4851 enim
723 4792 1224 4849 demonstravimus
1245 4799 1490 4845 mutuam
1515 4790 1961 4861 conjunctionem
2062 4784 2247 4838 minor
2291 4786 2452 4840 Patre
2504 4787 2711 4841 dicitur
2761 4787 2966 4853 Filius,
2997 4800 3296 4858 quatenus
3347 4793 3532 4846 factus
3579 4799 3656 4845 est

376 4888 769 4957 operationum
819 4884 1032 4949 ainde
1069 4897 1390 4938 unamesse
1440 4881 1810 4937 substantiam
1856 4880 1963 4934 im-

382 4979 702 5050 partibilem
747 4975 1100 5031 inanifestum
1151 4973 1408 5036 fecimus,
1436 4987 1636 5042 nempe
1679 4971 1959 5040 insepara-

2066 4878 2250 4932 minor
2275 4879 2527 4949 angelis,
2560 4889 2786 4950 propter
2817 4884 3266 4952 assumptionem
3315 4885 3510 4939 carnis
3557 4903 3569 4937 :
3609 4890 3658 4938 et

2065 4969 2174 5024 hoc
2205 4970 2379 5038 magis
2412 4971 2711 5030 tenendum
2745 4982 2830 5027 cst
2859 4993 2880 5028 ς
2915 4992 3023 5029 non
3051 4976 3198 5030 enim
3235 4976 3460 5031 dicitur
3490 4977 3658 5045 major

385 5071 526 5127 biles
547 5084 670 5124 esse
694 5068 1056 5140 bypostascs;
1095 5080 1222 5122 cum
1243 5079 1426 5135 neque
1457 5063 1630 5118 Filius
1652 5061 1775 5116 sine
1803 5061 1964 5116 Patre
2063 5077 2190 5117 esse
2235 5061 2446 5136 Spiritu
2495 5075 2724 5131 sancto,
2764 5067 2861 5122 sed
2911 5067 3051 5122 Filio
3103 5067 3226 5124 solo
3277 5069 3385 5138 qui
3443 5082 3658 5124 carnem

455 5228 503 5259 ⁷⁸
537 5226 680 5281 Psal.
737 5241 882 5280 XXV].
921 5223 976 5278 8.

379 5383 443 5435 ιι,
473 5370 527 5424 4.
602 5368 956 5431 “Joan.x1v,
978 5363 1068 5418 28.

1068 5221 1116 5254 7"
1162 5220 1306 5277 Psal.
1363 5232 1544 5283 cxvm,
1594 5211 1681 5270 58.
1756 5215 1800 5248 "
1852 5217 1995 5272 Psal.
2037 5233 2147 5282 XVI,
2193 5220 2252 5274 ἓ.

383 5296 432 5330 ⁷⁸
459 5298 599 5353 Psal.
642 5313 824 5360 (:xvm,
859 5295 945 5348 73.
1021 5294 1067 5326 ⁷³
1105 5291 1307 5347 Ezech.
1347 5305 1426 5352 ιιι,
1451 5289 1552 5352 22;
1585 5302 1766 5352 xxxni,
1798 5287 1898 5355 2‘2;
1928 5305 1950 5341 κ

2050 5304 2126 5353 ιιι,
2148 5289 2174 5342 ’1
2191 5331 2203 5343 .

2355 5221 2402 5252 ⁷⁸
2442 5221 2586 5275 Psal.
2644 5237 2834 5286 χχχιιι,
2883 5224 2970 5278 l7.
3082 5225 3127 5257 ⁷⁷
3160 5223 3316 5280 Psal.
3389 5242 3505 5289 cm.
3567 5223 3653 5278 50.

2277 5291 2325 5322 ⁸ο
2365 5290 2433 5349 lV
2462 5291 2594 5363 Reg.
2623 5308 2701 5359 ιιι,
2730 5293 2816 5349 15.
2889 5293 2932 5326 ⁸¹
2959 5294 3116 5351 Joan.
3153 5310 3250 5362 xx,
3290 5296 3389 5351 22.
3471 5297 3517 5330 ⁸⁸
3538 5295 3655 5350 Act.

1651 5467 1892 5522 VARUS
1932 5468 2342 5525 LECTIONES.

456 5582 480 5609 r
511 5571 640 5624 Mut.
673 5572 941 5641 conjunct.
977 5574 1182 5641 aper_at.
1216 5563 1572 5641 ἀλληλουχίαιι
1599 5561 1707 5641 τῶν
1738 5557 2674 5641 ὲνεργειῶνζΑλλη).ουχίαᾼῌηιυιιια
2718 5571 3016 5627 habitatio:
3047 5571 3120 5628 ita
3156 5581 3223 5626 ut
3255 5573 3436 5630 Pater
3466 5573 3660 5626 habeat

384 5641 580 5695 Filium
613 5641 668 5694 in
696 5633 858 5705 sc;et
885 5633 1058 5694 Filius
1097 5633 1350 5701 Patrem;
1387 5633 1722 5704 et’Spiritus
1769 5642 1990 5688 sanctus
2032 5633 2252 5689 Patrem
2295 5633 2360 5692 et
2405 5637 2642 5709 Filium;
2686 5651 2744 5696 et
2803 5642 2966 5701 Pater
3020 5651 3077 5700 et
3146 5642 3335 5704 Filius
3397 5644 3662 5716 Spiritum

362 5719 638 5767 sanctum.

3932 2637 3933 2654 1

3932 2687 3933 2708 1

3932 2815 3933 2832 1

3931 2981 3933 3000 1
