4020 6146
430 445 572 511 I329

1454 455 1736 520 omne
1773 461 1821 521 Ι.
1853 486 1921 495 -
1945 430 2044 522 DE
2083 462 2186 522 ss.
2227 460 2668 522 TRINITATE.

3553 450 3688 514 133i)

431 561 752 632 assumpsit.
789 560 849 616 In
898 561 1206 620 substantia
1249 563 1418 634 igitur
1463 565 1670 622 frustra
1713 578 1770 624 et
1811 584 2008 638 super-
2039 577 2082 629 A
2111 569 2242 638 quid
2276 569 2428 624 aliud
2452 569 2504 625 ei
2529 566 2842 624 faciendum
2873 573 3039 630 esset,
3069 563 3164 635 qui
3195 575 3424 635 propter
3449 576 3691 621 cnam:—

431 662 606 706 vaeue
643 653 821 722 majus
853 659 910 706 et
941 651 1126 708 minus
1160 655 1429 724 quaeritur
1470 675 1482 710 :
1521 657 1831 714 substantia
1864 659 2013 713 enim

433 757 542 797 non
583 744 784 816 recipit
827 746 1004 816 majus
1043 755 1100 800 et
1139 748 1357 814 minus,
1395 758 1456 803 ut
1490 751 1663 806 exteri
1703 751 2013 821 philosophi

433 833 680 890 tradunt.
721 836 894 893 Unam
939 838 1108 904 igitur
1152 838 1519 895 substantiam
1565 843 1922 912 proﬁtemur,
1959 843 2015 897 in

433 943 538 998 qua
574 944 848 999 generans
895 938 952 985 et
985 931 1234 1002 genitum
1265 943 1324 988 et
1354 935 1662 1004 procedens
1699 951 1840 990 unus
1871 935 2016 990 Deus

433 1025 538 1072 est.

507 1105 698 1163 XXIX.
733 1107 1030 1176 Quomodo
1064 1123 1250 1168 autem
1285 1125 1584 1184 generatur
1618 1115 1894 1181 Verbum,
1927 1115 2016 1172 vel

435 1201 691 1270 procedit
749 1201 1025 1273 Spiritus,
1076 1217 1146 1260 ne
1194 1206 1416 1280 curiose
1469 1206 1848 1278 inquiramus;
1904 1223 2017 1262 non

434 1293 583 1346 enim
635 1301 816 1349 tutum
868 1303 951 1351 est
993 1305 1050 1352 et
1095 1297 1346 1368 periculo
1408 1314 1608 1354 vacans
1647 1317 1660 1354 :
1709 1300 1816 1355 hoc
1864 1299 2016 1356 enim

435 1385 783 1441 solummodo
828 1389 1108 1459 cognitum
1149 1398 1235 1444 est
1275 1387 1569 1462 principio,
1604 1401 1660 1446 et
1702 1392 1769 1447 iis
1810 1392 1906 1462 qui
1949 1407 2018 1448 ex

435 1475 555 1546 ipso
587 1477 907 1534 diﬁ‘erenter
935 1490 1178 1536 exeunt:
1215 1482 1377 1537 nobis
1407 1498 1560 1546 vero,
1592 1484 1687 1554 qui
1724 1499 1821 1553 per
1851 1483 2014 1539 ﬁdem

437 1568 692 1630 instructi
719 1586 910 1626 sumus
927 1572 995 1626 ad
1022 1573 1320 1642 perfectam
1349 1576 1593 1647 mysterii
1620 1577 2014 1646 cognitionem,

437 1659 571 1712 satis
612 1667 698 1713 est
737 1676 1071 1731 cognoscere
1116 1665 1286 1719 Deum
1331 1681 1503 1730 unum
1547 1676 1809 1734 esse,‘et
1852 1684 2016 1726 unam

441 1763 693 1806 naturam
739 1754 1078 1820 divinitatis,
1120 1759 1373 1828 quamvis
1417 1759 1472 1813 in
1525 1760 1703 1816 tribus
1745 1763 2016 1830 cernitur,

440 1844 743 1915 principio,
777 1853 833 1901 et
875 1859 1156 1913 creatore,
1185 1860 1245 1916 et.
1282 1850 1596 1921 perfectore
1653 1871 1666 1907 :
1721 1853 1826 1908 tria
1867 1853 2015 1908 enim

2117 669 2225 714 tem
2251 659 2418 714 vellet
2442 675 2539 715 eos
2564 660 2660 728 qui
2684 672 2875 712 errore
2900 656 3187 721 labuntur,
3209 657 3500 722 dedocere,
3524 673 3690 727 quam

2113 765 2250 805 voce
2281 751 2460 820 patria
2489 757 2545 804 et
2571 750 2770 804 usitata
2803 747 3151 802 auditoribus
3187 749 3303 802 uti?
3339 757 3398 802 ut
3429 765 3496 803 ex
3531 748 3692 802 nobis

2115 839 2252 910 ipsis
2300 841 2451 912 quod
2495 842 2707 912 justum
2759 849 2872 906 est,
2916 839 3250 911 judicemus.
3298 838 3490 894 Omnis
3542 839 3689 893 enim

2115 931 2282 986 homo
2337 934 2616 988 hominem
2667 933 2902 987 similem
2962 931 3266 986 secundum
3327 931 3688 985 substantiam

2115 1031 2373 1094 generat;
2410 1033 2467 1080 et
2499 1026 2682 1080 omnis
2713 1025 2808 1093 qui
2840 1033 3098 1094 generat,
3131 1033 3286 1094 pater
3317 1033 3430 1086 est;
3467 1032 3524 1077 et
3557 1024 3689 1076 item

2114 1117 2212 1186 qui
2253 1125 2570 1186 generatur,
2599 1117 2779 1182 filius;
2822 1125 3022 1172 neuter
3050 1124 3234 1171 autem
3267 1125 3348 1170 est
3385 1117 3580 1186 major,
3606 1115 3691 1168 vel

2119 1209 2306 1263 minor
2328 1217 2525 1264 natura
2556 1227 2569 1262 :
2600 1225 2704 1264 nec
2733 1209 2934 1278 aliquis
2961 1209 3164 1264 dicitur
3191 1222 3384 1263 creare
3415 1222 3564 1271 eum,
3596 1206 3693 1274 qui

2116 1316 2185 1356 ex
2232 1303 2352 1371 ipso
2400 1310 2695 1373 generatur
2741 1319 2755 1355 :
2806 1310 2863 1356 et
2911 1303 3016 1355 hoc
3062 1301 3378 1370 quicunque
3427 1307 3511 1354 est
3551 1313 3694 1353 same

2117 1391 2350 1455 mentis,
2377 1399 2436 1445 ut
2465 1391 2706 1457 videtur,
2739 1390 3119 1456 conﬁtebitur,
3147 1391 3367 1447 discens
3399 1408 3465 1446 ex
3495 1393 3692 1446 huma-

2116 1483 2223 1545 nis,
2257 1485 2439 1553 quoad
2486 1482 2603 1539 ﬁeri
2649 1491 2854 1554 potest,
2888 1484 3097 1540 divina.
3135 1483 3239 1550 Qui
3282 1485 3430 1539 enim
3471 1492 3696 1555 generat

2119 1576 2293 1630 ﬁlium
2324 1576 2574 1646 ejusdem
2603 1591 2792 1630 secum
2816 1576 3158 1640 substantiae,
3184 1577 3510 1630 naturaliter
3532 1592 3696 1646 gene-

2119 1676 2204 1723 rat
2251 1686 2264 1722 :
2309 1669 2405 1738 qui
2449 1677 2634 1723 autem
2685 1677 2866 1732 creat,
2909 1668 3057 1722 aliud
3101 1667 3331 1722 diversas
3374 1667 3696 1722 substantias

2118 1769 2298 1830 creat;
2345 1775 2402 1816 et
2445 1773 2729 1830 nunquam
2775 1760 2946 1814 ﬁlium
2992 1777 3006 1815 :
3051 1776 3223 1829 quare
3265 1761 3312 1815 si
3354 1759 3573 1829 genitus
3611 1768 3697 1813 est

2122 1851 2315 1916 Filius,
2339 1867 2448 1906 non
2479 1861 2566 1906 est
2593 1859 2878 1916 creatura;
2908 1860 2965 1905 et
2992 1851 3037 1904 si
3068 1860 3268 1904 natura
3298 1852 3458 1905 Pater
3486 1859 3571 1904 est
3599 1850 3695 1917 qui

440 1934 662 1990 nomina
707 1941 838 1992 sunt
877 1941 1027 1995 circa
1073 1957 1236 1996 unam
1279 1943 1644 1998 substantiam
1666 1985 1682 2010 ,
1715 1953 1772 2000 et
1815 1961 2016 1999 unum-
2047 1931 2087 1986 Β
2117 1943 2329 2013 genuit,
2355 1959 2466 2013 quo
2493 1944 2659 1998 modo
2685 1942 2902 1998 dicetur
2932 1950 3150 1997 creator
3179 1943 3392 2012 geniti?
3422 1941 3574 1996 Hanc
3601 1959 3699 1996 na-

439 2025 702 2096 quodque
736 2045 899 2084 unam
935 2031 1274 2102 hypostasim
1311 2033 1554 2090 declarat
1585 2052 1694 2090 non
1732 2046 2021 2092 transeun-

441 2126 553 2172 tem
591 2111 649 2172 in
685 2120 873 2187 aliam,
899 2131 956 2176 et
991 2122 1188 2178 factum
1221 2124 1369 2194 quod
1405 2141 1514 2181 non
1535 2136 1682 2183 erat.
1711 2127 1805 2182 Hae
1835 2136 2020 2183 autem

441 2217 572 2264 sunt
607 2209 790 2276 Pater,
819 2221 874 2267 et
907 2213 1116 2279 Filius,
1146 2225 1201 2270 et
1237 2215 1482 2287 Spiritus
1515 2226 1744 2274 sanctus
1778 2236 1790 2273 :
1828 2219 2020 2275 eadem

441 2300 590 2354 enim
629 2302 926 2371 saepissime
969 2305 1158 2361 dicere
1202 2309 1404 2371 tutius,
1437 2317 1494 2363 et
1527 2309 1746 2364 cautius
1785 2319 1872 2365 est
1910 2329 1922 2364 :
1965 2311 2018 2364 in

443 2390 530 2445 his
569 2391 859 2450 initlamur
907 2396 961 2449 in
1000 2397 1310 2466 baptismo,
1343 2408 1400 2454 et
1439 2400 1674 2454 salutem
1719 2415 1816 2469 per
1857 2400 2022 2455 ﬁdem

443 2496 823 2556 reportamus,
859 2496 914 2542 et
949 2488 1014 2544 ad
1050 2490 1216 2544 vitam
1255 2490 1623 2547 immortalem
1657 2501 1712 2546 et
1740 2509 2021 2562 nunquam

443 2588 824 2632 senescentem
857 2593 920 2633 ae
960 2580 1162 2635 inﬁniti
1206 2582 1393 2637 sazculi
1424 2583 1692 2648 redimus,
1736 2585 2024 2639 credentes

445 2666 501 2720 in
557 2667 761 2737 quibus
817 2667 1080 2740 baptizati
1138 2687 1365 2737 sumus,
1423 2681 1478 2727 et
1537 2673 1742 2742 quibus
1795 2672 2023 2742 ascripti

441 2775 638 2816 sumus
685 2779 698 2816 :
745 2762 802 2817 hi
849 2773 1033 2819 autem
1074 2772 1207 2819 sunt
1243 2781 1386 2820 unus
1425 2765 1572 2820 Deus
1611 2765 1785 2829 solus,
1817 2764 1874 2819 in
1914 2779 2024 2835 quo

445 2866 758 2923 generans,
800 2865 858 2911 et
900 2856 1154 2926 genitus,
1199 2864 1255 2912 et
1305 2856 1614 2928 procedens
1664 2872 1814 2911 unus
1858 2857 2022 2911 Deus.

446 2945 678 3002 Omissis
695 2946 862 3018 igitur
874 2948 1190 3018 superﬁuis,
1205 2960 1520 3005 sanctorum
1534 2950 1765 3005 vocibus
1782 2957 2024 3016 utamur,

445 3051 571 3106 qua:
603 3038 768 3095 nobis
789 3038 937 3109 'ipsis
979 3039 1130 3110 quod
1173 3050 1352 3096 tutum
1396 3049 1482 3096 est
1512 3049 1569 3095 et
1601 3040 1767 3095 simul
1807 3055 1840 3094 a
1874 3039 2025 3110 peri-

445 3126 575 3182 culo
602 3137 781 3193 vacat,
812 3117 1083 3199 prabent.
1109 3129 1204 3186 Hae
1230 3139 1417 3188 autem
1447 3147 1612 3188 voces
1644 3132 2026 3204 theologorum

2121 2034 2356 2088 turalem
2393 2033 2774 2104 cognationem
2807 2048 2876 2087 ex
2909 2031 3114 2088 nostris
3147 2030 3464 2087 nominibus
3495 2047 3698 2100 cogno-

2121 2126 2328 2192 vimus;
2358 2119 2835 2183 caeterumdivina
2865 2131 3016 2179 tanto
3040 2125 3128 2180 his
3159 2124 3478 2179 nominibus
3501 2125 3699 2178 altiora

2119 2227 2268 2280 sunt,
2288 2226 2497 2286 quanto
2524 2216 2615 2270 illa
2641 2225 2836 2271 natura
2868 2225 3056 2269 nostra
3085 2212 3280 2268 humili
3313 2222 3509 2268 natura
3537 2213 3698 2267 altior

2117 2318 2222 2365 est.
2245 2307 2630 2364 Co‘nsentanea
2661 2307 2748 2362 his
2777 2318 2964 2362 tenere
2986 2314 3203 2376 oportet
3227 2321 3344 2369 eos,
3365 2305 3468 2374 qui
3486 2303 3698 2368 volunt,

2122 2410 2183 2454 ut
2209 2399 2303 2454 Dei
2333 2400 2592 2456 voluntas
2617 2408 2723 2464 est,
2753 2399 2956 2454 vivere.

2192 2491 2385 2546 XXXI.
2416 2491 2473 2546 Si
2505 2500 2688 2546 autem
2720 2491 2973 2546 nonnulli
3005 2498 3482 2548 contranaturam
3513 2503 3699 2545 rerum

2121 2585 2488 2658 cogitationes
2533 2585 2728 2640 inanes
2775 2584 3118 2640 fabricantur
3162 2599 3423 2654 perverso
3466 2581 3701 2638 consilio

2123 2684 2180 2732 et
2214 2675 2520 2746 proposito,
2548 2675 2712 2746 quod
2736 2676 2840 2731 sibi
2876 2676 2994 2745 ipsi.
3017 2675 3072 2728 in
3106 2675 3310 2728 malum
3347 2688 3508 2727 suum
3542 2681 3599 2727 et
3631 2669 3698 2725 ad

2124 2767 2514 2837 decipiendum
2571 2767 2940 2838 simpliciores
2987 2766 3408 2836 excogitarunt,
3453 2779 3593 2818 vana
3644 2769 3701 2817 et

2125 2858 2312 2913 inania
2354 2857 2694 2914 meditantur
2742 2875 2756 2913 :
2809 2857 2878 2912 Et
2905 2867 3099 2928 erant,
3137 2857 3336 2927 inquit,
3373 2853 3703 2925 fraudulenti

2127 2951 2381 3021 frustrati
2391 2951 2700 3017 uenatione;
2719 2967 2825 3006 nec
2835 2950 2984 3006 enim
3000 2951 3285 3006 veritatem
3305 2956 3701 3016 assequuntur;

2128 3057 2310 3112 neque
2345 3049 2575 3098 vertunt
2615 3057 2735 3107 res,
2769 3050 2966 3097 contra
3001 3056 3140 3112 quas
3177 3047 3383 3095 novant
3418 3038 3644 3092 nomina
3686 3053 3702 3091 ζ

2131 3132 2235 3188 ﬁxa
2278 3134 2428 3189 enim
2468 3142 2552 3189 est
2583 3141 2780 3189 natura
2815 3148 3029 3198 rerum;
3065 3140 3121 3187 et
3153 3146 3268 3186 non
3303 3129 3617 3184 movebitur
3649 3128 3706 3181 in

443 3220 822 3290 generationis
857 3223 1260 3289 meminerunt,
1293 3224 1638 3281 declarantes
1670 3201 2026 3295 planevhabi-
2055 3266 2099 3325 α
2133 3226 2394 3282 saeculum
2431 3226 2650 3292 saeculi;
2688 3225 2783 3281 sed
2819 3201 2880 3280 ut
2910 3234 3059 3288 erat,
3091 3232 3148 3278 et
3178 3232 3289 3287 est,
3322 3223 3403 3278 slc
3436 3229 3621 3278 manet
3649 3231 3706 3276 et

449 3311 699 3368 tudinem
721 3353 735 3379 ,
771 3329 937 3384 quam
978 3316 1148 3377 habet
1180 3317 1520 3389 principium
1563 3317 1630 3373 ad
1669 3333 1797 3374 eum
1832 3319 1926 3389 qui
1961 3334 2028 3373 ex

448 3402 569 3474 ipso
613 3403 890 3478 principio
939 3409 1160 3470 exsistit
1205 3428 1218 3464 :
1268 3409 1383 3480 Ego
1429 3410 1848 3480 enim,_inquit,
1878 3411 2029 3466 hodie

447 3499 605 3566 genui
642 3505 692 3552 te
710 3497 787 3563 “;
830 3509 887 3554 et
926 3517 939 3554 :
974 3500 1113 3556 Ante
1159 3499 1437 3571 luciferum
1476 3503 1646 3572 genui.
1676 3510 1725 3555 te
1745 3503 1823 3567 l";
1865 3511 2030 3571 atque

451 3583 571 3637 haec
603 3584 828 3654 quidem
867 3594 1128 3658 tanquam
1164 3604 1197 3643 a
1231 3589 1503 3659 principio
1543 3609 1556 3643 :
1590 3590 1660 3644 ab
1695 3591 1816 3661 ipsa
1845 3601 2028 3645 autem

457 3672 740 3754 Sapientia
791 3677 927 3733 illud
976 3680 1185 3734 dictum
1235 3689 1321 3734 est
1373 3699 1386 3734 :
1440 3683 1576 3736 Ante
1633 3699 1813 3737 omnes
1869 3683 2030 3737 colles

455 3769 684 3837 generat
728 3783 807 3822 me
829 3769 900 3834 ⁸⁸,
946 3769 1094 3824 Deus
1139 3770 1373 3826 scilicet.
1415 3772 1722 3828 Didicimus
1769 3781 2032 3843 praeterea

450 3857 880 3928 appellationem
918 3860 1100 3916 Patris
1139 3877 1152 3915 :
1195 3861 1364 3916 Pater.
1399 3864 1540 3916 enim
1579 3864 1721 3917 misit
1761 3880 1842 3918 me
1865 3864 1930 3929 ⁸⁷,
1955 3864 2034 3918 ait

453 3951 731 4018 Salvator;
765 3960 821 4007 et
857 3969 870 4006 :
903 3952 1016 4024 Ego
1047 3971 1080 4008 α
1108 3953 1271 4008 Patre
1300 3955 1466 4018 exivi,
1493 3961 1544 4007 et
1571 3956 1721 4009 uenio
1738 3955 1806 4020 ⁸⁸,
1837 3963 1893 4010 ει
1926 3955 2030 4010 alia

451 4045 1111 4115 ejusmodiNocaverunt
1133 4055 1316 4100 autem
1341 4045 1646 4117 Scriptura:
1673 4057 1877 4102 sancta:
1902 4062 2030 4103 eum

453 4136 548 4206 qui
598 4136 817 4207 genitus
865 4145 982 4202 est,-
1019 4137 1253 4203 Filium;
1304 4137 1448 4194 sicut
1491 4153 1620 4193 eum
1662 4137 1758 4208 qui
1803 4139 2027 4210 genuit,

455 4226 680 4282 Patrem
733 4245 746 4282 :
790 4226 958 4284 Filius
1005 4230 1191 4294 enim,
1227 4230 1436 4299 inquit,
1469 4247 1612 4285 meus
1659 4246 1712 4285 es
1764 4238 1820 4284 tu
1840 4230 1907 4285 ⁸³.
1941 4229 2032 4286 Sic

453 4321 644 4376 divina
679 4321 964 4393 Scriptura
1003 4323 1214 4378 nostris
1251 4323 1574 4380 nominibus
1609 4339 1712 4380 nos
1743 4323 1809 4379 ad
1844 4341 2032 4380 veram

456 4413 832 4483 cognitionem
883 4415 1177 4480 instruxit,
1212 4416 1308 4484 qui
1358 4430 1468 4469 non
1517 4423 1833 4484 poteramus
1873 4417 2032 4472 aliter

457 4503 646 4558 doceri
678 4519 742 4558 ea
771 4519 893 4574 quae
921 4505 1153 4574 spiritus
1187 4513 1318 4560 sunt
1355 4523 1367 4558 :
1404 4520 1508 4560 nec
1541 4506 1690 4560 enim
1724 4506 1852 4576 quia
1886 4507 2032 4564 Deus

2133 3320 2479 3392 permanebit
2516 3338 2529 3374 :
2564 3335 2668 3375 nec
2700 3320 2817 3376 btec
2849 3326 2944 3373 aut
2977 3318 3067 3372 illa
3103 3317 3397 3387 appellatio
3432 3315 3703 3370 rationem

2132 3414 2252 3483 ejus
2290 3413 2345 3466 in
2383 3412 2534 3467 aliud
2573 3411 2879 3482 quidquam
2921 3409 3186 3471 mutabit,
3217 3408 3286 3462 ab
3325 3423 3392 3462 eo
3429 3405 3577 3476 quod
3617 3419 3704 3460 sev

2133 3503 2374 3558 cundum
2405 3512 2659 3557 naturam
2691 3509 2797 3568 est,
2823 3500 3064 3556 alienum
3091 3517 3104 3552 :
3133 3498 3410 3569 posterior
3433 3496 3582 3551 enim
3616 3504 3702 3551 est

2135 3592 2415 3663 impositio
2446 3593 2762 3656 nominum;
2791 3590 3113 3660 prioresque
3137 3599 3278 3643 sunt.
3292 3603 3383 3642 res
3405 3587 3473 3642 de
3503 3587 3707 3657 quibus

2134 3684 2358 3739 nomina
2394 3683 2678 3738 dicuntur.
2712 3683 2769 3738 Si
2811 3683 2980 3754 igitur
3009 3691 3222 3737 naturae
3256 3696 3440 3735 rerum
3483 3679 3706 3735 nomina

2135 3771 2497 3838 conveniunt,
2527 3782 2586 3828 et
2619 3773 2674 3827 in
2708 3787 2802 3827 eas
2837 3787 2936 3826 res
2962 3771 3204 3842 pulchre
3229 3771 3406 3824 oratio
3439 3769 3702 3840 quadrat;

2134 3879 2266 3919 vera
2311 3865 2512 3920 merito
2548 3872 2780 3920 vocatur
2819 3865 3027 3920 nullam
3074 3864 3365 3918 incurrens
3404 3862 3705 3932 reprehen-

2135 3954 2345 4010 sionem
2395 3973 2408 4009 :
2451 3956 2535 4010 sin
2580 3965 2762 4010 autem
2806 3965 2996 4010 contra
3035 3971 3148 4009 non
3191 3955 3488 4010 convenire
3529 3969 3708 4023 neque

2135 4043 2407 4116 quadrare
2443 4044 2774 4114 reperiatur,
2801 4044 3153 4098 manifestum
3187 4052 3300 4108 est,
3328 4043 3553 4113 probari
3586 4058 3707 4098 esse

2135 4132 2326 4188 falsam
2372 4151 2383 4186 :
2425 4141 2611 4187 manet
2649 4148 2782 4187 vero
2822 4148 2910 4187 res
2947 4148 3069 4202 qua:
3108 4133 3411 4186 secundum
3454 4141 3706 4187 naturam

2135 4227 2436 4282 constituta
2471 4232 2578 4288 est,
2611 4225 2762 4280 nullo
2798 4225 3148 4280 incommodo
3184 4242 3252 4280 ex
3284 4225 3420 4279 falsa
3457 4225 3708 4280 oratione

2134 4326 2381 4387 accepto.
2407 4317 2584 4386 Atque
2609 4317 2714 4371 hoc
2735 4316 2957 4386 quidem
2987 4315 3040 4370 in
3073 4332 3403 4387 unaquaque
3432 4333 3492 4372 re
3514 4333 3706 4371 verum

2135 4425 2256 4466 esse
2297 4409 2620 4479 comperiet,
2647 4409 2692 4463 si
2733 4411 2859 4478 quis
2897 4421 3110 4479 quaerat
3147 4429 3160 4464 :
3199 4409 3348 4479 quod
3388 4409 3433 4464 si
3475 4409 3541 4462 in.
3572 4424 3706 4461 nna-

2135 4518 2350 4573 quaque
2399 4518 2490 4565 re,
2538 4501 2712 4555 multo
2758 4500 2934 4571 magis
2983 4501 3037 4555 in
3084 4501 3288 4556 divinis
3337 4495 3707 4569 dogmatibus.

456 4594 703 4665 propriis
727 4603 784 4650 et
807 4596 1156 4652 naturalibus
1185 4597 1506 4652 nominibus
1531 4596 2029 4668 indigeret,nostra
2063 4607 2110 4666 ι)
2136 4594 2319 4650 Fallax
2345 4593 2491 4648 enim
2518 4592 2696 4647 oratio
2719 4591 2936 4661 aliquos
2957 4589 3130 4656 fallet,
3151 4598 3208 4645 et
3236 4589 3484 4644 fortassis
3511 4603 3541 4640 a
3568 4585 3711 4639 veri-

456 4686 564 4741 sibi
601 4686 928 4753 vindicavit,
961 4695 1018 4742 et
1059 4702 1158 4758 per
1202 4697 1412 4754 nostra,
1445 4697 1507 4744 ut
1547 4687 1757 4744 dictum
1797 4698 1900 4754 est,
1933 4705 2032 4748 sua

457 4793 561 4835 nos
591 4777 803 4835 docuit.

530 4869 700 4926 XXX.
732 4870 887 4925 Sicut
930 4870 1100 4942 igitur
1151 4869 1196 4924 si
1243 4869 1397 4939 quis,
1433 4885 1560 4924 cum
1607 4871 1773 4925 vellet
1815 4870 2036 4926 tradere

459 4961 658 5020 aliena:
684 4961 897 5015 nationi
928 4961 1120 5015 utilem
1152 4958 1524 5029 disciplinam,
1549 4975 1780 5030 eamque
1813 4957 1900 5015 ad
1921 4977 2036 5016 me-

460 5053 660 5110 liorem
704 5062 909 5108 statum
945 5061 1002 5107 et
1033 5051 1298 5122 optimam
1333 5051 1460 5105 vita:
1495 5067 1744 5106 normam
1781 5050 2036 5118 erudire;

461 5145 646 5200 inanis
677 5145 901 5216 penitus
929 5154 1077 5201 esset
1104 5159 1273 5213 opera
1307 5143 1429 5214 ejus
1461 5150 1518 5198 et
1547 5143 1816 5207 studium,
1846 5144 1892 5198 si
1928 5143 2039 5198 lin-

460 5251 565 5308 gua
601 5251 702 5291 sua
731 5243 1003 5300 uteretur,
1033 5250 1159 5290 cum
1193 5234 1272 5289 illi
1304 5234 1398 5304 qui
1433 5233 1539 5288 alia
1572 5233 1761 5304 lingua
1798 5235 2037 5304 loquun-

463 5336 578 5395 tur,
601 5344 715 5385 non
741 5337 972 5400 possunt
991 5327 1095 5383 nisi
1117 5326 1396 5398 propriam
1421 5325 1662 5396 linguam
1690 5324 1994 5395 intelligere
2021 5343 2035 5379 :

2138 4693 2247 4740 tate
2269 4684 2507 4739 abducet
2525 4699 2621 4740 eos
2641 4683 2735 4754 qui
2757 4699 2867 4738 non
2895 4691 3028 4738 sunt
3047 4698 3112 4736 ea
3135 4680 3364 4746 imbuti;
3389 4694 3499 4733 non
3523 4685 3712 4735 tamen

2137 4777 2376 4834 mutabit
2405 4784 2657 4830 naturam
2687 4775 2756 4831 de
2785 4791 2892 4845 qua
2922 4774 3316 4845 pronuntiatur
3356 4789 3368 4825 ε
3411 4786 3523 4826 non
3561 4769 3708 4825 enim

2136 4878 2285 4926 esset
2317 4877 2516 4925 natura
2554 4869 2806 4924 oratione
2844 4865 3140 4932 valentior,
3179 4866 3223 4924 si
3264 4880 3401 4922 sono
3443 4861 3714 4921 orationis

2138 4975 2225 5014 res
2255 4966 2622 5016 mutarentur.

2210 5049 2424 5104 XXXII.
2459 5049 2566 5105 Sed
2609 5047 2891 5118 deinceps,
2922 5047 3052 5118 quia
3095 5043 3346 5101 fortassis
3382 5043 3499 5098 haec
3535 5039 3713 5096 oratio

2137 5152 2222 5197 est
2245 5141 2462 5212 longior
2479 5139 2733 5211 justo,,ad
2757 5140 2918 5195 aliam
2946 5152 3260 5209 pergcmus,
3279 5132 3366 5188 vel
3395 5132 3578 5201 potius
3602 5147 3711 5186 non

2140 5233 2208 5287 ad
2235 5233 2396 5287 aliam
2425 5249 2441 5286 :
2476 5231 2657 5287 adhuc
2681 5232 2830 5286 enim
2864 5231 2919 5284 in
2949 5228 3158 5284 eisdem
3188 5232 3459 5288 versatur,
3492 5219 3714 5278 tametsi

2142 5324 2316 5379 variat
2338 5324 2566 5379 materia
2591 5319 3101 5393 argumentationis.

538 5475 584 5510 “
610 5482 752 5540 Psal.
772 5499 832 5551 ιι,
852 5483 904 5538 7.
981 5481 1026 5514 ⁸⁵
1044 5481 1316 5546 Psal.c1x,
1339 5479 1393 5534 5.
1470 5476 1515 5510 ⁸⁸
1537 5478 1696 5533 Prov.
1723 5492 1837 5545 vni,
1858 5479 1958 5546 25.
1985 5477 2024 5507 ἰτ

2127 5493 2213 5554 an.
2239 5496 2289 5540 ν,
2317 5479 2403 5532 '56.
2481 5479 2527 5510 ⁸⁸
2548 5479 2702 5534 Joan.
2731 5494 2837 5540 xvi,
2858 5477 2946 5531 ς28.
3026 5476 3069 5508 ⁸⁸
3093 5474 3234 5530 Psal.
3261 5489 3322 5539 ιι,
3343 5471 3398 5526 7.
