4020 6146
369 427 494 492 1331

1517 439 1576 498 S.
1613 437 2012 498 ANASTASII
2051 437 2524 498 ANTIOCHENI
2600 447 2604 449 ’
3463 426 3487 483 1

3497 430 3524 489 3

3529 429 3589 494 32

1963 743 2046 804 II.

1529 859 1634 917 DE
1673 859 2417 922 INCIRCUMSCBIPTO.

442 1114 485 1170 Ι.
511 1113 709 1172 Omnia
742 1113 910 1168 audet
929 1115 1116 1185 lingua
1143 1115 1358 1181 dolosa,
1389 1132 1513 1186 qua:
1543 1124 1599 1170 et
1618 1115 1942 1170 Creatorem
1974 1119 2019 1176 Α
2047 1129 2227 1184 rante,
2249 1119 2368 1185 sine
2393 1135 2504 1190 quo
2527 1135 2651 1176 esse
2676 1135 2787 1175 non
2815 1125 3018 1190 potest.
3043 1117 3135 1174 Sic
3163 1134 3176 1172 :
3205 1115 3335 1174 Caeli
3362 1130 3601 1175 enarrant

368 1203 694 1266 contemnit,
730 1211 786 1258 et
819 1218 942 1273 quae
977 1204 1098 1274 ejus
1135 1205 1313 1260 virtus
1350 1205 1443 1270 sit,
1479 1221 1590 1260 non
1635 1207 1824 1260 sentit.
1863 1203 1948 1260 Sit

370 1293 531 1348 nobis
560 1293 829 1348 Dominus
860 1293 1068 1349 auxilio
1103 1296 1252 1364 spei,
1287 1296 1602 1366 tribuatque
1635 1309 1947 1373 sermonem

370 1383 680 1453 prudentiae
720 1392 949 1454 propter
988 1399 1086 1440 eos
1131 1386 1227 1455 qui
1272 1387 1514 1441 fructum
1565 1387 1850 1456 percipere
1892 1393 1949 1442 et

371 1475 723 1544 prudentiam
765 1491 969 1546 augere
990 1477 1224 1546 cupiunt
1263 1495 1275 1529 :
1317 1485 1374 1531 tu
1405 1493 1562 1542 vero,
1589 1477 1946 1544 charissime,

369 1583 440 1622 ne
478 1583 604 1622 cum
644 1569 748 1632 eis,
781 1568 925 1625 sicut
957 1569 1228 1640 scriptum
1263 1571 1439 1636 est”,
1472 1578 1694 1640 pactum
1725 1570 1896 1626 facias
1933 1589 1948 1624 :

369 1673 465 1714 eos
505 1658 651 1726 dico,
683 1661 778 1731 qui
818 1659 992 1716 Deum
1037 1661 1401 1728 imminuunt,
1432 1663 1775 1718 et.divinam
1815 1665 1949 1719 sub-

369 1755 630 1809 stantiam
671 1755 1165 1821 circumscribunt,
1193 1767 1249 1811 et
1280 1767 1551 1828 quantum
1587 1759 1644 1813 in
1679 1758 1813 1828 ipsis
1845 1767 1950 1822 est,

374 1844 599 1900 tradunt
626 1861 864 1901 vacuum
907 1862 1032 1903 esse
1074 1849 1394 1904 universum
1439 1865 1470 1904 a
1515 1849 1780 1905 Creatore
1826 1850 1953 1903 uni-

372 1936 521 1990 versi
551 1953 566 1990 :
592 1936 689 2005 qui
715 1937 976 1993 videntur
1000 1938 1078 2008 pii
1105 1953 1249 2004 esse,
1273 1938 1626 2009 impudenter
1648 1940 1954 2010 blasphemi

373 2036 535 2094 sunt,
580 2029 784 2086 divinae
829 2041 1049 2088 naturai-
1092 2033 1516 2104 amplitudinem
1561 2042 1859 2103 negantes,
1903 2040 1960 2088 et

374 2121 617 2191 linguam
660 2138 815 2178 suam
858 2125 1228 2196 importunam
1269 2134 1327 2182 et
1357 2126 1646 2196 loquacem
1688 2126 1746 2181 in
1782 2126 1956 2182 Deum

375 2215 624 2270 universi
668 2228 954 2275 acuentes.
993 2220 1137 2276 Sane
1171 2220 1398 2291 quidem
1433 2235 1546 2276 non
1581 2229 1962 2290 cognoverunt

377 2307 491 2374 isti,
524 2324 628 2364 nec
660 2310 1056 2367 intellexerunt
1083 2312 1384 2383 potentiam
1415 2311 1538 2377 Dei,
1565 2313 1699 2382 quin
1732 2314 1957 2382 potius:

379 2401 724 2460 Obscuratum
773 2416 877 2475 est,
915 2409 1062 2464 sicut
1105 2409 1181 2465 ait
1226 2408 1544 2480 Scriptura,
1575 2411 1827 2480 insipiens
1869 2425 1957 2461 eor

377 2495 561 2551 eorum
594 2514 612 2552 :
642 2499 872 2555 dicentes
895 2517 950 2556 se
974 2518 1086 2556 esse
1109 2475 1393 2573 sapientes,
1418 2501 1568 2556 stulti
1599 2475 1724 2572 facti
1751 2508 1877 2556 sunt
1892 2500 1971 2554 ⁹¹.·
1995 2475 2035 2528 Β

379 2587 525 2642 Deus
565 2599 751 2646 autem
794 2585 1197 2662 patientissime
1236 2592 1342 2649 fert
1381 2595 1528 2658 haec,
1557 2593 1652 2664 qui
1694 2609 1804 2649 non
1841 2593 1964 2648 vult

379 2681 524 2737 ullos
563 2683 768 2752 perire,
803 2685 901 2740 sed
944 2701 1141 2742 omnes
1178 2686 1247 2762 ad
1289 2687 1676 2757 paenitentiam
1710 2686 1903 2741 venire
1947 2705 1960 2738 :

384 2772 503 2827 Vult
533 2776 675 2829 enim
707 2793 886 2831 omnes
920 2778 1154 2833 homines
1187 2778 1360 2834 salvos
1390 2778 1528 2848 ﬁeri,
1553 2788 1603 2832 et
1636 2780 1706 2834 ad
1733 2780 1963 2850 agnitio-

382 2881 502 2919 nem
539 2870 779 2923 veritatis
817 2871 996 2924 venire
1015 2873 1084 2926 ".
1116 2871 1272 2926 Faxit
1309 2869 1475 2936 Deus,
1506 2883 1565 2927 ut
1605 2872 1710 2927 hoc
1746 2872 1966 2942 sapiens

383 2957 678 3012 consilium
725 2961 936 3016 exitum
981 2963 1190 3036 bonum
1233 2964 1287 3017 in
1329 2964 1411 3019 eis
1455 2973 1799 3034 assequatur,
1833 2963 1967 3031 ipsis

384 3050 622 3106 Salutem
672 3055 991 3122 consecutis
1045 3058 1351 3112 secundum
1405 3057 1750 3126 propositum
1803 3054 1964 3111 Dei:

386 3141 490 3207 Qui
515 3153 666 3199 vocat
696 3162 758 3200 ea
787 3163 907 3216 qua:
935 3165 1041 3202 non
1069 3159 1215 3214 sunt,
1243 3159 1498 3220 tanquam
1524 3166 1586 3204 ea
1614 3166 1730 3220 qua:
1755 3156 1877 3203 sunt
1898 3149 1966 3202 ’³.

457 3233 523 3290 Π.
572 3236 653 3294 Ne
707 3247 893 3294 autem
949 3241 1253 3296 absurdum
1309 3251 1365 3297 et
1421 3241 1676 3296 doiosum
1738 3242 1968 3297 istorum

391 3329 589 3400 dogma
630 3331 825 3397 lateat,
858 3333 1180 3401 videamus,
1216 3335 1402 3405 qualia
1441 3335 1555 3389 sint
1591 3351 1714 3404 qua:
1753 3334 1821 3390 de
1860 3335 1971 3390 Deo

393 3420 581 3477 dicere
627 3423 834 3480 audent
878 3443 890 3478 :
942 3443 960 3476 ‹
1008 3425 1266 3498 Energia,
1304 3427 1588 3497 inquiunt,
1621 3427 1676 3480 in
1715 3426 1976 3480 omnibus

393 3513 562 3568 rebus
595 3523 681 3596 est
714 3515 890 3583 Deus;
927 3517 1241 3572 substantia
1271 3533 1407 3573 vero
1442 3517 1690 3572 minime.
1730 3535 1748 3567 ι
1797 3516 1972 3572 Euer-

391 3606 536 3673 giam
561 3617 766 3663 vocant
793 3623 936 3679 opus
963 3609 1208 3680 energia,
1232 3609 1287 3664 id
1314 3618 1420 3673 est,
1445 3609 1764 3679 operatione
1789 3608 1975 3663 confe-

394 3707 570 3762 etum,
592 3707 656 3754 ut
683 3698 988 3754 fabricator
1017 3700 1174 3756 navis
1203 3707 1289 3754 est
1311 3699 1366 3753 in
1390 3699 1514 3753 navi
1547 3714 1576 3752 a
1605 3713 1661 3753 se
1687 3695 1972 3764 fabricata,

2048 1210 2278 1282 gloriam
2313 1211 2440 1276 Dei;
2473 1221 2522 1266 et
2557 1229 2716 1279 opera
2751 1227 3009 1265 manuum
3050 1209 3164 1280 ejus
3200 1209 3482 1262 annuntiat
3515 1209 3602 1277 ﬁr-

2049 1301 2473 1366 mamentum";
2514 1315 2624 1354 non
2665 1300 2832 1357 semel
2874 1298 3108 1360 factum,
3141 1305 3198 1353 et
3233 1313 3263 1352 a
3295 1295 3605 1354 fabricatore

2050 1404 2151 1445 suo
2183 1389 2505 1458 alienatum,
2537 1407 2755 1461 semper
2784 1392 2932 1446 enim
2967 1390 3178 1461 indiget
3209 1401 3604 1457 eonservatore,

2051 1483 2147 1552 qui
2188 1497 2298 1538 non
2341 1483 2472 1538 sinit
2507 1492 2874 1539 veterascere.
2901 1481 3078 1547 Unde,
3111 1482 3241 1552 quia
3278 1497 3440 1537 omne
3477 1483 3609 1553 quod

2050 1579 2166 1649 pati
2198 1587 2402 1650 potest,
2423 1595 2536 1633 non
2565 1584 2890 1634 renovatum
2916 1578 3239 1642 veterascit;
3269 1576 3417 1647 quod
3443 1573 3612 1632 autem

2051 1677 2256 1725 natura
2280 1677 2628 1726 veterascere
2657 1676 2862 1739 potest,
2887 1683 3000 1722 non
3025 1679 3379 1723 veterascens
3407 1681 3616 1722 renova-

2053 1769 2147 1815 tur
2177 1778 2190 1815 :
2223 1760 2428 1816 coelum
2465 1760 2636 1831 igitur
2661 1766 2717 1814 et
2743 1758 2988 1814 coelestia
3021 1773 3256 1828 corpora
3292 1773 3412 1826 quae
3443 1756 3617 1814 hacte-

2053 1869 2161 1908 nus
2189 1853 2333 1908 sicut
2357 1869 2388 1908 a
2410 1851 2690 1922 principio
2716 1849 2858 1906 facta
2889 1859 3036 1913 sunt,
3064 1848 3297 1915 durant,
3326 1847 3619 1902 renovatio-

2056 1959 2184 2000 nem
2210 1944 2268 1999 in
2292 1931 2350 1999 se
2372 1941 2621 2014 quotidie
2643 1941 2766 1996 fieri
2793 1939 3129 2006 ostendunt;
3159 1938 3634 2002 conservationem

2055 2053 2192 2093 vero
2212 2051 2352 2092 voco
2375 2034 2790 2098 renovationem
2819 2051 2832 2088 :
2858 2039 3153 2088 conservat
3175 2039 3364 2086 autem
3387 2044 3449 2085 ea
3468 2029 3620 2093 Deus,

2059 2125 2340 2202 quomodo
2370 2125 2566 2182 affecta
2599 2131 2748 2179 sunt.
2781 2123 2838 2178 Si
2873 2130 3059 2177 autem
3093 2127 3240 2176 recte
3277 2119 3467 2183 habet,
3491 2116 3624 2186 quod

2058 2238 2162 2279 nos
2185 2221 2566 2292 intelligimus,
2587 2214 2888 2287 energiam,
2906 2214 2962 2268 id
2986 2222 3092 2290 est,
3113 2213 3494 2283 operationem
3517 2225 3627 2264 esse

2059 2311 2578 2375 conservationem;
2627 2313 2990 2363 conservatur
3028 2318 3162 2359 vero
3183 2345 3198 2369 ,
3231 2312 3298 2358 et
3333 2295 3634 2358 continetur

2069 2409 2421 2471 universum;
2462 2403 2608 2459 circa
2643 2400 2962 2457 universum
2995 2407 3251 2452 versatur
3295 2394 3533 2465 energia.
3561 2392 3633 2447 Ab

2063 2502 2169 2557 hac
2191 2507 2376 2554 autem
2402 2511 2515 2551 non
2539 2505 2625 2551 est
2646 2491 2954 2548 substantia
2982 2487 3350 2560 separabilis;
3382 2495 3465 2542 est
3487 2485 3640 2556 igitur

2063 2593 2211 2649 circa
2234 2589 2574 2651 universum,
2598 2594 2654 2641 et
2675 2585 2732 2638 in
2757 2582 3022 2638 universo
3047 2579 3373 2634 substantia
3395 2577 3510 2632 Dei.

2135 2682 2224 2738 lli.
2257 2680 2348 2736 Sic
2381 2675 2762 2747 intelligimus,
2791 2670 2938 2742 quod
2975 2668 3228 2744 Salvator
3267 2668 3410 2722 dixit
3447 2683 3459 2720 :
3489 2663 3641 2735 Pater

2067 2793 2219 2831 meus
2258 2789 2422 2844 usque
2466 2768 2622 2825 modo
2668 2772 2944 2837 operatur,
2973 2771 3020 2816 et
3067 2777 3161 2831 ego
3205 2775 3405 2831 operor
3424 2758 3492 2821 9';
3536 2769 3634 2809 non

2065 2869 2214 2941 quod
2249 2866 2398 2921 facta
2437 2861 2509 2917 sit
2542 2857 2786 2915 accessio
2829 2854 3092 2910 universo
3137 2870 3148 2904 :
3191 2849 3469 2920 Requievit
3500 2846 3636 2901 enim

2067 2963 2207 3018 Deus
2258 2960 2341 3013 die
2389 2955 2615 3026 septima
2663 2951 2728 3005 ab
2780 2947 3019 3003 omnibus
3062 2943 3311 3016 Operibus
3356 2941 3497 2998 suis,
3533 2951 3640 3026 qua!

1996 3039 1999 3042 ’
2067 3050 2219 3120 mepit
2261 3024 2528 3118 facere";
2575 3048 2632 3095 et
2676 3055 2690 3092 :
2736 3035 2883 3092 Nihil
2926 3041 3004 3090 est
3041 3049 3222 3087 recens
3269 3031 3364 3085 sub
3409 3028 3542 3092 sole,
3572 3024 3643 3079 ait

2070 3141 2332 3198 Salomon
2357 3139 2440 3203 "';
2487 3133 2584 3191 sed
2632 3145 2774 3200 opus
2817 3125 3126 3184 nominavit
3171 3121 3644 3179 conservationem

2073 3231 2344 3288 universi.
2365 3229 2489 3299 ipsa
2512 3225 2661 3282 enim
2688 3236 2892 3293 genera
2917 3226 2973 3274 et
3001 3217 3220 3288 species
3249 3227 3446 3271 eorum
3470 3208 3648 3264 videre

2069 3325 2201 3380 licet
2227 3335 2446 3391 semper
2475 3312 2818 3378 conservari,
2843 3325 2949 3366 nec
2978 3309 3166 3380 augeri
3200 3307 3450 3379 penitus.
3481 3314 3650 3370 neque

2073 3416 2278 3481 minui;
2321 3390 2726 3468 conservantur
2762 3412 2948 3459 autem
2982 3399 3189 3463 Verbo,
3217 3408 3284 3454 ut
3323 3404 3485 3452 antea
3519 3390 3652 3447 dixi-

2075 3485 2228 3572 mus,
2276 3506 2353 3560 ita
2397 3513 2461 3558 ut
2501 3511 2760 3570 separare
2801 3511 2867 3552 ea
2907 3508 2939 3549 a
2979 3488 3261 3563 potestate
3302 3489 3652 3572 conservante

2075 3570 2306 3671 impium
2344 3597 2419 3652 sit
2452 3614 2465 3649 :
2503 3590 2779 3663 siquidem
2821 3588 2890 3644 ad
2926 3583 3221 3641 interitum
3263 3579 3506 3636 deducet
3539 3570 3658 3628 uni-

2077 3708 2336 3754 versum,
2377 3689 2474 3759 qui
2521 3695 2807 3742 auctorem
2857 3676 3104 3736 universi
3148 3676 3221 3730 ab
3268 3673 3532 3729 universo
3577 3679 3658 3720 se-

393 3800 452 3844 et
491 3799 670 3845 textor
713 3791 768 3845 in
814 3782 982 3861 pallio
1024 3791 1169 3862 quod
1213 3791 1408 3846 texuit.
1441 3791 1606 3860 Atqui
1649 3789 1828 3845 dicam
1872 3806 1974 3862 ego
2005 3824 2049 3881 α
2075 3784 2344 3860 junxerit.

396 3880 822 3949 inseparabilem
867 3895 989 3936 esse
1035 3896 1065 3935 a
1111 3891 1308 3934 natura
1359 3878 1457 3933 Dei
1504 3877 1784 3948 energiam
1833 3878 1974 3948 ejus,

397 3971 650 4040 exemplo
697 3973 988 4042 superiore
1032 3973 1102 4027 ab
1140 3967 1273 4027 istis
1319 3979 1541 4041 sumpto
1589 3986 1726 4025 usus
1771 3987 1786 4023 :
1837 3969 1982 4024 sicut

399 4063 548 4117 enim
583 4063 881 4120 fabricator
905 4067 1062 4121 navis
1091 4065 1342 4121 cernitur
1370 4064 1428 4118 in
1453 4063 1602 4126 navi,
1629 4071 1684 4117 et
1716 4068 1896 4116 textor
1923 4061 1980 4114 in

400 4160 567 4230 pallio
594 4160 798 4227 textili;
824 4163 906 4217 sic
927 4162 1072 4217 Deus
1094 4163 1148 4216 in
1172 4160 1437 4232 operibus
1458 4159 1573 4214 suis
1600 4178 1611 4212 :
1638 4157 1853 4213 tametsi
1879 4156 1980 4220 illi,

401 4261 597 4323 utpote
623 4253 886 4310 mortales
912 4262 969 4308 et
993 4253 1324 4324 corporibus
1353 4249 1785 4320 circumscripti,
1809 4248 1983 4303 solam

401 4344 687 4415 energiam
723 4343 1045 4414 relinquant
1075 4359 1304 4399 vacuam
1336 4343 1406 4398 ab
1441 4340 1672 4403 artiﬁce,
1703 4339 1797 4410 qui
1832 4337 1984 4408 Operi

404 4435 658 4492 faciendo
689 4444 866 4492 artem
898 4435 1156 4492 adhibuit
1184 4453 1198 4490 :
1231 4444 1396 4504 atque
1429 4432 1703 4489 artiﬁcem
1735 4431 1983 4502 quidem,

407 4529 451 4583 si
491 4529 650 4584 adest
683 4539 739 4583 et
772 4529 1149 4600 cognoscitur,
1178 4528 1443 4599 praedicat
1481 4542 1653 4597 opus;
1700 4525 1985 4579 absentem

407 4635 538 4674 vero
578 4629 635 4675 et
680 4612 1060 4691 incognitum,
1096 4620 1324 4675 minime
1371 4638 1384 4674 :
1432 4617 1526 4672 sed
1572 4622 1672 4672 eur
1713 4616 1823 4672 ita?
1859 4616 1988 4686 quia

409 4721 713 4781 utrumque
763 4712 1185 4782 circumscripte
1235 4711 1484 4766 cernitur
1529 4717 1586 4764 et
1631 4724 1802 4779 opus,
1841 4715 1896 4761 et
1934 4706 1990 4760 id

409 4800 556 4854 unde
586 4797 900 4870 profectum
927 4808 1012 4856 est
1035 4816 1196 4870 opus.
1217 4799 1358 4867 Quia
1381 4812 1514 4854 vero
1535 4797 1658 4851 viva
1684 4804 1770 4849 est
1794 4803 1992 4849 natura

410 4894 620 4961 divina,
652 4892 930 4963 energias,
960 4893 1015 4948 id
1059 4902 1143 4948 est
1185 4892 1559 4962 operationes,
1594 4887 1760 4943 habet
1799 4887 1992 4942 viven-

413 5001 516 5053 tes,
542 4995 599 5042 et
627 4987 748 5042 sine
783 4985 1201 5042 intermissione
1231 4991 1456 5054 agentes
1489 4999 1502 5034 :
1541 4980 1658 5035 sine
1689 4977 1993 5034 substantia

411 5085 598 5132 autem
633 5091 744 5130 non
779 5082 966 5146 potest
999 5071 1113 5128 ulio
1147 5072 1312 5126 modo
1345 5069 1570 5141 prodire.
1604 5069 1860 5140 energia;
1898 5067 1994 5122 ubi

2154 3878 2242 3932 IV.
2293 3873 2465 3929 Adest
2517 3870 2685 3941 igitur
2728 3867 2783 3920 in
2830 3860 3090 3919 omnibus
3134 3857 3291 3911 Deus
3337 3863 3451 3909 non
3497 3849 3661 3941 solum

2083 3967 2331 4039 energia,
2358 3965 2414 4018 id
2452 3939 2560 4017 est
2594 3957 2942 4030 operatione,
2967 3952 3065 4007 sed
3099 3949 3275 4004 etiam
3311 3939 3661 4002 substantia:

2085 4039 2526 4117 demonstratum
2562 4051 2709 4106 enim
2746 4057 2852 4113 est,
2879 4061 2991 4101 non
3027 4056 3148 4098 esse
3181 4039 3474 4109 energiam
3514 4046 3666 4101 sepa-

2087 4147 2261 4206 ratam
2282 4163 2320 4201 a
2351 4141 2682 4200 substantia.
2711 4135 2998 4206 Energiam
3028 4143 3216 4188 autem
3245 4141 3389 4188 voco
3416 4125 3666 4179 virtutem

2086 4241 2365 4295 viventem
2391 4243 2449 4289 et
2471 4233 2963 4300 semperagentem
2982 4229 3031 4286 ³,
3052 4218 3438 4291 prodeuntem
3463 4228 3530 4267 ex
3551 4207 3680 4300 sub-‘

2090 4329 2291 4387 stantia
2321 4298 2631 4394 operante:
2653 4315 2961 4387 'tripiiciler
2984 4311 3133 4367 enim
3165 4306 3388 4363 dicitur
3415 4298 3665 4394 energia;

2089 4423 2175 4477 vis
2205 4387 2476 4490 operandi
2510 4423 2723 4468 naturae
2757 4405 2968 4472 insita;
2989 4413 3046 4458 et
3074 4398 3361 4455 habitudo
3399 4387 3670 4490 operantis

2091 4515 2159 4569 ad
2193 4526 2354 4582 opus,
2386 4523 2497 4579 quo
2525 4505 2617 4572 fit;
2650 4511 2708 4558 et
2736 4501 2792 4556 id
2826 4499 3028 4568 ipsum,
3053 4493 3202 4564 quod
3241 4506 3313 4546 ex
3350 4493 3673 4557 antegressus

2092 4605 2406 4663 confectum
2462 4607 2566 4655 est.
2613 4596 2778 4651 Prius
2824 4591 2973 4648 enim
3021 4585 3450 4655 contemplatur
3497 4589 3669 4635 mens,

2093 4697 2244 4770 quod
2301 4691 2616 4749 faciendum
2672 4695 2791 4750 est;
2848 4688 3043 4754 postea
3098 4684 3409 4733 moventur
3459 4679 3670 4770 manus;

2095 4761 2297 4846 deinde
2332 4789 2753 4842 consummatur
2785 4775 2932 4848 quod
2961 4786 3125 4855 mens
3158 4765 3547 4836 contemplata
3583 4761 3673 4858 est,

2094 4891 2151 4938 et
2173 4880 2321 4952 quod
2345 4893 2446 4949 per
2468 4882 2678 4931 motum
2708 4879 2792 4927 est
2811 4869 3092 4952 eﬂ'ectum.
3113 4861 3211 4917 Ha:
3238 4868 3432 4952 autem
3457 4859 3675 4952 emergis;

2095 4945 2288 5029 eorum
2327 4945 2477 5034 sunt,
2512 4980 2636 5037 qua:
2675 4960 2975 5032 composita
3002 4951 3069 5012 'et
3105 4950 3374 5008 mortalia
3417 4953 3546 5002 sunt
3583 4958 3596 4993 :
3630 4945 3678 4990 et

2097 5065 2168 5120 ob
2195 5065 2338 5118 hanc
2363 5074 2580 5116 causam
2610 5072 2721 5111 non
2747 5065 2973 5109 necesse
3000 5057 3105 5111 est,
3131 5055 3195 5099 ut
3220 5041 3377 5114 quod
3411 5041 3675 5109 operatur.

411 5165 562 5221 enim
609 5122 836 5236 energia
884 5163 1167 5226 cernitur,
1204 5159 1367 5214 simul
1421 5173 1544 5213 cum
1597 5158 1699 5212 hac
1747 5157 1996 5212 cernitur
2029 5165 2072 5219 ι)
2106 5169 2324 5224 semper
2352 5150 2496 5205 adsit
2524 5148 2577 5203 ei
2613 5146 2695 5204 rei
2730 5159 2893 5216 quam
2929 5145 3230 5211 operatur;
3268 5133 3406 5204 quia
3440 5122 3682 5236 proiﬁbff

413 5258 726 5313 substantia
763 5273 830 5314 ex
867 5271 974 5327 qua
1009 5255 1195 5328 prodit
1228 5271 1240 5308 :
1279 5261 1576 5322 utrumque
1610 5251 1755 5306 enim
1789 5260 1875 5306 est
1905 5250 1993 5304 in—

415 5350 928 5419 circumscriptum;
963 5345 1324 5418 quamobrem
1353 5343 1581 5398 omnino
1611 5350 1743 5396 sunt
1769 5342 1915 5396 inter
1939 5356 1995 5396 se

420 5441 806 5510 inseparabiiia
845 5458 860 5496 :
898 5440 1162 5512 praedicat
1193 5437 1417 5508 quidem
1453 5434 1706 5506 operatio
1737 5433 1996 5489 substan-

423 5532 553 5585 tiam
588 5533 883 5599 latentem;
923 5533 1174 5588 ccrnitur
1205 5547 1341 5586 vero
1373 5531 1672 5601 conjuncta
1705 5541 1830 5581 cum
1864 5523 1998 5594 ope-

492 5651 537 5682 ⁹⁰
559 5653 721 5706 Prov.
745 5671 784 5717 ι,
812 5653 898 5705 15.
975 5651 1021 5683 ⁹¹
1047 5650 1206 5704 Rom.
1233 5666 1271 5712 ι,
1294 5649 1385 5712 2|,
1409 5647 1497 5700 22.
1574 5644 1663 5699 "i
1694 5643 1835 5696 Tim.
1865 5657 1923 5704 u,
1945 5639 1999 5693 4.

425 5719 467 5748 ⁹⁹
500 5719 635 5775 Gen.
662 5739 718 5785 u,
741 5724 798 5774 2.
869 5722 913 5752 ⁹⁷
941 5721 1122 5774 Eccle.
1150 5737 1188 5782 ι,
1222 5719 1306 5772 10.

2102 5214 2297 5301 adesse
2347 5239 2625 5296 crassities
2673 5233 2957 5305 corporis,
2992 5238 3047 5285 et
3090 5239 3251 5280 mors
3299 5215 3609 5294 cperantis,
3635 5214 3682 5305 et

2102 5336 2339 5394 cessatio
2371 5329 2733 5404 operationis,
2755 5337 2814 5383 et
2837 5323 3091 5381 fortassis
3113 5319 3293 5374 etiam
3325 5313 3588 5370 interitus
3619 5298 3686 5356 rei

2103 5430 2335 5485 edoctae.
2361 5427 2422 5481 ln
2463 5424 2650 5480 divina
2689 5430 2874 5476 autem
2909 5425 3110 5472 natura
3148 5410 3300 5465 nihil
3341 5407 3542 5462 horum
3577 5405 3683 5466 qua?

2108 5520 2257 5574 dicta
2281 5525 2432 5581 sunt,
2456 5513 2750 5586 prohibet;
2784 5508 3016 5579 simplex
3042 5502 3197 5560 enim
3225 5507 3339 5564 est,
3363 5494 3494 5566 quia
3522 5491 3686 5543 incor-

2114 5637 2160 5667 ”
2180 5636 2340 5689 Rom.
2368 5650 2439 5697 iv,
2478 5629 2564 5684 Π.
2617 5628 3004 5690 “PsalJvuI,
3046 5622 3094 5675 i.
3200 5616 3251 5648 ⁸³
3291 5613 3454 5671 Joan.
3514 5619 3564 5670 ς’,
3607 5595 3683 5654 17.

1730 5801 1962 5860 VARUE
2001 5795 2402 5856 LECTION‘ES.

505 5900 524 5925 ⁸
561 5897 777 5968 Semper
806 5912 1066 5973 agentem,
1100 5899 1432 5970 ἀεικίνητον.
