4020 6146
433 376 573 440 1323

1359 375 1643 438 ORATIO
1684 375 1765 434 ll.
1790 397 1856 408 -·
1881 374 1982 433 DE
2021 375 2733 438 INCIRCUMSCRIPTO.

3577 371 3636 398 rm
3653 368 3669 398 π

3577 371 3636 396 rm
3653 368 3669 398 ν

3543 367 3678 431 imus:

435 481 630 537 porca;
666 472 722 520 et
758 481 773 520 :
811 463 967 522 Salus
999 467 1151 521 liabet
1185 467 1646 522 immortalitatem
1669 467 1744 531 9’;
1789 474 1844 520 et
1883 482 2008 535 per-
2044 471 2088 525 Α
2119 467 2320 524 ctionis
2351 478 2561 524 natura:
2609 469 2680 523 ab
2727 462 2949 536 energia
2979 465 3097 521 sive
3150 462 3506 534 operatione?
3533 463 3676 516 Nus-

436 570 614 628 petua:
640 558 881 628 energiae
911 559 1062 628 ejus;
1096 559 1323 629 etquod
1356 559 1614 614 ell‘ectum
1645 567 1751 622 est,
1783 572 2010 611 conser-

436 661 594 705 vatur
632 667 645 703 :
685 649 896 705 idcirco
936 651 992 705 in
1033 652 1295 707 omnibus
1334 651 1502 708 rebus
1539 652 1853 707 necessario
1889 665 2012 704 cer-

435 744 592 796 nitur
631 740 940 795 substantia
983 743 1288 811 operantis.
1321 741 1605 812 Siquidem
1654 741 1711 798 in
1757 740 2013 810 exemplo

434 832 744 902 superiore,
775 833 1042 900 quamdiu
1074 833 1132 888 lit
1157 834 1209 888 id
1240 836 1294 889 in
1323 843 1434 905 quo
1458 843 1714 889 versatur
1739 834 2012 904 operatio,

435 924 627 979 tandiu
672 924 986 980 necessario
1033 925 1192 981 adest
1231 935 1430 981 natura
1471 924 1752 996 operantis
1789 941 1804 977 :
1849 937 2014 978 nemo

435 1031 675 1085 namque
709 1016 914 1070 absens
950 1025 1130 1086 potest
1164 1018 1371 1087 aliquid
1411 1017 1652 1088 operari.
1683 1016 1857 1086 Igitur
1885 1015 2014 1085 quia

435 1121 652 1178 semper
699 1108 882 1162 omnia
925 1109 1071 1163 Deus
1115 1118 1407 1180 cperatur,
1440 1120 1496 1165 et
1535 1108 2012 1164 conservationem

439 1197 686 1251 universi
736 1199 857 1252 sine
910 1200 1220 1255 cessatione
1274 1201 1590 1266 continuat,
1646 1214 1875 1254 necesse
1929 1205 2016 1254 est

437 1289 612 1342 Deum
653 1305 777 1346 esse
818 1291 873 1344 in
918 1292 1207 1356 omnibus,
1235 1301 1292 1348 et
1331 1308 1360 1346 a
1406 1293 1559 1347 nulla
1601 1309 1660 1348 re
1697 1302 2012 1361 separatum

433 1395 555 1435 esse
597 1399 610 1434 :
663 1383 872 1452 alioqui
916 1385 1196 1454 quomodo
1229 1385 1296 1440 de
1343 1387 1476 1450 Deo,
1502 1394 1562 1439 ut
1613 1385 1784 1439 Deum
1831 1383 2010 1449 decet,

435 1471 646 1526 sentire
691 1473 914 1527 liceret?
957 1475 1052 1529 liet
1096 1475 1266 1537 enim,
1299 1484 1359 1528 ut
1397 1476 1570 1528 Deum
1611 1475 1859 1532 dicamus
1892 1490 2014 1530 esse

437 1577 662 1630 corpus,
695 1564 841 1632 quod
877 1573 1182 1620 extremam
1213 1565 1554 1635 impietatem
1589 1574 1815 1634 superat
1849 1583 1860 1617 :
1900 1565 2012 1619 cir-

438 1654 798 1723 cumscriptio
824 1657 971 1711 enim
1005 1658 1228 1727 propria
1257 1666 1343 1712 est
1365 1672 1686 1726 corporum,
1717 1656 1828 1710 i'no
1859 1671 2012 1710 crea-

442 1753 708 1799 turarum.

509 1836 571 1890 ν.
605 1837 658 1892 Si
688 1854 818 1909 ergo
858 1840 1142 1910 proprium
1171 1850 1255 1895 est
1282 1856 1578 1911 corporum
1607 1848 1664 1895 ct
1715 1849 2005 1895 creatura-

437 1941 558 1979 rum
593 1929 983 1983 circumscribi
1010 1946 1024 1995 ;
1055 1930 1366 2000 incorporei
1405 1938 1461 1985 et
1491 1930 1721 1984 increati
1761 1944 1870 1982 non
1899 1929 2008 1982 cir-

435 2018 733 2072 cumscribi
765 2035 778 2072 :
810 2019 906 2088 qui
929 2019 1064 2074 dicit
1086 2036 1212 2075 eum
1251 2020 1346 2090 qui
1375 2031 1572 2075 natura
1601 2028 1685 2074 est
1711 2020 2008 2078 incircum-

435 2106 675 2176 scriptus
693 2125 804 2163 non
829 2124 950 2164 esse
976 2111 1032 2165 in
1063 2112 1245 2180 aliqua
1280 2128 1358 2176 re,
1391 2113 1435 2166 is
1467 2111 2004 2181 incircumscriptum

435 2196 847 2253 circumscribit
873 2217 885 2251 :
913 2201 1124 2254 etenim
1153 2201 1198 2255 si
1241 2201 1310 2254 ab
1350 2216 1460 2255 uno
1494 2201 1633 2266 solo,
1672 2200 1804 2256 licet
1839 2201 2005 2255 mini-

437 2301 548 2349 mo,
577 2283 852 2353 arceatur,
873 2289 1070 2343 modus
1115 2289 1650 2360 circumscriptionis
1696 2291 2006 2361 estzsiqui-

434 2378 559 2432 dem
599 2380 667 2433 ab
715 2380 889 2435 altero
945 2382 1230 2436 terminari
1288 2383 1681 2447 substantiam,
1727 2383 2005 2438 terminati

435 2472 912 2543 circumscriptam
967 2490 1088 2530 esse
1151 2476 1527 2543 demonstrat,
1589 2486 1650 2532 ut
1709 2493 1832 2548 qua:
1893 2493 2006 2533 non

433 2565 611 2632 possit
657 2566 1117 2622 circumscribere
1161 2568 1308 2638 quod
1345 2569 1516 2639 ipsam
1552 2569 1828 2626 terminat.
1861 2571 2008 2638 Quo-

438 2655 603 2708 modo
635 2655 804 2726 igitur
840 2671 1033 2712 verum
1068 2658 1194 2723 erit,
1231 2659 1378 2728 quod
1401 2659 1478 2714 ait
1516 2659 1797 2729 Scriptura
1833 2679 1846 2714 :
1880 2659 2006 2731 Spi-
2048 2721 2056 2728 ,

434 2746 568 2798 ritus
595 2744 804 2800 Domini
846 2748 1062 2818 replevit
1087 2749 1261 2802 orbem
1285 2759 1554 2804 terrarum
1579 2751 1623 2782 ’θ
1645 2751 1668 2804 τ
1692 2749 1826 2806 Cum
1857 2753 2006 2808 enim

409 2836 576 2912 Deus
597 2841 666 2892 sit
689 2839 1208 2906 substantia,omnia
1225 2856 1346 2912 quae
1371 2850 1520 2906 sunt,
1546 2841 1730 2896 divina
1751 2843 2008 2900 substan-

435 2927 507 2981 tia
542 2927 826 2998 implevit;
858 2929 990 2984 etin
1036 2931 1291 2984 omnibus
1317 2938 1401 2985 est
1456 2931 1680 2995 virtute,
1718 2945 1828 2984 non
1867 2933 2005 2986 assio

434 3019 659 3074 milatus
687 3019 818 3074 moli
864 3021 1137 3090 corporis,
1196 3020 1292 3075 sed
1336 3021 1522 3074 divina
1554 3020 1876 3076 universum
1913 3033 2007 3076 co-

2112 575 2276 630 quam
2306 580 2320 616 :
2347 579 2448 633 per
2494 562 2681 617 omnia
2727 561 2876 616 enim
2905 565 3053 614 meat
3091 559 3256 622 Deus,
3295 557 3553 612 universa
3578 557 3677 610 im-

2112 649 2267 718 plens
2294 651 2657 722 amplitudine
2686 658 2924 714 naturae,
2957 656 3014 704 et
3038 647 3325 718 potestatis
3346 661 3459 702 suae
3496 646 3675 700 abun--

2113 739 2320 795 dantia.

2183 833 2296 888 VII.
2323 832 2429 890 Sed
2475 840 2608 888 sunt
2635 833 2884 902 quidam,
2912 831 3008 902 qui
3053 829 3429 885 inﬁrmitatem
3469 841 3677 887 natura:

2111 939 2224 980 sua:
2258 925 2314 979 in
2359 925 2531 980 Deum
2581 923 2938 989 transferunt,
2965 922 3113 979 circa
3143 922 3376 977 maxima
3425 923 3577 993 parci
3623 932 3679 978 et

2113 1014 2376 1070 restricti.
2401 1016 2471 1070 At
2517 1015 2612 1085 qui
2663 1015 2982 1071 existimant
3031 1014 3231 1069 melius
3266 1027 3388 1068 esse
3417 1015 3677 1069 cohibere

2113 1117 2364 1162 naturam
2395 1107 2638 1164 divinam
2678 1122 2708 1161 a
2731 1106 2984 1168 materia,
3007 1121 3170 1174 quam
3208 1105 3468 1160 arbitrari
3501 1102 3681 1176 porri-

2111 1197 2162 1266 gi
2193 1211 2312 1250 eam
2340 1205 2396 1250 et
2440 1194 2696 1266 protendi
2753 1210 2928 1264 usque
2985 1193 3053 1248 ad
3099 1193 3441 1258 universum,
3473 1195 3682 1263 quique

2112 1295 2311 1359 putant
2352 1287 2576 1357 penitus
2613 1286 2766 1342 nefas
2809 1294 2865 1341 et
2895 1286 3125 1356 impium
3153 1301 3298 1346 esse,
3328 1285 3516 1340 subire
3553 1301 3678 1340 cor—

2112 1394 2246 1449 pora
2290 1379 2571 1443 indecora,
2604 1378 2824 1434 sordida
2859 1385 2916 1432 et
2959 1376 3162 1440 fetida,
3211 1376 3296 1430 vel
3337 1375 3547 1430 animas
3581 1377 3681 1430 im-

2111 1471 2250 1543 pias,
2279 1479 2335 1526 et
2371 1471 2476 1524 alia
2519 1469 2768 1539 quaedam
2810 1469 3058 1534 minima,
3121 1468 3428 1538 intelligere
3473 1466 3680 1522 debent

2111 1563 2181 1619 de
2211 1565 2345 1629 Deo,
2373 1578 2494 1618 esse
2528 1571 2781 1618 naturam
2812 1577 2939 1631 qua:
2969 1561 3229 1616 omnibus
3263 1559 3675 1628 antecellit,thi

2112 1654 2361 1724 profecto
2421 1653 2652 1708 humilia
2682 1652 2751 1706 de
2798 1653 2911 1707 Deo
2948 1652 3214 1716 sentiunt,
3235 1660 3292 1706 et
3320 1667 3442 1722 quae
3479 1653 3682 1720 magni-

2114 1748 2304 1803 tudine
2336 1747 2456 1818 ejus
2496 1760 2618 1816 quae
2644 1743 2839 1813 attingi
2870 1757 2980 1797 non
3009 1751 3190 1813 potest
3219 1784 3232 1807 ,
3270 1743 3492 1813 indigna
3529 1751 3678 1797 sunt.

2111 1838 2385 1894 Fortassis
2415 1844 2598 1892 autem
2630 1837 2724 1905 qui
2759 1835 2838 1890 sic
2868 1833 3076 1889 sentire
3099 1835 3154 1888 in
3183 1835 3426 1889 animum
3451 1835 3682 1889 induxe-

2112 1939 2266 1990 runt.
2301 1930 2557 2000 ignorant
2599 1928 2954 1998 Operationes
3003 1927 3124 1998 ejus
3175 1942 3298 1996 qum
3347 1927 3401 1980 in
3451 1929 3678 1982 univer-

2106 2035 2226 2075 sum
2277 2019 2586 2089 pervadunt
2633 2035 2648 2072 :
2704 2017 2854 2072 nulla
2903 2018 3052 2072 enim
3099 2017 3374 2088 particula
3439 2018 3681 2072 materia:

2105 2118 2208 2176 est,
2240 2125 2361 2180 quae
2389 2124 2500 2163 non
2529 2108 2601 2164 sit
2628 2124 2767 2179 opus
2793 2109 2888 2164 Dei
2921 2127 2934 2161 :
2965 2124 3145 2178 neque
3175 2109 3475 2179 quidquam
3508 2110 3682 2164 sordi-

2106 2203 2237 2257 dum
2279 2202 2364 2256 vel
2392 2202 2735 2256 immundum
2771 2200 2925 2256 ducit
2952 2201 3099 2257 Deus
3134 2210 3502 2271 praeterquam
3533 2202 3679 2272 cogi-

2108 2295 2365 2358 tationes,
2387 2293 2674 2349 voluntate
2696 2301 2886 2348 nostra
2918 2293 2973 2347 in
3006 2293 3188 2348 anima
3227 2292 3512 2348 conﬂatas.
3535 2292 3678 2359 Quid

2104 2401 2237 2458 ergo
2269 2401 2336 2454 ex
2377 2368 2639 2442 omnibus
2696 2384 2862 2440 rebus
2903 2384 3242 2456 excogitabit
3277 2385 3501 2455 aliquis,
3530 2385 3677 2455 quod

2105 2494 2216 2532 non
2241 2477 2436 2532 fecerit
2461 2478 2605 2533 Deus
2632 2477 2655 2531 ?
2679 2476 2963 2544 Quodnam
2993 2491 3212 2546 corpus,
3247 2476 3551 2546 quamlibet
3579 2475 3681 2530 im-

2107 2566 2370 2622 mundum
2394 2566 2486 2631 sit,
2501 2581 2610 2620 non
2638 2581 2767 2637 pars
2785 2574 2868 2620 est
2895 2565 3132 2620 materia:
3157 2563 3416 2635 subjecta:
3437 2565 3682 2635 corpori-

2105 2657 2481 2728 bus,ligurata:
2507 2663 2562 2710 et
2589 2656 2832 2711 formatae
2855 2655 3260 2726 azqualitatibus
3284 2672 3406 2726 quae
3433 2655 3482 2710 ei
3510 2655 3676 2711 adve-

2103 2749 2315 2802 niunt?
2344 2747 2554 2801 Debilia
2584 2761 2716 2817 ergo
2751 2747 2871 2812 isti,
2897 2754 2954 2801 et
2983 2762 3103 2816 qum
3129 2745 3487 2801 fundamento
3520 2746 3678 2816 peni-

2106 2844 2195 2892 tus
2223 2845 2414 2892 carent
2434 2879 2447 2901 ,
2481 2838 2728 2909 cogitant
2755 2856 2769 2904 ;
2804 2838 2934 2908 quia
2964 2837 3101 2891 nihil
3131 2846 3513 2892 creaturarum
3549 2853 3679 2890 sua-

2107 2943 2227 2981 rum
2273 2928 2421 2984 Dcus
2471 2929 2670 3000 rejicit,
2708 2943 2810 2984 nec
2845 2923 3148 2999 quidquam
3191 2945 3375 2983 rerum
3426 2919 3678 2998 putidum

2105 3022 2385 3076 existimat
2410 3039 2424 3089 ;
2457 3021 2554 3077 sed
2586 3036 2687 3077 nec
2714 3021 2782 3077 ad
2812 3037 2910 3077 nos
2944 3021 3213 3077 accedens
3238 3031 3480 3076 nostram
3509 3021 3680 3091 parti-

432 3120 755 3180 agmentans
805 3121 861 3166 et
917 3113 1209 3170 continens
1239 3131 1251 3166 :
1289 3111 1429 3167 nihil
1465 3112 1614 3167 enim
1654 3127 1847 3166 eorum
1879 3127 2002 3182 quae
2027 3125 2073 3186 ο
2105 3112 2250 3182 cipat
2279 3112 2604 3182 nequitiam,
2635 3127 2756 3182 qua:
2801 3113 2914 3166 sola
2947 3121 3032 3167 est
3080 3127 3270 3166 revera
3305 3110 3674 3175 immunditia,

434 3211 583 3264 sunt,
620 3217 742 3256 esse
790 3211 991 3272 potest,
1038 3203 1170 3273 quin
1240 3205 1533 3274 participet
1583 3203 1636 3258 id
1687 3203 1835 3274 quod
1871 3211 1999 3260 est:

432 3281 584 3346 solus
632 3300 816 3346 autem
849 3295 994 3349 Deus
1028 3296 1251 3365 proprie
1281 3303 1385 3360 est,
1417 3296 1512 3364 qui
1540 3308 1758 3364 semper
1793 3303 1878 3348 est
1905 3309 2003 3349 eo-

432 3385 556 3438 dem
612 3388 776 3441 modo
821 3396 878 3440 et
935 3395 1353 3456 tenore,neque
1402 3395 1683 3452 mutatur;
1721 3399 1778 3444 et
1800 3387 2002 3457 siquid

433 3477 638 3531 dicitur
690 3493 833 3542 esse,
866 3493 974 3531 non
1018 3478 1295 3548 prmcipue
1342 3493 1464 3532 esse
1504 3479 1730 3544 dicitur,
1757 3479 1854 3534 sed
1881 3496 2002 3534 esse

436 3564 854 3633 participatione
886 3567 1026 3634 ejus,
1053 3567 1147 3635 qui
1179 3566 1402 3635 proprie
1441 3576 1496 3619 et
1526 3567 1765 3636 primum
1797 3575 1883 3622 est
1905 3607 1919 3631 ,
1948 3577 2005 3622 et

434 3652 664 3728 fortasse
724 3655 900 3732 solum
949 3664 1073 3720 est;
1119 3657 1198 3710 ait
1243 3659 1392 3711 enim
1437 3657 1727 3727 Scriptura
1762 3675 1776 3712 :
1811 3655 2002 3730 Diligis

433 3746 634 3810 omnia,
660 3762 777 3816 qua:
809 3756 932 3800 sunt
957 3749 996 3801 '.
1023 3749 1080 3803 Si
1116 3757 1299 3803 autem
1347 3765 1470 3820 quae
1503 3759 1665 3815 sunt,
1697 3751 1823 3806 ideo
1853 3761 2000 3817 sunt,

431 3836 560 3905 quia
591 3836 644 3891 id
672 3838 818 3906 quod
858 3847 940 3894 est
971 3840 1338 3910 participant;
1372 3841 1704 3911 participant
1733 3851 1914 3898 autem
1945 3843 2002 3897 id

430 3925 577 3993 quod
635 3934 738 3990 cst,
788 3927 1000 3982 scilicet
1049 3929 1353 3983 secundum
1412 3931 1792 4002 operationem
1841 3935 2000 4004 ejus;

431 4013 677 4080 operatio
702 4031 834 4069 vero
865 4016 1111 4086 scjuncte
1142 4034 1170 4072 a
1201 4015 1505 4074 substantia
1531 4036 1642 4075 non
1666 4023 1813 4090 exit,
1837 4031 1892 4078 et
1916 4034 2003 4079 est

432 4102 490 4154 in
525 4104 781 4160 omnibus
811 4125 822 4159 :
859 4107 1166 4163 substantia
1197 4109 1365 4179 igitur
1398 4111 1453 4166 in
1488 4113 1745 4168 omnibus
1782 4124 1867 4169 est
1891 4157 1904 4179 ,
1941 4123 2002 4170 ut

431 4195 508 4282 ait
552 4189 867 4266 Propheta:
899 4197 1097 4254 Caelum
1147 4210 1196 4254 et
1252 4211 1453 4258 terram
1494 4220 1585 4274 ego
1625 4205 1837 4276 impleo,
1875 4208 2001 4262 dicit

395 4360 402 4370 1
434 4283 686 4337 Dominus
716 4288 736 4317 ²
765 4302 778 4351 ;
809 4287 1002 4356 implet
1033 4296 1216 4366 autem
1257 4305 1378 4360 quae
1411 4301 1541 4346 sunt
1580 4308 1745 4364 supra
1775 4311 1838 4350 ea
1879 4311 2001 4365 quae

431 4386 558 4430 sunt
586 4395 598 4429 :
629 4387 683 4439 et
709 4378 846 4432 nihil
873 4388 958 4436 est
982 4396 1236 4446 vacuum,
1269 4397 1378 4438 non
1409 4385 1684 4456 particeps
1716 4391 1856 4459 ejus.
1884 4389 1998 4446 Nec

2104 3217 2228 3272 quae
2269 3216 2372 3257 nec
2428 3210 2534 3266 est,
2568 3203 2674 3258 nisi
2707 3218 2832 3258 cum
2886 3202 3067 3273 agitur
3104 3210 3336 3256 tantum.
3373 3201 3509 3268 Quis
3548 3216 3680 3273 ergo

2105 3303 2215 3350 tam
2265 3296 2464 3365 puerili
2515 3312 2702 3358 sensu,
2739 3305 2788 3350 et
2835 3305 2944 3350 tam
2996 3312 3164 3366 parvo
3209 3295 3419 3366 judicio
3461 3304 3578 3362 est,
3621 3305 3680 3350 ut

2103 3396 2333 3457 propter
2363 3387 2658 3458 qualitates
2683 3389 2925 3443 vicissim
2950 3387 3312 3442 advenientes
3333 3394 3388 3440 et
3417 3387 3678 3442 receden-

2105 3489 2206 3543 tes,
2240 3480 2412 3534 Deum
2467 3479 2925 3534 circumscribat:
2960 3479 3125 3548 idque
3170 3494 3238 3532 ne
3282 3477 3543 3548 patiatur,
3581 3481 3673 3550 qui

2105 3569 2213 3638 pati
2253 3583 2360 3623 non
2393 3577 2574 3638 potest
2597 3569 2620 3622 ?

2174 3658 2308 3714 Vlll.
2343 3657 2560 3714 Etenim
2591 3660 2638 3714 si
2694 3661 2773 3714 sol
2813 3659 3018 3729 alioqui
3055 3673 3386 3729 corporeus,
3418 3658 3676 3712 omnibus

2102 3751 2426 3819 corporibus
2462 3767 2558 3820 per
2595 3751 2779 3806 radios
2825 3767 2955 3806 suos
2998 3751 3482 3822 appropinquans,
3510 3751 3677 3804 nullis

2103 3851 2284 3895 tamen
2338 3843 2596 3896 sordibus
2641 3859 2698 3897 se
2727 3843 3000 3914 inquinat,
3028 3859 3210 3912 neque
3243 3844 3472 3898 fetorem
3502 3844 3670 3913 capit,

2101 3931 2355 4001 quamvis
2391 3933 2444 3986 in
2473 3931 2717 3988 inﬁnitas
2758 3949 2845 3988 res
2890 3932 3063 3988 fmdas
3097 3932 3281 3987 radios
3313 3933 3479 4005 jaciat
3510 3951 3524 4000 ;
3563 3934 3674 3987 imo

2103 4039 2233 4078 vero
2260 4035 2483 4088 contra,
2513 4025 2785 4095 ejusmodi
2817 4025 3114 4096 qualitates
3159 4025 3212 4079 in
3251 4025 3448 4079 melius
3481 4035 3673 4095 suapte

2103 4123 2296 4192 natura
2343 4124 2516 4170 mutat
2549 4133 2563 4170 :
2602 4126 2809 4186 quanto
2859 4117 3030 4188 magis
3061 4119 3226 4183 Deus,
3251 4117 3344 4186 qui
3379 4125 3463 4172 est
3505 4133 3672 4186 supra

2106 4193 2300 4273 solem,
2339 4207 2486 4262 bona
2545 4225 2643 4263 sua
2705 4208 3160 4276 communicabit,
3187 4218 3242 4263 et
3289 4209 3406 4279 ipse
3458 4210 3670 4263 nullum

2103 4299 2492 4370 participabit?
2516 4299 2627 4356 Nec
2671 4300 2818 4355 enim
2858 4300 2988 4356 llcct
3014 4302 3095 4355 sol
3130 4311 3414 4371 putrorem
3444 4301 3670 4372 partici—

2102 4398 2298 4460 paret,
2333 4390 2648 4445 necessario
2690 4392 2856 4446 etiam
2900 4393 3046 4447 Deus
3090 4391 3446 4463 participaret
3477 4410 3489 4444 :
3524 4391 3672 4461 quod

429 4467 574 4522 enim
631 4469 944 4526 existimare
1018 4472 1144 4541 quis
1195 4471 1364 4540 debet,
1392 4492 1449 4531 se
1485 4475 1656 4531 Deum
1698 4479 1994 4547 honorare,
2032 4465 2072 4517 ι)
2100 4480 2343 4550 sineque
2366 4481 2445 4535 sol
2476 4481 2790 4552 participat,
2818 4498 2943 4537 cum
2994 4482 3068 4538 sit
3108 4481 3316 4552 alioqui
3353 4482 3629 4552 passibilis
3655 4525 3668 4545 ,

427 4561 583 4627 quasi
641 4562 709 4615 ad
747 4563 920 4618 malos
971 4579 1083 4619 non
1117 4564 1434 4636 descendat,
1471 4580 1567 4625 aut
1594 4571 1662 4626 ad
1703 4573 1858 4638 alios,
1890 4576 1998 4629 alio

428 4651 592 4705 modo
625 4654 915 4720 praesentia
933 4655 1053 4725 ejus
1077 4656 1368 4728 indignos;
1395 4676 1463 4715 ne
1487 4677 1702 4718 summo
1727 4654 1998 4721 dedecore

425 4754 482 4798 et
507 4743 805 4813 ignominia
831 4760 956 4798 eum
991 4744 1210 4810 alliciat,
1247 4747 1494 4806 tribuens
1519 4753 1568 4806 ei
1598 4757 1994 4825 proprietatem

424 4845 740 4901 corporum,
772 4833 824 4887 id
847 4842 951 4898 est,
987 4835 1558 4908 circumscriptionem
1581 4852 1636 4898 et
1675 4846 1992 4914 terminum,

424 4939 688 4992 separans
720 4925 932 4980 scilicet
974 4929 1352 4997 Operationem
1383 4948 1413 4985 a
1455 4935 1762 4992 substantia
1802 4956 1817 4993 :
1849 4944 1996 5010 quod

426 5015 647 5083 quidem
681 5017 735 5070 in
766 5019 877 5072 Deo
899 5020 1126 5090 intelligi
1150 5038 1257 5077 non
1295 5032 1494 5093 potest.

497 5105 584 5161 Vl.
613 5108 750 5163 Ante
776 5111 881 5164 hoc
911 5112 1132 5180 quidem
1165 5129 1290 5167 cum
1330 5116 1604 5184 Propheta
1639 5121 1844 5188 sciret,
1885 5125 1996 5180 aie-

425 5185 518 5252 bat
548 5217 560 5252 :
592 5199 706 5264 Quo
736 5219 767 5254 a
791 5205 982 5272 spiritu
1035 5214 1122 5257 tuo
1171 5206 1253 5259 ibo
1283 5207 1309 5259 .9
1337 5223 1446 5260 non
1490 5209 1648 5272 dixit,
1681 5211 1749 5264 ab
1795 5185 1991 5283 opera-

424 5288 571 5342 tione
601 5297 691 5344 tua
723 5307 734 5342 :
771 5288 836 5344 Et
864 5310 895 5345 a
926 5292 1058 5360 facie
1075 5300 1187 5357 tua,
1223 5311 1325 5364 quo
1350 5295 1549 5365 fugiam
1575 5297 1600 5349 ?
1627 5295 1684 5350 Si
1703 5302 1986 5356 escendero

419 5382 474 5432 in
506 5380 720 5444 coelum,
747 5389 802 5434 tu
831 5381 941 5436 illic
986 5400 1037 5436 es
1057 5424 1070 5446 ,
1100 5400 1208 5438 non
1269 5381 1444 5439 solum
1498 5375 1745 5454 operatio
1763 5389 1866 5442 'tua
1897 5406 1909 5454 ;
1942 5394 1986 5445 si

417 5472 730 5528 descendere
762 5475 831 5528 ad
859 5475 1145 5544 infernum,
1174 5476 1296 5529 ades
1315 5477 1334 5506 ³
1359 5495 1372 5543 ;
1411 5485 1468 5531 ct
1498 5494 1620 5546 quae
1657 5491 1985 5548 sequuntur.

418 5560 523 5619 Ubi
575 5562 741 5634 igitur
782 5563 1067 5634 Scriptura
1095 5567 1554 5636 significationem
1591 5569 1742 5624 dedit
1771 5571 1984 5644 disjun-

491 5735 535 5763 Η
556 5737 746 5795 l-Tim.
771 5760 839 5809 vi,
875 5745 954 5797 l6.

1032 5748 1071 5778 9“
1104 5747 1228 5816 Sep.
1270 5763 1304 5810 ι,
1339 5748 1392 5800 7.
1475 5748 1639 5818 'Sap.
1675 5765 1748 5816 XI,

1944 5753 1962 5782 ’
1997 5755 2195 5808 iurem.
2236 5772 2382 5820 xxul,
2420 5757 2508 5809 ‘25-.

2103 4571 2245 4625 sicut
2286 4573 2495 4642 reliqua
2521 4587 2751 4642 corpora
2784 4589 2798 4627 :
2834 4573 3109 4644 quomodo
3142 4575 3288 4630 Deus
3318 4573 3673 4645 impassibilis

2103 4664 2510 4734 participaverit
2534 4666 2558 4718 ?
2777 4669 2780 4673 ’

2174 4757 2264 4812 IX.
2292 4755 2582 4821 Caeterum,
2621 4761 2750 4830 quia
2793 4763 3174 4831 Operationcm
3207 4763 3359 4816 aiunt
3401 4762 3453 4816 in
3490 4761 3672 4815 omni-

2101 4849 2206 4904 bus
2250 4865 2369 4904 essc
2397 4867 2410 4912 ;
2438 4850 2579 4905 hanc
2625 4852 2773 4906 cnim
2812 4853 3004 4908 volunt
3047 4871 3154 4908 non
3213 4852 3670 4909 circumscribere

2095 4955 2275 5010 neque
2309 4942 2605 4996 terminare
2628 4983 2642 5005 ,
2674 4943 3050 5014 interrogandi
3087 4953 3251 5010 sunt,
3279 4943 3556 5014 quomodo
3601 4942 3670 4996 de

2093 5046 2156 5085 ea
2187 5032 2474 5090 sentiant;
2502 5049 2568 5087 an
2622 5033 2816 5088 dicunt
2871 5035 3204 5105 participare
3250 5050 3370 5088 eam
3419 5042 3671 5088 terrenas

2092 5122 2304 5186 sordes,
2333 5139 2459 5191 cum
2519 5124 2584 5178 ad
2641 5142 2734 5180 eas
2791 5128 3040 5182 accedit?
3069 5145 3137 5181 an
3181 5125 3422 5181 non?Si
3475 5141 3667 5179 verum

2091 5211 2428 5279 fatebuntur,
2484 5216 2835 5284 perspicuum
2885 5227 3008 5281 est,
3038 5217 3152 5272 fieri
3194 5233 3376 5286 posse,
3403 5225 3464 5269 ut
3519 5217 3667 5284 quod

2091 5304 2526 5373 appropinquat,
2555 5321 2662 5359 non
2692 5307 2985 5375 participct
3018 5306 3281 5359 malitiam
3316 5321 3508 5359 eorum
3540 5306 3667 5375 qui-

2095 5395 2198 5448 bus
2249 5397 2691 5465 appropinquat:
2731 5397 2816 5449 sin
2868 5413 3001 5450 vero
3057 5380 3262 5461 dicent,
3314 5397 3665 5467 participare,

2094 5486 2238 5539 idem
2318 5486 2617 5540 absurdum
2688 5487 2908 5540 eveniet
2979 5487 3060 5540 eis
3129 5488 3223 5556 qui
3294 5489 3400 5542 hoc
3452 5487 3665 5553 dicunt,

2094 5579 2242 5647 quod
2289 5587 2349 5633 ut
2394 5578 2668 5647 lugerent,
2700 5578 2870 5632 Deum
2921 5578 3492 5640 circumscribebant:
3529 5595 3664 5635 cou~

2591 5753 2606 5783 ³
2634 5757 2770 5809 Γςιιι.
2817 5773 3072 5823 cxxvvtn,
3109 5757 3160 5817 7.
3189 5759 3238 5813 8.
