4020 6146
367 355 506 422 1335

1496 366 1557 426 S.
1599 363 1998 425 ANASTASII
2035 364 2510 429 ANTIOCIIENI

3479 355 3620 426 1336

369 475 592 528 trahant
656 472 824 544 igitur
885 473 1053 530 etiam
1126 475 1474 545 operatione,
1518 483 1578 530 ut
1627 476 1945 530 universum
1976 477 2021 534 Α
2049 477 2274 530 veritate
2296 476 2338 541 ',
2366 484 2422 531 et
2443 475 2616 530 Deum
2643 475 2814 530 Deum
2844 489 2966 530 esse
2998 473 3260 536 scientes,
3288 467 3624 544 non-deﬂexi

368 561 694 617 dissolvant.
725 562 882 630 Quod
922 563 968 619 si
1007 565 1137 620 dum
1180 565 1286 620 hoc
1319 565 1618 620 absurdum
1668 573 1945 630 metuunt,

370 655 528 724 quasi
555 669 654 709 eos
706 657 994 712 sententia
1024 659 1291 727 paeniteat
1315 700 1329 724 ,
1350 659 1566 712 divinas
1596 658 1948 728 operationes

373 747 514 802 nihil
539 746 662 802 laedi
683 747 890 813 dicant,
929 764 1030 803 cur
1055 765 1166 803 non
1195 749 1337 805 idem
1367 750 1437 804 de
1473 751 1779 805 substantia
1807 749 1949 805 aiiir-

374 839 570 893 mant?
608 838 664 895 Si
693 848 878 896 autem
908 842 1289 912 operationem
1339 843 1466 898 ideo
1496 843 1689 898 dieunt
1718 843 1950 898 liberam

373 945 496 985 esse
538 947 569 986 a
609 933 1054 1004 participatione,
1090 937 1238 1006 quod
1295 938 1368 992 sit
1416 937 1649 994 facultas
1699 936 1951 1007 quaedam

376 1021 750 1093 incorporea;
797 1026 926 1082 inde
968 1028 1099 1082 licet
1141 1044 1399 1100 arguere,
1429 1029 1616 1084 dicere
1661 1043 1778 1091 eos,
1815 1028 1950 1084 sub-

374 1111 634 1170 stantiam
668 1118 765 1173 Dei
798 1133 909 1174 non
937 1135 1058 1174 esse
1089 1120 1490 1190 incorpoream,
1520 1131 1577 1176 et
1602 1121 1707 1176 hac
1735 1120 1950 1176 ratione

376 1221 499 1260 eam
533 1208 992 1267 circumscribere
1017 1253 1032 1277 ,
1068 1213 1225 1282 quasi
1264 1223 1516 1268 naturam
1557 1213 1822 1284 corporis.
1855 1214 1953 1268 Est

377 1307 564 1361 autem
587 1301 747 1372 plane
775 1304 1063 1360 manifesta
1087 1306 1326 1360 amentia
1355 1307 1436 1360 sic
1459 1308 1664 1362 sentire
1683 1315 1740 1362 et
1760 1306 1913 1377 loqui
1937 1324 1950 1360 :

380 1391 657 1462 siquidem
695 1391 930 1465 Spiritus
976 1403 1054 1450 est
1104 1396 1243 1451 Deus
1270 1397 1330 1462 ⁸;
1361 1397 1725 1468 quamobrem
1786 1397 1955 1467 spiri-

379 1485 565 1542 taliter
589 1502 718 1542 eum
759 1487 1134 1558 gloriﬁcemus
1159 1490 1307 1544 omni
1335 1505 1599 1560 corporea
1626 1489 1958 1562 cogitatione

380 1577 698 1650 longissime
755 1583 998 1652 repulsa,
1059 1583 1353 1638 adorantes
1419 1599 1544 1638 eum
1583 1585 1639 1638 in
1693 1585 1884 1654 spiritu
1911 1591 1960 1637 et

452 1717 473 1747 ⁸
493 1715 653 1771 Joan.
687 1732 760 1782 tv,
786 1717 878 1771 24.
954 1717 975 1749 ⁸
1004 1693 1146 1772 ibid.

2050 583 2080 623 a
2114 567 2200 622 via
2254 576 2400 623 recta
2456 582 2622 638 quam
2675 567 2732 621 in
2777 565 3126 637 dogmatibus
3157 562 3432 618 triverunt
3454 561 3626 631 pedes

2049 661 2275 716 Patrum
2304 669 2620 715 nostrorum
2653 666 3070 714 mansuetorum
3101 666 3157 712 et
3179 653 3498 719 humilium,
3530 654 3626 722 qui

2053 760 2204 808 recte
2261 761 2568 808 tractarunt
2618 753 2850 808 verbum
2905 751 3192 816 veritatis,
3261 763 3429 818 super
3486 761 3628 817 quos

2054 847 2270 917 aspexit
2293 847 2562 902 Dominus
2591 853 2817 916 propter
2840 853 3055 900 rectum
3090 857 3187 897 cor
3216 856 3408 895 eorum
3440 855 3454 892 τ
3487 853 3630 908 quos

2056 944 2160 1014 ipsi
2193 941 2449 1007 insecuti,
2477 940 2810 996 sententiam
2847 947 3043 1010 puram
3074 943 3129 992 et
3174 933 3420 1003 undique
3468 931 3630 986 lima-

2055 1044 2168 1091 tam
2251 1033 2630 1105 exposuimus,
2686 1032 2828 1088 nihil
2875 1029 3162 1102 proprium
3219 1034 3628 1097 expromentes,

2058 1127 2154 1184 sed
2199 1126 2387 1197 potius
2433 1133 2770 1181 sanctorum
2794 1123 2966 1178 verba
2999 1129 3260 1190 tanquam
3284 1118 3451 1173 liores
3480 1117 3633 1173 colli«

2051 1225 2265 1291 gentes,
2323 1215 2440 1269 haac
2488 1229 2640 1269 nunc
2677 1223 2960 1282 .tanquam
3010 1211 3166 1266 favos
3213 1207 3471 1263 tinximus
3498 1247 3513 1272 ,
3545 1205 3632 1262 usi

2052 1307 2325 1380 adjutrice
2347 1306 2436 1360 vel
2464 1305 2650 1375 potius
2677 1317 2845 1358 causa
2868 1309 2925 1356 et
2941 1301 3216 1372 principio
3240 1297 3488 1368 sapiente
3508 1309 3630 1365 ape,

2054 1403 2217 1472 cujus
2260 1399 2482 1454 labores
2531 1409 2690 1468 reges
2721 1402 2780 1451 et
2811 1393 3017 1466 privati
3044 1392 3112 1449 ad
3143 1392 3436 1449 sanitatem
3479 1388 3638 1444 adhi-

2054 1495 2209 1550 bent.

401 1885 3623 1914 mw

1959 2030 2077 2090 III.

1018 2174 1125 2233 DE
1169 2173 1452 2234 DIVINA
1489 2167 1987 2241 OECONOMIA,
2025 2165 2105 2230 ID
2151 2165 2288 2226 ES'I‘
2335 2159 2969 2227 INCARNATIONE.

454 2434 500 2494 l.
529 2435 760 2509 Oportet
812 2437 1122 2509 sapientem
1173 2438 1473 2495 Salvatoris
1524 2441 1698 2496 nostri
1734 2458 1957 2499 oecono-
1991 2452 2035 2508 Β
2057 2444 2273 2516 jussum
2305 2447 2321 2480 ι
2363 2450 2520 2508 erat;
2555 2439 2789 2516 alterum
2828 2428 2980 2494 enim
3009 2437 3128 2492 sine
3171 2436 3346 2492 altero
3383 2443 3646 2493 nouerat

382 2529 548 2584 miam
596 2545 698 2600 pro
731 2531 1003 2585 tenuitate
1032 2539 1234 2586 nostrae
1281 2531 1661 2601 intelligentiae
1707 2533 1955 2601 laudare,

383 2633 496 2674 non
536 2635 637 2689 pro
692 2617 962 2690 digni-tate
1009 2619 1409 2690 magnitudinis
1457 2621 1645 2677 Verbi.
1675 2622 1795 2677 Non
1855 2624 1959 2679 hoc

381 2710 687 2781 polliceor;
721 2728 1067 2782 nequaquam
1096 2731 1109 2767 :
1141 2729 1252 2768 non
1316 2714 1464 2768 enim
1497 2717 1959 2784 potest'humana

382 2817 562 2870 mens,
590 2805 843 2873 quamvis
881 2805 1272 2878 purgatissima
1311 2806 1421 2874 sit,
1457 2816 1660 2862 tantam
1696 2810 1959 2880 amplitu-

391 2896 571 2950 dinem
622 2898 934 2966 complecti,
975 2898 1072 2954 sed
1104 2907 1166 2953 ut
1213 2898 1446 2954 inﬁrmae
1495 2908 1552 2954 et
1593 2917 1775 2970 parvae
1815 2901 1961 2957 vires

385 2997 589 3042 nostrae
637 2987 861 3054 ferunt,
893 2989 962 3045 de
988 2990 1092 3045 hac
1119 3005 1179 3044 re
1203 2989 1558 3046 disseremus.
1587 2991 1959 3059 Quamobrem

387 3076 457 3132 ab
499 3077 566 3133 iis
602 3078 696 3148 qui
740 3078 809 3134 ad
861 3078 1156 3149 legendum
1200 3081 1558 3144 accesserint,
1591 3082 1853 3150 petimus,
1893 3097 1962 3136 ne

387 3179 512 3220 cum
544 3181 708 3221 sensu
744 3167 938 3222 humili
969 3183 1161 3223 eorum
1192 3184 1314 3238 qua:
1347 3183 1378 3222 a
1432 3168 1596 3224 nobis
1619 3167 1960 3233 scribuntur,

387 3258 553 3314 simul
598 3258 754 3314 humi
810 3269 1042 3330 repant,
1072 3261 1170 3316 sed
1201 3259 1387 3331 potius
1420 3276 1547 3316 cum
1599 3261 1964 3331 amplitudine

387 3364 574 3404 rerum
624 3348 680 3402 in
731 3350 906 3404 altum
954 3350 1256 3406 tollantur:
1296 3349 1400 3406 etsi
1446 3351 1596 3406 enim
1638 3351 1819 3406 oratio
1855 3367 1964 3406 una

333 3449 336 3451 ’
387 3455 513 3495 cum
562 3441 936 3497 instrumento
984 3457 1086 3498 suo
1140 3441 1360 3496 infirma
1401 3449 1508 3508 est,
1545 3452 1732 3498 manet
1780 3453 1965 3499 tamen

388 3534 617 3588 materia
643 3533 963 3589 detrimenti
993 3549 1230 3604 expers:
1267 3547 1389 3604 quae
1423 3534 1531 3589 hoc
1580 3535 1702 3605 ipso
1739 3534 1964 3606 grandi-

389 3634 558 3681 tatem
600 3625 981 3691 demonstrat,
1027 3625 1175 3696 quod
1211 3641 1432 3680 omnem
1457 3642 1768 3682 sermonem
1799 3641 1967 3697 supe-

389 3725 519 3773 rat:
555 3733 666 3772 nun
726 3718 875 3773 enim
934 3706 1184 3774 universi
1226 3717 1473 3783 fabrica,
1524 3717 1726 3774 coelum
1784 3718 1967 3774 Verbo

390 3809 703 3866 confectum
754 3818 811 3865 et
846 3809 1129 3865 sideribus
1174 3816 1428 3865 ornatum
1456 3848 1470 3874 ,
1502 3817 1560 3864 et
1610 3819 1757 3865 terra
1800 3824 1969 3880 super

390 3902 628 3956 nihilum
660 3901 909 3969 fundata,
943 3911 1000 3957 et
1042 3899 1193 3957 omni
1223 3917 1425 3972 genere
1451 3901 1709 3956 arborum
1740 3900 1969 3971 pulchre

391 3993 628 4058 consita,
681 3993 945 4062 omnique
1020 3992 1211 4064 generi
1271 3989 1637 4046 animantium
1710 3990 1970 4045 alimenta
2025 3980 2031 3991 ’

393 4085 594 4140 idonea
661 4083 1022 4155 suppeditans
1048 4101 1063 4150 ;
1095 4099 1247 4138 mare
1306 4083 1565 4143 liberum,
1593 4090 1650 4137 et
1677 4081 1815 4136 lines
1840 4095 1971 4135 suos

392 4193 502 4234 non
545 4177 872 4248 egrediens;
911 4193 1006 4232 aer
1035 4175 1212 4239 fusus,
1247 4185 1302 4230 et
1331 4191 1361 4228 a
1402 4175 1555 4229 nullo
1597 4189 1696 4244 per
1723 4174 1834 4227 vim
1874 4187 1971 4227 oc-

393 4278 647 4341 cupatus,
690 4269 789 4325 sed
837 4268 1095 4339 aequalibi
1149 4266 1572 4338 participatione
1605 4263 1970 4335 aspirantium

393 4359 719 4426 honoratus,
749 4368 806 4414 et
831 4367 1040 4415 caetera:
1069 4366 1253 4428 partes
1288 4355 1478 4410 mundi
1503 4354 1692 4419 creati,
1719 4354 1792 4409 ita
1820 4363 1974 4424 pote-

395 4462 592 4508 statem
644 4452 792 4507 illam
831 4467 953 4522 quae
997 4465 1162 4520 supra
1207 4449 1392 4503 omnia
1427 4455 1511 4502 est
1565 4447 1970 4510 demonstrant,

396 4555 666 4614 quantum
723 4544 1101 4604 demonstrat.
1137 4542 1385 4611 potuisse
1425 4541 1670 4595 divinam
1721 4547 1972 4594 naturam

395 4653 521 4691 cum
552 4645 742 4691 nostra
770 4636 1012 4699 misceri,
1041 4642 1099 4689 et
1121 4633 1364 4704 copulari
1391 4634 1510 4688 sine
1536 4633 1644 4686 ulla
1670 4632 1974 4686 mutatione

397 4741 524 4781 cum
565 4740 798 4796 corpore
850 4726 1032 4780 anima
1068 4724 1325 4778 rationali
1357 4723 1607 4795 praadito.
1636 4723 1712 4777 Ac.
1750 4736 1973 4777 causam

397 4818 620 4888 quidem
662 4817 826 4886 hujus
851 4816 988 4870 tanti
1017 4815 1318 4870 descensus
1346 4814 1644 4885 perfectam
1678 4814 1794 4884 ipse
1825 4815 1975 4869 solus

396 4911 576 4974 novit,
611 4917 669 4964 et
705 4907 743 4961 ii
789 4906 996 4977 quibus
1048 4905 1334 4978 patefecit,
1383 4913 1440 4960 et
1498 4906 1603 4966 hac
1658 4904 1971 4976 cognitione

396 5004 548 5074 digni
580 5002 826 5057 fuerunt.

464 5079 548 5152 ll.
571 5095 847 5163 Quantum
883 5101 1066 5147 autem
1114 5106 1216 5146 nos
1247 5089 1484 5143 assecuti
1531 5104 1720 5144 sumus
1750 5089 1971 5145 illorum

397 5189 621 5262 scriptis
644 5187 873 5250 eruditi,
901 5200 1066 5241 causa
1096 5182 1222 5245 fuit,
1251 5189 1311 5236 ut
1342 5183 1526 5247 homo,
1561 5183 1653 5252 qui
1676 5183 1819 5238 male
1844 5197 1973 5254 per-

399 5284 560 5348 ierat,
589 5283 773 5337 salvus
802 5280 976 5344 ﬁeret,
1011 5277 1103 5348 qui
1141 5291 1304 5330 manu
1334 5275 1428 5329 Dei
1462 5275 1728 5332 formatus
1754 5286 1807 5332 et
1841 5277 1976 5331 ima-

395 5378 520 5447 gine
574 5376 900 5438 honoratus,
932 5371 1164 5443 provide
1219 5369 1274 5424 in
1314 5369 1563 5439 paradiso
1612 5385 1641 5423 a
1675 5370 1974 5426 Conditore

397 5469 610 5540 positus
637 5469 760 5530 fuit,
795 5475 851 5520 ut
881 5470 1291 5537 operaretur,et
1323 5459 1604 5514 custodiret
1631 5465 1808 5528 eum“,
1831 5463 1976 5518 sicut

2013 4966 2051 5016 ll

2062 2536 2196 2591 utile
2223 2554 2238 2592 :
2272 2535 2369 2590 sed
2396 2550 2507 2589 non
2534 2530 2836 2589 custodivit
2859 2544 3077 2600 semper
3109 2527 3255 2598 quod
3285 2526 3337 2582 ei
3375 2527 3642 2582 commis-

2061 2643 2182 2684 sum
2221 2635 2362 2694 erat,
2398 2642 2512 2697 per
2546 2623 2859 2696 segnitiem,
2886 2629 2941 2676 et
2997 2635 3290 2691 aggressus
3327 2628 3412 2674 est
3447 2619 3645 2680 vetita,

2061 2721 2189 2777 dolo
2227 2718 2513 2790 cujusdam
2558 2715 2768 2772 fallacis
2805 2713 3108 2785 voluptatis
3161 2712 3442 2768 inductus.
3497 2711 3647 2768 Hinc

2063 2813 2142 2868 illi
2178 2811 2361 2867 omnis
2387 2809 2548 2866 labor
2583 2816 2747 2863 natus
2777 2815 2880 2872 est,
2920 2813 2976 2860 et
3006 2805 3276 2859 malorum
3304 2801 3642 2869 inundatio;

2063 2918 2186 2974 quae
2232 2917 2359 2958 cum
2428 2899 2667 2956 resecari
2719 2897 2924 2968 alioqui
2985 2911 3126 2966 opus
3180 2894 3412 2959 fuisset,
3465 2892 3647 2963 magis

2065 3003 2248 3051 tamen
2301 3002 2464 3049 aucta
2511 2998 2663 3048 sunt.
2715 2990 2810 3046 Sic
2849 2989 2998 3046 enim
3042 2989 3111 3044 iis
3153 2985 3652 3066 evenire'solitum

2063 3095 2171 3153 est,
2201 3087 2298 3158 qui
2327 3087 2481 3142 nullo
2509 3085 2707 3141 ordine
2740 3092 2959 3138 servato
2983 3089 3253 3153 aegrotant
3271 3122 3285 3147 ,
3307 3080 3388 3134 sic
3418 3089 3476 3134 et
3498 3093 3649 3148 pra:—

2063 3177 2240 3248 ceptis
2288 3177 2633 3234 medicorum
2688 3190 2802 3230 non
2862 3174 3007 3228 sicut
3060 3169 3304 3237 debent,
3360 3177 3645 3223 utuntur:

2063 3266 2129 3324 In
2160 3267 2482 3338 profundum
2512 3267 2679 3336 igitur
2707 3262 2974 3343 malorum
2999 3278 3120 3317 cunt
3151 3259 3434 3316 deuenisset
3458 3299 3472 3323 ,
3503 3255 3658 3311 sicut

2065 3357 2142 3412 ait
2169 3357 2398 3428 Sapiens
2433 3357 2490 3412 in
2524 3355 2858 3420 Proverbiis,
2890 3353 3203 3424 contempsit
3233 3351 3278 3405 ".
3321 3346 3480 3404 Unde
3515 3345 3656 3416 quia

2067 3443 2135 3503 ex
2169 3456 2322 3502 tanta
2344 3447 2674 3503 excellentia
2707 3453 2764 3500 et
2799 3443 3094 3499 altitudine
3127 3441 3315 3511 lapsus
3343 3446 3464 3492 erat
3488 3477 3504 3503 ,
3533 3449 3658 3490 non

2067 3539 2408 3610 congruebat
2451 3538 2685 3594 bonitati
2717 3535 2955 3592 naturali
3001 3534 3122 3596 Dei,
3149 3532 3242 3588 hic
3267 3532 3482 3601 lapsum
3525 3527 3659 3582 sine

2069 3629 2344 3686 medicina
2369 3670 2384 3695 ,
2414 3638 2470 3684 et
2498 3636 2654 3684 extra
2679 3627 2899 3683 felicem
2938 3632 3143 3680 statum
3171 3623 3227 3677 in
3255 3635 3366 3692 quo
3389 3618 3660 3674 conditus

2069 3723 2271 3788 fuerat,
2302 3722 2614 3793 neglectum
2664 3719 2979 3792 praeterire;
3020 3717 3116 3788 qui
3160 3715 3308 3771 enim
3349 3709 3662 3782 aliquando

2073 3815 2129 3870 in
2165 3830 2432 3886 purpura,
2464 3825 2526 3870 ut
2553 3814 2630 3869 ait
2653 3812 2945 3883 Propheta,
2974 3809 3128 3865 Altus
3152 3815 3199 3862 et
3220 3806 3470 3860 educatus
3495 3811 3614 3857 erat
3641 3842 3663 3872 ,

2070 3905 2286 3959 indutus
2315 3913 2390 3957 est
2414 3911 2640 3957 stercore
2670 3903 2713 3956 ⁸.

2142 3993 2234 4050 Ill.
2267 3993 2479 4049 Idcirco
2508 3991 2785 4063 sapienter
2814 3989 2984 4048 Verbi
3032 3989 3132 4044 Dei
3179 3987 3501 4044 oeconomiae
3548 3999 3661 4064 ne-

2071 4089 2284 4161 gotium
2334 4085 2578 4156 suscepit
2609 4100 2840 4156 magnus
2871 4083 2962 4138 ille
2989 4097 3087 4138 rex
3111 4123 3127 4148 ,
3153 4087 3210 4135 et
3246 4094 3373 4135 vere
3402 4076 3662 4149 pmclari

2072 4181 2311 4254 generis,
2344 4194 2410 4233 ac
2468 4191 2599 4232 vere
2653 4175 2882 4240 liberex
2940 4173 3201 4232 omnibus
3253 4171 3348 4241 qui
3401 4176 3534 4224 sunt
3583 4168 3662 4222 ab

2074 4274 2291 4329 oriente
2343 4271 2522 4326 solis:
2554 4283 2818 4340 egressus
2859 4267 3010 4323 enim
3040 4281 3070 4321 e
3112 4279 3210 4332 sua
3249 4262 3471 4318 civitate
3522 4274 3663 4329 pro-

2073 4377 2198 4440 pter
2215 4381 2342 4422 eutu
2367 4368 2460 4436 qui
2492 4364 2620 4419 inde
2645 4363 3014 4424 exsulaverat,
3034 4360 3177 4416 sedit
3205 4372 3371 4427 super
3399 4363 3663 4410 nostrum

2075 4467 2294 4515 stercus
2318 4458 2372 4512 in
2404 4473 2515 4529 quo
2538 4447 2887 4521 sedebamus,
2919 4453 3071 4508 exuti
3096 4449 3448 4522 splendidum
3478 4446 3660 4501 vesti-

2078 4561 2194 4608 tum
2246 4568 2357 4622 quo
2400 4565 2623 4607 eramus
2662 4556 2790 4602 ante
2834 4545 3327 4616 transgressionem
3368 4539 3576 4601 induti,
3601 4545 3662 4592 et

2076 4645 2184 4700 hoc
2227 4643 2405 4700 fetore
2455 4641 2643 4698 amicti
2673 4659 2687 4693 :
2723 4647 2780 4694 et
2805 4639 3068 4712 quoniam
3093 4652 3161 4692 ex
3193 4631 3439 4690 stercore
3485 4629 3661 4686 fetido

2079 4737 2266 4792 ulcera
2295 4744 2353 4790 et
2380 4734 2611 4788 vulnera
2648 4743 3063 4801 acceperamus,
3097 4742 3219 4796 quae
3247 4733 3417 4780 totam
3446 4729 3660 4776 natura:

2077 4836 2280 4884 nostra:
2305 4827 2566 4881 fabricam
2591 4822 3042 4892 corrumpebant,
3072 4817 3287 4887 accepit
3325 4822 3524 4870 testam
3546 4853 3560 4876 ,
3596 4820 3660 4864 ut

2077 4923 2313 4980 multum
2353 4928 2638 4990 putrorem
2667 4915 3025 4978 corraderet;
3055 4925 3295 4983 purgare
3318 4907 3466 4962 enim
3500 4903 3658 4960 vole-

2082 5013 2176 5068 bat
2197 5012 2420 5075 vuinus,
2457 5019 2513 5064 et
2534 5010 2739 5063 lavare.
2769 5005 2878 5062 Sed
2911 5020 3032 5075 quae
3055 5003 3161 5058 ista
3194 5009 3330 5056 testa
3356 4997 3489 5054 est?
3528 5010 3656 5050 θοι·-

2080 5120 2184 5175 pus
2231 5103 2448 5158 scilicet
2495 5108 2820 5163 terrenum,
2883 5111 2996 5167 quo
3047 5099 3335 5164 peccatum
3402 5094 3655 5143 nostrum

2080 5194 2442 5250 emundavit:
2478 5192 2660 5263 Agnus
2698 5189 2796 5244 Dei
2827 5187 3025 5253 factus,
3059 5185 3151 5256 qui
3193 5182 3331 5236 tollit
3383 5184 3657 5251 peccatum

2082 5287 2322 5342 mundi“.
2362 5284 2477 5339 Hoc
2515 5282 2674 5338 nobis
2718 5289 2803 5337 est
2849 5282 3106 5350 Magnum
3140 5275 3467 5346 mysterium,
3499 5283 3656 5324 asa:-

2079 5377 2210 5432 culis
2239 5389 2287 5431 ct
2319 5394 2351 5430 α
2404 5373 2830 5447 generationibus
2855 5371 2911 5424 in
2937 5368 3067 5434 Deo,
3101 5368 3189 5438 qui
3221 5366 3398 5419 omnia
3436 5359 3655 5421 creavit,

2084 5469 2444 5524 absconditum
2465 5466 2553 5531 ¹⁰;
2593 5462 2740 5532 quod
2793 5463 3032 5517 Joannes
3092 5455 3379 5527 tbcologias
3449 5450 3656 5508 tonitru

469 5612 489 5642 ⁸
520 5611 657 5667 Gen.
693 5625 763 5675 ιι,
795 5610 881 5664 l5.
955 5609 972 5640 "
1007 5609 1169 5662 Prov.
1204 5622 1358 5670 xvnt,
1389 5606 1443 5659 5.
1521 5605 1543 5635 ⁸
1578 5605 1784 5659 Thren.
1819 5621 1891 5669 tv,
1918 5605 1964 5660 5.

2087 5606 2243 5661 Joan.
2279 5621 2330 5671 ι,
2361 5605 2454 5660 29.
2533 5603 2574 5634 ¹⁰
2607 5601 2811 5672 Ephes.
2842 5615 2925 5665 ιιι,
2958 5599 3022 5665 9;
3053 5595 3322 5661 Coloss.t,
3352 5591 3442 5648 26.

1666 5720 1754 5776 VA
1769 5719 1903 5775 3le
1948 5719 2353 5778 LECTIONES.

490 5815 510 5852 ι
535 5812 768 5867 Jussum.
806 5815 909 5870 Au.
935 5815 1196 5887 justum?
1233 5814 1339 5870 Sed
1382 5813 1590 5882 ἀπέχω.
