4020 6146
315 365 451 431 1337

1294 364 1577 438 ORATIO
1616 363 1734 426 III.
1761 387 1833 401 -··
1860 361 1961 424 DE
1997 363 2595 428 INCARNATIONE.

3439 352 3577 419 1338

312 478 669 551 pnedicavit,
710 491 837 532 cum
876 490 1044 546 supra
1085 490 1310 540 sensum
1348 483 1407 531 et
1467 490 1637 546 supra
1665 489 1730 530 ea
1769 487 1891 543 quae
1921 477 1966 534 Α
1993 489 2060 528 ex
2086 476 2174 529 his
2197 476 2346 530 enim
2367 476 2582 532 exstitit
2602 489 2806 545 corpus
2829 482 3135 534 terrenum,
3159 467 3308 540 quod
3341 467 3575 536 tempori

313 573 419 628 sub
451 587 674 643 sensum
699 570 928 634 cadunt,
955 569 1205 624 elevatus
1235 585 1248 622 :
1275 567 1342 622 In
1375 568 1656 638 principio,
1692 564 1894 635 inquit,

314 674 433 718 erat
487 662 734 723 Verbum,
769 669 817 714 et
849 658 1075 715 Verbum
1116 668 1232 714 erat
1277 657 1653 738 apudlﬂeum,
1681 665 1732 711 et
1761 656 1899 710 Deus

313 764 432 812 erat
470 753 714 809 Verbum.
747 752 1061 823 Omnia'per
1084 753 1258 823 ipsum
1294 751 1439 822 facta
1466 757 1590 804 sunt
1613 750 1679 802 “.

385 888 476 946 IV.
510 888 699 959 Ipsum
725 887 898 958 igitur
920 887 1247 957 magistrum
1272 893 1329 941 et
1349 884 1546 940 ducem
1577 891 1898 953 sequentes,

311 982 564 1055 ejusdem
597 979 836 1036 vocibus
865 979 1070 1035 divinis
1117 987 1340 1035 utamur
1378 977 1592 1032 aicntes
1625 994 1637 1030 :
1675 975 1899 1030 Verbum

315 1093 440 1131 caro
487 1076 685 1146 factum
723 1081 818 1139 est,
849 1081 900 1127 et
953 1073 1210 1128 habitavit
1247 1073 1302 1126 in
1334 1071 1481 1126 nobis
1509 1072 1572 1125 ".
1600 1070 1899 1138 Postquam

315 1170 466 1225 enim
502 1167 730 1222 nimiam
761 1167 883 1238 ejus
925 1181 1056 1236 erga
1084 1179 1188 1220 nos
1221 1163 1667 1219 misericordiam
1707 1170 1900 1216 osten-

315 1259 421 1325 dit,
460 1259 614 1314 illum
649 1258 832 1328 ipsum
854 1255 994 1312 dixit
1020 1255 1224 1311 factum
1255 1269 1379 1310 esse
1407 1254 1718 1309 hominem.
1754 1251 1903 1318 Quo-

318 1350 482 1405 modo
534 1358 720 1405 autem
775 1348 897 1404 fleri
941 1347 1240 1417 potuisset,
1285 1354 1348 1401 ut
1397 1347 1652 1416 quierat
1693 1342 1901 1414 alioqui

317 1441 698 1506 immutabilis,
730 1440 890 1496 ﬁeret
939 1437 1088 1510 quod
1147 1453 1261 1494 non
1310 1446 1430 1493 erat
1464 1455 1478 1503 ;
1510 1437 1737 1502 docuit,
1776 1451 1901 1491 cum

311 1534 457 1589 dixit
482 1552 495 1588 :
521 1534 592 1589 Et
621 1534 874 1590 habitavit
897 1533 955 1586 in
983 1531 1162 1586 nobis:
1191 1531 1339 1602 quod
1371 1530 1602 1601 perinde
1630 1537 1734 1592 est,
1773 1543 1837 1583 ac
1856 1528 1902 1583 si

319 1627 549 1693 diceret,
575 1626 721 1684 Usus
746 1635 832 1681 est
865 1641 1030 1681 carne
1061 1641 1163 1696 pro
1185 1623 1544 1679 tabernaculo
1570 1640 1585 1689 ;
1610 1621 1905 1692 Oportebat

319 1721 492 1785 enim,
533 1727 592 1791 ut
622 1718 717 1790 qui
754 1731 880 1784 vere
904 1727 960 1773 et
990 1728 1186 1772 natura
1213 1731 1306 1771 rex
1332 1725 1521 1770 noster
1543 1721 1684 1778 erat,
1710 1729 1813 1768 nos
1834 1712 1903 1767 ab

319 1811 504 1866 alieno
527 1819 584 1866 et
610 1809 926 1864 adulterino
960 1808 1200 1878 quodam
1225 1807 1451 1862 domino
1477 1819 1772 1876 oppressos
1805 1803 1900 1874 qui
1932 1829 1975 1884 Β

322 1919 552 1974 regnum
587 1911 871 1973 rapuerat,
899 1901 1046 1974 quod
1079 1899 1146 1953 ad
1183 1913 1312 1954 eum
1344 1899 1497 1952 nulla
1528 1896 1744 1951 ratione
1769 1912 1900 1966 per-

322 1996 550 2060 tinebat,
569 2011 681 2050 non
708 1993 1047 2063 relinqueret
1077 1991 1342 2061 captivos,
1371 1990 1520 2044 nulla
1541 1988 1714 2046 nostri
1748 1987 1905 2043 habi-

325 2096 377 2144 ta
404 2087 618 2142 ratione
669 2094 726 2144 et
787 2100 921 2141 cura
949 2083 1129 2153 :_quin
1176 2083 1365 2152 potius
1410 2081 1649 2152 insignia
1698 2089 1904 2136 nostrae

322 2178 608 2239 servitutis
665 2176 945 2241 indueret,
978 2185 1034 2231 et
1083 2175 1153 2231 ad
1212 2191 1314 2230 nos
1367 2165 1606 2240 veniret,
1633 2183 1716 2240 ut,
1743 2190 1903 2230 muro

323 2271 554 2344 disjecto
597 2279 654 2326 et
710 2269 917 2334 diruto,
950 2268 1115 2322 nobis
1174 2266 1416 2337 praeiret,
1447 2274 1502 2320 et
1535 2280 1720 2320 secum
1753 2267 1902 2336 ejus-

324 2363 450 2418 dem
511 2370 726 2416 natum
760 2351 1019 2416 homines
1065 2357 1560 2416 extraheretzimo
1615 2357 1905 2411 servitutis

325 2469 521 2509 eorum
544 2453 875 2523 quibuscum
899 2459 1103 2504 natura
1131 2449 1238 2505 sibi
1260 2446 1571 2502 communis
1598 2453 1766 2512 esset,
1785 2446 1906 2500 vin-

329 2544 452 2601 cula
480 2543 586 2599 sibi
617 2551 810 2613 sponte
836 2541 1108 2613 injiceret.

400 2683 464 2740 V.
499 2681 582 2738 0b
623 2681 768 2737 hanc
807 2695 1032 2736 causam
1059 2679 1214 2742 venit
1239 2678 1307 2734 ad
1335 2693 1436 2733 nos
1464 2677 1560 2747 qui
1589 2677 1750 2746 longe
1777 2688 1906 2730 era-

326 2790 475 2840 mus,
503 2782 560 2829 et
585 2772 748 2828 nobis
774 2771 831 2826 in
867 2771 1171 2842 longinquo
1197 2769 1396 2840 positis
1421 2765 1904 2838 appropinquavit,

323 2881 443 2922 non
489 2866 613 2920 loco
639 2881 654 2930 ;
686 2878 791 2918 nec
819 2863 971 2917 enim
1017 2863 1162 2916 facta
1193 2868 1280 2930 est
1318 2859 1428 2914 loci
1460 2856 1692 2913 mutatio
1721 2872 1734 2908 :
1771 2869 1908 2924 quo—

330 2957 498 3014 modo
543 2957 716 3027 enim
767 2954 1061 3018 Divinitas,
1103 2960 1201 3008 aut
1251 2951 1350 3006 ubi
1393 2947 1905 3011 circumscribatur,

327 3066 452 3122 quae
480 3049 740 3104 universa
776 3048 833 3102 in
864 3063 924 3102 se
950 3046 1294 3111 continet,et
1321 3060 1351 3098 a
1375 3043 1533 3099 nullo
1553 3038 1909 3097 continetur?

2001 565 2369 636 subjecit.-Ex
2403 564 2602 634 spiritu
2633 578 2766 618 vero
2795 569 2901 627 est,
2935 551 3080 630 quod
3122 568 3209 614 est
3240 556 3490 612 divinum
3521 564 3580 608 et

2001 657 2122 714 sine
2154 666 2426 727 tempore,
2453 656 2601 725 quod
2625 655 2780 710 carni
2814 652 3069 708 animatae
3094 650 3254 704 unire
3269 647 3578 715 voluit,per

2000 764 2166 820 quam
2217 749 2508 804 nobiscum
2546 755 2800 802 versatus
2830 752 2919 798 est
2960 742 3069 796 hoc
3108 739 3380 812 velamine
3411 751 3580 806 oper-

2002 850 2133 906 tus;
2165 841 2311 895 sicut
2348 855 2550 908 corpus
2601 837 2735 908 tegit
2783 836 3024 890 animam
3071 839 3316 886 nostram
3344 842 3467 899 quae
3495 833 3581 881 est

2002 929 2434 1011 inaspectabilis,
2465 935 2522 983 et
2567 928 2623 981 in
2675 927 2744 982 iis
2779 940 2902 996 quae
2949 923 3054 978 sub
3083 936 3308 976 sensum
3351 916 3577 978 cadunt,

2001 1046 2114 1092 non
2157 1008 2532 1086 numeratur:
2563 1029 2690 1098 quia
2734 1026 2876 1080 facta
2925 1017 3105 1076 estad
3138 1012 3432 1083 imaginem
3459 1008 3580 1098 ejus

1999 1122 2097 1192 qui
2146 1136 2269 1178 eam
2312 1119 2542 1186 creavit,
2575 1095 2869 1185 servatque
2903 1113 3058 1182 signa
3100 1099 3484 1163 similitudinis
3510 1095 3579 1150 ad

2001 1229 2170 1286 quam
2208 1213 2350 1268 facta
2396 1221 2518 1268 est:
2548 1209 2697 1280 quod
2745 1207 2892 1262 enim
2952 1210 3154 1258 natura
3196 1195 3432 1252 inditum
3470 1196 3576 1254 est,

2001 1315 2220 1362 nonest
2255 1313 2444 1376 aptum
2482 1312 2695 1367 natum,
2725 1310 2789 1356 ut
2821 1297 2980 1353 facile
3012 1299 3276 1350 mutetur.

2075 1398 2167 1452 Vl.
2204 1371 2482 1462 Quantum
2508 1394 2679 1464 igitur
2703 1391 2868 1446 nobis
2903 1386 3127 1442 modum
3160 1377 3386 1436 unionis
3413 1371 3580 1430 Verbi

2002 1504 2130 1544 cum
2151 1503 2318 1544 carne
2348 1487 2670 1556 conjectura
2695 1479 2962 1550 consequi
3011 1477 3165 1536 licet,
3189 1470 3355 1527 aliam
3382 1464 3578 1535 imagio

2003 1596 2134 1636 nem
2189 1589 2246 1636 et
2301 1577 2729 1635 similitudinem
2775 1589 2889 1628 non
2943 1568 3256 1641 poterimus
3308 1558 3577 1630 reperire,

2005 1689 2170 1746 quam
2199 1671 2398 1728 animae
2417 1685 2544 1727 cum
2567 1668 2799 1740 proprio
2817 1676 3072 1733 corpore,
3091 1675 3160 1714 ex
3181 1653 3384 1726 quibus
3406 1662 3581 1746 unum

2006 1739 2214 1822 animal
2257 1765 2425 1820 homo
2449 1739 2690 1826 exsistit,
2720 1773 2904 1829 neque
2931 1752 3185 1826 partibus
3205 1749 3261 1802 in
3302 1739 3581 1813 composi-

2007 1859 2156 1914 tione
2187 1858 2332 1912 inter
2365 1871 2425 1912 se
2463 1853 2712 1918 mutatis,
2743 1865 2849 1906 nec
2873 1863 2984 1903 una
3027 1859 3221 1899 earum
3256 1841 3584 1894 alterutram

2003 1967 2072 2007 ex
2135 1965 2195 2006 se
2255 1949 2495 2004 faciente
2532 1965 2546 2000 :
2579 1945 2675 2002 sed
2733 1941 2921 2014 potius
2967 1935 3301 1994 coeuntibus
3363 1927 3584 1984 duobus

2004 2043 2244 2101 diversis
2281 2041 2414 2096 illud
2449 2037 2701 2102 exsistit,
2751 2032 2902 2104 quod
2950 2037 3079 2101 post
3121 2020 3585 2094 compositionem

2004 2145 2091 2194 est
2119 2145 2178 2192 et
2219 2133 2565 2189 nominatur.
2617 2127 2966 2183 Adbibentes
3008 2121 3181 2192 igitur
3208 2133 3276 2172 ex
3317 2115 3424 2168 hac
3449 2113 3588 2165 ima-

2004 2233 2154 2304 gine,
2185 2234 2456 2299 quantum
2474 2223 2610 2278 utile
2626 2231 2713 2278 est
2734 2218 2803 2275 ad
2834 2215 3152 2284 exemplum
3178 2203 3585 2265 similitudinis,

2007 2298 2272 2377 unionem
2307 2316 2474 2372 Verbi
2507 2329 2634 2369 cum
2665 2309 3016 2366 humanitate
3055 2298 3583 2372 contemplabimur.

2005 2413 2256 2469 Verbum
2301 2409 2448 2464 enim
2491 2403 2642 2476 quod
2689 2403 2745 2456 in
2773 2399 3053 2472 principio
3075 2402 3198 2451 erat
3237 2391 3405 2454 Deus,
3458 2399 3587 2440 cum

2005 2506 2174 2560 vellet
2224 2501 2346 2558 fieri
2399 2501 2589 2563 homo,
2624 2496 2756 2568 quia
2786 2511 2899 2549 non
2947 2497 3139 2562 posset
3197 2487 3367 2541 homo
3425 2479 3587 2534 aliter

2008 2597 2196 2652 salvus
2218 2595 2360 2661 fieri,
2390 2592 2704 2664 ingressum
2726 2595 2813 2642 est
2847 2586 2904 2640 in
2937 2592 3160 2639 uterum
3183 2573 3509 2647 virginalem
3533 2577 3592 2624 et

2008 2688 2189 2746 omnis
2234 2683 2612 2754 corruptionis
2667 2686 3004 2749 expertem:
3059 2679 3181 2728 erat
3229 2667 3379 2723 enim
3441 2663 3588 2732 uirgo

2010 2789 2158 2834 casta
2204 2778 2395 2849 spiritu
2420 2783 2469 2828 et
2499 2771 2797 2840 corpore“.
2834 2765 3208 2836 Quamobrem
3247 2754 3586 2818 necessario,

2011 2880 2072 2927 ut
2095 2869 2350 2933 decebat,
2387 2866 2456 2922 ad
2485 2873 2701 2920 tantum
2756 2858 3009 2933 mysterii
3065 2851 3440 2910 ministerium
3467 2859 3591 2900 eam

2010 2961 2200 3032 elegit,
2234 2959 2566 3026 unitumque
2605 2963 2691 3011 est
2715 2953 2835 3008 sine
2865 2948 3195 3010 confusione
3228 2951 3286 2999 et
3331 2937 3594 2994 mistione

2014 3064 2190 3110 totum
2219 3051 2317 3106 toti
2351 3049 2526 3112 carni,
2549 3047 2732 3102 anima
2759 3042 2994 3099 rationis
3015 3037 3286 3110 participe
3313 3033 3592 3093 animatae,

328 3119 452 3200 l‘lon
508 3142 678 3213 igitur
736 3147 954 3210 poterat
997 3138 1044 3193 is
1088 3138 1184 3208 qui
1229 3137 1302 3196 ab
1340 3151 1408 3192 eo
1454 3133 1756 3196 defecerat,
1788 3145 1911 3189 esse

2015 3155 2069 3204 et
2098 3163 2198 3217 per
2221 3145 2524 3200 adventum
2561 3138 2803 3210 Spiritus
2831 3133 3009 3191 sancti
3053 3147 3119 3188 ex
3142 3142 3313 3184 carne
3342 3119 3594 3192 Virginis

327 3246 484 3292 extra
505 3249 801 3290 numerum
831 3248 1024 3306 eorum
1046 3246 1170 3302 qua:
1211 3238 1360 3294 sunt,
1394 3237 1456 3284 ut
1484 3228 1783 3299 adventum
1811 3224 1908 3295 qui

328 3327 581 3388 similiter
615 3325 684 3380 ad
708 3321 889 3380 locum
911 3323 1210 3394 pertineat,
1235 3334 1548 3391 quaeramus
1572 3335 1587 3383 ;
1613 3327 1909 3387 utrumque

329 3399 480 3472 enim
510 3422 632 3470 erat
673 3411 1037 3484 impossibile.
1063 3410 1264 3466 Procul
1293 3418 1478 3465 autem
1513 3409 1582 3464 ab
1615 3423 1682 3464 eo
1713 3408 1911 3462 abera-

333 3509 458 3564 mus
497 3505 793 3561 affectione
814 3513 912 3570 ,et
944 3503 1230 3558 voluntate
1269 3499 1522 3570 spiritus,
1552 3508 1614 3554 ut
1641 3500 1719 3555 ait
1763 3498 1914 3554 Scri-

333 3605 534 3669 ptura.‘
563 3596 778 3652 Idcirco
823 3594 894 3649 ad
933 3608 1045 3655 nos
1079 3592 1391 3658 descendit,
1419 3607 1529 3646 non
1560 3590 1753 3646 relicta
1795 3590 1914 3650 .,vita

333 3690 542 3756 divina,
573 3703 740 3760 quam
769 3703 897 3744 cum
927 3687 1088 3743 Patre
1133 3692 1190 3741 et
1231 3682 1443 3755 Spiritu
1465 3692 1658 3738 sancto
1686 3689 1916 3737 natura-

321 3785 464 3840 liter
511 3783 782 3855 degebat;
822 3795 948 3837 cum
982 3779 1188 3850 quibus
1235 3785 1366 3832 ante
1417 3776 1617 3832 saecula
1662 3775 1718 3829 in
1744 3772 1917 3845 gloria

335 3885 460 3933 erat
506 3877 574 3949 in_
617 3874 744 3931 sinu
801 3883 1034 3943 paterno
1092 3869 1488 3940 requiescens;
1539 3865 1636 3921 sed
1691 3873 1918 3936 prepter

337 3969 668 4026 charitatcm
696 3972 952 4036 suscepta
974 3973 1170 4034 sponte
1201 3956 1509 4018 ceconomia
1539 3957 1919 4031 quae-bonita-

340 4069 454 4117 tem
499 4061 622 4132 ejus
663 4059 978 4114 naturalem
1007 4055 1262 4123 decebat,
1295 4054 1377 4110 sic
1397 4069 1621 4129 carnem
1652 4066 1916 4114 crassam,

341 4160 620 4208 terrenam
644 4158 702 4206 et
725 4135 1052 4213 mortalem;
1068 4156 1124 4203 et
1145 4146 1311 4202 morti
1342 4145 1694 4201 resistentem
1717 4143 1917 4208 induit,

338 4241 727 4312 cxsuperantia
767 4239 1056 4312 potestatis
1102 4255 1216 4295 sua:
1262 4251 1398 4293 usus
1429 4237 1500 4291 ad
1535 4235 1923 4292 occultandam

339 4335 610 4407 gloriam,
655 4341 713 4389 et
767 4333 835 4388 ad
875 4331 1266 4388 assumendam
1307 4343 1535 4385 carnem
1586 4343 1752 4397 quam
1817 4327 1924 4382 sibi

342 4425 524 4480 univit
540 4432 597 4479 et
612 4423 669 4477 ih
689 4439 797 4493 qua
820 4421 1113 4485 habitavit,
1132 4417 1442 4478 divinitatis
1469 4417 1708 4487 propriae
1727 4415 1926 4486 ampli-

2010 3214 2199 3295 Matris
2236 3235 2488 3293 conflata:
2547 3240 2604 3288 et
2659 3228 2994 3292 constitutae,
3037 3221 3192 3278 nulla
3222 3233 3390 3274 causa
3428 3214 3485 3267 in
3530 3226 3597 3265 ea

2011 3339 2330 3402 antegressa
2353 3343 2426 3383 ex
2445 3323 2746 3394 iis'quibus
2765 3321 3182 3376 consueverunt
3197 3322 3433 3379 corpora
3451 3301 3595 3366 fieri,

2014 3431 2218 3497 praeter
2244 3423 2511 3477 virtutem
2544 3413 2834 3472 Altissimi.
2865 3411 2994 3466 Sola
3027 3407 3176 3462 enim
3222 3401 3427 3457 mulier
3481 3410 3600 3449 ma-

2015 3495 2214 3572 teriam
2285 3510 2512 3581 corpori
2582 3505 2732 3576 quod
2796 3498 3106 3558 divinitatis
3164 3495 3599 3549 instrumentum

2015 3607 2222 3661 factum
2274 3576 2406 3666 est;
2450 3593 2850 3668 suppeditavit,
2903 3590 3051 3648 sicut
3079 3586 3210 3642 olim
3251 3599 3320 3638 ex
3371 3576 3599 3650 propria

2017 3692 2400 3754 carnesolius
2439 3689 2546 3744 viri
2592 3686 2796 3743 mulier
2819 3691 2876 3738 et
2908 3688 3088 3736 mater
3111 3675 3422 3734 viventium
3454 3671 3600 3724 facta

2084 3797 2125 3843 ι.

2084 3805 2125 3843 ι.

2019 3805 2200 3932 e-SVII.
2232 3873 2386 3927 Vane
2427 3870 2597 3941 igitur
2646 3865 2912 3926 delirant,
2942 3858 3038 3929 qui
3086 3859 3318 3926 propter
3376 3847 3602 3941 modum

2017 3964 2394 4039 generationis
2445 3966 2650 4031 negant
2696 3971 2820 4011 esse
2860 3951 3026 4008 nobis
3078 3938 3599 4002 consubstantiale:

2022 4031 2219 4117 eadem
2249 4056 2398 4112 enim
2430 4053 2647 4108 ratione
2673 4065 2777 4104 nec
2818 4048 2933 4103 Eva
2961 4044 3071 4098 erit
3117 4031 3606 4096 consubstantialis

2022 4154 2169 4214 viro,
2194 4159 2289 4206 aut
2321 4149 2371 4203 ei
2397 4145 2500 4216 qui
2539 4159 2606 4199 ex
2633 4149 2871 4210 utroque
2906 4135 3070 4192 simul
3102 4140 3268 4186 natus
3289 4122 3407 4190 eSt;
3443 4122 3607 4177 ambo

2025 4245 2176 4310 enim
2203 4244 2361 4298 vario
2384 4238 2550 4294 modo
2579 4233 2921 4291 exstiterunt
2949 4247 2962 4283 :
2990 4241 3095 4281 nec
3121 4237 3246 4279 cum
3272 4215 3476 4286 alioqui
3511 4229 3608 4284 po-

2029 4341 2247 4401 tuisset,
2280 4332 2570 4406 proprium
2605 4341 2811 4396 corpus
2857 4319 3082 4376 aliunde
3130 4312 3307 4375 duxit,
3332 4319 3610 4406 quam-ex

2029 4431 2265 4489 materia
2316 4426 2528 4482 nostris
2579 4417 2912 4490 corporibus
2972 4411 3220 4481 subjecta
3252 4423 3267 4458 :
3299 4401 3417 4458 Non
3448 4398 3609 4460 enim,

346 4518 592 4572 tudinem
621 4491 1029 4570 inufmbratione
1059 4521 1269 4584 tegens.
1295 4510 1600 4582 Oportebat
1620 4509 1768 4568 enim
1797 4524 1915 4563 eum

2031 4523 2236 4595 inquit,
2295 4515 2642 4590 apprehendit
2689 4508 2930 4580 angelos,
2978 4518 3081 4559 nec
3117 4498 3283 4554 aliam
3328 4491 3611 4548 caelestem

343 4611 439 4681 qui
471 4607 1052 4678 eratinaspectabilis,
1083 4607 1171 4662 cui
1199 4605 1547 4676 propositum
1577 4611 1700 4659 erat
1725 4602 1924 4657 venire

345 4705 414 4760 ad
445 4719 540 4760 eos
577 4703 671 4772 qui
699 4700 1007 4757 secundum
1043 4715 1268 4756 sensum
1299 4699 1581 4763 vivebant,
1609 4694 1925 4766 aspectabi-

346 4799 455 4852 lem
486 4795 568 4848 eis
593 4794 712 4850 fieri
744 4803 803 4848 et
823 4793 1084 4848 similem.
1106 4789 1476 4856 Quamobrem
1498 4790 1925 4845 instrumentum

349 4890 456 4945 hoc
469 4888 720 4944 divinum
744 4886 849 4941 sibi
871 4885 1150 4946 formavit,
1173 4892 1349 4954 utper
1372 4884 1552 4952 ipsum
1572 4881 1932 4936 fieretvisibi-

346 4981 456 5048 lis;
485 4969 541 5035 et
560 4979 707 5050 quod
744 4985 947 5034 nostra;
990 4983 1201 5031 natura:
1249 4975 1452 5029 divinae
1482 4983 1602 5029 erat
1635 4982 1692 5028 et
1723 4981 1934 5028 natura:
1965 5041 1969 5044 .

349 5074 566 5130 unitum
588 5071 791 5127 divinis
811 5071 1124 5126 actionibus
1138 5069 1504 5124 ministraret:
1521 5076 1585 5121 ut
1598 5067 1702 5122 hac
1721 5067 1933 5122 ratione

349 5165 608 5220 omnibus
650 5163 744 5233 qui
777 5160 1214 5230 redemptionem
1252 5159 1373 5230 ejus
1405 5157 1818 5226 exspectabant,
1850 5156 1934 5210 di-

349 5263 506 5312 ceret
540 5274 554 5309 :
606 5255 724 5325 Ipse
757 5255 849 5324 qui
900 5251 1184 5322 loquebar,
1217 5248 1405 5304 adsum
1425 5248 1469 5279 ¹³
1502 5264 1517 5313 ;
1572 5246 1728 5301 adest
1780 5247 1928 5300 enim

349 5366 482 5406 vere
524 5347 764 5409 Verbum
802 5365 817 5415 ;
847 5355 904 5402 et
927 5344 1181 5416 quamvis
1211 5343 1390 5398 solum
1426 5354 1630 5410 corpus
1661 5337 1930 5404 cernitur,

351 5447 500 5503 Deus
520 5457 687 5500 verus
705 5451 810 5506 est,
837 5449 895 5497 et
916 5441 1214 5495 humanam
1246 5437 1479 5492 formam
1512 5434 1692 5490 oculis
1725 5432 1935 5489 nostris

353 5535 607 5608 subjicit;
635 5543 693 5590 et
717 5545 845 5590 ante
871 5533 1071 5590 saecula
1089 5540 1194 5597 est,
1212 5531 1344 5585 licet
1370 5537 1527 5584 ortus
1548 5529 1670 5598 ejus
1691 5534 1936 5595 tempore

354 5629 536 5684 factus
576 5625 912 5681 describitur
941 5639 1010 5680 ex
1056 5637 1257 5694 genere
1298 5619 1577 5674 Abraham
1614 5626 1669 5673 et
1712 5615 1932 5672 David:

427 5803 468 5834 “
498 5802 656 5859 Joan.
693 5793 806 5872 1,1,
829 5799 883 5856 ’5.
972 5799 1012 5831 ¹²
1041 5797 1176 5855 ibid.
1211 5796 1290 5850 ll.

2029 4587 2431 4680 virtutem-sed
2451 4623 2630 4663 semen
2653 4603 2880 4659 Abrahaz
2901 4599 2968 4663 “,
2992 4594 3080 4651 cui
3101 4593 3242 4647 facta
3277 4587 3459 4641 fuerat
3482 4594 3614 4652 pro-

2031 4707 2246 4764 missio.
2281 4699 2570 4770 Quomodo
2602 4696 2771 4767 igitur
2806 4691 2961 4746 aiunt
2989 4685 3234 4758 quidam,
3268 4691 3480 4770 corpus
3497 4684 3613 4770 ter-

2034 4810 2231 4854 renum
2259 4801 2317 4848 et
2353 4792 2412 4846 in
2445 4799 2594 4844 terra
2627 4764 2817 4840 natum
2865 4779 3091 4836 caeleste
3121 4775 3310 4833 fuisse,
3339 4764 3613 4837 siquidem

2034 4883 2356 4960 hujusmodi
2388 4880 2619 4937 materia
2637 4893 2749 4932 non
2769 4883 2856 4930 est
2880 4872 2936 4926 in
2968 4868 3080 4924 illis
3099 4865 3238 4921 locis
3257 4855 3617 4917 cmlestibus?

2041 4957 2187 5053 Ergo
2217 4994 2323 5034 nec
2365 4993 2433 5032 ex
2481 4981 2686 5030 natura
2737 4967 2960 5040 prepria
2999 4957 3354 5019 immutabili,
3403 4966 3614 5053 nec

2041 5039 2152 5127 ulla
2186 5071 2314 5129 alia,
2370 5065 2479 5122 nisi
2526 5080 2593 5119 ex
2625 5039 2974 5132 quaidictum
3015 5061 3134 5117 est,
3179 5044 3470 5105 fabricavit
3506 5039 3614 5132 sibi

2039 5177 2261 5234 corpus.
2299 5159 2470 5215 Valde
2500 5156 2648 5212 enim
2681 5154 2948 5208 absonum
3000 5145 3218 5204 fuisset,
3258 5139 3326 5199 si,
3374 5149 3498 5190 cum
3548 5130 3615 5234 ad

2040 5271 2141 5311 nos
2175 5255 2413 5315 veniret,
2448 5249 2692 5304 alienum
2730 5261 2761 5298 a
2796 5242 2959 5298 nobis
2985 5251 3189 5305 corpus
3233 5232 3438 5292 ferret;
3484 5224 3617 5292 quin

2037 5349 2227 5420 potius
2257 5360 2380 5401 cum
2415 5344 2563 5398 Deus
2584 5348 2798 5394 tantum
2831 5341 2979 5389 esset
3013 5345 3078 5384 ex
3102 5329 3261 5382 Patre
3300 5320 3537 5393 genitus,
3562 5323 3621 5370 et

2039 5450 2292 5496 naturam
2317 5439 2440 5508 ejus
2461 5435 2583 5489 sine
2622 5431 2734 5485 ulla
2761 5425 3053 5487 varietate,
3096 5419 3150 5474 id
3181 5425 3287 5482 est,
3328 5429 3386 5468 se
3439 5411 3618 5479 ipsum

2039 5527 2308 5589 haberet,
2346 5502 2580 5590 icorpus
2622 5533 2689 5571 ex
2733 5523 2910 5568 matre
2957 5505 3279 5577 assumpsit,
3327 5502 3618 5590 factusque

2040 5623 2125 5672 est
2145 5615 2196 5670 ei
2222 5605 2716 5668 consubstantialis
2737 5623 2750 5658 :
2773 5600 3134 5674 quamobrem
3160 5586 3464 5652 secundum
3485 5588 3614 5644 ima~

1374 5795 1414 5828 ¹³
1468 5794 1568 5848 lsa-
1609 5792 1776 5861 “1,6.
1854 5791 1896 5824 ”
1931 5791 1950 5847 Ι
1986 5790 2118 5846 Cor.
2139 5804 2232 5857 vn,
2260 5787 2352 5842 5i.
2426 5785 2468 5819 ¹⁸
2506 5779 2677 5840 Hebr.
2712 5780 2880 5856 n33.
