4020 6146
439 296 506 326 ’ΥΊ

437 296 545 361 339
1430 338 1435 345 ι
1534 304 1596 363 s.
1637 304 2042 365 ANASTASU
2084 302 2554 365 ANTIOCIIENI

3520 284 3675 361 .1340

404 410 589 483 ginem
612 410 881 482 superius
901 412 1267 482 propositam,
1300 426 1367 469 ex
1407 422 1643 481 utraque
1677 412 1991 469 substantia
2023 418 2065 473 Α
2096 416 2486 473 conﬁteantur.
2520 419 2632 474 Nos
2650 420 3133 486 vero‘spe‘ctantes
3161 410 3426 469 unionem
3454 425 3682 473 natura-

409 519 557 559 unus
588 490 849 559 Christus
866 503 1127 573 apparuit
1159 505 1345 567 nobis,
1377 504 1524 560 idem
1549 505 1697 560 Deus
1727 515 1785 560 et
1803 507 1991 561 homo.

2098 525 2218 564 rum
2248 510 2558 565 secundum
2581 508 2923 581 hypostasim
2960 504 3194 570 Christi,
3229 504 3322 574 qui
3358 519 3471 559 non
3502 506 3681 560 solum

479 597 617 652 Vill.
650 597 717 651 Et
747 597 855 657 hoc
877 597 1035 652 estin
1060 596 1169 653 hoc
1189 598 1461 668 mysterio
1475 598 1823 662 admirabile,
1843 600 1994 670 quod
2094 616 2161 656 ex
2190 601 2313 656 Deo
2331 611 2389 657 et
2414 601 2640 656 homine
2673 606 2914 665 constat,
2946 596 3044 653 sed
3080 594 3489 665 idemeeus-et
3515 596 3686 652 homo

412 698 713 758 utrumque
741 703 938 742 eorum
967 704 1091 758 quae
1124 688 1405 754 coierunt,
1460 691 1871 760 proprietatem
1894 707 1999 746 na-
2096 700 2204 753 est,
2228 693 2397 748 salvis
2425 690 2753 749 substantiis
2786 691 2845 745 in
2892 689 3123 754 unione,
3163 703 3287 758 qua:
3319 701 3420 756 per
3456 700 3688 756 compca»

413 777 649 834 turalem
687 784 876 833 servat
903 777 1138 848 perinde
1170 768 1235 835 ac
1269 778 1315 833 si
1345 790 1448 848 per
1480 794 1543 835 se
1564 781 1744 835 solum
1767 782 2001 838 exsiste-

414 873 522 928 ret,
570 880 687 920 non
722 863 867 920 facta
901 865 1130 922 alterius
1181 882 1310 921 cum
1359 867 1537 923 altero
1582 867 1822 934 unione,
1868 883 1999 933 cum

416 955 629 1025 alioqui
685 971 793 1010 una
840 956 915 1010 sit
968 955 1303 1027 hypostasis.
1358 955 1619 1015 Christus
1684 958 2005 1030 igitur'est

419 1045 570 1117 quod
606 1062 677 1101 ex
720 1046 925 1102 unione
974 1046 1172 1102 harum
1226 1055 1556 1105 naturarum
1589 1049 1849 1115 exsistit,
1890 1066 2004 1106 non

421 1139 714 1205 habitudo,
744 1139 841 1196 sed
862 1140 919 1194 id
959 1140 1138 1211 ipsum
1164 1141 1315 1211 quod
1337 1157 1405 1197 ex
1422 1128 1860 1200 his-substantiis
1873 1158 2008 1199 con-

423 1242 571 1299 stat;
605 1233 717 1288 imo
773 1233 908 1302 ipsae
946 1233 1298 1298 substantias,
1327 1243 1385 1288 et
1408 1248 1524 1295 non
1563 1234 1753 1291 divina
1795 1234 2009 1305 absque

424 1323 688 1387 humana,
718 1338 901 1394 neque
932 1337 1130 1379 rursus
1158 1323 1403 1378 humana
1428 1322 1644 1394 absque
1667 1322 2007 1390 divina,;sed

426 1416 720 1485 utriusque
753 1414 1310 1485 inseparabilisunio
1357 1427 1567 1484 :quam
1610 1431 1726 1471 non
1771 1415 2010 1473 dicimus

2099 785 2357 841 sitionem
2387 782 2755 854 compositam
2802 780 3142 854 hypostasim
3187 793 3353 850 quam
3399 777 3685 834 Christum

2102 889 2386 941 vocamus,
2428 871 2695 929 reddunt.

2174 966 2246 1021 Χ.
2297 965 2513 1022 Idcirco
2565 965 2746 1041 sancti
2779 965 2973 1019 Patres
3000 962 3070 1017 de
3103 959 3333 1023 Christo
3356 974 3469 1015 non
3506 958 3689 1015 solum

2105 1065 2367 1127 tanquam
2394 1071 2464 1115 ex
2489 1057 2605 1112 Deo
2633 1064 2689 1112 et
2706 1054 2973 1131 “homine,
3006 1067 3109 1107 nec
3142 1049 3452 1107 ex-duabus
3472 1049 3689 1104 naturis

2107 1158 2368 1219 tanquam
2395 1164 2466 1205 ex
2493 1147 2788 1219 principiis
2815 1134 3147 1216 loquuntur,
3172 1132 3278 1199 sed
3312 1151 3572 1211 tanquam
3618 1140 3689 1215 de

2106 1240 2218 1295 Deo
2244 1248 2302 1295 et
2332 1240 2583 1304 homine,
2611 1248 2673 1293 et
2695 1238 2765 1293 de
2789 1236 3011 1292 duabus
3049 1235 3298 1300 naturis;
3326 1243 3390 1287 ut
3411 1228 3694 1287 fallaciam

2104 1327 2435 1401 longissime,
2491 1328 2783 1405 relegent,
2822 1335 2878 1381 et
2924 1326 3214 1395 veritatem
3273 1323 3436 1392 plane
3490 1319 3695 1391 prandi-

2104 1398 2268 1477 cent:
2294 1420 2449 1492 atqui
2464 1398 2702 1489 simplex
2722 1417 2750 1445 ¹¹
2772 1398 2829 1472 et
2853 1423 2995 1470 recta
3022 1420 3145 1485 erat
3175 1410 3497 1484 praedicatio
3512 1410 3688 1480 pieta-

426 1506 627 1562 factam
649 1522 771 1563 esse
791 1506 861 1562 ad
894 1506 1269 1562 imitationem
1292 1506 1659 1576 liquidarum,
1686 1523 1812 1577 qua:
1860 1508 2012 1567 inter
2108 1512 2202 1577 tis,
2238 1512 2347 1566 nisi
2377 1511 2627 1582 plerique
2670 1509 2826 1566 varie
2861 1508 3047 1564 conati
3080 1506 3316 1567 fuissent
3351 1520 3474 1560 eam
3504 1502 3691 1579 verbis

429 1612 500 1679 se
522 1597 687 1652 mista
725 1597 782 1652 in
816 1596 968 1652 aliud
1006 1597 1138 1667 quid
1171 1605 1487 1678 mutantur,
1513 1597 1613 1653 sed
1647 1597 1717 1653 ad
1750 1597 2015 1654 similitu-

2126 1603 2400 1660 Tallacibus
2425 1591 2747 1673 depravare.
2767 1600 3139 1669 Quamobrem
3180 1612 3251 1654 ne
3279 1597 3376 1669 qui
3392 1597 3451 1652 in
3476 1594 3698 1664 simpli-

429 1688 620 1744 dinem
644 1688 1010 1769 propositam
1027 1679 1241 1761 animat
1285 1697 1343 1743 et
1373 1684 1647 1759 corporis,
1694 1705 1764 1745 ex
1807 1688 2013 1760 quibus
2046 1767 2075 1769 _
2112 1695 2280 1751 citate
2305 1693 2502 1749 animae
2539 1690 2952 1765 ingrediuntur,
2985 1685 3452 1769 istorumlaqueis
3487 1682 3699 1738 indicta

429 1780 639 1837 animal
671 1758 908 1835 rationis
951 1758 1253 1851 particeps,
1287 1758 1911 1850 bome,iconstituitur;
1944 1796 2015 1836 ex
2045 1767 2088 1822 Β
2116 1800 2281 1841 causa
2337 1758 2673 1853 caperentur
2696 1822 2710 1846 ,
2740 1776 3005 1837 diversis
3060 1758 3409 1848 temporibus
3454 1774 3702 1845 Spiritus

431 1867 802 1937 intelligente,
830 1867 1079 1937 inquam,
1120 1875 1178 1922 et
1211 1868 1401 1947 sensili
1429 1869 1745 1941 intelligens
1768 1871 2016 1929 simulet
2117 1883 2342 1930 sanctus
2390 1884 2606 1928 mentes
2665 1879 2982 1927 sanctorum
3029 1868 3269 1924 adventu
3323 1883 3425 1923 suo
3465 1861 3699 1932 docuit,

433 1958 660 2013 sensile.
721 1957 815 2015 Sic
852 1957 948 2012 hic
978 1966 1164 2028 potest
1220 1959 1348 2028 quis
1396 1961 1641 2016 tenuiter
1687 1961 2018 2039 mysterium
2118 1966 2381 2037 deditque
2408 1966 2518 2033 illis
2551 1979 2864 2020 sermonem
2891 1961 2959 2016 ad
2991 1958 3514 2021 contradicendum,
3547 1966 3607 2012 et
3629 1955 3701 2011 ad

435 2049 845 2123 comemplal‘i:
880 2050 1043 2105 ambo
1077 2050 1228 2105 enim
1261 2050 1427 2106 Sim!“
1458 2058 1665 2107 οθθιιιιι
1681 2051 1931 2109 diVilmm
1961 2060 2019 2109 et
2118 2050 2430 2115 tendiculas
2466 2056 2813 2113 fallaciarum
2856 2061 3058 2108 contra
3088 2051 3379 2107 veritatem
3424 2046 3704 2104 violentas

435 2140 739 2195 humanum
777 2160 792 2195 ε
820 2154 888 2203 ιει
917 2143 1066 2213 (ιιιοά
1099 2159 1167 2198 ex
1200 2143 1306 2198 hac
1332 2143 1745 2213 οοιηροείιίοῐιο
1777 2148 2016 2213 “insuit,
2119 2147 2499 2220 effugiendum
2521 2188 2536 2213 ,
2590 2148 2686 2216 qui
2746 2143 2912 2201 nobis
2969 2142 3319 2201 tradiderunt
3374 2143 3705 2197 thesaurum

434 2233 578 2291 nihil
623 2232 772 2287 aliud
807 2242 895 2290 est
945 2249 1110 2304 quam
1168 2243 1383 2291 natura:
1415 2235 1586 2293 unita:
1615 2254 1627 2288 :
1661 2250 1819 2304 aeque
1867 2234 2019 2289 enim

435 2324 583 2380 Deus
608 2333 667 2378 et
687 2325 876 2395 homo,
903 2325 1184 2390 Christus,
1217 2325 1313 2395 qui
1344 2341 1413 2380 ex
1444 2326 1617 2382 unitis
1635 2326 1799 2381 modo
1833 2325 2025 2381 inetia-

438 2416 539 2471 bili
569 2418 831 2487 apparuit
866 2410 1099 2482 mundo,
1133 2418 1353 2473 mortali
1379 2433 1613 2488 corpore
1640 2417 1707 2472 ad
1730 2416 2024 2474 delendam

438 2518 673 2563 mortem
712 2515 875 2564 utens
920 2510 1116 2580 :quod
1175 2518 1263 2565 est
1304 2508 1653 2564 admirabile.
1707 2508 1807 2563 Est
1854 2508 2025 2579 igitur

436 2616 567 2655 vere
597 2602 743 2655 Deus
773 2600 939 2655 simul
967 2611 1026 2656 et
1050 2602 1237 2667 homo,
1271 2601 1700 2670 Christuszqum
1728 2600 2026 2672 appellatio

437 2709 570 2751 vera
604 2708 727 2748 esse
768 2710 881 2747 non
914 2702 1119 2764 potest,
1154 2693 1260 2749 nisi
1300 2693 1412 2748 sint
1446 2692 1680 2749 diversae
1713 2692 1929 2748 natura:
1970 2692 2024 2748 ei

437 2786 724 2856 subjectae.
755 2785 1048 2843 Tribuitur
1085 2796 1273 2841 autem
1316 2800 1482 2855 saepe.
1510 2784 1814 2856 separatim
1867 2784 1939 2839 iis
1959 2799 2029 2839 ex

437 2877 648 2946 quibus
676 2885 916 2943 constat,
948 2893 1063 2933 non
1097 2877 1323 2947 quidem
1358 2875 1509 2945 quod
1537 2876 1645 2929 hoc
1689 2875 1866 2930 solum
1915 2874 2025 2942 sit;

398 3002 401 3005 -
440 2980 554 3020 non
584 2965 733 3020 enim
762 2965 882 3020 fieri
905 2966 1109 3036 potest,
1143 2974 1203 3020 ut
1225 2966 1462 3020 alterum
1490 2979 1560 3017 ex
1590 2962 1763 3018 unitis
1783 2972 2030 3018 contem-

441 3057 683 3128 plemur,
715 3056 843 3111 nisi'
865 3057 983 3111 sola
1017 3056 1353 3128 cogitatione
1390 3053 1593 3109 mentis
1632 3053 2022 3121 discernentis,
2051 3095 2096 3153 α

441 3155 727 3218 quatenus
747 3146 1156 3216 cognoscimus,
1183 3145 1320 3215 quid
1334 3154 1418 3200 est
1443 3140 1715 3221 divinum,
1745 3141 1895 3214 quod
1912 3157 2027 3197 non

440 3246 530 3296 est
566 3239 908 3307 humanum;
945 3237 1079 3310 quid
1133 3252 1331 3301 rursus
1371 3236 1700 3301 humanum,
1726 3234 1880 3305 quod
1912 3249 2024 3289 non

437 3344 530 3387 εει
588 3328 843 3387 divinum
897 3346 911 3383 :
960 3329 1005 3384 si
1060 3328 1210 3383 enim
1267 3324 1567 3398 aliquando
1614 3328 1719 3395 bas
1772 3324 2029 3382 notiones

444 3431 631 3480 mente
661 3422 1069 3493 exprimemus,
1127 3420 1379 3475 volentes
1402 3418 1716 3488 signiﬁcare
1752 3418 2030 3489 subiectas

444 3506 803 3578 substantias,
831 3521 888 3569 et
911 3528 1103 3568 earum
1132 3513 1278 3566 inter
1302 3526 1361 3566 se
1385 3511 1804 3581 diversitatem,
1841 3508 2030 3566 statim

439 3607 772 3676 copulamus
799 3614 958 3669 actu;
994 3616 1187 3665 rursus
1232 3604 1497 3661 'unicntes
1552 3602 1876 3677 priusquam
1906 3601 2028 3679 dis-

439 3699 768 3770 jungamus,
799 3707 1200 3768 cognoscentes
1241 3711 1414 3750 unum
1459 3693 1745 3750 Christum
1795 3709 1919 3749 esse
1962 3708 2030 3751 ex

447 3790 686 3846 diversis
713 3788 928 3844 naturis
953 3795 1325 3844 constantem.
2031 3778 2034 3783 ’

519 3877 612 3939 1X.
631 3881 746 3937 Etsi
767 3862 917 3937 enim
947 3880 1331 3936 suntdiversa:
1356 3887 1569 3934 natura:
1588 3894 1657 3935 ex
1680 3877 1888 3948 quibus
1913 3878 2033 3932 uni-

451 3984 546 4030 tus
585 3982 671 4030 est
724 3973 792 4028 ad
844 3972 1352 4028 manifestationem
1390 3970 1662 4043 mysterii,
1704 3986 1813 4025 una
1848 3977 2033 4025 tamen

451 4076 540 4121 cst
562 4066 877 4137 hypostasis
906 4084 919 4120 :
951 4066 1143 4121 eadem
1172 4060 1322 4120 enim
1368 4064 1691 4143 proprietas
1719 4062 2032 4134 hypostasis

456 4161 677 4223 mansit,
716 4159 857 4214 Filio
884 4160 1052 4214 etiam
1085 4158 1395 4213 incarnato.
1429 4142 1610 4213 Filius
1655 4154 1806 4220 enim
1828 4142 2036 4227 rursus

450 4257 542 4306 est
558 4249 728 4306 etiam
760 4248 1067 4304 secundum
1093 4263 1317 4303 carnem
1350 4263 1364 4301 :
1397 4259 1571 4316 quare
1597 4254 1792 4300 natura
1810 4240 2034 4314 quidem

453 4343 723 4399 differunt
754 4357 1045 4398 assumens
1091 4349 1150 4397 et
1201 4349 1516 4410 assumpta;
1548 4337 1849 4411 .hypostasi
1900 4353 2043 4406 vero,

2120 2255 2381 2314 magnum
2404 2280 2419 2306 ,
2451 2255 2515 2294 ac
2543 2237 2822 2309 praecipue
2850 2235 3075 2307 quidem
3128 2234 3185 2288 in
3218 2233 3366 2291 vasis
3390 2222 3661 2289 fictilibus
3687 2250 3702 2285 :

2123 2324 2230 2390 hoc
2255 2332 2403 2388 enim
2453 2329 2689 2387 decebat
2737 2327 2927 2385 divina
2966 2328 3224 2398 dogmata
3252 2334 3309 2380 et
3337 2324 3649 2380 doctrinam
3686 2341 3702 2378 :

2123 2422 2253 2493 quia
2285 2421 2674 2484 conveniebat,
2710 2426 2773 2475 ut
2805 2434 3026 2488 semper
3055 2433 3186 2485 vasa
3219 2415 3609 2495 frangerentur
3645 2414 3706 2470 in

2125 2515 2330 2584 quibus
2357 2527 2588 2584 magnus
2621 2511 2917 2568 thesaurus
2965 2506 3289 2575 reconditus
3318 2515 3425 2572 est,
3472 2516 3709 2577 propter

2126 2605 2466 2665 infirmiores
2490 2604 2647 2660 dedit
2672 2601 3131 2673 pmdicamribus
3152 2599 3406 2655 veritatis
3439 2599 3548 2654 vim
3575 2614 3708 2655 ver-

2126 2695 2326 2751 borum
2348 2693 2417 2748 ad
2450 2691 2825 2763 resistendum
2857 2688 3396 2754 contradicentibus,
3424 2696 3484 2744 et
3514 2687 3587 2743 ad
3619 2688 3709 2760 ja-

2129 2787 2254 2843 eula
2291 2786 2742 2841 adversariorum
2803 2792 3012 2841 temere
3064 2782 3267 2838 emissa
3304 2778 3708 2851 propulsanda.

2130 2861 2318 2944 Quare
2361 2875 2605 2932 Verbum
2640 2873 2898 2937 veritatis
2920 2889 3056 2929 anon
3103 2873 3352 2927 vincitur
3386 2869 3708 2934 mendacio,

2131 2969 2230 3023 sed
2253 2966 2442 3037 potius
2465 2966 2741 3029 fallaciam
2772 2963 3048 3021 mendacii
3091 2962 3400 3043 redarguit.
3428 2962 3500 3017 Et
3522 2963 3734 3031 ipsum,

2133 3059 2284 3114 omni
2316 3074 2384 3114 eo
2413 3057 2564 3128 quod
2598 3057 2844 3112 alienum
2870 3066 2979 3118 est,
3002 3056 3250 3126 exploso,
3275 3063 3483 3120 manet,
3527 3066 3714 3123 neque

2132 3151 2450 3221 deponitur,
2495 3163 2678 3217 neque
2728 3147 3141 3209 circumfertur.
3181 3146 3401 3202 Idcirco
3445 3145 3714 3202 Christum

2135 3245 2232 3319 De}
2264 3244 2514 3298 virtutem
2542 3250 2592 3296 et
2616 3241 2714 3313 Dei
2743 3241 3119 3312 sapientiam“
3169 3255 3293 3296 esse
3316 3239 3504 3303 docet,
3538 3250 3714 3319 unum

2052 3400 2053 3403 η
2133 3313 2454 3391 πἐιεισρι
2473 3347 2542 3388 ex
2580 3331 2930 3411 terraDeum
2951 3340 3009 3386 et
3034 3330 3183 3393 servi
3212 3330 3393 3385 forma
3428 3313 3713 3394 indutum,

2137 3436 2198 3489 ut
2220 3428 2420 3483 lateret
2459 3426 2609 3481 Deus
2648 3425 2961 3496 principem
3013 3424 3203 3480 saeculi
3245 3423 3416 3494 hujus
3443 3434 3717 3491 cumquo

2135 3529 2256 3583 crat
2300 3520 2353 3576 ei
2400 3528 2705 3583 certamen,
2745 3527 2812 3574 et‘
2843 3533 2956 3573 non
3000 3517 3293 3589 defugeret
3319 3515 3552 3579 luetam,
3597 3522 3719 3567 tan-

2134 3628 2302 3682 quam
2346 3628 2458 3687 non
2495 3628 2621 3668 cum
2650 3611 2763 3667 Deo
2790 3608 3403 3675 certaturus;.fortasse
3428 3619 3606 3668 vero,
3657 3613 3719 3658 ut

2137 3719 2243 3774 per
2272 3701 2453 3758 simile
2490 3709 2743 3779 servaret
2786 3699 2990 3756 simile.
3021 3697 3396 3755 Non-ferebat
3424 3695 3597 3766 igitur
3618 3692 3719 3749 ali-

2137 3800 2271 3870 quid
2322 3807 2615 3873 externnm
2663 3805 2723 3854 et
2771 3796 3039 3852 alienum.
3074 3800 3274 3864 praeter
3313 3792 3369 3846 id
3616 3804 3721 3844 nos

2138 3880 2351 3953 sumus,
2374 3889 2475 3963 sed
2509 3898 2680 3945 totam
2726 3896 2975 3945 nostram
3018 3898 3259 3941 massam
3299 3886 3357 3940 in
3387 3900 3499 3940 uno
3518 3883 3723 3939 relicto

2138 3985 2304 4041 nobis
2340 3984 2553 4043 semine
2602 3980 2923 4052 assumpsit,
2974 3981 3153 4036 factus
3201 3979 3462 4051 primitias
3511 3986 3725 4034 natura

2140 4086 2377 4137 nostrae.
2398 4073 2512 4130 llac
2541 4072 2726 4129 autem
2754 4056 3475 4143 ratione'dicitur'primititc
3496 4070 3562 4125 Ἣ

2212 4167 2304 4225 XI.
2340 4162 2569 4242 Etenim
2596 4166 2729 4237 quia
2756 4173 2938 4222 totum
2976 4166 3133 4236 quod
3153 4164 3451 4227 ceciderat,
3481 4162 3723 4218 excitare

2140 4259 2487 4332 propositum
2515 4267 2637 4315 erat
2669 4259 2743 4325 ei,
2777 4258 3059 4314 ceciderat
3076 4267 3269 4313 autem
3297 4258 3477 4311 totum
3512 4268 3720 4326 genus;

2142 4364 2203 4404 se
2219 4358 2396 4406 totum
2425 4348 2525 4403 toti
2550 4347 2683 4403 Adae
2712 4347 3038 4415 immiscuit,
3067 4348 3196 4408 vita.
3214 4354 3462 4409 mortuo,
3489 4353 3555 4399 ut
3574 4358 3720 4400 .eum

453 4438 707 4492 minime.
749 4435 843 4493 Sic
871 4435 1141 4499 dicimus,
1198 4448 1366 4488 unam
1412 4447 1534 4487 esse
1569 4431 1904 4503 bypostasim
1940 4447 2039 4487 na-
2073 4449 2114 4502 ι)
2145 4446 2414 4505 Servaret,
2452 4439 2508 4493 in
2545 4452 2673 4494 eum
2703 4447 2878 4495 totum
2918 4437 3345 4508 penetranscui
3367 4436 3564 4491 unitos
3582 4442 3720 4499 erat,

452 4530 583 4599 tura
613 4526 1013 4590 differentium,
1059 4526 1322 4581 omnibus
1372 4523 1647 4596 theologis
1685 4533 1742 4579 ct
1774 4524 2038 4579 Ecclesiae
2134 4528 2279 4584 sicut
2299 4528 2484 4583 anima
2506 4528 2691 4600 magni
2725 4529 3211 4599 corporis,-totum
3232 4527 3521 4591 animans,
3542 4535 3604 4581 et
3626 4525 3721 4580 toti

446 4618 783 4674 doctoribus
827 4617 1290 4688 approbantibus,
1326 4616 1711 4691 quieumdcm
1760 4615 2038 4670 afﬁrmant
2137 4622 2310 4676 vitam
2358 4620 2685 4690 impartiens
2713 4618 3015 4683 sensiliter.
3045 4620 3139 4679 Sic
3170 4621 3380 4677 dicitur
3407 4634 3588 4691 genus
3618 4619 3721 4672 hu-

446 4724 582 4764 esse
604 4710 776 4787 Deum
804 4717 862 4764 et
886 4708 1188 4765 hominem.
1224 4707 1320 4763 Ha:
1350 4707 1498 4762 enim
1529 4716 1662 4773 sunt
1691 4713 1929 4772 naturai,
1963 4721 2036 4761 ex
2138 4730 2364 4769 manum
2384 4713 2426 4746 η
2457 4722 2649 4785 corpus
2674 4709 2892 4780 (Πυέίειε,
2924 4723 2976 4768 ει
3006 4714 3244 4768 membra
3270 4726 3335 4768 εει
3360 4720 3581 4784 μαντεῖ’
3608 4721 3712 4766 un.

454 4803 668 4874 quibus
688 4802 1036 4872 compositus
1052 4810 1175 4856 est:
1207 4809 1437 4856 naturas
1463 4815 1601 4855 vero
1630 4815 1778 4855 nunc
1805 4798 2045 4859 dicimus
2080 4856 2107 4871 η
2139 4816 2306 4873 quam
2345 4816 2447 4872 per
2490 4816 2685 4861 omnes
2710 4802 3479 4873 communiterpermeantis,
3519 4811 3581 4858 et
3604 4810 3719 4856 tanc

454 4910 574 4949 .non
604 4893 900 4963 principia,
949 4900 1011 4947 ut
1043 4892 1271 4962 quidam
1298 4892 1513 4957 dicunt,
1543 4891 1640 4961 qui
1691 4890 2043 4961 simpliciori—
2145 4905 2310 4961 quam
2331 4890 2388 4945 in
2412 4904 2748 4962 unoquoque
2773 4890 3082 4946 habitantis
3102 4889 3398 4960 separatim
3418 4889 3720 4949 secundum

462 4984 568 5040 bus
604 4985 837 5041 insidias
863 4992 1080 5055 ponunt
1121 4984 1190 5040 ad
1219 4982 1637 5059 decipiendum,
1666 4981 1918 5038 dicentes
1938 4998 2041 5037 na-
2142 4996 2467 5037 mensuram
2504 4980 2655 5037 ﬁdei.
2695 4980 2943 5037 Membra
2981 4980 3132 5035 enim
3154 4977 3442 5049 proprium
3485 4978 3620 5049 quid
3648 4977 3723 5033 si—

462 5088 619 5133 turas
646 5094 714 5134 ex
733 5078 937 5149 quibus
965 5076 1112 5135 facta
1138 5084 1225 5134 est
1255 5075 1413 5142 unio,
1434 5090 1557 5131 esse
1587 5076 1760 5131 Deum
1793 5076 2041 5139 Patrem,
2151 5072 2438 5144 gnificant,
2461 5080 2739 5143 quatenus
2768 5071 3143 5143 membrorum
3158 5068 3457 5140 dignitates
3472 5067 3724 5125 differen-

458 5170 823 5242 etVirginem
848 5178 1106 5249 matrem,
1135 5169 1229 5240 qui
1256 5177 1400 5224 tecte
1422 5167 1821 5263 etinumbrate
1853 5167 2049 5224 dicunt
2157 5172 2241 5219 tes
2294 5170 2460 5223 sunt:
2507 5162 2708 5217 borum
2756 5162 2904 5218 enim
2939 5160 3045 5217 alia
3097 5168 3229 5215 sunt
3275 5160 3585 5229 honorata;
3626 5167 3723 5211 alia

458 5260 624 5327 illud,
656 5277 721 5315 ea:
750 5260 964 5341 quibus,
1002 5269 1067 5315 ut
1102 5259 1240 5315 nihil
1287 5251 1692 5330 assum'ptionis
1738 5258 1795 5313 in
1825 5256 2051 5331 Christo
2158 5254 2400 5322 inﬁrma,
2417 5255 2522 5310 alia
2547 5269 2681 5310 vero
2706 5252 3119 5321 honesta;aliis
3143 5261 3330 5309 autem
3353 5251 3529 5324 major
3552 5251 3724 5305 honor

538 5399 620 5454 “l
648 5394 777 5456 Cor.
802 5416 841 5466 ι,
875 5400 965 5455 24.
1045 5399 1087 5431 ¹⁷
1116 5397 1135 5454 l
1168 5396 1299 5453 Cur.
1332 5415 1421 5463 xv,
1450 5396 1539 5464 20,
1573 5395 1663 5450 25.
1744 5394 1787 5427 ⁸⁸
1820 5394 1839 5448 l
1869 5392 1997 5448 Cor.
2033 5408 2127 5457 xu,
2161 5390 2250 5445 9.7.

1754 5531 1989 5589 νΑῐιιιιΕ
2025 5529 2430 5588 LECTIONES.

541 5651 569 5679 ¹³
610 5657 845 5727 Simplex
870 5667 978 5712 etc.
1014 5658 1295 5711 ἁποίκι).ον
1325 5658 1422 5727 τῆς
1453 5657 1737 5721 εὐσεϐείας
1771 5656 2054 5726 κήρυγμα.
2133 5662 2157 5691 ν
2184 5651 2427 5708 Membra
2457 5665 2524 5708 ex
2550 5660 2722 5724 parte.
2756 5651 2915 5707 Juxta
2942 5648 3215 5716 Graecum,
3245 5645 3380 5718 μέλη
3416 5645 3477 5698 ἐκ
3508 5642 3717 5715 ιιέρθυς-

474 5725 540 5777 Μ
581 5725 734 5796 Vung
775 5729 1005 5791 mmnbra
1040 5729 1100 5783 dc
1126 5729 1372 5783 membro.
