4020 6146
359 311 485 376 Ῑ3Η

1306 316 1589 378 ORATIO
1628 316 1744 378 IlI.
1784 344 1851 353 —
1886 319 1984 378 DE
2027 319 2621 397 ΙΝΟΑΒΝΛΤΙΟΝΕ.

3467 327 3602 394 1342

353 424 649 481 adhibetur
684 442 696 478 :
731 432 898 494 atque
925 425 1042 480 inec
1068 439 1178 480 non
1217 425 1284 482 de
1308 429 1704 484 communitate
1731 444 1928 500 corpo-
1955 430 2000 484 Α
2033 430 2294 497 ticulare;
2329 432 2460 492 etsi
2480 439 2943 499 retro-commeat,
2967 433 3023 488 id
3044 440 3151 499 est,
3179 432 3326 504 quod
3357 436 3604 504 particu-

353 521 430 574 ris
459 518 863 589 praedicantura
885 516 1066 583 Quare
1092 533 1220 572 cum
1240 517 1538 589 Apostolus
1557 520 1696 574 dixit
1711 533 1921 591 corpus,

350 621 406 666 ct
431 610 665 666 membra
689 610 1017 674 nominavit,
1033 607 1224 664 docuit
1239 610 1464 665 diﬂ'erre
1482 624 1655 681 genus
1679 628 1710 666 a
1729 618 1886 678 parte
1903 627 1922 666 :

351 710 407 757 et
455 716 581 756 cum
633 715 743 755 non
791 716 968 771 genus
1016 700 1222 757 Christi
1265 703 1518 766 vocavit,
1574 701 1921 772 signiﬁcavit,

353 791 735 848 conimunitati
779 792 1109 846 substantiae
1154 800 1360 849 nostrae
1385 793 1602 848 unitum
1631 807 1784 858 esse,
1811 809 1924 849 non

354 892 538 939 autem
599 883 920 954 particulari
975 884 1289 955 bypostasi;
1353 886 1560 955 alioqui
1613 885 1924 941 membrum

353 979 628 1048 cjus,gnon
671 977 940 1043 membra,
981 992 1164 1048 neque
1200 993 1404 1048 corpus
1427 993 1563 1052 esse.
1586 977 1920 1034 diceremur.

425 1069 540 1125 XII.
573 1071 872 1140 Postquam
904 1085 1039 1126 vero
1083 1072 1255 1126 semel
1291 1071 1469 1127 voluit
1501 1069 1756 1128 verbum.
1802 1071 1921 1128 ﬁeri

354 1161 542 1225 homo,
566 1169 623 1215 et
641 1175 743 1215 nos
768 1167 915 1215 totos
934 1161 1320 1216 indumentum
1348 1175 1509 1216 suum
1543 1160 1758 1227 facere;
1796 1176 1921 1216 cum

357 1260 655 1322 utrumque
679 1249 772 1314 sit,
809 1252 1048 1307 alterum
1077 1251 1285 1307 dicitur
1304 1267 1329 1318 ;..
1345 1261 1402 1307 et
1427 1267 1560 1306 cum
1575 1253 1814 1307 alterum
1835 1251 1924 1310 di:-

354 1343 520 1408 citur,
541 1353 840 1413 utrumque
877 1353 984 1407 est,
1012 1359 1124 1398 non
1152 1344 1473 1400 nominibus
1506 1352 1879 1400 commutatus
1905 1361 1934 1398 :v

355 1451 458 1489 nec
501 1437 658 1488 enim
681 1437 797 1491 haec
831 1451 931 1506 per
958 1436 1284 1493 abusionem
1333 1435 1632 1502 dicuntur;
1675 1437 1772 1492 sed
1793 1451 1922 1492 cum

355 1517 653 1596 utrumque
679 1527 771 1593 sit,
793 1528 1109 1583 nominatur
1126 1529 1460 1598 separatim:
1494 1544 1620 1584 eum
1647 1530 1794 1605 enim
1820 1544 1922 1583 no-

353 1619 631 1674 minamus
643 1620 838 1684 Deum,
861 1636 971 1675 non
997 1621 1237 1692 aliquem
1258 1623 1460 1687 Deum;
1485 1623 1740 1677 eumdem
1755 1623 1922 1678 etiam

356 1709 706 1765 nominamus
740 1710 1016 1766 hominem
1040 1753 1054 1778 ,
1082 1728 1192 1767 non
1227 1714 1469 1783 aliquem
1497 1704 1796 1770 hominem.
1826 1715 1924 1768 Est

357 1807 543 1854 autem
572 1801 715 1856 Dens
739 1802 905 1856 simul
933 1812 988 1857 et
1018 1802 1182 1857 homo
1216 1818 1314 1872 per
1333 1805 1560 1857 nomina
1582 1804 1922 1877 generaliora

357 1889 693 1957 declaratus,
727 1909 794 1948 ex
815 1893 1022 1960 quibus
1039 1902 1292 1958 constat;
1322 1895 1536 1950 scilicet
1568 1908 1678 1949 non
1699 1911 1764 1950 ex
1795 1911 1922 1965 par-

360 1979 683 2036 ticularib-us
710 1982 1100 2052 hypostasibus
1130 1990 1364 2048 constat,
1415 1984 1513 2038 sed
1547 1999 1616 2039 ex
1644 1985 1920 2055 generali-

357 2069 462 2127 bus
522 2073 868 2129 substantiis.
925 2074 1202 2144 Existimo
1277 2074 1425 2128 enim
1481 2089 1660 2145 neque
1708 2085 1918 2145 partem

355 2164 675 2222 substantiae
696 2180 820 2220 esse
850 2167 1040 2221 :aiunt
1067 2167 1212 2221 enim
1235 2165 1330 2236 qui
1365 2165 1418 2221 in
1441 2165 1528 2222 his
1551 2180 1609 2223 se
1637 2173 1918 2242 exercent,

356 2261 540 2323 partes
585 2255 1022 2310 substantiarum
1056 2256 1398 2311 substantias
1441 2271 1582 2311 esse.
1619 2257 1703 2310 An
1750 2257 1922 2327 igitur

357 2359 485 2412 pars
508 2345 826 2400 substantiae
845 2347 1178 2415 reperietur,
1206 2362 1330 2416 quae
1358 2347 1626 2402 rationem
1662 2346 1920 2403 substan-

358 2435 446 2488 tiae
481 2449 594 2489 non
636 2437 854 2505 recipit,
903 2445 966 2490 ut
1003 2437 1365 2492 'substantiam
1393 2438 1794 2508 particularum.
1817 2454 1920 2494 no-

353 2523 672 2580 minemus?
699 2527 802 2581 Sin
834 2538 1016 2584 autem
1047 2545 1211 2599 quam
1257 2537 1462 2584 vocant
1492 2539 1705 2600 partem
1749 2538 1918 2587 totam

355 2617 624 2672 rationem
670 2619 899 2689 recipit,
944 2628 1118 2675 totum
1142 2622 1269 2686 erit,
1300 2636 1410 2676 non
1431 2637 1558 2691 pars
1597 2640 1611 2676 :
1637 2634 1743 2677 nec
1769 2623 1918 2678 enim

353 2706 500 2764 sicut
535 2708 591 2762 in
625 2710 880 2765 sectione
903 2711 1099 2766 circuli
1130 2713 1184 2766 in
1218 2713 1360 2768 duos
1393 2713 1796 2778 semicirculos,
1825 2722 1924 2768 aut

356 2797 412 2851 in
451 2799 692 2869 reliquas
721 2811 936 2870 partes;
966 2819 1143 2874 neque
1159 2806 1304 2862 sicut
1337 2807 1393 2862 in
1415 2808 1660 2863 sectione
1693 2809 1920 2877 sphaerae

355 2887 412 2942 in
446 2900 684 2959 quatuor
708 2901 910 2963 partes,
952 2907 1048 2950 aut
1093 2899 1148 2952 in
1174 2898 1557 2970 hemiSplneria
1577 2941 1592 2965 ,
1623 2901 1704 2956 sic
1747 2901 1920 2956 sectio

357 2981 676 3038 substantia
723 2985 951 3058 intelligi
984 2997 1183 3057 potest.
1213 2989 1356 3056 Quid
1401 2993 1550 3047 enim
1597 2992 1762 3046 faciet
1785 2993 1920 3047 sub-

2023 523 2138 580 lare
2167 527 2274 586 est,
2302 534 2388 580 est
2408 539 2722 579 commune.

2094 614 2232 669 XlV.
2257 615 2508 686 Denique
2531 631 2642 686 quo
2675 616 2849 685 magis
2874 615 2946 669 sit
2979 616 3085 671 hoc
3117 615 3447 690 absurdum,
3475 623 3602 692 quis

2025 712 2135 758 tam
2166 705 2398 762 demens
2419 715 2527 773 est,
2565 716 2627 762 ut
2649 723 2773 762 esse
2801 713 2856 761 et
2895 708 3250 772 taliter-esse,
3283 712 3598 782 cuiusmodi

2023 806 2154 852 sunt
2176 798 2549 855 substantiam
2571 815 2694 864 esse
2723 809 2780 855 et
2820 789 3158 869 h'ypostasim
3189 817 3332 867 esse,
3363 805 3598 858 alterum

2023 904 2128 958 pro
2155 889 2337 944 altero
2360 891 2605 947 vicissim
2642 891 2916 960 accipiat?
2957 906 3069 945 non
3114 893 3262 946 enim
3292 894 3601 950 substantia

2023 987 2108 1033 est
2133 978 2487 1050 particularis
2516 987 2737 1032 natura.
2765 979 2903 1033 Cum
2934 978 3102 1049 igitur
3136 989 3458 1037 naturarum
3484 984 3600 1039 sive

2024 1070 2460 1126 subatantiarum
2492 1071 2754 1125 unionem
2781 1070 3042 1134 dicimus,
3082 1071 3229 1140 ipsas
3253 1072 3616 1130 substantias-

2025 1165 2080 1218 in
2109 1163 2318 1216 unione
2348 1161 2808 1230 contemplamur,
2841 1176 2953 1228 non
2984 1161 3066 1215 sic
3086 1161 3231 1216 facta
3258 1163 3488 1229 unione,
3541 1173 3603 1221 ut

2023 1265 2223 1308 natura
2255 1253 2313 1307 in
2363 1263 2616 1308 naturam
2642 1261 2904 1318 transeat,
2951 1261 3048 1306 aut
3081 1253 3175 1306 [iat
3223 1254 3480 1310 confusio
3512 1257 3601 1312 vel

2025 1347 2248 1411 mistio;
2295 1346 2392 1400 sed
2432 1345 2702 1402 naturalis
2735 1344 3036 1414 cepulatio.
3059 1335 3190 1399 'Has
3215 1361 3349 1399 vero
3375 1355 3602 1402 naturas

2024 1438 2139 1493 sive
2161 1436 2518 1500 substantias,
2555 1434 2831 1490 sententia
2857 1442 3046 1489 nostra
3085 1443 3171 1489 est
3196 1450 3318 1490 esse
3349 1436 3493 1490 inter
3541 1451 3602 1491 se

2025 1528 2424 1598 inseparabiles
2453 1545 2466 1579 :
2494 1542 2604 1580 non
2647 1526 2799 1580 enim
2833 1525 3140 1580 secundum
3191 1526 3598 1593 habitudinem,

2023 1628 2119 1678 aut
2151 1619 2579 1688 appositionem,
2613 1625 2710 1672 aut
2740 1617 3208 1687 prosopopceiam,
3239 1627 3338 1673 aut
3361 1619 3601 1688 dignita-

2027 1721 2156 1775 tem,
2193 1700 2288 1765 aut
2307 1710 2477 1774 alium
2504 1709 2729 1764 modum
2758 1709 2828 1762 ab
2854 1709 2924 1766 iis
2945 1709 3320 1779 excogitatum
3347 1711 3442 1780 qui
3461 1710 3600 1766 duas

2023 1817 2288 1872 personas
2313 1801 2558 1867 dicunt,
2593 1801 2831 1856 dicimus
2863 1800 3064 1856 factam
3099 1817 3221 1858 esse
3258 1801 3598 1856 incarnatio-

2020 1909 2148 1949 nem
2175 1891 2687 1950 Salvatoris-nostri
2707 1909 2722 1959 ;
2742 1896 2838 1948 sed
2863 1893 3129 1948 unionem
3159 1893 3406 1963 ipsarum
3437 1901 3602 1947 natu-

2022 2001 2209 2042 rarum
2230 1983 2535 2040 secundum
2567 1984 2906 2055 hypostasim
2932 1984 3394 2054 contemplantes,
3417 1997 3598 2036 unum

2020 2085 2079 2131 et
2115 2076 2372 2133 eumdem
2399 2075 2682 2132 Christum
2712 2077 3031 2142 adoramus,
3063 2075 3160 2146 qui
3190 2085 3312 2148 erat
3339 2087 3466 2129 ante
3507 2073 3596 2128 in-

2021 2167 2395 2224 carnationem
2428 2166 2596 2232 Deus,
2623 2176 2680 2224 et
2699 2167 2897 2235 mansit
2922 2169 3072 2224 Deus
3101 2176 3225 2237 post
3255 2167 3599 2221 incarnatio-

2020 2276 2175 2327 nem;
2213 2261 2312 2331 qui
2343 2260 2450 2319 iuit
2473 2261 2660 2316 unitus
2676 2261 2909 2316 diversae
2925 2260 3268 2333 substantiae,
3297 2266 3359 2313 ut
3383 2259 3595 2313 salvum

2019 2350 2226 2407 faceret
2259 2351 2410 2419 quod
2456 2359 2580 2406 erat
2628 2350 2735 2414 sibi
2779 2351 3255 2428 eonsubstantiale
3293 2367 3308 2405 :
3352 2350 3596 2404 consub-

2021 2443 2292 2498 stantialis
2319 2444 2470 2499 enim
2501 2444 2680 2500 factus
2707 2453 2792 2498 est
2817 2444 3038 2506 diversa
3069 2441 3374 2498 substantia
3399 2440 3598 2511 praedi-

2021 2533 2125 2599 tis;
2155 2544 2210 2588 et
2240 2533 2308 2590 ad
2336 2534 2663 2604 capiendam
2693 2535 3107 2606 generationem
3139 2533 3436 2586 humanam
3465 2545 3596 2601 pro-

2021 2624 2208 2688 cessit,
2239 2623 2335 2693 qui
2381 2634 2502 2678 erat
2529 2625 2734 2694 alioqui
2765 2634 2890 2679 ante
2925 2624 3122 2680 saecula
3149 2639 3218 2679 ex
3253 2624 3415 2679 Patre
3444 2625 3595 2680 nullo

2020 2713 2205 2769 medio
2225 2714 2518 2784 interiecto
2547 2713 2790 2783 genitus.

2091 2804 2206 2861 XV.
2261 2804 2422 2860 Unde
2475 2803 2612 2860 duas
2667 2804 3056 2873 generationes
3096 2818 3218 2860 esse
3261 2803 3594 2859 credimus:

2020 2894 2278 2950 eumdem
2305 2894 2456 2950 enim
2487 2909 2586 2962 per
2613 2893 2752 2946 duas
2787 2901 3016 2948 naturas
3043 2893 3282 2948 exivisse
3305 2907 3416 2948 non
3444 2894 3600 2947 simi-

1969 3013 1976 3018 -
2021 2985 2168 3048 liter.
2210 2986 2306 3042 sed
2340 2984 2688 3040 dissimiliter
2719 2983 3043 3049 didicimus;
3084 2983 3245 3038 aliter
3272 2999 3510 3053 namque
3529 2998 3599 3038 ex

354 3074 554 3129 stantia
584 3077 768 3133 secta?
800 3078 1031 3136 fortasSe
1052 3089 1236 3152 partes
1263 3083 1687 3140 substantiaemt
1709 3083 1918 3138 dictum
1951 3098 1994 3155 ς,
2024 3083 2188 3138 Patre
2211 3081 2434 3151 genitus
2455 3088 2561 3144 est,
2579 3086 2635 3133 et
2659 3071 2821 3133 aliter
2848 3093 2916 3134 ex
2938 3087 3137 3134 matre.
3155 3079 3425 3135 Caeterum
3450 3079 3597 3133 idem

352 3177 438 3224 est
471 3181 656 3238 partes
681 3173 1008 3228 substantias
1041 3173 1378 3231 substantias
1399 3192 1550 3242 esse;
1579 3177 1746 3246 igitur
1773 3177 1920 3231 indi-

351 3261 520 3315 vidua
537 3271 642 3326 est,
675 3263 1025 3332 impartibilis
1051 3265 1360 3321 substantia
1405 3285 1419 3320 ε
1454 3268 1598 3322 sicut
1627 3267 1775 3322 enim
1809 3281 1920 3322 non

355 3349 546 3419 potest.
595 3353 774 3407 secari
807 3355 1022 3423 sphaera
1056 3363 1152 3408 aut
1175 3341 1464 3421 circulus,
1495 3365 1552 3410 et
1585 3357 1766 3412 facere
1798 3373 1922 3412 rur-

354 3456 449 3496 sus
475 3442 718 3511 sphaeras
743 3445 828 3497 vel
856 3446 1124 3512 circulos;
1159 3446 1240 3502 sic
1263 3461 1374 3500 non
1402 3447 1768 3516 potestdivisa
1786 3447 1920 3501 sub-

355 3534 555 3588 stantia
579 3533 761 3588 l'aCere
776 3537 1139 3604 particulares
1165 3533 1504 3592 substantias
1531 3552 1632 3606 per
1653 3553 1710 3593 se
1725 3553 1847 3593 esse
1871 3551 1918 3591 ι.

428 3624 568 3678 Xlll.
611 3624 692 3679 Ne
735 3625 903 3694 igitur
927 3627 1052 3696 quis
1108 3627 1312 3691 frustra
1363 3627 1616 3700 laboret,
1645 3637 1709 3682 ut
1765 3629 1923 3694 vanis

356 3713 667 3769 rationibus
681 3713 1020 3771 demonstret
1037 3718 1182 3787 quod
1199 3718 1566 3773 demonstrari
1592 3733 1702 3772 non
1720 3726 1920 3788 potest,

355 3820 479 3859 esse
515 3805 727 3860 scilicet
759 3806 1020 3861 unionem
1056 3805 1454 3862 incarnationis
1505 3807 1668 3861 Verbi
1723 3807 1922 3872 factam

358 3893 415 3947 in
447 3895 662 3948 naturis
690 3895 1136 3963 particularibus,
1167 3903 1224 3950 et
1242 3910 1354 3950 non
1391 3895 1784 3965 generalibus;
1809 3911 1921 3966 quo

355 3985 581 4054 quidem
613 3985 784 4039 miror
811 3985 1098 4054 quomodo.
1139 3999 1372 4040 noneos
1421 3984 1626 4054 pudet,
1663 3985 1760 4055 qui
1817 3987 1924 4042 hoc

356 4077 545 4133 dicunt
582 4094 596 4131 :
625 4085 710 4133 est
737 4078 883 4132 enim
917 4092 1029 4132 non
1055 4063 1244 4132 minus
1268 4077 1336 4132 ad
1363 4077 1784 4158 intelligendum
1814 4079 1923 4134 dif-
1968 4086 1974 4092 '

357 4169 519 4234 ticile,
547 4185 712 4239 quam
746 4168 964 4224 diﬂicile
991 4179 1076 4250 est
1107 4169 1349 4241 gryphos
1379 4169 1759 4246 interpretari.
1787 4170 1923 4229 Cum

355 4261 505 4317 enim
557 4260 862 4317 substantia
894 4260 1166 4333 signiticet
1192 4277 1336 4330 esse,
1377 4274 1454 4318 et
1483 4264 1670 4319 omnia
1709 4264 1926 4326 scilicet

358 4367 481 4422 qua:
519 4361 644 4406 sunt
699 4353 1050 4418 substantiae,
1081 4351 1336 4410 similiter
1365 4353 1662 4408 essentiam
1695 4355 1926 4424 partici-

2023 3180 2126 3234 est,
2181 3171 2287 3226 etsi
2334 3185 2448 3225 non
2495 3167 2801 3223 secundum
2853 3167 3054 3228 idem:
3091 3169 3412 3232 diil'erentia
3448 3170 3598 3223 extim

2022 3261 2454 3318 substantiarum
2501 3258 2784 3314 unitarum
2815 3259 3155 3315 differentes
3215 3262 3600 3331 generationes

2023 3351 2180 3414 fecit;
2245 3359 2302 3406 et
2347 3359 2582 3419 utraque
2625 3356 2712 3404 est
2774 3349 3138 3404 excellentior
3180 3357 3238 3403 et
3297 3349 3600 3403 admirabi-

2021 3442 2147 3504 lior,
2200 3455 2368 3509 quam
2412 3449 2474 3494 ut
2519 3438 2884 3508 intelligentia
2934 3437 3330 3506 comprehendi
3375 3445 3544 3504 queat
3580 3455 3597 3490 :

2026 3532 2240 3586 tametsi
2269 3547 2413 3586 unus
2431 3539 2536 3589 est.
2559 3530 2652 3584 cui
2675 3529 2916 3600 dignitas
2938 3529 3125 3591 datur,
3161 3528 3303 3582 sicut
3334 3529 3388 3582 in
3416 3527 3598 3594 nobis,

2025 3632 2082 3677 ut
2117 3623 2222 3676 hac
2254 3621 2670 3690 comparatione
2701 3631 2948 3685 utamur,
2977 3635 3044 3676 ex
3070 3633 3302 3686 corpore
3333 3628 3389 3674 et
3417 3619 3600 3676 anima

2025 3729 2149 3784 quae
2176 3713 2406 3767 diversa:
2431 3721 2642 3767 natura:
2667 3721 2816 3780 sunt,
2841 3728 2985 3768 unus
3006 3711 3260 3767 exsistit:
3294 3726 3420 3766 eum
3447 3713 3597 3766 enim

2023 3807 2117 3876 qui
2150 3815 2276 3861 ante
2309 3809 2509 3860 saecula
2536 3813 2642 3870 est,
2671 3812 2728 3860 et
2753 3805 3079 3862 saeculorum
3112 3811 3332 3868 auctor,
3366 3803 3452 3859 vel
3483 3818 3602 3858 me-

2025 3897 2506 3964 diocriter-assequ
2521 3894 2534 3948 i
2552 3895 2895 3965 impossibile
2929 3905 3035 3950 est.

2055 4018 2064 4024 -
2094 3989 2232 4044 XVI.
2259 3989 2430 4043 Nemo
2460 4003 2591 4042 vero
2613 4003 2678 4042 ex
2710 3989 2778 4042 iis
2811 3987 2905 4057 qui
2937 3997 3094 4043 extra
3122 3986 3424 4045 Ecclesium
3448 3995 3599 4052 sunt,

2025 4097 2091 4138 ea
2121 4095 2242 4150 qua
2266 4073 2531 4145 diximus,
2560 4088 2769 4149 carpat,
2800 4089 2856 4135 et
2888 4094 3046 4134 more
3093 4095 3194 4134 suo
3225 4081 3370 4134 hanc
3399 4079 3605 4134 doctri-

2025 4189 2155 4231 nam
2205 4174 2436 4238 laceret,
2463 4179 2518 4226 et
2558 4178 2815 4240 tanquam
2847 4185 2941 4225 sus
2966 4170 3241 4240 fulgentes
3273 4171 3602 4239 margaritas

2027 4269 2199 4324 illotis
2239 4267 2475 4338 pedibus
2520 4271 2784 4333 proterat.
2837 4262 3164 4332 lgnorantes
3199 4262 3349 4316 enim
3385 4276 3508 4331 quae
3534 4261 3606 4314 sit

2029 4371 2180 4418 certa
2219 4370 2277 4416 et
2309 4369 2426 4414 tuta
2459 4356 2710 4413 doctrina
2755 4354 2824 4410 de
2865 4355 2935 4408 iis
2983 4371 3106 4425 quae
3139 4353 3476 4416 didicerunt,
3510 4368 3608 4407 au-

359 4450 526 4512 Ρθηι,
584 4442 716 4513 (inid
759 4458 952 4512 9.0mm
1009 4443 1314 4499 secundum
1355 4445 1624 4500 rationem
1671 4446 1926 4502 essentia!
1953 4435 2220 4512 Ddarter
2239 4461 2434 4508 contra
2457 4450 2692 4506 verbum
2718 4446 2974 4502 veritatis
3013 4446 3288 4510 insiliunt,
3311 4444 3602 4514 'aiuntque,

359 4536 542 4599 minus
561 4542 748 4601 est,ut
775 4535 908 4590 illud
960 4537 1311 4606 particularis
1348 4551 1412 4592 ac
1455 4538 1752 4609 singularis
1790 4540 1924 4594 sub-

2031 4548 2244 4606 sentire
2277 4553 2522 4600 sanctam
2553 4537 2883 4596 Trinitatem
2904 4537 3061 4593 carni
3099 4537 3308 4592 unitam
3338 4550 3480 4597 esse,-
3511 4534 3604 4603 qui

358 4629 560 4683 stantia
593 4629 809 4684 dicatur
833 4630 856 4682 ?
877 4629 1002 4683 cum
1034 4630 1238 4699 alioqui
1270 4631 1576 4686 substantia
1599 4632 1807 4702 aliquid
1834 4648 1928 4703 ge-
1979 4677 2004 4704 ,
2031 4638 2548 4712 quomodocunque'
2591 4633 2729 4688 dicit
2762 4647 2929 4686 unam
2965 4630 3312 4686 divinitatem
3346 4628 3605 4683 substan-

361 4722 568 4785 nerale,
597 4737 706 4775 non
735 4729 938 4775 autem.
965 4721 1282 4791 singulare!
1315 4722 1558 4778 declaret
1595 4742 1608 4777 :
1659 4738 1724 4778 ac
1752 4739 1927 4795 genus

359 4812 580 4882 quidem
639 4814 1112 4883 generalissimum
1171 4815 1512 4882 audivimus,
1576 4824 1634 4871 et
1683 4817 1924 4886 speciem

359 4903 806 4970 specialissimam
829 4920 843 4967 ;
875 4917 1048 4972 genus
1071 4918 1204 4959 vero
1227 4903 1725 4975 singularissimum
1775 4923 1926 4964 nunc

363 4992 600 5060 primum
634 4991 921 5047 discimus.
978 4993 1096 5048 Etsi
1151 4994 1298 5048 enim
1359 4996 1608 5064 quaedam
1661 4993 1925 5054 dicuntur

361 5100 561 5156 genera
593 5086 922 5155 specierum,
971 5087 1117 5142 sicut
1149 5088 1330 5144 media
1363 5103 1488 5159 quae
1509 5091 1772 5146 dicuntur
1803 5109 1927 5162 spe-

361 5179 476 5233 cies
497 5193 780 5249 generum,
825 5187 882 5233 et
912 5179 1030 5248 ipsa
1071 5189 1200 5234 sunt
1236 5181 1466 5235 aliarum
1497 5183 1807 5252 specierum
1839 5200 1931 5256 ge.

361 5283 528 5333 nera;
562 5283 749 5322 verum
780 5269 898 5324 haec
927 5270 1110 5326 omnia
1140 5270 1208 5326 de
1227 5272 1480 5342 pluribus
1509 5274 1881 5342 praedicantur
1912 5293 1928 5330 :

361 5359 506 5431 quod
533 5359 757 5429 quidem
787 5360 961 5431 magis
987 5369 1074 5416 est
1104 5363 1539 5430 communitatis,
1570 5379 1736 5433 quam
1760 5368 1931 5435 parti-

363 5449 689 5507 culari'tatis.
715 5450 884 5520 Igitur
907 5452 1056 5523 quod
1092 5468 1384 5511 commune
1411 5463 1515 5522 est,
1549 5470 1660 5510 non
1688 5464 1775 5512 est
1805 5473 1932 5527 par-

2029 4731 2121 4786 tite
2147 4743 2290 4792 esse,
2317 4727 2552 4781 et-hane
2584 4721 2884 4776 conﬁtetur
2906 4735 3033 4775 cum
3057 4727 3253 4772 natura
3277 4723 3465 4771 nostra
3487 4729 3608 4768 esse

2031 4818 2342 4888 copulatam
2375 4833 2389 4868 :
2417 4823 2476 4869 ct
2494 4815 2630 4867 dum
2671 4811 3034 4896 temeritatem
3068 4809 3273 4863 mentis
3311 4822 3425 4861 sua:
3457 4814 3611 4873 pate-

2013 4910 2244 4964 ‘faciunt
2285 4915 2342 4962 et
2393 4903 2794 4960 absurditatem
2857 4917 3021 4972 quam
3080 4900 3191 4970 piis
3247 4898 3605 4961 induxerunt,

2028 5003 2222 5072 fugere
2271 4998 2566 5062 videntur;
2624 4995 2784 5051 aiunt
2810 4995 3015 5049 habere
3044 4991 3289 5047 Verbum
3329 4989 3608 5060 propriam

2028 5103 2309 5154 naturam,
2355 5089 2507 5144 Patri
2549 5096 2604 5144 et
2651 5085 2884 5156 Spiritui
2937 5094 3127 5141 sancto
3169 5081 3606 5143 connaturalcm,

2030 5199 2154 5254 qua:
2183 5183 2345 5237 nobis
2389 5197 2490 5250 per
2531 5178 2974 5234 incarnationem
3021 5190 3090 5230 ex
3139 5169 3410 5228 charitate
3456 5168 3610 5222 unita

2031 5285 2138 5331 est.
2182 5275 2352 5330 Miror
2398 5275 2516 5343 ipse
2550 5272 2658 5325 hoc
2705 5277 2817 5324 tam
2862 5268 3155 5328 absonum,
3194 5264 3470 5331 velimque
3522 5261 3610 5315 di—

2031 5383 2158 5424 eerc
2207 5368 2265 5421 in
2316 5366 2484 5420 istum
2528 5376 2630 5433 pro
2674 5361 2912 5424 viribus,
2946 5355 3072 5428 quae
3095 5354 3610 5412 conveniuntznon

2032 5473 2207 5530 arguo
2252 5471 2425 5520 nunc,
2464 5453 2714 5524 possitne
2761 5451 2907 5506 Deus
2969 5463 3190 5504 carnem
3252 5444 3478 5502 indutus
3509 5441 3611 5498 ha-

1665 5607 1899 5664 VARIAL
1929 5607 2330 5665 LECTIONES.

440 5722 463 5750 ³
495 5713 598 5768 Per
633 5730 688 5767 se
720 5729 846 5768 esse.
877 5715 1202 5786 ὑποστῆσαι,
1228 5719 1577 5788 suppositare.
1658 5729 1683 5768 γ
1713 5719 2016 5791 Singulare.
2049 5719 2212 5788 ἱδική,
2245 5713 2593 5787 partirulare.
