4020 6146
424 311 561 375 1343

1560 313 1621 374 S.
1661 309 2062 372 ANASTASII
2103 309 2571 375 ANTIOCHENI

3547 308 3684 372 13η

327 403 348 422 ”
422 425 555 478 bere
603 422 887 493 propriam
931 428 1208 486 naturam,
1250 435 1318 476 an
1366 437 1509 486 non;
1547 420 1644 475 sed
1677 418 1999 475 demonstro
2030 419 2073 474 Α
2103 418 2372 475 habitudo
2411 419 2637 490 quidem
2659 417 2928 473 naturalis
2955 425 3040 473 est
3089 416 3156 471 ad
3183 431 3332 481 eum,
3371 419 3436 473 ad
3465 419 3682 474 Patrem

422 529 550 569 eum
597 515 689 582 qui
721 513 837 568 hac
879 511 1036 577 dicit,
1077 527 1188 566 non
1225 526 1384 581 posse
1409 511 1620 566 sentire
1649 525 1772 565 esse
1800 508 1999 563 Filium

424 605 572 660 Patri
620 604 1153 659 consubstantialem
1214 622 1226 656 :
1278 619 1442 658 omne
1499 603 1650 658 enim
1693 601 1844 671 quod
1913 610 2002 658 est

425 697 589 752 unius
639 696 999 761 substantia,
1052 691 1303 750 eamdem
1355 695 1626 750 rationem
1677 693 2002 750 substantia

423 787 656 857 recipit;
685 795 743 842 et
782 787 1028 843 vicissim
1056 802 1218 842 omne
1263 786 1411 856 quod
1449 786 1700 842 eamdem
1729 787 2008 840 rationem"

421 878 752 935 substantia
797 877 1018 948 recipit,
1073 878 1242 932 unius
1275 886 1332 931 et
1373 877 1624 948 ejusdem
1680 875 2004 930 substantiae

422 979 512 1026 est
543 991 559 1002 ·
605 981 664 1026 et
696 978 910 1034 contra,
942 970 1092 1040 quod
1115 985 1228 1025 non
1251 978 1338 1025 est
1369 969 1619 1040 ejusdem
1651 969 2001 1032 substantia,

425 1077 532 1118 nec
551 1062 803 1116 eamdem
835 1061 1106 1116 rationem
1131 1061 1362 1130 recipit;
1393 1071 1451 1114 et
1483 1059 1630 1128 quod
1667 1075 1780 1114 non
1807 1057 2006 1128 recipit

425 1154 682 1211 eamdem
739 1136 1035 1218 rationem,
1078 1168 1184 1208 nec
1238 1152 1484 1222 ejusdem
1522 1151 1845 1208 substantia
1883 1166 2004 1206 esse

428 1257 636 1318 potest.
682 1248 900 1318 Eligant
925 1245 1116 1316 igitur,
1168 1252 1354 1298 utrum
1384 1243 1561 1298 velint
1593 1260 1606 1296 :
1636 1243 2005 1312 undecunque

429 1347 688 1393 occurret
714 1338 796 1392 eis
815 1336 1140 1392 absurdum.
1165 1335 1220 1389 Si
1246 1335 1421 1389 Filius
1452 1333 1703 1389 eamdem
1733 1333 2003 1390 rationem

430 1428 753 1482 substantiae
785 1441 912 1481 cum
945 1426 1108 1480 Patre
1146 1424 1364 1493 recipit,
1419 1439 1528 1478 una
1575 1424 1887 1479 substantia
1909 1431 2008 1480 est

428 1517 610 1571 Patris
627 1524 685 1570 et
718 1515 879 1570 Filii:
905 1523 960 1569 et
992 1515 1306 1569 communis
1326 1513 1580 1570 deﬁnitio
1603 1515 1686 1570 eis
1717 1516 2003 1571 reddetur.

427 1606 502 1660 At
541 1605 822 1674 quomodo
860 1604 1010 1675 quod
1050 1605 1422 1659 communiter
1458 1604 1736 1671 redditur,
1761 1606 2010 1674 particu-

428 1695 543 1751 lare
579 1697 723 1750 erit?
769 1696 857 1751 sin
902 1705 1087 1764 autem
1115 1711 1228 1750 non
1261 1695 1510 1751 eamdem
1531 1696 1918 1752 deﬁnitionem
1949 1706 2007 1752 et

2103 510 2338 576 scilicet,
2393 526 2463 566 ex
2499 525 2614 581 quo
2658 509 3082 582 ’Filiustilius
3129 525 3262 565 vero
3307 511 3557 581 ejusdem
3599 511 3689 566 di-

2102 602 2354 658 vinitatis
2411 611 2501 658 est
2546 617 2673 658 eum
2743 602 3191 657 Patre.-Rnrsus
3244 602 3398 656 enim
3448 602 3689 658 dicimus

2103 691 2468 747 substantiam
2515 692 2910 759 particularem
2941 692 3147 747 habere
3181 693 3582 756 characterem,
3627 694 3690 746 ti-

2103 782 2386 840 liationem
2416 801 2431 836 :
2453 784 2540 840 hic
2573 783 2724 838 enim
2745 784 2950 838 dicitur
2969 799 3092 839 esse
3111 784 3397 840 character
3413 794 3682 854 paterna,

2103 888 2215 928 non
2253 873 2479 942 quidem
2510 884 2756 940 natura;
2793 875 2928 943 illud
2951 875 3100 929 enim
3125 873 3312 944 ipsum
3345 887 3433 930 est
3462 884 3683 940 natura,

2104 965 2252 1034 quod
2287 966 2450 1020 Pater
2491 974 2606 1032 est;
2634 966 2730 1022 sed
2764 966 3096 1038 bypostasis,
3139 967 3193 1020 id
3225 976 3330 1030 est,
3381 981 3631 1036 persona
3667 985 3682 1021 :

2104 1063 2298 1125 utpote
2337 1055 2590 1111 inferens
2632 1071 2821 1111 secum
2847 1057 3117 1118 Patrem,
3149 1056 3309 1110 simul
3343 1057 3687 1130 ut‘nomina-

2107 1154 2197 1200 tus
2220 1154 2306 1200 est
2347 1146 2520 1202 Filius
2545 1147 2847 1202 secundum
2883 1148 3266 1202 habitudinem
3295 1147 3587 1218 categoria
3617 1149 3684 1202 ad

2106 1237 2344 1306 aliquid;
2388 1253 2511 1307 qua
2541 1245 2646 1304 est,
2693 1254 2819 1294 cum
2853 1240 2909 1294 id
2952 1239 3098 1310 quod
3146 1247 3250 1302 est,
3301 1239 3535 1294 alterius
3563 1255 3687 1295 esse

2106 1329 2331 1395 dicitur,
2381 1340 2441 1386 ut
2495 1330 2668 1386 Filius
2712 1331 2892 1386 Patris
2929 1339 3015 1385 est
3053 1329 3222 1395 ﬁlius,
3264 1338 3322 1384 et
3357 1330 3517 1384 Pater
3562 1331 3688 1386 Filii

2106 1431 2284 1491 pater,
2340 1421 2472 1491 quia
2512 1437 2612 1492 per
2649 1422 2830 1491 ipsum
2865 1421 3133 1476 habemus
3175 1435 3457 1475 accessum
3487 1421 3553 1474 ad
3587 1421 3690 1475 Pa-

2108 1518 2270 1575 trem,
2301 1524 2358 1568 et
2391 1513 2509 1581 ipse
2543 1522 2629 1568 est
2653 1512 2920 1581 magister
2946 1520 3155 1576 noster,
3187 1519 3246 1566 et
3282 1518 3478 1566 auctor
3501 1513 3690 1582 cogni-

2111 1605 2276 1660 tionis
2317 1606 2468 1676 ejus;
2512 1605 2658 1661 sicut
2703 1606 2848 1661 idem
2876 1605 3028 1682 dixit
3076 1604 3225 1660 Patri
3280 1624 3292 1658 :
3345 1603 3690 1674 Hanifestavi

2108 1711 2299 1750 nomen
2331 1705 2478 1752 tuum
2520 1699 2813 1752 hominibus
2843 1699 2922 1763 ¹⁹;
2967 1696 3339 1752 manifestavit
3368 1705 3556 1750 autem
3584 1712 3690 1751 no-

429 1787 703 1842 rationem
727 1787 945 1856 recipit,
970 1803 1081 1842 non
1104 1788 1214 1842 erit
1238 1803 1349 1842 una
1385 1788 1694 1844 substantia
1727 1806 1742 1842 :
1771 1805 2009 1859 quorum
2039 1765 2083 1821 Β
2111 1801 2238 1840 men
2287 1801 2399 1841 non
2432 1795 2494 1840 ut
2529 1787 2664 1853 Dei;
2713 1787 2818 1842 hoc
2873 1788 3022 1841 enim
3062 1787 3172 1857 jam
3219 1786 3351 1840 olim
3406 1786 3695 1857 cognitum

431 1886 615 1932 autem
632 1893 742 1932 non
757 1890 842 1934 est
856 1876 1166 1934 substantia
1185 1877 1734 1935 consubstantialitas
1747 1894 1860 1936 non
1879 1881 2007 1936 erit.

433 1968 591 2023 Sicut
623 1969 772 2024 enim
799 1985 919 2038 qua
943 1967 1191 2040 ejusdem
1223 1969 1551 2024 substantia
1584 1979 1737 2032 sunt,
1771 1971 2014 2034 consub-

432 2060 712 2115 stantialia
756 2068 924 2128 sunt,
964 2061 1047 2116 sic
1088 2075 1214 2130 qua
1261 2076 1374 2116 non
1419 2067 1553 2116 sunt
1596 2061 1848 2132 ejusdem
1874 2062 2010 2117 sub-

431 2155 667 2220 stantia,
698 2170 810 2210 non
836 2164 968 2211 sunt
993 2155 1520 2211 eonsubstantialia:
1541 2154 1820 2226 quomodo
1842 2157 2011 2228 igitur

430 2246 592 2300 aiunt
622 2245 824 2300 Filium
849 2261 971 2302 esse
1003 2246 1154 2302 Patri
1188 2246 2013 2313 consubstantialem,.tribuen-

432 2354 516 2400 tes
546 2345 598 2399 ei
627 2345 1018 2414 particularem
1042 2342 1450 2398 substantiam?
1475 2342 1830 2412 particularis
1860 2343 2008 2397 enim

429 2451 553 2491 esse
594 2451 707 2491 non
751 2442 954 2506 potest,
997 2450 1121 2506 qua
1155 2449 1281 2489 cum
1312 2434 1488 2488 altero
1531 2433 1675 2488 facta
1729 2441 1816 2488 est
1857 2447 2011 2489 com-

431 2526 638 2581 munis.

503 2616 662 2672 XVII.
703 2616 846 2684 Quid
879 2633 1010 2688 ergo
1044 2617 1235 2672 dicent
1283 2632 1408 2674 esse
1440 2617 1588 2672 hanc
1615 2617 2013 2688 particularem

431 2708 848 2764 substantiam?
885 2709 941 2764 Si
988 2710 1178 2765 dicant
1209 2724 1332 2764 esse
1367 2708 1699 2764 ‘ﬁliationem
1727 2728 1740 2764 :
1771 2709 2026 2780 primum

432 2812 544 2852 non
593 2807 679 2852 est
719 2798 914 2854 ﬁliatio
967 2799 1283 2854 substantia
1313 2815 1328 2852 :
1359 2799 1594 2867 deinde,
1623 2801 1734 2856 etsi
1767 2801 1932 2856 detur
1958 2811 2041 2875 et

434 2891 773 2946 concedatur
816 2891 926 2946 hoc
947 2931 960 2956 ,
994 2905 1191 2946 rursus
1219 2890 1587 2946 concludetur
1619 2892 1676 2945 in
1706 2907 1804 2947 eos
1829 2892 2015 2946 diver-

433 2981 574 3037 sitas
613 2983 959 3038 substantia.
1000 2983 1158 3038 Sicut
1197 2983 1344 3037 enim
1398 2998 1511 3038 non
1536 2992 1623 3039 est
1649 2984 1843 3038 eadem
1872 2984 2016 3040 ratio

2109 1887 2250 1939 erat,
2292 1878 2389 1934 sed
2417 1887 2478 1933 ut
2505 1879 2684 1934 Patris
2716 1897 2730 1933 :
2765 1879 2882 1948 ipse
2913 1880 3064 1934 enim
3101 1878 3473 1948 cognitionem
3506 1879 3692 1935 Patris

2110 1968 2396 2024 revelavit.

2181 2057 2368 2112 XVIII.
2435 2058 2579 2114 Usus
2631 2073 2752 2112 sum
2777 2067 2868 2113 tot
2910 2058 3372 2130 digressionibus,
3415 2057 3557 2126 quia
3593 2071 3692 2112 vo-

2104 2150 2284 2206 lebam
2346 2151 2755 2214 demonstrare,
2813 2151 2964 2220 quod
3034 2165 3164 2220 pars
3212 2150 3534 2205 substantia
3577 2164 3691 2204 non

2109 2251 2229 2308 est;
2270 2251 2331 2297 ut
2379 2241 2530 2297 dicat
2577 2243 2799 2312 aliquis,
2833 2241 3035 2298 tactam
3091 2247 3212 2300 esse
3248 2231 3690 2297 incarnationem

2111 2334 2444 2390 assumendo
2492 2343 2706 2404 partem
2757 2333 2989 2390 alterius
3029 2334 3406 2389 substantia:
3456 2340 3514 2388 et
3559 2332 3693 2402 quia

2111 2424 2367 2478 nolebam
2393 2424 2697 2494 corrigere
2735 2437 2930 2478 eorum
2964 2422 3284 2492 Opinionem
3325 2422 3424 2492 qui
3449 2428 3690 2491 putant,

2113 2532 2243 2572 eum
2271 2516 2368 2587 qui
2391 2515 2529 2571 dicit
2556 2514 2920 2570 substantiam
2945 2513 3212 2584 integram
3238 2523 3260 2550 ι
3282 2512 3450 2567 Verbi
3481 2512 3692 2567 unitam

2111 2625 2232 2665 esse
2280 2597 2455 2673 carni,
2492 2609 2712 2664 Patrem
2760 2615 2817 2661 et
2856 2605 3125 2676 Spiritum
3154 2613 3409 2661 sanctum
3443 2602 3692 2660 addece-

2114 2701 2355 2756 nomiam
2389 2699 2788 2756 incarnationis
2833 2699 3053 2754 deferre
3087 2715 3101 2752 :
3132 2697 3276 2768 quod
3307 2697 3532 2767 quidem
3578 2711 3694 2752 non

2114 2808 2237 2850 esse
2264 2792 2660 2856 necessarium,
2683 2793 2820 2848 satis
2845 2790 3346 2847 demonstravimus
3372 2789 3440 2844 iis
3463 2788 3557 2858 qui
3577 2803 3694 2843 non

2116 2886 2482 2948 contentiose,
2532 2885 2631 2940 sed
2680 2884 2949 2940 benevole
2977 2883 3035 2938 in
3071 2883 3245 2937 Deum
3273 2881 3363 2951 pia
3405 2887 3462 2934 et
3500 2878 3690 2934 divina

2114 2993 2260 3032 vera
2305 2977 2434 3032 ﬁdei
2465 2985 2666 3033 nostra
2695 2976 2950 3046 dogmata
2979 2973 3262 3043 accipiunt
3297 2989 3312 3026 :
3341 2971 3514 3028 Filius
3541 2970 3694 3025 enim

434 3074 793 3145 paternitatis
824 3081 882 3129 et
931 3073 1241 3139 ﬁliationis,
1288 3075 1374 3131 sic
1419 3091 1531 3131 non
1575 3075 1690 3130 erit
1718 3075 1893 3131 Filius
1925 3087 2091 3150 se-c
2117 3078 2334 3125 nonest
2365 3068 2695 3135 substantia,
2729 3068 2827 3122 sed
2855 3063 3466 3138 hypostasistvoﬁms.
3501 3062 3559 3116 id
3586 3069 3693 3126 est.

437 3161 683 3217 eundum
733 3162 888 3231 ipsos
915 3162 1082 3216 unius
1112 3170 1170 3216 et
1218 3163 1486 3233 ejusdem.
1513 3175 1641 3218 cum
1685 3163 1848 3218 Patre
1891 3164 2021 3220 sub-

440 3251 660 3305 stantia
693 3268 706 3303 :
733 3265 856 3319 qua
876 3259 1060 3304 autem
1090 3265 1202 3304 non
1231 3258 1361 3304 sunt
1395 3249 1643 3320 ejusdem
1668 3251 2017 3319 substantia,

441 3357 608 3397 nemo
657 3343 883 3413 negabit
912 3358 1025 3397 non
1059 3359 1182 3398 esse
1225 3343 1743 3399 consubstantialia.
1795 3345 2022 3400 Desinat

439 3450 574 3506 ergo
618 3436 723 3490 ista
769 3437 1071 3492 verborum
1112 3436 1330 3491 vanitas
1375 3451 1593 3501 eorum,
1629 3437 1726 3507 qui
1766 3453 2018 3494 commu-

440 3541 570 3583 nem
603 3537 661 3583 et
708 3528 1107 3598 particularem
1131 3529 1498 3584 substantiam
1524 3528 1752 3583 dicunt:
1787 3529 2020 3592 demon-

439 3629 673 3676 stratum
707 3620 855 3675 enim
905 3628 992 3676 est
1020 3621 1264 3690 copiose,
1318 3635 1428 3674 non
1489 3635 1610 3675 esse
1657 3620 2018 3677 substantiam

442 3710 839 3779 particularem
875 3728 890 3763 :
926 3711 1022 3779 qui
1062 3709 1211 3763 enim
1248 3709 1501 3764 nominat
1541 3709 1853 3779 aliquorum
1889 3712 2020 3767 sub-

439 3799 723 3865 stantiam,
753 3801 1080 3856 necessario
1106 3815 1455 3854 communem
1484 3801 1756 3872 signiﬁcat
1791 3820 2020 3875 :super-

439 3907 750 3946 vaeaneum
793 3891 964 3962 igitur
1007 3899 1093 3946 est
1123 3891 1331 3946 addere
1362 3893 1685 3949 substantia
1718 3912 2015 3966 commune;

442 3983 676 4053 perinde
711 3984 861 4038 enim
897 3992 1016 4049 est,
1050 3992 1122 4038 ut‘
1149 3983 1195 4038 si
1227 3985 1351 4052 quis
1389 3985 1538 4040 dicat
1565 4001 1838 4042 commune
1879 4007 2021 4045 com-

441 4075 764 4128 munitatcm
796 4089 815 4128 :
852 4079 912 4128 et
957 4074 1135 4128 multo
1188 4074 1364 4145 magis
1405 4091 1880 4146 supervacaneum
1918 4089 2020 4138 est

443 4165 631 4220 dicere
681 4163 1074 4235 particularem
1143 4165 1545 4234 substantiam;
1594 4168 1743 4237 quod
1790 4170 2018 4239 quidem

442 4273 555 4312 non
589 4265 673 4313 est
699 4257 849 4312 aliud
875 4271 1040 4328 quam
1065 4257 1252 4313 dicere
1277 4273 1632 4315 communem
1664 4263 2017 4330 particulari-

446 4357 632 4405 tatem.
652 4349 866 4405 Idcirco
883 4349 1142 4404 doctores
1172 4349 1432 4405 Ecclesia
1455 4353 1678 4422 proprie
1707 4353 2013 4423 loquentes,

444 4455 737 4496 commune
783 4441 1008 4512 quidem
1039 4453 1381 4501 vocaverunt
1430 4442 1838 4512 substantiam;
1885 4461 2032 4516 par-.

446 4533 677 4586 ticulare
713 4547 848 4587 vero
890 4533 1007 4587 sive
1053 4531 1312 4600 speciale,
1335 4533 1675 4604 hypostasim
1705 4551 1719 4588 :
1751 4542 1812 4589 ut
1850 4536 2016 4591 homo

447 4639 739 4680 commune
779 4633 903 4689 est;
931 4624 1134 4693 aliquis
1177 4625 1364 4692 homo,
1405 4627 1760 4695 particulare,
1798 4627 1904 4682 hoc
1934 4633 2020 4683 est

447 4717 785 4787 tiypostasis,
809 4715 948 4770 illud
974 4715 1281 4771 substantia
1307 4735 1320 4771 :
1344 4731 1447 4772 nec
1465 4718 1612 4772 enim
1635 4718 1835 4788 aliquis
1853 4719 2019 4775 homo

445 4823 560 4862 non
599 4815 687 4862 est
728 4806 917 4872 homo,
953 4806 1051 4862 sed
1092 4815 1179 4863 est
1233 4807 1456 4879 quidem
1504 4808 1761 4874 ὲνούσιος,
1809 4809 1864 4864 id
1913 4818 2018 4878 est,

445 4900 502 4954 in
547 4898 891 4964 substantia;
939 4914 1051 4954 non
1085 4907 1268 4954 autem
1306 4900 1610 4956 secundum
1659 4899 2022 4956 substantiam

442 4990 843 5060 particularem
873 4999 930 5044 et
964 4999 1272 5060 separatam
1305 5007 1334 5045 a
1371 4991 1673 5055 communi,
1699 4989 1794 5045 sed
1823 5005 2023 5046 secun-

444 5083 580 5136 dum
610 5079 880 5144 eamdem,
919 5081 1223 5136 secundum
1256 5098 1421 5152 quam
1461 5080 1662 5152 singuli
1691 5096 1884 5136 omnes
1921 5082 2024 5138 sub

447 5172 638 5226 eadem
654 5171 836 5242 specie
857 5171 1040 5226 sortiti
1064 5180 1195 5226 sunt
1214 5170 1580 5225 substantiam
1601 5186 1616 5222 :
1644 5171 2024 5241 unusquisque

447 5264 594 5317 enim
624 5261 873 5318 eamdem
905 5277 1032 5317 cum
1053 5260 1286 5333 reliquis
1308 5261 1579 5314 rationem
1607 5259 1806 5330 recipit
1826 5277 1841 5315 :
1860 5261 2026 5317 homo

448 5357 596 5412 enim
653 5367 740 5413 est
771 5358 1084 5412 communis
1145 5357 1334 5419 homo,
1379 5361 1436 5410 et
1475 5353 1678 5426 aliquis
1732 5356 1922 5422 homo,
1970 5367 2028 5413 et

449 5457 650 5505 neuter
685 5457 774 5504 est
807 5451 954 5519 plus,
988 5456 1085 5502 aut
1139 5447 1324 5503 minus
1372 5447 1561 5503 homo.
1603 5449 1823 5504 Filiatio
1858 5450 2026 5522 igitur

525 5571 565 5600 "
606 5571 763 5625 Jnan.
802 5586 932 5634 xvn,
968 5571 1020 5623 6.
1100 5573 1145 5603 ’°
1194 5570 1405 5628 Baruch
1449 5589 1522 5641 Ill,
1574 5572 1763 5630 56-58.
1843 5574 1885 5606 ¹¹
1926 5575 2070 5629 Psal.
2123 5591 2264 5638 χιιι,
2300 5575 2350 5628 l.

2122 3161 2484 3216 substantiam
2516 3161 2747 3216 habens.
2778 3158 2934 3227 Quod
2959 3159 3008 3214 si
3039 3157 3347 3214 substantia
3373 3163 3479 3219 est,
3505 3163 3567 3210 ut
3587 3155 3696 3209 hoc

2121 3267 2274 3311 nunc
2319 3253 2720 3319 concedamus;
2766 3259 2966 3306 at‘non
2993 3256 3079 3306 eSt
3111 3247 3419 3304 substantia
3450 3248 3698 3317 particu-

2121 3341 2288 3398 laris:
2340 3351 2512 3398 totam
2544 3344 2695 3398 enim
2726 3341 3094 3398 substantiam
3128 3341 3340 3411 integre
3378 3339 3564 3403 habet,
3597 3338 3695 3407 qui

2120 3437 2242 3506 ejus
2273 3437 2552 3506 particeps
2581 3445 2692 3492 est.
2714 3437 2918 3493 Verum
2949 3435 3118 3506 igitur
3141 3443 3247 3498 est,
3287 3433 3438 3505 quod
3459 3433 3694 3497 dicitur,

2121 3528 2268 3598 quod
2297 3543 2380 3606 “ex
2419 3528 2636 3583 duabus
2667 3528 2995 3583 substantiis
3031 3525 3297 3597 perfectis
3324 3524 3540 3580 exstitit
3588 3539 3696 3578 una

2121 3617 2435 3690 hypostasis
2479 3618 2707 3685 Christi,
2745 3620 2842 3690 qui
2877 3629 2962 3674 est
3010 3620 3177 3684 Deus,
3224 3618 3369 3674 sicut
3416 3619 3598 3683 Pater,
3649 3618 3696 3672 si

2119 3725 2249 3780 pars
2279 3718 2445 3776 esset,
2476 3717 2534 3766 et
2566 3725 2679 3766 non
2702 3720 2878 3778 totum
2907 3711 3090 3781 :atqui
3117 3710 3264 3780 quod
3290 3710 3436 3766 Deus
3455 3711 3697 3779 appelle-

2122 3788 2232 3864 tur,
2265 3801 2448 3858 statim
2475 3801 2833 3866 docebimus;
2855 3801 3059 3857 deinde
3078 3802 3226 3871 quod
3250 3801 3449 3866 homo;
3482 3809 3696 3871 postea,

2119 3894 2266 3964 quod
2295 3893 2634 3962 compositus
2663 3909 2730 3948 ex
2762 3893 3023 3948 diversis.
3119 3907 3122 3912 '

2192 3985 2336 4040 XIX.
2373 3975 2526 4040 Dixit
2572 3999 2704 4055 ergo
2752 3985 3021 4040 Jeremias
3056 3984 3309 4041 indicans
3347 3986 3511 4040 "hunc
3549 4003 3568 4038 ετ
3601 3984 3702 4039 Hic

2121 4087 2196 4132 est
2228 4078 2365 4131 Deus
2403 4087 2598 4140 noster,
2639 4086 2689 4130 et
2726 4093 2832 4130 non
2874 4061 3226 4131 cestimabitur
3269 4077 3406 4132 alius
3446 4078 3702 4131 adversus

2119 4183 2257 4220 eum.
2286 4167 2383 4220 Hic
2411 4166 2680 4219 adinvenit
2721 4181 2930 4220 omnem
2967 4158 3446 4236 viamdisciplinai,
3479 4175 3526 4220 et
3557 4166 3702 4220 dedit

2119 4257 2285 4312 illam
2315 4256 2477 4311 Iacob
2517 4272 2680 4327 puero
2720 4273 2836 4320 suo,
2880 4264 2929 4310 et
2967 4256 3136 4311 Israel
3181 4257 3370 4312 dilecto
3415 4275 3533 4312 suo.
3572 4257 3698 4313 Post

2119 4348 2228 4402 lucc
2251 4350 2308 4401 in
2333 4349 2486 4401 terris
2515 4348 2656 4401 visus
2695 4357 2791 4412 est,
2819 4357 2867 4401 et
2895 4363 3013 4401 cum
3037 4349 3331 4402 hominibus
3364 4342 3694 4402 conversatus

2121 4449 2194 4494 est
2221 4441 2287 4494 ‘°.
2329 4438 2487 4506 Quod
2519 4448 2703 4493 autem
2735 4439 2840 4494 hoc
2869 4439 3196 4494 vaticinium
3244 4440 3313 4495 de
3349 4439 3575 4496 Christo
3619 4441 3694 4494 di-

2119 4541 2269 4587 ctum
2305 4532 2398 4596 sit,
2427 4532 2588 4601 pla‘ne
2615 4531 2960 4586 demonstrat
2987 4531 3338 4586 conversatio
3361 4547 3487 4588 cum
3525 4533 3693 4587 homi-

2123 4624 2306 4687 nibus,
2361 4622 2587 4692 quando
2637 4637 2861 4688 carnem
2927 4623 3175 4692 suscepit
3234 4623 3400 4683 Deus.
3461 4623 3533 4678 de
3593 4640 3699 4693 quo

2123 4714 2298 4771 David
2328 4715 2541 4785 plectro
2573 4714 2810 4770 chordas
2857 4714 3182 4784 percutiens
3238 4715 3475 4770 canebat
3516 4733 3530 4770 :
3564 4715 3698 4769 Deus

2126 4809 2342 4862 deorum
2392 4802 2544 4861 Deus
2582 4806 2784 4860 locutus
2815 4815 2912 4871 est,
2946 4815 2995 4859 et
3031 4809 3236 4861 vocavit
3273 4809 3572 4872 terram“;
3601 4815 3696 4862 et:

2127 4897 2268 4952 Deus
2310 4897 2587 4968 manifeste
2620 4899 2789 4952 veniet
2830 4898 2896 4952 ".
2929 4896 2998 4951 Et
3027 4911 3099 4952 ne
3143 4896 3287 4951 forte
3317 4897 3602 4952 existimes
3636 4897 3700 4951 de

2128 4991 2236 5045 alio
2285 4989 2568 5060 quopiam,
2614 5003 2780 5058 quam
2830 4988 2898 5042 de
2952 4989 3074 5058 ipso
3113 4987 3362 5058 praedici,
3393 4987 3548 5057 quod
3573 4987 3702 5041 sub-

2125 5083 2308 5154 jungit
2356 5080 2602 5137 declarat
2630 5097 2755 5136 eum
2791 5096 2933 5144 esse,
2967 5079 3062 5148 qui
3094 5087 3423 5149 potestatem
3448 5079 3644 5149 judicii
3673 5095 3702 5132 a

2125 5175 2284 5230 Patre
2327 5172 2559 5242 accepit,
2615 5173 2746 5241 quia
2803 5171 2976 5226 Filius
3024 5170 3268 5224 hominis
3300 5179 3417 5235 est;
3451 5169 3703 5239 sequitur

2122 5267 2310 5322 enim:
2345 5264 2490 5336 Ignis
2523 5265 2580 5318 in
2618 5271 2895 5334 conspectu
2920 5262 3032 5332 ejus
3061 5261 3284 5324 ardebit,
3322 5271 3370 5315 et
3403 5262 3460 5314 in
3483 5263 3701 5315 circuitu

2125 5360 2239 5428 ejus
2280 5366 2560 5428 tempestas
2586 5355 2802 5410 valida:
2834 5353 3106 5408 advocabit
3129 5353 3315 5407 calum
3345 5353 3623 5408 desursum
3656 5358 3704 5406 et

2127 5462 2348 5517 terram,
2388 5451 2681 5505 discernere
2727 5446 2982 5518 populant
3032 5462 3187 5500 suum
3221 5446 3289 5500 ".
3333 5445 3493 5513 Quod
3523 5454 3708 5502 autem

2428 5575 2472 5604 ¹²
2516 5573 2650 5627 ibid.
2707 5572 2760 5625 5.
2836 5568 2880 5602 ’³
2914 5567 3049 5622 ibid.
3085 5569 3137 5633 '5,
3174 5568 3222 5622 4.

1763 5690 1992 5747 VARUE
2036 5691 2442 5748 LECTIONES.

530 5764 548 5789 ’-
575 5753 861 5821 Iutc‘gram.
900 5758 1020 5831 ἀκὶ(
1043 5776 1178 5814 αιον.
