4020 6146
279 296 413 362 1345

1254 299 1537 362 ORATIO
1577 301 1690 364 III.
1729 325 1796 336 -
1826 301 1924 360 DE
1963 301 2554 364 INCARNATIONE.

3396 302 3533 368 1346

277 407 442 466 Pater
481 425 584 463 non
623 409 832 480 judicat
871 425 1190 480 quemquam
1232 410 1300 478 “,
1347 426 1414 465 ex
1465 412 1585 481 ipso
1615 409 1852 466 Domino
1881 412 1926 467 Α
1955 412 2258 480 prophetas
2303 411 2604 476 hominem,
2643 408 2741 480 qui
2789 417 2873 465 est
2909 409 3114 481 alioqui
3143 410 3306 470 Deus.
3344 411 3534 468 Relin-

273 502 605 557 sudivimus.
635 504 782 558 Deus
821 505 988 574 igitur
1015 504 1326 576 dijudicans
1365 507 1627 575 populum
1662 521 1844 572 suum,

273 592 528 650 Christus
574 604 662 650 est
711 596 1018 652 secundum
1061 597 1483 652 humanitatem.

345 685 462 742 XX.
504 686 564 740 In
603 687 852 742 eamdem
895 687 1231 743 sententiam
1285 688 1496 743 dictum
1543 697 1629 743 est
1666 689 1844 744 illud:

276 774 414 830 Deus
459 780 600 831 stetit
640 781 696 833 in
729 796 1002 850 synagoga
1053 780 1305 844 deorum;
1361 781 1419 834 in
1467 781 1636 835 medio
1675 789 1858 836 autem

277 866 397 920 deos
437 868 746 937 dijudicabit
777 871 844 923 ".
880 868 1095 923 Clamat
1123 877 1391 938 praeterea
1421 870 1593 925 Oseas
1628 885 1695 924 ex
1723 885 1852 940 per-

277 973 410 1014 sona
448 961 570 1030 ejus
603 961 966 1031 prephetans,
993 971 1051 1015 et
1075 961 1268 1016 dicens
1306 979 1319 1014 :
1357 961 1494 1016 Deus
1524 978 1641 1016 sum
1671 972 1720 1016 et
1747 979 1852 1016 non

277 1050 462 1114 homo;
490 1052 546 1104 in
590 1059 638 1102 te
664 1058 880 1104 sanctus
917 1052 982 1104 “.
1016 1051 1085 1105 Et
1106 1051 1276 1106 Isaias
1306 1051 1375 1106 ad
1405 1067 1532 1105 eum
1561 1051 1808 1108 referens
1833 1071 1848 1106 :

275 1137 340 1194 In
374 1149 444 1205 te,
477 1141 678 1210 inquit,
717 1151 792 1195 est
824 1141 984 1208 Deus,
1021 1150 1073 1196 et
1111 1159 1215 1196 non
1250 1152 1326 1196 est
1369 1143 1508 1197 alius
1536 1152 1726 1214 prater
1782 1159 1849 1200 te.

278 1231 351 1284 Tu
373 1233 514 1285 enim
535 1247 586 1284 es
605 1231 767 1297 Deus,
788 1240 839 1284 et
868 1234 1200 1298 nescivimus,
1220 1231 1359 1287 Deus
1391 1234 1564 1288 Israel
1594 1234 1850 1290 salvator.

278 1318 703 1391 Confundentur,
736 1331 785 1374 et
817 1323 1189 1378 reuerebuntur
1220 1340 1403 1378 omnes
1445 1326 1538 1394 qui
1565 1325 1854 1380 aduersan-

281 1419 367 1465 tur
386 1413 434 1465 ei
463 1414 532 1465 ".
568 1412 726 1478 Quod
750 1421 934 1468 autem
969 1414 1145 1469 Judaei
1186 1423 1244 1470 et
1267 1415 1405 1485 legis
1437 1415 1696 1471 doctores
1730 1433 1858 1487 pro-

282 1512 407 1572 pter
441 1503 832 1561 indumentum
887 1505 1073 1559 carnis
1103 1507 1154 1560 ei
1209 1506 1488 1561 adversati
1539 1517 1689 1576 sunt,
1739 1525 1856 1564 ma-

280 1596 547 1651 nifestum
595 1605 700 1652 est.
752 1597 888 1652 Cum
931 1597 1080 1651 enim
1135 1597 1484 1667 ignoraretur
1535 1600 1660 1669 quis
1713 1610 1859 1656 esset

279 1689 374 1758 qui
409 1689 464 1742 in
517 1689 697 1744 aliena
746 1682 920 1744 forma
958 1689 1318 1754 cernebatur,
1373 1690 1637 1747 audiebat
1678 1693 1748 1747 ab
1794 1693 1860 1749 iis

1949 505 2183 574 quitur;
2218 515 2279 558 ut
2334 519 2400 559 ex
2446 503 2654 558 eisdem
2697 502 3000 572 Scripturis
3047 503 3401 558 manifestum
3450 504 3534 560 fa-

1949 594 2181 660 ciamus,
2214 594 2492 664 quomodo
2535 593 2680 648 idem
2723 593 2868 647 Deus
2899 601 2984 646 est
3016 592 3179 647 simul
3225 594 3424 660 homo;
3475 608 3538 648 ut

1949 702 2072 756 quae
2140 687 2382 741 diximus
2427 685 2814 742 auctoritatem
2871 683 3154 750 habeant,
3199 684 3539 740 testimoniis

1951 779 2373 848 Scripturarum
2418 778 2766 832 conﬁrmata.
2799 776 3103 832 Considera
3155 775 3324 846 igitur
3376 777 3534 842 mihi,

1951 887 2020 924 an
2068 871 2174 925 hoc
2223 871 2590 940 compositum
2635 869 2806 923 David
2840 869 2896 922 in
2925 869 3217 938 aenigmate
3266 868 3538 938 signiﬁcet

1952 962 2010 1016 in
2055 963 2268 1031 psalmo
2315 961 2738 1032 quadragesimo
2794 970 3028 1030 quarto,
3087 959 3183 1030 qui
3236 959 3539 1028 inscriptus

1952 1065 2038 1108 est
2077 1071 2090 1107 :
2124 1053 2228 1107 Pro
2263 1054 2610 1107 immutandis
2655 1053 2726 1107 ad
2779 1051 3106 1106 intellectum
3144 1053 3412 1105 canticum
3443 1066 3541 1120 pro

1955 1141 2144 1198 dilecto
2165 1145 2231 1197 ³⁸.
2257 1145 2502 1199 Dilectus
2529 1147 2714 1198 autem
2742 1152 2828 1198 est
2851 1143 3007 1198 solus
3047 1143 3241 1208 Filius,
3279 1153 3335 1196 ut
3370 1151 3543 1197 testa-

1958 1241 2047 1288 tur
2072 1235 2435 1306 Evangelium
2469 1237 2525 1289 in
2565 1251 2676 1304 quo
2705 1251 2809 1290 vox
2840 1235 3020 1289 Patris
3049 1234 3226 1288 fertur
3248 1250 3372 1304 quae
3400 1234 3541 1288 dixit

1955 1323 2178 1379 Christo
2235 1343 2264 1382 :,
2302 1326 2378 1379 Tu
2421 1342 2474 1378 es
2523 1325 2689 1379 Filius
2719 1341 2863 1379 meus
2893 1325 3112 1377 dilectus
3144 1325 3212 1376 ³⁸.
3260 1324 3362 1379 Hic
3391 1323 3537 1378 enim

1957 1425 2203 1471 mutatus
2245 1425 2332 1471 est
2365 1416 2545 1471 factus
2591 1417 2779 1481 homo,
2827 1432 2938 1470 non
2979 1416 3284 1470 mutatione
3329 1425 3541 1470 naturae

1958 1508 2340 1575 immutabilis,
2378 1510 2473 1564 sed
2519 1509 2893 1578 assumptione
2935 1509 3164 1563 alterius
3194 1528 3206 1563 :
3237 1508 3360 1562 Haec
3391 1510 3538 1562 enim

1958 1607 2035 1652 est
2057 1602 2279 1653 mutatio
2307 1600 2538 1654 dextera:
2560 1599 2817 1654 Altissimi
2851 1599 2917 1664 ‘°,
2942 1615 3064 1669 quae
3085 1599 3228 1654 facta
3254 1606 3358 1662 est,
3391 1598 3540 1667 quod

1959 1707 2070 1746 non
2112 1701 2250 1747 erat.
2303 1692 2411 1746 Aut
2458 1692 2583 1746 sic:
2627 1691 2734 1746 Pro
2771 1691 3117 1745 immutandis
3165 1689 3402 1760 gentibus
3443 1703 3540 1758 per
3616 1701 3622 1710 '

277 1781 372 1848 qui
422 1781 792 1850 ignorabant:
824 1779 1002 1845 Quare
1039 1790 1117 1845 tu,
1154 1782 1308 1836 homo
1351 1798 1472 1836 cum
1504 1784 1596 1848 sis,
1635 1783 1763 1853 facis
1809 1793 1859 1839 te
1893 1763 1935 1819 Β
1968 1785 2169 1855 ipsum.
2210 1784 2269 1837 In
2311 1783 2418 1838 hoc
2456 1783 2624 1854 igitur
2673 1783 2884 1853 psalmo
2935 1798 3029 1853 pro
3072 1780 3283 1846 dilecto,
3310 1780 3399 1834 vel
3445 1795 3540 1850 pro

275 1870 449 1940 ipsum
478 1869 644 1924 Deum
679 1871 765 1923 ⁸δῖ
798 1871 862 1924 Ili
895 1871 1065 1940 igitur
1092 1871 1508 1928 confundentur
1541 1873 1857 1944 aliquando,

276 1979 400 2019 cum
432 1962 748 2032 intelligent
793 1961 1083 2016 veritatem
1135 1977 1261 2016 cum
1291 1963 1509 2033 pudore
1559 1966 1864 2035 superioris

280 2053 625 2126 ignorantiae.
659 2055 839 2122 Atque
869 2053 985 2108 haec
1027 2055 1301 2109 hactenus
1337 2073 1350 2108 :
1381 2071 1531 2112 nunc
1579 2072 1647 2111 ex
1672 2058 1862 2116 multis

279 2161 451 2215 pauca
474 2160 596 2214 qua;
633 2144 1014 2198 testimonium
1037 2144 1294 2199 tribuunt
1318 2145 1592 2202 divinitati
1631 2147 1857 2215 Christi,

275 2245 339 2290 et
380 2235 553 2289 Deum
602 2250 726 2290 esse
764 2250 892 2290 eum
941 2250 1066 2290 cum
1116 2251 1284 2291 carne
1318 2235 1718 2294 demonstrant.

352 2325 498 2379 XXI.
536 2325 692 2393 Quod
725 2335 909 2382 autem
941 2327 1110 2382 homo
1145 2339 1252 2393 est,
1302 2344 1500 2384 rursus
1531 2345 1600 2384 ex
1648 2330 1859 2386 eisdem

281 2415 587 2486 Seripturis
638 2417 878 2488 Spiritus
915 2418 1091 2472 sancti
1141 2433 1243 2490 pro
1273 2419 1421 2474 virili
1461 2429 1617 2488 parte
1649 2423 1862 2491 patefa-

272 2506 513 2561 ciemus.
555 2508 748 2562 Primo
783 2508 950 2578 igitur
976 2508 1147 2564 Isaias
1173 2519 1464 2580 postquam
1490 2526 1617 2565 eum
1651 2513 1863 2568 vocavit

278 2613 538 2671 puerum,
588 2609 648 2655 et
672 2601 884 2672 virgam
916 2616 985 2656 ex
1013 2601 1204 2658 radice
1232 2603 1386 2659 Iesse
1417 2615 1616 2670 ortam,
1646 2616 1703 2662 et
1731 2608 1862 2663 Em-

281 2690 618 2756 manuelem,
663 2699 722 2746 et
770 2707 978 2747 marem
1026 2708 1096 2748 ex
1135 2694 1487 2763 prophetissa
1534 2703 1745 2759 natum,
1807 2708 1863 2753 et

277 2788 575 2853 postquam
625 2781 933 2836 nominavit
964 2797 1092 2836 eum
1142 2781 1398 2837 Celeriter
1435 2783 1627 2854 spolia,
1678 2795 1727 2839 et
1747 2789 1861 2841 cito

282 2872 527 2942 prcedere
559 2873 640 2935 ὀς
694 2871 842 2927 hunc
870 2873 1052 2942 ipsum
1096 2872 1186 2928 his
1216 2873 1404 2929 verbis
1445 2875 1739 2932 nominans
1765 2877 1860 2932 ho-

283 2963 489 3017 minem
523 2981 536 3016 :
569 2962 641 3016 Et
676 2962 924 3030 uidimus,
977 2965 1177 3033 inquit,
1227 2981 1368 3030 eum,
1399 2976 1450 3021 et
1489 2983 1594 3021 non
1639 2969 1862 3023 habebat

280 3057 506 3125 speciem
541 3071 708 3126 neque
733 3057 1220 3128 pulchritudinem;
1252 3060 1346 3118 sed
1387 3061 1586 3130 species
1617 3063 1739 3130 ejus
1778 3063 1862 3116 in-

281 3152 547 3205 honorata
586 3165 604 3204 :
635 3149 881 3217 deﬁciens
919 3158 1112 3219 pra'ter
1160 3167 1340 3206 omnes
1381 3153 1617 3207 homines
1650 3170 1668 3208 :
1711 3155 1862 3208 homo

279 3243 338 3295 in
373 3241 535 3311 plaga
586 3242 860 3305 exsistens,
895 3249 946 3294 et
987 3244 1155 3296 sciens
1203 3243 1342 3313 ferre
1383 3243 1753 3312 inﬁrmitatem
1797 3247 1862 3302 ³⁸⁵.

284 3333 353 3386 Et
417 3347 611 3387 rursus
660 3331 830 3386 David
900 3334 1238 3402 psalmorum
1297 3335 1559 3405 scriptor,
1618 3336 1864 3393 divinam

283 3421 460 3492 lyram
490 3422 736 3490 plectens
765 3439 777 3473 :
807 3419 965 3486 Quid,
991 3421 1192 3492 inquit,
1219 3430 1296 3477 est
1315 3424 1469 3477 homo
1499 3431 1637 3495 quod
1667 3442 1866 3480 memor

283 3531 337 3567 es
368 3515 482 3584 ejus
503 3515 529 3564 .‘l
569 3522 662 3567 aut
701 3512 869 3566 Filius
902 3515 1149 3579 hominis,
1185 3515 1312 3584 quia
1346 3516 1532 3570 visitas
1578 3518 1741 3571 eum?
1766 3517 1866 3570 Mi-

285 3607 447 3660 nuisti
487 3622 607 3659 eum
648 3604 811 3675 paulo
859 3606 1034 3658 minus
1063 3604 1126 3658 ab
1147 3605 1358 3674 angelis
1401 3606 1863 3662 ".——Minoratus

283 3705 385 3762 est,
421 3700 593 3763 enim,
629 3708 691 3754 ut
739 3697 943 3752 Paulus
989 3697 1065 3751 ait
1102 3715 1116 3750 :
1156 3696 1318 3767 paulo
1347 3699 1522 3752 minus
1566 3717 1729 3770 quam
1763 3716 1864 3753 an-

283 3790 411 3861 geli,
433 3791 612 3845 factus
642 3790 831 3854 homo,
857 3799 1072 3860 propter
1101 3791 1397 3860 passionem
1418 3793 1605 3846 mortis
1633 3808 1651 3845 :
1669 3807 1863 3862 quam-

283 3883 477 3938 obrem
531 3883 704 3952 gloria
770 3891 822 3936 et
870 3885 1067 3937 honore
1121 3891 1406 3936 coronatus
1455 3891 1531 3936 est
1565 3885 1633 3948 ”,
1672 3899 1866 3940 omnes

281 3983 480 4045 gentes
505 3989 606 4043 pro
639 3973 841 4042 quibus
871 3981 1110 4026 mortem
1151 3973 1344 4038 subiit,
1399 3975 1454 4028 in
1487 3975 1862 4031 haereditatem

282 4065 566 4133 accipiens
590 4082 602 4117 :
629 4064 746 4118 haec
767 4063 918 4116 enim
948 4070 1069 4116 erat
1097 4061 1270 4133 gloria
1295 4079 1457 4133 quam
1481 4065 1624 4134 apud
1647 4065 1864 4120 Patrem

281 4156 526 4220 habebat,
573 4164 860 4225 antequam
920 4153 1148 4209 mundus
1199 4155 1352 4224 ﬁeret
1383 4157 1446 4210 ³³.
1469 4157 1700 4227 Propter
1723 4157 1864 4212 hanc

282 4250 448 4305 scivit
492 4248 640 4304 ferre
695 4247 1094 4315 inﬁrmitatem,
1125 4257 1184 4302 ut
1214 4264 1338 4318 qua:
1369 4250 1629 4304 universo
1658 4249 1863 4306 mundo

285 4341 575 4396 sanitatem
624 4340 911 4394 aﬁcrcbat.
944 4337 1044 4394 llic
1083 4341 1251 4409 igitur
1291 4340 1397 4396 etsi
1430 4341 1722 4397 videbatur
1751 4356 1862 4395 non

283 4432 492 4488 habere
538 4432 782 4502 speciem
828 4431 913 4484 vel
950 4431 1468 4500 pulchritudinem:
1514 4433 1653 4487 Erat
1685 4443 1860 4488 tamen
1894 4459 1937 4514 ι)

281 4519 542 4586 speciosus
590 4519 763 4587 forma
794 4534 903 4588 pra:
923 4518 1051 4587 ﬁliis
1087 4521 1357 4574 hominum
1389 4522 1453 4575 ".
1497 4522 1667 4577 Filius
1713 4523 1863 4577 enim

281 4621 404 4664 erat
447 4610 569 4675 Dei,
621 4622 677 4665 et
732 4611 908 4666 Filius
961 4611 1202 4667 hominis
1258 4614 1637 4680 conﬁrmatus,
1689 4623 1746 4670 et
1787 4616 1869 4670 vir

282 4703 515 4757 dextera:
565 4720 594 4758 a
647 4703 858 4773 Spiritu
910 4715 1101 4759 sancto
1148 4715 1394 4761 vocatus.
1468 4705 1611 4773 Fiat,
1663 4708 1864 4778 inquit,

284 4813 475 4851 manus
515 4801 607 4850 tua
634 4814 792 4867 super
839 4797 1012 4850 virum
1046 4799 1274 4854 dexterae
1315 4809 1438 4866 tute,
1473 4809 1522 4852 et
1564 4817 1722 4871 super
1774 4801 1866 4855 Fi-

284 4887 415 4942 lium
451 4890 675 4942 hominis
727 4903 881 4960 quem
921 4888 1250 4957 conﬁrmasti
1281 4891 1374 4944 tibi
1402 4891 1466 4943 ³⁸.
1511 4893 1724 4946 Dicitur
1777 4892 1864 4946 vir

282 4976 502 5044 Oriens,
551 4979 855 5034 secundum
899 4980 1249 5049 pr0phetiam
1277 4981 1556 5036 Zachariae
1587 4984 1858 5037 cumait:

285 5070 420 5125 Ecce
450 5072 551 5135 vir,
602 5071 790 5126 Oriens
844 5060 1037 5126 nomizn
1089 5073 1201 5142 ejus
1235 5073 1278 5104 ³⁸
1309 5092 1323 5126 :
1355 5088 1561 5127 marem
1609 5073 1757 5127 enim
1795 5089 1864 5128 ex

283 5161 634 5234 prophetissa
679 5162 913 5227 editum,
948 5172 1013 5217 ut
1040 5162 1210 5217 Isaias
1254 5162 1746 5234 evangelizavit",
1781 5179 1868 5218 re-

283 5254 423 5325 liqui
464 5253 800 5324 interpretes
839 5263 1183 5310 vocaverunt
1215 5255 1408 5309 virum.

355 5345 526 5402 XXII.
561 5346 1012 5401 Demonstratum
1037 5362 1172 5418 ergo
1199 5354 1287 5403 est
1306 5346 1497 5402 vocari
1533 5348 1700 5402 etiam
1723 5346 1868 5415 apud

355 5501 400 5531 “
448 5501 607 5556 Joan.
654 5517 704 5562 ν,
738 5499 827 5554 ﬁ“).
904 5501 950 5532 ”
987 5502 1130 5556 Psal.
1168 5517 1344 5566 LXXXI,
1383 5500 1436 5554 I.

283 5585 403 5631 vni,
456 5576 506 5624 1.

528 5712 611 5766 Η.

290 5725 471 5778 ιιινι,
528 5712 611 5766 II.
690 5712 733 5742 “
791 5711 938 5768 Psal.

585 5541 607 5555 .
654 5517 704 5562 ν,
738 5499 827 5554 ﬁ“).
904 5501 950 5532 ”
987 5502 1130 5556 Psal.
1168 5517 1344 5566 LXXXI,
1383 5500 1436 5554 I.
1535 5500 1580 5532 "
1611 5499 1752 5555 Osee
1795 5516 1868 5564 xl,
1906 5498 1960 5554 9.
2060 5499 2104 5532 "
2136 5500 2240 5556 Isa.
2286 5517 2404 5562 λιν,
2457 5500 2640 5555 Il-lﬁ.
2735 5500 2781 5531 ⁸⁸
2823 5499 2900 5555 lo:

585 5571 628 5602 ³⁸
665 5571 768 5625 Isa.
807 5586 916 5634 LIII,
952 5571 1008 5636 2,
1044 5571 1098 5626 5.
1178 5573 1218 5602 ³¹
1253 5571 1397 5626 Psal.
1450 5587 1566 5633 vnt,
1617 5570 1672 5633 5,
1715 5571 1767 5625 6.
1844 5569 1888 5602 ³⁸
1935 5568 2103 5624 Ilebr.
2160 5587 2215 5636 ιι,
2252 5565 2304 5632 7,
2338 5564 2437 5618 9."
2483 5572 2638 5626 Joan.
2672 5585 2798 5633 xm,
2851 5570 2900 5622 5.

289 5641 337 5674 ³⁸
377 5641 517 5695 Psal.
558 5656 736 5705 Lxxlx,
786 5640 872 5696 18.
950 5642 996 5673 ³⁶
1043 5642 1210 5697 Zacb.
1247 5657 1321 5706 vr,
1369 5640 1456 5694 12.
1535 5640 1578 5671 ³⁷
1627 5640 1730 5695 Isa.
1767 5655 1879 5704 vm,
1932 5640 1986 5694 5.

1023 5727 1168 5781 xuv,
1224 5712 1278 5780 5,
1323 5710 1376 5766 8.
1453 5710 1496 5743 δ’
1537 5710 1692 5767 loan.
1736 5727 1826 5778 xx,
1861 5712 1945 5766 I7.

1967 1877 2314 1931 imtnutandis
2359 1877 2438 1930 ait
2479 1875 2688 1930 David:
2732 1873 3006 1944 Speciosus
3058 1873 3229 1941 forma
3271 1887 3381 1941 pra:
3413 1870 3540 1938 ﬁliis

1968 1969 2272 2033 hominum;
2300 1968 2489 2039 diffusa
2520 1974 2595 2021 est
2623 1968 2799 2037 gratia
2833 1967 2888 2019 in
2933 1964 3083 2018 labiis
3123 1965 3225 2017 tuis
3256 1979 3273 2016 :
3301 1969 3544 2033 prepter-

1968 2075 2031 2112 ea
2067 2061 2220 2113 unxit
2244 2067 2294 2112 te
2333 2059 2494 2122 Deus,
2536 2057 2674 2111 Deus
2717 2065 2858 2120 tuus,
2893 2055 3006 2109 oleo
3033 2054 3401 2108 exsultationis
3430 2067 3542 2123 prie

1967 2151 2313 2221 participibus
2339 2153 2442 2204 tuis
2482 2149 2550 2202 δι.
2586 2149 2742 2215 Quod
2769 2147 3116 2202 manifestius
3147 2145 3279 2200 fecit
3311 2144 3451 2198 alius
3471 2159 3541 2198 ex

1968 2243 2390 2314 interpretibus,
2423 2242 2716 2313 inquiens:
2757 2241 2916 2296 Unxit
2959 2248 3008 2293 te
3034 2239 3195 2302 Deus,
3223 2237 3362 2291 Deus
3391 2247 3540 2302 tuus;

1967 2337 2194 2407 ungitur
2223 2335 2372 2390 enim
2403 2336 2550 2390 Deus
2577 2350 2606 2388 a
2630 2335 2763 2398 Deo,
2797 2348 2906 2386 non
2932 2340 3208 2401 quatenus
3247 2329 3412 2394 Deus,
3443 2328 3538 2382 sed

1966 2437 2240 2497 quatenus
2270 2427 2441 2482 Filius
2486 2425 2746 2481 hominis.
2781 2424 2918 2480 Cum
2961 2423 3109 2478 enim
3134 2430 3382 2476 vocasset
3411 2435 3538 2474 eum

1967 2519 2142 2573 ﬁlium
2198 2518 2458 2583 hominis,
2508 2519 2798 2589 speciosum
2851 2517 3022 2586 forma
3055 2529 3165 2585 pra;
3195 2512 3321 2581 [iliis
3368 2511 3539 2565 homi-

1967 2595 2129 2678 num;
2149 2625 2216 2666 ne
2247 2610 2342 2681 qui
2365 2609 2506 2665 forte
2529 2625 2627 2680 per
2655 2607 2984 2678 imperitiam
3013 2603 3295 2659 hominem
3327 2609 3540 2663 tantum

1967 2719 2089 2759 esse
2135 2703 2574 2773 suspicarentur,
2609 2701 2794 2755 divina
2845 2698 3019 2770 gratia
3067 2711 3178 2766 pm
3209 2695 3333 2749 aliis
3365 2693 3543 2748 homi-

1968 2795 2136 2848 nibus
2173 2793 2516 2858 decoratum,
2554 2807 2680 2847 eum
2717 2791 2980 2860 deinceps
3008 2789 3178 2842 Deum
3212 2784 3541 2848 nominavit,

1969 2886 2230 2957 inquiens
2272 2903 2286 2938 :
2335 2884 2495 2940 Unait
2538 2892 2585 2937 te
2622 2883 2782 2948 Deus,
2825 2881 2964 2936 Deus
3002 2890 3122 2934 tuus
3170 2879 3282 2932 oleo
3313 2876 3544 2930 exsulta-

1970 2979 2128 3032 tionis
2159 2992 2269 3047 pro:
2313 2977 2658 3047 participibus
2699 2977 2822 3029 tuis.
2870 2973 3079 3028 Similia
3116 2972 3204 3026 his
3234 2978 3385 3034 sunt,
3423 2985 3545 3038 qua:

1969 3067 2236 3122 Dominus
2265 3083 2294 3121 a
2316 3065 2552 3121 mortuis
2573 3064 2870 3119 suscitatus
2900 3061 3038 3115 dixit
3058 3061 3240 3114 Maria:
3268 3077 3282 3112 :
3308 3059 3545 3112 Ascendo

1969 3157 2040 3209 ad
2078 3155 2300 3210 Patrem
2334 3171 2509 3208 meum
2538 3162 2586 3206 et
2618 3152 2835 3206 Patrem
2879 3158 3131 3214 uestrum,
3183 3147 3349 3200 Deum
3373 3163 3543 3200 meum

1967 3253 2018 3299 et
2059 3245 2230 3298 Deum
2278 3253 2510 3299 vestrum
2551 3244 2617 3296 “.
2667 3242 2838 3296 Nemo
2887 3249 3072 3295 autem
3123 3247 3208 3294 est
3257 3246 3546 3306 tantopere

1967 3351 2132 3390 sensu
2183 3335 2385 3390 mentis
2435 3350 2593 3404 puer,
2647 3341 2707 3386 ut
2754 3331 3069 3401 suspicetur
3109 3345 3236 3384 eum
3273 3329 3366 3397 qui
3416 3343 3544 3381 vere

1965 3427 2113 3481 Deus
2155 3435 2258 3490 est,
2313 3425 2539 3494 proprie
2596 3422 2705 3476 dici
2757 3436 2918 3490 posse
2966 3418 3170 3472 habere
3200 3418 3406 3480 Deum;
3443 3428 3546 3468 nec

1964 3532 2090 3572 eum
2125 3517 2220 3587 qui
2263 3517 2429 3570 homo
2477 3523 2690 3570 tantum
2723 3513 2816 3576 sit,
2844 3513 3061 3566 Patrem
3091 3523 3289 3562 vocare
3320 3504 3544 3576 proprie

1965 3609 2140 3662 Deum
2194 3621 2377 3661 suum.
2416 3605 2522 3660 Sed
2571 3603 2702 3674 quia
2731 3603 2838 3656 hoc
2862 3611 2919 3656 et
2948 3600 3084 3654 illud
3118 3608 3203 3654 est
3234 3597 3288 3652 in
3322 3597 3540 3661 eodem,

1963 3698 2114 3752 Deus
2158 3697 2321 3752 simul
2359 3703 2414 3751 et
2450 3695 2639 3762 homo,
2673 3702 2973 3762 utrumque
3001 3690 3223 3760 proprie
3269 3704 3392 3744 esse
3418 3703 3541 3742 cer—

1964 3787 2160 3842 nitur:
2197 3785 2371 3840 Filius
2401 3785 2553 3840 enim
2587 3791 2694 3849 est,
2731 3790 2788 3836 et
2820 3797 3046 3846 servus;
3081 3780 3289 3835 idcirco
3322 3778 3542 3848 proprie

1964 3887 2126 3934 vocat
2153 3880 2350 3943 Deum,
2381 3878 2546 3933 simul
2592 3877 2764 3931 Deum
2795 3883 2852 3929 et
2888 3875 3106 3929 Patrem
3135 3892 3147 3928 :
3179 3873 3398 3927 Patrem
3422 3867 3544 3938 qui-

1950 3973 2092 4028 dem
2123 3983 2186 4028 ut
2217 3973 2440 4028 Patrem
2467 3971 2589 4036 Dei,
2618 3971 2788 4025 Deum
2818 3983 2952 4024 vero
2987 3976 3048 4021 ut
3077 3967 3249 4022 Deum
3278 3963 3539 4018 hominis.

1963 4065 2086 4120 Non
2139 4065 2289 4119 enim
2352 4070 2538 4135 potest
2589 4062 2716 4132 quis
2773 4077 3069 4133 separare,
3121 4073 3244 4129 qua:
3296 4053 3542 4125 separari

1963 4171 2075 4211 non
2114 4163 2370 4226 possunt.
2397 4155 2527 4209 dum
2564 4152 2818 4209 Christus
2847 4165 2951 4218 est,
2989 4151 3083 4222 qui
3113 4165 3179 4206 ex
3208 4149 3293 4204 his
3321 4159 3543 4216 compo-
3606 4201 3618 4213 ,

1964 4247 2104 4302 situs
2144 4255 2249 4303 est.

2035 4337 2228 4393 XXIII.
2269 4337 2425 4392 Unde
2490 4337 2757 4392 adversus
2801 4351 2919 4400 eos,
2969 4335 3063 4404 qui
3107 4341 3331 4404 propter
3379 4330 3540 4384 indu-

1965 4439 2213 4484 mentum
2259 4429 2446 4484 carnis
2471 4428 2701 4496 decepti
2751 4435 2900 4493 sunt,
2945 4425 3370 4492 existimantque
3414 4437 3540 4489 pro-

1967 4522 2186 4592 phetam
2252 4531 2504 4576 sanctum
2560 4535 2682 4575 esse
2738 4535 2886 4583 eum,
2924 4517 3210 4586 viderique
3260 4515 3540 4570 hominem

1968 4619 2217 4678 tantum;
2262 4611 2338 4666 ait
2376 4612 2642 4666 Dominus
2684 4625 2783 4680 per
2828 4609 3148 4664 Zachariam
3178 4607 3536 4677 prophetam:

1965 4704 2086 4760 Non
2139 4722 2256 4759 sum
2295 4721 2394 4784 _ego
2444 4705 2720 4776 propheta,
2777 4706 2902 4775 quia
2941 4705 3094 4757 homo
3125 4700 3305 4772 genuit
3349 4715 3430 4752 me
3475 4698 3539 4752 ab

1967 4793 2323 4849 adolescentia
2373 4811 2490 4849 mea
2528 4795 2600 4861 ης
2651 4794 2705 4848 id
2740 4804 2864 4849 est:
2900 4795 2980 4849 Ne
3017 4791 3322 4854 existimes,
3352 4789 3448 4861 qui
3472 4804 3541 4843 ex

1968 4887 2192 4943 homine
2246 4889 2466 4959 genitus
2511 4904 2653 4952 sum,
2682 4887 3004 4957 prophetam
3037 4899 3156 4940 esse
3187 4900 3200 4936 :
3234 4896 3367 4936 mea:
3391 4880 3540 4935 enim

1968 4981 2354 5036 adolescentia:
2385 4989 2470 5036 est
2497 4981 2614 5036 haec
2641 4982 2942 5051 generatio,
2980 4993 3089 5033 non
3119 4986 3302 5032 autem
3326 4984 3542 5030 aeternae

1965 5088 2102 5128 mea:
2150 5073 2428 5137 essentia.
2479 5073 2547 5127 Et
2607 5089 2706 5142 per
2741 5073 2907 5126 alium
2955 5070 3281 5139 prophetam
3337 5067 3543 5120 clarius

1967 5163 2148 5218 dixit:
2182 5163 2318 5218 Deus
2358 5180 2498 5229 sum,
2539 5172 2588 5217 et
2639 5181 2741 5218 non
2778 5164 2962 5228 homo;
3005 5163 3059 5216 in
3100 5170 3149 5214 te
3191 5168 3404 5214 sanctus
3453 5159 3540 5225 “;

1970 5269 2078 5307 non
2119 5262 2283 5324 negat
2331 5271 2388 5309 se
2442 5255 2742 5319 hominem,
2794 5253 2887 5308 sed
2938 5253 3120 5322 potius
3169 5266 3238 5305 ex
3279 5267 3346 5305 eo
3391 5251 3540 5320 quod

1973 5346 2340 5417 principalius
2379 5355 2484 5411 est,
2541 5357 2598 5403 et
2655 5346 2803 5416 quod
2851 5361 2961 5398 non
3013 5343 3364 5409 credebatur,
3411 5346 3540 5416 quia

2060 5499 2104 5532 "
2136 5500 2240 5556 Isa.
2286 5517 2404 5562 λιν,
2457 5500 2640 5555 Il-lﬁ.
2735 5500 2781 5531 ⁸⁸
2823 5499 2980 5555 Joan.
3032 5513 3084 5558 χ.
3141 5499 3230 5555 55.
3333 5499 3379 5530 ³⁸
3433 5499 3534 5554 Isa.

3014 5568 3059 5600 “
3097 5570 3239 5623 Psal.
3283 5585 3423 5632 xuv,
3483 5570 3539 5626 5.

2680 5642 2721 5672 ³⁹
2774 5638 2963 5694 Matth.
3015 5655 3090 5703 ιιι,
3142 5640 3226 5694 I7.
3303 5639 3346 5670 ‘°
3393 5639 3540 5696 Psal.

2605 5712 2647 5743 "‘
2685 5710 2821 5766 Osee
2875 5727 2947 5778 xi,
2993 5715 3046 5767 9.

2063 5641 2107 5672 ³⁸
2156 5641 2293 5694 Psal.
2337 5657 2479 5703 XLIV,
2532 5644 2581 5696 ‘l.

2027 5711 2070 5742 “
2110 5710 2275 5768 Zach.
2323 5727 2436 5777 xm,
2476 5715 2526 5770 5.
