4020 6146
491 281 623 352 1347

1604 285 1666 344 S.
1706 284 2107 345 ANASTASII
2139 278 2606 345 ANTIOCIIENI

3607 277 3745 342 1348

487 395 664 454 oculis
712 394 897 450 carnis
940 409 1052 449 non
1107 394 1422 461 videbatur,
1472 395 1716 465 seipsum
1771 395 2024 450 nominat
2049 399 2138 454 :‘A
2169 392 2276 447 sit?
2300 393 2347 446 si
2371 393 2521 446 enim
2553 406 2666 446 non
2688 390 2838 455 facit,
2881 399 2942 446 ut
2969 390 3153 446 aiebat
3185 388 3250 454 ιθ,
3288 403 3461 458 Opera
3502 389 3623 459 ejus
3651 393 3749 460 qui

490 495 616 542 erat
656 486 806 541 enim
847 493 904 540 et
959 493 1046 542 est
1098 495 1419 555 utrumque,
1463 501 1532 542 ex
1565 501 1676 555 quo
1733 485 2074 540 instrumen-

491 587 608 633 tum
655 592 985 647 corporeum
1028 576 1136 630 sibi
1172 577 1385 646 aptavit
1433 587 1647 634 naturae
1688 577 1889 632 divinae
1919 577 2077 632 vehi-

491 672 699 732 culum,
751 685 862 738 quo
913 670 1150 724 salutem
1185 671 1539 726 machinatus
1569 679 1678 735 est,
1704 671 1908 740 quibus
1937 683 2079 739 opus

490 769 630 816 erat.
657 760 866 814 Idcirco
895 771 1016 830 post
1051 760 1322 816 sacrilicia
1347 761 1485 832 legis
1526 776 1647 831 qua:
1677 760 1940 831 prodesse
1966 749 2076 813 non

489 863 810 923 potuerant,
858 853 1042 908 aiebat
1071 871 1084 907 :
1119 853 1256 907 Ecce
1287 857 1438 908 uenio
1479 862 1663 924 aptato
1704 853 1832 908 mihi
1860 866 2096 921 corpore,

490 961 602 1014 quo
627 952 916 1015 peccatum
934 945 1128 999 mundi
1161 946 1349 1000 tollam
1367 944 1381 1010 ;'
1401 946 1518 1001 haec
1542 945 1694 1000 enim
1725 952 1811 1000 est
1826 945 2080 1000 voluntas

491 1035 694 1099 Patris,
747 1045 808 1090 ut
847 1048 1041 1090 omnes
1091 1035 1347 1096 homines
1377 1036 1514 1090 salvi
1559 1036 1744 1091 fiant:
1784 1035 1962 1099 Venio,
1994 1035 2079 1089 in-

493 1129 637 1198 quit,
673 1136 731 1181 ut
773 1127 970 1196 faciam
1015 1127 1347 1182 voluntatem
1393 1136 1544 1182 tuam
1590 1128 1659 1181 ".

563 1221 755 1276 XXIV.
796 1222 1186 1275 Demonstrato
1211 1221 1380 1292 igitur
1415 1223 1484 1277 iis
1505 1223 1599 1292 qui
1622 1238 1732 1277 non
1757 1231 1885 1277 sunt
1917 1222 2081 1277 nimis

494 1311 564 1364 ab
612 1303 890 1364 audiendo
934 1317 989 1363 et
1027 1309 1350 1365 obedientia
1406 1312 1598 1377 alieni,
1633 1311 1781 1380 quod
1815 1312 2080 1367 Deusest

493 1393 770 1466 Christus,
819 1410 877 1456 et
921 1401 1071 1471 quod
1117 1403 1318 1468 homo;
1364 1413 1421 1458 et
1464 1403 1612 1473 quod
1652 1405 1797 1458 Deus
1827 1404 1989 1457 simul
2023 1410 2082 1457 et

495 1493 662 1547 homo
690 1501 794 1557 est,
845 1493 1167 1548 testimonio
1225 1495 1363 1564 legis
1408 1505 1466 1549 et
1515 1495 1956 1564 prophetarum:
1997 1501 2110 1550 ta—.

496 1575 1091 1654 metsisupervacuum
1127 1585 1200 1640 sit
1233 1587 1548 1640 testimonia
1576 1586 1713 1656 Novi
1741 1586 2080 1641 Testamenti

495 1665 782 1735 adhibere,
835 1681 1020 1726 tamen
1069 1673 1504 1745 ex_redundanti
1549 1674 1822 1729 accedant
1877 1675 1944 1728 ad
1983 1690 2079 1730 ve-

497 1770 615 1816 tera
649 1779 789 1817 nova
829 1780 952 1834 quae
994 1767 1106 1821 illis
1153 1768 1288 1837 ipsis
1335 1778 1662 1833 consonent,
1707 1779 1965 1838 tanquam
2008 1769 2078 1823 ab

497 1870 609 1909 uno
653 1866 710 1911 et
753 1858 948 1911 eodem
983 1858 1195 1929 Spiritu
1237 1860 1465 1931 scripta.
1505 1860 1649 1927 Quid
1683 1870 1868 1917 autem
1898 1868 1983 1916 est
2021 1861 2077 1915 in

495 1947 586 2002 his
617 1949 962 2017 explanatius
997 1953 1221 2008 nomine
1248 1953 1593 2017 Emmanuel,
1633 1954 1772 2025 quod
1814 1954 2076 2023 interpre-

494 2044 672 2089 tatum
708 2045 804 2103 est,
854 2047 914 2093 ut
953 2041 1030 2094 ait
1060 2040 1407 2112 Evangelista
1443 2041 1488 2073 ⁸⁸
1521 2060 1535 2097 :
1576 2041 1857 2096 Nobiscum
1890 2041 2080 2096 Deus?

496 2143 609 2182 non
651 2129 814 2184 aliter
858 2131 1154 2187 nobiscum
1188 2133 1336 2188 Deus
1367 2133 1571 2199 dictus,
1623 2132 1734 2188 nisi
1767 2134 1898 2204 quia
1933 2135 2081 2189 Deus

493 2227 618 2274 erat
651 2221 816 2275 simul
853 2232 901 2275 et
952 2227 1126 2290 homo,
1178 2241 1247 2281 ex
1297 2226 1462 2281 nobis
1511 2225 1678 2281 simul
1729 2236 1789 2283 et
1819 2243 1887 2282 ex
1915 2228 2078 2282 Deo:

499 2311 822 2382 hujusmodi
867 2318 1016 2371 enim
1053 2326 1137 2371 est
1165 2319 1499 2388 compositio
1536 2317 1860 2374 Salvatoris.
1923 2319 2080 2377 Unde

497 2418 624 2458 cum
665 2405 908 2474 pontifex
957 2408 1366 2478 jusjurandum"
1391 2409 1444 2464 ei
1498 2411 1900 2480 proposuisset,
1947 2411 2079 2465 dum

495 2495 769 2564 judicium
819 2506 876 2552 et
902 2500 1235 2554 calumniam
1262 2501 1497 2568 subiret,
1535 2501 1787 2572 nihilque
1819 2503 1888 2558 ad
1916 2503 2080 2559 falsas

499 2588 921 2646 criminationes
974 2592 1358 2662 responderet,
1412 2579 1784 2662 interrogatus
1843 2611 1914 2652 an
1961 2596 2078 2666 ipse

483 2680 677 2736 Filius
693 2681 790 2736 Dei
809 2693 973 2748 esset,
993 2684 1343 2740 commodum
1362 2686 1649 2756 respondit
1672 2705 1685 2741 :
1702 2688 1776 2742 Tu
1805 2688 1984 2742 dixisti
2002 2689 2074 2756 ‘7;

500 2787 633 2828 sane
669 2775 898 2843 quidem
944 2791 1056 2830 non
1091 2792 1352 2836 assensus
1397 2778 1594 2834 fuisset
1637 2781 2078 2849 percnnctationi

487 2864 643 2933 ejus,
697 2865 791 2932 qui
820 2903 822 2908 -
849 2867 1122 2922 malitiose
1153 2875 1209 2922 et
1237 2869 1570 2923 veteratorie
1611 2866 1996 2940 jusjurandum
2026 2871 2077 2926 ei
2107 2877 2109 2880 ‘

500 2951 795 3022 inferebat,
837 2957 942 3009 nisi
994 2958 1155 3025 plane
1207 2959 1378 3013 sciret
1426 2975 1484 3015 se
1535 2960 1709 3014 Deum
1745 2976 1865 3017 esse
1915 2961 2077 3017 simul

2170 497 2300 538 eum
2333 483 2506 548 misit,
2553 497 2663 537 non
2696 490 2782 538 est
2809 483 3151 542 credendum
3178 480 3230 536 ei
3260 495 3384 546 esse
3431 480 3635 545 Deum;
3664 483 3750 537 sin

2171 589 2306 628 vero
2339 573 2492 638 facit,
2516 587 2744 634 necesse
2770 583 2857 629 est
2877 574 3142 644 operibus
3171 574 3293 643 ejus
3316 571 3549 628 credere
3581 590 3594 626 :
3635 573 3751 627 hinc

2173 665 2321 720 enim
2372 649 2760 728 demonstrant
2812 665 3203 728 substantiam,
3251 663 3560 720 secundum
3604 665 3755 719 axio-

2176 773 2264 812 ma
2293 758 2442 828 quod
2479 757 2560 812 ait
2587 774 2601 810 :
2625 759 2877 824 Quorum
2904 766 3000 813 est
3019 757 3269 827 operat-io
3287 756 3506 821 eadem,
3537 763 3592 811 et
3623 755 3754 811 sub-

2173 849 2378 903 stantia
2427 864 2558 914 una,
2602 848 2797 903 eadem
2827 848 2940 904 erit
2983 856 3041 902 et
3072 847 3449 917 suboperatio.
3481 845 3755 912 Quocirca

2175 939 2235 993 in
2282 955 2450 994 carne
2503 940 2712 995 latebat
2778 940 3269 996 consubstantialis
3309 937 3491 1014 .Patri,
3533 936 3756 992 eadem-

2175 1045 2284 1099 que
2339 1029 2421 1085 illi
2472 1019 2707 1098 faciens,
2761 1033 2859 1102 qui
2913 1031 3146 1087 aiebat:
3191 1030 3359 1085 Pater
3398 1045 3547 1083 meus
3590 1043 3753 1109 usque

2178 1121 2331 1176 modo
2375 1111 2650 1193 operatur,
2693 1130 2742 1177 et
2782 1132 2875 1192 ego
2916 1139 3106 1192 operor
3139 1121 3206 1174 δ’.
3233 1121 3302 1176 Et
3347 1121 3552 1175 iterum
3586 1118 3754 1184 :QWB

2154 1212 2315 1267 .uidet
2350 1213 2566 1268 Patrem
2600 1213 2900 1283 facientem,
2927 1215 3039 1269 haec
3061 1212 3227 1267 Filius
3253 1211 3499 1268 similiter
3528 1212 3653 1281 facit
3684 1212 3750 1264 ⁵⁸.

2253 1303 2417 1359 XXV.
2466 1305 2643 1366 Recte
2684 1319 2819 1377 ergo
2866 1304 2935 1360 de
2981 1305 3095 1359 Deo
3132 1303 3434 1360 sentientes
3470 1303 3755 1356 uidebimus

2179 1409 2300 1446 eum
2329 1395 2486 1446 sicuti
2513 1394 2672 1458 est“,
2706 1409 2817 1449 non
2854 1401 3096 1464 quantus
3125 1403 3248 1450 est:
3274 1404 3360 1452 est
3397 1405 3585 1448 autem
3617 1393 3756 1447 Deus

2180 1484 2476 1539 benedictus
2511 1487 2567 1540 in
2597 1487 2818 1551 swcula,
2857 1495 2918 1540 ut
2954 1487 3254 1555 Apostolus
3285 1486 3362 1540 ait
3383 1486 3450 1540 ⁵³.
3483 1485 3590 1540 Sed
3623 1485 3754 1539 licet

2180 1577 2324 1634 Deus
2355 1587 2462 1643 est,
2491 1588 2674 1633 tamen
2702 1593 2771 1635 ex
2786 1580 2959 1634 altera
2979 1591 3134 1648 parte
3155 1592 3182 1620 α
3209 1595 3241 1633 a
3273 1595 3332 1634 se
3372 1579 3489 1650 ipse
3523 1586 3755 1635 vocatus

2182 1670 2476 1740 reperitur,
2501 1670 2640 1740 quin
2660 1671 2830 1726 etiam
2859 1686 2891 1726 a
2911 1671 3200 1742 discipulis
3227 1672 3368 1739 suis;
3400 1671 3582 1726 aiebat
3608 1672 3756 1726 enim

2113 1740 2152 1794 Β
2179 1762 2387 1818 εῐιιάωἰδ
2419 1781 2433 1818 :
2457 1763 2615 1818 Nunc
2651 1765 2888 1834 queritis
2918 1779 3001 1817 me
3025 1740 3347 1833 interficere,
3376 1765 3642 1818 hominem
3667 1765 3758 1834 qui

2180 1859 2455 1912 veritatem
2491 1857 2632 1911 uobis
2672 1857 2787 1912 dico
2811 1855 2891 1922 ¹³;
2925 1869 3055 1926 quae
3091 1855 3320 1926 quidem
3350 1871 3474 1911 cum
3513 1855 3758 1926 perfecte

2180 1947 2382 2002 Paulus
2425 1947 2775 2017 intelligeret,
2800 1960 2993 2002 vocem
3041 1961 3164 2016 quae
3201 1960 3389 2016 parem
3417 1945 3529 1998 vim
3567 1944 3757 2002 habet.

2181 2034 2235 2088 in
2270 2034 2530 2104 Epistolis
2583 2034 2699 2090 suis
2740 2035 2985 2104 reliquit,
3016 2050 3144 2090 cum
3177 2035 3316 2090 dixit
3343 2052 3355 2087 :
3380 2034 3570 2090 Homo-
3602 2032 3759 2090 Chri-

2181 2133 2294 2180 stus
2326 2125 2498 2192 Jesus,
2535 2127 2626 2196 qui
2652 2125 2808 2183 dedit
2847 2141 2904 2180 se
2935 2126 3118 2197 ipsum
3157 2141 3254 2196 pro
3306 2124 3544 2178 omnibus
3565 2124 3632 2176 ⁵³.
3668 2122 3761 2178 Sic

2187 2218 2352 2289 igitur
2375 2217 2475 2288 qui
2495 2217 2613 2273 sine
2639 2217 2996 2273 contentione
3028 2216 3246 2288 quaerit,
3275 2231 3388 2271 non
3422 2214 3707 2287 aberrabit
3730 2231 3760 2269 a

2157 2309 2436 2375 ‘veritate,
2499 2324 2622 2379 qua:
2663 2308 2742 2364 iis
2793 2308 2886 2378 qui
2926 2323 3050 2364 eam
3100 2306 3452 2372 desiderant,
3502 2304 3759 2374 patefieri

2180 2398 2381 2473 potest,
2412 2403 2572 2473 cujus
2605 2416 2707 2456 nos
2745 2401 2932 2472 cupidi
2965 2409 3022 2456 et
3057 2399 3291 2456 studiosi
3325 2413 3502 2469 pauca
3527 2413 3598 2453 ex
3625 2396 3762 2450 mul-

2181 2493 2253 2548 tis
2283 2507 2404 2562 quac
2445 2492 2500 2547 in
2541 2491 2746 2547 divinis
2780 2490 3082 2561 Scripturis
3108 2480 3355 2562 disperse
3380 2489 3762 2552 continentur,

2179 2586 2556 2657 exposuimus,
2585 2593 2851 2655 quantum
2873 2583 3139 2646 memoria
3165 2598 3234 2638 ex
3257 2592 3505 2653 tempore
3533 2580 3759 2636 obtulit.

2181 2678 2641 2733 Possunt‘autem
2681 2675 2778 2746 qui
2825 2675 2998 2730 libros
3038 2678 3224 2730 sacros
3265 2675 3323 2728 in
3363 2672 3618 2728 manibus
3663 2671 3765 2725 ha-

2180 2768 2336 2832 bent,
2388 2768 2648 2838 colligere
2699 2767 2888 2822 omnia
2943 2766 3014 2822 de
3070 2781 3131 2822 re
3178 2766 3304 2831 hac,
3343 2776 3400 2820 et
3456 2765 3662 2820 habere
3704 2762 3762 2816 in

2180 2867 2438 2929 promptu
2466 2858 2542 2913 ad.
2555 2873 2712 2913 suam
2737 2842 3112 2912 utilitatemet
3143 2853 3584 2925 redarguendum
3609 2865 3759 2907 men-

2182 2951 2402 3020 dacium
2435 2969 2450 3005 :
2481 2952 2629 3023 quod
2678 2951 2904 3022 quidem
2931 2966 3034 3026 ego
3058 2964 3208 3004 nunc
3246 2948 3431 3003 facere
3463 2962 3574 3002 non
3607 2947 3764 3017 potui

501 3048 559 3094 et
591 3042 893 3097 hominem.
929 3044 1146 3100 Etenim
1191 3047 1237 3102 si
1271 3048 1437 3102 homo
1480 3050 1659 3103 solum
1695 3059 1835 3115 erat,
1869 3060 1930 3106 ut
1958 3054 2082 3123 qui-
2106 3071 2152 3129 (ι
2186 3045 2243 3100 in
2279 3045 2494 3101 θιείιὶο·
2535 3044 2644 3100 Sed
2683 3059 2812 3099 cum
2864 3058 3038 3114 Pauca
3085 3043 3326 3098 habeant
3361 3041 3612 3097 eamdem
3651 3041 3764 3097 Vim

500 3131 627 3186 dam
677 3133 745 3188 de
787 3150 854 3188 eo
887 3137 1153 3203 sentiunt,
1193 3139 1472 3208 quomodo
1498 3139 1807 3197 afﬁrmabat
1832 3159 1890 3198 se
1912 3144 2087 3200 Deum

500 3224 573 3278 de
599 3227 706 3279 hoc
730 3225 1140 3298 interrogatus?
1170 3229 1291 3284 Non
1323 3233 1472 3286 enim
1501 3241 1752 3287 servatur
1782 3235 2102 3291 secundum

499 3315 658 3412 istos~
681 3316 824 3370 ratio
871 3318 1037 3388 justi;
1073 3319 1346 3388 siquidem
1380 3321 1475 3390 qui
1517 3321 1824 3378 divinitatis
1855 3324 2086 3394 gloriam

501 3414 559 3460 et
593 3407 911 3476 opinionem
965 3409 1069 3463 sibi
1117 3411 1371 3478 assumit,
1425 3423 1550 3466 cum
1596 3413 1802 3483 alioqui
1857 3430 1970 3470 non
2014 3415 2086 3470 sit

501 3494 668 3561 Deus,
725 3511 838 3550 non
872 3497 1052 3551 solum
1088 3514 1200 3554 non
1225 3508 1309 3555 est
1350 3501 1554 3572 justus,
1599 3502 1697 3558 sed
1742 3503 1900 3560 valde
1927 3504 2086 3560 blas-

501 3587 777 3658 phemus;
818 3590 970 3660 atqui
1015 3598 1275 3661 tanquam
1305 3593 1686 3664 blasphemum
1711 3595 1847 3650 fatui
1871 3603 1929 3650 et
1953 3596 2083 3651 caici

499 3695 628 3735 eum
680 3680 750 3757 ad
790 3692 1023 3737 mortem
1075 3683 1498 3761 damnaverunt,
1533 3701 1646 3740 non
1689 3686 2080 3757 intelligentes,

493 3772 650 3841 quod
687 3774 834 3828 clare
863 3783 919 3829 et
945 3791 1079 3830 vere
1115 3775 1324 3831 dictum
1363 3787 1511 3850 erat.
1533 3776 1715 3843 Quare
1740 3778 1976 3833 alterum
2012 3795 2081 3835 ex

500 3861 721 3917 duobus
746 3866 1127 3920 necessarium
1164 3875 1270 3932 est,
1301 3874 1400 3920 aut
1429 3867 1682 3922 confiteri
1719 3881 1847 3923 eum
1870 3870 2078 3938 Deum;

493 3963 597 4006 aut
626 3969 810 4023 neque
853 3955 1136 4011 hominem
1180 3956 1402 4027 quidem
1427 3947 1662 4030 justum,
1707 3961 1805 4031 qui
1849 3976 1908 4017 se
1943 3962 2082 4019 dixit

501 4042 674 4098 Deum
697 4061 818 4101 esse
853 4064 866 4100 :
899 4049 1045 4104 sicut
1072 4049 1220 4103 enim
1259 4047 1425 4106 unius
1469 4053 1689 4123 negatio
1733 4054 1964 4110 alterius
1995 4062 2081 4110 est

498 4136 810 4208 recusatio;
864 4139 945 4194 sic
983 4141 1152 4195 unius
1207 4140 1499 4196 afﬁrmatio
1533 4143 1767 4199 alterius
1813 4152 1902 4199 est
1942 4159 2077 4200 con-

501 4221 760 4280 ﬁrmatio.
781 4227 968 4298 Itaque
986 4229 1381 4286 confitentibus
1398 4232 1607 4303 justum
1638 4233 1916 4288 hominem
1933 4248 2074 4302 esse,

500 4317 772 4385 sequitur,
830 4329 890 4374 ut
936 4323 1255 4377 necessario
1290 4325 1460 4378 Deum
1513 4338 1637 4378 esse
1685 4325 2073 4393 confiteantur,

497 4407 597 4477 qui
631 4408 769 4464 dixit
800 4425 859 4465 se
894 4427 1018 4468 esse
1050 4415 1242 4470 Deum.
1277 4413 1420 4481 Quid
1449 4416 1600 4470 enim
1634 4415 1819 4472 obstat
1845 4417 1977 4486 quin
2004 4417 2080 4474 ita
2113 4408 2156 4463 D

648 4543 811 4618 _Rsal_
841 4549 1130 4618 manu},
1174 4548 1225 4602 8.
1303 4550 1348 4579 "“
1386 4547 1576 4604 Matth.
1624 4568 1665 4615 1,
1700 4551 1789 4605 25.
1869 4551 1914 4584 ’δ’
1947 4552 2083 4605 Matt

2179 4570 2323 4618 xxvn
2361 4554 2448 4609 64.

2189 3152 2352 3208 quam
2381 3137 2588 3214 habent
2621 3137 2813 3202 multa,
2848 3136 3097 3205 paucitas
3123 3151 3316 3190 eorum
3355 3149 3479 3204 quae
3515 3133 3766 3204 exposita

2188 3236 2339 3295 sunt,
2370 3244 2484 3285 non
2509 3229 2753 3285 obstabit
2793 3229 2862 3284 iis
2898 3227 2993 3298 qui
3020 3228 3298 3282 voluerint
3329 3237 3542 3282 certum
3579 3233 3637 3280 et
3665 3242 3768 3280 ex-

2187 3322 2464 3392 ploratum
2498 3321 2726 3384 habere,
2768 3320 2826 3374 in
2855 3335 2966 3391 quo
3005 3335 3146 3392 opus
3179 3327 3299 3374 erat
3340 3318 3548 3373 habere
3573 3335 3588 3369 :
3612 3317 3772 3386 quod

2186 3414 2336 3469 enim
2364 3413 2528 3469 ﬁdem
2561 3421 2618 3468 et
2661 3414 3043 3470 auctoritatem
3078 3411 3244 3468 habet
3277 3410 3333 3464 in
3373 3425 3486 3464 uno
3517 3408 3664 3479 quod
3695 3409 3776 3464 ab

2184 3518 2253 3560 eo
2299 3503 2525 3569 dicitur,
2555 3518 2666 3557 non
2714 3501 2901 3556 minus
2933 3501 3204 3557 credibile
3242 3500 3396 3566 facit,
3440 3506 3610 3569 quam
3645 3499 3695 3553 si
3741 3517 3776 3554 a

2149 3611 2154 3616 '
2184 3595 2337 3650 mille
2364 3594 2565 3650 similis
2609 3593 2954 3656 auctoritatis
2991 3594 3200 3649 dictum
3233 3602 3408 3659 esset;
3438 3591 3584 3646 idem
3613 3591 3777 3646 enim

2184 3685 2416 3756 spiritus
2447 3692 2534 3740 est
2563 3684 2622 3738 in
2665 3684 2944 3740 omnibus.
2973 3684 3080 3740 Sed
3130 3683 3260 3754 quid
3291 3697 3430 3754 opus
3467 3691 3554 3737 est
3584 3683 3777 3752 pluri-

2183 3778 2289 3834 bus
2317 3777 2542 3844 verbis?
2578 3775 2861 3855 Siguidem
2901 3778 3022 3847 ipse
3051 3791 3082 3832 a
3111 3791 3221 3847 quo
3257 3775 3498 3855 Spiritus
3537 3784 3776 3843 sanctus

2181 3871 2452 3940 procedit,
2505 3871 2588 3925 de'
2627 3853 2810 3941 seipse
2869 3879 3058 3940 aperte
3111 3853 3485 3926 testimonium
3538 3869 3772 3926 veritati

2181 3962 2410 4032 praebet,
2440 3963 2536 4033 qui
2575 3963 2838 4033 seipsum,
2865 3973 2924 4018 et
2943 3963 3092 4036 quod
3124 3965 3180 4018 in
3210 3978 3268 4018 se
3291 3971 3397 4030 est,
3431 3963 3726 4033 cognoscit
3752 3981 3769 4017 :

2182 4053 2302 4124 Ipse
2330 4055 2494 4119 enim,
2528 4055 2709 4125 inquit
2729 4056 3104 4126 Evangelista,
3137 4057 3357 4120 sciebat,
3380 4055 3512 4126 quid
3539 4065 3674 4109 esset
3707 4056 3767 4107 in

2178 4147 2388 4200 homine
2407 4147 2476 4201 ⁸³.
2503 4145 2651 4202 Satis
2708 4135 3335 4223 hactentts:pergamns
3384 4134 3652 4217 deinceps
3690 4146 3770 4201 ad

2177 4238 2588 4307 exponendum,
2624 4253 2725 4309 pro
2749 4237 2983 4306 viribus,
3015 4255 3136 4309 quae
3181 4239 3248 4294 ad
3281 4239 3594 4310 passionem
3638 4237 3774 4297 Sal-

2177 4330 2382 4385 vatoris
2407 4331 2706 4400 pertinent.

2557 4555 2602 4585 ‘3
2649 4554 2806 4615 Joan.
2844 4573 2898 4620 ι,
2942 4556 3030 4619 57,
3080 4555 3168 4610 '58.
3267 4556 3312 4588 ⁸⁸
3357 4557 3515 4611 Joan.
3563 4573 3619 4619 γ,
3667 4558 3756 4612 i7.

499 4610 552 4644 ⁵ο
583 4611 722 4669 ibid.
756 4615 841 4670 i9.
917 4616 960 4647 ⁸⁸
984 4617 1006 4671 l
1031 4610 1187 4671 Joan.
1221 4635 1300 4684 m,
1331 4620 1386 4674 2.
1461 4622 1506 4652 ⁸³
1549 4610 1706 4676 Rom.
1731 4638 1807 4688 Ix,
1839 4622 1890 4676 5.
1967 4623 2013 4654 ⁵⁸
2029 4623 2083 4694 ,14

2183 4661 2197 4677 .
2235 4610 2349 4688 vni,
2385 4624 2472 4679 40.
2551 4625 2639 4679 1⁵⁵1
2665 4610 2806 4679 Tim.
2841 4610 2898 4691 it,
2926 4626 2978 4691 5,
3005 4610 3058 4679 6.
3155 4626 3202 4658 ⁵⁸
3231 4610 3491 4695 Joamn,
3523 4610 3613 4680 25;

1713 4755 1730 4772 ο
1773 4732 2005 4788 νΑΒΙᾹΞ
2045 4733 2451 4790 LECTIONES.
2489 4733 2492 4736 ’

573 4820 600 4851 ι
627 4810 713 4865 Ex
745 4811 913 4879 altera
940 4825 1111 4886 parte.
1142 4818 1222 4874 Ex
1255 4830 1514 4875 contextu
1555 4822 1645 4876 hic
1669 4837 1773 4876 vox
1808 4811 1960 4876 homo
1995 4822 2189 4879 deesse
2214 4825 2455 4879 videtur.
2477 4885 2483 4892 ,
2509 4885 2516 4892 ,

527 4967 2052 4993 .._...—.____________________________

2069 4982 3748 5024 Μ,

2082 5087 2183 5147 IV.

1213 5195 1319 5255 nn
1371 5197 1756 5259 PASSIONE
1802 5201 1902 5262 ET
1953 5175 2652 5270 lMPASSlBlLlTATE
2693 5210 3036 5275 CHRISTI.

566 5405 610 5461 l.
641 5407 777 5461 Cum
807 5422 872 5494 se
901 5406 1154 5462 Christus
1188 5425 1285 5479 per
1319 5427 1384 5466 ea
1427 5428 1547 5482 quae
1570 5412 1788 5469 dicebat
1823 5423 1880 5470 et
1906 5415 2075 5470 facie-

496 5498 613 5561 bat,
661 5514 854 5552 verum
897 5499 1068 5552 Deum
1119 5510 1174 5554 et
1214 5501 1505 5577 Dominum
1551 5504 1791 5560 universi
1843 5505 2073 5570 demone

495 5594 745 5652 strasset,
776 5589 996 5643 dicebat
1027 5590 1311 5660 discipulis
1357 5595 1472 5649 suis
1519 5611 1853 5654 ascensurus
1883 5596 2074 5651 lliero-

2180 5419 2444 5490 solymam
2471 5439 2485 5475 :
2513 5421 2649 5476 Ecce
2683 5425 3011 5480 ascendimus
3047 5425 3492 5499 Hierosolymam,
3514 5409 3573 5484 hct
3595 5430 3762 5485 Filius

2179 5511 2406 5566 hominis
2439 5513 2678 5568 tradetur
2707 5517 2950 5586 gentibus
2996 5528 3045 5571 et
3086 5518 3421 5589 pontiﬁcibus
3455 5529 3504 5574 et
3538 5519 3757 5584 Scribis,

2181 5601 2250 5653 ad
2285 5602 2692 5672 ﬂagellandum,
2729 5616 2776 5660 et
2803 5606 3148 5680 illudendum,
3180 5618 3229 5662 et
3259 5609 3756 5679 rruriﬁgendum“.

568 5701 616 5730 "
650 5699 839 5756 Matth:
895 5719 978 5770 xx,
1027 5705 1111 5770 18,
1165 5707 1258 5773 l9;
1310 5708 1469 5764 Marc.
1503 5726 1554 5778 x,
1593 5711 1806 5780 53,54;
1837 5711 1969 5768 Luc.
2014 5728 2158 5778 xvm,
2197 5714 2391 5774 51-53.
