4020 6146
274 310 415 375 l3h9

755 306 1040 369 ORATIO
1079 308 1179 371 IV.
1209 333 1272 344 εκ
1308 308 1406 368 DE
1443 305 1812 371 PASSIONE
1850 306 1950 371 ET
1988 304 2655 395 IMPASSiBILITATE
2690 306 3005 368 CHRISTI

3385 303 3527 381 1350

260 422 457 480 ‘Aiehat
501 427 686 501 autem
730 421 845 474 haec
886 420 1010 489 quae
1043 427 1205 474 erant
1234 427 1607 475 consentanea
1638 418 1835 489 praedi:
1872 439 1914 495 Α
1945 420 2029 475 vit
2058 419 2358 490 accepisse,
2391 419 2687 489 inquiens:
2721 420 2865 474 Data
2888 430 2965 475 est
3001 421 3129 475 mihi
3167 400 3345 477 omnis,
3374 441 3523 495 ροισ-

269 515 544 569 cttontbus
595 511 1012 582 prophetarum,
1069 510 1167 581 qui
1223 510 1594 580 pradixerant
1632 510 1844 565 eruum

269 619 428 675 quem
475 613 596 659 erat
646 602 1045 672 Hierosolymis
1070 602 1324 660 facturus
1361 622 1376 659 :
1409 603 1557 663 unde
1595 612 1845 674 tempore

272 694 782 752 illius.incursionis
800 695 1223 760 sceleratorum,
1255 697 1483 766 quando
1505 695 1847 768 cumgladiis

270 798 325 842 et
354 788 591 842 fustibus
619 796 895 845 venerunt
926 786 995 841 ad
1020 786 1603 857 comprehendendum
1634 788 1842 852 Jesum,

270 880 406 941 duce
453 878 613 934 illius.
641 888 838 934 turmae
862 877 1032 942 Juda,
1060 893 1233 948 quem
1281 879 1481 935 melius
1512 878 1707 934 fuisset
1734 894 1846 933 non

267 987 387 1027 esse
422 980 643 1037 natum;
677 985 804 1026 cum
833 970 1030 1025 Petrus
1073 969 1326 1025 districto
1352 970 1577 1039 gladio,‘
1603 978 1663 1025 et
1701 971 1850 1025 auri-

268 1063 390 1119 cula
419 1061 707 1133 cujusdam
731 1060 928 1137 Malchi
953 1060 1099 1115 servi
1131 1061 1408 1131 pontiﬁcis
1436 1065 1716 1131 amputata
1763 1061 1849 1116 in-

263 1153 469 1223 juriam
523 1151 771 1223 magistri
809 1150 1004 1207 ulcisci
1038 1152 1224 1218 vellet,
1260 1153 1383 1223 ipse
1421 1142 1690 1223 Dominus
1724 1154 1848 1208 Pe-

271 1255 419 1298 trum
451 1244 740 1313 increpans
761 1260 776 1296 :
799 1241 1078 1307 Converte,
1098 1243 1300 1314 inquit,
1322 1243 1562 1315 gladium
1582 1244 1642 1297 in
1676 1242 1847 1298 locum

268 1334 460 1399 suum;
498 1350 680 1390 omnes
724 1334 867 1388 enim
904 1333 997 1405 qui
1042 1335 1339 1406 acceperint
1369 1334 1635 1405 gladium,
1664 1334 1847 1405 gladio

269 1428 534 1497 peribunt.
575 1427 657 1481 An
702 1435 884 1496 putas,
920 1427 1061 1497 quod
1090 1440 1209 1481 non
1250 1443 1461 1497 possum
1508 1443 1702 1498 rogare
1735 1426 1847 1482 Pa-

272 1529 408 1573 trem
437 1534 633 1584 meum,
665 1527 717 1571 et
743 1518 1001 1573 exhibebit
1025 1520 1155 1595 mihi
1180 1520 1336 1574 modo
1366 1520 1486 1591 plus
1522 1504 1849 1593 quatriduo-

272 1612 441 1673 decim
472 1610 699 1681 legiones
720 1610 1028 1681 angelorum
1051 1612 1078 1666 ἵ
1107 1608 1378 1676 Quomodo
1398 1627 1525 1679 ergo
1553 1612 1850 1683 implebun-

271 1713 364 1756 ιιι·
391 1702 707 1774 Scriptum.
734 1705 858 1774 quia
882 1704 956 1759 sic
978 1712 1185 1774 oportet
1209 1703 1327 1772 ﬁeri
1343 1704 1424 1757 ⁸⁷2
1440 1703 1498 1758 Si
1521 1717 1654 1773 ergo
1687 1718 1849 1773 opor-

1944 523 2062 568 stas
2101 514 2160 567 in
2198 511 2327 567 ewlo
2379 521 2427 567 et
2476 512 2533 566 in
2569 514 2816 578 terra“;
2849 520 2911 574 ut,
2937 504 3050 584 jam
3095 515 3387 572 manifeste
3423 518 3526 575 de-

1942 610 2311 660 monstratum
2342 604 2435 672 sit,
2471 605 2635 677 hujus
2658 604 2848 676 gloria:
2877 620 3098 661 causam
3129 623 3250 663 esse
3279 623 3522 677 crucem,

1898 724 1901 727 λ
1944 705 2000 752 et
2039 704 2278 752 mortem
2320 712 2421 767 per
2447 710 2671 751 crucem
2702 713 2715 750 :
2743 707 2862 752 erat
2895 699 3041 752 enim
3082 699 3401 755 universum
3432 718 3526 773 ge.

1945 805 2059 844 nus
2096 798 2347 847 nostrum
2408 804 2561 844 reum
2616 790 2831 853 mortis,
2868 790 2996 860 quia
3049 807 3228 846 omnes
3284 805 3527 861 peccare-

1947 882 2175 947 runt“;
2199 882 2445 937 stimulus
2477 890 2656 937 autem
2691 868 3177 954 mortis'peccatum
3218 896 3291 939 est
3311 887 3378 949 ⁸⁷,
3414 904 3526 957 quo

1944 986 2048 1029 nos
2104 988 2258 1030 mors
2314 976 2633 1031 vulneratos
2693 958 3010 1046 prostravit.
3053 976 3165 1032 Nec
3213 978 3373 1033 aliter
3429 980 3525 1048 qui

1946 1066 2117 1122 armis
2141 1055 2436 1138 expugnati
2468 1075 2520 1122 et
2548 1066 2691 1136 capti
2734 1076 2912 1133 erant,
2945 1068 3051 1122 nisi
3084 1082 3183 1138 per
3232 1078 3463 1125 mortem
3497 1086 3525 1123 a

1945 1159 2185 1214 vinculis
2216 1158 2502 1214 servitutis
2528 1158 2750 1213 liberari
2784 1165 3037 1228 poterant
3065 1176 3079 1212 :
3108 1160 3353 1230 pretium
3376 1161 3524 1216 enim

1947 1246 2293 1301 liherationis
2325 1247 2382 1301 in
2414 1247 2699 1302 voluntate
2739 1261 2933 1302 eorum
2968 1247 3065 1317 qui
3112 1249 3359 1318 captivos
3387 1248 3527 1305 deti-

1947 1346 2104 1403 nent,
2136 1339 2377 1408 positum
2405 1348 2510 1394 est.
2551 1339 2671 1393 Non
2706 1347 2839 1394 erat
2867 1340 3055 1411 igitur,
3087 1341 3182 1410 qui
3219 1350 3406 1411 posset
3432 1358 3529 1398 ne-

1948 1424 2160 1494 gotium
2216 1428 2500 1496 suscipere
2548 1437 2606 1481 et
2655 1426 2929 1483 redimere
2974 1417 3394 1500 genusmullus
3426 1432 3531 1486 hu-

1950 1517 2097 1571 mani
2124 1517 2347 1587 generis
2378 1518 2519 1573 Iiber
2547 1526 2667 1574 erat
2691 1536 2704 1571 :
2729 1519 2820 1573 vix
2856 1521 3004 1574 enim
3032 1520 3156 1591 quis
3182 1536 3284 1594 pro
3312 1537 3371 1577 se
3415 1539 3525 1577 mo-

1949 1607 2100 1662 riens
2136 1602 2364 1678 propria
2417 1609 2752 1689 obligatione
2803 1610 3095 1678 liberatur,
3146 1612 3241 1682 qui
3306 1614 3532 1670 minime

1950 1707 2132 1768 potest
2160 1700 2245 1753 vel
2277 1716 2450 1755 unum
2480 1717 2666 1757 secum
2697 1701 2935 1758 liberare
2961 1721 2975 1756 :
3002 1703 3229 1774 quodsi
3259 1722 3327 1762 ne
3357 1723 3529 1762 unum

266 1792 576 1862 tebatﬁeri,
607 1810 843 1852 necesse.
863 1811 1088 1867 prorsus
1114 1804 1233 1851 erat
1263 1796 1384 1851 ﬁeri
1420 1808 1434 1849 ξ
1461 1796 1609 1866 quod
1662 1803 1846 1851 autem
1881 1787 1921 1841 Β
1949 1790 2174 1859 quidem
2212 1800 2412 1861 potest,
2457 1793 2552 1863 qui
2581 1801 2799 1864 poterat
2858 1802 3033 1850 totum
3060 1798 3330 1852 mundum
3357 1800 3534 1854 servi-

266 1904 497 1945 necesse
529 1897 614 1946 est
640 1901 703 1944 ut
732 1889 845 1956 ﬁat,
884 1906 997 1946 non
1036 1898 1218 1961 potest
1248 1905 1358 1945 non
1398 1889 1541 1945 ﬁeri.
1574 1890 1715 1946 Cum
1748 1889 1847 1961 igi-

270 1988 361 2035 tur
387 1980 571 2036 divina
593 1981 881 2052 Scriptura
898 1997 929 2036 a
946 1982 1222 2053 principio
1245 1981 1599 2052 praedixisset»
1611 1991 1847 2036 mortem

265 2071 496 2136 Christi,
514 2064 865 2144 etpassio'nes
879 2082 1007 2129 ante
1023 2081 1258 2129 mortem
1277 2088 1540 2145 ;quaaque
1556 2081 1683 2145 post
1696 2086 1850 2129 mor-

269 2170 381 2219 tem
409 2166 627 2235 corpori
644 2166 765 2237 ejus
790 2173 1015 2221 mortno
1030 2164 1383 2231 acciderunt,
1413 2175 1470 2221 et
1508 2166 1656 2222 hunc
1674 2166 1849 2221 Deum

273 2256 362 2311 cui
392 2256 511 2313 haec
549 2256 897 2324 acciderunt,
950 2244 1343 2329 impassibilem
1383 2267 1453 2314 et
1481 2256 1846 2314 immortalem

271 2347 559 2417 praedicit;
591 2349 759 2404 aliter
809 2348 958 2404 enim
996 2363 1279 2419 nunquam
1324 2349 1474 2404 Deus
1513 2348 1702 2415 fuerit,
1740 2347 1849 2403 nisi

267 2437 329 2494 in
358 2439 651 2495 Veritatem
684 2440 1087 2495 incarnationis
1114 2440 1426 2506 intuentes,
1465 2439 1621 2496 illinc
1654 2430 1851 2496 causas

268 2531 543 2588 ducamus
570 2541 719 2587 recte
761 2540 820 2587 et
862 2532 1012 2603 iuste
1042 2540 1340 2604 utrumque
1367 2533 1691 2601 conﬁtendi,
1730 2547 1853 2604 pas-

269 2623 486 2680 sionem
557 2623 769 2680 scilicet
815 2632 873 2679 et
935 2623 1467 2695 impassibilitatem;
1519 2639 1583 2681 ae
1630 2640 1854 2680 causam

272 2715 498 2787 quidem
529 2722 757 2786 propter
781 2730 944 2786 quam
977 2716 1219 2773 Verbum
1246 2717 1364 2781 Dei,
1389 2716 1595 2787 alioqui
1649 2718 1855 2788 impas-

269 2807 454 2872 sibile,
485 2808 553 2862 ad
592 2807 901 2877 passionem
928 2807 1113 2874 venit;
1141 2807 1346 2878 quippe
1373 2822 1499 2862 cum
1525 2812 1636 2862 non
1670 2818 1855 2879 posset

267 2898 431 2955 aliter
496 2897 661 2954 homo
719 2899 903 2954 salvus
953 2898 1106 2964 ﬁeri,
1160 2899 1278 2969 ipse
1334 2899 1488 2953 solus
1551 2899 1740 2965 novit,
1782 2908 1854 2955 ‘et

266 2991 475 3063 quibus
510 2991 628 3061 ipse
653 2991 869 3061 aperuit
899 3010 913 3046 :
942 2991 1127 3047 omnia
1153 2992 1301 3046 enim
1324 2991 1481 3046 novit
1515 3004 1639 3061 quae
1677 2990 1855 3047 Patris

265 3091 416 3148 sunt,
445 3083 592 3139 sicut
623 3100 636 3137 :
662 3082 894 3155 Spiritus
916 3091 1191 3139 scrutatur
1206 3076 1473 3154 profunda
1496 3082 1543 3117 ⁸³
1574 3082 1849 3153 mysteria.

334 3176 402 3232 ll.
436 3176 830 3231 Verumtamen
886 3176 1181 3245 oportebat
1232 3174 1349 3245 pati
1414 3173 1736 3241 Christum;
1798 3184 1855 3230 et

266 3284 380 3323 non
421 3274 643 3339 poterat
686 3268 912 3337 penitus
955 3282 1067 3325 non
1116 3267 1239 3324 ﬁeri
1291 3266 1497 3337 passio,
1544 3266 1691 3321 sicut
1736 3267 1854 3337 ipse

265 3352 581 3425 aﬂlrmavit,
613 3375 739 3421 cum
779 3350 962 3415 tardos
1001 3367 1051 3414 et
1090 3360 1280 3414 stultos
1308 3359 1709 3414 voeavit"eos
1758 3359 1853 3429 qui

266 3451 604 3523 ignorabant
637 3449 720 3505 sic
748 3437 1008 3521 oportere
1028 3448 1318 3505 Christum
1343 3447 1482 3520 pati,
1530 3458 1587 3506 et
1638 3446 1853 3521 ingredi

266 3543 322 3597 in
351 3542 583 3613 gloriam
637 3556 811 3597 suam.
856 3540 1142 3611 Siquidem
1186 3542 1344 3596 exivit
1375 3542 1447 3594 ad
1473 3540 1706 3596 salutem
1756 3558 1854 3611 po-

266 3635 387 3706 puli
410 3634 580 3699 sui“,
623 3634 811 3689 relicm
846 3633 1019 3705 gloria
1072 3632 1162 3688 illa
1208 3632 1669 3703 quam.habebat
1708 3633 1854 3704 apud

262 3728 493 3783 Patrem
546 3733 876 3796 antequam
912 3724 1156 3789 mundus
1190 3725 1348 3781 ﬁeret
1365 3725 1448 3793 “;
1489 3727 1639 3781 salus
1666 3735 1854 3781 autem

265 3818 678 3876 consummatio
720 3827 862 3883 erat,
919 3832 1043 3888 quae
1096 3818 1389 3888 oportebat
1417 3804 1480 3873 ut
1514 3834 1613 3888 per
1640 3819 1856 3890 passio-

266 3928 397 3967 nem
450 3909 631 3974 ﬁeret,
680 3915 739 3964 et
790 3898 1000 3963 auctori
1030 3908 1159 3963 vita:
1205 3916 1412 3963 nostra:
1454 3909 1850 3974 ascriberetur,

268 4004 414 4059 sicut
456 4001 659 4056 Paulus
688 4000 875 4065 docet,
900 4015 1029 4055 cum
1057 4001 1135 4054 ait
1162 4016 1180 4051 τ
1205 3999 1388 4071 Ipsum
1441 4016 1549 4054 esse
1584 4008 1854 4055 auctorem

268 4095 390 4149 vita:
444 4108 542 4165 per
582 4092 856 4164 passiones
917 4100 1346 4145 consummatum
1367 4091 1435 4146 “.
1466 4124 1471 4131 -
1500 4090 1568 4145 Et
1633 4090 1855 4147 videtur

266 4180 685 4253 quodammodo
717 4182 890 4253 gloria
917 4181 1222 4251 Unigeniti,
1254 4189 1411 4236 extra
1442 4196 1606 4251 quam
1638 4180 1705 4237 ad
1728 4181 1856 4238 bre-

264 4287 333 4329 ve
360 4282 584 4343 tempus
609 4281 834 4344 propter
883 4289 984 4328 nos
1037 4272 1239 4340 fuerat,
1276 4288 1377 4343 per
1418 4288 1640 4328 crucem
1673 4273 1853 4328 eidem

262 4365 531 4419 restituta
569 4363 624 4417 in
666 4374 834 4419 carne
862 4360 1187 4435 assumpta;
1219 4365 1298 4418 ait
1337 4361 1679 4443 enimiilius
1712 4364 1856 4419 toni-

1955 1888 2073 1935 tute
2105 1881 2343 1938 liberare
2369 1883 2393 1935 ἲ
2424 1884 2539 1939 Etsi
2598 1885 2766 1951 enim,
2796 1892 2859 1939 ut
2906 1886 3015 1941 hoc
3047 1901 3336 1957 ponamus,
3368 1907 3534 1946 uitus-

1952 1973 2191 2043 quisque
2248 1973 2483 2030 idoneus
2537 1974 2733 2031 fuisset
2778 1976 2859 2031 ad-
2893 1977 3277 2035 liberationem
3333 1997 3529 2036 suam:

1956 2073 2139 2121 tamen
2169 2060 2281 2123 non
2310 2068 2559 2132 decebat,
2605 2079 2665 2125 ut
2692 2086 2887 2126 omnes
2929 2078 3299 2140 morerentur,
3329 2082 3387 2130 et
3416 2091 3534 2129 om-

1955 2172 2057 2215 nes
2100 2159 2207 2214 sub
2235 2168 2509 2229 potestate
2550 2163 2746 2218 mortis
2792 2173 3164 2220 remanerent.
3193 2164 3364 2239 cujus
3403 2182 3533 2239 ergo

1954 2260 2078 2308 erat
2106 2259 2217 2308 tam
2250 2254 2528 2309 excellens
2568 2254 2848 2311 cilicium?
2875 2259 3089 2314 scilicet
3129 2258 3392 2330 alicujus,
3438 2263 3533 2331 qui

1948 2356 2184 2414 peccare
2209 2359 2320 2399 non
2346 2345 2635 2414 potuisset.
2664 2347 2800 2413 Quis
2825 2356 3009 2410 autem
3033 2365 3100 2405 ex
3125 2350 3383 2406 omnibus
3415 2361 3536 2407 erat

1957 2435 2054 2504 qui
2091 2449 2322 2505 peccare
2365 2436 2638 2508 nequiret,
2663 2439 2771 2493 nisi
2799 2441 2951 2495 solus
2994 2442 3179 2497 Deus?
3207 2442 3379 2515 Igitur
3406 2446 3537 2515 quia

1958 2525 2056 2581 Dei
2085 2537 2205 2581 erat
2258 2527 2365 2584 hoc
2412 2543 2571 2599 opus,
2598 2529 2762 2600 idque
2805 2531 2925 2587 sine
2954 2521 3139 2603 morte.
3162 2541 3218 2589 et
3258 2514 3378 2589 sine
3410 2514 3534 2605 pas.

1960 2615 2212 2672 sionibus
2249 2632 2372 2688 quae
2407 2621 2570 2675 morti
2605 2623 2963 2691 antecedunt,
3000 2625 3196 2695 perlici
3229 2642 3340 2681 non
3377 2637 3536 2699 pote-

1958 2715 2077 2775 rat;
2105 2708 2253 2763 Deus
2285 2716 2467 2766 autem
2493 2714 2715 2781 penitus
2742 2729 2852 2769 non
2878 2724 2963 2770 est
2989 2732 3156 2787 capax
3185 2727 3381 2774 mortis
3408 2738 3421 2774 :
3444 2735 3535 2775 as-

1958 2800 2198 2871 sumpsit
2233 2811 2506 2868 naturam,
2540 2813 2744 2861 nostra;
2789 2808 3318 2883 consubstantialem
3350 2819 3408 2865 et
3438 2793 3539 2881 per

1958 2889 2146 2969 omnia
2193 2890 2450 2953 similem.
2497 2910 2621 2963 quae
2652 2896 2940 2966 passiones
2984 2910 3040 2953 et
3071 2910 3309 2955 mortem
3339 2894 3537 2971 capere

1959 2986 2177 3046 posset;
2226 2978 2481 3047 prmbens
2521 2983 2683 3038 simul
2739 2988 3087 3055 occasionem
3139 2990 3306 3045 morti
3358 3007 3537 3062 oppu-

1961 3069 2163 3138 gnandi
2216 3085 2460 3149 carnem,
2506 3082 2563 3128 ct
2627 3075 2801 3145 ipsam
2843 3087 3077 3134 mortem
3128 3096 3230 3151 per
3283 3091 3536 3139 naturam

1882 3142 1926 3200 (ἶ
1960 3162 2126 3217 morti
2158 3143 2462 3236 subiectam
2495 3142 2834 3225 decertando
2869 3142 3307 3244 expugnaturus,
3344 3186 3406 3232 ut
3437 3194 3540 3234 nc-

1956 3268 2065 3323 que
2104 3269 2253 3310 mors
2297 3254 2487 3312 dicere
2522 3269 2707 3328 posset
2753 3270 2813 3316 se
2853 3278 2961 3317 non
2998 3264 3067 3319 ab
3100 3265 3344 3334 homine,
3387 3270 3481 3323 sed
3508 3286 3539 3325 a

1956 3340 2075 3395 Deo
2101 3352 2417 3412 superatam
2471 3342 2633 3413 esse;
2688 3364 2869 3419 neque
2930 3367 3034 3408 nos
3070 3355 3266 3411 molles
3298 3356 3540 3413 cliicere-

1955 3446 2081 3487 mur
2111 3433 2179 3488 ad
2218 3443 2683 3504 certumenycum
2718 3445 2937 3511 tempus
2963 3454 3191 3500 vocaret
3215 3463 3231 3499 :
3256 3446 3534 3517 siquidem

1950 3524 2264 3593 exemplum
2319 3526 2650 3583 haberemus
2699 3528 2756 3583 in
2817 3545 2982 3587 carne
3020 3528 3273 3605 ejusdem
3324 3545 3538 3594 natura:

1950 3628 2021 3668 ac
2040 3614 2388 3682 substantiae,
2421 3617 2477 3672 in
2510 3633 2619 3689 qua
2652 3613 2944 3691 peccatum
2967 3623 3286 3681 damnatum
3319 3628 3534 3697 fuisset,

1950 3703 2102 3773 quod
2132 3704 2313 3760 locum
2334 3704 2557 3762 'nullum
2587 3706 2644 3762 in
2676 3723 2741 3765 ea
2764 3712 3085 3783 repetisset.
3110 3714 3535 3777 Conﬂixitenim

1954 3808 2055 3864 per
2093 3809 2378 3852 eumeum
2424 3807 2603 3854 morte
2630 3824 2643 3845 ι
2668 3800 3091 3872 impassihiliter
3115 3808 3360 3864 Verbum
3412 3811 3533 3880 Dei,

1953 3885 2084 3956 Quia
2119 3887 2295 3959 ipsam
2318 3902 2541 3951 carnem
2574 3892 2854 3962 propriam
2888 3892 3039 3964 fecit,
3074 3906 3131 3954 et
3158 3904 3287 3957 cum
3319 3916 3382 3962 ea
3407 3903 3535 3957 uni-

1954 3986 2074 4033 tum
2108 3990 2212 4045 est,
2239 3980 2385 4038 sicut
2410 3982 2591 4039 ahima
2619 3999 2745 4040 cum
2777 4000 3013 4060 corpore
3042 4009 3055 4045 :
3079 3991 3222 4048 hanc
3248 3996 3536 4066 proprium

1952 4086 2159 4143 corpus
2197 4082 2255 4129 et
2291 4088 2516 4129 carnem
2546 4082 2728 4131 vocat.
2776 4078 2843 4132 Et
2904 4082 3090 4137 omnia
3137 4098 3261 4153 qua
3319 4084 3375 4139 in
3420 4086 3543 4156 ipsa

1936 4165 2097 4222 laeta
2128 4176 2277 4233 sunt,
2311 4166 2549 4239 propria
2564 4170 2718 4225 ducit
2770 4180 2828 4227 et
2883 4182 3125 4243 reputat.
3155 4176 3436 4246 Siquidem
3468 4196 3536 4237 ex

1952 4272 2190 4327 persona
2225 4261 2349 4330 ejus
2381 4260 2879 4333 clamat'propbeta
2913 4264 3172 4335 inquiens
3196 4285 3208 4321 :
3229 4266 3398 4340 Super
3439 4271 3539 4324 do-

1956 4349 2123 4403 lorem
2148 4350 2431 4406 vulnerum
2451 4368 2686 4407 meorum
2708 4354 3027 4409 addiderunt
3047 4357 3115 4411 °°.
3135 4358 3351 4415 \‘ulnus
3373 4375 3541 4417 suum

271 4455 381 4509 trui
426 4456 488 4509 in
542 4453 836 4527 Evangelio
894 4469 1017 4519 suo,
1085 4468 1217 4509 cum
1258 4455 1508 4525 exponit,
1553 4469 1677 4525 qua:
1707 4463 1855 4510 esset
1885 4495 1929 4549 Β
1956 4444 2354 4549 Vofai'wllms
2381 4444 2786 4515 COPPOYiSIS‘li;
2818 4456 2873 4503 εἳ
2902 4458 3089 4519 Partes
3120 4446 3374 4521 corporis
3407 4469 3541 4525 ριό-

269 4562 412 4618 aqua
466 4546 561 4601 illa
635 4562 800 4617 quam
844 4548 983 4603 dixit
1022 4547 1279 4604 Salvator
1332 4548 1550 4619 ﬂuxisse
1597 4555 1854 4617 tanquam
1885 4532 1929 4549 ³⁷
1956 4532 2080 4602 ιπὶει
2104 4535 2351 4601 membra
2380 4545 2623 4606 ι’θρυῑθῐν
2651 4538 2796 4594 Sicut
2830 4549 2887 4595 ει
2913 4548 3087 4596 ιοῑυτη
3121 4558 3322 4613 corpus
3357 4564 3369 4599 ε
3402 4544 3541 4600 Πον-

266 4639 497 4707 [lumina
520 4637 584 4691 de
606 4648 788 4692 uentre
810 4636 1067 4693 credentis
1101 4657 1118 4693 :
1143 4637 1254 4693 Hoc
1281 4646 1482 4701 autem,
1506 4635 1706 4706 inquit,
1723 4636 1859 4689 dixit
1955 4640 2071 4678 sum
2101 4642 2295 4690 meum.
2333 4626 2535 4699 intulit,
2567 4630 2689 4685 dedi
2717 4633 2774 4686 in
2805 4632 3022 4688 verbera
3042 4643 3092 4689 et
3117 4630 3280 4706 genas
3310 4654 3454 4691 meas
3478 4637 3537 4693 in

266 4726 329 4782 de
368 4728 578 4801 Spiritu
604 4737 810 4795 saneto,
846 4747 1001 4800 quem
1023 4722 1289 4801 accepturi
1318 4738 1473 4784 erant
1497 4728 1764 4783 credentes
1798 4728 1850 4780 in

1956 4715 2247 4787 alapas;et
2291 4718 2482 4788 faciem
2505 4734 2678 4775 meam
2704 4737 2809 4775 non
2836 4727 3006 4778 averti
3029 4743 3061 4779 a
3080 4725 3327 4780 dedecore
3356 4742 3545 4798 sputo~

268 4836 393 4876 eum
423 4838 444 4877 ε
478 4822 716 4876 nondum
760 4823 902 4876 enim
931 4822 1088 4876 άαιαε
1119 4831 1234 4876 em;
1264 4820 1673 4893 spirituum,“
1701 4820 1857 4875 ,ηεαδ
1955 4812 2472 4868 rum“.EtrIrsus:
2493 4812 2758 4869 Fuderunt
2775 4833 2965 4872 manus
2981 4835 3126 4873 meas
3143 4828 3192 4873 et
3208 4820 3362 4891 pedes
3376 4838 3544 4888 meos,

269 4914 511 4969 ηοπάυπι
537 4923 654 4969 erat
691 4913 1020 4986 glori/team;
1041 4915 1115 4981 ης
1142 4913 1372 4985 gloriam
1423 4923 1580 4969 voca;
1620 4908 1853 4968 mortem
1954 4913 2004 4957 et
2022 4904 2489 4960 dinumerarefttnt
2505 4909 2685 4962 omnia
2702 4925 2821 4965 ossa
2842 4927 2959 4965 mea
2978 4911 3046 4966 ".
3065 4910 3243 4984 Atque
3263 4911 3381 4968 haec
3413 4915 3543 4985 qui-

268 5005 328 5059 in
358 5020 547 5061 cruce,
581 5006 740 5063 Unde
771 5007 1039 5061 Dominus
1053 5006 1121 5071 “,
1157 5019 1281 5061 cum
1311 5018 1523 5075 preces,
1559 5014 1850 5074 antequam
1958 4995 2084 5051 dem
2104 4996 2321 5052 dicitde
2349 5000 2761 5069 corpore,quod
2781 5016 2941 5057 suum
2961 5002 3114 5058 dicit.
3143 5004 3212 5061 Ει
3239 5021 3361 5075 quae
3388 5005 3541 5067 illata

269 5111 497 5153 crucem
542 5097 776 5164 subiret,
807 5098 1120 5163 adhiberet,
1157 5097 1391 5152 Patrem
1417 5096 1766 5166 precabatur,
1791 5103 1853 5150 ut
1954 5088 2692 5162 fuerunteorpori,sibi,qui
2714 5108 2915 5166 corpus
2931 5097 3196 5167 gestabat,
3216 5097 3364 5153 illata
3382 5097 3541 5155 dicit.

268 5188 677 5260 gloriﬁcaretur
710 5205 775 5246 ea
827 5190 1003 5262 gloria
1046 5205 1210 5261 quam
1241 5188 1479 5245 habebat
1510 5188 1658 5259 apud
1700 5200 1852 5255 eum,
2026 5186 2116 5242 IV.
2152 5184 2424 5242 Caeterum
2456 5195 2513 5243 et
2544 5187 2661 5259 ipse
2691 5189 2848 5256 dicit,
2884 5208 2942 5247 se
2992 5207 3213 5262 passum
3246 5206 3388 5256 esse,
3419 5190 3543 5246 sine

268 5289 566 5349 antequam
598 5281 840 5338 mundus
866 5292 1032 5337 esset.
1340 5354 1343 5359 _
1955 5277 2341 5333 nominatione
2377 5280 2652 5349 corporis,
2679 5289 2773 5337 aut
2825 5281 3214 5337 numeratione
3257 5279 3542 5335 membro-

338 5371 433 5429 Ill.
470 5373 604 5430 Post
628 5375 1128 5447 gresurrectionem
1190 5387 1323 5429 vero
1363 5371 1495 5427 dum
1535 5378 1853 5428 versaretur
1956 5386 2114 5437 rum;
2148 5381 2211 5427 ut
2238 5384 2365 5425 cum
2397 5377 2475 5428 ait
2514 5374 2785 5444 propheta
2815 5390 2831 5428 :
2860 5373 3139 5444 Tanquam
3165 5374 3276 5428 oris
3300 5374 3370 5427 ad
3396 5374 3536 5427 ecci-

266 5479 392 5520 cum
438 5464 725 5537 discipulis
768 5467 908 5532 suis,
952 5467 1096 5521 hanc
1142 5482 1308 5537 quam
1339 5466 1582 5537 petebat,
1615 5463 1852 5519 alIirma-
1952 5464 2152 5518 sionem
2183 5464 2371 5519 duom
2398 5472 2476 5518 est
2498 5466 2564 5519 ⁷⁸.
2598 5465 2667 5519 Et
2701 5464 3011 5519 :Dederunt
3054 5465 3109 5519 in
3143 5465 3313 5521 cibum
3361 5482 3537 5521 ineunt

341 5605 389 5639 ⁸⁷
409 5605 602 5663 Matth.
628 5624 774 5675 xxvu,
797 5610 982 5665 52.54.
1096 5611 1141 5642 "
1164 5610 1186 5664 l
1220 5609 1348 5665 Cor.
1382 5609 1534 5670 ΠΛΟ.
1610 5608 1659 5642 ⁸⁸
1686 5609 1822 5667 Luc.
1848 5624 1994 5674 mv,
2018 5609 2111 5665 25.
2188 5609 2235 5641 ⁸⁸
2255 5608 2457 5665 Hahae.
2487 5624 2564 5673 tn,
2592 5608 2678 5663 l5.
2755 5608 2796 5639 "
2827 5608 2982 5664 Joan.
3008 5622 3133 5671 xvn,
3162 5609 3214 5664 5.
3291 5608 3333 5641 "
3359 5607 3536 5665 Hebr.

277 5676 450 5748 n40.
529 5679 574 5711 “
597 5678 757 5735 Joan.
800 5697 895 5744 vn,
932 5680 1020 5745 '58,
1059 5681 1146 5735 59.
1226 5681 1271 5711 “
1294 5681 1450 5736 Joan.
1485 5695 1613 5744 xv",
1648 5680 1700 5734 5.
1803 5680 1847 5713 “
1879 5679 2069 5734 Matth.
2094 5694 2277 5741 xxviii,
2308 5678 2394 5741 l8,
2498 5679 2723 5735 “Rom.
2754 5695 2832 5748 tu,
2860 5678 2952 5735 9.5.
3049 5681 3092 5713 ⁸⁷
3122 5680 3139 5734 I
3166 5679 3294 5736 Cor.
3328 5694 3418 5748 xv,
3444 5679 3539 5737 56.

278 5748 323 5779 ⁸⁸
351 5747 496 5805 Ρςιιι.
521 5765 704 5820 ιχνιιι,
729 5751 819 5806 27.
896 5752 941 5783 ⁶⁹
962 5750 1065 5805 Isa.
1098 5767 1146 5817 l.,
1168 5752 1222 5807 6.
1297 5753 1343 5784 7°
1373 5750 1522 5807 Psal.
1548 5768 1656 5818 ut,
1687 5751 1773 5804 l7.

1948 5765 2026 5805 sa.
2055 5764 2169 5815 LIII,
2213 5748 2266 5801 7.
