4020 6146
387 322 529 388 1351

1513 317 1573 375 S.
1618 309 2017 378 AN'ASTASII
2049 301 2522 369 'ANTIOCH'ENI

3511 268 3658 331 1352

391 433 481 509 fet,
507 441 558 488 et
586 433 643 488 in
682 431 772 486 siti
802 445 920 484 mea
957 431 1268 504 potauerunt
1310 438 1391 476 me
1429 421 1660 475 aceto".
1717 419 1796 474 Ne
1842 417 1969 487 quis
1999 423 2044 479 Α
2075 413 2260 469 omnia
2289 410 2458 466 unius
2485 418 2541 464 et
2560 403 2806 477 ejusdem
2826 414 2948 457 esse
2971 395 3322 471 proﬁtemur,
3341 390 3652 464 passionem

392 508 591 590 divise,
629 522 724 579 sed
771 521 959 592 potius
1009 518 1302 589 conjuncte
1334 515 1529 568 omnia
1577 512 1645 566 de
1697 511 1817 581 ipso
1863 508 1972 564 dici

393 625 578 688 putet;
613 614 821 668 idcirco
843 620 901 666 et
935 611 1176 670 humana
1201 616 1260 661 et
1293 605 1479 660 divina
1513 602 1882 660 communiter
1906 601 1976 656 de

395 709 515 779 ipso
549 704 938 776 prredicantur,
977 708 1160 754 mente
1198 698 1573 766 distinguente
1615 709 1738 764 quae
1772 703 1981 747 utram-

397 815 505 869 que
545 804 802 850 naturam
839 792 1170 848 condecent.
1217 787 1490 844 Divinitas
1540 786 1688 840 enim
1723 784 1982 854 impassi-

396 885 524 944 bilis
551 893 666 951 est;
705 894 761 939 et
789 898 902 937 non
947 888 1130 950 potest
1187 892 1431 947 unquam
1482 876 1666 945 passio
1711 874 1982 943 attingere

399 976 831 1048 impassihilem;
864 987 967 1026 nec
993 984 1346 1040 quaecunque
1388 967 1592 1021 animae
1615 963 1980 1029 conveniunt,

401 1080 498 1125 aut
531 1081 871 1139 quaecunque
909 1063 1132 1141 corpori
1160 1072 1256 1116 aut
1289 1059 1513 1129 corpori
1546 1057 1795 1111 animato
1825 1071 1838 1107 :
1867 1053 1986 1107 ani-

405 1177 508 1216 mae
559 1160 707 1213 enim
752 1158 966 1212 ratione
1013 1153 1257 1224 praedita:
1287 1159 1372 1206 est
1402 1150 1611 1212 dolere,
1638 1156 1696 1203 et
1743 1145 1982 1209 turbari,

406 1265 460 1312 et
491 1269 747 1319 interere,
771 1261 828 1307 et
856 1231 1037 1306 tristia
1065 1247 1320 1318 urgentia
1361 1253 1416 1299 et
1458 1242 1809 1298 adventantia
1840 1239 1989 1310 cogi-

410 1359 564 1413 tare;
613 1346 866 1417 corporis
895 1359 1029 1399 vero
1077 1340 1278 1401 secari,
1315 1345 1371 1392 et
1408 1335 1705 1406 conjungi:
1734 1332 1989 1402 corporis

410 1440 638 1495 animati
688 1437 926 1500 esurire,
977 1433 1152 1497 sitire,
1208 1430 1464 1485 laborare
1510 1435 1568 1482 et
1619 1426 1838 1480 sudare.
1866 1423 1993 1478 Haec

2077 494 2382 561 natu‘ralem
2420 509 2478 555 et
2512 494 3029 568 impassihilitatem.
3627 535 3630 544 τ

2149 596 2236 650 VI.
2264 595 2356 649 Sic
2382 592 2532 661 loqui
2557 597 2624 648 et
2638 587 2841 644 sentire
2868 585 3062 639 Petrus
3089 581 3346 652 princeps
3369 572 3658 647 apostolo-

2079 701 2202 742 rum
2237 700 2338 739 nos
2370 682 2581 754 docuit,
2609 693 2734 734 cum
2771 675 2848 730 ait
2884 692 2898 728 :
2933 672 3140 729 Christo
3169 677 3300 742 ante
3321 679 3344 708 ε
3375 683 3534 738 passo
3566 682 3666 734 pro

2081 779 2230 832 nobis
2269 791 2430 830 carne
2450 776 2526 838 7";
2567 786 2692 826 cum
2733 778 2917 822 tamen
2954 765 3101 821 clare
3144 775 3200 818 et
3236 769 3424 832 aperte
3462 758 3664 813 Filium

2081 873 2180 926 Dei
2214 885 2337 924 esse
2367 859 2660 922 confessus
2690 870 2839 916 esset
2855 860 2922 924 ⁷⁸,
2950 872 3076 913 cum
3107 853 3306 910 merito
3338 850 3670 930 praedicatus

2084 972 2172 1018 est
2206 962 2423 1026 beatus,
2456 965 2518 1011 ut
2555 954 2650 1024 qui
2693 947 3009 1021 hujnsmodi
3051 945 3445 1001 revelationem
3481 957 3514 994 a
3556 940 3670 994 Deo

2085 1055 2248 1110 Patre
2277 1049 2597 1120 accepisset.
2626 1044 2864 1116 Oportet.
2882 1040 3056 1111 igitur
3087 1047 3149 1092 ut
3181 1051 3284 1091 nos
3316 1035 3542 1090 Petrum
3577 1047 3664 1096 sev

2089 1153 2321 1216 quentes
2354 1141 2448 1212 qui
2485 1140 2553 1194 de
2586 1139 2690 1192 hac
2723 1152 2782 1193 re
2815 1131 3190 1204 cognitionem
3225 1142 3258 1181 a
3289 1127 3404 1192 Deo
3435 1124 3666 1192 accepit,

2089 1213 2280 1292 eadem
2319 1232 2507 1303 regula
2541 1239 2782 1293 utamur,
2810 1235 2867 1281 et
2896 1223 3180 1280 Christum
3213 1218 3464 1273 dicamus
3495 1213 3672 1285 passi-

2090 1328 2258 1383 bilem
2298 1340 2442 1390 esse,
2467 1332 2528 1378 ut
2559 1320 2760 1378 Paulus
2795 1313 3234 1387 sapientissimus
3272 1306 3538 1379 loquitur,
3565 1319 3675 1358 non

2095 1429 2280 1474 tamen
2311 1414 2615 1486 secundum
2642 1409 3015 1472 divinitatem;
3048 1413 3104 1460 et
3132 1390 3386 1458 eumdem
3416 1397 3676 1467 impassi-

411 1530 618 1595 omnia,
651 1536 709 1583 et
738 1541 933 1582 eorum
975 1524 1189 1594 singula
1218 1519 1449 1590 patienti
1490 1517 1752 1572 accidunt
1797 1530 1995 1570 secnn-
2095 1515 2286 1578 bilem,
2313 1527 2503 1569 verum
2537 1525 2647 1576 non
2685 1504 2989 1563 secundum
3024 1499 3447 1556 humanitatem.
3473 1494 3678 1548 Passus

413 1623 544 1676 dum
598 1617 960 1674 mutationem
1003 1611 1386 1683 dispositionis
1418 1609 1595 1662 :Deus
1651 1614 1872 1672 autem,
1907 1605 1995 1658 in—
2096 1623 2225 1678 ergo
2252 1615 2338 1662 est
2363 1603 2652 1675 passiones
2679 1610 2909 1662 naturae,
2936 1609 3074 1664 quas
3106 1607 3218 1646 non
3253 1588 3505 1657 sequitur
3530 1585 3680 1639 vitu-

415 1715 553 1784 quit,
587 1728 680 1782 ego
717 1726 858 1774 sum,
887 1716 935 1761 et
965 1723 1071 1760 non
1120 1713 1294 1757 mutor
1314 1702 1379 1754 ⁷³.
1413 1701 1479 1754 Et
1510 1699 1562 1754 ei
1613 1698 1758 1752 alius
1786 1696 2069 1784 theolo—n
2099 1675 2333 1769 peratio,
2359 1695 2454 1750 sed
2485 1691 2776 1763 magniﬁca
2801 1683 3192 1755 contemplatio
3219 1689 3544 1736 naturarum
3577 1675 3682 1731 sibi

417 1761 519 1876 gas
548 1761 725 1856 dicit:
761 1799 836 1852 Tu
873 1805 1053 1851 autem
1077 1794 1216 1847 idem
1244 1793 1354 1861 ipse
1380 1789 1516 1843 es”.
1554 1787 1780 1854 Qualem
1832 1761 2071 1855 igitur.B
2101 1761 2248 1845 inter
2305 1761 2364 1843 se
2390 1828 2392 1830 .
2421 1761 2821 1856 oppositarum.
2870 1779 2942 1834 Et
2981 1784 3071 1830 est
3124 1772 3346 1844 quidem
3394 1767 3546 1825 Deus
3587 1767 3683 1837 qui

421 1896 737 1967 passionem
768 1888 1042 1958 suspicari
1064 1885 1267 1955 aliquis
1289 1889 1472 1953 potest
1499 1879 1754 1935 accidere
1788 1877 1996 1946 impas-

423 1965 607 2037 sihili?
627 1980 709 2032 Au
741 1975 1052 2046 passionem
1077 1970 1433 2042 corpoream?
1457 1969 1527 2023 At
1556 1983 1666 2037 quo
1690 1973 1852 2036 pacto
1884 1965 2001 2020 hac

424 2072 660 2134 accidat,
692 2083 814 2139 quae
843 2083 946 2122 nec
969 2066 1168 2121 animae
1204 2079 1325 2132 qua:
1353 2068 1538 2115 creata
1559 2065 1667 2123 est,
1702 2063 1759 2112 et
1782 2071 1999 2123 recens,

426 2163 678 2220 accidere
722 2159 928 2231 queat?
953 2158 1036 2213 An
1087 2157 1400 2228 passionem
1453 2153 1768 2214 animalem,
1798 2148 1854 2204 id
1896 2155 2002 2213 est,

426 2253 624 2308 anima:
640 2251 854 2306 ratione
877 2246 1239 2319 praeditas?At
1256 2245 1363 2299 hoc
1385 2243 1543 2297 valde
1566 2241 1868 2296 absurdum
1898 2248 2004 2306 est,

427 2344 474 2399 si
505 2343 628 2413 quis
669 2341 835 2406 dicat,
884 2339 1104 2395 easdem
1136 2336 1420 2406 passiones
1448 2333 1646 2388 cadere
1676 2332 1731 2386 in
1774 2330 2006 2387 Creatoo

432 2452 548 2494 rem
587 2433 834 2489 universi
867 2447 990 2502 quae
1018 2431 1074 2486 in
1107 2437 1392 2486 creaturas
1422 2427 1737 2492 cadunt;et
1769 2440 1880 2479 non
1904 2423 2010 2480 hoc

432 2536 668 2591 tantum,
697 2525 794 2580 sed
826 2538 1024 2594 capere
1053 2521 1220 2576 etiam
1248 2519 1614 2594 mutationem
1645 2523 1708 2582 et
1744 2514 2008 2570 variatio-

434 2633 559 2674 nem
587 2638 599 2672 :
627 2590 910 2686 siquidem
936 2607 1056 2667 ﬁeri
1091 2627 1203 2666 non
1229 2617 1431 2681 potest,
1463 2616 1526 2662 ut
1569 2590 1841 2678 ejusmodi
1881 2619 2011 2675 pas-

434 2711 617 2766 siones
649 2707 848 2762 cadant
878 2705 996 2777 sine
1029 2701 1576 2770 mutatione;divina
1601 2709 1784 2755 autem
1816 2705 2013 2752 natura

435 2798 636 2854 mutari
671 2814 784 2853 non
801 2805 1003 2868 potest.
1035 2797 1104 2851 At
1133 2794 1596 2851 carnisanimaue
1618 2790 1803 2862 passio
1831 2788 2014 2858 attigit

439 2883 808 2944 divinitatem.
856 2888 1059 2958 Apage,
1101 2886 1282 2956 inquit
1353 2885 1624 2954 propheta
1652 2899 1667 2935 :
1693 2881 1832 2935 Deus
1873 2880 2014 2932 enim

442 2991 670 3034 teternus
702 2995 806 3032 non
838 2979 1052 3040 esuriet,
1085 2992 1248 3048 neque
1282 2975 1543 3029 laborabit
1572 2991 1589 3026 :
1615 2989 1714 3028 nec
1741 2980 1819 3026 est
1865 2972 2012 3025 inve-

439 3072 655 3139 stigatio
679 3070 708 3109 ι)
737 3069 1029 3140 prudentiae
1067 3069 1178 3138 ejus
1202 3069 1270 3122 ⁷⁵.

511 3161 575 3216 ν.
601 3160 739 3215 Cum
797 3160 966 3230 igitur
1007 3169 1203 3214 natura
1257 3157 1444 3213 divina
1478 3154 1915 3212 substantialiter
1939 3141 2017 3208 'sit

441 3268 638 3322 expers
666 3252 960 3322 passionis,
988 3260 1043 3304 et
1074 3251 1404 3320 praedicetur
1435 3248 1620 3319 passio
1644 3257 1702 3304 et
1735 3263 1872 3302 crux
1898 3245 2020 3315 qui-

442 3343 548 3398 bus
573 3343 708 3398 salvi
735 3342 864 3397 facti
901 3358 1130 3415 sumus;
1161 3342 1239 3396 ait
1271 3341 1416 3394 enim
1447 3341 1647 3395 Paulus
1681 3356 1695 3392 :
1727 3337 1846 3392 Non
1870 3337 2020 3407 judi-

440 3437 558 3488 cavi
586 3435 878 3506 quidquam
911 3436 1044 3489 scire
1082 3434 1137 3486 in
1185 3431 1347 3496 vobis,
1381 3433 1480 3486 nisi
1505 3430 1772 3486 Christum
1802 3437 1852 3483 et
1884 3429 2022 3483 hunc

445 3524 850 3593 cruciﬁxum";
884 3522 1198 3578 necessario
1243 3521 1513 3592 sequitur.
1544 3521 2024 3591 passionemprop

447 3617 568 3686 prie
602 3615 848 3684 quidem,
882 3624 940 3670 et
988 3615 1168 3685 primo
1203 3629 1324 3669 esse
1351 3621 1563 3668 naturae
1583 3620 1896 3683 assumptus,
1922 3611 2024 3666 mi-

449 3710 599 3763 nime
644 3723 777 3763 vero
825 3718 1078 3779 separata
1107 3715 1307 3763 natura
1343 3717 1682 3772 assumente,
1717 3708 1816 3762 sed
1849 3705 2024 3761 .unita

449 3799 756 3856 secundum
800 3799 1140 3870 hypostasim
1189 3799 1394 3854 unione
1423 3798 1828 3864 indissolubili;
1856 3798 1930 3852 ita
1966 3805 2026 3852 ut

449 3894 633 3948 omnia
673 3893 784 3948 sint
815 3891 980 3947 unius
1023 3891 1250 3955 Christi,
1285 3901 1400 3948 tum
1439 3890 1644 3956 divina,
1672 3899 1804 3944 tum
1829 3889 2026 3944 huma-

451 4003 542 4052 na,
575 4001 686 4040 non
741 3984 1113 4060 confundente
1146 4001 1210 4040 ea
1257 3984 1588 4054 cogitatione
1615 3991 1848 4046 .nostra,
1897 3996 2026 4036 cum

453 4076 571 4131 vult
599 4075 934 4138 discernere,
969 4073 1103 4143 quid
1139 4081 1226 4129 est
1272 4073 1540 4138 divinum,
1581 4084 1638 4130 et
1666 4073 1806 4144 quid
1833 4088 2026 4129 rursus

455 4167 778 4222 humanum.
829 4166 974 4233 Quin
1029 4167 1214 4237 potius
1263 4167 1332 4222 de
1364 4182 1475 4222 uno
1497 4176 1552 4222 et
1583 4165 1778 4221 eodem
1809 4173 2030 4235 oportet

455 4267 686 4331 utraque
706 4259 1026 4329 praedicare,
1061 4259 1344 4329 passiones
1363 4259 1488 4314 dico
1526 4267 1583 4313 et
1615 4257 2030 4328 impassihilita-

457 4357 596 4412 tem;
649 4349 778 4422 quia
834 4350 951 4420 ipse
1009 4350 1078 4404 de
1143 4365 1254 4420 quo
1297 4350 1690 4421 praedicantur,
1741 4365 1810 4404 ex
1865 4348 2030 4404 utris-

2103 1881 2330 1953 patitur,
2365 1892 2478 1933 non
2517 1875 2768 1944 capiente
2811 1869 3121 1941 passionem
3162 1862 3492 1926 divinitate;
3537 1859 3684 1913 idem

2101 1952 2234 2028 vero
2261 1970 2428 2024 homo
2460 1981 2572 2021 non
2603 1964 2820 2035 patiens
2843 1957 3134 2018 divinitate
3160 1970 3282 2026 quae
3311 1954 3369 2008 in
3398 1952 3519 2022 ipso
3543 1957 3683 2013 erat,

2103 2064 2358 2119 habente
2378 2057 2680 2128 secundum
2714 2063 2970 2111 naturam
3006 2046 3528 2119 impassihilitatem,
3557 2041 3688 2096 licet

2105 2155 2409 2226 composita
2441 2166 2568 2220 cum
2601 2159 2850 2218 corpore,
2869 2143 3116 2215 patiente
3145 2157 3160 2194 :
3191 2140 3308 2208 ipse
3332 2147 3465 2192 vero
3492 2132 3691 2188 modus

2107 2245 2383 2319 passionis
2415 2243 2758 2298 demonstrat
2783 2233 3156 2292 ditl'erentiam
3183 2236 3505 2284 naturarum
3536 2238 3690 2280 com-

2107 2339 2444 2412 positarum,
2467 2341 2525 2389 et
2552 2339 2763 2387 natura:
2797 2325 3075 2400 passibilis
3108 2320 3483 2379 innocentiam
3525 2335 3542 2371 :
3580 2332 3690 2372 non

2108 2434 2258 2489 enim
2283 2428 2432 2501 quod
2457 2424 2666 2496 aliquid
2689 2420 3060 2478 commisisset
3082 2423 3261 2471 morte
3288 2420 3386 2467 aut
3404 2419 3694 2466 contume-

2108 2524 2184 2579 lia
2222 2500 2478 2592 dignum,
2515 2517 2696 2587 capite
2730 2514 3026 2570 damnatus
3057 2517 3143 2564 est
3179 2525 3192 2559 :
3227 2505 3511 2560 Peccatum
3543 2500 3694 2555 enim

2111 2633 2217 2671 non
2249 2616 2388 2684 fecit,
2412 2628 2507 2666 nec
2525 2611 2775 2664 inventus
2807 2612 2882 2659 est
2905 2601 3057 2656 dotus
3084 2600 3142 2654 in
3170 2613 3260 2652 ore
3285 2596 3400 2666 ejus
3422 2594 3486 2646 ⁷⁸.

2183 2682 2296 2762 Ἦ-Ι.
2326 2703 2442 2758 Hoc
2470 2707 2654 2756 autem
2681 2706 2738 2752 et
2766 2696 2806 2751 ii
2836 2693 2933 2765 qui
2961 2707 3091 2750 eum
3123 2687 3324 2758 capitis
3356 2682 3697 2740 condemna-

2115 2803 2277 2862 runt,
2305 2792 2490 2848 testati
2522 2798 2654 2845 sunt
2685 2788 2768 2853 ei;
2806 2784 3082 2855 siquidem
3111 2778 3319 2836 ‘Judazis
3354 2769 3694 2846 congregatis

2114 2898 2171 2945 et
2207 2885 2526 2958 petentibus
2565 2879 2871 2941 Barabbam
2914 2878 3219 2937 latronem,
3254 2869 3464 2925 Pilatus
3500 2864 3644 2920 dixit
3679 2881 3712 2917 :-

2119 2954 2288 3035 Vultis
2330 2977 2599 3032 dimittam
2638 2972 2780 3026 vobis
2817 2969 3030 3033 Iesum,
3063 2967 3152 3037 qui
3190 2965 3384 3035 dicitur
3419 2954 3705 3015 Christus?

2043 3103 2085 3160 ο
2111 3072 2316 3152 sciebat
2360 3070 2527 3132 enim,
2563 3064 2702 3136 quod
2743 3079 2836 3135 per
2872 3059 3130 3114 invidiam
3167 3054 3512 3110 tradidissent
3556 3065 3699 3103 cum.

2120 3161 2524 3234 Responderunt
2551 3174 2570 3212 :
2598 3156 2739 3218 Non,
2763 3153 2854 3208 sed
2888 3149 3194 3206 Barabbam
3225 3165 3243 3202 :
3274 3145 3477 3227 quibus
3504 3156 3706 3196 rursus

2121 3257 2260 3313 dixit
2287 3255 2495 3310 Pilatus
2529 3269 2542 3307 :
2580 3248 2718 3315 Quid
2744 3262 2867 3317 ergo
2899 3244 3094 3315 faciam
3123 3241 3186 3295 de
3215 3240 3362 3303 Iesu,
3392 3236 3483 3308 qui
3508 3236 3707 3288 dicitur

2121 3345 2403 3402 Christus?
2435 3341 2529 3398 llti
2561 3334 2738 3396 autem
2773 3338 3024 3391 dixerunt
3061 3350 3079 3387 :
3112 3330 3501 3401 Cruciﬁgatur;
3537 3335 3707 3395 atque

2124 3437 2327 3491 iterum
2358 3441 2421 3487 ut
2451 3431 2662 3502 pudore
2696 3443 2792 3498 eos
2818 3425 3029 3487 Pilatus
3055 3420 3324 3485 attice-ret,
3348 3417 3491 3472 dixit
3519 3432 3533 3469 :
3569 3413 3710 3480 Quid

2124 3529 2263 3582 enim
2294 3524 2434 3582 male
2459 3525 2578 3595 fecit
2601 3521 2684 3576 8°?
2715 3518 2887 3590 igitur
2915 3531 3042 3570 cum
3073 3513 3213 3569 nihil
3241 3509 3372 3566 mali
3401 3505 3708 3564 commisis-

2125 3629 2229 3686 set,
2253 3617 2491 3674 tradi‘tus
2515 3615 2681 3676 estin
2709 3620 2948 3666 mortem
2973 3623 3072 3680 per
3095 3620 3335 3662 crucem.
3357 3601 3513 3660 Unde
3542 3599 3712 3656 Isaias

2125 3713 2203 3766 ait
2237 3729 2250 3765 :
2279 3709 2511 3778 Propter
2540 3713 2756 3778 peccata
2788 3718 2991 3767 eorum,
3023 3697 3235 3754 scilicet
3258 3693 3569 3755 hominum,
3597 3698 3712 3753 tra-

2127 3805 2268 3856 ditus
2297 3808 2371 3854 est
2393 3800 2459 3852 3‘.
2490 3798 2560 3852 Et
2595 3797 2794 3852 iterum
2830 3812 2842 3847 :
2875 3793 2917 3848 Α
2945 3790 3173 3864 peccatis
3209 3786 3387 3859 populi
3419 3784 3522 3840 mei
3561 3789 3712 3836 actus

2126 3908 2246 3946 sum
2269 3891 2358 3949 ,ad
2401 3897 2626 3944 mortem
2649 3887 2718 3940 δ’.
2751 3887 2965 3944 Revera
3007 3881 3154 3937 enim
3196 3894 3302 3934 nos
3343 3890 3587 3939 eramus,
3615 3871 3714 3943 qui

2129 3994 2361 4040 mortem
2385 3982 2727 4036 habebamus
2748 3975 3119 4048 adulterinum
3139 3971 3441 4032 dominam,
3457 3977 3517 4023 et
3538 3967 3716 4022 honos

2129 4059 2219 4129 res
2243 4081 2465 4149 nostros
2491 4070 2559 4124 ab
2588 4084 2656 4124 eo
2685 4067 3008 4132 tuleramus,
3036 4068 3352 4134 ac-peccata
3379 4057 3450 4114 ad
3476 4066 3715 4112 mortem

2129 4175 2574 4236 peccaveramus.
2635 4157 2845 4218 Clamat
2913 4156 3081 4226 igitur
3143 4151 3415 4223 propheta
3478 4164 3717 4220 arguens

2132 4255 2314 4310 scelus
2347 4250 2714 4314 venditionis,
2750 4247 3008 4318 inquiens
3046 4263 3062 4300 :
3097 4243 3228 4300 Ecce
3262 4241 3490 4314 peccatis
3530 4240 3716 4306 vestris

2131 4347 2327 4410 uenditi
2363 4345 2486 4399 estis
2509 4343 2577 4396 ⁸⁸.
2613 4340 2721 4397 Sed
2755 4331 2886 4394 licet
2917 4335 3167 4393 venditio
3203 4334 3471 4389 scelerata
3502 4331 3715 4395 fuerat,

453 4459 559 4513 que
586 4444 922 4515 compositus
948 4456 1035 4499 est
1062 4444 1234 4499 :sicut
1259 4444 1531 4503 sectiones
1549 4443 1798 4514 corporis
1819 4443 2031 4505 anima-
2058 4438 2120 4497 1)-
2136 4437 2433 4510 oportebat
2469 4443 2654 4489 tamen
2685 4434 2888 4504 justam
2924 4438 2980 4486 et
3010 4427 3312 4499 legitimam
3349 4441 3472 4480 esse
3515 4424 3720 4479 libem-

455 4537 518 4593 ti.
555 4543 612 4588 et
644 4535 852 4590 vibices
881 4536 935 4590 in
965 4535 1156 4606 primis
1194 4537 1260 4592 ad
1291 4552 1490 4607 corpus
1521 4538 1801 4608 pertinere
1828 4551 2033 4606 cogno-

458 4641 697 4693 st'Imus;
731 4635 953 4696 propter
978 4628 1436 4698 compositionem
1474 4643 1608 4683 vero
1652 4627 1887 4682 dicimus
1911 4641 2034 4681 esse

457 4718 673 4784 animae,
701 4735 827 4773 cum
858 4720 1062 4789 alioqui
1090 4720 1330 4775 sciamus
1361 4736 1472 4774 non
1497 4735 1658 4790 posse
1684 4719 1827 4786 ﬁeri,
1857 4727 1919 4773 ut
1947 4717 2036 4773 his

459 4811 642 4864 anima
662 4809 947 4865 adiciatur.
983 4811 1189 4866 Deinde
1224 4805 1406 4865 motus
1427 4812 1642 4876 animae,
1680 4819 1737 4866 et
1776 4810 2035 4866 scientias

458 4916 580 4971 qua:
624 4900 835 4956 ratione
894 4901 1209 4966 traduntur,
1243 4917 1369 4956 cum
1417 4902 1528 4956 sint
1570 4900 1777 4970 alioqui
1812 4899 2031 4965 animae,

458 4989 696 5046 dicimus
737 4997 916 5043 tamen
975 5005 1096 5044 esse
1137 4991 1392 5044 animalis
1439 4989 1751 5059 compositi,
1782 4988 2035 5058 quamvis

457 5089 652 5134 natura
681 5094 948 5149 corporea
991 5096 1101 5136 non
1151 5091 1275 5152 apta
1307 5081 1375 5135 ad
1407 5079 1728 5150 capiendam
1767 5080 2036 5151 cognitio—

457 5187 584 5226 nem
613 5188 625 5224 :
656 5172 737 5228 sic
763 5171 820 5226 in
849 5170 1070 5227 Christo
1113 5173 1206 5243 qui
1238 5173 1382 5228 Deus
1411 5170 1574 5227 simul
1619 5181 1675 5228 et
1721 5172 1887 5226 homo
1929 5178 2032 5236 est,
2081 5203 2086 5205 -

439 5337 442 5340 ’
529 5331 574 5364 τ’
598 5329 739 5386 Psal.
771 5346 950 5395 vam,
990 5329 1079 5384 22.
1154 5329 1200 5361 ⁷³
1236 5328 1489 5390 Malach.,
1524 5345 1601 5388 ιιι.
1629 5327 1681 5383 6.
1755 5327 1801 5359 “
1826 5327 1968 5381 Psal.
1998 5342 2069 5389 Cl,
2095 5326 2184 5382 28.

458 5401 508 5434 ⁷⁸
529 5402 714 5456 Matth.
738 5417 844 5465 XVI,
868 5394 953 5466 16,
980 5401 1068 5454 l7.
1142 5402 1186 5432 ⁷⁸
1210 5400 1228 5453 1
1254 5401 1399 5455 Petr.
1429 5417 1486 5462 ιι,
1509 5397 1598 5452 22.
1674 5398 1720 5429 ⁸⁸
1743 5398 1932 5452 Matth.
1958 5413 2012 5451 x1

2113 5399 2242 5463 .17,
2265 5394 2353 5462 18,
2394 5398 2590 5454 21-25.

459 5471 766 5537 “lsa.i.,l.
841 5471 931 5526 ιιι
963 5473 1112 5527 Petr.
1139 5470 1283 5537 1,18,
1313 5470 1397 5525 19.
1476 5467 1752 5524 "Coloss.
1777 5485 1836 5532 ιι,
1861 5469 1946 5523 li.

2133 4533 2361 4594 tionem.
2384 4529 2567 4597 Empti
2591 4526 2741 4582 enim
2772 4537 2965 4578 sumus
2989 4536 3184 4576 omnes
3211 4519 3436 4590 pretioso
3459 4517 3717 4588 sanguine

2133 4624 2268 4695 agni.
2296 4618 2629 4676 immaculati
2671 4628 2720 4671 et
2757 4614 3187 4679 incontaminati,
3219 4611 3414 4667 Christi
3435 4608 3512 4675 ἐς
3551 4617 3717 4678 atque

2130 4715 2206 4769 ita
2232 4711 2451 4769 liberati
2481 4726 2512 4764 a
2540 4723 2762 4765 carcere
2785 4707 2926 4778 ejus,
2949 4706 3047 4778 qui
3071 4719 3175 4760 nos
3197 4702 3438 4775 primum
3465 4701 3521 4756 in
3546 4700 3718 4759 servi-

2132 4813 2308 4860 tutem
2334 4802 2643 4872 redegerat.

2211 4894 2348 4950 Vlll.
2403 4889 2728 4962 Opportune
2789 4888 3105 4944 libertatem
3160 4885 3447 4942 consecuti
3504 4897 3713 4938 sumus.

2141 4986 2319 5043 Scidit
2349 4985 2517 5056 igitur
2549 4989 2800 5036 nostrum
2831 4977 3259 5050 chirographum
3278 4976 3324 5008 ⁸⁸
3348 4989 3458 5046 quo
3479 4988 3583 5028 nos
3614 4972 3717 5043 ipsi

2132 5065 2396 5134 servituti
2423 5074 2879 5151 mancipavimus,
2905 5072 3090 5128 omnia
3117 5078 3342 5141 propter
3366 5082 3468 5135 nos
3497 5079 3722 5136 perpes-

2141 5185 2256 5235 sus,
2290 5180 2634 5238 quaecunque
2667 5163 2862 5220 dicunt
2889 5179 3010 5220 esse
3043 5165 3197 5234 signa
3229 5161 3460 5231 integrae
3487 5159 3719 5214 liberta-

2786 5326 2832 5356 "
2855 5325 2876 5379 Ι
2899 5324 3024 5381 Cor.
3059 5341 3116 5388 ιι,
3147 5325 3181 5378 2
3279 5298 3324 5353 τί
3349 5323 3366 5377 l
3393 5323 3540 5378 Petr.
3565 5338 3639 5383 iv,
3663 5322 3716 5378 Ι.

2695 5397 2738 5430 ⁸¹
2763 5395 2858 5450 lsa.
2902 5413 3012 5464 un,
3051 5396 3102 5450 8.
3182 5396 3229 5428 "
3251 5393 3386 5448 ibid.
3411 5409 3523 5448 sec.
3549 5391 3718 5450 LXX.

2289 5325 2334 5356 "
2365 5327 2469 5382 lsa.
2499 5327 2679 5393 XL,28.

1737 5619 1978 5680 YARIE
2021 5622 2431 5681 LECTlONES.

549 5737 942 5813 binvestigatio.
977 5739 1271 5811 ἐξεύρεσις.

1353 5749 1374 5777 ε
1407 5737 1562 5794 Ante.
1602 5737 1920 5808 Legendum
1946 5737 2163 5796 videtur
2190 5747 2390 5794 autem.
