4020 6146
412 335 548 401 1153

907 339 1191 399 ORATIO
1238 340 1424 398 IV.—
1453 339 1549 397 DE
1590 334 1956 396 PASSIONE
1998 332 2094 391 ET
2135 326 2800 390 IMPASSIBILITATE
2839 324 3174 385 CHRISTI.

3521 323 3658 388 135i

409 452 501 506 tis.
528 449 743 505 Etenim
769 448 1093 503 verberatus
1121 457 1225 512 est,
1249 459 1305 502 ct
1335 447 1532 518 pugnis
1562 462 1754 507 caesus,
1784 444 1979 514 perdu-
2015 465 2057 519 Α
2157 439 2224 492 Χ.
2257 437 2622 505 Quamobrem
2657 451 2782 490 cum
2814 432 3226 496 adlltiranlur",
3254 432 3347 502 qui
3382 432 3485 489 hoc
3515 438 3662 504 quod

410 542 514 596 etis
546 538 770 610 quidem
802 539 869 591 ad
904 538 1164 592 effectum
1200 538 1652 615 prmdictignibus
1688 536 1985 606 propheta-

412 647 532 686 rum
563 647 685 700 qua:
713 630 780 684 de
819 630 904 684 his
937 629 1095 684 facta:
1130 638 1315 694 erant;
1350 629 1509 683 nobis
1538 644 1668 683 vero
1702 626 1984 681 liberatio—

411 739 538 778 nem
565 722 847 777 servitutis
872 722 941 778 ab
968 722 1076 775 illis
1102 721 1521 791 praenuntiatum
1544 720 1778 789 adeptus
1805 737 1817 772 :
1847 716 1983 770 nihil

410 816 556 870 enim
589 830 780 869 eorum
812 830 933 883 qua:
963 815 1017 868 in
1045 813 1297 883 passione
1325 814 1443 883 ejus
1471 812 1741 865 honorata
1771 809 1987 863 accide-

414 913 561 967 runt,
590 904 794 957 frustra
824 911 916 956 aut
949 913 1154 957 temere
1183 902 1414 966 accidit;
1447 902 1610 965 absit,
1630 906 1702 954 'ut
1733 900 1836 955 hoc
1866 898 1986 967 opi—

412 987 639 1044 nemii'rl
679 990 773 1043 sed
808 990 1020 1044 ratione
1051 990 1284 1059 quadam
1319 991 1543 1044 meliore
1572 997 1629 1043 et
1654 988 1985 1052 necessaria,

414 1097 578 1150 quam
610 1082 760 1135 nulla
790 1082 871 1134 vis
898 1082 1189 1136 verborum
1223 1083 1441 1151 assequi
1472 1064 1667 1150 possit.

486 1173 577 1228 1X.
600 1174 736 1228 Cum
769 1175 915 1229 enim
948 1190 1050 1227 nos
1076 1175 1286 1229 venditi
1316 1191 1584 1239 essemus,
1608 1182 1663 1229 et
1689 1174 1817 1228 facti
1844 1172 1988 1227 servi

415 1265 613 1318 mortis
655 1279 777 1334 qua:
821 1265 875 1316 in
921 1279 1112 1318 omnes
1158 1265 1448 1333 imperium
1490 1264 1741 1327 tenebat;
1780 1272 1836 1316 et
1873 1262 1991 1331 ipse

420 1357 592 1410 voluit
620 1371 722 1424 pro
756 1355 916 1409 nobis
945 1354 1138 1421 vendi;
1172 1370 1362 1409 verum
1397 1370 1497 1408 nos
1532 1356 1711 1424 pretio
1737 1353 1989 1422 volupta-

419 1448 510 1510 tis,
540 1448 654 1518 ipse
684 1463 816 1503 vero
849 1448 1060 1518 argenti
1095 1465 1108 1500 :
1144 1448 1260 1516 ipse
1291 1448 1436 1501 enim
1470 1446 1666 1501 fortior
1690 1453 1811 1499 erat
1840 1444 1994 1499 volu-

417 1548 585 1609 ptate.
616 1540 681 1593 Et
706 1556 805 1594 nos
836 1540 939 1609 ipsi
970 1555 1000 1592 a
1030 1539 1190 1593 nobis
1219 1538 1428 1592 venditi
1464 1553 1683 1603 sumus;
1722 1537 1837 1606 ipse
1864 1552 1992 1590 vero

417 1649 448 1686 a
484 1632 641 1686 nobis
679 1650 692 1685 :
730 1647 839 1702 qua
876 1632 992 1702 ipse
1026 1646 1136 1685 non
1170 1638 1255 1685 est
1289 1629 1546 1684 venditor
1574 1628 1867 1693 libertatis,
1895 1629 1989 1683 sed

415 1723 638 1778 vindex.
667 1725 734 1778 Et
762 1722 1066 1776 honoribus
1092 1738 1232 1791 quos
1261 1722 1330 1775 ab
1361 1737 1428 1776 eo
1462 1723 1783 1782 tuleramus,
1812 1721 1878 1774 ad
1907 1721 1993 1773 in-

2095 530 2276 594 ﬁebat,
2308 528 2652 599 spectabant,
2683 537 2735 582 et
2768 542 2891 581 cum
2927 526 3029 580 hoc
3066 535 3174 580 tam
3210 526 3401 597 ingens
3431 528 3666 583 miracu-

2092 621 2236 687 lum,
2285 629 2346 674 ut
2394 636 2490 689 par
2539 627 2685 682 erat,
2736 618 3145 688 divulgaretur,
3198 630 3669 688 congregaverant

2095 721 2323 768 cunctos
2372 712 2576 781 quibus
2627 719 2812 781 partes
2857 707 3106 778 corporis
3152 709 3293 763 hesae
3340 719 3527 776 erant,
3572 712 3669 781 qui

2094 811 2447 857 accesserunt
2494 802 2559 855 ad
2608 817 2733 856 eum
2780 800 2834 854 in
2881 800 3114 869 templo,
3155 810 3211 854 et
3254 801 3430 855 sanati
3472 811 3602 857 sunt
3652 820 3668 856 :

2096 895 2271 964 majus
2325 894 2509 964 priore
2575 894 2900 948 miraculum
2965 892 3290 946 secundum.
3348 893 3460 949 Lex
3522 895 3669 950 enim

2097 984 2323 1040 claudos
2354 993 2410 1039 et
2436 1000 2609 1039 caecos
2642 985 2834 1055 procul
2866 1001 2895 1039 a
2929 986 3129 1054 templo
3161 985 3385 1041 arcebat
3414 1004 3427 1040 :
3462 994 3519 1040 at
3545 1003 3669 1043 cum

2097 1073 2203 1127 hoc
2234 1073 2560 1129 admirabile
2589 1072 2903 1144 prodigium
2938 1076 3227 1145 ejectionis
3259 1092 3452 1132 eorum
3486 1080 3579 1149 qui
3618 1079 3673 1133 in

2100 1175 2347 1221 mercatu
2395 1176 2585 1231 erant,
2623 1166 2679 1220 hi
2723 1167 2816 1236 qui
2865 1166 3122 1222 viderant
3160 1177 3217 1222 et
3263 1170 3584 1236 audierant,
3618 1180 3677 1226 et

2101 1258 2277 1327 majus
2312 1274 2475 1328 quam
2514 1273 2614 1328 pro
2647 1258 2857 1313 viribus
2893 1259 3150 1315 humanis
3181 1260 3501 1332 bujusmodi
3536 1278 3674 1333 opus

2103 1347 2396 1413 docebant,
2425 1350 2686 1404 audacter
2715 1349 2947 1420 ingressi
2980 1361 3110 1406 sunt
3147 1370 3160 1406 :
3198 1360 3254 1407 et
3284 1369 3409 1407 cum
3448 1356 3502 1408 in
3539 1364 3677 1409 tem-

2101 1440 2191 1508 plo
2228 1450 2434 1506 essent,
2460 1450 2818 1497 accesserunt
2851 1442 2917 1496 ad
2952 1442 3160 1506 Jesum,
3190 1453 3246 1498 et
3279 1445 3494 1500 curavit
3525 1462 3621 1501 eos
3658 1463 3672 1499 :

2101 1531 2484 1585 demonstrans
2518 1548 2618 1601 per
2649 1534 2853 1597 omnia,
2882 1549 3002 1588 esse
3035 1549 3093 1589 se
3126 1536 3298 1590 Deum
3337 1537 3581 1593 abditum
3620 1540 3675 1593 in

2099 1636 2302 1688 carne,
2352 1640 2516 1693 quam
2576 1624 2778 1678 Paulus
2832 1624 3075 1679 velamen
3138 1634 3296 1681 vocat
3320 1629 3363 1659 9°
3416 1645 3429 1682 :
3492 1630 3673 1684 velum

2102 1724 2285 1768 autem
2323 1715 2760 1786 integumentum
2796 1727 3112 1771 sanctorum
3151 1726 3236 1773 est
3269 1727 3327 1773 et
3360 1729 3675 1775 sanctorum

419 1816 643 1871 teritum
682 1814 839 1869 abusi
878 1829 1087 1868 sumus.
1119 1812 1431 1868 {Estimatio
1466 1821 1647 1866 autem
1683 1812 1863 1877 liberi,
1895 1811 1999 1865 fuit
2033 1818 2071 1871 Β
2101 1806 2575 1861 sanctissimorum
2640 1808 3001 1877 operculum;
3062 1825 3172 1879 quo
3226 1811 3378 1865 solus
3431 1812 3676 1881 pontifex

418 1905 724 1977 peregrinis
771 1904 1053 1973 sepultura
1078 1904 1147 1966 ⁸⁸,
1192 1912 1253 1956 ut
1296 1912 1479 1957 servet
1526 1918 1759 1973 corpora
1805 1918 1997 1957 eorum

419 1999 513 2068 qui
551 1997 606 2050 in
644 2005 791 2051 terra
828 1996 1006 2051 aliena
1037 1996 1223 2050 vivere
1257 1995 1569 2060 desierunt;
1606 1994 1784 2048 donec
1815 1993 2001 2047 veniat

418 2090 513 2159 qui
542 2104 775 2157 corpora
807 2087 1057 2150 suscitet,
1086 2101 1320 2156 quorum
1361 2086 1558 2140 animae
1592 2085 1836 2155 pretioso
1868 2100 2000 2137 san-

418 2179 582 2249 guine
629 2176 927 2246 redempta:
972 2182 1101 2229 sunt
1149 2191 1161 2227 :
1212 2173 1424 2228 effusus
1465 2173 1612 2226 enim
1656 2182 1740 2226 est
1778 2172 2002 2242 sanguis

419 2271 560 2339 ejus,
587 2277 648 2323 ut
682 2275 828 2322 esset
867 2266 1103 2337 pretium
1143 2264 1544 2334 redemptionis
1581 2279 1682 2333 pro
1721 2264 1908 2318 multis
1928 2264 1997 2317 ⁸⁷.

420 2360 676 2415 Fortasse
702 2366 884 2412 autem
922 2356 1121 2411 melius
1141 2365 1288 2411 esset
1313 2356 1522 2421 dicere,
1558 2372 1660 2427 pro
1692 2356 1948 2411 omnibus
1983 2374 1996 2410 :

420 2466 615 2506 omnes
649 2449 797 2504 enim
833 2456 991 2512 sunt,
1023 2448 1118 2518 qui
1155 2454 1284 2501 sunt
1319 2447 1498 2501 multi.
1529 2446 1596 2501 Et
1628 2456 1747 2500 erat
1777 2446 2001 2517 quidem

421 2544 601 2613 primo
634 2551 856 2611 aspectu
896 2541 1061 2595 homo
1098 2540 1192 2609 qui
1237 2547 1508 2593 mactatus
1551 2546 1665 2605 est;
1707 2540 1813 2594 hoc
1851 2540 2000 2593 enim

421 2637 601 2692 solum
632 2634 966 2690 cernebatur
993 2652 1004 2686 :
1038 2631 1289 2703 prodigia
1317 2646 1449 2686 vero
1474 2631 1542 2685 ab
1572 2646 1639 2686 eo
1664 2631 1812 2687 edita
1840 2641 2005 2687 testa-

423 2728 626 2782 bantur
654 2742 820 2796 supra
857 2723 1138 2779 hominem
1174 2738 1296 2778 esse
1331 2731 1584 2778 naturam
1622 2724 1763 2793 ejus,
1793 2739 1860 2778 cx
1893 2740 2001 2794 qua

422 2822 669 2901 operatio
712 2816 1168 2888 proﬁciscebatur
1209 2832 1224 2868 :
1267 2830 1376 2869 non
1417 2815 1543 2870 dico
1586 2816 2001 2872 suscitationem

424 2918 791 2973 mortuorum,
820 2916 1104 2977 aspectum
1136 2906 1295 2961 caecis
1322 2905 1660 2972 restitutum,
1685 2924 1795 2963 non
1823 2908 2003 2978 lepro-
2034 2932 2049 2947 ι

424 3018 611 3058 serum
637 3000 1110 3063 emundationem,
1139 3016 1249 3054 non
1276 3000 1506 3054 aliarum
1534 3000 1820 3054 laesionum
1846 3017 2003 3056 cura-

424 3095 629 3150 tionem
661 3111 675 3148 :
708 3095 822 3149 haec
850 3094 998 3148 enim
1031 3108 1226 3147 omnes
1253 3092 1414 3164 vulgo
1443 3091 1708 3147 Salv‘atori
1741 3101 1995 3163 tanquam

422 3188 535 3242 Deo
574 3187 984 3252 attribuebant;
1032 3185 1128 3240 sed
1177 3183 1312 3239 illud
1355 3184 1545 3250 etiam,
1583 3185 1727 3254 quod
1766 3184 1995 3241 fortasse

424 3293 533 3332 non
582 3276 769 3330 multis
822 3275 875 3328 in
925 3282 1166 3328 mentem
1215 3274 1384 3328 venit.
1424 3271 1565 3339 Quid
1616 3272 1752 3327 hoc?
1798 3284 1996 3343 nempe

423 3367 603 3422 facere
644 3367 826 3421 omnia
865 3382 990 3421 cum
1034 3374 1325 3435 potestate,
1358 3382 1522 3437 supra
1560 3366 1746 3421 omnia
1789 3377 1992 3431 autem,

421 3461 623 3529 ejicere
655 3475 721 3514 ex
754 3460 960 3529 templo
995 3473 1276 3512 sacrorum
1310 3474 1607 3528 caupones,
1641 3459 1736 3528 qui
1773 3458 1995 3514 domum

421 3552 695 3607 orationis
740 3553 1059 3619 speluncam
1111 3552 1386 3604 latronum
1434 3549 1711 3604 faciebant
1736 3551 1781 3582 "‘
1830 3569 1843 3603 :
1891 3551 1996 3605 nisi

421 3640 572 3695 enim
622 3646 867 3708 potestas
910 3640 1030 3710 ejus
1076 3639 1246 3693 nimia
1293 3636 1517 3704 fuisset,
1554 3655 1835 3709 nunquam
1887 3653 1997 3696 tam

421 3732 594 3786 multa
640 3730 809 3785 millia
852 3730 1155 3785 ementium
1195 3738 1251 3785 et
1289 3730 1645 3785 vendentium
1686 3746 1755 3786 ex
1795 3733 1999 3802 templo

421 3825 798 3886 exturbasset;
844 3823 1152 3893 praesertim
1196 3822 1336 3877 festo
1374 3821 1633 3888 instante,
1663 3833 1719 3878 et
1755 3825 1998 3895 undique

422 3918 490 3971 ad
515 3932 641 3971 eum
672 3914 1102 3977 confluentibus,
1123 3929 1249 3968 cum
1281 3914 1368 3967 lex
1396 3928 1588 3968 omnes
1613 3930 1678 3969 ex
1705 3917 1854 3969 omni
1876 3914 1999 3970 loro

422 4009 489 4062 ad
528 4009 673 4063 diem
715 4023 1032 4080 azymorum
1075 4015 1425 4069 convocaret,
1457 4005 1511 4058 in
1552 4020 1662 4074 quo
1702 4014 1762 4060 ut
1797 4006 1999 4076 pascha

422 4098 825 4158 immolaretur,
864 4097 981 4166 lege
1026 4094 1297 4149 sancitum
1344 4100 1482 4148 erat.
1521 4094 1655 4160 Quis
1695 4096 1842 4149 enim
1889 4095 2001 4149 dux

422 4190 647 4258 copioso
676 4189 924 4243 exercitu
952 4188 1187 4241 militum
1217 4194 1553 4240 armatorum
1587 4187 1859 4253 immisso,
1891 4194 1998 4241 tam

422 4280 626 4334 multos
648 4280 848 4349 ejicere
877 4277 1166 4347 potuisset,
1193 4278 1495 4346 praesertim
1524 4294 1649 4332 eum
1676 4268 1998 4332 illanefaria

421 4382 733 4427 mercatura
759 4360 1021 4424 diuturno
1053 4381 1298 4438 tempore
1326 4369 1648 4425 confirmata
1676 4371 1856 4424 esset?
1878 4371 1998 4439 Ipse

2101 1904 2268 1957 semel
2300 1918 2399 1971 per
2424 1919 2629 1957 annum
2664 1903 3095 1974 ingrcdiebatur,
3123 1914 3185 1960 ut
3219 1904 3390 1961 Deum
3427 1924 3527 1978 pro
3561 1909 3678 1963 suis

2099 2001 2157 2046 et
2202 1994 2392 2063 populi
2449 1995 2776 2066 ignorantiis
2823 1996 3126 2065 prepitium
3177 1997 3455 2054 redderet.
3498 1998 3677 2066 Quare

2101 2092 2349 2139 sanctum
2382 2085 2563 2155 primo
2588 2086 2713 2140 velo
2742 2094 2972 2152 tectum,
2997 2095 3053 2142 et
3079 2097 3329 2143 sanctum
3358 2099 3675 2147 sanctorum

2050 2208 2061 2213 -
2101 2177 2378 2242 secundo,
2424 2178 2505 2232 sic
2554 2179 2908 2247 interpretari
2960 2179 3266 2242 audemus,
3316 2191 3378 2236 ut
3427 2182 3679 2239 dicamus

2102 2269 2338 2337 primum
2364 2269 2591 2339 quidem
2616 2270 2800 2324 velum
2828 2285 2949 2326 esse
2972 2271 3445 2341 corpusAChristi;
3478 2289 3678 2330 secun-

2101 2357 2230 2411 dum
2256 2375 2388 2414 vero
2416 2360 2653 2415 animam
2688 2379 2700 2414 :
2734 2361 2915 2415 anima
2950 2361 3098 2416 enim
3134 2377 3390 2433 corpore,
3418 2373 3675 2436 tanquam

2102 2449 2281 2517 primo
2301 2450 2422 2504 velo
2447 2452 2678 2522 tegitur;
2706 2450 2887 2505 anima
2908 2466 3040 2506 vero
3063 2459 3147 2506 est
3168 2452 3470 2508 secundum
3496 2455 3674 2510 velum

2102 2542 2287 2598 Verbi.
3643 2536 3647 2541 ’

2171 2631 2262 2690 XI.
2292 2633 2562 2691 Cancrum
2597 2637 2708 2692 duo
2745 2636 3097 2696 tabernacula
3127 2640 3421 2695 commissa
3449 2655 3514 2695 ac
3540 2656 3676 2696 con-

2099 2725 2291 2795 juncta
2339 2725 2566 2784 fuerunt
2617 2730 2937 2788 retinaculis
2982 2740 3040 2787 et
3081 2732 3329 2797 annulis,
3372 2747 3496 2801 quae
3541 2732 3677 2787 mihi

2101 2814 2362 2871 videntur
2404 2818 2703 2890 symbolice
2751 2821 3118 2892 significasse,
3155 2823 3359 2893 quibus
3401 2824 3581 2879 modis
3624 2834 3681 2879 et

2103 2909 2444 2975 rationibus,
2481 2927 2603 2981 quas
2647 2911 2791 2967 sicut
2838 2913 3083 2985 symbola
3112 2904 3348 2969 obsc'ura
3396 2915 3463 2969 ad
3510 2931 3678 2986 expe-

2105 2998 2396 3066 diendum,
2426 3000 2583 3056 valde
2617 3001 2867 3056 difﬁciles
2904 3003 2969 3057 ad
3006 3003 3389 3073 explicandum
3426 3014 3678 3060 contem~

2104 3088 2377 3158 plationes
2400 3091 2605 3147 habent
2631 3109 2643 3145 :
2676 3100 2821 3148 tanta
2848 3088 2944 3148 Dei
2972 3109 3101 3164 erga
3126 3109 3228 3150 nos
3256 3094 3498 3151 Charitas
3523 3097 3678 3151 exhi-

2102 3180 2216 3236 bita
2256 3190 2360 3237 est.
2396 3178 2574 3239 Unum
2619 3184 2766 3239 enim
2814 3185 3249 3252 tabernaculum,
3282 3204 3454 3242 unum
3494 3189 3676 3245 velum

2056 3270 2062 3277 ’
2102 3272 2270 3328 habet
2304 3290 2334 3329 a
2369 3290 2585 3332 summo
2615 3276 2682 3332 ad
2719 3278 2887 3333 imum
2927 3297 2941 3333 :
2974 3295 3078 3335 nec
3110 3280 3272 3335 aliter
3304 3281 3435 3337 licet
3464 3298 3528 3337 ea
3558 3284 3676 3337 veia

2102 3366 2487 3435 contemplari,
2520 3383 2684 3438 quam
2724 3369 2768 3424 si
2807 3369 2931 3438 quis
2974 3370 3043 3425 ab
3085 3371 3346 3425 extremis
3389 3370 3453 3425 ad
3500 3372 3676 3441 prima

2102 3454 2438 3524 ascendens,
2470 3456 2668 3517 evadat
2702 3459 2760 3513 in
2795 3461 3151 3530 principium.
3183 3461 3525 3531 Compositio
3555 3464 3673 3533 qui-

2102 3547 2226 3602 dem
2280 3545 2458 3604 tendit
2504 3566 2533 3603 a
2586 3565 2800 3605 summo
2856 3551 3153 3618 deorsum;
3210 3550 3501 3608 dissolutio
3545 3570 3677 3609 vero

2105 3639 2288 3707 (hanc
2330 3645 2514 3694 autem
2553 3652 2816 3697 vocamus
2860 3639 3301 3714 intelligentiam)
3340 3645 3408 3702 ab
3453 3647 3564 3701 imo
3608 3647 3675 3701 ad

2103 3746 2378 3785 summum
2413 3744 2509 3786 eos
2538 3731 2633 3802 qui
2667 3732 2818 3804 digni
2851 3742 3010 3799 sunt,
3037 3736 3241 3790 evehit.
3274 3736 3389 3793 Hoc
3425 3740 3676 3794 taberna-

2102 3818 2278 3875 culum
2309 3821 2491 3890 posuit
2519 3814 2761 3877 Verbum
2791 3823 2845 3877 in
2876 3825 3097 3878 circuitu
3127 3823 3409 3882 latibulum
3434 3831 3676 3896 auaui",

2102 3909 2376 3980 primitias
2413 3913 2581 3967 totius
2615 3914 3007 3982 humanitatis;
3043 3926 3099 3972 et
3124 3918 3228 3973 hoc
3256 3918 3409 3973 dedit
3438 3922 3675 3991 pretium

2102 4016 2204 4070 pro
2246 4000 2538 4067 omnibus,
2576 4001 2799 4059 tradens
2839 4005 3077 4059 animam
3116 4022 3270 4062 suam
3318 4009 3372 4063 in
3412 4019 3674 4079 mortem;

2103 4098 2164 4145 ut
2205 4090 2362 4146 ﬂeret
2402 4108 2503 4162 pro
2550 4094 2810 4149 universo
2850 4094 3052 4166 genere
3092 4099 3334 4155 humano
3370 4112 3677 4158 commata-

2104 4190 2216 4235 tum
2255 4199 2268 4235 :
2304 4198 2404 4251 pro
2439 4184 2697 4238 omnibus
2729 4186 2876 4239 enim
2911 4188 3148 4255 gustavit
3182 4199 3436 4259 mortem,
3462 4208 3491 4247 a
3526 4194 3679 4248 nullo

2101 4288 2202 4341 per
2235 4273 2345 4326 vim
2384 4274 2452 4327 ad
2490 4275 2595 4329 hoc
2628 4274 2797 4329 invite
2838 4283 3067 4332 tractus.
3094 4278 3239 4331 Dixit
3273 4281 3420 4334 enim
3465 4300 3477 4334 :
3513 4282 3678 4337 Nemo

2104 4364 2242 4417 tollit
2268 4366 2506 4418 animam
2536 4383 2709 4419 meam
2736 4384 2768 4420 α
2795 4383 2905 4432 me;
2926 4372 3018 4421 sed
3042 4385 3134 4439 ego
3161 4386 3299 4440 pono
3321 4372 3493 4442 ipsam
3516 4392 3548 4428 a
3574 4392 3676 4433 me.

419 4479 553 4518 vero
590 4462 705 4516 solo
736 4461 950 4531 flagello
987 4476 1053 4514 ex
1090 4460 1351 4514 funiculis
1385 4460 1530 4514 facto
1568 4460 1852 4515 universos
1884 4460 1995 4530 ejeo
2031 4477 2074 4534 ι)
2101 4454 2423 4509 Potestatcm
2452 4456 2617 4510 habeo
2651 4458 2878 4527 ponendi
2910 4475 3058 4537 eam;
3093 4469 3141 4514 et
3172 4458 3493 4532 potestatem
3516 4468 3677 4521 habeo

418 4554 585 4618 cit",
622 4554 907 4623 appellans
951 4553 1176 4605 domum
1224 4568 1377 4606 suam
1426 4552 1653 4607 domum
1698 4552 1996 4619 orationis,

417 4660 582 4714 quam
642 4643 719 4697 illi
776 4643 869 4712 qui
922 4643 1093 4697 Deum
1155 4643 1638 4712 eauponabantur,
1688 4642 1997 4712 emporium

416 4734 665 4788 fecerant
709 4743 959 4787 ementes
1010 4731 1189 4799 pullos
1240 4728 1652 4791 columbarum,
1689 4739 1744 4786 et
1785 4730 2000 4786 divinas

417 4825 734 4895 Scripturas
786 4830 1164 4893 permutautes
1215 4830 1472 4891 tanquam
1520 4823 1782 4878 mensarii
1834 4839 1998 4877 num-

416 4931 567 4980 mos,
602 4930 837 4983 quorum
876 4929 1077 4969 mensa:
1118 4912 1315 4968 merito
1352 4920 1697 4977 evertuntur,
1732 4921 1787 4967 et
1820 4930 1989 4983 pecu-

415 5009 521 5062 nia:
545 5007 907 5061 effunduntur
931 5005 1117 5059 divina
1141 5003 1345 5058 virtute
1376 5003 1524 5057 illius
1550 5003 1643 5072 qui
1669 5012 1894 5058 venerat
1921 5004 1988 5058 ad

415 5096 825 5169 repurgandum
869 5098 1156 5166 templum.
1189 5096 1242 5149 in
1289 5111 1399 5165 quo
1440 5095 1524 5148 lex
1562 5096 1787 5165 juhchat
1826 5112 1992 5165 puras

412 5191 623 5253 hostias
666 5190 777 5243 Deo
819 5188 1135 5254 immolare,
1169 5203 1276 5241 non
1318 5195 1502 5242 autem
1547 5195 1605 5241 ut
1643 5186 1848 5240 nefaria
1890 5186 1991 5242 ista

411 5286 630 5339 tierent.

484 5439 529 5470 “
547 5440 733 5494 Matth.
761 5454 925 5495 xxvn.
948 5438 1001 5490 7.

402 5512 451 5546 ⁸⁵
471 5511 629 5568 Joan.
653 5526 706 5575 x,
730 5510 816 5562 18.
887 5509 933 5542 ³³
952 5508 1084 5561 Luc.
1110 5522 1201 5573 xu,
1227 5506 1317 5561 :10.

1074 5437 1116 5467 ⁸⁷
1142 5435 1326 5490 Matth.
1358 5453 1499 5501 mu,
1520 5436 1611 5507 g8.
1632 5436 1675 5468 ⁸⁸
1698 5436 1887 5490 Matth.
1914 5452 2018 5501 xm,
2050 5435 2134 5489 15.

2099 4547 2290 4599 iterum
2316 4548 2556 4600 sumendi
2581 4563 2700 4601 eam
2722 4549 2786 4601 ³³.
2816 4548 2873 4603 In
2899 4565 3009 4619 quo
3035 4551 3201 4606 etiam
3232 4568 3292 4608 se
3322 4570 3487 4625 supra
3513 4573 3675 4627 quam

2098 4636 2378 4690 hominem
2420 4652 2539 4691 esse
2582 4638 2901 4694 declarabat
2939 4657 2951 4692 :
2986 4640 3259 4713 siquidem
3296 4647 3476 4703 omnis
3512 4648 3679 4705 homo

2099 4726 2273 4781 invite
2304 4728 2542 4781 animam
2579 4743 2734 4782 suam
2767 4728 3023 4799 dimittit;
3055 4739 3111 4787 et
3139 4733 3230 4788 alii
3268 4744 3399 4790 sunt
3426 4738 3522 4807 qui
3555 4740 3675 4795 ani—

2097 4833 2239 4872 mam
2276 4818 2501 4881 tollant,
2534 4819 2628 4888 qui
2663 4828 2789 4875 sunt
2821 4821 2888 4875 ad
2924 4821 3029 4878 hoc
3061 4826 3302 4881 ministri
3337 4829 3625 4885 constituti
3660 4850 3671 4884 :

2097 4909 2260 4965 sicuti
2316 4911 2526 4965 dictum
2581 4920 2667 4966 est
2720 4904 2797 4966 illi
2855 4913 3044 4981 diviti,
3088 4920 3248 4989 cujus
3299 4935 3428 4991 ager
3478 4922 3674 4978 uberes

2096 5002 2308 5057 fructus
2348 5002 2565 5069 tulerat,
2593 5003 2686 5072 qui
2725 5002 3048 5076 imprudens
3078 5011 3370 5067 consilium
3402 5022 3626 5082 ceperat
3657 5032 3668 5066 :

2099 5092 2213 5149 Hac
2252 5104 2401 5148 nocte
2441 5097 2679 5150 animam
2718 5105 2865 5152 tuam
2909 5118 2939 5154 a
2980 5110 3030 5154 te
3071 5104 3390 5172 repetent”.
3421 5104 3671 5158 Animam

2096 5202 2230 5239 vero
2289 5180 2588 5242 Salvatoris
2646 5191 2826 5245 nostri
2882 5208 3045 5248 nemo
3098 5179 3369 5259 abstulit,
3408 5195 3502 5250 sed
3546 5195 3675 5265 ipse

2097 5276 2282 5347 potius
2314 5292 2433 5331 eam
2472 5287 2668 5347 sponte
2703 5282 2889 5350 posuit
2922 5282 2989 5337 ad
3027 5283 3221 5349 breve,
3250 5285 3449 5340 eadem
3487 5284 3673 5340 divina

2209 5436 2253 5468 ”
2273 5434 2431 5493 Joan.
2453 5452 2510 5501 tt,
2536 5438 2619 5492 15.
2698 5438 2743 5469 ³ο
2765 5436 2928 5491 Hebr.
2955 5451 3006 5505 κ,
3031 5438 3118 5492 20.

3198 5441 3238 5472 οι
3264 5440 3406 5496 Psal.
3430 5456 3556 5504 xvn,
3584 5442 3675 5502 12.

1686 5644 1925 5701 ΥᾹΒΙᾹΞ
1970 5642 2380 5702 LECTIONES.

477 5740 504 5780 ἀ
533 5739 959 5796 Admirabantur
984 5755 1014 5793 c
1047 5748 1310 5792 contextu
1343 5739 1663 5809 legendum.

647 5833 922 5894 I'ATROL.
971 5832 1087 5893 (in.
1130 5832 1450 5893 LXXXIX.
1580 5924 1617 5970 .

3187 5829 3265 5891 43
