4020 6146
485 359 627 423 .1355

1647 365 1708 424 S.
1731 366 2125 427 ANASTASII
2160 367 2630 430 ANTIOCHENI

3625 374 3743 438 £356

494 469 842 542 providentia
867 485 972 553 qua
998 479 1224 540 propter
1241 484 1346 526 nos
1363 470 1540 527 factus
1569 482 1654 529 est
1679 474 1875 543 homo;
1908 492 2073 548 opor—
2107 488 2145 542 Α
2178 481 2311 544 eioi,
2354 490 2555 536 tamma
2616 480 3003 535 sabachthani?
3061 482 3201 552 quod
3259 484 3677 553 interpretantur
3726 503 3742 543 :

481 563 644 618 :tebat
668 562 818 617 enim
840 550 1117 644 preﬁcisci
1148 561 1217 629 ad
1249 563 1461 627 animas
1487 565 1697 644 solutas
1720 569 2070 644 corporibus,

478 663 549 711 σοι
600 640 894 735 praedicare
954 644 1176 724 captivis
1238 638 1600 710 remissionem
1622 640 1692 710 θεέ
1906 659 2075 729 igitur

494 746 685 816 volens
724 744 966 799 animam
1008 745 1291 824 propriam
1333 745 1584 812 dimittit,
1618 764 1729 803 non
1769 757 1853 805 est
1895 752 2071 807 solum

491 830 677 891 anima
700 850 935 906 corpore
968 842 1130 891 utens
1158 854 1171 890 :
1198 824 1332 907 quid
1358 839 1509 894 enim
1534 849 1639 908 est,
1658 843 1807 911 quod
1833 842 2073 899 animam

486 937 688 1002 sponte
718 928 917 1001 solvit?
949 944 1062 984 non
1095 928 1246 1005 enim
1281 939 1719 988 consentaneum
1756 935 1959 989 rationi
1990 944 2074 991 est

482 1005 812 1080 existimare
839 1035 999 1091 posse
1024 1020 1132 1075 hoc
1153 1020 1335 1077 facere
1357 1037 1582 1093 corpus,
1601 1024 1748 1094 quod
1772 1041 1885 1080 non
1907 1027 2075 1083 habet

488 1114 834 1194 voluntarias
863 1113 1251 1194 appetitiones.
1272 1115 1478 1170 Verum
1506 1116 1551 1171 si
1579 1117 1685 1172 hoc
1714 1120 2072 1186 concedatur,

489 1190 810 1279 reperietur
832 1190 954 1262 esse
981 1194 1184 1277 corpus
1211 1206 1456 1262 nobilius
1485 1208 1666 1263 anima
1695 1209 1926 1266 rationis
1950 1227 2077 1281 par-

490 1300 689 1372 ticipe,
734 1298 1008 1369 siquidem
1053 1314 1258 1369 corpus
1299 1298 1529 1359 dimittit
1569 1301 1840 1368 animam,
1891 1303 2074 1359 anima

490 1406 627 1448 vero
656 1391 979 1446 dimittitur.
1004 1390 1218 1445 Idcirco
1244 1405 1471 1446 necesse
1502 1401 1592 1447 est
1617 1393 1846 1447 omnino
1878 1400 2074 1467 putare

494 1486 548 1540 in
587 1484 992 1555 compositione
1030 1482 1270 1549 Christi,
1300 1484 1449 1538 aliud
1481 1484 1613 1554 quid
1648 1494 1845 1556 praeter
1873 1501 2076 1557 corpus

491 1585 549 1632 et
575 1576 836 1646 animam,
862 1584 1101 1646 utroque
1126 1574 1350 1651 quidem
1373 1576 1619 1631 nobilius
1650 1595 1663 1629 :
1695 1580 2076 1648 praestantiore

492 1657 626 1727 vero
647 1656 1041 1745 principalius;
1071 1668 1219 1739 quod
1244 1668 1467 1739 quidem
1494 1685 1595 1740 pro
1622 1672 1954 1728 auctoritate
1978 1689 2077 1728 sua

491 1778 695 1843 corpus
733 1763 792 1817 in
829 1760 1016 1816 cibum
1056 1760 1347 1831 discipulis
1383 1760 1566 1829 dedit;
1606 1771 1662 1817 et
1694 1764 1934 1819 animam
1973 1781 2075 1836 pro

486 1852 686 1908 amicis
722 1851 911 1922 posuit
941 1867 954 1904 :
991 1857 1158 1921 atque
1190 1848 1297 1906 hac
1324 1851 1538 1906 ratione
1567 1851 1794 1907 nimiam
1826 1854 2071 1912 Charita-

491 1955 602 2000 tem
634 1944 690 1999 in
715 1958 819 1998 nos
842 1957 999 1998 suam
1027 1942 1297 1998 ostendit.

562 2033 679 2089 XII.
708 2031 851 2100 Quid
875 2039 1058 2109 autem
1098 2032 1204 2087 hoc
1238 2033 1391 2087 erat?
1424 2032 1636 2104 Nempe
1671 2034 1924 2091 divinum
1963 2054 2071 2092 nu-

493 2143 652 2193 men,
682 2125 1049 2194 compositum
1089 2123 1301 2180 scilicet
1339 2124 1457 2181 sine
1497 2127 1754 2196 passione
1792 2144 1917 2183 cum
1960 2137 2073 2184 ter-

496 2204 631 2275 reno
664 2233 918 2289 corpore.
949 2217 1025 2271 Ac
1061 2216 1265 2271 latebat
1300 2216 1546 2286 quidem,
1574 2227 1629 2273 et
1662 2235 1775 2274 non
1808 2221 2072 2276 cerneba-

496 2302 617 2374 tur,
633 2317 857 2381 propter
881 2306 1285 2374 tabernaculum
1319 2309 1569 2379 quod,ut
1600 2310 1735 2377 dixi,
1762 2314 1818 2366 in
1853 2315 2075 2368 circuitu

489 2400 820 2468 erat"-";et
839 2398 969 2473 quia
1005 2407 1207 2455 natura
1243 2408 1329 2456 est
1364 2400 1747 2477 inaspectabili
1792 2422 1805 2458 :
1849 2420 2074 2460 verum-

495 2501 678 2547 tamen
707 2489 1122 2546 demonstrabat
1150 2505 1209 2546 se
1238 2491 1410 2546 Deum
1440 2508 1537 2563 per
1560 2509 1647 2559 ea,
1672 2510 1794 2565 quae
1819 2495 2072 2552 faciebat.

490 2582 817 2639 Clamahant
840 2583 988 2637 enim
1013 2597 1182 2652 opera
1209 2599 1333 2653 quae
1359 2585 1530 2640 Deum
1562 2587 1619 2641 in
1650 2603 1816 2647 carne
1846 2588 2077 2644 abscon-

493 2668 672 2731 ditum
715 2674 1091 2746 praedicabant
1128 2692 1142 2728 :
1187 2684 1242 2731 et
1279 2685 1440 2731 erant
1477 2679 1763 2748 passiones
1802 2680 2077 2751 praecipue

496 2767 720 2836 quidem
751 2774 808 2821 et
838 2766 891 2820 in
919 2765 1115 2836 primis
1144 2766 1356 2834 carnis;
1388 2776 1664 2839 quatenus
1686 2784 1822 2825 vero
1847 2785 1940 2825 eas
1969 2770 2076 2825 sibi

497 2855 857 2944 attribuebat,
890 2866 1050 2911 erant
1084 2857 1206 2929 ejus
1244 2858 1341 2928 qui
1383 2874 1604 2914 carnem
1645 2869 2073 2950 assumpserat‘:

497 2946 762 3002 miracula
804 2963 937 3013 vero
980 2949 1037 3003 in
1081 2948 1276 3018 primis
1323 2960 1482 3006 erant
1524 2951 1690 3006 Verbi
1734 2952 1868 3019 Dei;
1913 2946 2077 3008 simul

426 3046 431 3051 '
496 3030 682 3123 autem
732 3027 855 3092 cum
900 3039 989 3094 his
1034 3055 1164 3095 caro
1214 3040 1657 3111 gloriﬁcabatur,
1690 3044 1821 3116 quia
1863 3044 2081 3101 scilicet

496 3118 669 3209 Verbi
713 3128 811 3184 Dei
850 3139 992 3185 erat.
1022 3130 1167 3186 Caro
1212 3131 1331 3202 ipsa
1377 3133 1637 3188 transﬁxa
1680 3144 1766 3190 est
1806 3136 1977 3191 clavis
2022 3136 2080 3193 in

497 3236 686 3287 cruce,
715 3229 774 3276 et
804 3221 996 3276 lancea
1030 3223 1325 3278 vulnerata
1360 3232 1468 3290 est,
1500 3233 1557 3279 et
1591 3235 1745 3281 aceto
1785 3235 1995 3300 potata,
2024 3237 2081 3283 et

497 3329 661 3370 omne
712 3329 887 3386 genus
938 3314 1292 3381 contumeliae
1346 3331 1376 3369 a
1426 3315 1676 3371 scelestis
1726 3316 1833 3389 illis
1885 3329 2082 3388 sponte

497 3406 730 3478 accepit,
766 3421 891 3472 cum
916 3406 1162 3473 Verbum
1199 3406 1299 3485 Dei
1337 3422 1526 3471 secum
1562 3408 1867 3463 secundum
1907 3408 2081 3481 hypo-

499 3489 687 3567 stasirn
728 3498 943 3569 unitum
984 3498 1235 3552 haberet.
1263 3497 1419 3555 Unde
1460 3499 1686 3571 sanguis
1721 3500 1819 3573 qui
1853 3516 1921 3555 ex
1966 3501 2082 3571 ipsa

500 3580 726 3660 ﬂuebat,
755 3591 980 3660 sanguis
1014 3589 1179 3647 Verbi
1227 3589 1538 3661 incorporei
1576 3576 1639 3645 et
1676 3591 1943 3663 sanguine
1987 3608 2082 3648 ca-

501 3676 674 3760 rentis
706 3695 832 3736 esse
865 3680 1093 3760 dicitur,
1121 3690 1397 3752 quatenus
1432 3697 1576 3737 unus
1612 3690 1696 3739 est
1728 3699 1795 3737 ex
1831 3683 2081 3753 utrisque

498 3756 838 3841 compoSitus
884 3756 1171 3838 Christus,
1221 3772 1369 3827 Deus
1417 3772 1580 3827 simul
1629 3780 1686 3828 et
1733 3771 1921 3826 homo.
1966 3772 2083 3827 Hoc

499 3856 683 3920 autem
720 3856 795 3919 ita
828 3879 948 3920 esse
984 3874 1173 3936 aperte
1209 3851 1454 3920 declarat
1487 3863 1626 3934 ipse,
1654 3878 1779 3919 cum
1817 3863 1988 3918 Deum
2025 3863 2081 3917 in

497 3971 667 4010 cruce
696 3946 914 4011 Patrem
945 3964 999 4011 et
1039 3940 1213 4012 Deum
1262 3971 1424 4015 suum
1454 3963 1616 4011 vocat
1647 3971 1660 4009 :
1688 3954 1835 4021 Eloi,
1878 3955 2080 4025 inquit,

575 4096 623 4128 ”
648 4095 751 4157 lsa.
775 4112 884 4162 LXI,

974 4096 998 4150 1
1031 4110 1049 4162 ;
1092 4094 1220 4151 Luc.
1260 4110 1332 4159 tv,
1374 4094 1463 4149 £8.
1501 4093 1573 4132 ”-
1590 4099 1953 4157 "Psal.xvn,
1979 4097 2063 4153 12.
2139 4100 2184 4132 ’⁷
2210 4098 2378 4152 Marc.
2401 4114 2489 4164 xv,
2518 4099 2612 4156 δι.

2181 573 2315 627 Deus
2358 591 2526 641 meus,
2561 573 2698 628 DDus
2743 589 2910 636 meus,
2939 581 2995 625 ut
3034 574 3161 645 quid
3202 590 3286 628 me
3329 574 3745 648 dereliquisti"?

2176 667 2245 722 Et
2282 667 2482 721 iterum
2529 686 2541 721 :
2576 667 2744 721 Pater
2772 682 2940 729 meus,
2970 668 3027 720 in
3066 683 3258 720 manus
3299 676 3417 721 tuas
3452 673 3743 725 commendo

2174 759 2419 827 spiritum
2445 774 2619 813 meum
2643 760 2708 812 '3.
2734 760 2802 813 Et
2827 757 2985 822 illud,
3012 766 3204 827 aperto
3229 759 3404 814 latere
3430 761 3608 816 exisse
3636 778 3744 817 san-

2175 852 2397 923 guinem
2429 860 2486 906 et
2515 866 2713 923 aquam
2746 866 2814 906 ex
2843 865 3075 920 corpore
3104 850 3219 920 jam
3251 860 3473 907 mortuo
3497 855 3563 917 ⁸⁸,
3592 870 3743 924 supra

2175 952 2429 996 naturam
2458 942 2701 997 hominis
2730 951 2852 997 erat
2884 961 2897 997 :
2928 941 3075 1012 quod
3108 942 3332 1011 quidem
3368 946 3663 1000 nonnullos
3687 963 3743 1001 (ι

2176 1034 2496 1090 inﬁdelibus
2533 1037 2628 1105 qui
2672 1036 2959 1099 astabant,
3000 1039 3067 1093 ad
3111 1037 3451 1093 credendum
3494 1037 3738 1101 adduxit,

2176 1130 2507 1184 conﬁtentes
2539 1146 2658 1183 vere
2693 1129 2889 1185 Filium
2921 1131 3021 1185 Dei
3054 1148 3163 1187 esse
3186 1112 3231 1196 ί,
3253 1140 3481 1201 propter
3508 1145 3667 1200 quem
3692 1140 3740 1186 et

2176 1236 2276 1291 per
2306 1237 2471 1291 quem
2514 1230 2591 1276 tot
2624 1238 2689 1276 ac
2726 1231 2877 1276 tanta
2918 1208 3166 1294 prodigia
3203 1223 3352 1278 edita
3391 1232 3598 1278 essent.
3626 1223 3742 1288 Quae

2177 1327 2310 1366 vero
2348 1312 2599 1383 prodigia
2636 1313 2830 1367 erant?
2865 1312 3074 1382 Nempe
3114 1313 3249 1367 solis
3271 1312 3510 1368 defectio
3546 1311 3745 1366 decima

2176 1413 2372 1476 quarta
2398 1406 2549 1469 luna,
2569 1420 2692 1459 cum
2721 1403 2802 1458 l‘as
2826 1413 2946 1458 erat
2967 1404 3172 1460 Judaeis
3198 1404 3487 1459 immolare
3513 1404 3709 1474 pascha
3732 1424 3743 1457 :

2178 1505 2340 1551 terra:
2376 1505 2577 1561 motus,
2615 1511 2745 1550 saxa
2783 1496 2976 1558 scissa,
3015 1494 3272 1564 sepulcra
3313 1504 3521 1563 aperta,
3555 1497 3747 1549 mortui

2177 1583 2461 1649 suscitati,
2495 1584 2677 1638 velum
2730 1584 2920 1653 templi
2969 1583 3203 1637 scissum
3249 1598 3279 1637 a
3326 1598 3541 1637 summo
3584 1600 3749 1653 usque

2177 1672 2459 1737 deorsum,
2494 1681 2549 1728 et
2579 1683 2775 1728 caetera
2811 1670 3105 1743 ejusmodi,
3131 1686 3252 1739 qua:
3279 1670 3392 1724 vim
3427 1671 3548 1739 ejus
3581 1671 3750 1725 decla-

2180 1765 2410 1827 rabant,
2442 1764 2537 1834 qui
2582 1763 2636 1818 in
2685 1764 2835 1834 ligno
2879 1762 3188 1832 pendebat,
3220 1770 3277 1816 et
3323 1770 3609 1830 peccatum
3657 1776 3747 1814 no-

2181 1864 2356 1911 strum
2406 1854 2461 1909 in
2510 1869 2577 1909 eo
2621 1853 2920 1909 damnavit.
2960 1852 3083 1907 Non
3127 1852 3276 1906 enim
3324 1859 3748 1905 consentaneum

2179 1955 2320 2012 erat,
2349 1956 2409 2003 ut
2438 1954 2663 2017 propter
2691 1962 2819 2001 eum
2847 1945 2943 2015 qui
2971 1945 3139 1998 homo
3170 1944 3345 1998 solum
3376 1952 3544 2007 esset,
3564 1952 3750 1997 tanto-

2179 2054 2312 2110 pere
2351 2037 2673 2094 universum
2709 2046 3180 2100 commoveretur;
3213 2043 3270 2090 et
3297 2035 3341 2089 si
3371 2035 3497 2104 quis
3526 2034 3752 2088 fortasse

2181 2145 2527 2199 compassum
2567 2143 2690 2183 esse
2730 2127 2899 2190 dicat,
2930 2140 3042 2180 non
3088 2124 3368 2180 aberrahit
3413 2142 3427 2177 :
3471 2124 3755 2193 Oportebat

2181 2218 2329 2273 enim
2372 2227 2432 2273 ut
2468 2226 2737 2273 creaturae
2774 2215 3027 2272 Creatori
3068 2223 3540 2284 compaterentur.
3570 2215 3752 2284 Neque

2181 2310 2300 2366 sine
2333 2308 2603 2380 probabili
2640 2308 2854 2362 ratione
2892 2307 3011 2362 haec
3046 2306 3305 2371 dicimus,
3333 2308 3597 2376 quoniam
3633 2322 3752 2362 cum

2181 2403 2432 2474 plerique
2455 2399 2589 2473 justi
2619 2408 2779 2455 antea
2810 2399 2957 2470 passi
2985 2409 3191 2465 essent,
3221 2399 3358 2453 nihil
3393 2401 3449 2453 in
3485 2400 3754 2454 universi-

2184 2502 2294 2549 tate
2328 2491 2521 2547 mundi
2556 2491 2807 2546 ordinem
2828 2506 2989 2544 suum
3012 2489 3239 2560 reliquit
3266 2507 3279 2543 :
3308 2490 3442 2559 quid
3467 2491 3613 2558 enim
3638 2490 3755 2544 Lit—

2183 2587 2318 2641 teris
2349 2584 2630 2655 proditum
2661 2572 2750 2638 est
2777 2582 3029 2638 evenisse
3068 2581 3326 2651 lapidatis
3361 2583 3586 2646 sanctis,
3611 2583 3758 2637 occi-

2183 2674 2338 2730 sione
2387 2672 2555 2744 gladii
2598 2672 2933 2744 peremptis,
2976 2671 3177 2726 sectis?
3219 2670 3288 2726 At
3334 2671 3464 2742 quia
3508 2672 3758 2727 universa

2183 2774 2437 2821 creatura
2465 2765 2574 2818 hoc
2598 2765 2849 2833 patiente
2880 2771 3154 2817 commota
3192 2770 3297 2828 est,
3326 2763 3468 2817 facta
3503 2772 3587 2817 est
3621 2780 3761 2833 prte-

2184 2856 2422 2913 dicatrix
2454 2854 2525 2910 iis
2557 2854 2655 2924 qui
2688 2869 2853 2909 aures
2885 2853 3150 2909 audiendi
3187 2854 3415 2918 habent,
3439 2870 3566 2909 vere
3596 2854 3765 2910 luisse

2183 2948 2385 3004 Filium
2426 2947 2545 3012 Dei,
2575 2961 2640 3002 ac
2680 2947 2877 3011 Deum,
2907 2962 3020 3000 non
3061 2945 3380 3016 adoptatum
3421 2945 3640 3009 Filium,
3668 2952 3767 2999 aut

2185 3040 2489 3096 secundum
2534 3039 2767 3110 gratiam
2812 3038 3020 3102 Deum,
3060 3037 3157 3092 sed
3200 3048 3396 3092 natura
3441 3037 3671 3099 Filium,
3707 3046 3767 3092 et

2185 3141 2383 3189 natura
2413 3134 2608 3197 Deum,
2634 3141 2692 3188 et
2718 3132 2953 3203 genitori
2982 3130 3533 3196 consubstantialem,
3561 3146 3627 3185 ex
3655 3145 3765 3200 quo

2185 3232 2309 3279 ante
2352 3223 2631 3294 luciferum
2669 3222 2875 3294 genitus
2912 3224 3029 3276 est’
3062 3223 3209 3276 Deus
3247 3223 3637 3297 incorporeus,
3668 3222 3765 3290 qui

2180 3323 2376 3386 postea
2399 3328 2575 3369 semen
2597 3314 2823 3368 Abrahae
2853 3313 3203 3385 apprehendit
3226 3313 3269 3376 ³,
3295 3322 3351 3368 et
3378 3327 3477 3382 per
3504 3314 3768 3367 unionem

2185 3422 2312 3462 cum
2342 3422 2410 3463 eo
2433 3407 2612 3462 factus
2641 3415 2726 3462 est
2750 3406 2938 3472 homo,
2960 3405 3053 3475 qui
3084 3419 3309 3459 carnem
3338 3413 3395 3459 et
3419 3403 3768 3474 sanguinem,

2185 3500 2331 3577 sicut
2378 3499 2573 3569 pueri,
2615 3497 3033 3568 participavit‘.
3084 3497 3237 3551 Hanc
3282 3510 3506 3551 carnem
3557 3496 3612 3549 in
3660 3510 3774 3565 qua

2186 3593 2334 3648 Deus
2363 3599 2506 3655 erat,
2536 3591 2605 3646 de
2634 3605 2802 3646 cruce
2831 3590 3137 3660 depositam
3168 3596 3469 3659 posuerunt
3501 3588 3554 3642 in
3585 3586 3774 3656 sepul-

2189 3697 2307 3748 cro,
2339 3691 2396 3737 et
2437 3681 2670 3737 sindone
2711 3681 2918 3736 munda
2962 3681 3345 3745 involverunt;
3389 3687 3774 3735 secesserunt-

2190 3789 2322 3842 que,
2349 3773 2445 3842 qui
2484 3788 2596 3843 prae
2635 3771 2808 3827 nimia
2847 3771 3196 3827 condolentia
3233 3786 3436 3841 corpus
3471 3771 3771 3840 petierant.

2189 3865 2323 3920 Erat
2342 3873 2525 3919 autem
2548 3864 2690 3934 lapis
2713 3863 2808 3935 qui
2829 3863 3031 3918 ostium
3054 3862 3397 3917 monumenti
3423 3860 3775 3925 obstruebat,

2191 3955 2507 4011 testimonio
2523 3995 2538 4021 ,
2562 3969 2694 4009 vere
2718 3961 2996 4008 mortuum
3022 3967 3143 4008 esse
3165 3962 3223 4007 et
3243 3952 3542 4023 sepultum.

2708 4097 2753 4130 ’⁸
2776 4097 2913 4153 Luc.
2937 4112 3090 4163 mu,
3112 4095 3201 4151 46.
3292 4095 3339 4127 ”
3358 4095 3515 4151 Joan.
3542 4109 3655 4159 xu,
3679 4094 3757 4149 54

507 4167 521 4199 ⁸
546 4167 735 4251 hiauit.
760 4183 926 4250 μνη,
1114 4169 1134 4199 ²
1158 4169 1296 4238 Psal.
1319 4185 1425 4235 (ιιι,
1450 4170 1505 4225 3.
1582 4169 1603 4200 ³
1622 4168 1790 4223 Hebr.
1816 4184 1872 4234 ιι,
1899 4169 1982 4223 16.
2058 4168 2079 4198 ⁸

2185 4169 2236 4223 d.
2260 4169 2346 4221 Η.

515 4346 770 4361 ——-—-——

1550 4614 1660 4676 DE
1692 4612 2367 4689 ‘liESUBBECTlONE
2403 4610 2744 4695 CHRISTI.
2792 4601 2799 4607 ’

598 4863 870 4949 I.V_eru_m_
926 4877 1017 4949 res
1039 4863 1346 4945 Salvatoris
1388 4873 1445 4922 et
1490 4866 1712 4939 Domini
1758 4869 1937 4937 nostri
1978 4885 2090 4925 non
2125 4873 2169 4927 D
2197 4872 2399 4926 lateret
2458 4875 2610 4939 quod
2653 4870 2862 4941 factum
2888 4864 3091 4929 fuerat,
3123 4861 3333 4919 idcirco
3375 4864 3460 4918 sic
3522 4871 3799 4915 morum;

518 4939 806 5028 usquead
855 4942 974 5023 haec
1010 4942 1239 5036 tantum
1285 4965 1682 5029 consummata;
1728 4968 1888 5027 sum;
1950 4975 2094 5030 opus

517 5035 817 5133 enimctiat
836 5035 1161 5129 plenissima
1206 5049 1540 5129 meonomia,
1599 5049 1902 5125 deeratque
1931 5051 2091 5107 ﬁnis:

516 5144 749 5219 propter
778 5135 1252 5221 resurrectionem
1282 5136 1441 5219 enim,
1460 5153 1535 5215 ex_
1558 5139 1797 5197 mortuis
1842 5142 1967 5212 ejus
1997 5142 2094 5212 qui

519 5222 775 5303 mortuus
800 5238 907 5295 est,
956 5228 1169 5309 exstitit
1211 5237 1369 5307 ortus
1416 5231 1668 5309 ejusdem
1701 5233 1796 5304 qui
1831 5242 1959 5288 ante
1991 5250 2093 5291 sa:-

516 5321 641 5376 cula
666 5314 907 5391 genitus
938 5326 1042 5382 est,
1073 5306 1131 5374 et
1156 5306 1307 5373 mors
1338 5335 1437 5390 per
1466 5306 1694 5376 crucem
1725 5323 1846 5393 ejus
1873 5323 1968 5392 qui
2010 5332 2098 5378 est

518 5411 885 5491 immortalis:
917 5425 1039 5481 qua:
1067 5410 1291 5480 quidem
1330 5427 1440 5469 non
1497 5404 1700 5469 accidit
1750 5414 2002 5481 fortuito,
2033 5423 2094 5470 ut

514 5501 720 5574 aiiquis
746 5488 981 5558 fortasse
1012 5502 1197 5557 dicat:
1231 5502 1392 5557 multi
1453 5520 1691 5574 namque
1718 5515 1868 5567 sunt,
1917 5514 1974 5560 et
2003 5506 2091 5560 di-

516 5594 663 5649 versi
710 5593 910 5647 mortis
958 5592 1109 5646 modi
1165 5594 1261 5663 qui
1304 5592 1629 5648 hominibus
1664 5593 1959 5660 accidunt;
1998 5594 2090 5648 alii

519 5683 745 5751 quidem
781 5700 851 5738 ex
885 5684 1260 5753 providentia,
1299 5685 1391 5739 alii
1418 5700 1640 5741 veroex
1690 5685 1908 5741 insidiis
1946 5704 1958 5738 :
1995 5687 2091 5741 sed

521 5782 584 5828 ut
611 5778 753 5845 apud
772 5791 965 5832 omnes
982 5777 1205 5847 publica
1223 5787 1369 5832 esset
1396 5794 1545 5832 mors
1568 5780 1710 5851 ejus,
1728 5789 1785 5834 et
1814 5781 2093 5834 neminem

2197 4971 2285 5018 est
2313 4961 2475 5032 :quis
2506 4959 2656 5015 enim
2680 4955 2928 5027 eumqui
2957 4956 3014 5009 in
3041 4970 3210 5011 cruce
3234 4953 3503 5025 pependit
3535 4962 3590 5007 et
3612 4954 3808 5008 clavis

2202 5057 2507 5122 transﬁxus
2535 5061 2624 5108 est
2661 5061 2718 5106 et
2748 5050 2831 5106 sic
2859 5048 3033 5103 vitam
3063 5047 3311 5118 reliquit,
3350 5054 3641 5100 mortuum
3664 5060 3807 5097 essu

2198 5154 2405 5218 neget,
2461 5143 2718 5215 quamvis
2777 5140 2999 5197 veritati
3069 5153 3407 5209 magnopere
3468 5135 3814 5206 repugnet?

2203 5238 2367 5293 Solus
2410 5241 2559 5291 enim
2596 5235 2759 5291 Jcsus
2788 5250 2857 5290 cx
2909 5234 2977 5290 iis
3028 5233 3125 5303 qui
3184 5247 3311 5288 cum
3347 5248 3416 5287 eo
3446 5231 3502 5285 in
3531 5231 3819 5300 patibulo

2201 5330 2452 5393 fuerunt,
2477 5336 2731 5383 mortuus
2764 5334 2872 5391 est,
2904 5326 3045 5381 duos
3076 5325 3204 5380 dico
3235 5326 3504 5387 latrones,
3531 5323 3635 5392 qui
3661 5336 3819 5378 cum

2203 5432 2271 5471 eo
2300 5415 2551 5496 cruciﬁxi
2585 5415 2726 5477 nihil
2759 5415 2864 5470 tale
2897 5414 3046 5484 passi
3094 5421 3246 5484 sunt.
3296 5413 3599 5490 Tcstantur
3661 5413 3820 5472 hoc.

2206 5523 2329 5577 quae
2359 5507 2624 5577 deinceps
2646 5516 2798 5577 gesta
2830 5514 2998 5561 sunt:
3056 5520 3182 5559 cum
3241 5505 3389 5558 enim
3421 5519 3625 5572 magno
3660 5504 3821 5559 δεῖ)

2206 5600 2335 5655 hato
2360 5600 2416 5654 in
2446 5599 2645 5653 festum
2677 5599 3010 5669 Azymorum
3042 5597 3366 5651 incurrente
3400 5593 3575 5648 Judei
3610 5609 3644 5646 a
3708 5596 3726 5646 ι
3766 5595 3821 5646 ἰ-

2203 5691 2318 5744 lato
2380 5690 2694 5759 petiisscnt,
2738 5697 2799 5743 ut
2854 5703 3090 5757 corpora
3133 5702 3326 5741 eorum
3374 5685 3468 5755 qui
3530 5684 3813 5738 (ξιιιρὲςῑλῑ

2203 5790 2382 5848 erant,
2413 5783 2857 5851 deponerentur.
2912 5780 3397 5835 concessissemuc
3436 5778 3659 5832 Pilatus
3708 5792 3833 5829 co.
