4020 6146
443 235 577 300 1357

1248 229 1528 291 ORATIO
1563 229 1721 290 V.--
1747 227 1845 287 DE
1882 218 2527 284 RESURREC’I‘IONE
2566 212 2904 278 CHRISTI.

3556 196 3690 259 1357i

442 362 567 401 rum
617 345 830 414 justum
887 346 1244 411 postulatum.
1294 338 1664 409 jussissetque
1708 340 1770 390 ut
1817 349 2009 389 eorum
2044 341 2085 392 Α
2115 332 2404 402 pecuniam
2454 329 2726 385 militibus
2768 322 3023 395 polliciti,
3068 318 3303 375 suadent
3349 317 3605 372 occulere
3634 324 3691 368 et

442 450 604 490 crura
633 432 1042 500 frangerentur,
1071 435 1261 482 narrat
1284 427 1515 480 historia
1541 427 1584 486 ⁸,
1609 424 1770 494 primi
1793 422 2017 493 quidem

443 534 502 581 et
557 522 790 579 secundi
844 519 1100 589 quicum
1149 534 1217 572 eo
1255 518 1478 571 fuerant
1509 517 1563 569 in
1624 531 1844 569 cruceu.
1889 513 2017 575 acti,

448 616 676 687 fregisse
707 628 909 677 crura;
968 610 1035 665 ad
1070 610 1258 665 Jesum
1304 619 1491 663 autem
1540 623 1666 661 eum
1717 604 2018 666 venissent,

447 706 819 777 eumquejam
849 710 1134 757 mortuum
1158 700 1450 760 vidissent,
1484 713 1594 752 non
1640 695 1873 766 fregisse
1904 693 2024 763 ejus

449 812 633 856 Crura.

520 888 589 942 ll.
641 886 782 943 Cum
820 886 990 957 igitur
1028 892 1197 939 testes
1225 882 1338 936 sint
1380 885 1663 933 mortuum
1699 889 1853 938 esse,
1898 870 2023 925 nul-

455 979 542 1034 lus
565 977 1005 1033 babebitlocum
1030 974 1273 1044 negandi
1305 979 1538 1024 mortem
1585 964 1839 1021 suscitati
1868 981 1880 1015 :
1919 963 2029 1015 imo

455 1080 512 1125 et
537 1069 741 1139 Joseph
797 1082 923 1123 cum
982 1066 1235 1136 petiisset
1284 1076 1487 1131 corpus
1538 1059 1609 1113 ad
1663 1054 2029 1114 humandum,

2122 423 2407 478 mendacia
2454 430 2770 482 contexere,
2827 429 2948 484 quae
2993 410 3096 482 ipsi
3153 408 3315 463 valde
3359 407 3508 461 fatue
3560 406 3694 474 ipsis

2125 510 2763 583 suggesseruntzbicite,
2803 502 3083 572 inquiunt,
3123 499 3261 570 quod
3301 496 3544 567 discipuli
3579 497 3692 566 ejus

2125 611 2378 659 venerunt
2412 608 2632 656 noctuet
2663 598 2809 652 nobis
2831 593 3209 649 dormientibus
3242 591 3381 661 furto
3409 606 3529 642 eum
3580 605 3699 641 sus-

2129 696 2366 749 tulerunt
2414 695 2457 747 ⁸.
2510 692 2706 746 Merito
2740 689 2795 743 in
2834 688 2964 741 istos
3004 685 3112 739 dici
3150 688 3331 751 potest
3376 698 3388 733 :
3427 678 3471 733 Ο
3522 679 3699 747 magi-

2133 795 2274 842 stros
2303 783 2530 839 absurdi
2564 791 2619 837 et
2646 777 3009 850 repugnantis
3076 770 3382 827 mendacii!
3428 768 3704 838 quomodo

2133 877 2250 931 fieri
2289 882 2519 945 poterat,
2550 880 2611 927 ut
2644 871 2738 941 qui
2782 866 3155 926 dormiebant,
3183 862 3437 917 viderent
3478 860 3705 929 quinam

2131 977 2338 1031 essent,
2372 966 2466 1036 qui
2498 963 2664 1019 furati
2691 962 2856 1016 sunt?
2887 960 2945 1014 Si
2969 964 3154 1013 autem
3183 970 3309 1009 vere
3329 959 3711 1023 cognoverunt

2134 1061 2318 1125 fures;
2358 1059 2464 1112 hoc
2489 1057 2637 1111 enim
2689 1053 2823 1123 ipsis
2879 1060 2940 1105 ut
2989 1049 3277 1111 dicerent,
3320 1043 3711 1115 suggessistis;

459 1133 695 1233 miratus
724 1169 809 1216 est
839 1133 1072 1222 PilattlS,
1103 1155 1250 1227 quod
1266 1156 1377 1225 iam
1407 1162 1664 1206 mortuus
1687 1154 1857 1203 εεεεῐ-
1889 1142 2032 1210 QUid
2138 1150 2386 1221 profecto
2413 1146 2652 1201 videndo
2669 1136 3377 1214 cognoverunt:quomodo
3397 1135 3564 1205 igitur
3584 1133 3711 1186 dor-

459 1270 579 1309 esse
604 1261 790 1323 potest
835 1249 1151 1308 evidentius
1209 1244 1526 1301 testimonio
1553 1241 1891 1301 Iudaeorum,
1941 1234 2035 1304 qui

462 1343 610 1399 omni
645 1341 882 1396 artificio
941 1337 1416 1395 resurrectionem
1471 1334 1695 1389 Domini
1756 1329 2036 1389 occultare

464 1434 690 1488 volunt?
723 1433 862 1487 Cum
887 1432 1036 1485 enim
1072 1439 1295 1500 postero
1334 1427 1425 1481 die
1463 1425 1605 1494 apud
1632 1423 1878 1500 Pilatum
1908 1433 2039 1472 con-

465 1524 774 1586 venissent,
810 1498 1089 1576 dixerunt
1121 1536 1134 1573 :
1163 1517 1446 1573 Recordati
1478 1498 1850 1582 sumus,.quod
1881 1509 2039 1562 sedu-

469 1625 582 1668 ctor
610 1614 722 1676 ille,
771 1631 886 1667 cum
925 1612 1095 1666 adhuc
1123 1613 1337 1669 viveret,
1400 1607 1582 1660 dixit:
1638 1603 1761 1657 Post
1791 1609 1894 1653 tres
1933 1598 2040 1652 dies

473 1706 784 1774 resurgam“
815 1745 826 1755 .
852 1702 989 1757 Cum
1028 1717 1158 1771 ergo
1205 1700 1263 1753 hi
1288 1700 1494 1757 dicant,
1523 1709 1647 1749 cum
1674 1692 1855 1746 adhuc
1888 1688 2039 1743 vive-

476 1805 583 1860 ret,
617 1796 819 1859 aiebat,
854 1804 910 1847 et
941 1792 1197 1854 dicendo,
1249 1805 1369 1843 cum
1399 1788 1567 1843 adhuc
1611 1786 1825 1845 viveret,
1886 1779 2046 1849 plane

479 1888 765 1944 declarant
847 1893 1127 1938 mortuum
1192 1880 1403 1946 fuisse,
1457 1891 1620 1931 omne
1675 1879 2048 1929 commentum

478 1981 795 2035 convictum
842 1978 952 2031 erit
990 1990 1206 2040 eorum,
1283 1973 1378 2045 qui
1431 1972 1617 2027 dicere
1670 1967 1877 2023 audent
1938 1979 2050 2019 non

480 2067 650 2123 fuisse
677 2074 977 2121 mortuum.

552 2181 647 2239 lll.
706 2179 914 2234 Deinde
972 2179 1246 2248 signatum
1297 2174 1468 2230 fuisse
1518 2171 1856 2243 sepulcrum,
1906 2167 2055 2239 quod

487 2269 715 2324 scelesti
770 2267 851 2321 illi
902 2273 1322 2336 suggesserant,
1377 2262 1797 2318 consultissima
1846 2258 2052 2314 factum

490 2371 575 2414 est
599 2358 665 2412 ad
699 2357 962 2427 pudorem
998 2371 1213 2418 eorum,
1246 2355 1341 2424 qui
1373 2352 1630 2408 dicebant
1656 2352 1871 2406 venisse
1895 2350 2061 2405 disci-

489 2448 654 2518 pulos
724 2455 907 2510 nocte,
936 2453 991 2500 et
1018 2444 1226 2498 furatos
1272 2459 1393 2498 esse
1430 2458 1579 2497 eum.
1636 2440 1860 2510 Signato
1912 2439 2059 2494 enim

494 2546 879 2599 monumento,
902 2544 959 2589 et
983 2533 1250 2588 militibus
1270 2534 1423 2604 signa
1453 2532 1918 2595 custodientibus,
1944 2544 2065 2600 quae

497 2627 639 2681 ratio
672 2625 972 2695 probabilis
1010 2624 1288 2679 videbitur
1341 2623 1406 2679 ad
1457 2624 1884 2677 inumbrandum
1925 2621 2067 2675 veri-

499 2719 706 2772 tatem?
736 2718 840 2773 Sed
875 2732 976 2771 nec
1024 2717 1157 2770 illud
1210 2716 1279 2769 ab
1334 2715 1465 2780 ullo,
1503 2724 1566 2768 ut
1607 2715 1867 2778 arbitror,
1919 2715 2064 2784 jusle

468 2807 609 2861 'dici
635 2807 861 2876 poterit,
895 2805 1235 2859 accusandos
1268 2818 1390 2858 esse
1439 2803 1626 2857 violati
1670 2803 1911 2872 sepulcri
1937 2817 2066 2871 pro-

498 2898 758 2968 pinquos,
793 2897 941 2951 furte
986 2911 1188 2965 corpus
1216 2895 1504 2949 sustulisse
1540 2894 1748 2948 relictis
1799 2892 1967 2962 signis
1987 2892 2073 2945 in-

2140 1242 2408 1303 miebant,
2431 1239 2473 1292 si
2501 1235 2802 1291 viderunt?
2829 1230 2938 1287 cur
2955 1246 3063 1285 non
3091 1230 3275 1300 potius
3296 1227 3502 1281 furtum
3521 1223 3715 1295 probi-

2143 1332 2389 1389 hebant?
2418 1331 2499 1386 0b
2524 1330 2666 1383 banc
2692 1325 2839 1381 enim
2862 1337 3084 1378 causam
3116 1319 3498 1374 remanserant
3518 1316 3572 1369 in
3601 1330 3715 1368 mo-

2143 1432 2433 1487 numento,
2463 1430 2524 1476 ut
2548 1418 2888 1491 propositum
2918 1415 3097 1468 fuerat
3126 1412 3311 1481 impiis
3345 1409 3569 1465 etfalsis
3599 1424 3717 1462 ma-

2144 1518 2351 1590 gistris,
2384 1514 2478 1585 qui
2510 1510 2915 1567 allirmaverant
2959 1520 3220 1559 suasuros
3246 1519 3305 1558 se
3368 1501 3586 1572 praesidi
3634 1500 3722 1554 Pi-

2149 1612 2281 1673 lato,
2303 1605 2449 1677 quod
2480 1602 2826 1659 dormientes
2850 1614 2982 1653 vera
3024 1597 3215 1650 dicunt
3251 1611 3309 1649 se
3352 1594 3577 1655 vidisse.

2224 1721 2289 1777 V.
2324 1719 2505 1788 Atque
2527 1715 2605 1769 illi
2639 1713 2863 1782 quidem
2906 1711 2988 1765 sic
3008 1726 3067 1764 se
3106 1707 3496 1763 existimabant
3522 1704 3726 1761 verita-

2154 1820 2264 1866 tem
2310 1809 2615 1864 obseurare
2667 1812 2725 1859 et
2753 1811 3088 1872 contegere;
3122 1800 3372 1854 Salvator
3415 1814 3551 1853 vero
3595 1813 3726 1852 vere

2155 1902 2318 1958 tertio
2355 1901 2445 1955 die
2476 1898 2741 1961 surrexit,
2771 1888 2970 1950 relicta
3018 1892 3378 1962 corruptione
3437 1892 3493 1945 in
3539 1893 3728 1959 sepul-

2156 2010 2250 2050 cro
2275 2001 2333 2047 et
2360 1993 2537 2046 factus
2581 1989 2960 2059 primogenitus
3013 2001 3075 2039 ea:
3121 1985 3424 2049 mortuis’;
3470 1984 3733 2038 descendit

2156 2085 2303 2141 enim
2334 2085 2387 2137 in
2417 2082 2693 2151 inferiores
2739 2086 2915 2150 partes
2967 2087 3123 2132 terra:
3171 2078 3213 2108 θ’
3258 2085 3316 2130 et
3370 2077 3425 2130 in
3470 2091 3565 2130 cor
3613 2077 3734 2143 ejus

2158 2176 2331 2241 venit,
2355 2183 2508 2230 tanto
2530 2180 2778 2241 tempore
2795 2171 2911 2224 illic
2929 2176 3327 2230 commoratus,
3344 2178 3557 2236 quanto
3579 2182 3736 2238 Opor-

2163 2266 2288 2330 tuit,
2308 2273 2368 2318 ut
2390 2263 2624 2333 gratiam
2646 2276 2802 2315 suam
2824 2268 2881 2314 et
2907 2259 3200 2313 utilitatem
3224 2259 3293 2312 iis
3316 2259 3410 2328 qui
3436 2259 3490 2311 in
3518 2259 3738 2313 inferno

2165 2360 2517 2415 tenebantur.
2574 2353 2937 2423 impartiret:
2997 2367 3108 2406 non
3157 2352 3307 2405 enim
3359 2351 3564 2407 frustra
3605 2353 3739 2406 illuc

2169 2448 2484 2513 descendit,
2512 2446 2646 2515 quia
2693 2444 2835 2499 nihil
2871 2444 3150 2498 incassum
3187 2442 3317 2498 facit
3347 2444 3514 2508 Deus,
3551 2444 3649 2499 scd
3684 2454 3742 2497 ut

2166 2554 2260 2596 eos
2272 2541 2366 2610 qui
2388 2539 2444 2591 in
2466 2550 2690 2592 carcere
2710 2545 2891 2594 erant,
2907 2533 3195 2596 educeret,
3221 2541 3276 2587 et
3296 2533 3591 2589 reduceret
3609 2550 3747 2603 prze~

2167 2631 2353 2687 eundo
2387 2637 2515 2682 ante
2564 2642 2681 2692 eos,
2723 2634 2783 2678 ut
2833 2633 3024 2695 pastor
3074 2635 3203 2679 ante
3243 2639 3397 2689 oves,
3446 2626 3747 2694 quaerenda

2171 2737 2310 2793 quos
2334 2719 2682 2790 perdiderat,
2717 2716 3127 2772 etinveniendo
3161 2732 3304 2787 quos
3340 2718 3659 2787 quaesierat,
3684 2734 3748 2772 ac

2174 2811 2492 2868 reducendo
2518 2826 2614 2864 eos
2635 2817 2862 2879 propter
2874 2824 3013 2877 quos
3033 2808 3437 2863 descenderat:
3461 2825 3571 2863 non
3593 2810 3744 2864 enim

2178 2905 2357 2959 solum
2402 2900 2690 2954 interitum
2744 2913 3046 2967 corporum
3094 2898 3347 2953 dissolvit
3373 2899 3427 2952 in
3462 2900 3749 2968 sepulcro,

462 3008 466 3012 θ
509 2989 706 3060 tegris:
742 3004 847 3041 non
879 2988 1026 3042 enim
1061 2995 1445 3041 constructum
1480 2994 1599 3040 erat
1648 2993 2070 3038 monumentum
2102 2990 2142 3047 c
2179 2993 2274 3048 sed
2311 3000 2365 3046 ει
2390 2989 2633 3058 captivas
2654 2988 2866 3040 animas
2897 3001 2964 3040 ex
2992 2985 3207 3040 inferno
3239 2986 3425 3056 in'quo
3452 3003 3552 3057 per
3571 2974 3755 3059 l'yran.

504 3098 571 3137 ex
609 3082 801 3136 electis
826 3079 1103 3149 lapidibus
1145 3079 1288 3132 inter
1320 3095 1377 3132 se
1402 3076 1814 3147 coagmentatis,
1853 3075 1947 3130 sed
1980 3090 2077 3145 po-

507 3175 617 3228 tius
647 3181 763 3227 erat
804 3182 960 3235 petra
1004 3171 1210 3234 nativa,
1249 3185 1370 3239 qua:
1428 3178 1597 3222 totam
1622 3162 1778 3222 banc
1813 3166 2081 3236 suspicio-

508 3280 635 3319 nem
660 3263 916 3333 ejiciebat
948 3280 961 3316 :
995 3263 1066 3316 ob
1095 3263 1233 3315 hanc
1266 3276 1489 3316 causam
1513 3275 1715 3313 novum
1737 3267 1855 3313 erat
1885 3272 2079 3311 monu-

517 3361 788 3417 mentum,
819 3362 1070 3406 recenter
1097 3352 1150 3404 in
1182 3360 1333 3420 petra
1364 3349 1590 3414 factum,
1638 3348 1693 3402 in
1725 3364 1834 3418 quo
1868 3348 2080 3401 nullum

513 3454 674 3500 antea
708 3458 911 3512 corpus
938 3442 1220 3495 conditum
1269 3442 1482 3507 fuerat;
1544 3456 1612 3494 ne
1639 3440 1692 3493 in
1723 3439 1954 3493 dubium
1991 3452 2085 3493 ve-

514 3536 662 3589 niret
684 3534 753 3587 iis
775 3533 867 3602 qui
930 3541 1214 3601 utcunque
1266 3532 1733 3585 resurrectionem
1782 3529 2081 3600 recipiunt,

534 3624 785 3693 quisnam
811 3638 841 3675 a
863 3623 1093 3676 mortuis
1117 3624 1389 3676 excitatus
1429 3628 1596 3676 esset.

596 3713 687 3769 IV.
721 3711 847 3767 Haec
871 3714 1056 3767 omnia
1082 3722 1138 3767 et
1173 3713 1279 3766 alia
1324 3713 1481 3782 plura
1544 3710 1632 3763 his
1672 3709 1889 3779 provisa
1935 3715 2086 3773 sunt,

529 3807 600 3861 ad
657 3805 978 3879 faciendam
1059 3804 1223 3859 fidem
1301 3803 1726 3859 resurrectionis
1793 3800 2092 3856 Salvatoris

529 3898 740 3964 nostri;
770 3897 837 3952 ad
867 3913 1033 3967 quam
1079 3894 1479 3950 ostendendam
1518 3891 1805 3948 descendit
1845 3892 2087 3961 angelus,

528 3991 625 4059 qui
657 3988 895 4059 lapidem
923 3989 993 4042 ab
1025 3988 1141 4042 otio
1190 3986 1538 4041 monumenti
1590 3982 1844 4047 revolvit,
1896 3998 2005 4037 non
2034 3992 2089 4038 ut

524 4080 731 4137 exitum
764 4079 992 4133 humato
1035 4084 1283 4147 pararet;
1327 4077 1441 4147 jam
1465 4075 1611 4130 enim
1638 4074 1791 4143 prius
1816 4073 1903 4128 die
1934 4075 2094 4129 tertio

524 4178 841 4226 surrexerat
874 4167 1138 4223 Dominus
1171 4182 1202 4221 a
1237 4167 1390 4222 nullo
1425 4166 1758 4236 prohibitus,
1793 4165 1887 4219 sed
1917 4172 1977 4219 ut
2000 4165 2094 4220 de-

529 4269 865 4316 mousuaret
911 4261 1114 4324 locum,
1175 4258 1272 4313 ubi
1330 4273 1531 4327 corpus
1581 4259 1817 4327 positum
1893 4258 2091 4323 fuerat,

526 4354 621 4408 ubi
670 4363 854 4407 vestes
884 4360 1095 4408 tantum
1150 4358 1311 4405 erant
1350 4350 1620 4404 suscitati.
1666 4349 1822 4405 Unde
1866 4351 2095 4419 angelus

526 4444 620 4515 qui
653 4443 980 4497 mulieribus
1009 4458 1130 4513 qua:
1168 4449 1541 4497 convenerant
1573 4439 1825 4510 apparuit
1859 4459 1872 4494 :
1899 4441 2094 4507 Nolite,

526 4535 729 4598 aiebat,
751 4536 932 4588 timere
953 4551 1041 4588 vos
1066 4551 1084 4588 :
1113 4535 1219 4587 scio
1253 4533 1392 4604 quod
1417 4532 1599 4586 Iesum
1622 4531 2098 4586 Nazarenumcru-

530 4625 748 4694 ciﬁxum
781 4627 1048 4695 quaeritis;
1083 4642 1187 4678 non
1213 4631 1286 4678 est
1314 4625 1427 4688 hic;
1460 4625 1774 4689 resurrexit,
1792 4627 1925 4677 sicut
1946 4625 2102 4677 dixit:

533 4714 724 4779 venite,
761 4713 926 4767 videte
970 4713 1140 4767 locum
1181 4713 1268 4766 ubi
1303 4714 1502 4783 positus
1557 4718 1672 4765 erat
1708 4708 1751 4764 ".
1798 4711 1893 4765 llis
1936 4712 2104 4782 gestis

529 4803 737 4858 milites
774 4804 1040 4859 custodes
1081 4812 1231 4858 metu
1268 4803 1544 4874 perterriti
1565 4802 2099 4874 jacebanttanquam

531 4896 889 4949 mortuizvix
923 4905 1105 4951 autem
1137 4904 1348 4950 terrore
1391 4895 1702 4950 formidinis
1749 4894 1968 4950 liberati
2017 4895 2103 4949 fu-

531 4996 731 5057 gerunt
755 4989 809 5042 in
847 4989 1148 5053 civitatem,
1175 4998 1235 5043 ut
1257 4988 1578 5042 nuntiarent
1605 5003 1727 5057 quze
1747 4988 2102 5042 accidissent.

533 5077 796 5132 Scelerati
826 5093 957 5133 vero
987 5079 1302 5135 sacerdotes
1338 5078 1675 5146 Iudaeorum,
1714 5095 1851 5150 quos
1889 5088 2108 5149 oporte—

532 5167 630 5222 bat
660 5168 882 5223 tandem
910 5186 1134 5226 sensum
1169 5187 1399 5241 capere,
1424 5180 1697 5236 eteorum
1722 5188 1842 5240 quae
1860 5174 2104 5226 fecerant

532 5260 834 5330 poenitere,
862 5272 1053 5316 contra
1092 5263 1277 5331 potius
1318 5262 1373 5317 in
1430 5262 1638 5316 malitia
1664 5270 2100 5331 perseverantes,

535 5349 836 5405 studebant
864 5360 925 5405 ut
948 5350 1417 5407 resurrectionem
1460 5352 1735 5416 celarent,
1771 5360 1829 5406 et
1874 5352 2105 5406 multam

608 5547 1062 5609 “Joan.x1x,3'2.
1140 5544 1384 5617 “Matth.
1452 5532 1633 5617 xsvu,
1688 5541 1775 5596 65.
1859 5547 1877 5575 τ
1910 5546 2101 5600 Matth.
2145 5547 2409 5607 xxvtu,5.
2442 5545 2493 5617 s.

2040 5618 2081 5648 ¹²
2122 5616 2255 5673 Luc.
2290 5633 2376 5681 xx,
2418 5615 2504 5671 38.

537 5630 612 5684 sv,
651 5618 702 5672 9.
783 5618 825 5648 ⁸³
890 5617 1093 5673 Jerem.
1131 5633 1254 5679 xxx,
1301 5616 1377 5670 ιϐ.
1458 5619 1497 5649 ¹¹
1558 5616 1716 5671 item.
1768 5617 1956 5682 xiv,9.

2185 3082 2368 3138 nidem
2393 3078 2811 3139 detinebantur,
2850 3075 3141 3138 liberavit;
3174 3084 3224 3129 et
3250 3074 3485 3129 fortasse
3516 3091 3625 3130 non
3656 3092 3756 3146 per

2192 3171 2560 3244 tyrannidem,
2585 3169 2678 3222 sed
2715 3183 2815 3237 pro
2842 3166 3034 3221 multis
3063 3167 3267 3222 debitis
3319 3167 3753 3233 detinebantur;

2183 3264 2389 3334 quibus
2446 3259 2776 3332 persolutis,
2806 3257 2900 3326 qui
2943 3265 3172 3327 propter
3218 3256 3608 3311 liberationem
3657 3257 3755 3311 de-

2186 3355 2497 3417 scenderat,
2556 3350 2783 3406 reduxit
2846 3364 3097 3418 magnam
3135 3348 3348 3417 copiam
3392 3350 3758 3417 captivorum,

2185 3445 2521 3517 promittens
2563 3444 2742 3511 ipsum
2790 3440 2959 3494 etiam
3014 3438 3312 3507 aliquando
3362 3439 3457 3508 qui
3514 3441 3763 3509 captivos

2187 3539 2447 3601 duxerat,
2504 3534 2783 3604 captivum
2814 3540 2870 3585 et
2928 3546 3149 3586 servum
3199 3530 3572 3598 habiturum;
3609 3533 3760 3586 illum

2190 3628 2334 3691 dico,
2361 3626 2454 3696 qui
2483 3625 2646 3695 paulo
2704 3633 2832 3677 ante
2876 3621 3145 3675 dominus
3202 3622 3519 3692 putabatur.
3586 3624 3766 3678 Erunt

2192 3721 2363 3785 enim,
2392 3717 2595 3787 inquit,
2623 3715 2838 3785 captivi,
2870 3715 2960 3784 qui
2990 3730 3078 3767 vos
3110 3716 3343 3783 captivos
3387 3715 3685 3783 duxerunt;
3717 3727 3766 3768 et

2191 3812 2521 3877 dominatum
2549 3806 2813 3870 subibunt,
2851 3805 2941 3873 qui
2968 3805 3103 3858 vobis
3126 3805 3471 3861 dominantur
3497 3807 3559 3860 ¹⁰.

2264 3900 2350 3961 ,Vl.
2392 3900 2474 3955 Ad
2513 3900 2607 3953 hoc
2640 3896 2877 3952 Christus
2929 3904 3165 3951 mortuus
3211 3904 3288 3951 est
3344 3905 3394 3950 et
3444 3898 3594 3962 vixit,
3631 3909 3686 3952 ut
3721 3909 3769 3951 et

2195 3999 2525 4047 mortuorum
2558 3996 2607 4041 et
2633 3988 2869 4040 vivorum
2892 3985 3148 4039 Dominus
3202 3988 3272 4040 sit
3297 3988 3362 4039 ”.
3408 3987 3515 4043 Sed
3557 4006 3662 4044 non
3692 3998 3769 4044 est

2198 4082 2359 4144 Deus,
2416 4077 2558 4132 Deus
2602 4082 2964 4138 mortuorum,
3014 4074 3105 4128 sed
3147 4076 3433 4130 viventium
3491 4078 3552 4132 ¹¹.
3599 4078 3773 4149 Igitur

2197 4170 2399 4229 mortui
2420 4167 2644 4237 quibus,
2681 4165 2775 4234 qui
2804 4163 2962 4227 vixit,
2997 4165 3336 4228 dominatur,
3369 4177 3764 4223 nonsuntam-

2199 4265 2347 4334 plius
2396 4257 2600 4314 mortui
2629 4297 2644 4320 ,
2689 4255 2788 4309 sed
2823 4256 3101 4322 viventes;
3136 4268 3192 4312 et
3221 4257 3429 4314 idcirco
3456 4259 3777 4315 dominatur

2201 4358 2284 4409 eis
2314 4353 2446 4413 vita,
2502 4360 2563 4404 ut
2585 4349 2796 4412 vivant,
2830 4363 2939 4401 non
2976 4349 3213 4419 amplius
3250 4360 3484 4404 mortem
3516 4359 3773 4406 metuen-

2205 4453 2306 4509 tes,
2339 4443 2483 4498 sicut
2504 4442 2742 4497 Christus
2770 4445 3031 4498 excitatus
3067 4459 3098 4495 α
3132 4442 3378 4505 mortuis,
3409 4448 3513 4496 nan
3546 4433 3777 4513 amplius

2205 4537 2430 4591 moritur
2456 4536 2533 4588 "z
2572 4535 2652 4590 sic
2675 4533 2927 4589 suscitati
2977 4542 3034 4588 et
3071 4549 3103 4587 a
3147 4535 3506 4602 corruptione
3534 4534 3777 4600 liberati,

2204 4641 2316 4680 non
2338 4624 2576 4694 amplius
2615 4633 2849 4679 mortem
2901 4624 3191 4688 videbunt,
3249 4622 3427 4678 futuri
3476 4623 3781 4695 participes

2205 4714 2627 4771 resurrectionis
2668 4714 2898 4777 Christi,
2955 4714 3100 4769 sicut
3160 4715 3279 4786 ipse
3344 4717 3544 4771 mortis
3582 4732 3779 4772 eorum

2206 4806 2488 4876 particeps
2534 4805 2657 4861 fuit.
2695 4806 2815 4861 Non
2844 4807 2992 4862 enim
3015 4807 3124 4861 alia
3171 4806 3245 4864 de
3288 4822 3455 4863 causa
3489 4807 3782 4865 descendit

2206 4898 2265 4952 in
2292 4906 2521 4964 terram,
2553 4898 2713 4968 cujus
2742 4906 2931 4953 vectes
2960 4896 3279 4955 detinentes
3312 4900 3527 4965 aeterni,
3562 4900 3668 4955 nisi
3722 4908 3779 4953 ut

2208 5005 2374 5044 cereas
2409 4997 2593 5058 portas
2645 4998 2938 5043 contereret
2957 4998 3007 5043 et
3056 4998 3225 5044 vectes
3259 4997 3453 5060 jerreos
3482 4991 3785 5062 confringe-

2209 5088 2288 5135 ret
2321 5079 2385 5144 “,
2410 5088 2465 5134 et
2494 5091 2555 5133 ut
2580 5096 2647 5133 ex
2698 5081 3067 5150 corruptione
3108 5082 3277 5136 vitam
3331 5091 3580 5136 nostram
3625 5082 3694 5135 ad
3728 5097 3787 5136 se

2208 5170 2391 5240 ipsum
2422 5170 2710 5234 educeret,
2742 5187 2844 5240 pro
2874 5171 3144 5226 servitute
3191 5171 3396 5225 donata
3433 5171 3594 5227 nobis
3621 5172 3790 5225 liber-

2213 5267 2346 5314 tate.
2381 5258 2537 5325 Quod
2565 5259 2612 5313 si
2641 5260 2812 5328 hujus
2840 5261 3168 5314 teconomia:
3197 5275 3339 5329 opus
3369 5259 3617 5314 nondum
3655 5276 3786 5330 per-

2215 5348 2421 5403 fec1um
2462 5349 2710 5411 videtur,
2753 5348 2938 5403 adhuc
2974 5349 3123 5403 enim
3159 5348 3418 5404 homines
3452 5349 3788 5412 moriuntur,

2572 5543 2758 5619 tunc.
2800 5543 2886 5596 45.
2966 5531 3214 5619 factiose.
3270 5562 3307 5619 1,
3332 5547 3421 5602 ts.
3497 5549 3551 5619 οῖ
3591 5546 3797 5619 Ephes.

2598 5614 2641 5693 ⁴¹³
2677 5615 2833 5669 Rom.
2871 5616 3016 5680 vt,9.
3099 5616 3138 5646 ”
3176 5616 3319 5671 I’sal.
3346 5634 3450 5681 cvr,
3496 5618 3579 5675 16.
