4020 6146
403 288 546 353 1359

1555 290 1615 349 S.
1659 289 2058 351 ANASTASII
2101 292 2572 353 ANTIOCHENI

3532 292 3669 357 1360

401 410 458 458 et
488 414 723 469 corpora
747 399 979 453 interitu
1015 398 1427 463 dissolvuntur;
1456 398 1626 463 absit,
1661 408 1721 453 ut
1761 401 1869 453 hoc
1892 399 1987 454 ﬁat
2018 405 2058 462 Α
2090 402 2386 470 qualitates
2439 415 2641 471 capere
2698 407 2902 470 potest,
2945 401 3050 455 etsi
3096 415 3208 456 non
3243 415 3436 457 omnes
3471 404 3668 473 simul;

402 492 621 548 occasio
650 489 914 561 perﬁdiae.
943 490 1065 545 Jain
1099 490 1250 544 enim
1281 499 1443 544 antea
1490 491 1741 545 omnium
1805 492 1983 545 hono-

403 602 525 640 rum
550 597 573 626 ο
599 600 723 655 quae
742 584 890 639 dicta
920 592 1069 647 sunt,
1103 583 1473 638 arrhabonem
1495 583 1727 637 tulimus
1750 597 1849 653 per
1867 584 1984 653 pri-

402 678 591 733 mitias
615 686 967 745 nostras,per
982 692 1125 746 quas
1153 676 1226 732 ad
1258 676 1617 731 altitudinem
1648 676 1774 731 caeli
1806 676 1985 730 evasi-

403 784 548 834 mus,
579 776 635 823 et
657 766 1019 822 consedimus
1045 767 1097 821 ei
1136 768 1233 837 qui
1265 782 1368 821 nos
1403 783 1592 822 secum
1654 768 1708 821 in
1747 766 1986 822 sublime

402 860 647 927 sustulit,
680 860 845 916 sicuti
869 860 1073 915 Paulus
1104 860 1346 930 quodam
1373 860 1495 915 loco
1524 860 1635 915 ait:
1674 860 1743 914 Et
1796 876 1986 914 conre-

401 954 694 1018 sttscitavit,
746 962 795 1006 et
840 952 1109 1006 considere
1161 970 1253 1007 nos
1305 953 1425 1022 fecit
1481 955 1537 1007 in
1589 953 1877 1007 cwlestibus
1929 955 1986 1006 in

404 1042 612 1100 Christo
640 1044 701 1096 ¹¹¹.
740 1043 1005 1097 Feremus
1031 1051 1218 1099 autem
1266 1044 1825 1108 consummationem,
1856 1058 1981 1098 cum

404 1133 585 1189 aderit
610 1144 881 1204 tempusa
920 1134 1081 1188 Patre
1106 1134 1464 1204 praeﬁnitum,
1500 1152 1626 1191 cum
1662 1151 1768 1190 nos
1788 1127 1986 1205 'pueri-

408 1227 540 1281 tiam
586 1226 951 1296 deponemus,
1019 1234 1076 1280 et
1130 1227 1186 1279 in
1234 1228 1406 1280 virum
1458 1227 1743 1296 perfectum
1790 1226 1989 1291 evade~

406 1331 532 1371 mus
567 1318 651 1369 η’.
691 1316 808 1371 lloc
831 1316 980 1370 enim
1005 1316 1185 1371 visum
1229 1325 1314 1371 est
1344 1317 1494 1371 Patri
1540 1316 1891 1380 surculorum,
1929 1323 1991 1370 ut

408 1406 627 1458 firmum
654 1404 727 1459 sit
753 1403 944 1459 datum
974 1419 1199 1469 munus,
1248 1413 1306 1458 et
1352 1420 1465 1459 non
1514 1421 1708 1460 rursus
1742 1414 1990 1461 contem-

407 1503 574 1550 natur
597 1509 973 1564 repuerascen
984 1501 1035 1549 te
1056 1494 1244 1550 adhuc
1264 1505 1472 1551 mente.

480 1585 589 1641 νη.
653 1585 733 1640 Ne
772 1584 899 1655 quis
954 1586 1121 1656 igitur
1152 1584 1439 1641 existimet
1489 1601 1602 1642 non
1645 1602 1770 1643 esse
1798 1588 1989 1644 datum

405 1677 800 1742 arrhabonem,
861 1693 932 1732 ex
963 1691 1053 1743 eo,
1082 1676 1231 1747 quod
1282 1677 1467 1733 adhuc
1514 1678 1667 1734 videt
1722 1680 1989 1750 quosdam

405 1771 695 1842 prioribus
721 1770 929 1825 debitis
960 1769 1235 1841 obligatos
1270 1769 1312 1824 ί.
1350 1770 1528 1825 Antea
1570 1772 1719 1825 enim
1775 1773 1992 1828 solutus

406 1873 512 1930 est,
536 1875 598 1919 ut
630 1864 898 1930 diximus,
933 1864 1198 1930 arrhabo,
1250 1866 1348 1935 qui
1374 1874 1559 1920 certos
1585 1865 1718 1922 facit
1746 1868 1991 1923 desola-

408 1957 560 2013 tione
588 1959 766 2012 totius
788 1971 1056 2012 summat:
1100 1956 1343 2012 arrhabo
1373 1972 1613 2027 namque
1643 1973 1753 2011 non
1775 1965 1859 2014 est
1879 1968 1992 2015 tota

409 2063 647 2116 summa,
704 2048 803 2104 sed
860 2063 1011 2119 pars,
1067 2063 1234 2119 quam
1299 2046 1525 2117 quidem
1584 2048 1788 2104 Paulus
1830 2059 1993 2106 vocat

407 2142 639 2212 cnigma
676 2141 741 2195 η.
802 2139 930 2195 Haec
957 2154 1091 2196 vero
1125 2139 1312 2195 omnia
1365 2147 1497 2194 tunc
1545 2142 1989 2208 evacuabuntur,

405 2247 525 2284 cum
555 2231 657 2284 erit
692 2228 833 2283 Deus
860 2230 1043 2283 omnia
1079 2228 1136 2282 in
1158 2227 1398 2282 omnibus
1418 2229 1483 2281 ".
1518 2228 1685 2285 Vides
1709 2230 1855 2285 unde
1890 2246 1994 2287 nos

405 2319 640 2375 eduxit?
671 2331 806 2373 sane
833 2317 1063 2388 quidem
1099 2325 1157 2372 et
1192 2316 1429 2383 educet;
1464 2333 1617 2373 mors
1644 2319 1797 2373 enim
1833 2319 1994 2375 Chri-

406 2413 478 2468 sti
507 2414 651 2468 facta
703 2420 791 2467 est
837 2410 951 2466 vita
1004 2410 1287 2466 mortuis:
1346 2410 1628 2466 contraria
1693 2413 1992 2469 contrariis

407 2512 584 2568 curat,
612 2503 709 2574 qui
759 2511 944 2573 potest
990 2501 1279 2572 sapienter
1328 2500 1540 2557 morbis
1584 2501 1992 2561 insanabilibus

404 2594 640 2651 mederi.
667 2594 775 2650 Sed
800 2594 970 2651 etiam
1021 2601 1415 2649 consummato
1470 2593 1736 2664 mysterio
1774 2596 1990 2659 mortis,

405 2698 468 2743 ut
493 2689 707 2745 dictum
755 2695 862 2754 est,
899 2694 957 2743 et
992 2695 1170 2742 morte
1204 2702 1328 2757 qua:
1357 2686 1413 2740 in
1468 2701 1699 2757 corpora
1752 2686 1994 2743 habebat

405 2783 721 2852 imperium,
742 2782 1092 2852 interempta,
1111 2788 1386 2852 potestate
1412 2780 1722 2853 Deicorpus
1742 2792 1991 2839 nostrum

406 2872 609 2938 induti,
659 2883 955 2944 postquam
999 2872 1323 2943 sepulcrum
1373 2872 1464 2927 die
1493 2874 1676 2938 tertio,
1708 2874 1804 2944 qui
1860 2891 1992 2931 vere

405 2966 671 3020 humatus
703 2964 902 3030 fuerat,
932 2963 1186 3033 reliquit,
1215 2964 1516 3033 oportebat
1539 2973 1600 3019 ut
1632 2980 1827 3020 rursus
1861 2982 1990 3021 cum

402 3067 640 3124 corpore
672 3061 962 3122 assumpto
990 3052 1059 3106 ad
1098 3053 1319 3109 Patrem
1373 3056 1469 3124 qui
1513 3055 1759 3124 miserat,
1802 3073 1993 3113 asceu-
2018 3086 2061 3144 ο

404 3146 585 3211 deret,
645 3144 746 3215 qui
801 3143 1171 3199 descenderat
1222 3143 1293 3198 ad
1350 3146 1657 3201 tollendqu
1701 3158 1991 3218 peccatum

402 3234 623 3291 mundi.
658 3234 781 3290 Non
808 3233 959 3289 enim
1008 3243 1130 3288 erat
1180 3234 1235 3287 in
1290 3243 1577 3304 posterum
1621 3245 1769 3292 terra
1837 3238 1995 3296 locus

408 3327 646 3381 idoneus
669 3332 723 3379 et
746 3334 911 3394 aptus
941 3325 1188 3393 corpori,
1228 3324 1377 3394 quod
1420 3326 1843 3383 crassitudinem
1870 3345 1993 3385 car-

408 3433 567 3473 neam
596 3417 957 3487 deposuerat,
1006 3422 1066 3470 et
1099 3430 1165 3470 ex
1214 3415 1567 3486 corruptibili
1621 3416 1828 3472 factum
1874 3430 1994 3476 erat

414 3506 862 3577 incorruptibile,
886 3520 956 3560 ex
1002 3504 1224 3559 mortali
1264 3504 1605 3570 immortale,
1648 3522 1715 3561 ex
1762 3508 1990 3563 animali

413 3598 726 3669 spirituale.
776 3595 933 3652 Sicut
975 3596 1124 3651 enim
1170 3596 1329 3651 locus
1385 3604 1643 3652 terrenus
1692 3612 1990 3668 corporum

411 3690 758 3745 domicilium
788 3698 894 3753 est,
954 3688 1037 3743 sic
1078 3684 1238 3742 locus
1301 3688 1544 3743 cmlestis
1593 3687 1987 3758 spiritualium.

408 3782 566 3850 Quod
612 3793 798 3836 autem
858 3793 1065 3849 corpus
1109 3777 1331 3833 Domini
1371 3778 1664 3847 spirituale
1724 3779 1988 3845 surrexit,

409 3874 539 3944 quid
581 3888 724 3945 opus
764 3879 849 3929 est
875 3871 1086 3936 dicere,
1120 3885 1247 3925 cum
1296 3870 1500 3927 Paulus
1543 3870 1611 3926 de
1666 3872 1993 3941 corporibus

413 3974 670 4029 tcstetur,
699 3963 955 4019 seminari
979 3960 1243 4015 animalia
1267 3968 1323 4014 et
1341 3976 1559 4032 surgere
1572 3961 1881 4031 spiritualia
1907 3964 1949 3995 ‘9
1974 3979 1989 4016 :

412 4054 802 4124 transﬁgurata
837 4052 1057 4108 scilicet
1083 4050 1151 4105 ad
1206 4051 1501 4121 gloriosam
1546 4050 1991 4122 transﬁguratio-

410 4163 534 4203 nem
566 4145 775 4202 Christi
805 4144 964 4199 ducis
992 4142 1338 4214 praeeuntis?
1362 4141 1647 4212 Siquidem
1676 4150 1730 4197 et
1756 4144 1994 4213 Aposto-

406 4240 493 4295 lus
516 4239 645 4302 hoc,
682 4236 831 4308 quod
869 4236 1033 4307 plane
1067 4234 1303 4299 sciebat,
1336 4233 1487 4289 omni
1510 4233 1700 4304 generi
1749 4232 1991 4290 humano

405 4339 735 4386 eventurum
760 4342 882 4384 esse
904 4326 982 4381 ait
1007 4340 1107 4396 per
1124 4324 1427 4389 Christum,
1457 4324 1548 4394 qui
1590 4321 1991 4394 lransﬁgurabit

2086 508 2265 562 neque
2291 491 2531 548 eﬁicitur
2560 492 2687 559 alia,
2718 491 2816 547 sed
2842 491 3027 556 varia;
3058 491 3114 545 id
3141 502 3245 558 est,
3284 492 3407 547 aliis
3431 498 3671 563 qualita-

2086 585 2237 639 tibus
2300 583 2518 650 aﬁ‘ecta,
2573 599 2740 654 quam
2789 584 2995 653 quibus
3059 583 3217 653 prius
3272 584 3468 640 aﬂ‘ecta
3516 597 3668 641 erat:

2085 676 2262 729 variat
2294 686 2479 731 autem
2512 685 2569 732 et
2591 687 2769 731 mutat
2798 677 2919 741 has,
2950 677 3175 746 quando
3197 677 3378 747 placet
3398 678 3669 735 Creatori.

2160 767 2292 824 Vlll.
2341 769 2515 845 Nemo
2540 783 2673 840 ergo
2705 784 2831 824 cum
2872 769 3028 824 audit
3057 769 3361 841 spirituale.
3381 770 3584 826 factum
3606 789 3668 827 ex

2088 858 2335 923 animali,
2356 859 2641 914 existimet
2658 875 2769 913 non
2784 859 3113 914 suscitatam
3137 875 3260 914 esse
3270 860 3426 929 prius
3442 877 3668 932 corpus:

2086 966 2244 1005 error
2264 952 2411 1005 enim
2447 961 2534 1007 est
2573 953 2686 1019 hic,
2718 962 2774 1008 et
2816 953 3033 1007 inimici
3082 952 3339 1006 veritatis
3371 954 3669 1009 sententia.

2090 1040 2412 1097 Substantia
2442 1058 2684 1113 namque
2752 1044 3000 1111 subiecta
3036 1042 3278 1113 corpori,
3336 1042 3515 1096 dicam
3567 1043 3667 1097 ite-

2090 1150 2232 1199 rum,
2264 1144 2582 1204 perseverat
2635 1135 2859 1204 qurdem
2909 1133 3105 1190 eadem
3141 1147 3385 1203 semper,
3426 1134 3669 1202 quandiu

2088 1226 2336 1281 Creatori
2383 1228 2559 1282 visum
2586 1228 2713 1292 erit,
2757 1237 2818 1281 ut
2850 1227 3145 1297 persistat;
3176 1235 3384 1281 mutata
3409 1235 3592 1281 autem
3618 1227 3664 1280 ir.

2090 1314 2399 1384 spirituale,
2431 1316 2644 1371 variata
2668 1326 2777 1382 est,
2811 1317 2910 1371 sed
2932 1332 3043 1371 non
3071 1317 3177 1371 alia
3213 1316 3376 1370 facta.
3413 1316 3504 1371 Sic
3524 1319 3669 1371 enim

2091 1414 2149 1460 et
2175 1404 2432 1461 Christus
2476 1409 2719 1462 surrexit
2746 1424 2760 1461 :
2792 1417 3033 1478 suntque
3058 1410 3179 1479 ejus
3200 1408 3521 1463 testimonia
3545 1424 3672 1461 cum

2094 1500 2266 1555 multa
2298 1500 2428 1565 alia,
2464 1509 2579 1554 tum
2626 1500 2744 1555 hmc
2767 1501 3017 1555 omnium
3052 1499 3675 1569 potissima,reliquissc

2095 1592 2309 1645 scilicet
2341 1591 2395 1644 in
2449 1600 2816 1646 monumento
2844 1591 3037 1655 lintea,
3086 1589 3267 1644 exisse
3303 1591 3524 1658 signato
3553 1604 3675 1642 mo-

2095 1693 2383 1746 numento,
2418 1682 2728 1753 ingressum
2754 1698 2876 1739 esse
2926 1682 3115 1753 januis
3145 1681 3371 1744 clausis,
3404 1696 3516 1735 non
3544 1696 3677 1735 con-

2027 1749 2064 1803 8
2095 1773 2302 1829 versari
2357 1774 2597 1843 amplius
2662 1773 2814 1829 omni
2888 1783 3138 1842 tempore
3182 1788 3309 1826 cum
3360 1768 3673 1840 discipulis,

2094 1866 2240 1921 sicut
2262 1866 2441 1936 prius,
2469 1866 2564 1920 sed
2603 1866 2907 1935 derepente
2948 1865 3144 1919 adesse
3185 1863 3295 1918 illis
3326 1862 3381 1916 in
3415 1862 3539 1917 aliis
3563 1861 3679 1917 for-

2092 1957 2222 2011 mis:
2256 1972 2367 2011 non
2399 1957 2642 2028 amplius
2659 1957 2787 2012 cibo
2803 1963 2899 2011 aut
2920 1956 3128 2010 vestitu
3157 1954 3437 2025 indigere;
3467 1954 3676 2023 primas

2091 2049 2245 2103 enim
2274 2058 2459 2105 vestes
2500 2050 2708 2105 milites
2748 2049 2939 2119 partiti
2966 2056 3132 2116 sunt;
3163 2062 3287 2118 quae
3328 2046 3397 2100 ad
3428 2047 3676 2115 sepultu-

2092 2156 2208 2195 ram
2231 2141 2595 2211 spectabant,
2629 2155 2693 2197 ea
2726 2139 2955 2209 reliquit
2985 2139 3039 2193 in
3067 2146 3429 2194 monumento
3463 2146 3519 2193 et
3554 2154 3678 2191 sur-

2094 2234 2256 2289 rexit.
2295 2234 2362 2288 Et
2388 2234 2609 2304 quando
2650 2233 2944 2303 discipulis
2972 2232 3295 2302 apparebat,
3321 2231 3677 2301 colloqueba-

2094 2333 2184 2378 tur
2205 2323 2432 2393 quidem
2464 2339 2590 2378 cum
2613 2324 2719 2386 eis,
2753 2338 2866 2377 non
2894 2332 3076 2377 tamen
3112 2323 3520 2393 agnoscebatur
3550 2325 3675 2393 quis

2093 2422 2259 2478 esset,
2291 2413 2470 2469 donec
2486 2412 2816 2483 praebuisset
2842 2411 2926 2467 eis
2952 2412 3109 2483 signa
3142 2411 3290 2481 quod
3323 2422 3472 2467 esset
3520 2412 3672 2482 ipse;

2094 2505 2395 2577 aliquando
2454 2504 2681 2575 quidem
2737 2504 2977 2560 ostensis
3027 2503 3285 2559 manibus
3333 2512 3392 2558 et
3438 2505 3677 2573 pedibus

2094 2598 2265 2654 clavis
2306 2598 2606 2668 perforatis
2630 2604 2687 2653 et
2723 2597 2898 2652 latere
2924 2598 3115 2651 lance'a
3140 2596 3674 2667 aperto;aliquando

2093 2706 2228 2746 vero
2259 2700 2481 2759 sumpto
2516 2705 2641 2745 cum
2668 2690 2809 2759 ipsis
2839 2689 2986 2754 cibo,
3014 2699 3072 2744 et
3116 2697 3380 2743 renovata
3407 2690 3672 2745 memoria

2094 2780 2530 2852 comprandendi
2556 2797 2681 2836 cum
2709 2781 2792 2836 eis
2819 2791 2949 2835 ante
2969 2780 3319 2850 passionem:
3369 2780 3518 2850 quod
3548 2798 3666 2850 per-

2094 2873 2223 2928 inde
2250 2883 2391 2939 erat,
2429 2882 2492 2928 ut
2511 2872 2804 2940 sidicerct,
2837 2872 2967 2927 dum
2995 2871 3113 2926 haec
3140 2871 3372 2941 agebat:
3398 2873 3517 2941 lpse
3546 2887 3669 2926 sum

2096 2965 2208 3032 ille,
2231 2980 2394 3037 quem
2430 2966 2485 3020 in
2512 2980 2697 3021 crasso
2730 2979 2964 3034 corpore
3015 2963 3306 3018 vobiscum
3355 2972 3668 3019 versantem

2094 3067 2150 3113 et
2177 3058 2564 3113 conviventem
2586 3055 2954 3127 cognovistis;
2986 3053 3134 3124 quod
3168 3070 3319 3110 nunc
3356 3069 3559 3124 corpus
3605 3054 3675 3110 ab

2096 3149 2244 3204 omni
2271 3148 2593 3203 infirmitate
2637 3147 2875 3202 liberum
2915 3160 3069 3217 gero,
3110 3147 3418 3201 mutatione
3468 3147 3673 3202 factum

2096 3235 2420 3306 gloriosum.
2444 3235 2738 3304 Nunquam
2794 3242 2874 3287 tot
2911 3233 3188 3303 tantisque
3218 3234 3393 3305 signis
3421 3249 3481 3289 se
3504 3235 3671 3289 disci-

2093 3327 2260 3397 pulis,
2297 3326 2463 3396 idque
2495 3340 2606 3380 non
2644 3325 2720 3379 ita
2743 3324 2837 3379 diu
2865 3341 2896 3379 a
2942 3339 3002 3379 se
3053 3325 3403 3393 absentibus,
3437 3326 3672 3381 manife-

2094 3430 2241 3475 stum
2270 3418 2451 3475 facere
2480 3418 2773 3483 voluisset,
2804 3416 2915 3472 nisi
2947 3416 3181 3472 mutatio
3232 3416 3422 3473 forma:
3472 3434 3675 3489 corpus

2100 3514 2224 3585 ejus
2252 3512 2545 3567 variasset.
2597 3511 2819 3565 Etenim
2873 3510 2917 3565 si
2952 3509 3187 3564 multum
3235 3511 3502 3580 temporis
3530 3527 3672 3581 prae-

2095 3603 2336 3667 terisset,
2360 3601 2597 3657 fortasse
2643 3601 2773 3671 quis
2831 3600 3020 3655 dicere
3069 3608 3281 3669 posset,
3336 3601 3571 3655 oblitum
3612 3617 3672 3657 se

2092 3694 2276 3764 qualia
2308 3692 2773 3762 essentcorporis
2811 3691 3168 3755 lineamenta,
3212 3707 3279 3745 ex
3328 3691 3532 3761 quibus
3572 3708 3673 3749 nos

2093 3785 2240 3839 inter
2267 3800 2371 3839 nos
2400 3793 2632 3840 naturas
2667 3783 2998 3853 dignoscere
3024 3782 3303 3837 solemus:
3330 3783 3509 3838 tribus
3540 3800 3671 3840 vero

2093 3873 2292 3928 diebus
2319 3874 2510 3943 lapsis,
2539 3888 2662 3943 quae
2697 3870 2907 3926 oblivio
2932 3884 3132 3940 capere
3183 3870 3369 3939 potuit
3419 3887 3537 3935 eos,
3575 3872 3670 3941 qui

2092 3978 2205 4024 tam
2228 3967 2495 4023 diuturno
2527 3976 2774 4036 tempore
2799 3979 2929 4021 cum
2953 3979 3021 4018 eo
3043 3964 3251 4019 versati
3275 3964 3532 4019 fuerant?
3557 3966 3670 4019 Ma-

2090 4059 2353 4113 nifestum
2383 4072 2519 4127 ergo
2548 4064 2653 4121 est,
2712 4063 2770 4109 et
2811 4052 3041 4107 minime
3093 4051 3350 4117 dubium,
3400 4064 3670 4108 mutatum

2092 4165 2213 4207 esse
2241 4150 2298 4205 in
2324 4148 2641 4219 gloriosius,
2669 4163 2737 4203 ex
2769 4147 2996 4200 animali
3019 4147 3232 4200 factum
3268 4145 3673 4215 spirituale,cx

2093 4241 2312 4295 inﬁrmo
2331 4239 2576 4293 ﬁrmant.
2603 4238 2694 4293 Ait
2720 4237 3181 4307 euimApostolus
3204 4252 3219 4289 :
3242 4235 3329 4290 Ea:
3355 4233 3674 4303 infirmitate

2094 4332 2375 4400 cruciﬁxus
2401 4339 2508 4393 est,
2543 4332 2635 4385 sed
2656 4332 2780 4385 vivit
2827 4346 2891 4384 ea:
2936 4331 3133 4383 virtute
3162 4329 3229 4392 ",
3280 4343 3392 4381 non
3437 4328 3674 4395 amplius

350 4418 932 4503 .corpnshumilitatis
965 4402 1178 4480 nostrae,
1242 4423 1303 4469 ut
1342 4412 1666 4468 faciatillud
1725 4413 1990 4482 conforme
2020 4416 2067 4476 ι)
2093 4423 2237 4477 hanc
2268 4420 2652 4475 inﬁrmitatem
2703 4419 2938 4474 habens,
2991 4418 3086 4472 Εει
3119 4424 3303 4471 autem
3361 4415 3480 4469 hac
3521 4415 3672 4468 ίιιῇιι-

406 4502 614 4581 corpori
642 4508 905 4563 claritatis
926 4522 1038 4560 sua:
1073 4507 1135 4559 ".
1184 4504 1242 4559 Si
1273 4503 1443 4574 igitur
1472 4502 1876 4574 transﬁguratio
1904 4512 1988 4559 est

409 4600 642 4656 mutatio
670 4601 726 4653 in
746 4614 950 4669 corpus
973 4595 1301 4667 Spirituale;
1340 4594 1445 4649 hoc
1498 4602 1681 4649 autem
1707 4594 1989 4649 conformc

405 4703 490 4750 est
518 4691 738 4763 corpori
769 4691 961 4762 gloria:
980 4688 1192 4745 Christi
1219 4705 1232 4741 :
1262 4702 1388 4742 cum
1420 4701 1655 4758 corpore
1686 4686 1856 4756 igitur
1877 4686 1990 4756 spi-

400 4786 597 4842 rituali
632 4782 877 4840 surrexit
900 4780 1191 4847 Christus;
1219 4778 1368 4849 quod
1396 4794 1503 4834 non
1540 4787 1625 4833 est
1653 4778 1802 4832 aliud
1826 4794 1989 4848 quam

393 4877 559 4947 quod
582 4877 998 4933 seminatumest
1015 4874 1069 4928 in
1099 4871 1506 4945 ignobilitate“,
1525 4870 1623 4926 sed
1653 4871 1786 4926 illud
1809 4872 1989 4942 ipsum

411 4967 559 5037 quod
606 4968 664 5022 in
722 4967 992 5022 honorem
1044 4974 1320 5019 mutatum
1376 4971 1483 5019 est.
1546 4963 1703 5030 Quod
1764 4964 1991 5035 quidem

406 5074 614 5130 corpus
637 5074 768 5114 vere
795 5056 1020 5121 mansit,
1054 5070 1185 5111 caro
1241 5069 1374 5109 vero
1406 5054 1660 5117 minime,
1720 5069 1831 5106 non
1862 5055 1992 5124 qni-

407 5153 532 5205 dem
562 5150 711 5222 quod
738 5147 1045 5205 substantia
1074 5146 1322 5217 subjecta
1382 5144 1683 5210 interierit,
1718 5145 1813 5200 sed
1843 5145 1992 5215 quod

396 5250 549 5301 tacta
575 5244 747 5301 fuerit
786 5243 1102 5315 gloriosior.
1145 5237 1468 5295 Substantia
1503 5237 1653 5292 enim
1683 5238 1991 5293 contrarias

473 5405 517 5435 "
556 5403 759 5473 prcs.
792 5418 848 5461 ιι,
872 5400 933 5473 ﬁ.
1010 5396 1078 5473 ’ξ’
1113 5393 1316 5473 Epiros.
1340 5408 1414 5454 tv,
1456 5392 1536 5473 l5.

405 5473 495 5528 "i
550 5463 681 5530 ei».
716 5489 803 5526 xv.
853 5472 942 5525 45.
1022 5468 1062 5499 ”
1111 5465 1155 5519 Il
1204 5464 1330 5518 Cor.
1364 5478 1481 5527 xui,
1522 5463 1574 5516 ὦ.

1617 5391 1659 5423 ³⁸
1685 5399 1699 5445 l
1727 5392 1852 5447 Cor.
1894 5408 2005 5458 xm,
2036 5394 2121 5448 12.
2201 5395 2243 5426 ³⁷
2275 5395 2292 5448 Ι
2322 5395 2447 5450 Cor.
2471 5412 2559 5460 xv,
2591 5394 2679 5450 28.

2094 4512 2259 4567 mitas
2296 4526 2499 4581 corpus
2528 4507 2669 4564 illud
2696 4523 2949 4565 crassum
2997 4516 3055 4561 et
3106 4516 3389 4562 terrenum
3419 4515 3667 4559 sanetur:

2094 4618 2321 4673 corpus,
2383 4600 2532 4670 quod
2580 4608 2707 4670 post
2756 4599 2876 4654 dies
2938 4597 3310 4669 quadraginta
3363 4596 3430 4650 ad
3474 4597 3633 4651 caelus

2094 4700 2357 4762 tanquam
2389 4690 2456 4745 ad
2484 4691 2773 4762 proprium
2814 4691 3000 4745 locum
3026 4690 3282 4753 recessit,
3320 4687 3468 4743 nube
3502 4689 3606 4742 vei:
3639 4706 3649 4739 ;

2097 4783 2353 4838 vehiculo
2383 4799 2581 4838 usum:
2616 4799 2725 4837 non
2757 4783 2906 4837 enim
2925 4782 3384 4853 corpusamplius
3410 4780 3674 4835 deorsum

2095 4883 2238 4930 nutu
2273 4890 2374 4930 suo
2431 4875 2736 4940 ferebatur,
2771 4875 2918 4930 sicut
2968 4875 3156 4946 gravia
3193 4887 3430 4943 corpora
3477 4881 3675 4926 nattra

2091 4966 2372 5031 feruntur,
2404 4966 2501 5021 sed
2534 4967 2723 5036 potius
2756 4982 2882 5021 cum
2915 4966 3065 5020 nube
3098 4965 3279 5020 levius
3306 4974 3474 5028 esset,
3505 4979 3676 5032 suer

2094 5057 2269 5126 ipsam
2303 5057 2356 5111 in
2377 5057 2621 5111 sublime
2644 5057 2929 5111 sublatum
2953 5065 3060 5119 est,
3089 5066 3145 5110 ct
3167 5054 3421 5110 consedit
3445 5054 3512 5108 ad
3538 5053 3675 5107 dex-

2092 5157 2267 5201 teram
2315 5148 2411 5202 Dei
2446 5149 2647 5213 Patris,
2701 5149 2982 5217 prolectus
3029 5149 3084 5202 in
3138 5149 3363 5211 coelum,
3410 5145 3680 5216 subjectis

2090 5237 2196 5309 ipsi
2233 5241 2464 5309 aageiis,
2493 5250 2549 5296 et
2572 5241 2944 5311 potestatibus
2976 5281 2989 5305 ,
3018 5250 3072 5293 et
3118 5239 3443 5294 virtutibus.
3477 5237 3677 5292 Veniet

2761 5395 2803 5427 ³⁸
2833 5396 2967 5451 ibid.
2989 5396 3077 5450 M.
3155 5397 3198 5428 ¹⁹
3229 5395 3467 5466 Philipp.
3483 5392 3678 5457 “1,21.

1676 5577 1914 5635 ἾΛΙΚΙᾹΞ
1952 5578 2355 5637 LECTIONES.

481 5713 505 5740 ε
537 5698 827 5753 Honorum.
861 5697 1046 5765 Forte,
1085 5696 1359 5748 bonorum.

1488 5693 1506 5731 τ
1543 5692 1812 5748 Prioribus
1860 5695 2041 5751 det-itis
2072 5695 2255 5766 cbiig.,
2293 5699 2401 5761 τοῖς
2436 5699 2725 5769 πρςτέροις
2762 5700 3069 5772 ἐνέχεσθαι.
