4020 6146
329 427 462 495 i361

1030 428 1285 491 SERMO
1322 429 1373 490 Ι.
1414 454 1485 466 ·-
1515 431 1598 492 ΙΝ
1646 432 1953 494 ΤΗΑΝΞΕᾎ

2035 434 2490 497 URATIONEM
2528 437 2597 496 1).
2641 433 2716 493 N.
2756 433 2812 494 Ι.
2854 432 2915 492 C.

3458 423 3597 487 1362

329 552 515 600 autem
547 551 748 599 iterum
783 543 981 599 eodem
1001 559 1233 615 corpore
1261 545 1523 602 Christus
1545 548 1716 620 judex
1746 550 1904 605 vivo—
1934 558 1981 614 Α
2011 552 2081 606 ad
2125 567 2208 606 me
2242 553 2418 623 ipsum
2472 548 2734 626 adducam
2785 547 2853 600 ⁸³.
2888 544 3044 598 Tunc
3069 549 3128 598 et
3168 540 3380 596 inimici
3411 538 3587 610 subji-

331 650 453 690 rum
475 644 533 691 et
553 646 923 703 mortuorum,
948 637 1092 693 sicut
1115 639 1295 710 angeli
1321 638 1900 711 dixeruntdiscipulis,

331 746 457 785 cum
480 730 533 783 in
555 730 654 785 illo
676 729 745 785 ad
765 731 932 785 cmlos
962 746 1198 785 ascensu
1222 730 1589 798 mirabantur,
1613 743 1671 787 et
1702 734 1759 787 in
1783 749 1912 788 eum

333 823 713 892 aspiciebant:
753 822 882 889 Viri,
903 823 1185 893 inquiunt,
1205 822 1331 894 quid
1352 826 1508 878 statis
1527 825 1838 895 aspicientes
1859 826 1915 880 in

335 913 524 969 cretum
556 915 581 969 .9
609 916 692 969 hic
717 914 870 969 Iesus
899 917 990 986 qui
1016 922 1314 986 assumptus
1349 924 1426 969 est
1473 934 1506 970 a
1563 917 1702 971 vobis
1734 918 1787 971 in
1817 934 1920 972 coe-

339 1002 472 1069 lum,
504 1005 578 1058 sic
608 1006 795 1069 veniet,
831 1004 1276 1075 quemadmodum
1321 1005 1524 1060 uidistis
1576 1024 1694 1061 eum
1738 1024 1920 1061 ascen-

337 1094 547 1147 dentem
580 1094 635 1147 in
679 1092 866 1147 caelum
902 1093 969 1147 “.

409 1183 502 1238 IX.
552 1184 742 1254 Itaque
771 1183 974 1239 iterum
1031 1199 1159 1239 cum
1195 1200 1429 1256 corpore
1481 1186 1918 1241 resurrectionis

341 1274 541 1340 aderit,
577 1276 725 1331 sicut
762 1276 941 1348 angeli
974 1277 1151 1333 sancti
1178 1293 1313 1333 voce
1352 1294 1452 1333 sua
1478 1278 1759 1344 dixerunt,
1791 1294 1917 1333 cum

342 1382 454 1437 quo
472 1382 622 1421 nunc
649 1367 879 1437 proprio
914 1367 1064 1422 Patri
1098 1368 1376 1423 considet.
1406 1368 1521 1423 Hoc
1573 1375 1761 1423 autem
1792 1383 1918 1421 cum

343 1457 411 1513 ad
464 1460 681 1514 Patrem
717 1459 1012 1515 adduxerit
1064 1466 1279 1514 naturae
1328 1468 1533 1514 nostra:
1596 1459 1916 1530 primitias,

344 1550 513 1605 etiam
543 1551 869 1606 universum
904 1551 963 1606 in
988 1558 1165 1606 totum
1204 1548 1477 1607 adducet:
1513 1550 1785 1621 siquidem
1814 1550 1923 1606 hoc

344 1642 625 1712 promisit,
653 1658 779 1699 cum
815 1642 989 1698 dixit:
1041 1641 1174 1698 Cum
1222 1641 1489 1698 exaltatus
1538 1642 1707 1712 fuero,
1740 1659 1921 1698 omnes

2013 644 2236 699 cientur
2263 643 2367 699 sub
2385 642 2624 713 pedibus
2641 642 2783 712 ejus,
2835 636 2982 693 sicut
3002 634 3055 689 ei
3106 633 3446 704 promissum
3482 639 3587 686 est:

2017 735 2165 790 Dixit
2191 736 2341 791 enim
2374 734 2631 789 Dominus
2668 731 2896 787 Domino
2940 741 3095 782 meo:
3140 722 3274 779 Sede
3325 740 3357 776 a
3400 721 3598 776 dextris

2019 828 2173 894 meis,
2199 829 2363 882 donec
2392 842 2589 898 ponam
2630 823 2875 879 inimicos
2922 832 3039 874 tuos
3087 813 3378 872 scabellum
3410 812 3600 884 pedum

2021 930 2235 975 tuorum
2262 921 2327 975 “.
2354 920 2647 973 Ponuntur
2676 924 2863 971 autem
2894 912 3102 985 partim
3149 908 3346 972 invite,
3397 905 3601 976 partim

2023 1020 2220 1082 sponte
2254 1028 2270 1077 ;
2303 1010 2624 1066 necessario
2654 1007 2806 1064 enim
2852 1012 3077 1075 oportet
3117 1015 3310 1057 omnes
3344 1009 3604 1069 peccato—

2024 1117 2116 1157 res
2139 1100 2440 1156 sceleratos
2460 1100 2527 1154 de
2556 1108 2702 1153 terra
2726 1094 2927 1160 deleri,
2960 1102 3022 1148 ut
3066 1107 3180 1146 non
3236 1088 3475 1158 amplius
3511 1102 3606 1141 ex-

2024 1192 2245 1247 sistant.
2281 1191 2439 1245 Tunc
2468 1204 2610 1244 nova
2632 1185 2885 1242 laudatio
2912 1192 2968 1239 et
3009 1189 3315 1253 perpetuus
3364 1178 3605 1249 hymnus

2016 1298 2119 1354 per
2147 1283 2399 1338 omnium
2434 1297 2532 1336 ora
2584 1278 2948 1335 adhibebitur
2978 1273 3132 1329 Patri
3186 1281 3499 1341 temporum
3548 1277 3605 1321 et

2019 1372 2389 1439 smculorum;
2422 1380 2481 1427 et
2511 1387 2664 1425 omne
2684 1384 2821 1442 genu
2839 1370 3103 1439 ﬂectetur,
3131 1362 3441 1425 coalestium,
3500 1367 3606 1413 ter-

2020 1464 2270 1518 restrium
2294 1473 2341 1517 et
2358 1463 2691 1533 infernarum
2714 1480 2731 1528 ;
2763 1469 2811 1516 et
2834 1459 3004 1515 omnis
3036 1457 3218 1527 lingua
3244 1453 3602 1523 conﬁtebitur,

2020 1550 2159 1622 quod
2188 1550 2446 1606 Dominus
2467 1549 2620 1605 Iesus
2655 1548 2895 1605 Christus
2936 1548 2992 1600 in
3042 1545 3215 1617 gloria
3235 1551 3310 1598 est
3345 1542 3442 1596 Dei
3495 1540 3605 1595 Pa--

2023 1644 2117 1697 tris
2136 1645 2202 1696 ⁸⁸.
2232 1642 2335 1698 Cui
2366 1642 2547 1714 gloria
2573 1642 2633 1697 in
2665 1641 2867 1699 smcula
2899 1638 3250 1695 saeculorum.
3300 1634 3494 1691 Amen.

414 1752 461 1786 ³³
481 1754 607 1810 Act.
638 1771 681 1823 ι,
716 1756 804 1811 ll.
877 1756 1097 1813 "Joan.
1130 1774 1228 1823 ιιι,
1270 1756 1360 1811 52.
1437 1757 1651 1814 “Psal.
1694 1774 1802 1826 (ιιι,
1853 1759 1907 1813 1.

2064 1759 2307 1830 Philipp.
2349 1776 2412 1825 ιι,
2444 1759 2534 1826 10,
2573 1760 2677 1814 ll.‘

352 1924 3606 1966 Μ

837 2075 1179 2195 ΤΟΥ
1292 2074 1854 2193 ΑΥΤΟΥ
1991 2073 3115 2193 ΑΝΑΣΤΑΣΙΟΥ

1198 2299 1738 2440 ΛΟΓΟΙ
1863 2299 2758 2437 ΤΕΣΣΑΡΕΣ.

840 2626 1487 2721 EJUSDEM
1610 2626 2097 2720 SANCTI
2217 2630 2978 2722 ANASTASII

1097 2836 1933 2967 SERMONES

2048 2839 2856 2990 QUATUOR.

1509 3034 1802 3107 lnterprete
1825 3036 2107 3092 Francisco
2140 3037 2471 3109 Combeﬁsio.

1048 3146 1341 3217 (suum,
1368 3146 1611 3202 Veterum
1639 3147 1868 3203 Patrum
1889 3134 2246 3218 Bibliotheca,
2282 3161 2417 3207 tom.
2445 3150 2565 3218 xu,
2607 3168 2732 3224 pag.
2765 3153 2916 3223 258.)

966 3373 1189 3428 ΛΟΓΟΣ
1227 3373 1307 3426 Α’.

349 3469 457 3534 Ei;-
497 3464 612 3534 τὴν
642 3463 1249 3600 Μεταμόρέρωὲἴσῑὲἓ
1278 3463 1499 3531 Κιψίου
1525 3461 1693 3533 ἡμῶν
1728 3464 1934 3532 Ἰησοῦ

2038 3468 2103 3524 In
2157 3380 2972 3544 Transﬁgurationtzsttf:RDb:?n:ni
3026 3473 3193 3527 nostri
3216 3471 3344 3528 Iesu
3399 3470 3615 3530 Christi.

439 3645 498 3699 '0
541 3643 925 3716 φιλάνθρωπος
969 3641 1219 3712 Ἰησοῦς,
1276 3644 1563 3713 ἐπιφανεὶς
1615 3643 1693 3715 τῷ
1739 3644 1933 3716 κόσμῳ

2109 3646 2151 3700 1.
2186 3646 2467 3718 Bettignus
2497 3664 2561 3704 ac
2593 3650 2839 3704 clemens
2868 3649 3053 3714 Jesus,
3078 3649 3288 3704 bonum
3313 3664 3372 3704 se
3412 3650 3620 3705 mundo

348 3737 678 3799 διδάσκαλος
722 3735 961 3803 ἀγαθὸς,
1012 3735 1136 3788 ἐπεὶ
1174 3734 1269 3788 καὶ
1308 3734 1470 3802 Θεὸς,
1526 3730 1649 3789 εἷπε
1678 3739 1791 3799 τοῖς
1823 3754 1930 3807 μα-

353 3828 548 3901 θηταῖς
592 3824 791 3879 αὑτοῦ·
843 3824 918 3879 ΕΖ
960 3840 1053 3891 τις
1099 3822 1257 3877 θέλει
1306 3824 1501 3877 ὀπίσω
1534 3843 1654 3895 μου
1700 3826 1929 3894 ἐλθεῖν,

352 3916 807 3987 ἀπαρνησάσθω
850 3915 1100 3981 ἑαυτὸν,
1150 3914 1250 3968 καὶ
1287 3913 1485 3984 ἀράτω
1525 3917 1633 3970 τὸν
1663 3917 1933 3986 σταυρὸν

351 4009 577 4074 αὐτοῦ,
634 4007 732 4061 καὶ
783 4006 1187 4060 ἀκολουθείτω
1224 4022 1349 4074 μοι.
1395 4008 1492 4072 ’⁸ος
1520 4006 1630 4076 γὰρ
1664 4006 1742 4060 ἂν
1768 4009 1933 4062 θέλοι

350 4098 472 4169 τὴν
513 4098 727 4169 ψυχὴν
767 4097 957 4152 αὑτοῦ
999 4095 1219 4162 σῶσαι,
1255 4095 1550 4151 ἀπολέσει
1580 4098 1808 4165 αὐτήν·
1865 4100 1934 4167 ὃς

352 4190 408 4244 δ’
436 4190 514 4244 ἂν
545 4189 820 4258 ἀπολέσῃ
867 4187 983 4254 τὴν
1024 4187 1239 4258 ψυχὴν
1283 4189 1472 4244 αὐτοῦ
1520 4189 1732 4245 ἕνεκεν
1761 4191 1930 4261 ἐμοῦ,

351 4281 600 4351 εὑρήσει
626 4279 844 4349 αὑτήν.
898 4283 960 4332 Τί
990 4282 1100 4349 γὰρ
1128 4280 1432 4349 ὠφελήσει
1460 4280 1791 4350 ἄνθρωπος,
1828 4285 1935 4338 ἐὰν

350 4373 463 4427 τεν
490 4372 724 4440 κόσμον
751 4370 904 4425 ὅλον
932 4370 1224 4439 κερδήσῃ,
1262 4371 1378 4440 τὴν
1406 4371 1475 4425 δὲ
1505 4373 1719 4443 ψυχὴν
1746 4377 1935 4432 αὐτοῦ

353 4463 611 4535 ζημιωθῇ
629 4483 646 4527 ;
689 4464 723 4533 ἢ
758 4464 816 4517 τί
842 4463 1021 4518 δώσει
1051 4464 1369 4533 ἄνθρωπος
1400 4465 1799 4537 ἀντάλλαγμα
1829 4467 1936 4536 τῆς

352 4555 564 4625 ψυχῆς
593 4555 819 4622 αὐτοῦ;
854 4556 1065 4625 μέλλει
1100 4556 1210 4627 γὰρ
1245 4561 1277 4610 ὁ
1316 4560 1449 4624 Υίὸς
1478 4560 1587 4614 τοῦ
1614 4560 1933 4628 ἀνθρώπου

353 4646 637 4715 ἔρχεσθαι
669 4648 739 4700 ἐν
764 4646 837 4715 τῇ
862 4646 1011 4717 δόξῃ
1042 4649 1149 4702 τοῦ
1177 4650 1407 4717 Πατρός
1431 4651 1619 4706 αὐτοῦ
1640 4652 1795 4721 μετὰ
1818 4651 1937 4706 τῶν

352 4738 541 4806 ἁγίων
580 4737 851 4808 ἀγγέλων
897 4738 1121 4794 αὑτοῦ·
1181 4741 1313 4794 τότε
1359 4741 1662 4796 ἀποδώσει
1699 4743 1937 4811 ἑκάστῳ

354 4828 508 4882 κατὰ
530 4828 599 4883 τὰ
624 4830 767 4901 ἔργα
794 4832 1002 4885 αὐτοῦ.

2035 3746 2438 3806 praeceptorem
2472 3738 2746 3794 exhibens
2801 3738 3054 3809 (quippe
3092 3739 3187 3808 qui
3228 3739 3376 3794 Deus
3413 3742 3620 3808 pariter

2035 3829 2255 3897 esset),
2287 3826 2364 3880 ait
2396 3827 2686 3898 discipulis
2725 3828 2843 3883 suis
2879 3847 2890 3881 :
2920 3828 2977 3882 Si
3011 3829 3129 3899 quis
3164 3827 3278 3883 ruit
3300 3830 3478 3882 venire
3505 3838 3618 3898 post

2034 3916 2401 3988 me,.abueget
2428 3919 2766 3987 semetipsum
2810 3924 2858 3970 et
2902 3916 3057 3972 tollat
3086 3934 3296 3972 crucem
3345 3934 3522 3982 suam,
3569 3927 3619 3972 et

2032 4015 2291 4078 sequatur
2332 4024 2433 4062 me.
2484 4006 2543 4062 Si
2586 4008 2702 4078 quis
2741 4008 2880 4062 enim
2925 4006 3153 4062 voluerit
3193 4010 3437 4062 animam
3467 4025 3623 4062 suam

2034 4097 2240 4152 salvam
2272 4099 2469 4169 facere,
2509 4099 2700 4169 perdat
2731 4113 2870 4152 eam.
2897 4095 2957 4153 Si
2980 4098 3095 4169 quis
3120 4107 3299 4151 autem
3330 4098 3619 4168 perdiderit

2037 4192 2275 4244 animant
2316 4206 2471 4244 suam
2502 4199 2720 4261 propter
2750 4205 2854 4255 me,
2879 4189 3108 4243 inveniet
3137 4205 3279 4245 eam.
3312 4187 3451 4252 Quid
3479 4190 3621 4242 enim

2037 4281 2271 4351 proderit
2295 4281 2516 4344 homini,
2542 4281 2588 4335 si
2609 4281 2913 4335 universum
2934 4280 3190 4335 mundum
3216 4281 3475 4342 lucretur,
3502 4281 3621 4334 ani-

2037 4387 2137 4425 ma:
2165 4387 2288 4426 vero
2316 4387 2425 4426 sua:
2452 4371 2825 4427 detrimentum
2850 4372 3127 4444 patiatur?
3145 4373 3252 4427 Aut
3284 4389 3452 4443 quam,
3474 4372 3623 4425 dabit

2037 4463 2190 4514 homo
2217 4463 2683 4517 commutationem
2708 4480 2804 4535 pro
2839 4465 3024 4518 anima
3067 4464 3217 4519 sua?
3267 4463 3437 4518 Filius
3480 4464 3623 4534 enim

2037 4555 2263 4608 hominis
2290 4564 2540 4609 venturus
2572 4566 2646 4609 est
2670 4557 2725 4610 in
2754 4555 2927 4627 gloria
2955 4556 3134 4611 Patris
3158 4557 3244 4611 sui
3269 4573 3387 4610 cum
3415 4556 3619 4627 angelis

2036 4650 2145 4702 suis
2170 4665 2187 4702 :
2220 4657 2344 4701 tunc
2365 4647 2543 4701 reddet
2574 4650 2856 4721 unicuique
2880 4649 3173 4703 secundum
3198 4666 3363 4721 opera
3399 4650 3514 4720 ejus
3545 4650 3614 4705 ’°.

425 4922 499 4976 Et
526 4940 614 4990 τις
640 4925 750 4992 γὰρ
781 4925 938 4979 θέλει
970 4925 1163 4979 ὀπίσω
1186 4943 1306 4993 μου
1335 4924 1559 4993 ἐλθεῖν,
1587 4928 1934 4998 ἀπαρνησά-

2112 4917 2178 4971 ll.
2212 4914 2269 4971 Si
2316 4918 2432 4987 quis
2479 4914 2591 4970 vult
2641 4917 2817 4970 venire
2862 4925 2975 4987 post
3015 4932 3116 4982 me,
3155 4916 3376 4987 abneget
3432 4924 3618 4970 semct-

352 5014 480 5067 σθω
512 5013 733 5069 ἑαυτόν
754 5033 765 5044 ·
805 5014 1076 5079 τουτέστι,
1116 5017 1225 5068 πᾶν
1260 5015 1603 5086 ἀνθρώπινον
1635 5020 1892 5090 φρόνημα.
1917 5036 1929 5048 ·

354 5105 454 5159 καὶ
481 5105 542 5158 οὐ
575 5106 757 5176 μόνον,
789 5108 925 5161 ἀλλὰ
957 5108 1074 5172 καὶ,
1118 5108 1355 5179 Ὁμοίως
1384 5109 1536 5178 ἐμοὶ,
1577 5110 1798 5179 Ἀράτω
1831 5111 1938 5166 τὸν

353 5198 625 5266 σταυρὸν
664 5200 883 5265 αὐτοῦ,
934 5200 1028 5254 καὶ
1077 5200 1479 5256 ἀκολουθείτω
1511 5218 1638 5267 μοι.
1684 5201 1854 5255 Τοῦτο
1881 5203 1938 5256 δὲ

352 5288 449 5342 τὸν
484 5288 695 5343 Παῦλον
745 5292 811 5343 ὲκ
854 5292 960 5344 τῶν
996 5291 1172 5358 λόγων
1208 5291 1370 5344 αὐτοῦ
1417 5292 1761 5361 πεποιηκότα
1797 5311 1935 5346 κατ-

352 5381 690 5453 ειλήφαμεν·
728 5384 787 5436 οὺ
821 5385 983 5452 μόνον
1006 5386 1116 5455 γὰρ
1143 5383 1463 5454 ἐσταυρώθη
1496 5382 1573 5453 τῷ
1601 5384 1814 5454 κόσμῳ,
1839 5384 1932 5437 καὶ

349 5473 452 5528 τὸν
480 5475 686 5544 κόσμον
722 5476 903 5547 ἐαυτῷ
930 5475 1284 5545 ἐσταύρωσεν
1308 5492 1322 5506 ο
1374 5474 1509 5529 ἀλλὰ
1539 5475 1633 5528 καὶ
1661 5474 1759 5547 τὴν
1788 5476 1933 5543 ζωὴν

353 5564 531 5633 αὐτὴν
591 5567 955 5637 μετεποίησε,
1022 5568 1225 5636 μηκέτι
1272 5565 1381 5630 ζῶν
1417 5566 1614 5631 αὐτὸς,
1654 5568 1748 5619 καὶ
1787 5566 1933 5630 ἰδίως

354 5653 687 5725 κινούμενος
723 5655 755 5724 ἢ
788 5656 1028 5727 ἐνεργῶν
1052 5675 1067 5689 ·
1124 5656 1237 5710 ἀλλ’
1276 5657 1408 5725 αὐτὸ
1457 5656 1517 5709 τὸ
1553 5654 1652 5726 ζῇν
1696 5657 1934 5727 Χριστὸν

357 5739 509 5813 εἶχεν
558 5745 616 5797 ἐν
669 5745 820 5815 αὐτῷ
865 5747 1212 5817 ἐνεργοῦντα.
1280 5747 1538 5817 Παρῆκεν
1581 5746 1691 5817 γὰρ
1743 5746 1934 5799 ἑαυτὸν

433 5862 477 5895 ⁵⁸
509 5862 696 5916 Matth.
734 5880 841 5929 xw,
875 5864 1065 5918 21-27.
1144 5867 1184 5895 ’τ
1214 5864 1389 5919 Galat.
1421 5881 1490 5929 vt,
1522 5865 1604 5920 14.
1685 5865 1727 5895 ³⁸
1769 5861 2004 5932 Philipp.

2045 5010 2217 5078 ipsum
2252 5050 2267 5073 ,
2308 5009 2546 5075 hocest,
2577 5025 2799 5064 omnem
2822 5008 3125 5063 humanum
3151 5023 3374 5063 sensum
3400 5025 3414 5072 ;
3440 5023 3544 5061 nec
3566 5008 3619 5061 id

2046 5108 2283 5162 tantum,
2327 5098 2423 5152 sed
2455 5108 2511 5152 et
2539 5099 2731 5152 eadem
2764 5114 2979 5154 meeum
3019 5099 3257 5163 ratione,
3295 5096 3470 5152 Tollat
3498 5114 3592 5150 cru

2043 5206 2153 5243 rem
2189 5206 2364 5255 suam,
2392 5199 2440 5244 ct
2474 5198 2726 5259 sequatur
2771 5206 2871 5244 me.
2901 5191 3015 5244 lloc
3045 5190 3204 5259 plane
3255 5188 3621 5259 intelligimus

2041 5283 2240 5337 fecisse
2265 5283 2496 5337 Paulum
2527 5298 2594 5336 ex
2633 5285 2755 5353 ejus
2791 5282 3033 5351 scriptis.
3080 5280 3294 5335 Nedum
3330 5280 3478 5335 enim
3500 5297 3622 5333 cru-

2041 5375 2229 5443 ciﬁazus
2254 5384 2329 5429 est
2348 5377 2545 5429 mundo
2561 5377 2627 5439 ’⁷,
2648 5375 2862 5443 sibique
2889 5374 3005 5443 ipse
3023 5372 3291 5427 mundum
3311 5371 3616 5427 cruciﬁxit:

2040 5468 2135 5524 sed
2163 5476 2220 5522 et
2254 5466 2425 5521 vitam
2458 5468 2641 5537 ipsam
2696 5466 2750 5519 in
2777 5464 2940 5529 aliam
2974 5463 3228 5527 mutavit,
3263 5470 3323 5518 ut
3366 5463 3462 5533 qui
3505 5464 3619 5535 jam

2040 5561 2159 5631 ipse
2194 5576 2306 5615 non
2359 5559 2595 5620 viveret,
2656 5564 2754 5612 aut
2792 5556 2942 5611 velut
2988 5572 3019 5610 a
3074 5553 3134 5610 sé
3168 5564 3488 5610 moveretur
3532 5557 3619 5611 vel

2041 5658 2366 5722 operaretur
2390 5690 2404 5715 ,
2430 5649 2527 5705 sed
2559 5649 2738 5720 ipsum
2762 5649 2950 5703 vivere
2977 5647 3024 5678 ³⁸
3074 5646 3357 5702 Christum
3386 5647 3620 5703 haberet

2042 5743 2099 5796 in
2127 5743 2248 5812 ipso
2278 5741 2618 5811 op‘crantem.
2679 5738 2891 5810 Quippe
2941 5754 2999 5794 sc
3030 5753 3095 5795 ex
3133 5746 3247 5794 toto
3276 5739 3564 5796 dimiserat
3603 5781 3617 5806 ,

2041 5877 2077 5929 ι,
2102 5860 2197 5945 21..
