4020 6146
439 428 576 493 1303

1560 441 1618 503 S.
1651 444 2048 507 ANASTASII
2097 448 2569 513 ANTIOCHENI

3558 452 3688 520 1366

440 562 708 616 suamque
765 547 880 617 ipse
920 547 1256 603 voluntatem
1310 551 1671 622 mortiﬁcans,
1726 565 1902 612 totum
1956 574 2012 615 se

2118 563 2422 635 ὁλοσχερῶς
2441 606 2457 630 ,
2496 565 2592 618 καὶ
2627 564 2686 617 τὸ
2719 564 2849 619 ἴδιον
2876 566 3088 637 θέλημα
3118 567 3424 639 νεκρώσας,
3454 567 3529 640 τῷ
3559 571 3689 642 θείῳ

436 639 705 693 voluntati
731 639 933 694 divina-'2
955 641 1332 698 substraverat
1352 662 1365 698 :
1384 653 1550 716 atque
1578 648 1740 715 adeo,
1771 660 1832 705 ut
1874 651 2008 707 mihi

438 731 647 801 aliquid
680 733 1033 802 imponendis
1062 734 1382 790 nominibus
1413 737 1681 795 audacius
1710 757 2008 809 assumam,

436 826 610 894 magis
633 826 859 884 Paulus.
879 825 1137 882 Christus
1155 826 1425 899 dicendus
1452 841 1589 896 erat,
1606 849 1767 901 quam
1794 836 2008 891 vivens.

436 918 568 988 Ejus
601 932 835 986 namque
855 920 966 972 vita
992 918 1247 977 Christus
1272 932 1413 978 erat.
1450 925 1542 980 Sic
1563 936 1686 995 post
1720 929 1899 995 ipsum
1927 928 2009 982 ire

435 1024 498 1063 ac
523 1025 648 1063 eum
677 1011 832 1079 sequi
862 1020 1082 1082 oportet
1108 1028 1205 1069 eos
1221 1016 1453 1086 quiejus
1470 1032 1590 1072 esse
1624 1020 1840 1073 volunt.
1870 1019 2007 1074 Cum

438 1102 584 1154 enim
622 1100 693 1153 sit
737 1102 939 1171 duplex
981 1103 1237 1159 voluntas
1269 1106 1324 1159 in
1368 1107 1650 1177 plerisque
1699 1111 2003 1173 contraria,

435 1190 619 1245 divina
651 1192 861 1246 scilicet
888 1202 943 1247 et
972 1193 1235 1260 humana,
1269 1212 1373 1251 nec
1402 1200 1628 1252 omnino
1652 1199 1770 1255 fieri
1809 1203 2006 1271 possit,

435 1292 498 1335 ut
532 1283 738 1352 absque
766 1284 873 1339 illis
907 1297 1003 1339 aut
1033 1303 1223 1341 earum
1260 1289 1434 1343 altera
1468 1292 1764 1361 quisquam
1807 1294 1958 1348 vivat
1992 1312 2006 1349 :

436 1376 598 1443 plane
634 1375 714 1439 tit,
746 1386 805 1430 ut
835 1378 928 1446 qui
956 1379 1050 1432 uni
1086 1378 1278 1434 aliixus
1316 1392 1421 1445 est,
1449 1383 1518 1436 ab
1546 1385 1720 1438 altera
1761 1387 2008 1451 resiliat,

433 1474 491 1520 et
523 1478 734 1521 contra.
767 1468 869 1534 Qui
910 1470 1078 1539 igitur
1123 1472 1243 1525 vult
1270 1473 1459 1527 venire
1504 1483 1626 1543 post
1674 1476 2006 1543 Dominum,

434 1555 734 1611 humanum
753 1573 972 1612 omnem
996 1574 1217 1614 sensum
1240 1561 1420 1615 odisse
1443 1562 1637 1628 debet;
1658 1565 2010 1635 prioremque

434 1664 597 1718 quam
627 1651 783 1714 vixit,
824 1661 1171 1706 commutans
1212 1654 1379 1707 vitam
1409 1694 1423 1719 ,
1481 1667 1781 1724 sequatur;
1834 1658 1913 1712 sic
1953 1674 2011 1713 sc

438 1741 557 1811 ipse
586 1741 996 1810 quodammodo
1027 1745 1370 1813 relinquens,
1403 1761 1641 1815 suasque
1673 1764 1867 1803 omnes
1889 1749 2010 1802 ani-

434 1848 537 1886 ma:
566 1832 713 1885 vires
747 1843 1145 1888 transmutans.
1173 1834 1276 1901 Qui
1302 1836 1447 1889 enim
1470 1852 1599 1891 vere
1620 1839 1737 1892 vult
1763 1838 2010 1894 invenire

435 1936 711 1979 errantem
758 1927 901 1982 circa
958 1930 1140 1983 saieuli
1185 1930 1389 1994 inania,
1450 1932 1681 2002 ejusque
1720 1933 2012 1990 insomniis

438 2018 647 2073 similes
679 2019 940 2085 visiones,
974 2022 1215 2079 animam
1239 2038 1417 2086 suam,
1457 2024 1697 2092 primum
1733 2041 1859 2083 eam
1886 2042 2017 2096 pera

437 2108 530 2163 dat
553 2127 567 2173 ;
589 2110 736 2179 quod
762 2119 973 2180 spectat
994 2111 1065 2166 ad
1097 2113 1341 2182 priorem
1363 2115 1555 2181 vitam;
1576 2124 1803 2186 tumque
1835 2117 2011 2187 ipsam

435 2200 671 2269 quadam
726 2202 940 2257 ratione
1003 2204 1333 2262 inventurus
1370 2215 1476 2260 est.
1525 2206 1779 2272 Quandiu
1825 2220 2010 2263 autem

434 2292 694 2346 allectum
746 2293 910 2347 habet
941 2294 1008 2347 ad
1047 2296 1236 2350 mundi
1272 2297 1584 2363 materiam,
1613 2299 1809 2368 nequit
1863 2300 2013 2364 ﬂeri,

435 2393 497 2438 ut
536 2372 691 2439 suam
718 2385 772 2438 in
826 2401 933 2455 qua
959 2395 1233 2452 versatur,
1280 2388 1575 2459 dignoscat
1599 2391 2005 2461 perditionem.

434 2478 599 2532 Plane
626 2493 755 2548 ergo
782 2495 961 2548 neque
980 2483 1291 2535 necessario
1315 2493 1524 2551 quaeret
1578 2487 1850 2554 perditam
1891 2488 2015 2541 ani-

434 2584 576 2623 mam
602 2609 616 2633 ,
638 2585 816 2639 neque
840 2571 1104 2626 inveniet.
1153 2573 1626 2638 Quemadmodum
1646 2580 1792 2633 enim
1808 2580 2014 2648 duplex

432 2671 517 2715 est
538 2662 671 2725 vita,
695 2678 757 2716 ac
788 2662 990 2731 duplex
1016 2678 1165 2719 mors
1188 2682 1203 2731 ;
1226 2661 1341 2720 tum
1368 2671 1614 2737 quzeDeo
1641 2682 2013 2726 consentanee

435 2752 622 2814 habet,
657 2762 771 2807 tum
802 2770 925 2824 qua:
948 2756 1156 2810 mundo
1184 2774 1197 2809 :
1237 2760 1383 2828 quod
1409 2761 1612 2816 Paulus
1639 2772 1831 2832 aperte
1873 2763 2013 2817 dixit

433 2850 643 2911 peccato
665 2846 831 2898 vivere
869 2856 916 2899 et
937 2848 1164 2915 justitiw
1189 2851 1233 2881 ’³
1256 2851 1368 2915 ;sie
1388 2851 1593 2920 duplex
1624 2863 1708 2907 est
1734 2854 1858 2908 vita:
1881 2869 2012 2923 per-

433 2936 599 3000 ditio;
634 2939 804 2992 altera
853 2941 1077 3008 quidem
1114 2943 1393 3011 vituperio
1422 2944 1610 3015 digna,
1665 2947 1837 3001 altera
1881 2963 2013 3001 vero

433 3030 747 3084 laudabilis.
783 3032 860 3086 Ac
916 3033 1060 3088 sicut
1106 3045 1332 3103 peccato
1363 3036 1575 3101 vivens,
1629 3048 1886 3093 mortuus
1929 3049 2014 3094 est

431 3121 683 3191 iustitiae,
713 3121 786 3175 ita
810 3110 1004 3176 rursus
1034 3127 1126 3191 qui
1163 3125 1395 3193 iustitia:
1440 3127 1600 3191 vivit,
1631 3139 1891 3184 mortuus
1927 3140 2014 3185 est

2118 654 2383 728 θελήματι
2429 658 2550 711 ὅλον
2584 659 2778 712 ἑαυτὸν
2813 661 3204 732 ὑπέστρωσεν·
3268 661 3410 715 ὥστε
3464 663 3685 731 μᾶλλον,

2115 748 2202 802 ἵνα
2251 750 2531 819 τολμήσας
2574 751 3002 822 ὀνομαθετήσω,
3058 753 3299 825 Χριστὸς
3328 752 3404 806 ὢν
3428 752 3687 823 λέγεσθαι

2113 838 2206 891 τὸν
2249 840 2462 893 Παῦλον
2513 841 2754 911 μᾶλλον,
2812 844 2845 913 ἢ
2904 843 3087 907 ζῶον·
3146 848 3178 914 ἡ
3213 844 3322 916 γὰρ
3374 844 3489 915 ζωὴ
3522 845 3687 897 αὑτοῦ

2115 932 2348 1003 Χριστὸς
2373 928 2460 1003 ἦν.
2495 933 2679 997 Οὕτως
2704 935 2882 987 ὀπίσω
2906 935 3073 989 αὑτοῦ
3097 936 3427 1006 πορεύεσθαι
3450 938 3545 989 καὶ
3564 939 3689 990 ἀκο-

2114 1022 2322 1076 λουθεῖν
2373 1026 2524 1095 αὑτῷ
2568 1026 2687 1089 δεῖ,
2746 1026 2876 1089 τοὺς
2913 1025 3168 1090 θέλοντας
3199 1028 3467 1097 ὑπάρχειν
3498 1025 3685 1081 αὑτοῦ.

2114 1117 2220 1170 Δύο
2250 1119 2359 1189 γὰρ
2389 1121 2786 1190 ἀντικειμένων
2836 1121 2911 1185 ὡς
2949 1121 3016 1175 τὰ
3045 1122 3219 1174 πολλὰ
3251 1121 3571 1192 θελημάτων
3600 1120 3690 1174 6v-

2113 1227 2252 1274 των,
2308 1211 2404 1265 τοῦ
2447 1230 2507 1266 τε
2557 1213 2703 1265 θείου
2734 1214 2829 1266 καὶ
2854 1213 2947 1266 τοῦ
2974 1214 3356 1284 ἀνθρωπίνου·
3415 1212 3509 1266 καί⁵
3556 1213 3686 1267 ἄνευ

2114 1302 2341 1366 τούτων,
2374 1300 2406 1371 ἢ
2439 1303 2557 1366 ἐνὸς
2583 1302 2765 1357 αὐτῶν
2795 1304 2870 1374 μὴ
2897 1304 3252 1376 ἐνδεχομένου
3282 1303 3412 1374 ζῇν,
3441 1303 3688 1375 δηλονότι

2112 1397 2140 1447 6
2169 1393 2247 1462 τῷ
2277 1393 2358 1446 ἐνὶ
2390 1395 2784 1464 προσηλωθεὶς,
2811 1395 3041 1464 θατέρου
3066 1396 3414 1466 ἀπεστάτησε
3436 1412 3450 1424 ·
3472 1396 3569 1449 καὶ
3590 1396 3688 1466 ἔμ-

2115 1487 2297 1540 παλιν.
2362 1487 2420 1538 Ὀ
2451 1487 2618 1540 θέλων
2644 1482 2739 1541 οὑν
2770 1488 2947 1541 ὀπίσω
2978 1490 3071 1542 τοῦ
3100 1489 3307 1559 Κυρίου
3334 1487 3686 1555 πορεύεσθαι,

2118 1578 2227 1629 πᾶν
2258 1576 2602 1646 ἀνθρώπινον
2631 1576 2844 1646 θέλημα
2875 1581 3125 1647 μισήσει·
3162 1577 3259 1630 καὶ
3288 1576 3386 1646 τὴν
3413 1576 3688 1646 προτέραν

2113 1662 2230 1742 ἑνῇ
2262 1668 2417 1738 διῆγε
2450 1669 2593 1739 ζωὴν
2624 1670 2898 1740 ἀμείψας,
2936 1670 3111 1731 οὑτως
3137 1670 3525 1731 ἀκολουθείτω,
3560 1668 3690 1738 1:96-

2115 1776 2216 1812 πον
2242 1760 2365 1812 τινὰ
2394 1760 2712 1813 καταλιπὼν
2742 1760 2958 1822 ἑαυτὸν,
2995 1760 3088 1812 καὶ
3122 1759 3302 1822 πάσας
3329 1758 3428 1820 τὰς
3450 1758 3689 1827 ψυχικὰς

2120 1851 2495 1922 μεταποιήσας
2525 1850 2805 1919 δυνάμεις.
2843 1853 2904 1903 '0
2930 1850 3037 1922 γὰρ
3069 1850 3283 1919 ἀληθῶς
3312 1850 3482 1902 θέλων
3505 1851 3686 1919 εὑρεῖν

2116 1942 2213 2012 τὴν
2238 1941 2415 2013 ψυχὴν
2445 1941 2609 1994 αὑτοῦ
2642 1942 3007 2012 πλανωμένην
3050 1944 3177 2013 περὶ
3208 1943 3277 1993 τὰ
3306 1941 3402 1994 τοῦ
3433 1941 3550 2012 βίου
3579 1941 3685 2010 μά-

2114 2051 2243 2095 ταια
2263 2072 2277 2096 ,
2320 2034 2413 2088 καὶ
2445 2033 2546 2095 τάς
2573 2032 3079 2103 ὀνειρώδειςαιὸτοῦ
3104 2032 3402 2101 φαντασίας
3420 2074 3434 2097 ,
3471 2032 3690 2102 πρῶτον

2114 2124 2357 2194 ἀπολέσῃ
2403 2124 2572 2193 αὑτὴν
2623 2123 2689 2189 ἐξ
2721 2116 2788 2193 ἧς
2836 2122 3085 2192 ὑπῆρχεν
3117 2126 3177 2176 ὲν
3198 2125 3333 2193 αὑτῇ
3367 2123 3511 2192 ζωῆς
3536 2140 3552 2156 ο
3591 2124 3690 2177 καὶ

2114 2217 2341 2289 εὑρήσει
2369 2216 2541 2283 αὐτὴν
2572 2215 2672 2284 τὴν
2702 2214 2875 2285 καλὴν
2911 2215 3148 2283 εὕρεσιν.
3209 2216 3324 2283 Ἐφ’
3355 2216 3477 2268 ὅσον
3502 2214 3548 2268 δ’
3572 2214 3689 2285 ἔχει

2116 2307 2252 2375 πρὸς
2282 2306 2379 2377 τὴν
2408 2305 2540 2373 ὓλην
2566 2304 2666 2359 τοῦ
2696 2306 2906 2375 κόσμου
2938 2305 3338 2377 προσπάθειαν,
3375 2307 3434 2359 οὑ
3465 2305 3691 2360 δύναται

2114 2398 2409 2465 διαγνῶναι
2460 2398 2557 2468 τὴν
2614 2399 2671 2450 ἒν
2792 2401 2941 2452 ἐστιν
2994 2397 3292 2452 ἀπώλειαν.
3351 2399 3425 2452 Οὑ
3465 2397 3692 2467 ζητήσει

2115 2489 2356 2558 δηλονότι
2401 2490 2499 2559 τὴν
2538 2489 2921 2559 ἀπολλυμένην
2950 2489 3130 2558 ψυχὴν
3159 2490 3474 2555 ἀναγκαίως
3495 2529 3510 2553 ,
3566 2488 3690 2543 οὑδὲ

2116 2581 2362 2649 εὑρήσει.
2419 2580 2523 2632 Δύο
2571 2580 2679 2648 γὰρ
2736 2579 2923 2650 ὥσπερ
2960 2579 3101 2632 εἰσιν
3136 2580 3303 2643 ζωαὶ,
3352 2580 3447 2632 καὶ
3473 2580 3567 2631 δύο
3590 2579 3689 2633 θά-

2115 2688 2295 2724 νατοι·
2353 2670 2496 2723 κατά
2527 2687 2586 2721 τε
2620 2670 2775 2735 Θεὸν,
2814 2671 2910 2723 καὶ
2945 2670 3086 2722 κατὰ
3121 2670 3357 2738 κόσμον·
3408 2668 3486 2731 ὡς
3528 2666 3692 2722 τοῦτο

2117 2761 2305 2830 σαφῶς
2349 2761 2453 2829 ἔστι
2496 2759 2747 2825 Παῦλος,
2782 2759 2843 2812 τὸ
2887 2760 3141 2828 ἁμαρτίᾳ
3180 2758 3279 2810 καί
3332 2756 3689 2823 δικαιοσύνῃ

2117 2851 2257 2920 ζῇν·
2313 2850 2490 2912 οὕτως
2535 2850 2643 2902 εἰσὶ
2691 2849 2784 2902 δύο
2824 2848 3006 2918 ψυχῆς
3056 2848 3357 2902 ἀπώλειαι·
3418 2847 3513 2917 μία
3560 2846 3686 2915 μὲν,

2114 2943 2288 3013 ψεκτή
2316 2960 2329 2973 ·
2396 2942 2599 3011 θατέρα
2628 2941 2707 3005 δὲ,
2741 2940 3128 3009 ἐπαινουμένη.
3166 2940 3279 2992 Kal.
3306 2938 3492 3007 ὥσπερ
3521 2939 3550 2989 6
3575 2936 3691 3001 ζῶν

2115 3036 2183 3104 τῇ
2207 3033 2457 3103 ἁμαρτία
2492 3034 2555 3102 τῇ
2586 3032 2906 3101 δικαιοσύνῃ
2934 3032 3294 3101 νενέκρωται,
3333 3032 3426 3084 καὶ
3454 3028 3693 3098 ἔμπαλιν

2115 3128 2143 3179 ὀ
2174 3125 2281 3189 ζῶν
2316 3129 2383 3195 τῇ
2410 3124 2730 3193 δικαιοσύνῃ
2765 3126 2830 3193 τῇ
2863 3125 3112 3194 ἁμαρτίᾳ
3136 3124 3329 3194 νεκρός
3358 3126 3538 3176 ἐστιν·
3595 3122 3694 3177 οὖ-

432 3219 678 3281 peccato.
717 3211 797 3265 Ad
829 3212 1085 3267 eumdem
1109 3214 1355 3279 modum,
1380 3216 1473 3286 qui
1499 3219 1680 3272 carnis
1702 3220 2012 3275 voluntates

2128 3238 2232 3282 τως
2261 3219 2289 3269 ὁ
2318 3218 2636 3270 ἀκολουθῶν
2664 3219 2775 3278 τοῖς
2799 3218 2897 3285 τῆς
2935 3217 3136 3287 σαρκὸς
3162 3216 3489 3285 θελήμασιν,
3513 3216 3695 3270 ὀπίσω

434 3320 692 3373 sequens,
730 3313 851 3373 post
874 3321 1096 3360 carnem
1126 3307 1301 3372 vadit,
1336 3309 1439 3363 hoc
1476 3310 1722 3378 perdidit
1748 3313 1896 3381 quod
1929 3320 2013 3365 est

437 3396 595 3465 sequi
632 3395 947 3450 Dominum.
987 3396 1090 3463 Qui
1115 3406 1299 3452 autem
1322 3414 1546 3454 carnem
1579 3416 1642 3455 ac
1669 3402 1840 3455 vitam
1872 3401 2009 3466 odit,

437 3487 493 3542 id
524 3497 628 3553 est,
673 3488 1073 3558 perditionem,
1109 3506 1171 3543 ac
1196 3491 1403 3546 virtute
1453 3492 1629 3546 dicit:
1668 3494 1796 3548 Post
1839 3494 2010 3547 Deum

435 3592 619 3631 meum
651 3577 866 3637 vadam.
898 3578 946 3632 is
983 3578 1349 3647 perditionem
1374 3582 1755 3646 commutavit,
1791 3597 1893 3651 pro
1926 3581 2012 3635 vi-

437 3668 730 3739 tuperabili
751 3668 985 3737 adeptus
1020 3668 1376 3725 laudabilem.
1406 3671 1541 3725 Nam
1569 3672 1753 3741 perire
1783 3671 2010 3737 mundo,

435 3769 520 3815 est
552 3760 786 3814 inveniri
820 3759 970 3825 Deo;
1002 3759 1361 3829 vicissimque
1388 3759 1594 3814 mundo
1626 3761 1864 3815 inveniri
1887 3777 2013 3832 per-

438 3852 519 3906 ire
551 3860 635 3907 est
670 3852 801 3906 Deo.
826 3851 998 3920 Quam
1026 3868 1162 3907 vero
1194 3852 1329 3906 illud
1381 3853 1612 3907 stultum
1667 3854 1962 3908 consilium
1998 3895 2012 3920 ,

441 3954 501 3997 ut
523 3944 704 4012 "quis
721 3944 1046 3999 universum
1062 3944 1327 3998 mundum
1358 3945 1617 3999 inveniat
1639 3954 1736 4000 aut
1764 3947 2015 4001 lucretur

438 4035 749 4106 habeatque
772 4044 832 4090 ut
856 4036 1131 4106 propriam
1151 4035 1582 4106 possessiunem,
1611 4037 1808 4092 animae
1827 4047 2013 4092 autem

438 4145 551 4184 sum
564 4118 959 4184 detrimentum
982 4130 1242 4198 patiatur,
1257 4145 1493 4199 eamque
1508 4131 1737 4201 perdat?
1754 4130 2014 4197 Quaenam

437 4220 587 4275 enim
615 4228 699 4274 est
728 4220 924 4274 animae
949 4220 1111 4290 digna
1143 4221 1528 4284 commutatio,
1551 4230 1646 4274 aut
1676 4235 1841 4290 quam
1861 4221 2016 4276 dabit

438 4313 564 4383 quis
580 4312 1020 4381 redemptionem
1046 4329 1145 4382 pro
1169 4314 1273 4368 ea?
1303 4313 1451 4368 Nihil
1492 4314 1545 4368 in
1570 4314 1738 4368 rebus
1755 4324 2014 4368 constan-

440 4404 593 4458 tibus
623 4403 855 4457 materia
894 4403 1122 4473 aaqualis
1155 4403 1235 4457 illi
1266 4404 1429 4473 pretii
1464 4412 1568 4458 est.
1603 4404 1729 4458 Sola
1758 4404 1873 4473 ipsa
1909 4418 2012 4472 pro

440 4512 499 4550 se
524 4496 641 4549 dari
676 4504 897 4565 potest;
932 4495 1181 4563 nihilque
1216 4510 1445 4564 prorsus
1468 4494 1619 4549 aliud
1646 4512 1658 4547 :
1689 4494 1852 4548 Filius
1873 4495 2014 4547 enim

440 4587 688 4650 Itominis,
723 4582 1001 4654 accipiens
1034 4600 1062 4637 a
1094 4586 1251 4639 Patre
1277 4586 1625 4655 iudiciariam
1659 4594 2012 4657 potestatem,

380 4731 385 4736 ,
440 4686 690 4732 venturus
715 4684 811 4740 est,
831 4684 888 4729 ut
920 4678 1105 4730 reddat
1134 4679 1584 4748 unicuiquejurta
1604 4695 1763 4749 opera
1783 4696 1883 4732 sua
1929 4680 1971 4711 “
2005 4698 2017 4733 :

442 4769 663 4839 quando
692 4769 841 4821 nulla
881 4784 1002 4832 nos,
1033 4784 1225 4822 eorum
1254 4786 1377 4838 quae
1405 4786 1505 4823 nos
1526 4770 1891 4825 circumstant
1921 4771 2017 4840 ju-

443 4875 573 4915 vare
600 4869 904 4929 poterunt:
940 4860 1035 4915 sed
1073 4860 1203 4913 nnili
1236 4876 1448 4915 omnes.
1498 4877 1561 4915 ac
1600 4861 1799 4916 alienis
1846 4862 2017 4917 desti-

444 4953 544 5008 tuti
578 4954 779 5022 (porro
808 4952 984 5006 aliena
1025 4963 1154 5006 sunt
1176 4968 1295 5021 qua:
1329 4953 1472 5006 circa
1509 4967 1608 5005 nos
1632 4961 1761 5006 sunt
1795 4952 2017 5023 omnia)

442 5043 747 5099 astabimus
781 5051 908 5096 ante
956 5042 1148 5112 judicii
1187 5042 1429 5095 tribunal
1469 5042 1556 5106 ³²;
1598 5057 1662 5095 ac
1697 5041 2016 5111 aperientur

442 5135 569 5190 libri
599 5135 801 5205 quibus
822 5149 1209 5203 coarguamur,
1234 5148 1297 5185 ac
1322 5132 1525 5200 quibus
1548 5149 1718 5200 perea
1744 5148 1865 5201 quae
1888 5141 2017 5187 sunt

442 5227 793 5282 conscientia!
827 5227 1094 5294 impressa
1122 5224 1166 5254 ³³
1194 5264 1207 5286 ,
1234 5223 1409 5291 palam
1439 5224 1552 5286 liat,
1587 5240 1747 5292 quem
1778 5224 2013 5294 quisque

445 5319 628 5387 potius
665 5318 820 5387 sequi
848 5296 1126 5375 maluerit,
1176 5330 1419 5377 carnem,
1444 5330 1509 5368 an
1535 5315 1793 5383 spiritum
1819 5333 1830 5367 :
1855 5314 2011 5369 Citri-

444 5421 701 5475 stum,an
725 5407 990 5462 mundum
1016 5425 1028 5460 :
1053 5421 1217 5477 quam
1248 5405 1441 5460 anima:
1467 5406 1829 5474 perditionem
1866 5406 2019 5460 dele-

446 5503 590 5570 gerit
616 5543 630 5565 ,
663 5517 785 5557 eam
835 5516 956 5571 quae
1001 5515 1030 5553 a
1068 5500 1177 5554 Deo
1200 5540 1213 5564 ,
1242 5514 1308 5552 an
1344 5514 1463 5568 qua:
1485 5513 1512 5551 a
1538 5497 1745 5552 mundo
1778 5499 2016 5554 exsistit.

445 5594 716 5662 Tumque,
747 5592 878 5647 dum
929 5590 1194 5647 terribilis
1236 5592 1327 5645 illa
1380 5591 1840 5660 esaetissimaque
1896 5607 2023 5660 per-

450 5681 677 5753 quisitio
737 5683 849 5747 (iet,
904 5682 950 5738 is
1000 5684 1095 5754 qui
1150 5691 1461 5751 potestawm
1516 5685 1710 5750 accepit
1757 5682 2022 5751 judicium

524 5833 567 5865 ”
600 5833 756 5887 Rom.
781 5850 854 5899 vi,
881 5837 934 5890 2.
1014 5836 1056 5868 ³ο
1087 5836 1278 5890 Matth.
1314 5853 1424 5902 3m,
1456 5837 1542 5891 9.6.
1626 5839 1666 5869 '“
1706 5838 1838 5893 ibid.
1873 5841 1962 5893 ‘27.

2043 5839 2083 5870 ³³
2125 5838 2165 5891 ll
2198 5838 2323 5893 Cor.
2352 5855 2401 5902 v,
2434 5838 2513 5892 l0.

2118 3310 2321 3379 σαρκὸς
2357 3309 2648 3379 πορεύεται
2673 3347 2688 3370 ,
2740 3310 2836 3363 καὶ
2871 3310 2928 3360 ἐν
2961 3310 3212 3379 ἀπωλείᾳ
3239 3311 3356 3362 ἐστὶ
3387 3309 3489 3377 τῆς
3514 3309 3694 3362 ὀπίσω

2115 3401 2326 3469 Κυρίου
2357 3400 2691 3469 πορεύσεως.
2731 3401 2789 3453 '0
2814 3400 2869 3454 δὲ
2901 3401 2998 3469 τὴν
3028 3403 3203 3470 σάρκα
3233 3402 3494 3470 μισήσας.
3524 3400 3697 3468 ζωὴν,

2117 3490 2282 3559 ᾕτουν
2314 3488 2591 3543 ἀπώλειαν
2613 3531 2628 3554 ,
2683 3490 2778 3542 καὶ
2828 3489 3057 3559 δυνάμει
3091 3491 3297 3557 λέγων⁸
3359 3490 3569 3542 Ὀπίσω
3598 3487 3695 3541 τοῦ

2117 3577 2251 3629 Θεοῦ
2288 3594 2392 3647 μου
2429 3577 2809 3647 πορεύσομαι·
2867 3579 3104 3648 ἣμειψεν
3136 3579 3236 3650 τὴν
3265 3577 3541 3631 ἀπώλειαν
3574 3578 3696 3631 ἀντὶ

2115 3669 2213 3734 τῆς
2239 3667 2448 3739 ψεκτῆς
2466 3709 2479 3734 ,
2537 3669 2825 3722 ἐπαινετὸν
2851 3670 3217 3739 κτησάμενος.
3256 3671 3331 3722 T6
3356 3669 3466 3740 γὰρ
3496 3669 3699 3722 ἀπολέ-

2119 3759 2241 3812 σθαι
2267 3760 2479 3829 κόσμῳ,
2516 3760 2635 3829 Θεῷ
2661 3762 2809 3813 ἐστιν
2835 3761 3159 3831 εὑρεθῆναι·
3194 3761 3285 3814 καὶ
3314 3761 3374 3813 τὸ
3398 3761 3696 3830 εὑρεθῆναι

2117 3851 2326 3921 κόσμῳ,
2362 3851 2664 3904 ἀπολέσθαι
2689 3851 2810 3921 Θεῷ
2838 3854 2973 3905 ἐστι.
3013 3853 3120 3905 Καὶ
3144 3847 3258 3904 οἷόν
3282 3854 3429 3904 ἐστιν
3452 3849 3700 3921 ἀφροσύ-

2117 3960 2214 4012 νης
2249 3942 2411 4012 βουλὴ
2438 3981 2453 4005 ,
2511 3943 2572 3995 τὸ
2603 3943 2788 4012 εὑρεῖν
2820 3944 2938 3995 ὅλον
2969 3944 3058 3996 τὸν
3087 3944 3323 4012 κόσμον,
3363 3944 3397 4012 ἦ
3432 3943 3695 4012 κερδᾶναί

2116 4050 2268 4095 τινα,
2322 4033 2417 4087 καὶ
2464 4032 2608 4102 ἔχειν
2658 4033 2820 4086 αὑτὸν
2865 4032 2996 4086 ἴδιον
3042 4034 3249 4103 κτῆμα,
3304 4035 3403 4105 τὴν
3432 4035 3487 4087 δὲ
3518 4033 3697 4103 ψυχὴν

2118 4123 2285 4179 αὑτοῦ
2320 4123 2669 4194 ζημιωθῆναι
2700 4124 2793 4177 καὶ
2824 4124 3121 4189 ἀπολέσαις
3154 4125 3218 4176 Τί
3241 4126 3347 4195 γάρ
3377 4126 3493 4177 ἐστι
3514 4124 3698 4193 ψυχῆς

2119 4217 2514 4283 ἀντάλλαγμα;
2569 4216 2601 4286 ἢ
2651 4216 2703 4268 τί
2746 4215 2910 4270 δώσει
2956 4235 3044 4280 τις
3087 4218 3229 4287 ὑπὲρ
3258 4219 3428 4286 αὐτῆς
3459 4216 3698 4286 λύτρον;

2120 4308 2272 4362 οὐδέν
2318 4310 2464 4360 ὲστιν
2512 4307 2686 4375 αὐτῆς
2734 4307 2843 4359 τῶν
2877 4307 3078 4359 ὑλικῶν
3116 4309 3382 4377 ἰσότιμον.
3420 4308 3571 4377 Μόνη
3604 4305 3702 4359 δύ-

2121 4417 2278 4454 ναται
2307 4401 2473 4469 ἑαυτῇ
2505 4398 2876 4467 ἀντιδοθῆναι,
2908 4399 3002 4452 καὶ
3028 4399 3182 4451 οὐδὲν
3210 4398 3461 4467 οὐδαμῶς
3479 4398 3701 4469 ἕτερον.

2123 4491 2345 4544 Μέλλει
2376 4490 2486 4557 γὰρ
2513 4492 2544 4543 ό
2565 4489 2717 4554 Υἱὸς,
2743 4488 3038 4556 λαμϐάνων
3063 4491 3163 4558 τὴν
3190 4490 3440 4556 ἐξουσίαν
3461 4493 3562 4558 τῆς
3584 4489 3702 4557 κρί·

2126 4600 2265 4644 σεως
2318 4580 2468 4650 παρά
2517 4581 2612 4635 τοῦ
2656 4582 2899 4652 Πατρὸς,
2948 4582 3249 4651 ἔρχεσθαι,
3282 4582 3519 4647 ἑκάστῳ
3549 4583 3703 4635 κατὰ

2124 4674 2195 4726 τὰ
2237 4672 2381 4741 ἔργα
2423 4672 2610 4727 αὑτοῦ
2656 4672 2987 4726 ἀποδοῦναι
3014 4688 3027 4701 ⁶
3084 4673 3173 4726 ὅτε
3231 4672 3397 4741 μηδὲν
3431 4672 3541 4723 τῶν
3573 4671 3704 4742 περὶ

2124 4766 2271 4834 ἡμᾶς
2316 4764 2599 4833 ὠφελῆσαι
2642 4764 2792 4832 ἡμᾶς
2842 4763 3095 4816 δύναται·
3153 4763 3350 4831 γυμνοὶ
3396 4762 3453 4814 δὲ
3501 4763 3705 4822 πάντες

2124 4854 2218 4907 καὶ
2250 4853 2347 4924 ἕρη
2358 4871 2447 4923 μοι
2473 4852 2580 4907 τῶν
2606 4853 2902 4923 ἀλλοτρίων
2931 4853 3205 4922 (ἀλλότρια
3229 4853 3286 4905 δὲ
3308 4853 3375 4905 τὰ
3399 4870 3464 4906 πε
3478 4856 3529 4923 pl.
3553 4854 3705 4922 ἡμᾶς

2127 4946 2329 5015 πάντα)
2381 4946 2772 5015 παριστάμεθα
2806 4944 2883 5014 τῷ
2932 4945 3025 5013 τῆς
3059 4944 3295 5014 κρίσεως
3326 4942 3564 5012 βήματι·
3606 4943 3705 4993 καὶ

2130 5038 2303 5107 βίϐλοι
2357 5038 2665 5105 ἀνοίγονται
2724 5036 2863 5105 πρὸς
2909 5036 3132 5105 ἔλεγχον
3177 5035 3366 5105 ἡμῶν,
3418 5032 3703 5103 δηλοῦσαι,

2127 5133 2215 5186 διὰ
2261 5132 2370 5185 τῶν
2407 5134 2474 5200 τῇ
2516 5130 2818 5200 συνειδήσει
2856 5127 3262 5196 τετυπωμένων
3286 5168 3301 5191 ,
3358 5127 3466 5179 τίνι
3503 5126 3707 5195 μᾶλλον

2127 5226 2357 5286 ἕκαστος
2407 5222 2776 5292 ἠκολούθησε,
2836 5220 3000 5291 σαρκὶ
3047 5220 3080 5292 ἢ
3132 5218 3433 5288 πνεύματι,
3482 5216 3711 5289 Χριστῷ

2128 5316 2159 5385 ἢ
2192 5316 2409 5385 κόσμῳ·
2465 5315 2622 5367 ποίαν
2654 5315 2898 5384 ᾑρήσατο
2926 5311 3101 5382 ψυχῆς
3130 5309 3430 5374 ἀπώλειαν,
3464 5309 3565 5376 τὴν
3597 5306 3710 5360 άπὸ

2129 5408 2264 5460 Θεοῦ
2320 5408 2353 5477 ἢ
2406 5408 2505 5477 τὴν
2540 5406 2647 5461 ἀπὸ
2676 5405 2901 5471 κόσμου.
2962 5404 3072 5455 Καὶ
3100 5401 3304 5470 ταύτης
3335 5398 3435 5471 τῆς
3467 5399 3713 5469 φοϐερᾶς

2129 5498 2223 5551 καλ⁵
2276 5497 2680 5568 ἀκριϐεστάτης
2728 5495 3020 5563 γινομένης
3048 5493 3358 5563 ζητήσεως,
3407 5497 3435 5546 6
3469 5492 3585 5559 τὴν
3608 5491 3678 5556 ἐξ

2128 5592 2353 5645 ουσίαν
2377 5588 2582 5643 λαϐὼν
2607 5589 2721 5655 τὴν
2745 5588 2948 5654 κρίσιν
2971 5585 3185 5647 ποιεῖν,
3210 5584 3296 5638 ὅτι
3328 5586 3467 5649 Υἱὸς
3483 5582 3711 5653 ἀνθρώο

2132 5700 2247 5735 πίυ
2299 5682 2506 5745 ἐστὶν,
2569 5679 2892 5735 ἀποδίδωσιν
2943 5680 3167 5749 ἑκάστῳ
3220 5679 3375 5743 ἀξίαν
3420 5675 3714 5746 διανομήν.

2593 5837 2635 5867 ³³
2666 5837 2799 5890 Dan.
2828 5853 2921 5899 vn,
2960 5836 3042 5891 l0.
