4020 6146
315 357 455 425 1365

987 361 1245 423 sermo
1283 362 1336 423 I.
1371 386 1440 399 —-—
1473 361 1556 421 IN
1611 321 2453 421 TRANSFIGURATIONEM
2491 362 2561 422 D.
2600 362 2673 423 N.
2726 361 2784 423 J.
2825 362 2887 423 c.

3432 361 3572 428 1366

317 472 591 542 Ἔρχεται
622 472 732 544 γὰρ
761 472 831 527 ἐν
856 470 932 543 τῇ
957 473 1107 544 δόξῃ
1138 474 1245 529 τοῦ
1273 473 1505 541 Πατρός
1531 470 1721 528 αὑτοῦ
1748 471 1898 540 μετὰ

2014 471 2198 537 Γαεενιε,
2222 488 2281 527 eo
2310 472 2451 544 quod
2479 471 2646 527 Filius
2666 472 2893 527 hominis
2920 471 2989 526 sit
3020 470 3086 537 “,
3117 469 3337 541 dignam
3369 471 3572 541 cuique

314 559 436 617 τῶν
485 561 672 628 ἁγίων
716 561 987 632 ἀγγέλων
1013 602 1029 628 ,
1110 562 1223 617 τῶν
1276 560 1671 632 λειτουργικῶν
1724 559 1891 614 αὐτοῦ

316 654 679 725 πνευμάτων
711 654 898 729 οὐκέτι
929 654 1006 726 μὴ
1030 654 1169 724 ἔχων
1197 650 1409 724 εἶδος,ἢ
1438 652 1655 719 κάλλος,
1693 653 1769 717 ὡς
1798 651 1894 706 νῦν

318 746 570 815 ἐπεφάνη
622 744 702 816 τῷ
741 744 971 817 κόσμῳ,
1031 744 1150 799 ἀλλ’
1210 738 1427 814 ὡραῖος
1472 743 1689 798 κάλλει
1733 741 1896 811 παρὰ

317 836 461 902 τοὺς
490 837 659 902 υἱοὺς
691 837 812 891 τῶν
843 835 1172 905 ἀνθρώπων
1192 879 1208 904 ,
1265 836 1326 890 τὸ
1363 836 1495 890 ῐδιον
1531 835 1693 906 σῶμα
1725 850 1896 905 μετα-

324 929 558 999 ποιήσας
604 930 685 992 εἰς
728 927 1083 998 ἀφθαρσίαν*
1139 929 1236 983 καὶ
1282 928 1345 982 τὸ
1379 930 1518 998 μετὰ
1545 926 1898 989 ἀναστάσεως

323 1020 810 1091 μεταστοιχειωθὲν
833 1020 924 1074 ἐπὶ
949 1020 1011 1073 τὸ
1035 1020 1407 1091 πνευματικὸν
1439 1018 1537 1073 καὶ
1571 1016 1898 1088 ἐπουράνιον

323 1114 675 1177 ὑποδεικνὺς·
707 1114 736 1167 ὃ
765 1115 862 1169 καὶ
886 1117 1050 1185 ἡμεῖς
1079 1113 1378 1186 ἀρραϐῶνα
1404 1113 1508 1183 τῆς
1533 1110 1690 1183 ἡμῶν
1717 1109 1899 1165 αὐτῶν

328 1205 867 1277 μεταστοιχειώσεως
896 1207 991 1260 καὶ
1021 1204 1555 1276 μετασχηματισμοῦ
1582 1203 1692 1257 τῶν
1715 1201 1901 1273 σωμά-

323 1313 430 1349 των
460 1295 678 1366 ἔχομεν.
734 1297 845 1350 Kal.
880 1296 970 1350 ἵνα
1002 1297 1063 1350 τὺ
1091 1296 1298 1367 ἀφανὲς
1323 1297 1424 1365 τῆς
1451 1295 1667 1358 ἐλπίδος
1693 1291 1902 1360 ταύτης

326 1385 540 1456 ἔχωμεν
574 1388 631 1440 ἐν
661 1387 899 1458 βεϐαίῳ,
947 1387 1200 1459 βούλεται
1231 1389 1326 1442 καὶ
1354 1388 1453 1441 νῦν
1479 1387 1757 1452 ὑποδεῖξαι
1786 1388 1903 1449 τοῖς

327 1479 602 1551 ἐγκρίτοις
631 1481 739 1534 τῶν
771 1480 1054 1552 μαθητῶν,
1075 1481 1175 1553 τὴν
1204 1481 1327 1533 τότε
1352 1479 1647 1550 γινομένην
1675 1477 1904 1531 ἀλλοίω-

328 1585 433 1623 σιν.
470 1570 570 1622 Ἔν
614 1570 816 1639 ἀτόμῳ
841 1609 856 1635 ,
882 1569 1049 1638 φησὶν
1079 1570 1108 1622 δ
1129 1569 1365 1632 Παῦλος,
1400 1567 1496 1622 καί
1524 1568 1595 1621 ἐν
1613 1566 1769 1636 ῥιπῇ
1798 1568 1906 1635 όφ-

329 1660 578 1729 θανὶμοῦ.
615 1660 706 1713 Διό
735 1677 924 1732 φησιν·
971 1660 1161 1729 Ἀμὴν
1189 1658 1346 1729 λέγω
1370 1658 1542 1729 ὑμῖνο
1578 1658 1718 1712 Εἰσί
1743 1673 1905 1723 τινες

2000 561 2452 619 distributionem
2476 564 2690 620 reddet.
2717 564 2814 624 Est
2851 565 2991 619 enim
3026 572 3282 617 venturus
3317 563 3374 616 in
3397 561 3573 635 gloria

1996 654 2179 709 Patris
2198 657 2282 710 sui
2299 672 2418 711 cum
2437 658 2636 712 sanctis
2661 654 2938 727 angelis”
2956 644 3444 710 administratoriis
3465 653 3577 709 illis

1997 744 2290 815 spiritibus
2359 748 2403 782 ³⁸
2457 766 2472 802 :
2534 764 2645 803 non
2680 749 2795 820 jam
2882 746 3095 802 habens
3167 744 3412 816 speciem
3479 752 3577 799 aut

1999 832 2258 891 decorem
2297 837 2342 871 ³⁸
2377 838 2458 893 ιιιί
2492 837 2660 893 modo
2703 853 2769 894 ac
2797 837 2975 908 priori
3030 836 3276 892 adventu
3320 837 3579 907 apparuit

1999 924 2209 980 mundo
2241 945 2253 980 :
2301 928 2399 983 sed
2450 929 2714 999 formosus
2760 926 3153 1000 pulchritudine
3183 942 3296 998 pm
3327 926 3457 996 ﬁliis
3486 928 3580 982 Ito-

2000 1016 2209 1071 minum
2237 1017 2280 1050 ³⁷
2309 1035 2326 1084 ;
2379 1032 2542 1074 suum
2600 1019 2721 1089 ipse
2753 1033 2958 1090 corpus
2992 1020 3049 1074 in
3101 1018 3577 1090 incorruptionem

2000 1115 2379 1166 transmutans
2401 1128 2416 1177 ;
2451 1127 2516 1167 ac
2543 1128 2668 1168 cum
2692 1113 3108 1169 I‘BSUI‘I‘BCliODG
3152 1119 3580 1168 transmutatum

2001 1200 2139 1255 illud
2174 1196 2232 1257 in
2263 1204 2513 1274 spiritale
2553 1220 2618 1261 ac
2673 1204 2902 1261 caeleste
2935 1203 3238 1261 ostendens
3276 1222 3291 1259 :
3345 1203 3492 1275 quod
3521 1212 3582 1259 et

2004 1292 2110 1364 ipsi
2142 1295 2346 1351 futurae
2377 1305 2582 1367 nostrae
2614 1296 3185 1355 transmutationisac
3228 1294 3584 1367 transﬁgura-

2003 1385 2172 1443 tionis
2190 1402 2484 1458 corporum
2504 1389 2776 1445 habemus
2798 1389 3019 1461 pignus.
3036 1388 3216 1459 Atque
3243 1397 3306 1443 ut
3325 1389 3448 1461 ejus
3465 1389 3583 1459 spei

2004 1476 2297 1534 obscuram
2326 1479 2749 1549 promissionem
2776 1486 2996 1535 certam
3043 1478 3384 1542 habeamus,
3435 1492 3583 1533 nunc

2006 1583 2225 1640 quoque
2247 1570 2545 1641 praecipuis
2571 1572 2718 1627 inter
2748 1571 3053 1642 discipulos
3075 1569 3322 1625 futuram
3355 1569 3409 1624 id
3443 1576 3583 1625 tem-

2006 1662 2160 1732 poris
2198 1662 2559 1719 mutationem
2602 1664 2905 1720 ostendere
2959 1665 3016 1719 in
3064 1662 3310 1719 animum
3348 1662 3581 1718 inducit.

326 1748 446 1803 τῶν
490 1743 606 1803 ὧδε
651 1746 928 1804 ὲστώτωνῖ
962 1790 978 1813 ,
1032 1751 1253 1816 οἵτινες
1302 1751 1375 1803 οὐ
1442 1747 1529 1818 μὴ
1572 1749 1904 1818 γεύσωνται

2014 1754 2074 1809 1η
2098 1763 2381 1820 momento,
2410 1756 2594 1826 inquit
2612 1756 2835 1822 Paulus,
2863 1755 2916 1811 in
2948 1756 3070 1810 ictu‘
3092 1755 3232 1810 oculi
3269 1754 3335 1809 ".
3369 1753 3585 1809 Idcirco

327 1843 587 1897 θανάτου
609 1883 624 1905 ,
674 1843 783 1907 ἕως
823 1842 901 1897 ἂν
937 1842 1110 1897 ιδωσι
1140 1842 1249 1896 τὸν
1282 1842 1419 1896 Υίὸν
1448 1841 1554 1896 τοῦ
1584 1839 1899 1908 ἀνθρώπου

326 1935 657 2003 ἐρχόμενον
701 1935 770 1987 ἐν
816 1933 894 2003 τῇ
931 1935 1223 2001 βασιλείᾳ
1257 1933 1469 1990 αὑτοῦ.
1505 1933 1629 1997 Πῶς
1656 1933 1713 1987 δὲ
1742 1933 1905 1988 τοῦτο

328 2024 623 2094 γεγένηται
650 2036 655 2037 ’
680 2026 941 2098 εἰσόμεθα
974 2028 1039 2080 ἐκ
1064 2025 1174 2080 τῶν
1203 2024 1353 2097 ἑξῆς.

397 2212 511 2266 Καὶ
557 2211 795 2282 ἐγένετο
840 2215 972 2283 μεθ’
1009 2213 1236 2285 ἡμέρας
1284 2212 1355 2277 ἐξ
1379 2250 1395 2276 ,
1452 2211 1906 2282 παραλαμϐάνει

328 2307 363 2358 ὀ
390 2304 631 2371 Ἰησοῦς
661 2305 769 2358 τὸν
796 2307 1041 2374 Πέτρον,
1075 2306 1175 2361 καί
1206 2305 1314 2360 τὸν
1349 2305 1641 2369 Ἰάκωϐον,
1673 2305 1771 2359 καί
1796 2304 1906 2358 τὸν

341 2392 629 2463 Ἰωάννην
653 2398 761 2449 τὸν
784 2397 1055 2466 ἀδελφὸν
1079 2398 1293 2452 αὐτοῦ’
1327 2398 1424 2453 καί
1449 2396 1659 2466 ἀνάγει
1682 2396 1907 2463 αὐτοὺς

327 2490 418 2551 εις
456 2488 594 2553 ὄρος
630 2489 880 2556 ὑψηλὸν
911 2490 1226 2556 κατιδιάν,
1278 2488 1381 2543 καὶ
1423 2488 1906 2558 μεταμορφωθεὶς

329 2578 362 2632 ὁ
401 2578 629 2645 Ἰησοῦς
677 2580 1021 2647 ἔμπροσθεν
1059 2580 1278 2634 αὐτῶν.
1316 2580 1593 2649 "Elaﬁum
1622 2578 1689 2632 τὸ
1714 2580 1906 2646 πρόσε-

304 2683 496 2739 ¹ωπον
528 2671 716 2723 αὐτοῦ
749 2671 830 2736 ὡς
863 2671 1056 2739 ἥλιος.
1121 2671 1197 2725 Τὰ
1228 2669 1298 2724 δὲ
1328 2669 1527 2739 ἱμάτια
1555 2669 1743 2723 αὐτοῦ
1779 2666 1907 2738 ἐγέ-

328 2777 511 2814 νοντο
536 2762 727 2814 λευκὰ
758 2763 835 2825 ὡς
866 2761 1030 2830 χιών.
1066 2762 1177 2816 Καὶ
1210 2761 1340 2814 ιδοὺ
1374 2761 1671 2829 ὠφθήσαν
1697 2758 1906 2826 αὐτοῖς

329 2854 597 2922 Μωῦσῆς
643 2854 743 2907 καί
789 2856 999 2919 Ἠλίας
1044 2854 1514 2920 συλλαλοῦντες
1544 2852 1728 2919 αὐτῷ.
1769 2850 1906 2905 Τοὺ-

330 2961 441 2998 των
474 2945 534 2997 οὑ
561 2945 732 3013 ψιλῶς
759 2946 1055 3000 ἀκουστέον
1077 2962 1093 2979 ο
1148 2946 1271 2999 οὑδὲ
1308 2950 1473 3017 μέχρι
1501 2945 1611 2998 τῶν
1643 2944 1907 3016 ῥημάτων

332 3038 618 3107 νομιττέον
664 3034 807 3091 εἶναι
838 3038 937 3110 τὴν
968 3040 1235 3110 ἱστορίαν,
1272 3037 1425 3107 αὑτῷ
1462 3037 1608 3109 μόνῳ
1660 3038 1685 3078 ⁸
1714 3035 1908 3106 δηλοῦν

2012 1845 2090 1898 ait
2120 1860 2133 1897 :
2166 1843 2334 1898 Amen
2361 1844 2477 1899 dico
2499 1845 2660 1909 vobis,
2693 1853 2815 1899 sunt
2838 1844 3058 1916 quidam
3087 1842 3151 1897 de
3182 1844 3262 1898 hic
3298 1842 3582 1907 stantibus,

2009 1936 2100 2003 qui
2129 1951 2235 1988 non
2289 1935 2575 2006 gustabunt
2616 1944 2861 2003 mortem,
2912 1935 3078 1990 donec
3126 1935 3342 1989 videant
3389 1931 3585 1988 Filium

2008 2026 2235 2080 hominis
2263 2026 2553 2081 venientem
2585 2028 2642 2081 in
2670 2041 2830 2097 regno
2860 2042 2956 2081 suo
2991 2025 3059 2080 ³³.
3113 2022 3222 2092 Qui
3261 2030 3446 2080 autem
3479 2022 3587 2078 hoc

2009 2126 2223 2189 gestum
2256 2118 2349 2183 sit,
2382 2118 2759 2188 intelligemus
2791 2133 2861 2173 es
2889 2117 3275 2189 sequentibus.

2081 2210 2174 2266 IlI.
2211 2209 2281 2264 Et
2309 2211 2509 2280 factum
2530 2219 2605 2265 est
2624 2218 2741 2283 post
2764 2212 2874 2266 dies
2896 2226 2991 2267 sea:
3015 2227 3034 2266 :
3057 2211 3280 2267 assumit
3303 2208 3458 2275 Iesus
3488 2208 3590 2265 Pe-

2011 2306 2173 2365 trum,
2225 2307 2274 2352 et
2323 2298 2581 2354 Iacobum
2614 2339 2630 2366 ,
2677 2307 2726 2354 et
2745 2298 3010 2354 Joannem
3048 2284 3273 2371 fratrem
3321 2298 3436 2369 ejus
3470 2337 3487 2364 ,
3534 2306 3591 2353 et

2011 2392 2156 2445 ducit
2181 2390 2303 2445 illos
2332 2393 2385 2444 in
2410 2400 2640 2445 montem
2672 2389 2935 2445 excelsum
2964 2406 3225 2455 seorsum,
3266 2398 3316 2445 et
3362 2386 3586 2458 transﬁ-

2011 2494 2232 2556 guratus
2257 2493 2331 2537 cst
2371 2491 2495 2538 ante
2526 2500 2632 2538 eos.
2660 2482 2730 2537 Et
2766 2482 3093 2553 resplenduit
3120 2479 3283 2553 facies
3301 2482 3414 2553 ejus
3436 2481 3589 2555 sicut

2010 2575 2092 2631 sol
2119 2593 2137 2630 :
2176 2577 2485 2630 vestimenta
2508 2577 2624 2645 ejus
2660 2575 2804 2645 facta
2836 2580 2961 2628 sunt
3005 2572 3130 2628 alba
3175 2574 3312 2628 sicut
3350 2571 3466 2627 nix.
3517 2569 3589 2626 Et

2012 2685 2126 2724 ecce
2149 2676 2515 2738 apparuerunt
2545 2668 2618 2721 eis
2646 2666 2849 2738 Moyses
2891 2673 2942 2720 et
2971 2665 3124 2720 Elias
3161 2653 3430 2736 loquentes
3468 2657 3590 2720 cum

2013 2777 2072 2814 eo
2102 2760 2170 2813 ⁸ο.
2223 2759 2344 2814 Non
2394 2766 2525 2813 sunt
2564 2744 2696 2813 haec.
2730 2773 2854 2827 quae
2881 2757 3061 2813 levius
3089 2756 3275 2812 audiri
3305 2756 3588 2823 debeant,

2014 2863 2118 2904 nec
2146 2847 2452 2918 putandum
2483 2846 2623 2901 nihil
2645 2847 2792 2902 ultra
2824 2861 2991 2917 quam
3009 2840 3158 2916 quod
3176 2844 3358 2901 .verba
3384 2844 3587 2916 pmfe-
3660 2891 3678 2905 .

2015 2951 2148 2996 runt
2166 2942 2372 2996 habere
2388 2940 2700 3004 historiam,
2722 2940 2774 2994 id
2793 2948 3007 2995 tantum
3026 2939 3426 3012 signiﬁcantem
3440 2936 3589 3009 quod

2012 3048 2113 3104 per
2141 3048 2308 3088 voces
2328 3033 2649 3104 designatur
2669 3049 2682 3085 :
2700 3032 2795 3087 sed
2821 3033 2996 3104 magis
3013 3032 3361 3088 arcaniorem
3393 3044 3591 3100 quam-

335 3144 436 3183 σαν
489 3130 552 3181 τὸ
599 3129 931 3199 δηλούμενον
987 3130 1075 3185 διὰ
1122 3132 1232 3185 τῶν
1280 3129 1520 3197 λέξεων·
1593 3129 1731 3182 ἀλλά
1785 3146 1907 3183 τινα

2016 3124 2140 3178 dam
2177 3124 2486 3178 doctrinam
2519 3164 2534 3189 ,
2579 3138 2644 3178 ac
2673 3123 2835 3178 nobis
2856 3132 2984 3193 post
3012 3123 3182 3195 hujus
3211 3122 3341 3178 vitae
3367 3134 3593 3176 cursum

338 3222 731 3290 μυσταγωγίαν
760 3222 1132 3294 διῃρημένην,
1168 3223 1262 3276 καὶ
1292 3222 1402 3275 τῶν
1436 3219 1742 3290 μελλόντων
1773 3221 1906 3290 ἡμῖν

336 3310 578 3380 ὑπάρξαι
611 3306 747 3380 μετὰ
773 3312 921 3365 τόνδε
948 3313 1063 3383 βίον
1089 3311 1207 3365 τῶν
1220 3311 1442 3382 ἀγαθῶν
1463 3309 1561 3382 τὴν
1582 3310 1903 3362 ἀπόλαυσιν·

339 3405 540 3474 μᾶλλον
585 3405 641 3459 δὲ
683 3409 796 3469 τοῖς
844 3407 1057 3473 ἁγίοις,
1108 3406 1203 3458 καὶ
1247 3404 1346 3475 οὑχ
1383 3405 1536 3472 ἡμῖν.
1568 3402 1732 3456 Ὅθεν
1770 3401 1910 3471 μετὰ

337 3495 396 3560 ἐξ
425 3496 640 3566 ἡμέρας
674 3498 772 3567 τῆς
804 3498 1157 3566 ὑποσχέσεως
1189 3496 1288 3567 τὴν
1318 3495 1655 3564 ἐπαγγελίαν
1685 3494 1909 3565 πληροῖ,

337 3584 436 3655 τὴν
467 3586 601 3654 πρὸς
630 3589 756 3649 τοὺς
787 3587 1035 3656 μαθητὰς
1064 3586 1386 3656 εἰρημένην.
1440 3586 1504 3639 Ἡ
1533 3587 1577 3639 δ’
1607 3584 1912 3657 ὑπόσχεσις

337 3672 440 3747 ἦν,
474 3678 557 3729 ὅτι
592 3677 758 3744 Τινὲς
787 3679 909 3731 aiat
935 3677 1058 3730 τῶν
1088 3671 1204 3731 ὧδε
1233 3676 1542 3742 ἑστώτων,
1578 3677 1801 3743 οἵτινες
1835 3679 1909 3731 οὐ

334 3768 421 3838 μὴ
462 3768 795 3835 γεύσωνται
845 3768 1105 3825 θανάτου
1125 3812 1140 3837 ,
1200 3770 1311 3836 ἕως
1345 3769 1422 3824 ἂν
1456 3771 1629 3824 ῑδωσι
1660 3770 1775 3837 τὴν
1797 3769 1913 3834 ,ϐα-

339 3859 580 3913 σιλείαν
628 3860 736 3913 τοῦ
781 3861 967 3927 Θεοῦ,
1023 3862 1089 3933 ην
1136 3863 1217 3914 δεῖ
1269 3862 1406 3933 μετὰ
1453 3862 1555 3932 τὴν
1598 3862 1912 3915 συντέλειαν

338 3951 434 4003 τοῦ
502 3952 807 4022 παχυτέρου
866 3953 1072 4022 κόσμου
1133 3953 1541 4024 φανερωθῆναι,
1618 3955 1710 4006 Διὸ
1775 3955 1914 4023 μετὰ

340 4039 398 4107 ἐξ
430 4042 644 4111 ἡμέρας
668 4082 682 4105 ,
744 4043 1053 4113 παρέλαϐεν
1102 4045 1348 4108 ἐκείνους
1369 4085 1384 4110 ,
1440 4044 1534 4106 οὒς
1566 4044 1673 4098 ἔδει
1706 4046 1912 4115 γνῶναι

338 4129 406 4182 τὰ
440 4131 688 4200 θειότερα
735 4131 837 4199 τῆς
873 4131 1147 4201 βασιλείας
1184 4135 1466 4204 μυστήρια
1512 4135 1640 4203 πρὶν
1677 4134 1912 4189 θανάτου

338 4221 660 4289 γεύσασθαι.
695 4225 847 4277 Μετὰ
872 4224 927 4276 δὲ
955 4226 1054 4288 τὰς
1076 4225 1154 4290 ἓξ,
1185 4226 1218 4296 ἡ
1246 4227 1448 4297 ἑϐδόμη
1479 4228 1647 4293 ἐστὶν,
1680 4229 1712 4300 ἡ
1742 4230 1914 4282 κατάο

341 4328 540 4375 παυσις
574 4315 605 4383 ἡ
637 4314 790 4381 ἁγία,
829 4309 945 4390 ἐνῇ
977 4316 1078 4368 οὐκ
1105 4315 1253 4368 ἐστιν
1283 4317 1643 4386 ἐργάσασθαι.
1686 4319 1909 4392 Ἐπειδὴ

339 4403 399 4456 ἐν
450 4403 508 4468 ἐξ
550 4406 787 4475 ἡμέραις
837 4408 1096 4477 ἐποίησεν
1153 4411 1180 4462 ὁ
1224 4408 1359 4472 Θεὸς
1414 4408 1506 4462 τὸν
1548 4410 1776 4481 οὐρανόν
1815 4411 1912 4465 καὶ

2017 3215 2389 3285 repositorum
2412 3214 2688 3269 bonorum
2723 3213 3047 3269 fruitionem
3068 3253 3083 3278 ,
3115 3211 3254 3283 quin
3290 3211 3404 3267 imo
3428 3224 3595 3281 repo-

2016 3307 2252 3362 sitorum
2291 3307 2520 3370 sanctis,
2578 3320 2688 3361 non
2722 3305 2906 3360 nobis.
2942 3304 3236 3372 Quocirca,
3278 3310 3402 3373 post
3444 3302 3594 3357 diem

2017 3407 2235 3454 sextum
2264 3414 2292 3453 a
2328 3398 2718 3470 promissione,
2741 3397 3176 3467 promissionem
3204 3395 3396 3464 implet
3428 3408 3594 3463 quam

2017 3492 2087 3548 ad
2118 3490 2420 3561 discipulos
2448 3490 2688 3545 dixerat.
2719 3491 2851 3544 Erat
2888 3498 3073 3543 autem
3122 3486 3215 3541 illa
3264 3484 3537 3557 ejusmodi
3576 3501 3592 3541 :

2017 3584 2387 3655 Suntquidam
2409 3584 2472 3636 de
2491 3584 2573 3637 hic
2601 3581 2891 3643 stantibus,
2915 3582 3005 3652 qui
3023 3564 3432 3650 non’gustabunt
3451 3592 3596 3631 mor-

2018 3683 2143 3741 tem,
2188 3675 2353 3729 donec
2374 3676 2587 3729 videant
2608 3689 2829 3744 regnum
2843 3672 2939 3726 Dei
2970 3671 3015 3704 “
3040 3689 3056 3738 ;
3084 3668 3232 3740 quod
3253 3677 3379 3738 post
3419 3666 3595 3723 crassi

2018 3768 2188 3839 hujus
2206 3767 2399 3821 mundi
2422 3765 2957 3821 consummationem
2983 3771 3203 3834 oportet
3230 3760 3593 3816 manifestari.

2020 3860 2367 3929 Quapropter
2391 3866 2513 3927 post
2543 3857 2662 3910 dies
2689 3871 2785 3910 sex
2806 3869 2902 3910 eos
2929 3852 3250 3922 assumpsit,
3275 3866 3418 3922 quos
3450 3848 3595 3904 divi-

2022 3953 2179 4007 niora
2219 3949 2373 4020 regni
2404 3948 2666 4019 mysteria
2698 3946 2842 4001 scire
2874 3944 3205 4015 oportebat,
3236 3942 3395 4013 prius
3427 3954 3595 4010 quam

2021 4050 2309 4115 gustarem
2330 4046 2587 4094 mortem.
2620 4039 2820 4100 Porro,
2843 4044 2967 4106 post
2996 4043 3206 4091 sextam
3232 4034 3379 4088 diem
3410 4031 3599 4103 sequi-

2026 4146 2114 4190 tur
2146 4134 2401 4204 septima,
2433 4139 2623 4186 sancta
2656 4131 2747 4184 illa
2773 4130 2997 4199 requies
3027 4128 3082 4182 in
3113 4142 3221 4198 qua
3244 4125 3462 4196 operari
3485 4139 3596 4179 non

2023 4227 2199 4282 licet:
2233 4224 2382 4295 quod
2438 4221 2701 4276 nimirum
2754 4220 2898 4274 Dens
2942 4219 3141 4274 diebus
3193 4217 3344 4272 senis
3392 4215 3594 4270 omium

2022 4327 2083 4373 et
2113 4326 2312 4371 terram
2342 4314 2635 4377 creaverit,
2688 4312 2893 4380 dieque
2924 4310 3158 4380 septima
3202 4305 3543 4377 requieverit
3572 4344 3589 4369 ,

2027 4420 2261 4477 eamque
2287 4403 2735 4462 sanetillcarerit.
2763 4401 3133 4468 Quamobrem
3161 4401 3336 4469 prima
3354 4396 3442 4451 die
3457 4410 3597 4451 con-

339 4490 438 4563 τὴν
469 4495 607 4564 γῆν·
669 4498 764 4550 καὶ
813 4501 880 4567 τῇ
925 4499 1130 4570 ἐϐδόμῃ
1181 4499 1517 4564 κατέπαυσε,
1555 4502 1651 4553 καὶ
1680 4502 1907 4572 ἡγίασεν

2028 4500 2150 4569 tigit
2169 4496 2466 4568 promissio
2494 4513 2506 4549 :
2532 4494 2838 4562 eademque
2853 4492 3055 4546 iterum
3077 4489 3251 4560 prima
3272 4483 3595 4557 promissio-

341 4584 531 4652 αὑτήν.
566 4585 727 4637 Ὥστε
761 4588 826 4655 τῇ
860 4585 1049 4657 πρώτῃ
1079 4588 1304 4654 γέγονεν
1329 4586 1658 4655 ὑπόσχεσιςο
1695 4588 1727 4656 ή
1762 4585 1911 4658 πρώ-

341 4690 409 4742 τη
435 4674 464 4714 h
499 4675 660 4728 πάλιν
693 4677 725 4744 ἡ
759 4668 859 4744 τῆς
889 4679 1239 4747 ὑποσχέσεως
1266 4678 1567 4748 πλήρωσις.
1623 4676 1916 4748 Σύστοιχος

342 4763 436 4818 οὖν
467 4766 614 4820 ἐστιν
643 4769 669 4820 ό
708 4767 768 4832 ἓξ
798 4769 1030 4837 ἀριθμὸς
1070 4769 1149 4838 τῷ
1179 4771 1474 4841 παχυτέρῳ
1500 4771 1692 4841 κόσμῳ
1717 4771 1912 4842 τούτῳ,

343 4856 403 4918 ὃς
439 4858 853 4927 συντεθειμένος
899 4860 964 4911 ἐκ
993 4858 1101 4912 τῶν
1134 4860 1280 4913 ἰδίων
1306 4860 1532 4930 ἡμερῶν
1563 4863 1917 4933 συμπληροῦ-

344 4964 457 5008 ται,
483 4951 751 5015 γενέσεως
776 4949 851 5002 ῶν
878 4950 1169 5020 σύμὸολον,
1196 4950 1335 5021 ἔχων
1360 4953 1417 5004 δὲ
1445 4954 1504 5005 ἐν
1532 4954 1712 5025 ἐαυτῷ
1738 4956 1797 5007 τὸ
1820 4954 1919 5026 ἇρο

347 5040 444 5109 ῥεν
472 5040 566 5090 καὶ
596 5038 656 5092 τὸ
678 5040 836 5109 Θῆλυ,
869 5035 943 5094 ὧν
971 5043 1005 5113 ἠ
1033 5042 1326 5113 συμπλοκὴ
1353 5044 1619 5113 ποιεῖτὴν
1646 5046 1709 5096 ἐκ
1734 5045 1919 5114 σωμὰο

345 5144 453 5180 των
482 5129 719 5195 γένεσιν.
754 5132 910 5185 Μετὰ
937 5132 995 5184 δὲ
1051 5134 1257 5186 τούτων
1287 5135 1498 5201 γένεσιν
1529 5133 1693 5205 [μετᾶ
1720 5135 1776 5187 δὲ
1803 5134 1926 5187 τοὺ-

2021 4586 2110 4642 nis
2129 4586 2237 4640 fuit
2264 4585 2534 4654 impletin.
2563 4583 2828 4639 Senarius
2861 4596 2992 4652 ergo
3015 4577 3484 4656 numerus'allinis
3513 4584 3599 4631 est

2021 4678 2284 4734 crassiori
2341 4677 2432 4731 isti
2486 4675 2715 4738 mundo,
2742 4674 2836 4743 qui
2872 4673 3239 4743 compositus,
3300 4685 3368 4725 ex
3395 4667 3596 4723 diebus

2021 4770 2265 4841 propriis
2293 4768 2630 4839 completur,
2666 4764 3042 4837 generationis
3069 4764 3343 4819 exsistcns
3377 4762 3599 4834 symbo-

2022 4861 2160 4925 lum,
2187 4876 2253 4915 ac
2284 4860 2340 4914 in
2370 4875 2430 4914 se
2460 4859 2673 4913 habens
2700 4872 2908 4911 marem
2940 4872 3005 4911 ac
3036 4855 3322 4919 feminam,
3357 4868 3595 4924 quorum

2025 4967 2354 5022 congressus
2376 4964 2674 5020 corporum
2703 4947 3118 5017 generationem
3148 4945 3297 5000 iacit.
3335 4945 3465 5001 Post
3495 4943 3599 4997 ho-

2026 5059 2148 5100 rum
2191 5052 2374 5098 autem
2402 5023 2816 5114 generationem
2844 5040 3031 5095 veniet
3054 5039 3319 5107 deinceps
3344 5036 3601 5106 septima,

2027 5136 2081 5190 in
2119 5151 2230 5206 qua
2262 5152 2355 5189 nec
2383 5136 2602 5199 nubent,
2663 5151 2755 5189 nec
2779 5133 2993 5187 tradent
3022 5130 3212 5202 nuptui
3243 5169 3259 5193 ,
3298 5127 3395 5182 sed
3440 5131 3598 5180 erunt
3706 5156 3707 5159 η

345 5216 482 5288 των]
521 5217 741 5288 ἔρχεται
772 5222 898 5291 ἐξῆς
932 5224 965 5292 ἡ
1017 5223 1253 5293 ἑϐδόμη,
1290 5225 1361 5277 ἐν
1387 5219 1428 5296 ᾗ
1457 5224 1596 5278 οὔτε
1625 5225 1907 5293 γαμοῦσι»

2024 5230 2159 5281 sicut
2185 5226 2361 5298 angeli
2390 5226 2483 5280 Dei
2511 5228 2566 5280 in
2599 5225 2726 5281 caelo
2766 5227 2831 5279 δ’.
2868 5223 3026 5280 Unde
3051 5222 3217 5276 etiam
3251 5214 3604 5285 septenarius

348 5307 489 5361 οὔτε
531 5309 882 5379 γαμῐζουσιν
904 5354 918 5378 ,
974 5314 1113 5369 ἀλλ’
1165 5315 1246 5380 ὡς
1291 5316 1538 5386 ἄγγελοι
1568 5316 1717 5371 Θεοῦ
1749 5318 1818 5369 ἐν
1846 5317 1907 5383 ι·ιὶ

2027 5331 2293 5372 numerus
2324 5316 2481 5388 virgo
2527 5316 2768 5380 dicitur;
2821 5328 2884 5367 ac
2917 5313 3037 5366 dies
3078 5307 3333 5378 septima,
3385 5311 3597 5367 sancta,

509 5450 664 5538 Joan.
686 5482 741 5529 ν,
776 5447 863 5538 ΞΖ
904 5468 970 5499 ⁸⁸⁸
998 5468 1186 5524 Matth.
1222 5488 1329 5538 xw,
1353 5471 1442 5527 27.
1523 5473 1569 5506 ³⁸
1611 5472 1784 5528 llebr.
1819 5489 1856 5534 ι,
1890 5474 1907 5526 l

2051 5473 2093 5505 ³⁸
2133 5473 2237 5529 lsa.
2289 5487 2401 5534 Lm,
2427 5470 2480 5526 Ξ.
2515 5470 2557 5502 ³⁷
2590 5468 2736 5524 Psal.
2763 5478 2904 5531 XLIV,
2954 5466 3006 5520 5.
3034 5463 3079 5497 ⁸⁸
3110 5462 3141 5517 l"
3163 5457 3293 5518 Cor.
3356 5473 3450 5525 xv,
3508 5456 3600 5513 52.

354 5532 397 5565 "
427 5532 613 5588 Matth.
648 5551 757 5601 xw,
796 5536 885 5591 28.
951 5538 996 5570 ⁸ο
1019 5539 1211 5596 Matth.
1262 5532 1390 5608 xvu,
1424 5544 1530 5599 1-5.

1613 5545 1654 5574 ⁸⁸
1688 5543 1877 5597 Matth.
1919 5559 2027 5608 xvr,
2066 5542 2156 5598 28.
2227 5542 2272 5573 ⁸²
2306 5541 2495 5596 Matth.
2537 5554 2664 5602 xx",
2703 5538 2784 5595 50.

1627 5679 1870 5735 VAlllAB
1913 5677 2317 5736 LECTIONi-ZS.

435 5770 489 5846 σε
514 5767 679 5835 Αὐτῷ
706 5770 887 5838 μόνῳ.
917 5770 1046 5841 Leg.
1075 5772 1207 5826 αὐτὸ
1237 5774 1414 5842 μόνον.

1512 5775 1541 5814 ιι
1592 5774 1653 5829 Ἠ
1689 5774 1906 5843 πρώτη.
1932 5774 2114 5838 Forte,
2143 5775 2204 5843 τῇ
2236 5770 2445 5843 πρώτῃ.
