4020 6146
454 343 587 408 1367
1578 361 1637 420 s.
1680 362 2076 424 ANASTASII
2116 364 2587 428 ANTIOCHENI
2924 351 2955 361 ”
3038 356 3054 380 ³
3568 360 3700 424 1368

448 472 569 526 quae
588 456 655 510 ah
684 457 833 512 omni
858 475 1025 530 opere
1047 463 1233 518 servili
1268 475 1488 535 prmstet
1520 484 1760 538 cessare,
1796 489 1990 529 omnes

2122 476 2357 545 οὐρανῷ
2401 479 2542 531 εισι.
2601 476 2693 529 Διὸ
2748 474 2842 528 καὶ
2894 474 3166 546 παρθένος
3217 471 3435 541 λέγεται
3486 474 3514 525 ό
3562 473 3705 528 ἑπτὰ

446 563 554 616 que
586 546 641 602 in
675 564 778 603 suo
805 565 1081 622 quemque
1108 554 1229 610 loco
1263 557 1455 613 sedere
1484 559 1668 615 iaciat.

2128 572 2384 642 ἀριθμὸς,
2417 572 2608 643 ὥσπερ
2638 574 2670 643 ἡ
2696 571 2919 640 ἑϐδόμη,
2945 571 3100 639 ἁγία,
3126 570 3237 622 πᾶν
3262 570 3424 640 ἔργον
3444 570 3701 639 λατρείας

2128 660 2541 726 καταπαύουσα,
2568 662 2662 715 καὶ
2692 659 2941 732 ίδρύσθαι
2967 658 3198 713 ποιοῦσα
3222 659 3450 722 πάντας,
3469 658 3701 713 ἕκαστον

2126 753 2183 803 ἐν
2213 752 2290 821 τῷ
2319 751 2433 822 ίδίῳ
2456 753 2627 822 τόπῳ.

2193 845 2349 899 Μετὰ
2403 844 2610 914 ταύτην
2662 846 2843 899 τοίνυν
2897 844 3319 916 παραλαμϐάνει
3373 844 3500 906 τοὺς
3546 842 3696 913 τρεῖς

2125 934 2434 1004 ἐξαιρέτους
2478 935 2746 1006 μαθητάς.
2775 937 2909 989 Οὐδὲ
2944 936 3055 1007 γὰρ
3085 932 3153 1007 ἦν
3182 935 3330 998 εἰκὸς
3362 934 3453 987 τὸν
3492 933 3695 986 Ἰούδαν

2123 1023 2318 1092 θεατὴν
2348 1025 2604 1091 γενέσθαι
2632 1025 2743 1081 τῶν
2778 1027 3097 1098 μυστηρίων
3125 1025 3397 1079 τοσούτων
3416 1042 3430 1056 ⁸
3483 1024 3605 1077 οὔτε
3634 1023 3694 1075 δὲ

510 819 598 873 Ν.
631 819 763 875 Post
809 822 955 879 hanc
1008 826 1192 897 itaque
1252 833 1485 887 assumit
1536 843 1649 892 tres
1698 839 1935 897 eximios
1984 858 2014 897 e

439 910 745 981 discipulis.
780 914 895 970 Nec
940 918 1087 1001 enim
1118 936 1219 990 par
1248 933 1387 987 erat,
1427 935 1489 979 ut
1520 927 1689 984 Judas
1729 940 2011 1001 spectator

436 997 749 1055 clliceretur
781 1000 1059 1060 tantorum
1098 1011 1533 1079 mysteriorum;
1586 997 1771 1086 neque
1806 1019 2008 1076 iterum

437 1099 498 1143 ut
521 1092 675 1147 solus
706 1093 821 1163 ipse
853 1111 882 1149 a
914 1102 1233 1165 spectaculo
1267 1103 1509 1169 abesset,
1548 1117 1698 1161 utne
1731 1109 1781 1162 ei
1814 1120 2004 1179 putata

434 1182 775 1252 reliquorum
793 1189 1060 1257 praelatio,
1088 1193 1420 1261 proditionis
1434 1196 1750 1253 efﬁceretur
1766 1204 2005 1259 occasio.

431 1271 646 1329 Idcirco
675 1277 823 1333 solos
848 1288 960 1336 tres
1010 1297 1300 1340 assumens
1329 1287 1519 1353 Jesus,
1574 1292 1793 1347 adducit
1826 1311 1911 1349 eos
1951 1299 2008 1351 in

431 1375 661 1421 montem
675 1368 935 1424 excelsum
960 1373 1176 1440 ".Quid
1196 1392 1330 1432 vero
1352 1378 1473 1448 ejus
1506 1382 1784 1437 excelsius
1808 1386 2008 1453 gloria?

426 1454 605 1524 Atque
640 1457 716 1521 id,
771 1463 1011 1518 seorsim.
1056 1465 1328 1521 Unimoda
1356 1470 1504 1523 enim
1541 1482 1627 1527 est
1676 1473 1789 1528 vita
1837 1475 2005 1544 spiri-

430 1546 615 1600 tualis.
636 1548 713 1603 Ac
735 1551 927 1606 ducens
953 1570 1038 1609 eos
1068 1558 1137 1611 ab
1161 1557 1399 1614 infernis
1434 1578 1658 1617 sursum
1688 1606 1702 1629 ,
1744 1581 1860 1619 non
1891 1575 2001 1621 tam

425 1636 587 1692 locali
604 1654 818 1709 gressu,
843 1658 1007 1712 quam
1031 1645 1215 1701 divina
1235 1649 1472 1718 quadam
1494 1654 1730 1719 ratione,
1765 1654 1873 1710 hoc
1893 1666 1997 1721 est,

424 1743 654 1799 capaces
681 1748 779 1787 eos
807 1734 1016 1791 faciens
1037 1739 1430 1795 excellentium
1454 1744 1630 1812 ipsius
1660 1746 1994 1802 illustratio-

2120 1115 2284 1167 πάλιν
2342 1114 2504 1185 μόνον
2555 1118 2721 1170 αὐτὸν
2772 1118 3174 1187 ἀπολειφθῆναι
3222 1117 3323 1187 τῆς
3375 1116 3538 1180 θέας,
3606 1115 3694 1167 ἵνα

2121 1204 2198 1275 μὴ
2228 1203 2454 1275 γένηται
2487 1206 2777 1275 προδοσίας
2806 1208 2953 1278 αὐτῷ
2982 1208 3278 1280 πρόφασις,
3311 1209 3342 1275 ἡ
3369 1205 3693 1274 νομισθεῖσα

2118 1294 2227 1349 τῶν
2251 1295 2454 1349 λοιπῶν
2478 1299 2644 1350 αὐτοῦ
2675 1301 3030 1369 προτίμησις.
3058 1299 3149 1351 Διὸ
3178 1300 3375 1366 μόνους
3397 1298 3524 1358 τοὺς
3543 1298 3694 1366 τρεῖς

2115 1388 2566 1458 παραλαμϐάνων
2599 1393 2626 1444 ὁ
2660 1391 2902 1458 Ἰησοῦς,
2952 1392 3157 1456 ἀνάγει
3190 1391 3415 1456 αὐτοὺς
3440 1392 3523 1453 είς
3554 1389 3683 1456 ὅρος

2112 1479 2357 1547 ὑψηλὸν
2406 1480 2480 1547 (τί
2511 1480 2568 1533 δὲ
2618 1481 2718 1549 τῆς
2750 1481 2913 1552 δόξης
2941 1481 3108 1535 αὑτοῦ
3142 1481 3478 1550 ὑψηλότερον
3502 1479 3540 1547 ;)
3594 1476 3690 1530 καὶ

2110 1569 2401 1624 κατιδίαν.
2441 1571 2792 1642 Μονότροπος
2822 1571 2932 1640 γὰρ
2967 1573 2999 1642 ἡ
3061 1570 3224 1632 ᾶῦλος
3268 1570 3408 1639 ζωή.
3444 1570 3555 1622 Καὶ
3583 1568 3689 1620 ἀν-

2107 1662 2349 1729 αγαγὼν
2374 1660 2595 1726 αὐτοὺς
2623 1660 2869 1715 κάτωθεν
2899 1661 3028 1714 ἀνω*
3053 1662 3112 1713 ού
3141 1660 3394 1713 τοσοῦτον
3421 1656 3685 1720 τοπικῶς,

2107 1748 2231 1801 ὅσον
2262 1747 2573 1812 θεωτικῶς·
2624 1750 2893 1814 τουτέστι,
2926 1751 3270 1820 χωρητικοὺς
3294 1747 3495 1809 αὐτοὺς
3527 1748 3685 1816 ποιή-

422 1835 577 1885 num,
600 1829 730 1877 tunc
745 1825 1160 1897 transﬁguratus
1179 1842 1254 1885 est
1279 1843 1402 1887 ante
1424 1850 1508 1888 eos
1525 1835 1593 1890 δι.
1618 1835 1759 1893 Olim
1779 1854 1995 1909 quoque

2105 1854 2202 1901 σας
2262 1837 2370 1891 τῶν
2428 1838 2889 1909 ὑπερϐαλλουσῶν
2939 1838 3107 1892 αὑτοῦ
3157 1837 3510 1907 ὲλλάμψεωψ
3558 1837 3684 1889 τότε

419 1906 601 1964 fuerat
621 1913 1044 1985 transﬁguratus
1059 1920 1222 1975 Jesus
1236 1921 1507 1990 Salvator,
1524 1941 1635 1981 non
1663 1928 1723 1982 in
1772 1906 1995 2000 conspe-

2101 1928 2517 1998 μετεμορφώθη
2539 1906 2910 1998 *ἔμπροσθεν
2955 1928 3173 1985 αὐτῶν.
3230 1906 3340 1981 καὶ
3384 1926 3553 1981 πάλαι
3582 1926 3683 1994 μὲν

421 2008 516 2053 ctu
536 2000 849 2073 hominum,
876 2010 973 2063 sed
1001 2011 1181 2067 Patris
1209 2015 1294 2068 sui
1320 2032 1332 2068 :
1362 2017 1587 2086 quando
1610 2018 1728 2073 Non
1753 2023 1995 2092 rapinam

2105 2019 2508 2091 μετεμορφώθη
2544 2018 2749 2099 Ἰησοῦς
2780 2023 2808 2073 ὁ
2834 2021 3048 2091 Σωτὴρ,
3086 2021 3186 2074 οὐκ
3211 2019 3445 2073 ἐνώπιον
3469 2016 3683 2088 ἀνθρώο

421 2092 715 2150 arbitratus
767 2107 844 2152 est
877 2117 989 2155 esse
1022 2119 1079 2156 se
1104 2104 1366 2175 (aqualem
1396 2107 1538 2173 Deo;
1573 2126 1636 2163 ac
1660 2111 1998 2181 semetipsum

419 2185 712 2243 exinanivit
745 2191 973 2261 formant
1004 2198 1141 2250 servi
1171 2198 1434 2268 accipiens
1470 2202 1560 2270 qui
1583 2210 1718 2256 esset
1744 2203 1797 2256 in
1826 2204 1998 2273 [arma

417 2275 518 2333 Dei
564 2279 631 2334 ".
668 2282 824 2340 Tunc
864 2301 999 2358 ergo
1048 2288 1292 2344 divinam
1336 2291 1566 2362 ﬁguram
1619 2295 1767 2348 servi
1825 2295 1998 2367 ﬁgura

418 2367 846 2440 transﬁguratus
874 2375 1088 2431 obtexit
1121 2395 1136 2431 :
1177 2394 1327 2434 nunc
1365 2391 1549 2436 autem
1585 2382 1814 2452 ﬁguram
1853 2386 1995 2440 servi

416 2457 605 2531 ﬁgura:
634 2465 833 2522 nativa:
860 2470 1105 2525 restituit
1130 2488 1144 2533 ς
1178 2487 1291 2528 non
1328 2474 1555 2543 quidem
1581 2477 1837 2532 servilem
1864 2480 1999 2534 sub-

416 2554 675 2609 stantiam
707 2557 1013 2628 deponens,
1038 2564 1133 2618 sed
1160 2579 1280 2618 eam
1312 2565 1518 2622 divinis
1551 2568 1997 2638 proprietatibus

416 2658 644 2701 ornans.
676 2647 773 2702 Est
800 2665 930 2721 ergo
958 2654 1375 2726 transﬁguratus
1402 2666 1528 2712 ante
1565 2674 1652 2714 eos
1685 2676 1703 2715 :
1734 2675 1846 2730 quo
1879 2662 1991 2717 illis

416 2734 777 2805 signiﬁcaret,
810 2742 891 2797 sic
923 2744 1257 2817 quandoque
1311 2749 1821 2819 transﬁguraturum
1875 2771 1996 2807 cor-

416 2839 512 2892 pi“
550 2827 868 2885 humilitatis
918 2842 1148 2899 nostras,
1176 2837 1431 2893 faciendo
1481 2841 1747 2910 confarme
1786 2846 1994 2913 corpori

2103 2130 2249 2175 πων,
2294 2112 2432 2166 ἀλλὰ
2468 2113 2563 2166 τοῦ
2604 2113 2735 2166 ίδίου
2761 2114 3012 2183 Πατρός·
3057 2114 3146 2168 ὅτε
3193 2116 3315 2182 Οὐχ
3361 2111 3682 2181 ἁρπαγμὸν

2099 2203 2393 2273 ἡγήσατο,
2423 2203 2489 2257 τὸ
2514 2200 2668 2260 εἶναι
2694 2205 2798 2258 ἴσα
2822 2203 2964 2271 Θεῷ,
2991 2205 3091 2257 καί
3115 2203 3418 2258 ἐκένωσεν
3434 2202 3676 2268 ἑαυτὸν,

2095 2294 2338 2364 μορφὴν
2366 2294 2592 2350 δούλου
2623 2295 2863 2358 λαϐὼν,
2917 2299 2949 2350 ό
2982 2297 3053 2349 ὲν
3072 2294 3279 2365 μορφῇ
3308 2294 3457 2349 Θεοῦ
3486 2293 3679 2360 ὑπάρο

2098 2400 2242 2452 κων.
2301 2383 2436 2438 Τότε
2464 2384 2650 2438 τοίνυν
2688 2384 2787 2455 τὴν
2817 2384 2967 2437 θείαν
2998 2384 3230 2454 μορφὴν,
3267 2386 3450 2453 μορφῇ
3481 2382 3674 2435 δούλου

2101 2476 2586 2547 μεταμορφωθεὶς,
2621 2475 2996 2547 περιεκάλυψε
3022 2492 3035 2505 °
3095 2475 3192 2528 νῦν
3223 2476 3280 2528 δὲ
3321 2476 3421 2546 τὴν
3457 2474 3676 2546 μορφὴν

2096 2566 2192 2620 τυῦ
2221 2567 2409 2620 δούλου
2461 2568 2599 2638 πρὸς
2632 2569 2733 2638 τὴν
2765 2568 3006 2638 φυσικὴν
3034 2567 3473 2638 ἀποκαθίστησιν
3497 2584 3510 2597 ⁸
3568 2567 3674 2620 οὐκ

2098 2657 2435 2729 ἀποθέμενος
2471 2659 2571 2729 μὲν
2613 2659 2713 2730 τὴν
2743 2658 2937 2713 οὐσίαν
2971 2658 3071 2729 τὴν
3098 2658 3353 2729 δουλικήν
3375 2676 3389 2689 ·
3443 2657 3671 2726 φαιδρύ-
3714 2729 3725 2739 _

2097 2765 2195 2813 νας
2225 2748 2284 2801 δὲ
2313 2748 2485 2820 αὐτὴν
2525 2752 2640 2813 τοῖς
2672 2748 2876 2812 θεῖκοτς
2909 2749 3186 2820 ίδιὼμασι.
3240 2748 3671 2817 Μετεμορφώθη

2095 2836 2187 2893 οὖν
2234 2840 2578 2909 ἔμπροσθεν
2614 2841 2814 2895 αὐτῶν
2838 2856 2853 2872 ·
2907 2841 3124 2903 δεικνὺς
3172 2840 3380 2907 αὐτοῖς,
3417 2840 3497 2891 ὅτι
3523 2837 3670 2891 οὕτω

414 2913 682 2973 claritatis
711 2935 822 2975 sua:
862 2921 933 2977 ".
966 2923 1039 2978 Et
1074 2926 1420 2997 resplenduit,
1446 2929 1646 3000 inquit,
1684 2933 1848 3002 facies
1879 2935 1995 3004 ejus

2101 2932 2609 3001 μετασχηματίσει
2652 2932 2799 2985 ποτὲ
2827 2932 2891 2987 τὸ
2918 2933 3092 3003 σῶμα
3121 2932 3233 2999 τῆς
3257 2929 3668 2993 ταπεινώσεως

412 3010 549 3062 sicut
570 3010 652 3064 sol
683 3028 702 3066 :
729 3017 1043 3070 uestimenta
1062 3026 1238 3071 autem
1256 3020 1369 3090 ejus
1395 3020 1539 3091 facta
1566 3031 1689 3077 sunt
1714 3022 1837 3078 alba
1857 3026 1994 3079 sicut

2096 3020 2263 3089 ἡμῶν
2287 3062 2301 3087 ,
2338 3021 2697 3092 σύμμορφον
2748 3021 2828 3088 τῷ
2866 3023 3095 3093 σώματι
3129 3022 3240 3091 τῆς
3268 3022 3453 3090 δόξης
3480 3018 3670 3075 αὑτοῦ

415 3101 509 3155 nia:
547 3100 615 3156 ⁵⁷.
647 3102 767 3158 Νοιι
802 3106 928 3161 ideo
959 3108 1077 3163 hac
1107 3111 1313 3180 scripta
1347 3121 1519 3179 sunt,
1575 3114 1706 3183 quia
1738 3115 1829 3169 illa
1865 3131 1991 3171 eum

2101 3110 2268 3163 ποιῶν
2305 3112 2458 3166 αὑτό.
2518 3112 2630 3166 Καὶ
2673 3111 2913 3181 ἔλαμψε
2960 3113 3028 3167 τὸ
3070 3115 3401 3182 πρόσωπον
3457 3109 3669 3173 αὐτοῦ,

414 3193 532 3249 sole
556 3211 621 3251 ac
649 3196 778 3253 nive
807 3203 1279 3269 comparationem
1326 3204 1642 3261 admittant.
1674 3208 1805 3274 Quae
1842 3209 1991 3263 enim

414 3286 540 3355 ejus
580 3293 946 3359 comparatio,
1003 3294 1150 3363 quod
1178 3304 1264 3349 est
1312 3297 1490 3367 majus
1537 3298 1997 3368 comparatione?

414 3377 620 3433 Verum
652 3381 783 3451 quia
818 3382 873 3437 in
911 3384 1083 3440 rebus
1110 3387 1355 3441 materite
1394 3388 1705 3453 concretis,
1738 3389 1876 3443 nihil
1901 3398 1998 3445 aut

416 3468 531 3524 sole
562 3471 931 3539 splendidius,
970 3482 1063 3529 aut
1093 3476 1221 3529 nive
1247 3475 1540 3530 candidius
1569 3477 1853 3543 occurrit,
1882 3492 1995 3547 quo

415 3562 551 3616 satis
582 3564 972 3620 excellentiam
996 3567 1225 3622 luminis
1248 3582 1312 3623 ac
1337 3568 1650 3638 splendoris
1682 3584 1994 3639 repraesen-

416 3661 586 3718 taret,
633 3670 701 3710 ex
753 3657 823 3712 iis
874 3658 955 3714 sic
1007 3660 1157 3715 notis
1200 3663 1580 3732 conjecturam
1620 3662 1773 3718 fecit.
1820 3663 1994 3718 Porro

415 3746 690 3817 signiﬁcat
745 3751 867 3822 ejus
911 3752 1174 3821 splendor
1227 3756 1689 3811 vestimentorum
1750 3755 1992 3811 futuram

416 3848 733 3896 nostrorum
761 3858 1056 3913 corporum
1088 3846 1473 3901 mutationem.
1499 3848 1611 3901 Nos
1633 3848 1839 3918 quippe
1862 3848 1992 3903 facti

415 3928 466 3982 ei
518 3930 909 3988 vestimentum
954 3949 1177 3998 sumus,
1233 3943 1293 3989 ut
1344 3952 1581 4006 quorum
1622 3937 1714 3992 ille
1765 3954 1991 3998 carnem

416 4022 682 4078 induerit.
719 4024 926 4080 Forsan
972 4042 1103 4081 vero
1135 4028 1248 4100 ejus
1286 4029 1446 4099 facies
1492 4030 1833 4100 resplendens
1854 4033 1992 4084 sicut

413 4114 516 4177 sol,
557 4116 740 4187 ipsum
768 4120 889 4189 ejus
919 4119 1209 4190 proprium
1254 4135 1457 4190 corpus
1486 4120 1789 4191 symbolice
1839 4120 1990 4175 desi-

414 4208 703 4277 gnaverit:
738 4211 1047 4264 vestimenta
1077 4219 1255 4263 autem
1289 4211 1403 4279 ejus
1427 4209 1551 4263 alba
1577 4211 1711 4263 sicut
1746 4211 1860 4274 nix,
1891 4225 1991 4279 per

412 4314 540 4352 eum
574 4309 836 4371 purgatos
864 4345 877 4363 ,
908 4303 1030 4371 ejus
1074 4302 1127 4354 vi
1165 4302 1256 4355 illa
1291 4300 1718 4357 transmutandi.
1770 4300 1990 4356 Idcirco

412 4391 561 4443 enim
575 4390 687 4445 nivi
703 4407 924 4462 quoque
937 4402 1293 4463 comparatur
1312 4393 1698 4450 indumentum
1717 4392 1985 4461 spiritale,

2049 3198 2065 3217 ¹
2097 3204 2284 3273 φησὶν,
2320 3203 2400 3268 ὠς
2427 3203 2602 3270 ἥλιος
2623 3221 2637 3234 ·
2697 3203 2796 3257 καί
2842 3205 2918 3258 τὰ
2945 3203 3144 3272 Ιμάτια
3168 3202 3359 3256 αὐτοῦ
3390 3201 3672 3269 ἐγένοντο

2095 3294 2288 3347 λευκὰ
2334 3294 2481 3348 ὡσεὶ
2529 3294 2697 3362 χιών.
2756 3296 2865 3365 Οὐχ
2900 3297 2982 3350 ὅτι
3011 3296 3068 3349 δὲ
3103 3295 3239 3365 πρὸς
3265 3293 3420 3363 ἥλιον
3452 3291 3485 3362 ἢ
3517 3290 3674 3360 χιόνα

2096 3384 2401 3456 παράθεσιν
2444 3384 2593 3455 ἔχει,
2646 3386 2823 3440 ταῦτα
2867 3387 3183 3456 γέγραπται
3239 3384 3369 3455 (τίς
3418 3382 3527 3451 γὰρ
3576 3380 3672 3433 τοῦ

2095 3476 2428 3545 ἀσυγκρίτου
2464 3477 2853 3547 σύγκρισιςς),
2907 3475 3023 3529 ἀλλ’
3068 3474 3256 3545 ἐπειδὴ
3309 3473 3422 3527 τῶν
3471 3471 3674 3525 ὲνύλων

2094 3567 2247 3620 οὐδέν
2280 3568 2446 3639 ,ἐστιν
2498 3568 2530 3638 ἢ
2582 3567 2971 3640 λαμπρότερον
3018 3568 3112 3622 τοῦ
3159 3567 3349 3637 ἡλίου,
3403 3566 3437 3636 ἢ
3475 3562 3671 3616 λευκός

2093 3676 2254 3729 τερον
2287 3658 2384 3727 τῆς
2418 3660 2632 3729 χιόνος,
2687 3662 2927 3732 μετρίως
2972 3661 3143 3714 θέλων
3184 3658 3539 3729 παραστῆσαι
3568 3653 3672 3724 τὴν

2096 3748 2405 3820 ὑπερϐολὴν
2450 3750 2545 3803 τοῦ
2589 3752 2801 3817 φωτὸς,
2859 3753 3082 3822 καὶτῆς
3115 3750 3533 3820 λαμπρότητος.
3581 3745 3670 3798 διὰ

2092 3841 2203 3894 τῶν
2244 3842 2543 3912 γνωρίμων
2583 3843 2719 3912 ἡμῖν
2751 3843 3053 3913 ἐποιήσατο
3081 3842 3179 3913 τὴν
3207 3839 3478 3894 εἰκασίαν.
3510 3836 3669 3906 Δηλοῖ

2093 3933 2149 3987 δὲ
2184 3933 2292 3987 τῶν
2341 3934 2575 4003 ἱματίων
2621 3933 2791 3987 αὑτοῦ
2834 3938 2867 4005 ή
2911 3933 3178 4005 ἕλλαμψις
3228 3931 3335 3986 τῶν
3381 3930 3669 4001 ἡμετέρων

2095 4024 2363 4093 σωμάτων
2407 4025 2507 4094 τὴν
2549 4024 2890 4095 ὑπαλλαγὴν.
2948 4026 3139 4095 Ἡμεῖς
3180 4023 3287 4092 γὰρ
3331 4022 3481 4091 αὐτῷ
3511 4019 3669 4088 γεγόο

2092 4133 2264 4185 ναμεν
2314 4116 2541 4185 ἔνδυμα,
2589 4117 2672 4170 ὅτι
2722 4116 2821 4185 τὴν
2862 4116 3022 4187 ἡμῶν
3067 4115 3424 4185 περιεϐάλετο
3463 4112 3660 4182 σάρκα.

2092 4207 2203 4260 Καὶ
2255 4206 2384 4270 ἴσως
2429 4208 2493 4261 τὸ
2528 4209 2633 4278 μὲν
2679 4211 3006 4274 πρόσωπον
3034 4209 3220 4263 αὐτοῦ
3249 4209 3312 4262 τὸ
3343 4204 3670 4275 ἐλλάμψαν

2091 4302 2172 4364 ὡς
2205 4303 2237 4353 ό
2264 4299 2465 4367 ἣλιος,
2522 4301 2653 4353 αὐτὸ
2680 4302 2741 4353 τὸ
2769 4300 2898 4353 ἴδιον
2925 4300 3091 4353 αὑτοῦ
3124 4300 3285 4369 σῶμα
3320 4296 3669 4369 συμϐολικῶς

2092 4390 2403 4444 αίνίττεται’
2452 4391 2525 4444 τὰ
2543 4390 2598 4443 δὲ
2622 4390 2820 4458 ἱμάτια
2864 4392 3052 4445 αὐτοῦ
3086 4392 3156 4446 τὰ
3185 4391 3266 4456 ὡς
3288 4389 3435 4459 χιὼν
3454 4386 3668 4452 λευκὰ,

412 4481 561 4547 quod
593 4490 649 4535 et
684 4482 865 4551 ipsum
905 4492 1354 4549 transmutatam,
1402 4499 1466 4538 ac
1490 4484 1886 4554 evaporatione
1916 4500 1984 4538 ex

2101 4485 2217 4546 τοὺς
2240 4481 2485 4536 διἀὐτοῦ
2513 4483 2949 4554 καθαιρομένους
2975 4482 3062 4538 διὰ
3106 4484 3209 4552 τῆς
3234 4480 3672 4552 μεταποιητικῆς

412 4585 573 4637 aqua,
613 4569 818 4624 factum
850 4572 922 4625 sit
955 4573 1070 4626 nix.
1104 4571 1259 4638 Quod
1285 4581 1472 4627 autem
1499 4573 1738 4627 humana
1788 4581 1988 4627 natura

2101 4576 2183 4628 καὶ
2231 4574 2590 4644 ἀλλοιωτικῆς
2634 4573 2800 4626 αὑτοῦ
2850 4575 3160 4643 δυνάμεως.
3218 4576 3318 4627 Διά
3356 4572 3465 4643 γὰρ
3509 4571 3671 4624 τοῦτο

412 4661 535 4726 ejus
574 4660 765 4727 fuerit,
823 4663 1007 4731 sitque
1056 4680 1279 4718 rursum
1332 4665 1518 4719 futura
1573 4666 1987 4728 indumentum,

414 4750 709 4805 audiamus
728 4751 1005 4807 dicentem
1026 4754 1091 4809 ad
1120 4771 1246 4809 eum
1275 4756 1549 4810 lsaiamcx
1571 4772 1809 4831 persona
1844 4756 1941 4810 Dei
1969 4773 1982 4808 :

416 4840 538 4896 Vivo
564 4860 678 4914 e70,
704 4844 832 4900 dicit
867 4845 1140 4911 Dominus,
1174 4851 1301 4919 quia
1337 4850 1578 4903 omnibus
1613 4851 1692 4903 his
1730 4851 1988 4912 vestieris,

414 4958 476 4994 ac
506 4943 599 4996 tibi
621 4943 760 5013 ipsos
776 4946 1123 4999 circumdabis
1149 4953 1204 4998 ut
1235 4954 1829 5014 oruamentumsponste
1854 4943 1918 4994 “.

2089 4666 2185 4719 καὶ
2235 4667 2373 4735 χιόνι
2425 4664 2825 4736 παρεικάζεται
2872 4667 2933 4717 τὸ
2977 4665 3168 4735 νοηθὲν
3200 4665 3441 4735 ἱμάτιον,
3479 4663 3671 4733 ἐπειδὴ

2095 4758 2189 4811 καὶ
2232 4757 2363 4810 αὐτὸ
2414 4757 2788 4828 μεταποιηθὲν
2844 4759 2938 4811 καὶ
2985 4757 3324 4828 ὲξαερωθὲν,
3375 4759 3435 4822 ἐξ
3478 4757 3672 4819 ὓδατος

2094 4850 2287 4918 γέγονε
2310 4848 2465 4918 χιών.
2518 4848 2641 4901 Ὅτι
2667 4848 2723 4900 δὲ
2751 4848 3098 4917 περιϐόλαιον
3123 4847 3289 4900 αὑτοῦ
3314 4848 3530 4915 γέγονε,
3576 4848 3671 4900 καὶ

2096 4944 2249 4994 ἔσται
2278 4941 2440 5013 πάλιν
2488 4942 2520 5010 ὴ
2563 4940 2726 5008 φύσις
2752 4940 2932 5009 ἡμῶν,
2964 4940 3293 5010 ἀκούσωμεν
3331 4940 3555 4992 Ἡσαΐου
3582 4939 3674 4991 λέ-

415 5052 600 5101 γοντος
648 5037 785 5108 πρὸς
826 5039 987 5092 αὑτὸν
1041 5038 1146 5091 ὑπὸ
1183 5038 1276 5091 τού
1311 5037 1480 5090 Θεοῦ·
1540 5038 1632 5089 Ζῶ
1661 5036 1797 5107 ἐγὼ,
1823 5035 1983 5104 λέγει
2024 5035 2254 5101 Κύριος,
2296 5033 2385 5086 ὅτι
2430 5032 2662 5098 πάντας
2722 5032 2946 5099 αὐτοὺς
2970 5032 3237 5097 ὲνδύσει,
3272 5031 3369 5086 καί
3430 5033 3674 5101 περιθήο

414 5149 508 5185 σει
535 5131 751 5198 αὐτοὺς
790 5133 870 5198 ὡς
902 5136 1138 5203 κόσμον
1164 5134 1423 5201 νύμφης.

487 5225 545 5278 ιν.
579 5225 772 5295 Itaque
796 5225 1207 5294 transﬁguratus
1238 5233 1334 5289 est,
1386 5232 1435 5277 ct
1467 5224 1789 5293 resplenduit
1818 5225 1977 5293 facies

409 5319 521 5388 (ius
546 5319 678 5372 sicut
705 5318 784 5372 sol
810 5336 827 5384 ;
854 5320 1163 5373 vestimenta
1194 5328 1371 5371 autem
1393 5318 1505 5387 ejus
1542 5317 1682 5387 facta
1714 5324 1835 5370 sunt
1868 5315 1987 5369 alba

378 5392 546 5459 Asirut
599 5407 711 5460 nix.
747 5404 815 5459 Et
847 5412 1212 5475 apparuerunt
1244 5406 1315 5459 cis
1353 5405 1551 5475 Moyses
1610 5414 1656 5457 et
1713 5404 1863 5459 Elius
1910 5403 1985 5456 lo-

411 5506 623 5566 quentes
652 5513 772 5550 cum
801 5496 955 5565 ecf”.
984 5496 1429 5565 Perspicuciores
1462 5496 1588 5551 facti
1624 5496 1856 5563 apostoli
1928 5503 1988 5548 ut

482 5675 522 5702 ’³³
553 5672 741 5729 Matth.
775 5692 900 5732 xv".
946 5678 962 5731 Ι
1066 5676 1110 5707 ’⁵⁸
1152 5675 1283 5729 ibid.
1305 5676 1359 5728 9..
1433 5675 1475 5704 ’⁸⁵
1500 5673 1738 5743 Philipp.
1777 5691 1833 5739 ιι,
1864 5674 1914 5737 ϐ,
1944 5675 1993 5725 7.

420 5743 503 5802 18.
546 5748 581 5776 δ’
628 5747 812 5802 Matth.
852 5769 974 5821 mi,
1014 5755 1061 5815 :2,
1099 5756 1152 5813 ὖ.

2063 5676 2106 5705 ⁴⁵⁸
2142 5673 2380 5741 Philipp.
2416 5689 2490 5738 tu,
2519 5672 2609 5725 2i.

2159 5220 2591 5289 Μετεμορφώθη
2622 5220 2822 5284 τοίνυν,
2858 5220 2957 5274 καί
2988 5220 3225 5290 ἔλαμψε
3252 5221 3319 5272 τὸ
3344 5222 3677 5289 πρόσωπον

2095 5313 2282 5366 αὑτοῦ
2315 5313 2395 5378 ὡς
2420 5316 2452 5365 ό
2481 5312 2686 5379 ἥλιος,
2723 5312 2819 5365 καὶ
2852 5312 2921 5366 τὰ
2946 5310 3144 5381 ἱμάτια
3168 5310 3359 5365 αὑτοῦ
3388 5311 3676 5379 ἐγένοντο

2093 5404 2282 5458 λευκὰ
2317 5405 2396 5470 ὡς
2428 5404 2574 5474 χιών
2597 5420 2610 5435 ο
2677 5404 2773 5457 καὶ
2824 5403 3123 5472 ὤφθησαν
3167 5401 3374 5467 αὐτοῖς
3410 5400 3678 5468 Mwach

2096 5497 2194 5552 καὶ
2221 5496 2452 5561 Ἠλίας,
2489 5496 2957 5561 συλλαλοῦντες
2988 5492 3171 5559 αὐτῷ.
3215 5494 3679 5563 Διορατικὼτεροι

2688 5677 2728 5707 ν’
2764 5673 2952 5728 Matth.
3026 5689 3153 5737 xvn,
3181 5672 3233 5725 τὶ.
3315 5672 3355 5701 ⁸⁸
3384 5671 3484 5725 lsa.
3527 5687 3677 5731 tux.
