4020 6146
425 347 558 414 ῙὙΤῙ

1551 352 1612 411 s.
1650 334 2055 411 'ANASTASH
2090 347 2563 410 ANTIOCHENI

3544 336 3676 407 1372

420 458 541 515 Non
569 458 710 512 enim
732 457 924 512 sciebat
950 458 1078 528 quid
1104 458 1299 513 diceret
1332 460 1397 526 ⁵⁵,
1424 474 1529 513 nec
1551 459 1686 529 quid
1710 459 1996 529 cogitaret.

2119 473 2165 508 ’.υ
2175 475 2269 525 μα,
2301 458 2518 519 Λουκᾶς
2542 441 2869 508 ὲτὲισκίπτει
2890 451 3065 521 λέγων
3080 466 3093 481 ⁸
3123 452 3221 519 Μὴ
3244 449 3417 515 εἰδὼς
3440 452 3473 506 δ
3493 452 3672 523 λέγει.

420 549 813 608 Consistantin
847 549 970 604 loco
1001 549 1336 615 sublimiori,
1372 550 1466 620 qui
1493 550 1866 606 ascenderunt
1894 565 1999 603 una

421 657 552 697 cum
576 642 729 697 .Icsu.

496 817 581 870 VI.
632 817 815 870 Adhuc
849 833 908 870 eo
945 816 1209 886 loquente,
1257 834 1369 871 erce
1413 820 1569 872 nubes
1612 818 1785 872 lucida
1818 820 2000 872 obum-

422 905 593 958 bravit
623 922 728 959 eos.
763 905 829 959 Et
859 923 971 959 ecce
1000 924 1096 960 vos:
1126 909 1187 960 de
1222 910 1354 961 nube
1379 925 1395 961 :
1436 908 1531 961 Hic
1561 918 1635 960 est
1665 907 1825 960 Filius
1864 924 2003 961 meus

422 997 785 1057 charis-simus,
820 998 873 1050 in
904 1014 1005 1067 quo
1041 1000 1165 1052 mihi
1194 1001 1319 1051 bene
1349 998 1659 1068 complucui,
1691 1001 1864 1065 ipsum
1907 1015 2001 1051 au-

423 1089 552 1139 dite.
578 1086 935 1140 Iataudientes
956 1088 1198 1157 discipuli
1220 1091 1515 1142 ceciderunt
1538 1090 1589 1141 in
1616 1089 1803 1158 facient
1827 1106 2000 1150 suam,

426 1187 480 1230 et
516 1180 803 1231 timuerunt
844 1178 1012 1232 valde.
1049 1179 1117 1233 Et
1164 1184 1375 1233 accessit
1418 1181 1587 1243 Iesus,
1620 1188 1668 1233 et
1713 1182 1879 1249 tetigit
1921 1196 2005 1234 eos

428 1269 663 1338 dixitque
694 1271 766 1322 eis
797 1285 815 1322 :
845 1267 1072 1339 Surgite,
1107 1280 1154 1322 et
1188 1271 1348 1323 nolite
1373 1272 1574 1324 timere.
1614 1270 1865 1324 Levantes
1904 1288 2004 1324 au-

427 1369 535 1416 tem
600 1360 776 1414 oculos
832 1377 987 1425 suos,
1050 1363 1311 1415 neminem
1373 1363 1612 1415 viderunt
1680 1364 1781 1417 nisi
1836 1362 2006 1416 solum

428 1450 611 1506 Iesum
648 1454 714 1505 “.
744 1452 880 1506 Cum
926 1452 1107 1506 adhuc
1142 1454 1334 1506 Petrus
1368 1469 1467 1521 pro
1500 1469 1561 1506 ea
1594 1453 1887 1507 aﬂ‘ectione
1924 1455 2005 1509 lo-

430 1553 696 1612 queretur
729 1559 834 1612 qua
859 1543 923 1596 ad
953 1553 1346 1612 prieceptorem
1375 1544 1629 1607 habebat,
1658 1545 1837 1597 lucida
1864 1561 2010 1614 qua:-

426 1635 555 1689 dam
603 1635 780 1689 nubes
814 1636 1050 1704 desuper
1078 1636 1464 1701 obumbravit;
1500 1653 1713 1705 voxque
1749 1637 1817 1691 de
1862 1638 2008 1692 nube

432 1726 638 1796 prodiit
671 1727 897 1783 Petrum
930 1726 1236 1797 corrigens,
1270 1727 1408 1781 forte
1442 1744 1569 1781 vero
1613 1729 1777 1781 etiam
1819 1729 2003 1782 condi-

426 1794 692 1886 scipulos,
722 1819 813 1886 qui
838 1826 895 1871 et
918 1817 1020 1886 ipsi
1056 1794 1285 1871 forsitan
1311 1818 1455 1870 idem
1478 1827 1643 1886 atque
1668 1818 1755 1870 ille
1779 1818 2000 1880 vellent,
2036 1794 2079 1848 Β

430 1926 497 1964 ac
547 1911 601 1964 in
647 1920 835 1963 monte
881 1909 1214 1964 manendum
1262 1911 1554 1963 dicerent:
1586 1917 1646 1963 ut
1689 1925 1758 1962 ne
1797 1910 2007 1963 scilicet

428 2002 774 2056 contrarium
805 2000 1013 2070 aliquid
1042 2001 1245 2055 dilecto
1285 2001 1422 2054 Filio
1458 2013 1742 2069 saperent;
1781 2001 1874 2065 sed
1908 2016 2005 2054 auc

432 2092 621 2147 dirent
653 2108 799 2155 eum,
846 2107 911 2146 ac
944 2093 1064 2162 ejus
1099 2101 1466 2160 sequerentur
1498 2093 1859 2155 voluntatem,
1900 2107 2007 2160 qua

435 2184 826 2237 universorum
877 2191 1156 2237 constaret
1204 2184 1372 2237 salus.
1418 2182 1562 2248 Quid
1610 2192 1794 2236 autem
1846 2183 2009 2238 nobis

435 2278 603 2345 hujus
626 2277 872 2347 symbolo
898 2276 1131 2345 intelligi
1155 2276 1373 2339 debeat,
1397 2292 1463 2329 ex
1486 2275 1759 2329 similibus
1783 2275 1837 2328 in
1865 2275 2013 2329 Scri-

436 2378 599 2438 ptura
634 2370 798 2424 dictis
846 2369 1234 2438 inquirendum
1285 2369 1375 2421 sit.
1426 2366 1559 2420 Nam
1604 2377 1660 2421 et
1698 2367 1916 2438 Moysen
1955 2367 2012 2421 in

440 2462 640 2515 nubem
689 2461 993 2531 ingressum
1038 2460 1351 2515 invenimus
1377 2460 1443 2523 ⁸⁷,
1478 2459 1699 2528 quando
1735 2460 1821 2512 illa
1855 2475 2011 2513 mon-

436 2558 546 2605 tem
579 2556 800 2620 operuit
833 2553 887 2605 in
918 2551 1138 2606 deserto
1166 2551 1349 2605 Horeb
1375 2570 1387 2603 :
1419 2560 1796 2619 testanturque
1826 2550 2011 2605 divina

440 2643 659 2696 oracula
693 2643 760 2704 ⁸⁸,
799 2643 1106 2709 ingressum
1144 2642 1197 2695 in
1234 2642 1523 2711 caliginem
1561 2642 1654 2695 ubi
1701 2642 1843 2696 Deus
1871 2651 2010 2696 erat.

441 2719 579 2785 Tum
611 2734 796 2795 etiam,
827 2748 953 2787 cum
980 2734 1109 2787 olim
1139 2733 1316 2787 nubes
1346 2734 1495 2786 varie
1521 2732 1731 2785 obtexit
1756 2732 2014 2787 taberna-

440 2823 627 2876 culum
661 2824 982 2888 testimonii,
1006 2824 1245 2893 indeque
1275 2824 1417 2877 Dcus
1436 2823 1767 2877 audiebatur
1786 2824 2016 2892 loquens

439 2928 567 2967 cum
595 2914 775 2983 Moyse
799 2917 864 2967 ".
904 2915 1116 2969 Rursus
1156 2929 1285 2968 vero
1311 2915 1564 2968 columna
1596 2913 1759 2967 nubis
1790 2914 2018 2981 pneibat

444 3005 670 3072 populo,
706 3005 941 3059 interdiu
977 3006 1200 3075 quidem
1242 3021 1470 3064 rorans.
1504 3014 1674 3059 noctu
1711 3013 1895 3058 autem
1925 3019 2015 3058 ar-

446 3093 601 3147 dens.
633 3095 737 3147 δρᾶ
771 3104 827 3148 et
857 3096 1023 3150 Isaias
1044 3104 1337 3149 venturum
1372 3094 1623 3162 praedixit
1653 3095 1696 3125 ⁸⁰
1724 3094 2017 3147 Dominum

447 3184 502 3237 in
527 3183 820 3254 Egyptum
852 3201 1019 3253 super
1054 3186 1257 3239 nubem
1291 3186 1492 3239 levem.
1527 3185 1606 3238 Ad
1644 3185 1758 3238 haec
1801 3198 2021 3254 quoque

436 3275 703 3333 audimus
730 3275 783 3328 in
812 3274 1127 3337 Salomone,
1157 3290 1281 3329 cum
1319 3277 1587 3344 templum
1611 3276 1937 3329 aediﬁcasset
1961 3291 2023 3330 ac

444 3364 775 3429 dedicasset,
833 3367 1085 3434 implesse
1144 3368 1346 3421 nubem
1399 3367 1623 3420 domum
1675 3367 1924 3433 Domini,
1964 3374 2024 3421 ut

447 3471 557 3510 non
590 3466 817 3525 possent
855 3459 1171 3513 sacerdotes
1204 3458 1414 3528 ingredi
1443 3474 1509 3513 ac
1537 3458 1846 3513 sacriﬁcare
1875 3475 1905 3513 a
1946 3460 2025 3513 fa-

443 3548 532 3602 cie
575 3547 742 3601 nubis
768 3548 834 3601 “.
878 3547 1022 3611 Haec,
1055 3564 1119 3604 ac
1150 3551 1219 3604 iis
1255 3550 1409 3618 plura
1442 3564 1735 3618 possumus
1766 3551 2023 3620 colligere

444 3653 516 3692 ex
558 3639 813 3692 universa
859 3638 1166 3707 Scriptura,
1197 3657 1307 3711 quo
1352 3657 1548 3696 sensus
1586 3644 1901 3712 propositus
1933 3659 2024 3696 ex-

449 3729 688 3799 plicetur
718 3746 780 3784 ac
811 3732 1121 3787 itlustretur
1142 3775 1154 3795 ,
1182 3741 1239 3788 et
1269 3743 1328 3787 nt
1355 3735 1743 3804 intelligamus,
1772 3749 2023 3805 quaenam

447 3821 521 3873 sit
552 3822 654 3874 ista
685 3821 881 3883 nubes,
910 3822 1246 3878 obumbrans
1278 3839 1470 3878 omnes
1499 3826 1591 3894 qui
1623 3832 2022 3894 apparuerunt,

449 3912 708 3981 ipsosque
745 3912 883 3966 adeo
930 3918 1287 3982 spectatores,
1320 3931 1385 3969 ex
1420 3931 1526 3984 qua
1570 3915 1734 3969 etiam
1782 3932 1890 3970 vox
1932 3916 2023 3970 illa

449 4004 633 4057 audita
659 4005 731 4058 sit
763 4022 777 4057 :
817 4004 911 4058 Hic
941 4013 1016 4058 est
1049 4004 1210 4059 Filius
1258 4023 1400 4061 meus
1436 4007 1795 4074 cliarissimus,
1822 4009 1877 4061 in
1921 4024 2024 4079 quo

452 4091 579 4144 milii
605 4092 731 4145 bene
755 4093 1078 4164 complacui;
1098 4097 1269 4166 ipsum
1296 4097 1495 4151 audite.

518 4271 634 4327 VII.
681 4273 940 4330 Prmt'atas
985 4275 1162 4330 nubes
1198 4275 1303 4331 sibi
1350 4276 1485 4346 ipsis
1531 4285 1790 4348 cognatas
1831 4276 2023 4331 existi-

451 4378 602 4417 mare
648 4375 867 4434 oportet
909 4383 922 4418 :
962 4366 1318 4430 imo,.unam
1395 4383 1589 4422 omnes
1636 4369 2024 4423 incunctanter

2103 550 2332 617 Μάρκος
2375 548 2431 600 δέ
2485 562 2685 616 φησιν’
2749 548 2831 599 Οὐ
2863 545 2974 613 γὰρ
3006 544 3133 614 ῇδει
3169 544 3228 597 τι
3251 539 3444 607 εἶπεν,
3478 544 3601 597 οὐδὲ
3625 545 3679 598 τι

2105 643 2327 696 νοεῖται.
2375 640 2464 692 Ἐν
2508 639 2585 709 τῷ
2629 640 2781 709 τόπῳ
2830 636 3167 708 ὑψηλότερον
3196 635 3442 689 ἔστωσαν
3474 636 3527 690 οἱ
3556 653 3680 690 συν-

2102 732 2405 795 αναϐάντες
2442 732 2521 800 τῷ
2554 731 2755 801 Ἰησοῦ.

2175 826 2302 877 Ἔτι
2333 825 2520 877 αὐτοῦ
2557 824 2916 887 λαλοῦντος,
2963 820 3095 875 ἰδοὺ
3142 823 3370 890 νεφέλη
3423 820 3681 890 φωτεινὴ

2101 920 2474 973 ἐπεσκίασεν
2498 918 2704 984 αὐτοῖς
2729 935 2742 946 ·
2779 918 2877 971 καὶ
2908 916 3080 985 φωνὴ
3138 914 3208 969 ἐκ
3254 912 3367 982 τῆς
3422 917 3683 984 νεφέλης

2102 1009 2398 1076 λέγουσιν
2438 1004 2631 1072 Οὗτός
2672 1007 2844 1060 ἐστιν
2894 1010 2926 1059 ό
2979 1006 3110 1070 Υἱός
3149 1022 3268 1073 μου
3295 1009 3327 1057 ὁ
3354 1006 3678 1073 ἀγαπητὸς,

2102 1102 2172 1155 ἐν
2208 1094 2256 1166 ᾧ
2306 1099 2659 1165 ηὐδόκησασ
2715 1096 2903 1151 αὐτοῦ
2951 1097 3223 1150 ἀκούετε.
3284 1096 3684 1162 Ἀκούσαντες

2104 1192 2172 1245 δὲ
2209 1194 2263 1244 ot
2306 1192 2588 1258 μαθηταὶ,
2620 1191 2847 1242 ἔπεσον
2886 1189 2983 1240 ἐπὶ
3010 1186 3074 1240 τὸ
3104 1188 3432 1253 ,πρόσωπον
3461 1187 3681 1252 αὐτῶν,

2106 1282 2200 1334 καὶ
2233 1281 2622 1347 ἐφοϐήθησαν
2655 1279 2910 1347 σφόδρα.
2941 1279 3047 1331 Καὶ
3082 1277 3435 1345 προσῆλθεν
3482 1281 3515 1332 ὁ
3576 1279 3683 1344 Ἰη-

2105 1371 2278 1436 σοῦς,
2302 1372 2399 1422 καὶ
2429 1369 2628 1436 ἥψατο
2663 1367 2882 1430 αὐτῶν,
2914 1367 3109 1435 λέγων
3138 1382 3152 1396 ·
3193 1365 3551 1435 Ἐγείρεσθε,
3585 1366 3682 1419 καὶ

2103 1461 2187 1530 μὴ
2216 1461 2515 1527 φοϐεῖσθε.
2538 1458 2902 1524 Ἐπάραντες
2930 1456 2998 1508 δὲ
3024 1454 3165 1521 τοὺς
3188 1456 3559 1522 ὀφθαλμοὺς,
3588 1458 3686 1508 οὑ-

2104 1553 2248 1604 δένα
2273 1548 2437 1604 εἶδον
2458 1552 2509 1603 et
2542 1548 2627 1617 μὴ
2662 1551 2859 1617 μόνον
2891 1548 3156 1615 Ἰησοῦν.
3202 1548 3439 1600 Ἔτιτοῦ
3475 1548 3682 1614 Πέτρου

2108 1642 2394 1703 λαλοῦντος
2409 1642 2474 1694 τὰ
2493 1642 2590 1710 τῆς
2623 1639 3000 1711 προσπαθείας
3034 1639 3132 1707 τῆς
3156 1638 3293 1709 πρὸς
3320 1636 3410 1690 τὸν
3430 1637 3684 1689 διδάσκα-

2110 1732 2200 1785 λον
2233 1735 2472 1803 ῥήματι,
2503 1732 2739 1800 φωτεινή
2764 1748 2849 1792 τις
2883 1728 3091 1783 ἄνωθεν
3123 1728 3322 1797 νεφέλη
3347 1730 3641 1780 ἐπεσκίασε
3670 1744 3681 1760 ·

2114 1823 2205 1874 καί
2237 1823 2386 1890 φωνὴ
2436 1821 2619 1891 παρῆν
2664 1824 2728 1873 ὲκ
2775 1820 2877 1887 τῆς
2924 1819 3155 1886 νεφέλης
3203 1817 3558 1888 διορθουμένη
3599 1816 3687 1868 τὸν

2113 1912 2315 1981 Πέτρον
2343 1928 2355 1940 ·
2391 1912 2519 1973 ἴσως
2557 1912 2651 1964 καὶ
2699 1911 2826 1972 τοὺς
2880 1908 3243 1978 συμμαθητάς
3284 1909 3351 1960 τὰ
3403 1908 3543 1959 αὺτά
3598 1906 3689 1959 θέ-

2112 2003 2305 2065 λοντας
2365 2003 2533 2070 αύτῷ,
2591 2004 2686 2055 καὶ
2739 2002 3001 2069 λέγοντας
3050 2001 3110 2052 ὲν
3157 1999 3234 2070 τῷ
3286 1999 3404 2067 ὄρει
3458 1999 3684 2061 μένειν·

2114 2093 2255 2147 ὥστε
2292 2094 2459 2162 μηδὲν
2510 2095 2753 2147 ἐναντίον
2813 2094 3032 2161 φρονεῖν
3085 2091 3163 2161 τῷ
3213 2089 3482 2160 ἀγαπητῷ
3536 2089 3686 2159 Υῖῷ,

2116 2184 2228 2237 ἀλλ’
2269 2183 2489 2236 ἀκούειν
2523 2182 2711 2245 αὐτοῦ,
2743 2184 2836 2235 καὶ
2872 2181 3102 2235 ἕπεσθαι
3151 2180 3228 2249 τῷ
3276 2179 3544 2251 θελήματι
3592 2180 3691 2232 αύ-

2116 2273 2231 2327 τοῦ,
2258 2275 2667 2344 Σωτήριονγάρ
2713 2276 2828 2325 ἐστι
2864 2275 3085 2327 πάντων
3134 2273 3462 2344 ἀνθρώπων.
3511 2272 3577 2325 Τί
3637 2272 3691 2324 δὲ

2116 2365 2225 2436 χρὴ
2252 2369 2391 2419 νοεῖν
2414 2372 2514 2431 τὴν
2538 2367 2770 2433 νεφέλην
2804 2365 3036 2433 ταύτην,
3074 2365 3139 2417 ὲκ
3174 2364 3283 2416 τῶν
3316 2363 3521 2433 ὁμοίων¹
3545 2364 3693 2435 εξρη-

2122 2458 2298 2528 μένων
2326 2460 2382 2509 ὲν
2422 2460 2487 2527 τῇ
2518 2458 2708 2528 Γραφῇ
2740 2457 3023 2526 ζητητέον.
3050 2455 3299 2526 Εὖρομεν
3329 2455 3437 2528 γάρ
3478 2457 3571 2509 καὶ
3599 2456 3686 2510 τὸν

2118 2547 2361 2614 Μωῦσῆν
2393 2547 2707 2600 εἰσελθόντα
2737 2549 2817 2608 εἰς
2848 2548 2947 2615 τὴν
3006 2546 3262 2616 νεφέλην,
3307 2547 3394 2599 ὅτε
3449 2546 3509 2598 τὸ
3567 2545 3686 2616 ὅρος

2120 2637 2388 2706 ἐκάλυψεν
2417 2640 2474 2689 ὲν
2496 2640 2560 2709 τῇ
2593 2641 2786 2707 ἐρήμῳ
2824 2638 3028 2706 Χωρήϐ
3060 2655 3074 2668 ο
3116 2638 3175 2699 ὃς
3210 2638 3304 2689 καὶ
3333 2637 3687 2706 ἐμαρτυρήθη

2121 2724 2382 2777 εἰσελθεῖν
2402 2726 2483 2786 εἰς
2512 2726 2606 2776 τὸν
2640 2727 2862 2793 γνόφον,
2897 2718 2958 2779 οὗ
2989 2722 3057 2796 ἦν
3091 2727 3118 2777 ὁ
3152 2725 3308 2788 Θεός.
3343 2722 3475 2779 Εἶτα
3503 2725 3559 2777 δὲ
3602 2725 3691 2778 καὶ

2122 2816 2208 2870 ὅτε
2239 2814 2337 2884 τὴν
2374 2815 2580 2884 σκηνὴν
2605 2812 2695 2867 τοῦ
2731 2815 3031 2885 μαρτυρίου
3065 2816 3340 2884 διαφόρως
3368 2815 3629 2884 ἐκάλυψεν
3656 2814 3689 2879 ἡ

2122 2906 2321 2975 νεφέλη
2349 2906 2535 2969 πάλαι,
2570 2906 2826 2959 κάκεῖθεν
2867 2907 3097 2977 ἠκούετο
3119 2906 3295 2959 λαλῶν
3319 2905 3399 2975 τῷ
3429 2907 3643 2959 Μωῦσεῖ
3662 2904 3690 2957 ὀ

2122 2999 2276 3061 Θεός.
2310 2998 2507 3060 Στύλος
2553 2998 2608 3051 δὲ
2656 2998 2818 3051 πάλιν
2870 2998 3100 3068 νεφέλης
3145 2998 3547 3069 προεπορεύετο
3602 2997 3691 3049 τώ

2123 3089 2273 3155 λαοῦ,
2296 3090 2561 3159 δροσίζων
2587 3090 2683 3158 μὲν
2706 3090 2940 3161 ἡμέρας,
2966 3091 3379 3162 ὲκπυρούμενος
3398 3090 3455 3142 δὲ
3472 3088 3695 3152 νυκτός.

2136 3183 2297 3236 ’Δλλά
2320 3184 2413 3236 καὶ
2453 3184 2676 3244 Ἡσαΐας
2702 3182 2957 3252 προλέγει
3007 3183 3099 3236 τὸν
3155 3184 3360 3252 Κύριον
3409 3181 3565 3252 ἥξειν
3610 3179 3699 3233 ἐπὶ

2123 3275 2358 3345 νεφέλης
2404 3276 2613 3344 κούφης
2668 3280 2748 3342 εἱς
2790 3279 3087 3344 Αἴγυπτον.
3135 3278 3253 3328 Ἔτι
3281 3276 3338 3327 δὲ
3364 3274 3700 3351 statin-120-

2122 3366 2397 3436 λομῶντος
2429 3366 2720 3436 ἀκούομεν,
2770 3369 2858 3421 ὅτε
2913 3368 3004 3420 τὸν
3044 3367 3171 3442 ναὸν
3227 3365 3553 3437 ᾠκοδόμησε
3610 3362 3702 3416 καὶ

2124 3455 2482 3524 καθιέρωσεν,
2523 3456 2606 3507 ὅτι
2659 3456 2749 3508 τὸν
2816 3452 2963 3509 οἶκον
3016 3457 3335 3526 ἐπλήρωσεν
3386 3455 3420 3523 ἢ
3477 3455 3698 3523 νεφέλη,

2124 3548 2218 3600 καὶ
2244 3547 2343 3597 οὐκ
2368 3545 2635 3613 ἠδύναντο
2664 3547 2928 3601 εἰσελθεῖν
2961 3546 3057 3600 καὶ
3088 3548 3390 3617 ἱερουργεῖν
3437 3547 3486 3598 οἱ
3542 3548 3704 3616 ἱερεῖς

2123 3640 2232 3693 ἀπὸ
2261 3637 2555 3709 προσώπου
2585 3640 2682 3707 τῆς
2709 3641 2959 3708 νεφέλης.
2985 3638 3173 3693 Ταῦτα
3211 3641 3305 3692 καὶ
3354 3638 3528 3690 πλείω
3582 3636 3706 3691 τού-

2122 3745 2231 3782 των
2280 3727 2505 3781 δυνατδν
2554 3729 2662 3780 ἀπὸ
2699 3730 2883 3797 πάσης
2928 3730 3028 3798 τῆς
3077 3730 3116 3781 Γ
3122 3730 3299 3800 ραφῆς
3350 3730 3702 3795 συναγαγεῖν,

2122 3822 2202 3881 εἰς
2235 3819 2582 3888 παράστασιν
2612 3820 2704 3871 καὶ
2738 3825 3036 3889 σαφήνειαν
3066 3819 3160 3872 τοῦ
3184 3818 3558 3889 προκειμένου
3583 3818 3708 3888 νοή-

2127 3928 2315 3982 ματος,
2340 3911 2544 3964 καὶτοῦ
2563 3911 2791 3978 γνῶναι,
2814 3913 2897 3975 τίς
2921 3908 2989 3983 ἦν
3006 3915 3038 3983 ἠ
3057 3911 3278 3980 νεφέλη,
3307 3910 3557 3974 ἅπαντας
3586 3911 3709 3973 τοὺς

2123 4004 2384 4074 ὀφθέντας
2412 4003 2510 4055 σὺν
2532 4006 2647 4067 τοῖς
2682 4004 2898 4067 θεαταῖς
2942 4004 3336 4065 ὲπισκιάσασα,
3371 4002 3493 4056 ὅθεν
3546 4002 3711 4070 ἡκού-

2125 4097 2225 4164 σθη
2261 4099 2354 4148 καὶ
2382 4098 2414 4167 ἡ
2439 4095 2590 4166 φωνὴ
2615 4096 2852 4163 λέγουσα
2882 4113 2896 4127 ι
2930 4093 3119 4163 Οὗτός
3143 4097 3314 4151 ἐστιν
3338 4099 3370 4150 d
3424 4096 3560 4161 ΥΙός
3594 4111 3710 4164 μου

2124 4190 2156 4241 ὀ
2180 4187 2503 4255 ἀγαπητὸς,
2535 4188 2603 4240 ἐν
2632 4180 3012 4255 ᾦηύδόκησα
3039 4204 3054 4217 ·
3082 4186 3270 4241 αὑτοῦ
3297 4188 3568 4241 ἀκούετε.

2194 4280 2306 4340 Τὰς
2339 4280 2439 4344 μὲν
2467 4280 2577 4349 γὰρ
2612 4280 2914 4350 εἰρημένας
2950 4279 3206 4347 νεφέλας,
3247 4281 3545 4346 συγγενεῖς
3574 4274 3712 4331 εἶναι

2124 4372 2409 4439 νομιστέον
2439 4371 2687 4441 ἀλλήλων
2721 4387 2735 4403 ο
2800 4370 3003 4439 μᾶλλον
3051 4371 3132 4434 δὲ,
3197 4369 3326 4440 μίαν
3377 4369 3475 4432 τὰς
3535 4370 3713 4429 πάσας

452 4454 655 4511 dicere.
688 4456 797 4511 Nec
827 4471 959 4510 vero
992 4466 1148 4512 terra:
1188 4458 1591 4512 exhalationem
1631 4460 1892 4529 aliquam,
1929 4466 2016 4513 aut

2125 4463 2305 4531 λέγειν
2334 4465 2433 4517 οὐκ
2458 4464 2717 4527 ὀκνητέον
2748 4479 2765 4495 ο
2810 4462 2871 4514 οὐ
2921 4462 3026 4530 γῆς
3079 4462 3199 4515 οὐδὲ
3245 4460 3639 4529 ἀναθυμίασιν,
3682 4458 3712 4527 ἢ

451 4564 606 4618 aqua:
637 4550 1104 4618 evaporationem,
1138 4551 1221 4604 vel
1252 4552 1736 4605 condensationem
1762 4551 1904 4605 aeris
1937 4551 2031 4605 de-

452 4641 646 4695 bemus
691 4652 982 4710 reputare;
1019 4650 1113 4696 aut
1165 4643 1393 4697 omnino
1444 4659 1667 4697 aereum
1712 4643 1846 4712 quid
1901 4658 2026 4697 cor-

455 4748 634 4801 poreae
668 4734 992 4786 substantia:
1021 4752 1034 4786 :
1063 4734 1157 4788 sed
1190 4734 1350 4788 nobis
1387 4735 1725 4803 possibilem,
1761 4751 1826 4789 ac
1854 4735 2029 4788 facul-

456 4822 550 4876 tati
574 4830 772 4875 nostrte
794 4831 1098 4891 coeptatam
1119 4834 1329 4877 natura:
1351 4824 1550 4878 divina:
1573 4825 1845 4885 notitiam,
1865 4839 2028 4892 quam

454 4926 694 4980 congrua
765 4913 935 4981 magis
986 4928 1145 4973 voce,
1188 4915 1637 4984 magniﬁcentiam
1665 4912 1678 4963 i
1710 4953 1735 4985 ,.
1765 4913 2026 4969 Davidica

461 5000 647 5069 pbrasi
703 5000 999 5053 dixerimus
1020 5002 1086 5053 ".
1140 4999 1273 5066 Quia
1317 5001 1462 5052 enim
1512 4997 1649 5050 ortni
1695 5012 1756 5049 ac
1792 4997 2026 5047 interimi

462 5093 714 5150 obnoxiis
767 5093 960 5147 divinae
1014 5105 1218 5147 naturae
1250 5091 1656 5160 comprehensio
1687 5088 2028 5157 impossibilis

536 5250 584 5283 ⁸³
610 5250 775 5303 Marc.
825 5265 897 5305 ix.
936 5249 991 5303 5.

463 5320 509 5350 ‘°
542 5323 648 5376 Im.
675 5337 786 5382 six,
816 5321 866 5373 l.

1070 5250 1116 5283 ⁸⁸
1152 5249 1337 5303 Matth.
1379 5263 1507 5302 xvii.
1560 5247 1674 5301 5-8.

1756 5248 1799 5279 ⁵⁷
1831 5248 2000 5301 Exod.
2039 5261 2187 5304 xxiv,
2222 5247 2311 5298 IS.

946 5321 984 5352 ⁶¹
1017 5319 1059 5374 ll
1092 5320 1245 5375 Paral
1271 5337 1323 5390 p.
1374 5336 1427 5387 ν,
1458 5319 1545 5382 I5.
1586 5318 1670 5372 14.
1747 5318 1792 5349 ⁶²
1828 5318 1966 5371 Psal.
2001 5333 2180 5381 CXLIV,
2220 5317 2251 5369 '5
2281 5332 2396 5385 seq.

2130 4555 2322 4617 ὕδατος
2352 4553 2674 4625 ὲξαέρωσιν,
2706 4554 2739 4625 ἢ
2769 4551 3049 4606 πύκνωσιν
3099 4553 3260 4623 ἀέρος
3294 4553 3514 4619 οἰητέον
3546 4552 3715 4618 αὐτὴν

2129 4642 2271 4699 εῖναι
2298 4662 2311 4676 ·
2347 4645 2456 4698 οὐδ’
2490 4645 2628 4708 ὅλως
2657 4662 2708 4697 τι
2743 4645 2841 4714 τῆς
2878 4645 3198 4715 σωματικῆς
3251 4644 3437 4706 οὐσίας
3483 4643 3674 4712 ἀέριον
3697 4656 3711 4670 ⁶

2129 4736 2265 4790 ἀλλὰ
2300 4738 2434 4804 ἡμῖν
2460 4734 2712 4802 ὲφικτὴν,
2770 4736 2863 4787 καλ¹
2918 4737 2997 4797 εἰς
3053 4735 3201 4804 ἡμᾶς
3253 4734 3571 4802 φθάνουσαν
3622 4733 3714 4802 τῆς

2131 4827 2283 4890 Θείας
2346 4828 2563 4896 φύσεως
2615 4825 2838 4893 γνῶσιν,
2904 4827 2969 4895 ἣν
3027 4826 3586 4894 μεγαλοπρέπειαν,
3645 4824 3716 4886 ὡς

2129 4916 2384 4984 ὀνομάζει
2441 4914 2626 4974 Δαόὶδ,
2690 4918 2866 4973 εἰπεῖν
2922 4914 3274 4985 οἰκειότερον.
3342 4915 3567 4985 Ἐπειδὴ
3614 4914 3716 4983 γάρ

2137 4998 2426 5065 ἀνέφικτός
2456 5000 2572 5052 ἐστι
2600 5002 2716 5063 τοῖς
2750 5001 2808 5054 ὲν
2856 5000 3067 5066 γενέσει
3100 5000 3193 5050 καὶ
3227 4998 3403 5068 φθορᾷ
3430 4999 3530 5066 τῆς
3561 4998 3711 5057 θείας

2138 5089 2327 5152 οὐσίας
2357 5092 2388 5160 ἡ
2430 5090 2760 5160 κατάληψις,
2782 5092 2871 5145 διὰ
2904 5091 3012 5144 τῶν
3054 5091 3422 5159 ἐνδεχομένων
3459 5091 3697 5159 τρόπων,

2392 5245 2438 5278 ⁸⁸
2467 5246 2626 5302 Num.
2664 5263 2773 5314 xw,
2819 5249 2884 5303 45
2936 5263 3089 5319 seqq.
3167 5248 3212 5280 δ’
3245 5246 3420 5303 Exod.
3453 5260 3579 5309 xm,
3607 5244 3699 5299 9-1.

1560 5488 1797 5544 νΑιιιΑζ
1835 5485 2218 5542 LECTIOXES
2258 5484 2347 5540 ET
2378 5481 2610 5539 NOTAE.

532 5626 544 5662 ι
589 5610 1055 5682 Magniﬁcentiam,
1092 5608 1584 5682 μεγαλοπρέπειαν.
1617 5601 2212 5682 Vonestﬂcreberrima
2249 5601 2303 5681 in
2324 5597 2711 5682 l)‘av_idicis,hac
2746 5598 2902 5682 aliis;
2939 5613 3039 5667 pro
3057 5612 3191 5682 qua,
3221 5614 3286 5653 ac
3316 5597 3503 5682 eadem
3542 5597 3714 5682 εῖεηξ-

461 5667 713 5738 ὕσειίοιιὲ
761 5667 850 5736 bic
890 5680 956 5732 ab
1025 5667 1310 5732 Anastasio
1339 5667 1564 5746 'posita,
1597 5676 1785 5730 multis
1838 5673 2135 5746 Scriptura:
2178 5671 2315 5726 locis
2355 5669 2592 5746 habetur
2622 5667 2766 5734 δόξα.
2812 5667 3239 5746 Chrysostomus
3298 5678 3351 5723 et
3388 5669 3475 5724 alii
3519 5667 3714 5740 appel-

464 5753 580 5808 lant
617 5750 1040 5819 συγκατὰΰπσιν,
1087 5748 1235 5801 vetet
1284 5739 1574 5816 quamdam
1631 5739 2195 5801 accommodationcm
2234 5757 2333 5810 pro
2364 5739 2528 5793 modo
2578 5748 2843 5794 creatura:
2898 5753 2962 5793 ac
3001 5740 3120 5809 ejus
3148 5748 3332 5808 captu.
