4020 6146
322 345 460 414 1373

1028 351 1284 414 SERMO
1323 353 1372 414 Ι.
1407 377 1474 389 ·-
1513 353 1596 414 IN
1635 349 2014 412 TRANSFIG
2030 347 2478 412 URATIONEM
2513 353 2580 412 D.
2624 351 2696 412 N.
2735 352 2793 414 J.
2835 351 2902 413 C.

3440 349 3580 415 1374

318 457 613 512 ὀπτάνεται
657 457 810 526 ἡμῖν,
867 458 964 512 καὶ
998 457 1056 512 ἐν
1105 461 1219 524 τοῖς
1278 461 1396 531 μετ’
1457 459 1620 514 αὑτὸν
1670 457 1900 527 πλησίον

2017 459 2237 524 exsistit,
2279 474 2377 530 per
2413 460 2608 514 modos
2653 459 2948 530 possibiles
2995 459 3050 514 in
3100 459 3169 514 iis
3211 458 3375 515 nobis
3421 461 3588 516 rebus

319 548 472 603 οὖσιν
499 544 690 613 αὐτοῦ,
723 539 866 600 διαοὰ
899 547 964 620 δὴ
994 549 1088 604 καὶ
1122 549 1208 604 διὰ
1259 550 1555 622 προφητῶν
1602 551 1734 622 ἡμῖν
1783 549 1904 602 ὲλάο

321 638 472 708 λησε,
505 640 614 692 Καὶ
648 638 938 701 ἀκούοντος
967 641 994 680 ¹ι
1050 641 1340 710 ἀνθρώπου
1387 641 1642 710 λέγοντος
1677 659 1690 673 ’
1761 639 1904 709 Ἐγὼ

323 729 540 794 Κύριος
572 729 606 780 ὁ
639 727 786 791 Θεὸς
811 725 982 796 ὑμῶν
1009 746 1025 762 ο
1061 731 1122 783 οὐ
1148 731 1242 783 τὸν
1267 731 1574 800 ἄνθρωπον,
1607 729 1740 784 Θεὸν
1763 724 1903 782 εἶναι

326 817 675 887 πιστεύομεν,
708 815 819 871 οἷον
857 819 948 871 τὸν
998 821 1224 874 Ἡσαΐαν
1252 836 1266 849 ⁸
1317 821 1452 874 ἀλλὰ
1501 823 1592 874 τὸν
1648 823 1705 874 ὲν
1757 819 1906 890 αὐτῷ

326 909 614 972 λαλοῦντα,
658 909 813 964 Θεόν.
864 910 1096 976 Οὐκοῦν,
1159 913 1209 964 εἰ
1271 913 1365 966 mi.
1411 915 1515 980 τῆς·
1553 913 1782 981 νεφέλης
1838 906 1906 980 ἦν

328 1001 504 1070 φωνὴ,
557 1001 680 1054 ὅθεν
729 1004 822 1056 καὶ
867 1003 1099 1072 ἠκούετο
1130 1019 1144 1032 ·
1206 1005 1322 1058 ἀλλ’
1367 1001 1461 1060 οὖν
1512 1005 1754 1073 δηλονότι
1809 1001 1905 1056 τοῦ

331 1093 541 1164 Πατρδς
565 1097 993 1165 προηγουμένως
1014 1091 1130 1167 ἦνὴ
1151 1099 1325 1168 φωνὴ,
1349 1097 1380 1166 ἡ
1403 1095 1498 1150 τοῦ
1521 1099 1910 1166 μαρτυρήσαν-

327 1199 420 1244 τος
449 1183 597 1252 αὐτῷ
633 1183 730 1254 τὴν
759 1186 1006 1254 υἱότητα,
1060 1187 1150 1240 διὰ
1198 1187 1416 1254 φύσεως
1466 1186 1694 1256 λογικῆς
1754 1190 1908 1254 ἐγγι-

332 1271 528 1342 ζούσης
557 1273 704 1344 αὐτῷ
736 1274 1154 1346 βροντήσαντος.
1187 1279 1311 1332 Εἰσὶ
1345 1279 1444 1348 μὲν
1465 1278 1574 1348 γὰρ
1617 1279 1711 1331 καὶ
1749 1277 1908 1346 νεφέ-

329 1363 419 1415 λαι
452 1362 860 1434 ύποδεέστεραι,
897 1363 1080 1436 φωνὴν
1114 1365 1354 1423 διδοῦσαι
1397 1369 1489 1420 καὶ
1535 1367 1914 1436 ὑποφητεύον-

333 1469 424 1505 σαι
444 1451 522 1522 τῷ
559 1452 704 1522 λόγῳ
740 1471 754 1484 ο
783 1455 924 1508 κατὰ
950 1456 1030 1520 τὸ,
1058 1457 1277 1524 Φωνὴν
1293 1457 1526 1510 ἔδωκαν
1551 1461 1609 1511 αι
1636 1457 1912 1527 νεφέλαι.

334 1543 441 1596 Καὶ
469 1544 805 1601 ἐντέλλονται
831 1547 926 1600 τοῦ
969 1549 1043 1618 μὴ
1073 1548 1263 1618 βρέξαι
1280 1549 1434 1601 ὑετὸν
1459 1551 1539 1612 εἰς
1561 1549 1654 1603 τὸν
1682 1551 1915 1604 ἀκανθο-

332 1637 501 1707 φόρον
530 1637 852 1707 ἀμπελῶνα,
894 1641 985 1692 τὸν
1014 1642 1330 1710 σωματικὸν
1363 1639 1511 1694 οἷκον
1533 1642 1626 1696 τοῦ
1674 1643 1911 1714 Ἰσραήλ.

331 1728 628 1798 Προφὴτας
649 1730 704 1782 δὲ
738 1729 964 1793 τούτους
1005 1726 1146 1784 εἶναί
1186 1749 1350 1799 φημι,
1379 1732 1471 1784 τὸν
1500 1732 1656 1799 λόγον
1693 1732 1903 1796 ὖοντας,

333 1820 428 1872 καὶ
456 1819 718 1890 ἄρδοντας
741 1823 869 1884 τοὺς
901 1821 1166 1892 ποτισμοῦ
1195 1823 1501 1892 δεομένους.
1539 1825 1600 1876 Ἠ
1630 1823 1686 1876 δὲ
1715 1824 1910 1894 νεφέλη

333 1909 474 1980 αὕτη
520 1913 697 1975 πάσας
751 1913 1072 1984 ὑπεραίρει,
1127 1915 1222 1966 καὶ
1262 1915 1477 1978 σκιάζει
1521 1915 1768 1978 πάνταςο
1828 1915 1915 1968 ἵνα

334 2001 598 2070 εἴπωμεν,
661 2003 924 2072 Πρόνοιαν
977 2005 1214 2058 ποιεῖται
1269 2005 1508 2059 πάντων.
1565 2002 1754 2072 Οὗτος
1799 2002 1914 2072 οὖν,

335 2091 533 2160 φησὶν,
570 2094 604 2145 ὁ
647 2094 781 2158 Υἱός
823 2111 944 2163 μου
974 2096 1007 2147 ό
1035 2095 1373 2163 ἀγαπητὸς,
1405 2097 1476 2148 ἐν
1504 2090 1553 2163 ᾧ
1576 2096 1913 2162 ηὐδόκησα·

335 2181 524 2236 αὐτοῦ
552 2183 820 2238 ἀκούετε.
855 2185 932 2237 Οὐ
986 2185 1158 2253 λέγει,
1213 2187 1304 2238 τὸν
1356 2187 1482 2239 Υίὸν
1537 2188 1914 2257 ἠγαπημένον,

335 2272 470 2326 ἀλλὰ
504 2275 722 2342 μᾶλλον,
759 2275 1090 2342 ἀγαπητόν.
1136 2277 1198 2330 '0
1241 2277 1342 2348 μὲν
1373 2279 1483 2350 γὰρ
1527 2279 1914 2347 ἀγαπώμενος,

333 2365 397 2417 οὐ
422 2367 640 2429 πάντως
663 2367 952 2435 ἀγαπητός
979 2386 991 2398 ·
1036 2369 1062 2422 ὁ
1109 2368 1167 2420 δὲ
1199 2371 1504 2440 ἀγαπητὸς,
1557 2371 1647 2424 καὶ
1693 2368 1920 2438 ἀγαπώ-

340 2455 498 2531 μενρς
525 2458 663 2508 ἐστι.
695 2456 768 2510 Τὸ
787 2459 896 2528 γὰρ
941 2459 1247 2529 ἀγαπητὸν,
1306 2461 1466 2530 φύσει
1510 2461 1750 2515 τοιοῦτόν
1800 2465 1917 2515 ἐστι

337 2545 558 2606 πάντως
583 2557 600 2576 ⁶
635 2545 696 2597 τὸ
725 2545 780 2598 δὲ
807 2548 1192 2616 ἀγαπώμενον,
1225 2550 1286 2602 ού
1319 2551 1534 2611 πάντως
1575 2553 1736 2618 φύσει
1763 2589 1780 2616 ,
1828 2549 1926 2604 εὐὲ

337 2633 494 2704 δοκίᾳ
524 2633 604 2689 δέ.
647 2633 706 2689 ’0
757 2636 938 2688 τοίνυν
968 2637 1094 2700 Υἱὸς
1151 2633 1232 2701 εἷς
1281 2638 1377 2700 ὣν,
1425 2640 1570 2694 ἐστιν
1613 2641 1916 2712 ἀμφότερα,

338 2725 436 2777 καὶ¹
482 2725 787 2795 ἀγαπητὸς,
839 2727 965 2791 καὶ,
1018 2727 1106 2779 ἵνα
1155 2727 1330 2790 οὕτως
1377 2729 1536 2792 εἴπω,
1581 2731 1869 2799 εὐδόκητος
1901 2745 1916 2763 ⁸

339 2815 528 2886 ἐπειδὴ
560 2815 866 2886 προσέλαϐέ
892 2833 946 2869 τι
987 2817 1328 2887 ὲτεροούσιον
1358 2820 1574 2880 ἑαυτοῦ,
1619 2823 1713 2874 καὶ
1753 2837 1921 2892 προσ-

340 2905 549 2975 alii,qu
591 2907 648 2958 τὸ
679 2907 754 2977 μὴ
783 2907 1076 2976 δμοούσιον
1121 2912 1202 2972 εἰς
1248 2912 1376 2980 μιᾶς
1407 2912 1756 2975 ὑποστάσεως
1789 2912 1924 2965 ἀνά-

339 2994 526 3061 δειξιν.
573 2997 882 3063 ’Υπέδειξεν
911 2994 1004 3053 οὖν
1029 3001 1160 3069 ἡμῖν
1185 3003 1212 3052 ὁ
1240 3001 1429 3073 Πατὴρ
1458 3005 1515 3055 ἐν
1543 3006 1609 3074 τῇ
1647 3004 1922 3074 μαρτυρίᾳ

339 3087 436 3150 τὴν
461 3087 778 3156 ἑτερότητα,
802 3090 862 3141 ού
899 3090 1198 3162 διαστήσας
1225 3093 1294 3144 τὰ
1322 3093 1578 3163 ἡνωμένα
1642 3093 1782 3164 (πῶς
1810 3095 1918 3164 γὰρ

341 3173 484 3244 ᾰττερ
538 3177 746 3246 ἥνωσεν
793 3181 821 3231 ὁ
876 3180 1006 3245 Θεὸς
1025 3223 1040 3248 ,
1069 3185 1472 3254 χωρισθήσεται
1498 3203 1512 3250 ;
1538 3183 1581 3256 ),
1611 3185 1748 3238 ἀλλὰ
1775 3187 1918 3239 616d-

343 3263 437 3329 ξας
463 3266 570 3318 τῶν
605 3270 917 3339 έτεροφυεῖιν
948 3275 1047 3342 τὴν
1076 3275 1293 3338 ἕνωσιν,
1326 3277 1422 3327 καὶ
1456 3275 1548 3328 τὸν
1604 3279 1668 3328 ἐκ
1713 3277 1918 3330 τούτων

343 3356 702 3426 συγκείμενον
728 3359 824 3413 ἕνα
853 3361 982 3415 Υἱὸν
1012 3365 1242 3433 Χριστὸν
1270 3365 1494 3436 Κύριον,
1519 3367 1614 3419 ἕνα
1644 3366 1770 3420 Υίὺν
1786 3370 1924 3434 ἁγα-

342 3449 534 3519 πητὸν,
571 3443 615 3516 ᾧ
642 3450 930 3520 λατρεύειν
976 3455 1156 3509 πᾶσαν
1205 3457 1306 3526 τὴν
1353 3457 1550 3524 κτίσιν,
1610 3460 1702 3513 καὶ
1757 3458 1920 3512 αὐτοῦ

343 3537 568 3592 ἀκούειν
599 3541 882 3610 εὐδόκησε.

413 3814 633 3884 Ταύτης
657 3813 751 3867 οὖν
777 3813 877 3884 τῆς
902 3814 1353 3886 μεγαλοπρεποῦς
1376 3819 1560 3888 φωνῆς
1590 3815 1924 3898 ἀξιούσαντες

343 3908 393 3960 οἱ
426 3907 739 3967 ἀπόστολοι,
776 3905 1004 3960 ἔπεσον
1035 3907 1132 3960 ἐπὶ
1171 3909 1516 3976 πρόσωπον,
1559 3911 1924 3978 ὑποταγέντες

342 4002 409 4070 τῇ
441 3999 648 4054 ἄνωθεν
678 4000 960 4072 ἐνεχθείοῃ
997 4003 1146 4071 φωνῇ
1173 4041 1188 4064 ,
1221 4001 1316 4056 καὶ
1349 4000 1746 4071 ἐφοϐήθησαν
1767 4006 1922 4073 σφό-

343 4091 456 4159 δρα
488 4108 500 4122 ·
543 4093 670 4152 ἴσως
709 4091 794 4142 δια
827 4090 924 4162 τὴν
953 4092 1240 4160 φθάσασαν
1295 4093 1602 4159 ἀπείθειαν,
1660 4095 1922 4165 μαθόντες

343 4187 425 4240 ὅτι
480 4187 790 4240 τούναντίον
847 4189 915 4256 τῇ
974 4186 1068 4239 τοῦ
1115 4188 1326 4256 [ἰατρὸς
1377 4189 1638 4258 ἐφρόνουν
1683 4189 1920 4261 εὐδοκία,

344 4280 437 4330 τὸν
467 4278 694 4330 θάνατον
723 4276 813 4330 τοῦ
844 4277 972 4330 Υἱοῢ
1003 4279 1550 4347 ἀποτροπιαζόμενοι,
1595 4280 1662 4332 δι’
1703 4273 1765 4332 οὗ
1821 4280 1926 4333 πᾶ-

345 4387 434 4423 σιν
471 4369 780 4440 ἀνθρώποις
813 4371 845 4438 ή
887 4368 1134 4439 σωτηρία
1168 4372 1622 4439 προεταμιεύετο,
1655 4371 1797 4425 κατὰ
1823 4372 1921 4444 τὴν

345 4461 581 4530 ἀρχαίαν
608 4459 802 4530 βουλὴν
829 4460 922 4512 τοῦ
956 4461 1185 4530 Πατρός.
1221 4462 1507 4531 Ἐμφόόων
1531 4463 1586 4515 δὲ
1612 4463 1919 4530 γενομένων
1955 4451 1995 4504 D

347 4551 526 4605 αὐτῶν
554 4550 646 4602 καὶ
676 4551 850 4619 χαμαὶ
903 4551 1190 4618 κειμένων,
1254 4552 1532 4619 Ἑτγίσας
1579 4555 1611 4606 ό
1669 4555 1918 4618 Ἰησοῦς,

348 4633 546 4710 ἥψατο
573 4639 792 4700 αὐτῶν,
833 4639 1029 4708 λέγων
1064 4659 1077 4670 ·
1123 4641 1468 4710 Ἐγείρεσθε,
1524 4644 1624 4696 καὶ
1681 4643 1766 4712 μὴ
1819 4662 1924 4714 φο-

347 4730 568 4784 εἐῖσθε.
621 4729 852 4790 Οὑδενίς
883 4729 991 4795 γὰρ
1020 4724 1088 4799 ἦν
1126 4729 1220 4800 τὴν
1243 4724 1444 4783 δειλίαν
1469 4732 1684 4802 ἐκείνην
1709 4733 1922 4784 5.0.57.6-

345 4823 504 4876 δάσαι
541 4823 638 4874 καὶ
670 4821 762 4874 τὸν
790 4821 974 4890 cia-160v,
1001 4825 1051 4876 ει
1089 4825 1164 4892 μὴ
1201 4823 1359 4890 μόνον
1391 4822 1484 4875 τοῦ
1519 4823 1671 4886 Υἱοῦ,
1697 4825 1756 4876 τὸ
1788 4824 1922 4894 θαρ-

347 4915 464 4986 ρεῖν
491 4915 578 4967 ἀεὶ
599 4915 957 4986 κελευομένου
980 4917 1090 4978 τοῖς
1123 4913 1271 4983 αὐτῷ
1296 4913 1706 4983 πλησιάζουσιν.

2003 561 2264 622 apparet,
2307 565 2430 621 qua:
2461 559 2585 621 post
2619 551 2799 620 ipsum
2846 549 2948 620 ipsi
2987 550 3294 620 propinque
3334 549 3536 604 habent
3570 568 3586 602 :

2005 660 2114 714 qua
2159 645 2422 698 nimirum
2461 643 2673 697 ratione
2710 657 2810 710 per
2847 641 3141 710 prophetas
3171 651 3394 709 quoque
3431 639 3590 694 nobis

2005 737 2223 790 locutus
2247 745 2329 790 est
2351 751 2365 796 ;
2389 733 2788 802 audientesque
2812 731 3089 785 dicentem
3123 731 3404 784 hominem
3436 749 3450 783 :
3479 730 3592 800 Ego

2005 827 2260 881 Dominus
2326 825 2467 880 Deus
2543 822 3242 892 vester”,-haudquaquam
3308 821 3588 875 hominem

2007 919 2178 972 Deum
2213 932 2335 971 esse
2369 915 2670 975 credimus,
2708 921 2842 984 puta
2888 914 3080 968 Isaiam
3121 913 3260 966 :sed
3315 927 3443 964 eum
3495 911 3590 979 qui

2010 1011 2255 1080 loquitur
2289 1010 2344 1062 in
2378 1009 2516 1077 ipso,
2551 1009 2716 1061 Deus.
2747 1006 3072 1075 Quanquam
3106 1021 3237 1073 ergo
3276 1017 3380 1057 vox
3427 1002 3594 1057 nubis

2009 1111 2150 1161 erat,
2186 1099 2332 1154 unde
2379 1107 2434 1153 et
2465 1098 2820 1160 audiebatur,
2855 1096 3238 1166 principaliter
3284 1105 3464 1148 tamen
3495 1093 3590 1147 Dci
3629 1125 3634 1134 ι

2009 1207 2116 1248 vox
2135 1201 2274 1254 erat,
2305 1190 2682 1245 testimonium
2706 1187 3052 1257 perhibentis
3072 1187 3232 1247 Filio,
3261 1202 3324 1240 ac
3351 1183 3595 1240 tonantis
3623 1169 3636 1241 ἐ

2013 1296 2113 1356 per
2138 1283 2373 1338 vicinam
2407 1281 2510 1335 sibi
2547 1279 2870 1333 rationalem
2902 1287 3156 1332 naturam
3197 1275 3238 1330 1.
3273 1277 3414 1331 Sunt
3441 1276 3590 1328 enim

2012 1375 2179 1431 etiam
2230 1373 2521 1427 inferiores
2569 1371 2769 1436 nubes,
2807 1385 2928 1439 quae
2956 1385 3148 1424 vocem
3185 1369 3339 1431 dent,
3371 1368 3597 1436 sintque

2012 1464 2171 1519 verbi
2203 1464 2556 1531 interpretes,
2583 1463 2736 1529 juxta
2770 1459 2908 1514 illud
2936 1477 2950 1514 :
2981 1460 3170 1513 Vocem
3209 1457 3461 1511 dederunt
3492 1471 3592 1508 nu-

1979 1615 1985 1623 _
2013 1556 2102 1610 bes
2137 1554 2200 1610 “.
2223 1555 2356 1611 Item
2393 1553 2684 1607 mandatur
2709 1551 3073 1605 nubibus‘hm
3087 1551 3278 1620 plnant
3312 1563 3480 1618 super
3507 1546 3594 1600 vi-

2015 1663 2176 1702 neam
2206 1645 2390 1716 spinas
2425 1643 2714 1706 ferentem,
2747 1643 3088 1710 corporalem
3121 1639 3342 1694 Israelis
3371 1639 3598 1691 domum

2016 1754 2079 1793 ac
2120 1737 2406 1792 familiam.
2457 1735 2567 1788 Hos
2597 1739 2804 1794 autem,
2847 1731 3142 1801 prophetas
3169 1729 3316 1792 dico,
3347 1729 3440 1797 qui
3468 1743 3596 1781 ver-

2023 1831 2149 1884 bum
2177 1829 2386 1898 pluant,
2411 1841 2474 1880 ac
2499 1825 2778 1895 potatione
2807 1809 3116 1891 indigentes
3143 1820 3395 1889 irrigcnt.
3430 1820 3600 1874 Porro

2017 1921 2196 1977 nubes
2225 1920 2341 1974 haec
2389 1919 2675 1972 universas
2706 1915 3004 1985 prtecellit,
3034 1927 3099 1966 ac
3155 1911 3454 1964 obumbrat
3483 1925 3601 1963 om-

2017 2027 2117 2068 nes
2135 2012 2333 2074 nubcs,
2353 2011 2504 2064 velut
2535 2009 2785 2062 dicamus
2819 2007 3205 2061 universorum
3226 2019 3388 2073 agere
3409 2001 3599 2072 provi-

2017 2106 2282 2161 dentiam.
2333 2103 2430 2156 Hic
2455 2117 2606 2172 ergo,
2641 2100 2837 2170 inquit,
2869 2107 2943 2152 est
2977 2097 3138 2151 Filias
3175 2111 3318 2154 meus
3345 2093 3598 2150 charissi-

2018 2213 2156 2260 nms,
2205 2197 2259 2248 in
2287 2209 2388 2262 quo
2450 2193 2573 2244 mihi
2601 2192 2728 2245 bene
2759 2188 3087 2259 complacui;
3117 2188 3292 2256 ipsum
3385 2185 3596 2241 audite.

2015 2289 2136 2344 Non
2162 2287 2258 2352 ait,
2276 2286 2474 2341 Filium
2501 2282 2890 2344 dilectum,sed
2912 2281 3104 2350 magis,
3124 2277 3511 2332 charissimum
3531 2284 3594 2328 ιιι.

2018 2380 2120 2446 Qui
2145 2377 2292 2432 enim
2317 2375 2585 2445 diligitur,
2610 2389 2716 2426 non
2741 2371 2924 2426 statim
2949 2371 3066 2440 ipse
3090 2369 3452 2425 charissimus
3471 2375 3552 2419 est
3577 2379 3596 2420 :

2020 2470 2113 2541 qni
2145 2478 2328 2524 autem
2356 2477 2440 2522 est
2465 2463 2846 2525 charissimus,
2873 2462 3035 2518 etiam
3067 2462 3304 2516 dilectus
3328 2467 3430 2514 est.
3456 2455 3599 2511 Cha-

2021 2563 2300 2617 rissimum
2345 2560 2518 2616 enim.
2561 2557 2786 2611 omnino
2819 2555 2922 2610 tale
2951 2565 3144 2609 natura
3173 2562 3257 2608 est
3285 2571 3299 2606 :
3334 2550 3598 2604 dilectum

2020 2664 2202 2708 autem
2227 2692 2242 2718 ,
2278 2665 2387 2705 non
2435 2649 2662 2702 omnino
2709 2653 2794 2700 est
2839 2655 3057 2704 natura,
3091 2643 3186 2697 sed
3228 2637 3601 2708 beneplacito.

2020 2745 2198 2802 Filius
2246 2757 2378 2813 ergo
2426 2754 2570 2794 unus
2617 2738 2912 2800 exsistens,
2963 2743 3261 2803 utrumque
3313 2737 3419 2792 est,
3471 2741 3602 2783 cum

2021 2836 2403 2896 charissimus,
2429 2843 2565 2894 tum,
2590 2840 2650 2884 ut
2673 2830 2747 2882 ita
2771 2829 2987 2897 loquar,
3013 2825 3392 2893 beneplaeitus
3418 2837 3432 2872 :
3454 2813 3602 2888 quod

2019 2928 2284 2982 nimirum
2325 2924 2564 2978 alienum
2601 2919 2806 2988 aliquid
2844 2935 2873 2973 a
2905 2915 3216 2971 substantia
3261 2927 3358 2967 sua
3385 2923 3603 2965 assum-

2023 3017 2196 3088 pserit
2219 3031 2234 3079 ;
2260 3013 2462 3082 sitque,
2493 3009 2639 3079 quod
2673 3023 2782 3062 non
2813 3008 3057 3078 ejusdem
3085 3015 3232 3058 esset
3253 2999 3602 3066 substantiae,

1945 3129 1988 3186 ο
2023 3113 2363 3174 assumptum
2426 3101 2492 3156 ad
2572 3100 2738 3154 unius
2803 3096 3257 3153 constitutionem
3328 3103 3598 3171 persoine.

2021 3196 2276 3254 Ostendit
2327 3194 2510 3262 itaque
2546 3205 2646 3246 suo
2691 3189 2852 3244 nobis
2898 3188 3059 3242 Pater
3106 3186 3213 3239 hoc
3265 3179 3602 3245 testimonio,

2021 3290 2272 3345 diversas
2317 3300 2439 3339 esse
2487 3280 2858 3345 substantias;
2892 3293 2999 3332 non
3046 3288 3108 3332 ut
3157 3283 3377 3344 separet
3424 3275 3600 3334 unita,

2025 3379 2140 3451 (qui
2177 3377 2324 3431 enim
2352 3383 2678 3444 separentur
2707 3386 2828 3441 quae
2859 3369 3038 3424 univit
3060 3367 3207 3421 Deus
3223 3367 3266 3435 ?)
3289 3363 3382 3418 sed
3417 3375 3602 3416 rerum

2022 3481 2217 3528 natura
2260 3469 2604 3523 diversarum
2655 3465 2916 3518 unionem
2968 3461 3184 3518 doceat,
3219 3473 3280 3510 ac
3314 3469 3484 3508 unum
3533 3467 3606 3506 ex

2022 3563 2106 3618 eis
2139 3549 2504 3629 compositum
2539 3555 2763 3617 Filium,
2802 3551 3084 3607 Christum
3134 3547 3463 3610 Dominum;
3510 3543 3604 3598 Fi-

2023 3655 2159 3710 lium
2206 3667 2374 3706 unum
2423 3646 2834 3707 cbarissimum,
2869 3639 3335 3710 cui.complacuit
3380 3649 3600 3692 omnem

2024 3744 2235 3802 servire
2269 3748 2577 3795 creaturam
2608 3751 2670 3789 ac
2699 3734 2877 3804 ipsum
2907 3731 3121 3786 audire.

2091 3833 2228 3891 Vlll.
2262 3831 2565 3887 Audientes
2597 3827 2783 3895 itaque
2810 3823 3042 3894 apostoli
3077 3819 3418 3892 magniﬁcam
3458 3819 3603 3873 hanc

2022 3939 2238 3986 vocem,
2283 3922 2578 3976 ceciderunt
2612 3919 2668 3972 in
2702 3919 2928 3988 faciem;
2967 3913 3195 3984 subjecti
3241 3911 3454 3965 scilicet
3479 3909 3600 3963 voci

2025 4017 2094 4073 de
2133 4015 2353 4071 excelso
2395 4010 2646 4073 emissae,
2704 4015 2757 4062 et
2795 4007 3083 4060 timuerunt
3129 4000 3302 4058 valde.
3345 4001 3602 4056 Fortasse

2025 4117 2252 4179 propter
2278 4101 2680 4174 praecedentem
2711 4097 3166 4156 inobedicntiam,
3200 4093 3294 4148 ubi
3325 4094 3436 4162 jam
3465 4106 3600 4144 con-

2025 4199 2260 4254 trarium
2295 4211 2352 4251 se
2397 4193 2575 4250 Patris
2623 4191 2973 4261 bcncplacito
3019 4203 3210 4258 sapere
3255 4185 3599 4246 didicissent,

2026 4287 2148 4344 Filii
2179 4293 2412 4340 mortem
2452 4290 2792 4344 aversantes,
2825 4281 2984 4349 cujus
3012 4279 3212 4331 merito
3239 4277 3391 4346 juxta
3426 4273 3604 4328 Patris

2027 4373 2313 4443 antiquum
2351 4369 2644 4426 consilium
2676 4368 2936 4422 universo
2966 4367 3207 4439 humano
3236 4362 3424 4434 generi
3455 4361 3606 4416 salus

2026 4463 2264 4534 paranda
2317 4471 2482 4516 esset.
2537 4457 2770 4513 Territis
2813 4473 2980 4527 porro
3030 4457 3142 4510 illis
3191 4471 3254 4509 ac
3287 4453 3438 4508 humi
3471 4465 3603 4522 pro-

2027 4553 2214 4608 stratis
2245 4569 2258 4604 :
2292 4550 2549 4604 Accedens
2575 4547 2748 4610 Iesus,
2786 4548 2952 4616 tetigit
2979 4562 3084 4610 eos,
3117 4545 3292 4598 dicens
3323 4559 3340 4598 :
3370 4541 3601 4612 Surgite,

2025 4652 2075 4696 et
2106 4641 2267 4696 nolite
2306 4643 2504 4696 timere.
2536 4639 2753 4694 Nullius
2781 4637 2928 4692 enim
2967 4636 3206 4706 partium
3239 4642 3361 4689 erat
3396 4640 3603 4686 metum

2025 4738 2177 4790 illum
2213 4735 2480 4804 dissipare
2516 4739 2680 4800 atque
2719 4731 2994 4791 timorem,
3023 4736 3389 4797 praeterquam
3423 4723 3605 4778 solum

2025 4825 2171 4888 Filii,
2209 4825 2301 4892 qui
2331 4839 2548 4892 semper
2575 4837 2767 4876 omnes
2799 4820 2868 4875 ad
2909 4819 3086 4888 ipsum
3114 4816 3443 4872 accedentes
3470 4826 3608 4869 con-

2028 4915 2197 4970 ﬁdere
2223 4915 2400 4986 jubet.

1010 5077 1014 5079 μ
1103 5035 1150 5066 ⁸⁸
1176 5035 1280 5089 lsa.
1315 5050 1496 5099 mnu,
1538 5034 1597 5086 ΓΙ
1629 5049 1746 5103 seq.
1775 5033 1822 5067 “
1849 5035 1991 5089 Psal.
2029 5051 2206 5097 mm,
2240 5035 2321 5088 18.
2399 5033 2444 5065 ⁸³
2478 5033 2583 5088 lsa.
2613 5049 2666 5100 ν,
2698 5032 2751 5086 6.

1462 5147 1695 5202 νΑιιιλΕ
1734 5147 2111 5202 LEC'I'IONES
2147 5147 2230 5201 ΕΤ
2270 5145 2502 5200 ΝΟΤᾹΕ.

441 5242 470 5284 ι
509 5243 886 5308 Ἀκούοντος.
950 5240 1079 5312 Leg.
1137 5241 1446 5312 ἀκούοντες.

347 5311 568 5383 λογικῆς
635 5313 958 5383 ἐγγιζούσης
1026 5311 1170 5380 αύτῷ
1225 5311 1632 5383 βροντήσαντος.

1547 5239 1664 5294 ιΑο
1699 5243 1929 5294 tonantis
1988 5256 2080 5310 per
2135 5241 2360 5292 vicinam
2407 5240 2504 5293 sibi
2554 5235 2871 5310 rationalem
2910 5242 3180 5310 naturam.
3235 5229 3334 5310 ᾼξὰ

1705 5311 1909 5378 Nempe
1971 5326 2068 5378 per
2143 5311 2366 5378 angelos
2416 5325 2430 5362 :

347 5371 631 5447 Ilelirftt,
675 5371 724 5438 '2'
753 5371 864 5436 {Si
917 5371 1056 5434 enim
1084 5371 1196 5452 iper
1225 5371 1450 5452 angelos
1501 5382 1667 5434 dictus
1715 5371 1888 5433 sermo
1929 5371 2098 5452 [actus
2138 5371 2238 5452 est"

3425 5245 3600 5280 υσεως

2488 5247 2504 5291 ἱ
2554 5247 2871 5298 rationalem
2910 5247 3180 5288 naturam.
3235 5247 3334 5282 Δια
3384 5247 3600 5296 φύσεως

2482 5311 2570 5362 cui
2634 5307 2862 5361 omnino
2921 5309 3187 5357 consonat
3246 5299 3378 5353 illud
3443 5299 3602 5353 Pauli

2243 5378 2431 5445 ﬁrmus
2473 5394 2490 5431 :
2527 5393 2650 5431 cum
2704 5378 2961 5442 loquatur
3010 5373 3079 5426 de
3118 5369 3491 5445 legislatioue,
3542 5367 3600 5422 in

348 5467 454 5522 qua
493 5439 642 5534 _item
695 5453 920 5524 angelus
966 5439 1446 5534 estin-persona
1500 5452 1744 5534 loquitur
1799 5451 1890 5529 de_
1921 5439 2086 5530 nube.
2153 5439 2482 5534 Noiit'vero
2524 5439 2848 5526 Anastasius
2883 5443 3152 5534 ejusmodi
3197 5439 3394 5534 nubes.
3447 5439 3598 5505 ipsos

347 5507 571 5591 angelos
623 5507 901 5586 cssc,useu
950 5523 1100 5576 unita
1161 5507 1270 5576 illis
1317 5507 1590 5590 corpora,
1631 5520 1724 5574 scd
1781 5519 1964 5588 potius
2014 5519 2082 5591 iis
2124 5517 2372 5590 symbolo
2421 5507 2930 5591 designat-Lquod
2960 5513 3132 5567 instar
3185 5507 3416 5591 nubium
3466 5522 3593 5560 ver-

349 5589 479 5644 buin
527 5591 713 5659 pluant
763 5609 826 5646 ac
874 5592 970 5646 Dei
1025 5592 1244 5646 oracula
1291 5609 1304 5643 :

347 5666 397 5730 "_"
420 5659 794 5722 C/tarissimus,
833 5664 1136 5730 ἀγαπητὸς.

1355 5578 1632 5660 quomodo
1687 5578 1851 5645 etiam
1894 5578 2293 5660 praedicatores
2319 5603 2384 5641 ac
2427 5578 2580 5660 verbi
2635 5578 2805 5638 divini
2850 5585 3194 5660 interpretes
3226 5578 3402 5633 nubes
3443 5584 3592 5660 sunt.

1198 5645 1476 5729 lntcrp'res
1539 5661 1770 5714 Latinus
1807 5645 1920 5713 non
1949 5661 2222 5728 expressit
2247 5657 2354 5729 vim
2385 5658 2549 5729 \jocis.
2577 5671 2740 5729 quam
2768 5664 2929 5729 urget
2949 5645 3290 5729 Anastasius,
3316 5663 3440 5703 cum
3459 5645 3594 5729 ‘red-

349 5728 448 5796 dit,
475 5731 728 5795 dilectas;
757 5718 901 5786 idem
930 5718 1269 5787 enimvsonat
1292 5718 1458 5800 atque
1488 5731 1862 5801 ἠγαπημένος,
1896 5718 2040 5800 quo’d
2075 5729 2166 5783 ille
2209 5727 2438 5782 minoris
2463 5718 2743 5795 emphasis
2773 5718 3072 5789 existimat,
3112 5729 3172 5777 ut
3205 5721 3421 5776 dicatur
3452 5718 3588 5788 ἠγα-
