4020 6146
433 329 572 395 1375

1567 337 1628 395 S.
1670 336 2071 395 ANASTASII
2114 334 2584 396 ANTIOCHENI

3566 321 3692 385 1:376

496 446 590 502 IX.
612 446 818 504 Morem
836 458 1017 504 autem
1045 460 1318 520 gerentes,
1338 452 1662 506 levaverunt
1682 452 2010 508 obscuratos

2184 453 2246 504 0i
2304 451 2619 514 πεισθέντες
2672 449 2884 518 ἐπῆραν
2936 446 3063 508 τοὺς
3094 439 3409 510 ὀφθαλμοὺς
3446 438 3695 507 ἀμαυρω-

428 554 495 595 ac
532 537 689 595 velut
735 539 1036 610 caligantes
1077 544 1269 597 oculos
1312 557 1327 596 ι
1369 541 1511 596 forte
1558 553 1707 598 metu
1739 561 1752 596 :
1783 542 2013 614 Cumque

432 630 706 696 (orassent,
754 630 1000 684 uiderunt
1043 630 1215 683 solum
1247 631 1450 684 Jesum.
1484 631 1759 688 Hactenus
1791 648 2013 703 proces-

430 722 501 775 sit
526 723 674 789 regni
703 723 968 776 caelorum
998 721 1339 792 aenigmatica
1371 724 1660 778 exhibitio.
1691 725 2016 779 Descenden-

433 809 566 863 tibus
591 817 768 862 autem
795 811 900 864 il.is
920 812 981 865 de
1007 822 1181 867 monte
1208 818 1454 886 prwcepit
1483 818 1554 871 eis
1587 817 1762 880 Iesus,
1794 818 1967 871 dicens
1996 835 2013 871 :

435 896 650 950 Nemini
689 899 929 953 dixeritis
964 904 1237 968 visionem,
1277 905 1438 958 donec
1473 906 1641 961 Filius
1681 909 1903 960 hominis
1936 924 2016 960 re-

430 1000 617 1056 surgat
662 988 728 1039 6°.
772 988 884 1042 Cur
918 1004 1052 1043 vero
1089 991 1397 1060 prohibuit,
1437 1011 1506 1049 ne
1552 1006 1845 1049 narrarem
1874 994 2012 1059 visa,

433 1092 574 1132 neve
588 1079 843 1148 cuiquam
860 1079 1209 1137 declararent
1225 1087 1544 1156 mysterium
1561 1087 2017 1141 resurrectionis?

434 1166 574 1233 Quia
607 1170 870 1225 nimirum
900 1173 1194 1241 oportebat
1232 1177 1385 1244 prius
1426 1192 1712 1246 resurgere
1739 1177 2015 1249 Primoge-

435 1261 605 1313 nitum
636 1260 788 1316 illum
830 1278 894 1317 ea:
943 1266 1166 1319 mortuis
1198 1266 1264 1329 ⁸⁷,
1304 1268 1424 1336 ipso
1469 1284 1637 1337 opere
1672 1277 2013 1324 astruentem

436 1355 937 1420 resurrectionem;
974 1364 1201 1427 tumque
1236 1372 1581 1412 communem
1628 1360 2016 1416 universorum

437 1442 900 1497 resurrectionem
960 1458 1031 1499 ex
1084 1444 1402 1499 testimonio
1450 1446 1628 1515 palam
1691 1446 1833 1501 ﬁeri.
1882 1448 2017 1514 Quis

436 1531 584 1585 enim
641 1533 959 1589 crediturus
1013 1544 1160 1590 esset
1206 1536 1253 1590 si
1303 1552 1368 1590 ea
1420 1537 1760 1603 dicerentur,
1815 1539 2018 1608 quibus

435 1636 616 1691 neque
663 1624 929 1694 praecipui
963 1626 1200 1697 apostoli
1252 1626 1418 1681 ﬁdem
1466 1627 1793 1685 habuissent
1844 1630 2015 1701 (sane

438 1712 634 1769 Petrus
666 1715 784 1783 ipse
823 1715 1209 1789 blasphemum
1251 1718 1645 1781 arbitrabatur,
1677 1720 1824 1789 quod
1869 1718 2017 1775 dice-

2121 542 2317 605 θέντας
2350 581 2365 605 ,
2405 545 2538 604 ἴσως
2572 541 2650 610 τῷ
2704 539 2853 608 φόίῳ
2883 556 2894 566 ’
2950 536 3058 591 Καὶ
3116 533 3471 601 ἐπάραντες,
3516 528 3697 614 μόνω·

2120 636 2227 689 τὸν
2261 635 2495 702 Ἰησοῦν
2526 631 2879 688 ἐθεάσαντο.
2916 628 3024 681 Καὶ
3058 627 3217 696 μέχρι
3246 622 3438 679 τούτου
3484 619 3697 687 γέγονεν

2121 727 2277 796 ήτῆς
2310 724 2591 795 βασιλείας
2634 724 2743 775 τῶν
2772 720 3019 791 οὐρανῶν
3070 720 3100 787 ἠ
3142 711 3547 782 αἰνιγματώδης
3597 726 3699 760 πα-

2125 817 2379 888 ράδειξις.
2413 818 2518 872 Καὶ
2543 814 3027 869 καταϐαινόντων
3054 807 3255 863 αὐτῶν
3280 806 3346 858 ἐκ
3374 803 3478 856 τοῦ
3507 802 3697 869 ὄρους.

2120 913 2460 965 ἐνετείλατο
2512 906 2717 972 αὐτοῖς
2765 910 2797 959 d
2868 900 3146 969 Ἰησοῦς,
3190 897 3386 965 λέγων
3413 909 3428 924 ο
3482 891 3697 958 Μηδενὶ

2121 1005 2332 1070 εἴπητε
2361 1002 2429 1054 τὸ
2462 1001 2673 1068 ὅραμα,
2713 999 2824 1063 ἓως
2851 991 2923 1051 οὗ
2970 997 3001 1048 ὁ
3039 992 3173 1056 Υίίς
3224 986 3332 1042 τοῦ
3390 982 3701 1052 ἀνθρώπου

2119 1096 2380 1162 ἀναστῇ.
2418 1095 2561 1164 Ἀρα
2592 1092 2736 1154 τίνος
2776 1090 2937 1159 χάριν
2969 1084 3243 1139 ἐκώλυσεν
3265 1077 3461 1139 αὐτοὺς
3491 1075 3701 1164 tsi-Oea-

2122 1184 2282 1237 θέντα
2336 1162 2726 1252 διηγήσασθαι,
2766 1180 2860 1232 καὶ
2912 1178 2986 1247 μὴ
3046 1168 3362 1242 φανερῶσαι
3416 1164 3607 1236 μηδενὶ
3647 1162 3702 1216 τὸ

2124 1276 2424 1346 μυστήριον
2451 1274 2550 1343 τῆς
2576 1269 2926 1329 ἀναστάσεως
2958 1282 2974 1333 ;
3013 1264 3137 1316 Ὀτι
3192 1258 3411 1331 πρῶτον
3465 1256 3571 1346 ἔδει
3616 1253 3702 1306 τὸν

2121 1343 2190 1417 ἐκ
2241 1343 2477 1431 νεκρῶν
2516 1360 2905 1430 Πρωτότοκον
2954 1350 3289 1418 ἀναστῆναι,
3349 1343 3704 1413 πιστούμενον

2122 1453 2270 1525 ἔργῳ
2298 1453 2398 1524 τὴν
2428 1454 2726 1507 ἀνάστασιν
2763 1466 2776 1479 ·
2813 1447 2904 1502 καὶ
2934 1444 3057 1497 τότε
3116 1441 3214 1510 τὴν
3265 1436 3451 1505 κοινὴν
3491 1436 3704 1487 πάντων

2121 1545 2212 1599 διὰ
2233 1544 2335 1614 τῆς
2358 1543 2676 1615 μαρτυρίας
2696 1538 3034 1610 γνωσθῆναι.
3057 1534 3154 1597 Τίς
3182 1530 3293 1601 γὰρ
3318 1529 3384 1583 ἂν
3419 1527 3705 1579 ἐπίστευσε

2122 1635 2459 1704 λεγομένοις,
2495 1629 2577 1697 οἷς
2619 1634 2668 1686 oi
2715 1631 2961 1701 ἐγκριτοι
2989 1625 3098 1679 τῶν
3124 1620 3435 1676 ἀποστόλων
3472 1617 3704 1687 ἠπίστη-

2125 1744 2258 1784 σαν;
2296 1726 2501 1796 Πέτρος
2538 1724 2595 1777 δὲ
2628 1724 2723 1777 καὶ
2772 1721 3094 1791 βλάσφημον
3142 1713 3425 1781 ἐλογίσατο
3474 1708 3550 1796 1:?)-
3580 1705 3706 1796 περὶ

437 1815 593 1859 retur
611 1806 680 1862 de
704 1808 1006 1865 Salvatoris
1026 1809 1225 1879 morte)
1260 1852 1275 1877 ,
1302 1811 1481 1865 donec
1509 1811 1792 1864 audissent
1826 1826 2016 1865 vocem

2125 1816 2213 1869 τοῦ
2270 1815 2502 1869 θανάτου
2536 1812 2631 1866 τοῦ
2669 1810 2919 1879 Σωτῆρος
2977 1805 3291 1873 λεγόμενον,
3344 1798 3447 1861 ἕως
3492 1789 3555 1848 οὗ
3613 1793 3706 1862 τῆς

438 1894 508 1950 de
556 1898 698 1953 caelo
744 1900 1108 1966 clamantem,
1163 1917 1229 1956 ac
1279 1902 1609 1957 charissimo
1657 1901 1795 1955 Filio
1856 1901 2015 1955 testi-

440 1986 688 2041 monium
731 1989 1113 2056 perhibentem
1150 1990 1310 2060 eique
1351 1989 1581 2059 obsequi
1618 1988 1967 2043 mandantem
2001 2007 2013 2041 :

443 2076 600 2144 Eum,
636 2080 909 2149 siquidem
955 2082 1160 2151 inquit,
1213 2083 1409 2147 audite,
1451 2089 1769 2150 certamque
1818 2080 2017 2151 legem,

441 2172 713 2243 quidquid
757 2175 825 2229 ab
858 2190 926 2230 eo
958 2177 1167 2231 dictum
1200 2176 1291 2243 sit,
1335 2175 1665 2230 existimate.
1699 2174 2020 2229 Necessario

442 2264 610 2333 igitur
636 2268 897 2338 praecepit
922 2268 1210 2339 discipulis
1240 2275 1301 2323 ut
1326 2274 1571 2322 tacerent
1600 2282 1723 2335 qua:
1746 2262 2018 2333 viderant,

443 2355 622 2412 donec
670 2361 1016 2427 praeveniens
1064 2360 1182 2430 ipse
1227 2359 1476 2413 vinceret
1520 2365 1786 2423 mortem;
1842 2367 1903 2412 ut
1950 2372 2021 2412 ne

442 2441 731 2499 audientes
759 2455 1142 2502 assuescerent
1194 2446 1355 2501 (idem
1407 2461 1519 2500 non
1563 2446 1767 2501 habere
1801 2445 1870 2499 iis
1899 2432 2022 2515 qua:

445 2533 513 2589 ab
542 2534 675 2604 ipsis
697 2536 1045 2592 dicebantur.
1081 2538 1217 2592 Nam
1248 2545 1373 2607 post
1404 2537 1871 2593 resurrectionem
1901 2537 2023 2592 Pri-

444 2627 730 2696 mogeniti,
761 2643 885 2682 eum
930 2628 1131 2684 fiducia
1158 2629 1454 2700 vulgabant
1477 2628 1725 2683 omnium
1774 2643 2023 2685 resurre-

444 2717 707 2781 ctionem,
754 2726 809 2772 et
853 2734 1151 2790 corporum
1201 2735 1232 2775 e
1277 2718 1642 2775 crassioribus
1677 2717 1729 2772 in
1756 2719 2021 2788 spiritalia

445 2808 1007 2879 transﬂgurationem,
1030 2812 1415 2881 praecipientes
1434 2812 1713 2875 omnibus,
1733 2811 1881 2880 quod
1913 2812 2023 2865 sic-

445 2896 527 2949 uti
571 2897 804 2955 Christus
844 2918 1120 2973 resurgens
1165 2919 1228 2956 ea:
1282 2903 1503 2955 mortuis
1542 2903 1665 2971 jam
1705 2917 1808 2954 non
1858 2902 2021 2955 mori-

448 2995 554 3054 tur,
582 2998 631 3043 et
663 3007 802 3045 mors
834 2992 915 3047 illi
953 3010 1058 3047 non
1096 2993 1402 3047 dominatur
1441 2992 1486 3025 ⁸⁸
1506 3033 1521 3055 ,
1553 2991 1633 3046 sic
1676 2999 1733 3045 et
1756 3007 1859 3046 nos
1885 3007 2020 3045 con-

446 3079 651 3136 formes
675 3081 837 3138 faciet
864 3084 1099 3139 claritati
1131 3100 1243 3140 sua:
1264 3124 1277 3148 ,
1362 3093 1418 3138 et
1443 3082 1765 3137 reformabit
1788 3098 2018 3151 corpora

445 3180 633 3225 nostra
661 3173 714 3226 in
757 3174 1003 3244 spiritale
1027 3183 1191 3243 atque
1223 3172 1670 3242 incorruptum“.
1692 3171 1887 3227 Etsiiu
1920 3189 2021 3227 no-

444 3259 613 3314 vitate
641 3262 763 3317 vitae
789 3261 1257 3317 ambulaverimus
1287 3262 1356 3327 ⁷ο,
1387 3261 1662 3331 rapiemur
1704 3263 1760 3315 in
1806 3262 2022 3315 nubibus

445 3354 649 3407 obviam
688 3354 912 3407 Domino
946 3356 1000 3407 in
1042 3370 1190 3418 aera,
1223 3362 1271 3406 et
1300 3356 1373 3407 sic
1398 3370 1604 3422 semper
1645 3370 1764 3407 cum
1802 3353 2023 3409 Domino

445 3445 640 3497 erimus
668 3445 734 3497 “.
779 3443 880 3499 Cui
908 3444 1080 3515 gloria
1102 3453 1168 3508 et
1207 3444 1500 3513 imperium
1526 3443 1581 3498 in
1606 3444 1803 3499 szecula
1847 3459 2022 3500 saecu-

446 3534 646 3588 lorum.
672 3536 869 3590 Amen.

1068 3876 1298 3933 SERMO
1349 3877 1415 3933 ll.

448 3968 514 4026 In
534 3968 1008 4026 Annuutiationem
1025 3969 1501 4023 intemeratissimce
1530 3966 1729 4038 Deique
1749 3967 2025 4024 Cenitricis

1135 4038 1341 4092 Μανίας.

519 4153 562 4209 Ι.
596 4152 762 4209 Vobis
807 4153 994 4218 hodie,
1035 4151 1228 4221 optimi
1265 4151 1387 4229 filii,
1411 4150 1643 4205 verbum
1678 4165 1800 4204 sum
1833 4163 2026 4203 narra-

452 4251 630 4308 turus,
661 4252 956 4313 certusque
1006 4257 1126 4298 sum
1182 4241 1298 4296 fore
1368 4249 1427 4295 ut
1477 4239 1529 4293 in
1568 4240 1808 4294 medium
1841 4239 2029 4309 profc-

452 4348 598 4397 rens,
640 4333 943 4389 Ecclesiam
973 4332 1291 4388 narratione
1325 4331 1615 4385 lietiﬁcem.
1660 4330 1830 4385 Vobis
1861 4330 2026 4386 hodie

451 4424 548 4478 Dei
578 4426 741 4480 Verbi
784 4426 852 4480 ad
902 4425 1198 4479 humanam
1245 4438 1466 4477 carnem
1496 4421 1932 4491 complexionem
1962 4436 2027 4477 ac

2125 1905 2310 1974 φωνῆς
2366 1904 2577 1958 ἀνωθεν
2629 1900 2838 1971 βοὼσης
2897 1899 3158 1968 ἥκουσαν,
3212 1886 3599 1962 μαρτυρούσης
3635 1882 3706 1954 τῷ

2120 1996 2390 2069 ἀγαπητῷ
2442 1994 2578 2065 Υίῷ,
2636 1993 2732 2047 καὶ
2768 1991 2888 2069 τὴν
2944 1985 3191 2054 ὑπακοὴν
3240 1975 3704 2069 προσταττούσης.

2132 2066 2404 2142 ’Ᾱκούετε
2424 2087 2532 2156 γὰρ
2561 2068 2777 2146 αὑτοῦ,
2804 2080 2962 2151 φησι,
2991 2077 3087 2132 καὶ
3118 2075 3281 2144 νόμον
3304 2070 3520 2142 βέϐαιον
3549 2066 3705 2156 νομί⁶

2120 2178 2238 2242 ζετε
2269 2178 2378 2230 πᾶν
2405 2177 2463 2229 to
2487 2174 2614 2241 παρ’
2639 2173 2802 2227 αὐτοῦ
2824 2160 3487 2241 λεγόμενον.⁹Αναγκαίως
3514 2153 3610 2210 οὖν
3636 2157 3708 2197 ιιι*

2120 2269 2424 2322 ἐνετείλατο
2487 2269 2600 2330 τοῖς
2665 2262 2934 2335 μαθηταῖς
2997 2258 3270 2328 σιωπῆσαι
3312 2254 3380 2307 τά
3413 2250 3703 2321 ὁραθέντα,
3746 2258 3763 2267 ’

2125 2358 2320 2429 μέχρις
2368 2350 2428 2411 οὗ
2453 2355 2663 2423 φθάσας
2697 2353 2859 2415 αὐτὸς
2895 2344 3302 2403 καταπαλαίσει
3333 2342 3424 2395 τὸν
3453 2340 3703 2429 θάνατον,

2126 2428 2320 2518 ἵναμὴ
2362 2446 2631 2515 γένωνται
2680 2447 2737 2497 ὲν
2782 2441 2895 2494 ἔθει
2952 2437 3046 2492 τοῦ
3104 2434 3356 2491 ἀπιστεῖν
3408 2434 3521 2492 τοῖς
3575 2428 3705 2496 παρ’

2122 2540 2303 2593 αὐτῶν
2348 2537 2664 2606 λεγομένοις
2702 2535 2752 2588 oi
2782 2534 3095 2593 ἀκούοντες.
3121 2525 3278 2582 Μετὰ
3312 2522 3423 2594 γὰρ
3446 2521 3545 2592 τὴν
3578 2519 3705 2572 ἀνάο

2125 2646 2315 2683 στασιν
2346 2629 2439 2682 τοῦ
2473 2627 2830 2700 Πρωτοτόκου
2885 2624 2981 2675 σὺν
3020 2617 3306 2692 παρρησία
3350 2613 3449 2683 τὴν
3487 2612 3705 2664 πάντων

2124 2721 2477 2792 ἐδημοσίευον
2499 2719 2819 2781 ἀνάστασιν,
2865 2715 2959 2767 καὶ
3000 2714 3079 2775 είς
3113 2710 3211 2781 τὴν
3239 2706 3345 2759 ἀπὸ
3386 2704 3495 2757 τῶν
3530 2718 3702 2769 παχυ-

2120 2814 2294 2883 τέρων
2325 2812 2418 2865 ἐπὶ
2447 2808 2891 2878 τὰ,πνευματικὰ
2936 2803 3163 2873 σώματα
3203 2793 3698 2870 μεταστοιχείωσιν,

2122 2904 2494 2972 ἐντελλόμενοι
2521 2901 2744 2966 ἅπασιν,
2780 2898 2859 2951 ὅτι
2910 2893 3098 2963 ὥσπερ
3154 2891 3211 2943 '0
3266 2884 3517 2956 Χριστὸς
3561 2883 3703 2936 ἁνα-

2122 2994 2273 3059 σεὰς
2300 2994 2369 3047 ἐκ
2396 2991 2643 3060 νεκρῶν,
2666 2991 2776 3043 οὐκ
2798 2988 2880 3040 ἔτι
2915 2982 3305 3047 ἀποθνήσκει,
3335 2976 3430 3032 καὶ
3452 2973 3707 3037 θάνατος

2127 3084 2312 3138 αὐτοῦ
2345 3086 2418 3139 οὐ
2462 3083 2750 3152 κυριεύει,
2785 3078 2958 3142 οὓτως
3005 3077 3099 3130 καὶ
3149 3075 3296 3145 ἡμᾶς
3349 3068 3707 3138 συμμόρψους

2125 3176 2342 3246 ποιήσει
2382 3176 2478 3245 τῆς
2529 3174 2687 3243 δόξης
2731 3169 2920 3233 αὑτοῦ,
2974 3169 3068 3221 καὶ
3124 3160 3598 3235 μετασχηματίσει
3640 3155 3710 3209 τὰ

2126 3271 2353 3341 σώματα
2410 3267 2572 3339 ἡμῶν
2625 3266 2719 3319 ἐπὶ
2757 3265 2818 3318 τὸ
2848 3259 3223 3332 πνευματικὸν
3256 3256 3350 3310 καὶ
3380 3253 3660 3321 ἄφθαρτον
3692 3265 3706 3280 ·

2126 3362 2218 3416 καὶ
2246 3362 2293 3413 εί
2328 3363 2386 3413 ὲν
2420 3358 2702 3427 καινότητι
2734 3355 2882 3423 ζωῆς
2946 3352 3434 3423 περιπατήσωμεν,
3490 3345 3711 3409 Ἀρπα-

2124 3452 2430 3521 τησόμεθα
2462 3451 2532 3504 ἐν
2564 3447 2850 3518 νεφέλαις
2875 3448 2961 3511 είς
2987 3444 3333 3507 ἀπάντησιν
3356 3436 3463 3489 τοῦ
3485 3434 3712 3499 Κυρίου

2121 3545 2208 3607 εἷς
2235 3543 2383 3610 ἀέρα
2408 3559 2422 3571 ο
2450 3540 2550 3595 καί
2574 3540 2762 3612 οὕτως
2782 3535 3041 3590 πάντοτε
3062 3532 3185 3586 σὺν
3206 3527 3400 3597 Κυρίῳ
3423 3525 3707 3592 ἔσὸμεϐα.

2123 3628 2194 3705 ᾯ
2223 3635 2257 3704 ἡ
2282 3631 2408 3697 δόξα
2430 3630 2609 3685 καὶτὸ
2639 3628 2841 3700 κράτος
2869 3629 2949 3691 είς
3002 3626 3129 3687 τοὺς
3163 3621 3363 3682 αἰῶνας
3406 3616 3514 3670 τῶν
3574 3612 3713 3668 αἰώ-

2121 3742 2247 3779 νων.
2285 3723 2477 3794 Ἀμήν.

2748 3874 2965 3928 ΛΟΓΟΣ
3012 3873 3089 3924 B’.

2198 3969 2301 4033 Είς
2333 3967 2438 4021 τὸν
2462 3964 2919 4036 Εὑαγγελισμίιν
2956 3962 3066 4026 τῆς
3092 3951 3519 4036 παναχράντου
3537 3950 3645 4006 καὶ

2634 4032 2922 4090 Θεοτόκου
2949 4032 3197 4099 Μαρίας.

2196 4152 2445 4223 Σήμερον
2483 4152 2632 4231 ὑμζν,
2670 4144 2714 4202 ὧ
2745 4150 2959 4219 ἄριστοι
2991 4144 3206 4207 παῖδες,
3252 4139 3413 4231 λόγον
3445 4132 3575 4205 ego.
3616 4131 3714 4231 καὶ

2127 4243 2275 4312 ἄγων
2305 4245 2381 4307 εἰς
2431 4224 2614 4313 μέσον,
2648 4244 2746 4311 τὴν
2792 4235 3124 4308 Ἐκκλησίαν
3173 4230 3489 4301 εὐφραίνειν
3544 4224 3716 4278 πεπί-

2133 4351 2333 4387 στευκα
2371 4312 2447 4404 τῷ
2480 4333 2802 4404 διηγήματι.
2847 4330 3098 4398 Σήμερον
3130 4326 3262 4394 ἡμῖν
3298 4320 3397 4390 τὴν
3443 4316 3539 4370 τοῦ
3571 4312 3715 4404 Θεού

2133 4423 2307 4490 Λόγου
2330 4402 2466 4493 πρός
2501 4402 2600 4491 τῆν
2632 4402 2909 4489 ἡμετέραν
2955 4415 3132 4485 σάρκα
3166 4407 3493 4481 συμπλοκήν
3524 4420 3585 4457 τε
3618 4402 3719 4456 καὶ

450 4514 798 4570 coalitioncm
847 4522 1137 4586 relegens,
1192 4513 1494 4583 gaudentes
1536 4528 1635 4567 vos
1679 4528 1709 4567 a
1755 4511 2021 4566 concione

2135 4514 2411 4583 σύμπηξιν
2467 4512 2891 4572 ἀνακαλύπτων,
2940 4506 3235 4576 χαίροντας
3293 4500 3439 4567 ὑμᾶς
3498 4494 3718 4586 ἐνθένθε

449 4602 742 4668 dimittam,
763 4606 955 4659 utilem
982 4620 1045 4658 ac
1079 4604 1356 4659 salubrem
1387 4604 1654 4658 habentes
1690 4603 1872 4673 gaudii
1908 4617 2022 4657 ma-

451 4698 669 4747 teriam.
710 4692 852 4759 Quid
878 4694 1027 4748 enim
1058 4693 1240 4748 Verbo
1280 4694 1478 4748 rationi
1513 4695 1736 4749 charius
1768 4695 1789 4748 ?
1823 4694 2026 4763 quidve

447 4783 515 4837 ad
566 4784 861 4838 utilitatem
911 4784 1286 4839 commodius?
1311 4783 1485 4839 llodie
1512 4786 1726 4854 positus
1763 4794 1848 4838 est
1872 4801 2019 4839 sum-

520 4962 565 4995 ⁸⁸
591 4961 782 5016 Matth.
821 4977 951 5028 xvu,
976 4962 1029 5017 9.
1105 4962 1151 4995 ⁸⁷
1181 4960 1391 5018 Coloss.
1421 4978 1459 5027 ι,
1498 4964 1583 5019 18.
1663 4964 1708 4995 ⁸⁸
1738 4964 1895 5018 Rom.
1934 4979 2008 5027 vr,
2038 4963 2092 5019 9.

450 5048 522 5099 tv,
560 5032 645 5088 16.

2133 4604 2413 4667 ἀπολύσω,
2442 4604 2665 4673 ἔχοντας
2701 4600 2836 4670 ὓλην
2877 4595 3133 4664 ὲπωφελῆ
3177 4592 3271 4645 καὶ
3315 4590 3608 4659 σωτήριον.
3652 4583 3720 4635 Τί

2132 4695 2238 4766 γὰρ
2275 4696 2446 4764 Λόγου
2468 4694 2613 4764 λόγῳ
2647 4691 2970 4761 τιμιώτερον
2999 4730 3013 4753 ,
3050 4686 3083 4756 ἢ
3119 4684 3255 4755 πρὶς
3291 4680 3560 4750 ὠφέλειαν
3596 4678 3723 4728 ἑπι-

2131 4786 2505 4857 τηδειότερυν;
2559 4784 2814 4855 Σήμερον
2859 4780 3020 4848 ὲτέθη
3061 4779 3090 4829 ὁ
3130 4771 3524 4845 ἀκρογωνιαῖος
3562 4766 3723 4828 λίθος

3380 4953 3426 4983 ’⁸
3462 4952 3482 5006 l
3515 4951 3719 5006 Thess.

2206 4965 2250 4996 “
2279 4963 2517 5034 Philipp.
2547 4979 2625 5028 nl,
2658 4963 2722 5016 2|
2859 4961 2905 4992 "°
2934 4960 3093 5014 Rom.
3122 4971 3197 5021 v1,
3230 4956 3281 5009 4.

1546 5169 1779 5224 VARI/1'3
1823 5168 2202 5226 LECTIONES
2235 5171 2322 5225 ET
2356 5169 2592 5226 NOTAE.

452 5300 697 5375 πημένος
720 5343 733 5364 ,
760 5300 1032 5375 qui_velut
1065 5300 1240 5356 libere
1273 5317 1336 5358 ac
1361 5303 1641 5371 diligentis
1690 5305 1972 5373 beneplaci
1990 5316 2043 5359 to
2080 5305 2328 5375 diligitur
2368 5324 2381 5359 :
2412 5304 2693 5374 ἀγαπητὸς
2722 5319 2876 5366 vero.
2912 5305 3015 5375 qui
3064 5302 3119 5356 in
3166 5317 3225 5357 se
3254 5301 3430 5375 habet
3472 5299 3724 5375 rationes

454 5371 680 5426 amoris.
709 5371 951 5442 acvelut
973 5386 1002 5425 a
1034 5387 1093 5442 se
1129 5380 1187 5427 et
1214 5382 1433 5435 natura,
1461 5370 1527 5428 ad
1560 5392 1802 5430 amorem
1833 5370 2081 5438 inclinat,
2129 5370 2275 5442 quod
2302 5370 2472 5430 habet
2500 5370 2673 5429 Filius
2713 5375 2893 5429 Patris
2917 5370 3128 5428 ratione
3161 5381 3222 5425 ut
3254 5371 3422 5442 Dens.
3464 5370 3721 5439 ejusdem

455 5455 579 5513 cum
605 5456 671 5493 eo
694 5456 758 5494 ac
788 5440 1023 5513 inﬁnitas
1040 5440 1303 5497 bonitatis
1337 5461 1349 5497 :
1385 5445 1500 5513 ipse
1536 5454 1595 5499 ut
1625 5446 1812 5505 homo,
1849 5447 2021 5512 ἠγαπι

2125 5440 2201 5499 νὸς
2266 5446 2359 5497 καὶ
2386 5445 2709 5511 εὑδόκητος·
2746 5445 2838 5513 qui
2872 5460 2934 5499 ea
2979 5442 3192 5497 ratione
3225 5441 3326 5513 sith
3343 5440 3547 5513 bonum
3582 5454 3720 5493 eun-

459 5511 697 5585 tiagens,
730 5526 796 5565 ac
827 5510 922 5564 Dei
947 5512 1063 5565 sola
1094 5513 1377 5585 voluntate
1404 5509 1468 5569 ac
1500 5517 1673 5585 gratia
1701 5509 1993 5569 exsistens.
2028 5509 2277 5585 'Iteddidi
2305 5525 2364 5567 ut
2388 5509 2727 5583 plerumque
2754 5509 2939 5585 reddit
2966 5514 3261 5585 interpres.
3281 5509 3461 5585 _Gr:eci
3496 5513 3724 5585 ἀγαπη-

459 5577 586 5653 τιρὺς
612 5578 726 5633 fere
751 5596 853 5653 usu
884 5583 1167 5653 com_muni
1207 5595 1433 5647 vocant,
1463 5577 1603 5653 qhos
1626 5585 1789 5645 Galli,
1824 5600 1945 5636 mon
1972 5584 2212 5653 rmignon,
2258 5577 2405 5637 mon'
2428 5600 2589 5653 (mur,
2637 5577 2701 5636 ac
2756 5584 2920 5638 simili
2950 5597 3083 5636 voce
3114 5577 3329 5653 blanda
3365 5577 3720 5653 compellant.

462 5649 520 5684 ω’
560 5649 920 5722 Ἀιζαγκζιίως
950 5646 1081 5722 οὔχ,
1138 5652 1264 5706 Haec
1290 5646 1425 5706 eum
1461 5646 1689 5722 reliquis
1720 5668 1892 5718 usque
1917 5652 1983 5704 ad
2014 5646 2176 5706 linem
2220 5654 2447 5707 deerant
2477 5652 2536 5722 in,
2557 5653 2760 5722 codice
2808 5669 2917 5721 quo
2955 5659 3207 5722 ususgest
3233 5646 3623 5722 _Couilicl_iSius.
3654 5650 3724 5701 At

464 5728 528 5769 ea
554 5731 619 5768 ex
646 5716 940 5772 Lambecio
968 5719 1102 5786 VIII,
1126 5738 1246 5791 pag.
1279 5724 1394 5787 H7,
1429 5716 1697 5792 supplevit
1726 5716 2028 5785 Fabricius,
2064 5722 2198 5776 Bibl.
2224 5723 2312 5775 Cr.
2344 5732 2471 5777 tom.
2505 5721 2590 5787 IX,
2616 5739 2733 5793 pag.
2762 5716 2895 5787 535;
2930 5722 3071 5778 unde
3096 5720 3185 5776 illa
3214 5719 3621 5790 descripsimus.
