4020 6146
293 329 426 394 1:377

1055 329 1309 390 SEHMO
1353 331 1438 394 II.
1477 355 1547 365 ·-
1585 330 1666 391 ΙΝ
1699 323 2397 394 ANNUNTIATIONEM
2438 325 2496 385 S.
2538 323 2804 384 MARlIE

3424 316 3558 381 123.78

291 445 378 507 εἰς
399 441 469 494 τὰ
498 437 730 508 θεμέλια
769 435 940 501 Σιὼν,
978 436 1006 486 6
1045 435 1283 488 συνδέων
1317 435 1572 505 ἀλλήλοις
1609 432 1684 490 ὧν
1733 438 1881 492 ἐστιν

2000 451 2108 490 nus
2136 434 2276 504 lapis
2308 432 2589 502 angularis
2619 433 2674 486 in
2711 429 3088 485 fundamentis
3114 427 3248 484 Sion
3273 427 3342 491 ⁷³,
3369 429 3465 496 qui
3495 445 3561 483 ea

195 600 202 606 ο
295 537 326 603 ἡ
357 531 521 602 φύσις
550 528 866 593 ἀσύνδετος,
900 527 991 580 καὶ
1017 527 1280 580 ἑνοποιῶν
1309 527 1378 580 τὰ
1409 529 1530 581 κατ’
1562 529 1752 582 οὐσίαν
1781 530 1877 583 ἁλ-

292 625 498 694 λότρια.
529 621 824 694 Χαίρωμεν
850 617 944 674 οὖν
972 621 1199 682 εἰκότως
1253 619 1396 689 μετὰ
1436 621 1536 692 τῆς
1575 621 1674 692 τὴν
1717 621 1879 691 χάριν

295 715 627 786 δεξαμένης,
659 713 755 768 καὶ
786 711 1306 783 προσφθεγγώμεοα
1353 715 1451 766 σὺν
1501 711 1580 782 τῷ
1639 711 1882 784 Γαϐριὴλ

295 810 397 878 τὴν
443 809 538 864 τοῦ
581 805 718 860 θεοῦ
773 803 932 875 ἡμῶν
990 803 1225 874 Μητέρα
1254 843 1269 867 ,
1331 802 1586 870 λέγοντες
1627 820 1640 833 ο
1675 804 1874 871 Χαῖρε,

300 895 762 967 κεχαριτωμένη,
816 898 849 948 ὀ
901 896 1124 962 Κύριος
1164 895 1316 962 μετὰ
1355 893 1508 947 σοῦ⁶
1539 893 1622 946 ὅτι
1651 895 1880 962 γέγονας

297 989 430 1055 ἡμῖν
473 985 588 1048 ὁδὸς
642 983 942 1054 σωτηρίας,
990 984 1084 1036 καὶ
1122 983 1388 1046 ἀνάϐασις
1437 983 1575 1055 πρὸς
1621 977 1877 1054 οὐρανὸν,

301 1077 580 1139 καὶ-τόπος
607 1075 996 1135 ἀναπαύσεως.
1037 1076 1134 1127 καὶ
1165 1074 1341 1144 σκηνὴ
1373 1074 1719 1144 ἀναψύξεως,
1753 1076 1812 1127 ἐν

302 1173 715 1240 κατεσκήνωσεν
742 1171 770 1221 6
806 1168 1033 1237 Κύριος.
1068 1167 1168 1221 Διὰ
1201 1167 1363 1221 τοῦτο
1405 1170 1504 1220 σὺν
1541 1169 1742 1230 πάσαις
1767 1169 1885 1231 ταῖς

302 1262 518 1327 γενεαῖς
543 1258 926 1330 μακαριοῦμέν
959 1276 1017 1310 σε
1063 1258 1236 1328 μόνην
1285 1260 1342 1312 ὲν
1372 1257 1644 1327 γυναιξίν·
1675 1259 1741 1330 ἦν
1785 1258 1886 1310 οὐκ

303 1351 595 1418 ἐξέκαυσεν
627 1352 778 1421 ἥλιος
808 1351 1001 1421 ἡδονῆς
1042 1349 1220 1418 φλόγα
1266 1349 1511 1417 ἐπάγων,
1546 1349 1669 1402 οὐδὲ
1692 1348 1887 1411 νυκτὸς

306 1443 535 1515 σελήνης
572 1442 776 1514 ῥοώδης
822 1439 1025 1509 ἔϐλαψε
1077 1441 1328 1509 δύναμις.
1369 1441 1452 1494 Οὐ
1499 1441 1607 1508 γὰρ
1657 1439 1888 1502 ἔδωκας

305 1533 394 1598 εις
431 1532 629 1586 σάλον
653 1531 761 1585 τὸν
784 1531 949 1583 ’πόδα
980 1531 1076 1599 τῆς
1105 1531 1305 1600 ψυχῆς,
1342 1528 1458 1582 ἀλλ’
1484 1528 1707 1600 ἔμεινας
1732 1529 1887 1580 ἀκλι-

305 1605 434 1692 νὴς,
454 1623 550 1675 ἐπὶ
582 1623 679 1690 τὴν
715 1621 922 1693 πέτραν
958 1619 1147 1674 τοῦτον
1178 1621 1461 1692 ὲρείσασα’
1495 1621 1590 1673 καὶ
1623 1619 1888 1690 ἐφύλαξεν

308 1729 368 1766 σε
407 1715 436 1766 6
477 1712 706 1782 Κύριος,
755 1712 916 1780 μόνος
955 1709 1215 1763 εἰσελθὼν
1263 1710 1357 1762 ἐπὶ
1409 1709 1512 1773 σοὶ,
1561 1709 1654 1762 καὶ
1702 1711 1766 1761 ἐκ
1795 1707 1888 1760 σοῦ

310 1803 625 1874 προελθὼν,
678 1803 772 1856 καὶ
823 1803 1244 1872 κεκλεισμένην,
1303 1800 1396 1853 καὶ
1445 1799 1892 1870 ὲσφραγισμένην

309 1895 646 1966 διατηρήσας
699 1911 758 1947 σε
812 1896 893 1957 εἰς
939 1893 1030 1946 τὸν
1078 1892 1272 1946 αἰῶνα.
1309 1891 1538 1960 Χαίροις
1586 1891 1802 1953 τοίνυν.
1848 1885 1894 1944 ὧ

310 1987 502 2058 Μῆτερ
537 1986 630 2039 καὶ
663 1983 932 2055 Παρθένε,
977 1983 1070 2036 καὶ
1116 1982 1292 2052 τροφὴ
1339 1981 1438 2051 τῆς
1466 1981 1634 2052 ζωῆς,
1665 1981 1758 2034 καὶ
1785 1999 1894 2051 πη-

311 2077 384 2145 γὴ
417 2076 517 2140 τῆς
554 2075 854 2137 ἀθανασίας
875 2090 888 2103 ο
928 2075 993 2126 ὲκ
1036 2072 1130 2125 σοῦ
1163 2071 1272 2142 γὰρ
1304 2070 1572 2142 προῆλθεν
1601 2074 1630 2124 6
1662 2069 1896 2140 φθορεὺς

312 2169 410 2236 τῆς
438 2167 668 2238 φθορᾶς,
695 2167 789 2220 καὶ
839 2167 866 2218 6
897 2164 1222 2227 θανατώσας
1264 2164 1356 2216 τον
1419 2163 1667 2217 θάνατον.
1705 2163 1896 2234 Ἡμεῖς

313 2256 431 2322 οὖν,
467 2256 711 2326 ἀδελφοὶ,
747 2255 926 2309 ταῦτα
959 2255 1098 2325 πρὸς
1143 2253 1242 2321 τὴν
1285 2251 1605 2322 Θεομήτορα
1633 2253 1776 2305 κατὰ
1805 2251 1895 2304 δύ-

315 2365 480 2416 ναμιν
511 2347 781 2411 εἰπόντες,
810 2345 1094 2415 νεύσωμεν
1125 2343 1314 2396 λοιπὸν
1356 2343 1492 2412 πρὸς
1518 2343 1768 2406 ἑαυτοὺς,
1800 2341 1897 2396 καὶ

316 2433 534 2504 γνῶμεν
571 2435 672 2504 τῆς
695 2433 906 2505 ἡμέρας
949 2432 1049 2502 τὴν
1081 2431 1338 2502 δύναμιν,
1365 2432 1460 2484 καὶ
1494 2431 1898 2498 ὲγκαινίσωμεν

317 2524 560 2596 σήμερον
602 2522 702 2594 τὴν
745 2523 903 2593 ἡμῶν
949 2523 1226 2592 γέννησιν.
1263 2520 1373 2574 Καὶ
1415 2530 1444 2560 ιι
1495 2521 1642 2574 ἔστιν
1693 2521 1825 2590 ἡμῖν
1865 2523 1899 2591 ή

318 2613 503 2683 ἡμέρα
529 2611 672 2682 αὕτη
707 2613 880 2683 κλητὴ
911 2613 1064 2680 ἁγία,
1099 2615 1157 2666 ἐν
1181 2605 1214 2686 ᾖ
1241 2611 1484 2681 ἐπλάσθη
1496 2628 1617 2680 μεν,
1647 2611 1740 2665 καὶ
1765 2611 1902 2682 πρὸς

319 2704 416 2773 τὴν
457 2703 696 2772 ἀρχαίαν
725 2701 868 2772 ζωὴν
894 2699 1298 2770 ἐπανήλθομεν.
1339 2699 1654 2769 Παράδοξον
1684 2699 1740 2752 δὲ
1773 2700 1902 2768 ὑμῖν

321 2795 452 2856 ἴσως
486 2792 610 2862 δόξῃ
641 2793 701 2845 τὸ
745 2791 1066 2860 λεγόμενονο
1099 2789 1426 2861 λεχθήσεται
1483 2789 1526 2842 δ’
1558 2790 1728 2859 ὅμως,
1767 2790 1901 2843 Θεοῦ

322 2881 555 2950 δύναμιν
579 2879 836 2944 διδόντος,
873 2881 970 2932 καὶ
1005 2877 1369 2948 χορηγοῦντος
1388 2878 1544 2944 λόγον
1570 2878 1646 2947 τῷ
1668 2879 1900 2946 λέγοντι.

403 2972 564 3024 ’Δλλὰ
595 2972 760 3025 πόθεν
789 2970 855 3041 δὴ
887 2970 1070 3039 δῶμεν
1099 2969 1270 3040 ἀρχὴν
1306 2967 1384 3038 τῷ
1411 2969 1734 3040 διηγήματι,
1775 2969 1808 3041 ἢ
1840 2971 1904 3022 ὲκ

322 3062 431 3114 τῶν
480 3061 574 3114 τοῦ
627 3059 1023 3130 εὐαγγελιστοῦ
1081 3061 1384 3130 ρημάτωνς
1422 3059 1582 3122 αὐτὸς
1631 3059 1740 3130 γὰρ
1773 3061 1904 3130 ἡμῖν

325 3153 540 3224 ἀρχέτω
567 3152 662 3206 τοῦ
697 3152 882 3220 λόγου,
906 3153 934 3204 6
968 3150 1064 3204 καὶ
1095 3150 1194 3221 τὴν
1223 3149 1438 3220 ἡμέραν
1467 3149 1669 3213 ταύτην
1701 3150 1902 3218 γνωριο

328 3263 446 3306 σας.
494 3245 596 3297 Ἑν
639 3242 719 3308 τῷ
741 3242 924 3312 μηνὶ,
973 3241 1130 3311 φησὶ,
1177 3239 1256 3304 τῷ
1298 3239 1486 3306 ἕκτῳ,
1521 3237 1837 3304 ἀπεστάλη
1870 3239 1903 3290 ὁ

327 3334 585 3404 ἄγγελος
619 3333 887 3401 Γαϐριὴλ
929 3331 1088 3399 παρὰ
1121 3330 1229 3384 τοῦ
1277 3330 1428 3386 Θεοῦ
1461 3337 1546 3398 εἰς
1587 3332 1772 3384 πόλιν
1795 3329 1904 3398 τῆς

325 3423 692 3489 Γαλιλαίας,
744 3417 784 3495 ᾖ
839 3422 1030 3491 ὄνομα
1065 3421 1322 3488 Ναζῖιρὲτ
1347 3463 1361 3487 ,
1417 3423 1566 3490 πρὸς
1605 3421 1907 3491 παρθένον

322 3515 868 3585 μεμνηστευμένην
904 3513 1101 3581 ἀνδρὶ,
1131 3506 1180 3578 ᾧ
1214 3513 1403 3583 ὄνομα
1441 3515 1684 3584 Ἰωσὴφ,
1716 3515 1784 3577 ἐξ
1823 3513 1907 3567 οτ-

326 3622 441 3658 κου
477 3603 576 3658 καὶ
617 3603 869 3672 πατριᾶς
891 3603 1091 3666 Δαϐὶδ,
1119 3602 1217 3656 καὶ
1247 3602 1312 3655 τὸ
1345 3603 1534 3672 ὄνομα
1559 3601 1666 3670 τῆς
1693 3605 1908 3670 παρθέ-

327 3710 442 3746 νου
485 3691 744 3761 Μαριάμ.
783 3693 894 3745 Καὶ
944 3691 1074 3754 ἴσως
1105 3691 1436 3762 ἀπορήσειεν
1479 3709 1564 3756 τις
1601 3693 1708 3745 τῶν
1737 3695 1910 3764 ἀκρι-

329 3782 570 3837 ϐούντων
595 3783 662 3836 τὰ
689 3782 920 3836 τοιαῦτα
941 3797 955 3810 ·
996 3783 1061 3836 Ti
1093 3786 1245 3836 ἐστιν
1273 3785 1300 3836 ὁ
1331 3783 1489 3846 ἕκτος
1517 3785 1642 3854 μὴν,
1679 3785 1774 3837 καὶ
1808 3783 1908 3836 πό-

330 3874 424 3927 θεν
473 3872 916 3945 ἀριθμούμενοςς
971 3865 1016 3942 ᾧ
1053 3875 1326 3945 παριστᾷν
1379 3874 1692 3945 βουλόμενοι
1719 3875 1780 3928 τὸ
1813 3893 1908 3929 σοι·

330 3965 453 4032 φὶς,
489 3963 885 4035 ἁνατρέχωμεν
911 3965 992 4028 εἰς
1019 3962 1088 4017 τὰ
1123 3965 1307 4036 μικρῷ
1339 3967 1607 4035 πρότερον
1631 3966 1708 4035 τῷ
1741 3967 1908 4034 εὐαγ-

1928 1770 1964 1824 B
1996 1797 2048 1844 te
2077 1791 2228 1845 solus
2257 1791 2570 1860 ingrediens
2600 1807 2662 1846 ac
2691 1807 2758 1846 ex
2795 1800 2844 1845 te
2883 1791 3204 1862 egrediens,

1981 525 2220 580 invicem
2249 531 2542 577 eonnectat
2593 537 2831 590 quorum
2873 527 3076 574 natura
3121 519 3426 573 inconnexa
3454 527 3561 582 est,

1979 616 2244 685 uniatque
2274 630 2397 684 qua:
2433 622 2562 667 sunt
2597 629 2696 682 per
2731 612 3107 667 substantiam
3153 611 3394 665 diversa.
3427 609 3564 664 Jure

1981 707 2166 776 itaque
2229 705 2469 767 merito,
2521 719 2648 758 cum
2707 719 2771 757 ea
2812 719 2934 772 quae
2973 701 3233 772 gaudium
3287 700 3562 769 suscepit,

1981 799 2338 869 gaudeamus,
2387 799 2595 865 Deique
2644 797 2817 850 nostri
2871 797 3102 850 Matrem
3151 796 3205 849 in
3251 796 3370 850 haec
3402 797 3566 850 verba

1983 902 2108 941 cum
2148 886 2403 942 Gabricle
2449 885 2752 940 salutemus
2801 903 2813 937 :
2853 887 2957 940 Ave
2993 886 3269 956 gratiosa;
3315 885 3568 938 Dominus

1985 979 2216 1031 tecum"
2251 977 2438 1046 :quod
2472 977 2617 1030 facta
2667 976 2744 1030 sis
2773 977 2936 1031 nobis
2972 977 3167 1030 salutis
3219 975 3327 1039 via,
3376 992 3567 1031 ascen-

1985 1083 2188 1138 susque
2223 1067 2289 1120 ad
2321 1082 2574 1137 superos,
2623 1083 2686 1122 ac
2723 1068 2882 1122 locus
2929 1067 3312 1136 requietionis,
3345 1066 3566 1137 refrige-

1987 1157 2164 1225 riique
2223 1156 2639 1210 tabernaculum
2689 1155 2742 1209 in
2797 1172 2908 1225 quo
2966 1157 3231 1210 Dominus
3275 1156 3562 1211 habitavit.

1986 1245 2355 1312 Quamobrem
2389 1260 2514 1299 cum
2548 1247 2810 1302 omnibus
2834 1248 3286 1318 generationibus
3315 1257 3364 1304 te
3397 1250 3568 1302 solam

1987 1337 2204 1391 beatam
2256 1337 2312 1390 in
2362 1337 2696 1393 mulieribus
2720 1339 2990 1403 dicemus,
3023 1319 3203 1408 quam.
3237 1355 3416 1408 neque
3463 1341 3564 1401 sol,

1987 1427 2283 1496 voluptatis
2341 1428 2614 1484 ﬂammam
2677 1427 3018 1494 immittens,
3081 1429 3335 1493 adussit,
3391 1444 3566 1498 neque

1990 1516 2134 1572 ﬂuxa
2171 1519 2254 1571 vis
2291 1519 2436 1572 lunae
2477 1529 2643 1574 noctu
2683 1517 2844 1573 laesit.
2901 1517 3020 1572 Non
3069 1519 3216 1573 enim
3279 1520 3466 1572 dedisti
3513 1522 3570 1574 in

1991 1608 2394 1662 commotionem
2438 1609 2622 1680 pedem
2647 1610 2692 1640 ⁷⁸
2723 1609 2915 1672 animi,
2945 1609 3042 1663 sed
3079 1625 3144 1663 eo
3180 1608 3287 1662 ﬁxo
3311 1609 3362 1662 in
3395 1618 3572 1677 petra,

1994 1697 2261 1753 indeﬂexa
2293 1699 2541 1754 mansisti
2586 1717 2598 1752 :
2636 1708 2800 1770 teque
2851 1700 3120 1754 Dominus
3168 1699 3486 1764 eustodivit,
3519 1699 3574 1752 in

1993 1897 2102 1952 que
2141 1899 2205 1938 ac
2234 1883 2579 1954 obsignatam
2633 1883 2688 1937 in
2728 1892 2999 1938 teternum
3039 1881 3576 1938 servans“.Salvesis

1993 1991 2147 2047 ergo,
2176 1977 2348 2030 Mater
2373 1977 2580 2045 pariter
2613 1991 2677 2029 ac
2699 1975 2884 2046 Virgo,
2918 1975 3152 2044 vitaeque
3173 1974 3332 2028 cibus
3358 1989 3422 2028 ac.
3453 1973 3576 2029 fons

1996 2066 2432 2125 immortalitatis
2485 2081 2498 2118 :
2535 2081 2603 2119 ex
2649 2071 2701 2120 te
2733 2064 2881 2119 enim
2919 2064 2965 2118 is
3011 2062 3238 2133 prodiit,
3270 2063 3366 2132 qui
3404 2062 3576 2116 inter-

1995 2157 2133 2210 emit
2169 2155 2586 2226 corruptionem
2637 2171 2700 2209 ac
2731 2165 2963 2210 mortem
2999 2152 3290 2208 destruxit.
3321 2153 3434 2207 Nos
3471 2152 3577 2206 ita-

2001 2262 2132 2316 que,
2173 2245 2394 2310 fratres,
2440 2247 2507 2300 iis
2555 2246 2620 2299 ad
2663 2245 2759 2300 Dei
2789 2245 3014 2314 Matrem
3055 2259 3154 2314 pro
3185 2253 3372 2299 nostra
3402 2244 3576 2299 facul-

2001 2347 2112 2392 tate
2145 2336 2332 2396 dictis,
2361 2336 2415 2390 in
2454 2352 2556 2391 nos
2599 2337 2699 2406 ipsi
2731 2336 2996 2405 deinceps
3032 2344 3367 2405 spectemus,
3391 2352 3456 2391 ac
3477 2353 3578 2392 no-

1999 2430 2242 2483 verimus
2277 2428 2386 2482 diei
2426 2429 2686 2483 virtutem
2714 2469 2728 2490 ,
2777 2428 3066 2497 nataleque
3123 2433 3372 2482 nostrum
3415 2427 3582 2483 hodie

2001 2520 2341 2575 dedicemus.
2395 2520 2470 2574 lta
2524 2521 2684 2588 plane
2736 2520 2825 2573 hic
2859 2520 3021 2574 nobis
3059 2519 3180 2574 dies
3229 2528 3457 2574 vocatus
3496 2528 3576 2574 est

2001 2618 2246 2674 sanctus,
2285 2610 2338 2664 in
2381 2627 2492 2680 quo
2537 2611 2756 2664 formati
2797 2611 2862 2665 ad
2894 2611 3175 2680 antiquam
3221 2611 3390 2664 vitam
3428 2618 3580 2678 post-

2002 2701 2217 2756 liminio
2249 2701 2456 2756 reversi
2504 2716 2717 2756 sumus.
2765 2702 2938 2756 Porro
2968 2703 3126 2758 Vobis
3153 2701 3408 2756 videatur
3438 2702 3582 2758 forte

2005 2808 2207 2847 novum
2233 2792 2380 2862 quod
2413 2792 2620 2846 dicitur
2647 2810 2661 2844 :
2694 2791 2910 2847 dicetur
2943 2801 3144 2856 tamen,
3176 2793 3290 2846 Deo
3315 2793 3583 2863 largiente

2003 2885 2291 2946 virtutem,
2336 2899 2400 2938 ac
2429 2883 2636 2938 dicenti
2674 2883 3132 2938 subministrante
3167 2897 3506 2938 sermonem.

2075 2976 2144 3030 ll.
2173 2975 2329 3032 Unde
2356 2991 2486 3030 vero
2509 2975 2696 3046 potius
2722 2989 2885 3040 quam
2913 2974 2981 3028 ab
3004 2975 3368 3045 Evangelista:
3399 2973 3582 3028 verbis

1951 3106 1971 3120 .
2007 3067 2270 3121 ordienda
2307 3066 2470 3120 nobis
2492 3066 2736 3120 narratio
2778 3065 2891 3120 sit?
2921 3065 3042 3134 Ipse
3083 3065 3347 3118 nimirum
3378 3081 3573 3120 sermo-

2007 3173 2133 3212 nem
2171 3159 2524 3226 auspicetur,
2561 3157 2657 3226 qui
2704 3164 2761 3210 et
2817 3155 2964 3211 diem
3003 3157 3144 3211 hanc
3193 3165 3378 3211 notam
3429 3157 3581 3212 fecit.

2007 3247 2072 3302 In
2103 3265 2298 3310 mense,
2340 3247 2538 3317 inquit,
2573 3257 2720 3301 sexto
2769 3249 2956 3301 missus
2998 3255 3075 3302 est
3115 3247 3338 3318 angelus
3371 3248 3586 3304 Gabriel

2009 3356 2041 3391 a
2077 3337 2182 3391 Deo
2217 3339 2269 3391 in
2301 3339 2567 3393 civitatem
2597 3337 2834 3394 Galilcea:
2867 3340 2950 3393 cui
2983 3356 3172 3393 nomen
3200 3339 3491 3404 Nazareth,
3517 3341 3588 3393 ad

2012 3427 2274 3496 Virginem
2303 3428 2678 3498 desponsatam
2701 3429 2836 3486 ,viro
2882 3429 2964 3482 cui
3011 3443 3199 3482 nomen
3223 3435 3339 3480 erat
3371 3426 3581 3497 Ioseph,

2009 3518 2071 3570 de
2100 3519 2252 3571 domo
2269 3529 2316 3571 et
2340 3517 2548 3586 familia
2579 3517 2768 3581 David,
2790 3525 2838 3570 et
2870 3533 3058 3570 nomen
3077 3516 3306 3585 Virginis
3328 3515 3583 3570 Maria".

2011 3606 2172 3660 Forte
2204 3622 2335 3660 vero
2363 3613 2574 3674 quaerat
2607 3607 2732 3675 quis
2764 3605 2956 3659 talium
2986 3605 3274 3660 studiosus
3313 3607 3542 3661 rimator
3569 3626 3584 3662 :

2009 3693 2142 3762 quid
2181 3692 2311 3746 velit
2345 3703 2533 3746 sextus
2559 3694 2652 3747 ille
2684 3693 2910 3758 mensis,
2938 3708 3002 3747 ac
3039 3693 3186 3747 unde
3215 3695 3589 3750 numerandus

2010 3784 2120 3838 sit?
2150 3785 2220 3841 Ut
2245 3800 2376 3839 vero
2401 3785 2548 3854 quod
2577 3801 2664 3839 res
2694 3785 2860 3840 habet
2889 3793 3078 3854 aperte
3105 3801 3486 3855 suggeramus,
3517 3787 3584 3842 ad;

2010 3891 2073 3930 ea
2108 3875 2508 3930 recurrendum
2541 3891 2664 3944 qua:
2702 3877 2866 3946 paulo
2899 3877 3158 3946 superius
3180 3876 3329 3931 dicta
3365 3887 3494 3931 sunt
3518 3878 3582 3934 ab

2011 3964 2354 4036 Evangelista
2388 3982 2400 4018 :
2436 3965 2513 4018 ait
2535 3965 2680 4018 enim
2719 3983 2730 4017 :
2771 3965 2896 4018 Post
2936 3965 3028 4018 hos
3061 3965 3170 4018 dies
3201 3967 3436 4036 concepit
3467 3965 3583 4020 Eli—

3301 1792 3574 1846 clausam-
3668 1855 3673 1858 _

2008 4054 2189 4108 sabeth
2244 4071 2380 4108 uxor
2425 4055 2742 4120 Zachariae,
2784 4065 2832 4110 et
2880 4055 3160 4112 occultavit
3221 4073 3278 4112 se
3328 4059 3588 4112 mensibus

2010 4147 2241 4216 quinque
2282 4145 2346 4211 ⁷⁷,
2383 4156 2491 4201 etc.
2527 4145 2777 4218 Tumque
2814 4147 3003 4202 subdit
3041 4167 3054 4202 :
3089 4148 3154 4202 In
3196 4165 3372 4202 mense
3409 4157 3589 4204 autem

265 4222 489 4314 ζξρίου,
521 4233 619 4286 καὶ
665 4233 1054 4302 περιέκρυϐεν
1083 4232 1310 4301 ἑαυτὴν
1343 4232 1544 4302 μῆνας
1575 4233 1777 4299 πέντε,
1815 4234 1895 4286 nati

2007 4245 2156 4287 sexto
2185 4235 2372 4289 missus
2401 4245 2476 4289 est
2511 4237 2732 4307 angelus
2765 4236 2982 4292 Gabriel
3030 4238 3102 4292 ad
3133 4237 3362 4292 Mariam
3390 4237 3456 4290 ⁷⁸.
3487 4239 3588 4293 Ve-

303 4323 398 4376 ’τὰ
429 4323 576 4392 ἑξῆς.
612 4319 744 4376 Εἶτα
789 4323 1005 4392 ἐπάγει·
1061 4324 1156 4376 Ἐν
1201 4322 1270 4376 δὲ
1321 4323 1400 4388 τῷ
1439 4324 1584 4393 μηνὶ
1621 4323 1700 4388 τῷ
1735 4324 1895 4391 ἕκτῳ,

2011 4340 2160 4389 rum,
2197 4325 2364 4387 dicet,
2396 4326 2534 4380 nihil
2579 4317 2764 4381 minus
2795 4327 2880 4383 bis
2910 4329 3106 4396 positis
3134 4329 3370 4383 obscura
3405 4335 3591 4384 manet

287 4411 648 4502 ξάπεστὰλη
680 4416 712 4466 ό
737 4411 992 4482 ἄγγελος
1018 4411 1283 4481 Γαϐριὴλ
1317 4413 1470 4480 πρὸς
1503 4413 1616 4480 τὴν
1649 4412 1895 4482 Μαριάμ.

2012 4415 2272 4469 narratio.
2297 4416 2452 4482 Quod
2483 4417 2628 4471 enim
2662 4419 3010 4487 Evangetista
3041 4419 3255 4474 dixerit
3293 4436 3306 4472 :
3343 4419 3469 4473 Post
3495 4421 3589 4473 hos

335 4501 500 4554 Οὐδὲν
534 4501 590 4554 δὲ
624 4497 788 4574 ἦττον
823 4505 1072 4573 φήσειεν,
1112 4504 1194 4556 ὅτι
1239 4503 1414 4566 οὕτως
1455 4503 1668 4574 ἔμεινεν
1697 4506 1729 4572 ἠ
1779 4505 1895 4558 ἁσὰ·

2015 4515 2191 4561 autem
2243 4508 2350 4562 dies
2400 4511 2634 4578 concepit
2685 4509 2994 4574 Elisabcth;
3043 4509 3192 4564 haud
3233 4508 3590 4579 tamen’ques

319 4587 484 4662 ’φεμ-ι.
523 4593 612 4646 Ἑν
649 4593 756 4665 γὰρ
783 4594 861 4664 τῷ
890 4595 979 4647 τὸν
1007 4594 1401 4664 εὖαγγελιστὴν
1426 4597 1622 4656 εἰπεῖν,
1655 4595 1817 4650 Μετὰ
1847 4595 1895 4648 δι

2017 4601 2148 4654 velit
2174 4600 2312 4664 dies,
2347 4599 2697 4670 signiﬁcavit.
2730 4601 2807 4656 Ac
2838 4609 2986 4656 certe
3020 4601 3241 4656 videtur
3267 4615 3414 4657 reetc
3437 4617 3586 4671 qua:-

331 4683 551 4748 ταύτας
584 4683 692 4750 τὰς
722 4683 946 4754 ἡμέρας
1001 4685 1340 4739 συνέλαϐεν
1373 4687 1410 4754 ἡ
1449 4685 1783 4749 Ἕλ.·σα6ὲτ,
1816 4687 1895 4738 οὐ)

2019 4707 2161 4755 rere,
2195 4694 2289 4762 qui
2331 4693 2413 4747 sic
2444 4693 2521 4746 ait.
2553 4709 2565 4744 :
2603 4693 2896 4748 docebitur
2922 4703 3128 4758 autem,
3161 4694 3461 4749 dummodo
3488 4711 3588 4750 au-

332 4779 606 4846 ἐσήμανεν
641 4779 797 4852 πῖίας
820 4781 1049 4851 ἡμέρας.
1068 4779 1178 4832 Καὶ
1197 4779 1345 4833 δοκεῖ
1370 4797 1458 4850 μοι
1485 4779 1664 4843 καλῶς
1685 4781 1895 4850 ἀπορεῖη

2017 4799 2132 4838 rem
2179 4785 2449 4838 anditioni
2509 4785 2962 4850 accommodans,
3021 4787 3346 4857 intelligenti
3403 4785 3588 4844 animo

328 4869 357 4922 6
393 4871 552 4924 τοῦτο
590 4871 785 4939 λέγων’
829 4871 1135 4941 μαθήσεται
1179 4872 1234 4924 δὲ
1282 4873 1500 4942 ὑπέχων
1530 4873 1592 4924 τὸ
1629 4868 1724 4936 οὖς
1769 4874 1895 4941 πρὸς

2017 4892 2138 4945 qua:
2169 4875 2432 4930 dicuntur
2471 4877 2769 4946 acceperit.

328 4957 426 5027 τὴν
457 4959 748 5028 ἀκρόασιν,
795 4963 889 5014 καὶ
923 4961 1158 5022 συνετῶς
1187 4961 1476 5030 δεχόμενος
1509 4963 1577 5014 τὰ
1609 4963 1896 5032 λεγόμενα.

401 5049 586 5116 "An-ig
610 5050 702 5104 τοῦ
743 5051 988 5105 ἐνιαυτοῦ
1017 5053 1044 5104 6
1078 5052 1217 5103 κατὰ
1252 5053 1415 5122 νόμον
1451 5053 1628 5122 ἱερεὺς
1655 5054 1898 5123 εἰσέρχε-

332 4055 556 4126 γελιστῇ
615 4054 904 4126 εἰρημένα.
951 4055 1092 4126 Φησὶ
1143 4055 1470 4125 γάροΜετὰ
1525 4058 1745 4122 ταύτας
1803 4057 1908 4122 τὰς

331 4141 557 4211 ἡμέρας
602 4145 946 4197 συνέλαϐεν
990 4143 1028 4209 ἡ
1071 4143 1404 4208 Ἔλισαϐὲτ,
1440 4145 1474 4212 ἡ
1519 4145 1672 4214 γυνὴ
1719 4148 1908 4214 Ζαχα-

2080 5052 2168 5106 lll.
2198 5051 2376 5107 Semel
2413 5051 2470 5105 in
2515 5066 2660 5104 anno
2711 5057 2737 5087 ο
2771 5049 3032 5128 sacerdos
3080 5051 3270 5120 legalis
3311 5051 3480 5104 intrat
3503 5050 3588 5103 in-

402 5183 448 5214 ⁷³
478 5183 496 5236 l
530 5184 675 5238 Petr.
704 5199 763 5250 ιι,
795 5183 847 5238 6.
925 5184 972 5215 ⁷³
1006 5181 1138 5236 Luc.
1170 5199 1210 5248 ι,
1241 5183 1330 5238 28.
1410 5181 1455 5214 ⁷⁸
1484 5182 1607 5237 Psal
1670 5198 1793 5247 cxx,
1829 5183 1882 5236 5.

2000 5185 2004 5211 ί
2040 5181 2241 5249 Ειεοιι,
2273 5195 2416 5249 mv,
2441 5178 2498 5234 2.
2553 5179 2598 5212 ⁷⁵
2625 5179 2760 5235 Luc.
2794 5195 2832 5245 1,
2860 5179 2950 5247 25,
2988 5181 3077 5234 27.
3193 5180 3235 5210 ⁷⁷
3259 5177 3393 5234 Luc.
3426 5195 3467 5244 ι,
3496 5181 3586 5236 24.

314 5249 378 5288 ⁷⁸
409 5251 546 5306 ibid.
575 5255 663 5307 ‘26.

611 5258 644 5308 ὓ
1422 5345 1656 5401 Vitlile
1703 5344 2094 5402 LECTIONES
2129 5343 2216 5399 ET
2253 5344 2492 5402 NOTAE.

411 5487 603 5558 nﬁKal.
637 5485 766 5558 Leg.
799 5485 923 5558 hiat.
1012 5497 1036 5525 ο
1075 5485 1250 5541 Semel
1299 5488 1355 5540 in
1389 5503 1551 5558 auito.
1587 5485 1786 5558 Opinio
1814 5485 1954 5550 haec,
1992 5487 2208 5558 tametsi
2239 5485 2445 5558 Graecis
2477 5483 2919 5558 aChrjsostomo
2947 5480 3243 5558 admodum
3283 5492 3498 5554 recepta
3529 5498 3595 5558 ac

324 5555 635 5620 familiaris,
675 5551 826 5626 haud
863 5564 1042 5611 tamen
1079 5559 1274 5611 nititur
1305 5557 1555 5624 veritate,
1589 5551 1854 5612 innuente
1892 5557 2006 5626 ipsa
2043 5555 2330 5626 Scriptura
2371 5554 2540 5608 fuisse
2617 5551 2966 5626 Zachariam_
3004 5552 3345 5626 sacerdotem
3379 5551 3442 5607 ex
3487 5555 3594 5626 ini-

324 5626 558 5682 naribus
591 5643 606 5680 :
641 5625 911 5694 siquidem
931 5635 1052 5682 erat
1093 5628 1216 5681 talis
1243 5627 1378 5681 vicis
1402 5665 1417 5688 ,
1437 5643 1502 5681 ac
1531 5621 1674 5684 unus
1706 5628 1774 5684 de
1801 5621 1990 5683 multis
2019 5669 2033 5694 ,
2073 5621 2182 5681 cui'
2204 5634 2259 5680 et
2293 5627 2580 5680 incensum
2614 5637 2820 5692 ponere
2853 5621 3115 5693 obtigerit
3141 5639 3153 5674 :
3185 5635 3293 5677 non
3323 5639 3391 5680 ex
3415 5625 3595 5681 otlieio

325 5697 606 5766 peculiare
636 5705 696 5751 ut
725 5711 973 5752 summus
998 5697 1240 5767 pontifex
1268 5696 1542 5753 habuerit.
