4020 6146
541 283 681 346 i379

1666 281 1727 341 S.
1772 282 2168 341 ANASTASII
2207 283 2675 344 ANTIOCHENI

3646 278 3779 345 1380

537 392 736 446 Sancta
789 394 1125 451 sanctorum,
1180 388 1500 457 expiaturus
1534 403 1637 459 pro
1687 393 1890 460 populo
1927 410 1937 443 :
1974 392 2117 446 unde

2227 410 2311 445 ται
2350 395 2428 455 είς
2465 394 2534 444 τὰ
2567 395 2726 460 Ἅγια
2768 391 2873 443 τῶν
2913 391 3104 458 ἁγίων,
3138 388 3492 459 ἱλασκόμενος
3522 390 3661 459 ὑπὲρ
3684 392 3781 445 τοῦ

539 483 706 537 etiam
733 480 1054 535 solemnitas
1091 479 1202 543 illa,
1241 482 1546 551 propitiatio
1578 496 1675 534 seu
1707 482 1814 535 dies
1850 484 2107 553 prapitia-

545 575 700 627 tionis
736 587 798 626 ac
824 570 1221 625 humiliationis
1250 571 1385 632 dies,
1420 588 1788 641 magnumque
1816 574 2106 644 jejunium,

544 664 613 717 ab
657 664 737 715 eis
770 661 1098 729 appellatur.
1152 659 1478 714 Celebratur
1532 675 1714 716 autem
1768 663 1857 717 die
1898 664 2110 718 decima

504 750 513 757 ’
545 751 752 806 mensis
789 750 1031 817 septimi.
1063 750 1155 817 qui
1206 750 1366 802 nobis
1395 750 1653 813 October,
1686 752 1878 805 Thersi
1908 752 1976 805 ab
2002 752 2110 807 He-

547 835 705 889 brzeis
754 845 1001 893 vocatur.
1059 836 1269 890 llehrtei
1319 838 1465 891 enim
1510 840 1637 891 anni
1699 840 1986 893 exordium
2042 841 2110 893 ab

541 925 715 995 Aprili
761 926 987 979 ducunt.
1042 926 1263 979 Decima
1296 944 1426 997 ergo
1465 931 1618 998 juxta
1664 931 1849 984 lunam
1893 931 2109 998 septimi

547 1021 774 1084 mensis,
823 1020 1117 1099 Zacharias
1150 1021 1458 1077 sacerdotio
1509 1023 1764 1093 fungens,
1813 1025 2110 1095 angelicam

545 1111 685 1164 vidit
772 1111 1078 1172 visionem,
1123 1110 1470 1179 faustumque
1524 1114 1777 1167 nuntium
1847 1117 2109 1170 nascituri

549 1199 807 1260 Baptistae
834 1199 1043 1265 accepit
1072 1216 1083 1250 :
1118 1206 1242 1266 post
1276 1200 1422 1268 quod
1449 1199 1669 1268 impleta
1704 1217 1801 1255 sua
1834 1203 1977 1264 vice,
2011 1203 2113 1257 do-

552 1305 699 1343 mum
737 1290 918 1343 rediit.
960 1291 1128 1343 Porro
1162 1291 1419 1360 impletur
1448 1308 1545 1353 ea,
1572 1292 1714 1346 facto
1735 1295 1842 1362 jam
1875 1294 2114 1362 plenilu-

550 1382 664 1438 uio.
691 1397 754 1434 ac
782 1383 909 1436 luna
941 1397 1154 1435 summe
1194 1391 1373 1435 aucta.
1408 1383 1561 1437 Tune
1592 1387 1820 1452 concepit
1846 1387 1956 1455 ejus
1982 1402 2115 1439 uxor

556 1469 842 1535 Elisabeth,
870 1480 917 1523 et
940 1488 995 1524 se
1017 1471 1296 1526 occultavit
1319 1475 1577 1527 mensibus
1601 1477 1832 1545 quinque
1856 1477 1920 1528 7".
1954 1477 2115 1531 Forte

551 1564 910 1625 erubescens,
944 1563 1144 1617 canitie
1175 1564 1476 1628 elllorente,
1511 1581 1573 1619 ac
1607 1565 1753 1633 quod
1787 1582 1904 1620 eam
1949 1583 2116 1632 agens

549 1664 789 1716 aetatem,
826 1655 946 1709 viro
994 1656 1048 1708 in
1095 1656 1295 1709 cubilis
1327 1656 1644 1711 societatem
1678 1658 1899 1711 coisset.
1935 1657 2118 1712 Occul-

2218 481 2370 532 λαοῦ·
2404 481 2525 533 ὅθεν
2555 480 2647 532 καὶ
2677 478 2952 547 ἱλασμός.
2984 479 3102 549 ἦτοι
3133 476 3323 545 ἡμέρα
3372 478 3653 545 ἱλασμοῦ,
3687 480 3779 532 καὶ

2220 573 2410 642 ἡμέρα
2447 569 2855 631 ταπεινώσεως,
2885 571 2978 622 καὶ
3002 569 3226 636 νηστεία
3262 568 3497 637 μεγάλη.
3524 570 3781 635 κέκληται

2221 661 2352 731 παρ’
2381 662 2563 723 αὐτοῖς
2606 663 2638 728 ἡ
2687 659 2911 727 τοιαύτη
2942 659 3124 727 ἑορτή.
3170 656 3530 709 Ἐπιτελεῖται
3561 656 3616 708 δὲ
3645 657 3781 726 αὕτη

2218 756 2280 820 τῇ
2314 752 2516 820 δεκάτῃ
2540 750 2631 803 τοῦ
2668 750 2894 817 ἑϐδόμου
2928 750 3123 816 μηνδις,
3156 747 3213 808 ὃς
3243 748 3391 799 ἐστιν
3436 746 3779 815 Ὀκτώϐριος,

2221 844 2387 913 Θερσὶ
2409 842 2536 912 παρ’
2569 840 2841 911 Ἑϐραίοις
2862 839 3151 907 λεγόμενος
3171 855 3183 867 ·
3210 836 3316 890 ἀπὸ
3341 836 3450 906 γὰρ
3467 835 3562 887 τοῦ
3598 837 3782 905 Ἀπρι-

2219 933 2335 986 λίου
2369 933 2468 1002 τὴν
2516 930 2689 1002 ἀρχὴν
2727 931 2919 997 ἄγουσι
2952 929 3046 980 τοῦ
3091 928 3245 990 ἔτους
3288 926 3549 996 Ἑϐραῖοι.
3582 926 3660 994 Τῇ
3692 926 3782 979 οὖν

2220 1028 2422 1097 δεκάτῃ
2452 1023 2596 1077 κατὰ
2636 1023 2864 1093 σελήνην
2894 1022 3255 1090 τοῦ-ἑϐδόμου
3290 1021 3457 1090 μηνὸς
3482 1020 3783 1089 ίερατεύων

2218 1119 2247 1170 ὁ
2277 1115 2576 1185 Ζαχαρίας,
2606 1114 2703 1184 τὴν
2733 1113 3029 1183 ἀγγελικὴν
3068 1113 3336 1165 ὀπτασίαν
3368 1112 3646 1171 ἐθεάσατο,
3690 1113 3782 1165 καὶ

2219 1201 2587 1273 εὐηγγελίσθη
2632 1202 2731 1271 τὴν
2786 1201 2879 1253 τοῦ
2917 1200 3220 1253 Βαπτιστοῦ
3263 1200 3540 1269 γέννησιν·
3571 1200 3689 1265 μεθ’
3717 1202 3782 1271 ἦν

2221 1294 2519 1364 πληρώσας
2576 1295 2679 1363 τὴν
2726 1292 3034 1361 ἐφημερίαν
3082 1290 3268 1355 αὐτοῦ,
3319 1292 3664 1361 ἀνεχώρησεν
3706 1294 3784 1355 είς

2220 1388 2311 1439 τὸν
2335 1382 2480 1438 οἷκον
2522 1384 2707 1438 αὐτοῦ.
2756 1382 3068 1452 Πεληροῦται
3110 1382 3167 1434 δὲ
3200 1381 3541 1450 πλησιφαοῦς
3568 1383 3667 1451 τῆς
3702 1400 3785 1435 σε-

2221 1478 2390 1547 λήνης
2422 1474 2719 1544 γενομένης
2747 1475 2804 1525 ἐν
2849 1476 2915 1543 τῇ
2963 1473 3232 1542 λεγομένῃ
3270 1472 3612 1541 πανσελήνῳ.
3651 1472 3784 1524 Τότε

2222 1568 2559 1623 συνέλαϐεν
2595 1567 2635 1631 ἡ
2673 1564 2826 1634 γυνὴ
2879 1564 3066 1618 αὐτοῦ
3108 1563 3441 1624 Ἐλισαϐὲτ,
3475 1562 3574 1615 καί
3625 1578 3782 1628 περι-

2224 1656 2477 1723 έκρυϐεν
2495 1654 2722 1720 ἑαυτὴν
2737 1653 2878 1718 τοὺς
2902 1652 3083 1706 ,πέντε
3107 1651 3334 1720 μῆνας·
3364 1653 3494 1714 ῐσως
3524 1649 3785 1720 ἐρυθριῶ-

552 1746 702 1799 tabat
732 1754 915 1798 autem
968 1760 1023 1797 se
1062 1743 1321 1796 mensibus
1352 1744 1608 1812 quinque,
1640 1743 1814 1796 dicens
1842 1759 1859 1796 :
1892 1743 2025 1808 Quia
2049 1745 2122 1797 sic

2227 1765 2316 1811 σα,
2354 1748 2441 1800 διὰ
2488 1747 2587 1815 τὴν
2622 1744 2962 1798 ἐπανθοῦσαν
3006 1745 3142 1812 αὐτῇ
3173 1743 3382 1804 πολιὰν,
3419 1743 3501 1795 ὅτι
3530 1741 3785 1810 τοιαύτην

554 1834 675 1904 fecit
705 1834 830 1887 mihi
857 1832 1132 1885 Dominus.
1161 1832 1324 1885 Sexto
1353 1831 1517 1901 igitur
1544 1848 1729 1887 mense
1754 1848 1782 1886 a
1813 1834 2123 1902 conceptio-

553 1938 624 1976 ne
649 1922 950 1983 Elisabeth,
987 1922 1187 1974 missus
1224 1930 1307 1974 est
1336 1920 1577 1983 Gabriel,
1611 1923 1687 1975 uti
1717 1922 1982 1991 scriptum
2013 1930 2117 1987 est,

556 2010 623 2065 ad
670 2010 891 2064 Mariam
934 2026 949 2061 :
992 2023 1102 2061 non
1140 2008 1364 2061 omnino
1404 2007 1557 2063 linito
1586 2017 1738 2062 sexto
1780 2023 1986 2071 mense,
2024 2007 2120 2061 sed

557 2101 700 2156 intra
726 2102 846 2170 ejus
875 2109 1039 2153 totam
1076 2099 1445 2153 latitudinem.
1489 2100 1677 2168 Neque
1712 2100 1858 2153 enim
1892 2100 2120 2153 historia
2162 2132 2183 2147 ε

556 2192 869 2263 evangelica
912 2192 1194 2260 impletum
1260 2191 1422 2244 habet
1459 2200 1671 2244 sextum
1709 2206 1982 2256 mensem,
2013 2205 2123 2259 quo

558 2296 803 2354 tempore
830 2284 968 2337 facta
997 2291 1081 2336 est
1113 2282 1357 2352 Virginis
1386 2282 1663 2345 salutatio,
1699 2298 1792 2336 seu
1823 2282 2120 2335 annuntia-

561 2376 674 2430 tio:
713 2390 891 2443 neque
924 2372 1193 2427 Gabrielis
1236 2373 1302 2426 ad
1351 2388 1472 2426 eam
1513 2373 1681 2426 verba
1722 2372 1826 2425 hoc
1857 2372 2117 2436 indicant,

558 2479 751 2519 verum
782 2464 856 2517 ita
883 2461 1105 2532 quidem
1144 2461 1377 2514 historia
1412 2478 1424 2513 :
1454 2459 1519 2513 In
1543 2469 1690 2513 sexto
1727 2476 1902 2513 mense
1932 2461 2121 2513 missus

561 2565 639 2610 est
673 2552 997 2624 angelus".
1049 2552 1288 2622 Angelus
1323 2560 1502 2605 autem
1562 2550 1628 2605 ad
1672 2550 1949 2621 Virginem
1997 2567 2011 2602 :
2051 2548 2124 2602 Et

556 2665 675 2702 ecce
699 2655 922 2718 cognata
949 2654 1062 2708 tua,
1099 2653 1147 2697 et
1173 2645 1288 2715 ipsa
1313 2643 1544 2712 concepit
1565 2641 1736 2711 ﬁlium
1773 2642 1829 2695 in
1866 2648 2127 2694 senectute

555 2757 679 2804 sua,
711 2750 759 2794 et
788 2740 872 2794 hic
906 2739 1096 2794 mensis
1135 2746 1311 2791 sextus
1361 2744 1435 2788 est
1470 2734 1551 2788 illi
1591 2749 1707 2804 qua:
1737 2744 1951 2787 vocatur
1972 2734 2129 2786 steri-

567 2831 631 2884 lis
667 2829 736 2883 ³η.

2224 1839 2430 1904 ἄγουσα
2461 1834 2698 1904 ἠλικίαν,
2738 1833 2999 1903 συνῆλθεν
3029 1835 3182 1906 ἀνδρὶ
3216 1834 3354 1903 πρὸς
3380 1833 3669 1886 κοινωνίαν
3699 1834 3785 1886 εὐ-

2221 1927 2337 1994 νῆς.
2374 1924 2764 1991 Περιέκρυὸεν
2795 1924 2848 1977 δὲ
2905 1922 3131 1989 ἑαυτὴν
3177 1923 3317 1987 τοὺς
3350 1923 3529 1977 πέντε
3564 1923 3782 1989 μῆνας,

2221 2016 2489 2085 λέγουσα
2517 2031 2528 2045 ·
2563 2016 2692 2067 ’Ότι
2738 2014 2925 2079 οὕτως
2972 2032 3073 2083 μοι
3121 2015 3447 2079 πεποίηκεν
3488 2017 3520 2068 ό
3552 2016 3782 2080 Κύριος.

2227 2106 2316 2176 Τῷ
2352 2102 2445 2160 οὖν
2475 2107 2619 2175 ἕκτῳ
2671 2105 2770 2170 τῆς
2823 2105 3138 2173 συλλήψεως
3173 2105 3271 2172 τῆς
3311 2106 3591 2157 Ἐλισαϐὲτ
3623 2107 3783 2175 μηνὶ,

2227 2199 2507 2267 ἀπεστάλη
2557 2200 2584 2250 ὁ
2622 2196 2883 2265 Γαϐριὴλ,
2911 2196 2985 2256 ὡς
3025 2197 3356 2263 γέγραπται,
3384 2197 3520 2264 πρὸς
3546 2197 3784 2264 Μαρίανο

2224 2291 2286 2342 οὐ
2315 2290 2532 2349 πάντως
2571 2287 2992 2357 πεπερασμένου
3024 2285 3117 2338 τοῦ
3149 2287 3309 2339 ἕκτου
3357 2286 3546 2355 μηνὸς,
3584 2286 3703 2338 ἀλλ’
3734 2288 3788 2338 ὲν

2223 2379 2302 2448 τῷ
2351 2379 2540 2433 πλάτει
2574 2377 2666 2430 τοῦ
2710 2378 2911 2439 παντὸς
2962 2377 3149 2446 μηνός.
3184 2376 3320 2430 Οὔτε
3350 2378 3459 2447 γὰρ
3491 2379 3523 2446 ἡ
3563 2377 3787 2443 εὐαγγε-

2230 2470 2356 2540 λικὴ
2406 2470 2614 2539 ἱστορία
2645 2467 2983 2538 πληροῦσθαι
3027 2469 3172 2534 λέγει
3204 2468 3293 2521 τὸν
3323 2468 3480 2521 ἕκτον
3512 2469 3679 2536 μῆνα,
3703 2467 3788 2521 ὅτε

2226 2562 2254 2614 ὁ
2284 2560 2418 2630 πρὸς
2443 2560 2543 2628 τὴν
2577 2559 2853 2630 Παρθένον
2880 2557 3193 2628 ἀσπασμὸς,
3220 2559 3339 2628 ἦτοι
3371 2557 3787 2627 εὐαγγελισμὸς,

2228 2651 2464 2717 ἐγένετο⁸
2498 2649 2620 2703 οὔτε
2659 2653 2707 2703 οἱ
2735 2649 2881 2718 λόγοι
2914 2649 3006 2702 τοῦ
3050 2647 3309 2718 Γαϐριὴλ,
3341 2649 3391 2700 ol
3434 2650 3569 2717 πρὸς
3596 2647 3787 2715 αὐτὴν,

2228 2738 2384 2791 τοῦτο
2421 2738 2794 2807 ἐμφαίνουσιν,
2838 2737 2952 2790 ἀλλ’
2988 2740 3020 2806 ἡ
3060 2737 3157 2806 μὲν
3192 2737 3404 2806 ἱστορία
3447 2737 3647 2805 φησιν,
3689 2736 3791 2788 Ἐν

2234 2827 2314 2893 τῷ
2337 2828 2481 2897 μηνὶ
2519 2828 2596 2891 τῷ
2622 2827 2771 2892 ἕκτῳ
2790 2826 3105 2892 ἀπεστάλη
3137 2830 3170 2881 ὁ
3194 2826 3469 2896 ἄγγελος.
3506 2827 3563 2879 '0
3601 2826 3657 2878 δὲ
3689 2825 3793 2893 ἆγ-

571 2919 728 2988 γελος
766 2919 903 2990 πρὸς
927 2918 1027 2988 τὴν
1055 2917 1330 2988 Παρθένον
1378 2916 1547 2983 φησί·
1593 2914 1700 2968 Kal
1745 2914 1876 2968 ἰδοὺ
1909 2915 1946 2980 ἠ
1980 2919 2283 2987 συγγενής
2327 2936 2464 2983 σου,
2515 2920 2612 2975 καὶ
2647 2919 2798 2987 αὑτὴ
2867 2910 3241 2988 συνείληφεν
3300 2920 3434 2973 υἱέν
3490 2918 3559 2971 ἓν
3621 2917 3795 2986 τήιει

562 3007 769 3074 αὐτῆς,
796 3009 890 3060 καὶ
923 3004 1099 3071 οὗτος
1125 3006 1245 3072 μὴν
1272 3005 1443 3070 ἕκτος
1487 3003 1640 3072 αὺτῇ
1667 3002 1742 3071 τῇ
1777 3004 2120 3072 καλουμένῃ
2156 3009 2387 3075 στείρᾳ.

632 3101 726 3156 1V.
762 3100 903 3153 Hinc
953 3114 1121 3167 porro
1165 3100 1336 3167 major
1369 3096 1529 3151 nobis
1567 3096 1790 3150 emersit
1817 3095 2126 3161 difﬁcultas,
2155 3103 2198 3157 (Γ.

564 3190 898 3260 obiiciatque
923 3188 1186 3242 calentior
1212 3181 1433 3257 aliquis,
1468 3188 1692 3242 dicens:
1723 3187 1777 3241 Si
1802 3187 2022 3256 quidem
2054 3189 2131 3243 ait

569 3283 697 3348 iste,
737 3280 1003 3336 accidisse
1051 3280 1456 3341 salutationem,
1508 3294 1603 3332 seu
1652 3278 2128 3333 annuntiationem

566 3375 786 3429 labente
816 3387 1033 3437 mense;
1064 3371 1189 3440 quis
1234 3372 1305 3433 ita
1337 3369 1616 3424 distribuit
1654 3378 1715 3423 ut
1745 3368 1908 3423 hodie
1936 3369 2132 3423 debeat

565 3460 867 3523 celebrari,
898 3460 1007 3513 hoc
1060 3468 1143 3512 est
1182 3456 1271 3511 die
1307 3458 1387 3511 25‘
1418 3443 1801 3521 mensisfnon
1857 3456 1946 3510 die
1984 3456 2131 3509 alia?

564 3552 647 3607 Ad
681 3566 843 3622 quem
878 3551 933 3604 in
968 3557 1222 3619 promptu
1266 3555 1384 3602 erat
1407 3548 1624 3611 dicere,
1662 3547 1908 3601 eamdem
1947 3546 2025 3600 illi
2063 3546 2131 3600 de

567 3645 766 3716 quovis
812 3642 919 3696 alio
964 3640 1052 3694 die
1084 3639 1318 3693 futuram
1349 3638 1721 3707 quaestionem.
1766 3636 1904 3702 Quia
1950 3646 2130 3691 tamen

566 3735 791 3791 videtur
837 3748 948 3788 non
995 3730 1189 3785 inscita
1239 3729 1620 3801 percontatio,
1680 3727 2127 3797 respondeamus.

567 3826 813 3881 Dicimus
846 3837 997 3891 ergo,
1035 3837 1144 3875 non
1195 3820 1276 3874 sic
1316 3835 1503 3873 revera
1540 3818 1739 3872 habere
1780 3817 2129 3883 aﬂirmantes,

568 3930 750 3983 neque
785 3921 848 3967 ut
890 3921 1139 3965 nostrum
1172 3910 1435 3963 duntaxat
1464 3923 1772 3963 sermonem
1809 3916 2128 3971 teneamus;

567 4004 664 4059 sed
701 4012 761 4057 ut
793 4002 937 4072 quod
961 4002 1203 4056 animum
1228 3994 1397 4054 subiit
1428 3999 1545 4054 sine
1570 4000 1770 4054 invidia
1797 4000 2130 4068 aperiamus,

570 4110 780 4163 vosque
806 4094 874 4148 ad
898 4095 1171 4148 veriorem
1200 4092 1531 4147 solutionem
1567 4092 1948 4161 inquirendam
1979 4106 2133 4145 exer-

568 4200 793 4240 ceamus
825 4202 839 4237 :
873 4200 1036 4253 quam
1063 4184 1108 4237 si
1134 4182 1477 4247 inveneritis,
1502 4189 1719 4236 maneat
1739 4182 1854 4235 haec
1873 4182 2129 4243 obscura,

570 4289 674 4329 nec
697 4281 972 4328 mereatur
1000 4270 1296 4327 conscribi.

2314 3097 2593 3153 Ἐντεῦθεν
2625 3098 2681 3151 δὲ
2709 3100 2838 3168 ἡμῖν
2882 3098 3089 3166 ἀνεφύη
3122 3098 3325 3167 μείζων
3348 3100 3380 3166 ἡ
3417 3098 3669 3167 ζήτησις,
3701 3097 3798 3150 καὶ

2233 3188 2540 3258 ὑπέκρουσέ
2564 3205 2647 3250 τις
2686 3186 2792 3240 τῶν
2847 3188 3229 3257 θερμοτέρων,
3268 3188 3331 3241 Εἰ
3375 3191 3431 3240 ἐν
3465 3188 3543 3255 τῷ
3580 3189 3796 3254 πλάτει,

2228 3276 2421 3344 λέγων.
2459 3277 2550 3330 τοῦ
2588 3277 2754 3348 μηνὸς
2797 3277 3077 3344 γεγονέναι
3112 3278 3276 3346 φησὶν
3305 3273 3457 3338 οὗτος
3494 3278 3584 3330 τὸν
3621 3281 3801 3333 ἀσπα-

2235 3372 2392 3441 σμὸν,
2422 3371 2540 3440 ἦτοι
2562 3371 2650 3424 τὸν
2676 3370 3094 3440 εὐαγγελισμδν,
3117 3370 3200 3434 τίς
3231 3373 3263 3441 ἡ
3291 3372 3706 3441 ἀποκλήρωσις,
3733 3374 3799 3440 τῇ

2234 3466 2471 3532 σήμερον
2532 3462 2689 3514 αὑτὸν
2746 3460 3150 3522 ἐπιτελεῖσθαι,
3206 3463 3457 3515 τουτέστι
3502 3466 3568 3532 τῇ
3624 3463 3799 3516 εἰκάδι

2234 3554 2480 3622 πέμπτῃ,
2517 3551 2612 3605 καὶ⁸
2637 3550 2709 3621 μὴ
2733 3553 2789 3604 ἐν
2819 3550 2952 3621 ἄλλῃ
2992 3550 3084 3603 τοῦ
3120 3550 3286 3620 μηνὸς
3311 3550 3529 3622 ἡμέρας
3570 3553 3718 3622 Πρ>ις
3746 3552 3801 3604 ὃν

2232 3643 2578 3715 έτοιμότατον
2621 3638 2686 3712 ἦν
2716 3643 2913 3703 εἰπεῖν,
2952 3643 3034 3696 ὅτι
3084 3641 3193 3694 Καὶ⁴
3226 3644 3356 3711 περὶ
3383 3643 3547 3709 ἄλλης
3581 3645 3804 3711 ἡμέρας

2233 3735 2293 3787 τὸ
2342 3734 2474 3787 αὐτὸ
2521 3735 2804 3803 ἡπόρησας
2850 3733 2935 3788 ἄν.
2982 3732 3482 3802 Ἀπολογησώμεθα
3530 3733 3576 3788 δ’
3627 3736 3803 3803 ὅμως,

2233 3823 2422 3892 ἐπειδὴ
2449 3824 2550 3877 οὐκ
2578 3824 2823 3892 ἄκομψον
2865 3824 3014 3877 δοκεῖ
3051 3819 3189 3876 εἷναι
3226 3822 3286 3876 τὸ
3311 3823 3676 3892 ὲπαπόρημα.
3707 3824 3809 3877 Δέ-

2231 3929 2403 3980 γομεν
2433 3911 2511 3972 δὲ,
2541 3911 2602 3964 οὐ
2627 3910 3093 3981 διαϐεϐαιούμενοι
3119 3911 3290 3974 οὕτως
3320 3910 3465 3982 ἔχειν
3492 3911 3553 3965 τὸ
3578 3912 3807 3982 ἀληθὲς,

2232 4002 2342 4054 οὐδ’
2374 4001 2449 4062 ὡς
2499 4001 2657 4070 μόνον
2695 4000 2785 4053 τὸν
2833 4002 3041 4054 ἑαυτῶν
3077 4002 3234 4068 λόγον
3286 4003 3621 4070 κρατοῦντες
3643 4018 3660 4034 ο
3692 4002 3808 4057 ἀλλ’

2234 4090 2483 4157 ἀεθόνως
2528 4090 2590 4142 τὸ
2628 4090 2853 4143 ἐπελθὸν
2884 4091 3011 4161 ὑμῖν
3042 4091 3538 4157 ἀνακαλύπτοντες,
3565 4094 3672 4147 καὶ
3709 4111 3809 4161 γυ-

2235 4179 2528 4248 μνάζοντες
2590 4181 2733 4248 ὑμᾶς
2782 4179 2880 4249 τὴν
2934 4179 3296 4252 ἀληθεστέραν
3354 4181 3558 4252 ταύτης
3620 4183 3812 4250 ζητεῖν

2236 4270 2512 4323 ἐπίλυσιν·
2547 4269 2612 4339 ἢν
2646 4267 2786 4323 ἐπὰν
2862 4270 3083 4342 ε’ύρητε,
3116 4272 3292 4336 αἴολος
3335 4274 3477 4344 αὐτὴ
3506 4284 3535 4323 P
3568 4275 3808 4343 μενέτω.

2233 4362 2327 4414 καὶ
2362 4362 2484 4430 μηδ’
2514 4361 2650 4424 ὅλως
2677 4361 2949 4428 ἁξιούσθω
2986 4364 3229 4433 γραφῆς.

639 4450 704 4506 V.
748 4449 886 4505 Cum
937 4448 1030 4503 hic
1075 4446 1313 4503 mundus
1350 4436 1568 4500 creatus
1626 4445 1718 4510 sit,
1772 4459 1835 4499 ac
1887 4453 2126 4513 tempore

2307 4453 2536 4520 Γενητὺς
2566 4451 2642 4504 ὢν
2666 4454 2693 4505 ό
2718 4454 2920 4522 κόσμος
2952 4447 3129 4518 οὗτος,
3159 4457 3253 4508 καὶ
3283 4456 3461 4529 χρόνῳ
3494 4457 3810 4529 μετρούμε-

568 4550 946 4604 mensuretur,
978 4540 1138 4609 plane
1166 4546 1385 4606 oportet
1416 4535 1686 4604 incepisse
1716 4535 1783 4588 ab
1808 4534 1993 4603 aliquo
2021 4549 2137 4587 mo-

571 4639 629 4684 ω
662 4649 676 4695 ;
701 4630 1036 4698 omninoque
1069 4628 1363 4697 temporale
1391 4626 1665 4696 quoddam
1686 4624 2015 4695 principium
2041 4623 2138 4677 ha-

572 4720 711 4773 buit.
756 4720 876 4773 Non
903 4719 1049 4772 enim
1081 4732 1182 4771 nos
1210 4717 1603 4786 sempiternum
1635 4715 1821 4769 dicere
1861 4714 2133 4775 novimus,

570 4825 673 4864 nec
702 4808 961 4863 Ecclesia:
1010 4808 1126 4861 Dei.
1176 4807 1327 4861 Nihil
1365 4808 1568 4876 quippe
1600 4807 1997 4875 sempiternum
2029 4811 2132 4868 est,

567 4898 729 4966 cujus
760 4906 945 4967 partes
977 4897 1318 4965 corruptioni
1370 4913 1434 4951 ac
1478 4895 1766 4949 mutationi
1804 4894 2087 4963 subjacent
2120 4911 2133 4945 :

569 4988 795 5051 omnino
835 4996 1041 5050 autem,
1077 4988 1234 5057 cujus
1276 4993 1706 5056 corrumpuntur
1729 4996 1934 5055 partes,
1962 4993 2134 5038 totum

568 5094 789 5149 quoque
844 5079 1022 5148 ipsum
1055 5078 1396 5148 corruptioni
1426 5076 1723 5132 obnoxium
1756 5085 1859 5130 est.
1901 5076 2057 5142 Quod
2088 5077 2132 5147 si

568 5172 759 5229 mtmdi
794 5182 979 5243 partes
1012 5171 1367 5241 corruptione
1395 5171 1693 5234 intereunt,
1737 5170 1927 5240 utique
1965 5169 2135 5223 inter-

567 5263 770 5321 iturum
819 5274 904 5320 est
931 5273 987 5320 et
1030 5272 1229 5319 totum.
1263 5263 1379 5317 Non
1410 5279 1542 5334 ergo
1572 5262 1812 5316 mundus
1838 5262 2128 5329 sempiter-

627 5422 677 5456 τ’
706 5422 839 5477 Luc.
875 5436 912 5488 1,
932 5421 1021 5486 ⁵34.
1096 5422 1142 5452 ⁸⁸
1172 5420 1304 5475 ibid.
1330 5421 1420 5477 26.
1495 5423 1536 5453 ⁸¹
1571 5421 1702 5476 ibid.
1734 5421 1823 5476 56.

2233 4558 2342 4602 νος,
2373 4541 2477 4592 ἀπό
2500 4556 2647 4602 τινος
2674 4541 2890 4603 πάντως
2923 4544 3190 4606 κινήσεως
3214 4544 3435 4615 ἤρξατο·
3467 4546 3521 4597 τί
3563 4547 3613 4598 δ’
3646 4545 3717 4599 ἂν
3747 4542 3811 4614 ἦν

2233 4631 2462 4701 χρονικὴ
2496 4629 2715 4692 πάντως
2764 4633 2935 4701 ἀρχῆς
2976 4634 3147 4686 ἀΐδιον
3178 4633 3287 4704 γὰρ
3329 4634 3494 4688 αὐτὸν
3532 4635 3726 4703 λέγειν
3753 4635 3808 4687 οὐ

2236 4721 2641 4790 μεμαθήκαμεν
2671 4724 2854 4791 ἡμεῖς,
2898 4723 3019 4777 οὐδὲ
3072 4727 3128 4777 αἱ
3165 4726 3481 4797 Ἐκκλησίαι
3514 4727 3617 4779 τοῦ
3651 4723 3809 4780 Θεοῦ.

2234 4810 2402 4863 Οὐδὲν
2427 4811 2537 4881 γάρ
2567 4813 2716 4864 ἐστιν
2746 4813 2939 4876 ἀΐδιον,
2970 4808 3032 4867 οὗ
3066 4815 3133 4869 τὰ
3169 4817 3307 4887 μέρη
3334 4818 3563 4887 φθοραῖς
3593 4821 3696 4873 καὶ
3721 4818 3810 4871 ἁλ-

2232 4898 2511 4952 λοιώσεσιν
2542 4899 2845 4954 ὑπόκειται·
2878 4904 3014 4956 ἀλλὰ
3040 4906 3277 4969 πάντως,
3305 4902 3366 4961 οὗ
3389 4908 3456 4961 τὰ
3481 4909 3632 4978 μέρη
3667 4907 3814 4973 φθεί-

2239 5006 2444 5060 ρονται,
2471 4991 2631 5044 τοῦτο
2660 4993 2755 5045 καὶ
2776 4993 2834 5046 τὸ
2857 4994 2976 5047 ὅλον
3002 4996 3213 5067 φθορᾶς
3249 4997 3519 5052 δεκτικόν.
3552 5000 3625 5051 El.
3653 5000 3714 5052 δὲ
3752 4996 3815 5050 τὰ

2235 5081 2377 5150 μέρη
2426 5080 2521 5134 τοῦ
2564 5081 2771 5149 κόσμου
2816 5084 3153 5154 φθείρονται,
3186 5086 3431 5156 δηλονότι
3465 5089 3567 5141 καὶ
3602 5091 3667 5143 τὸ
3697 5089 3815 5142 ὅλον

2232 5172 2592 5242 φθαρήσεται.
2647 5174 2856 5228 Οὐκοῦν
2907 5177 3008 5230 οὐκ
3059 5179 3248 5241 ἀΐδιος.
3286 5180 3350 5232 Εἰ
3390 5180 3436 5233 δ’
3483 5183 3594 5234 οὐκ
3622 5183 3815 5245 ἀΐδιος,

2228 5262 2399 5332 ἀρχὴν
2441 5262 2566 5333 ἔσχε
2604 5262 2700 5317 τοῦ
2741 5261 2910 5336 εἶναι,
2944 5269 3038 5321 καὶ
3080 5269 3249 5342 ἀρχὴκ
3287 5271 3582 5339 γενέσεως,
3616 5275 3650 5327 ό
3694 5269 3823 5343 όρὼ-

1849 5532 2076 5586 ΥΑΒΙᾹΞ
2119 5532 2523 5590 LECTIONES.

631 5632 660 5676 Ρ
690 5627 870 5699 nam.
907 5628 1090 5695 Forte,
1127 5627 1282 5697 αὕτη.
