4020 6146
362 329 494 398 1381

1128 328 1387 390 SERMO
1426 330 1516 395 II.
1555 353 1625 364 -
1670 328 1753 391 IN
1793 324 2487 389 ANNUNTIATIONEM
2525 324 2587 384 S.
2627 323 2913 383 MARUE.

3491 323 3629 389 1312

362 458 522 515 μενος
554 438 778 508 κόσμος,
831 436 906 498 ὡς
946 434 1345 489 ἀποδέδεικται.
1379 435 1626 506 Δήποθεν
1667 436 1813 507 εἰκὸς
1843 431 1935 506 ἦν,

2044 448 2144 488 nus
2197 439 2300 487 est.
2353 430 2410 484 Si
2441 441 2628 485 autem
2671 446 2784 485 non
2821 440 2909 486 est
2940 414 3277 498 sempiterna
3308 432 3483 487 oculis
3508 436 3628 491 haec

360 537 538 590 πάντα
559 534 616 586 ὲν
637 532 792 595 τάξει
811 532 904 583 καὶ
921 529 1241 600 δικαιοσύνῃ
1264 531 1549 592 κτίσασαν,
1568 534 1659 583 καὶ
1682 531 1942 599 δημιουρ-

360 628 614 699 γήσασαν
666 622 760 676 τοῦ
804 622 938 674 Θεοῦ
990 623 1202 690 σοφίαν,
1236 622 1507 692 ἄρξασθαι
1546 622 1644 690 τῆς
1696 622 1943 689 δημηγο-

362 719 487 793 ρίας
517 716 623 787 qui}
663 717 758 769 καὶ
792 714 968 783 ἀρχὴν
996 714 1075 783 τῷ
1102 714 1278 784 χρόνῳ
1311 713 1531 767 διδόναι·
1571 714 1693 764 ἐπεὶ
1720 713 1813 765 καὶ
1848 711 1945 765 αύ-

360 810 453 873 τδς
488 805 804 875 συνεισῆλθε
831 808 943 866 τοῖς
971 804 1292 872 κτίσμασινο
1328 805 1360 874 ἢ
1395 804 1453 866 ἐξ
1480 803 1723 872 ἰσότητος
1757 800 1940 862 εὐθὺς,

364 899 508 975 [καὶ]
550 901 649 968 τῆς
686 898 817 966 περὶ
860 897 928 949 τὰ
956 896 1352 966 διακρινόμενα
1377 913 1433 947 τε
1462 894 1556 947 καὶ
1587 891 1942 962 διαιρούμενα

362 991 460 1046 τοῦ
492 990 708 1045 δικαίου
746 996 794 1051 τ,
831 986 925 1039 καὶ
958 987 1055 1055 τῆς
1107 988 1184 1047 εἰς
1222 986 1391 1054 ἄκρον
1433 986 1773 1054 ἰσομοιρίας,
1817 984 1942 1055 ἣνή

307 1122 318 1130 .
362 1083 459 1137 τοῦ
510 1082 672 1151 ἔαρος
712 1079 855 1148 ἀρχὴ
904 1079 967 1129 ὲκ
1011 1076 1232 1146 πρώτης
1280 1076 1463 1138 ἔλαϐε,
1508 1078 1602 1129 καὶ
1654 1078 1815 1145 μέχρι
1850 1074 1943 1127 νῦν

366 1175 501 1244 ἔχει,
534 1172 844 1240 γενέσεως’
896 1167 1054 1237 ψύξει
1109 1169 1204 1219 καὶ
1249 1170 1491 1236 καύματι
1526 1165 1941 1234 μεσιτευούσης,

365 1271 457 1320 καί
485 1263 889 1331 διαφευγούσης
924 1262 983 1313 τὸ
1023 1262 1079 1311 ἐν
1108 1260 1356 1330 ἐκατέρῳ
1403 1259 1668 1327 λυπηρὸν,
1706 1260 1772 1326 τῇ
1809 1258 1944 1325 ἀμε-

365 1359 513 1427 τρίᾳο
552 1351 670 1408 εἶτα
699 1354 760 1405 τὸ
792 1353 974 1405 πλεῖον
1014 1351 1090 1421 τῷ
1129 1353 1271 1419 φωτὶ
1300 1351 1397 1402 καὶ
1432 1349 1510 1419 τῷ
1553 1348 1797 1418 ἡμερινῷ
1833 1347 1947 1401 δια-

367 1450 465 1517 στή
477 1464 605 1519 ματι
629 1446 1019 1515 χαριζομένης.
1044 1445 1137 1496 καὶ
1160 1442 1633 1514 συλαγω[γού]σης
1660 1443 1721 1494 τὸ
1752 1442 1945 1504 σκότος

365 1542 502 1610 πρὸς
534 1539 710 1607 φωτὸς
734 1538 1110 1606 ἐπικράτειαν.
1140 1536 1289 1587 Ἔδει
1314 1536 1442 1604 γὰρ,
1471 1535 1578 1587 ἔδει
1598 1534 1658 1586 τὸ
1687 1533 1821 1601 φῶς,
1849 1532 1943 1586 τοῦ

367 1632 589 1691 σκότους
651 1628 908 1699 κριθῆναι
950 1623 1302 1695 τιμιώτερον.
1368 1625 1523 1677 Ἐπεὶ
1582 1622 1642 1676 τὸ
1691 1623 1789 1692 μὲν
1848 1623 1945 1692 οὺχ

367 1724 693 1794 ὑφίσταταιο
732 1720 794 1773 τὸ
834 1720 891 1772 δὲ
920 1717 1113 1789 πρώτῃ
1148 1715 1285 1768 θεοῦ
1329 1719 1504 1785 φωνῇ,
1544 1716 1619 1784 μὴ
1658 1714 1716 1767 ὃν
1749 1714 1943 1782 πρότε-

367 1834 482 1888 ρον,
506 1814 719 1882 γέγονε.
754 1812 848 1864 καὶ
880 1808 1241 1880 ἐμαρτυρήθη
1272 1808 1399 1876 περὶ
1426 1806 1592 1858 αὐτοῦ
1625 1807 1701 1857 ὅτι
1730 1807 1940 1857 καλόν.

379 1904 622 1959 Ἐκεῖθεν
641 1902 736 1955 καὶ
753 1900 972 1970 πρῶτον
999 1897 1144 1966 μῆνα
1165 1896 1380 1963 λέγουσι
1404 1894 1597 1947 τοῦτον
1614 1896 1663 1946 οἱ
1679 1892 1941 1962 Ἑϐραῖοι,

365 1996 574 2050 ἄνωθεν
605 1996 756 2056 ἴσως,
788 1992 881 2045 καὶ
927 1993 991 2043 ὲκ
1029 1990 1314 2056 πατέριον,
1347 1988 1441 2039 καὶ
1467 1984 1553 2039 διὰ
1588 1985 1863 2046 Μωῦσέως
1888 1983 1947 2036 δὲ

365 2085 796 2157 νομοθετηθέντα
838 2084 1056 2144 αὐτοῖς·
1100 2081 1162 2134 '0
1204 2079 1321 2148 μὲν
1354 2081 1464 2147 γὰρ
1506 2073 1715 2142 ὀὗτος,
1754 2077 1942 2144 φησὶν,

364 2180 522 2234 ἔστω
557 2177 696 2245 ὑμῖν
736 2174 970 2243 πρῶτος
1012 2174 1082 2228 ἐν
1132 2172 1255 2236 τοῖς
1306 2170 1459 2240 μησὶ
1506 2169 1612 2223 τοῦ
1643 2166 1942 2230 ἐνιαυτοῦ,

364 2269 427 2322 ὃν
457 2268 554 2321 καὶ
575 2265 740 2335 μῆνα
770 2265 911 2316 νέον
939 2270 961 2296 ⁸
1002 2261 1135 2331 ἄλλῃ
1178 2278 1283 2313 που
1314 2258 1573 2328 ὀνομάζει
1612 2257 1639 2308 ὁ
1681 2258 1942 2325 Μωῦσῆς,

366 2359 570 2428 νεαρᾶς
606 2357 834 2417 κτίσεως
862 2353 1044 2424 ἀρχῆς
1065 2394 1080 2418 ,
1127 2353 1222 2427 καί.
1255 2350 1365 2404 τῶν
1407 2350 1469 2414 ἐξ
1511 2347 1687 2419 ἀρχῆς
1717 2348 1947 2417 γενομέ-

367 2465 495 2509 νων,
538 2447 668 2499 δντα
710 2445 1080 2515 μνημόσυνον.
1117 2443 1177 2494 Ὀ
1202 2441 1257 2493 δὲ
1289 2444 1387 2492 καὶ
1422 2443 1486 2492 ἐκ
1518 2440 1771 2509 πατέρων
1805 2454 1945 2507 παρ-

367 2535 561 2590 έλαϐεν
606 2534 780 2604 ἀρχὴν
812 2533 1012 2585 εἰδέναι
1061 2532 1252 2608 χρόνου
1287 2529 1381 2581 τὸν
1414 2527 1558 2599 μῆνα
1597 2528 1809 2581 τοῦτον.
1859 2527 1946 2578 Ἐν

367 2632 478 2692 τοῖς
506 2627 635 2697 περὶ
662 2624 1054 2691 κατακλυσμοῦ
1109 2622 1297 2690 σαφῶς
1329 2622 1659 2690 εὑρίσκομεν
1688 2618 1945 2687 δεύτερον

370 2723 518 2792 μῆνα
541 2721 631 2774 τὸν
666 2720 803 2789 μετὰ
824 2719 916 2771 τὸν
942 2717 1152 2770 Νισσὸιν
1171 2716 1487 2784 λεγόμενον.
1514 2715 1671 2769 Οὕτω
1688 2716 1794 2783 γὰρ
1816 2714 1947 2784 παρ’

366 2813 553 2872 αὐτοῖς
582 2811 610 2862 ὁ
642 2808 857 2880 πρῶτος
887 2806 1214 2875 ὀνομάζεται
1254 2806 1380 2874 μὴν,
1410 2807 1437 2858 ὁ
1468 2805 1617 2875 παρὰ
1660 2804 1758 2873 μὲν
1809 2804 1945 2857 Ῥω-

370 2901 553 2970 μαίοις
597 2898 893 2968 Ἀπρί).ιος,
920 2897 1070 2975 παρὰ
1101 2897 1157 2949 δὲ
1192 2897 1477 2959 Μακεδόσι
1501 2895 1789 2958 Ξανθικός.
1821 2896 1946 2965 Ἐρ-

370 2991 667 3063 μηνεύεται
694 2990 750 3042 δὲ
787 2990 1017 3054 Νισσάν,
1054 2991 1086 3041 ὀ
1116 2988 1334 3041 ἀνθῶν.
1366 2988 1547 3042 Νίσσα
1574 2989 1684 3059 γὰρ
1725 2987 1943 3055 λέγεται

2042 523 2287 593 subjecta
2329 522 2525 585 moles,
2585 521 2747 590 plane
2796 521 2992 575 habuit
3035 520 3368 590 principium
3411 538 3533 579 esse
3563 541 3628 581 ac

2045 615 2376 684 principium
2407 613 2731 671 creationis.
2758 622 2819 667 ut
2852 614 3142 683 probatum
3171 613 3293 666 fuit.
3332 614 3488 668 Unde
3514 617 3626 684 jam

2043 720 2142 773 par
2168 714 2307 768 erat,
2342 715 2401 758 ut
2439 705 2536 759 Dei
2573 706 2846 773 sapientia
2885 721 3004 775 quae
3042 706 3300 760 universa
3329 708 3526 763 ordine
3564 725 3627 765 ac

2037 795 2251 864 justitia
2284 798 2497 851 creavit
2528 798 2906 866 condiditque,
2941 799 3277 852 creationem
3314 801 3625 863 inchoaret.

2044 902 2143 942 seu
2201 889 2367 943 etiam
2421 899 2638 959 tempus
2698 890 2948 945 initiaret
2997 908 3010 943 :
3070 907 3196 943 nam
3242 901 3298 945 et
3347 894 3464 961 ipse
3509 895 3626 963 pari

2044 993 2167 1033 cum
2199 981 2400 1035 creatis
2424 972 2673 1049 tempore
2705 982 2990 1052 ingressus
3016 990 3102 1035 est
3132 984 3147 1019 ί
3180 999 3380 1051 :quam
3409 985 3478 1037 ab
3513 985 3629 1055 ipsa

2044 1069 2232 1123 statim
2286 1072 2622 1139 aequalitate,
2667 1073 2816 1140 quod
2865 1073 2933 1126 ad
2990 1072 3518 1129 diseriminatinnem
3565 1093 3629 1132 ac

2045 1159 2374 1215 divisionem
2404 1163 2670 1232 temporis
2718 1173 2953 1233 spectat.
2988 1174 3151 1233 atque
3195 1183 3224 1219 a
3254 1182 3466 1222 summa
3499 1185 3626 1238 par-

2046 1252 2183 1305 tium
2206 1253 2598 1322 mquabilitate,
2627 1270 2789 1323 quam
2815 1256 2960 1310 veris
2982 1256 3199 1309 initium
3228 1271 3256 1309 a
3276 1258 3450 1325 prima
3476 1275 3632 1314 crea-

2047 1343 2195 1397 tione
2224 1345 2437 1407 habuit,
2466 1345 2843 1414 hactenusque
2878 1346 3046 1399 habet
3084 1364 3096 1399 :
3134 1348 3315 1402 media
3342 1350 3432 1402 illa
3465 1350 3629 1421 frigu-

2048 1435 2125 1489 ris
2152 1442 2208 1490 et
2237 1448 2423 1501 aestus,
2458 1453 2523 1489 ac
2586 1437 2733 1506 quod
2784 1449 2939 1505 parte
2977 1447 3211 1508 utraque
3242 1456 3468 1495 excessu
3507 1458 3628 1497 mo-

2046 1524 2244 1579 lestum
2277 1537 2380 1587 est,
2411 1528 2651 1595 fugiente
2677 1544 2689 1578 :
2719 1543 2951 1596 qua:ch
2982 1530 3335 1596 postmodum
3369 1533 3489 1600 plus
3516 1534 3627 1588 luci

2049 1616 2257 1668 tribuat
2297 1616 2517 1684 dicique
2546 1617 2746 1684 spatio,
2787 1632 2850 1669 ae
2881 1618 3138 1672 tenebras
3178 1620 3533 1689 depraedetur
3557 1625 3627 1677 ad

2046 1707 2187 1762 lucis
2215 1708 2527 1763 victoriam.
2571 1709 2735 1763 Plane
2777 1710 2925 1763 enim
2959 1714 3253 1779 oportebat
3315 1724 3372 1768 ut
3404 1734 3512 1786 prtP.
3546 1726 3627 1772 te-

1984 1791 2020 1843 Β
2050 1800 2237 1854 nebris
2284 1801 2376 1854 lux
2432 1800 2612 1870 potior
2673 1800 3008 1865 haberetur,
3053 1804 3330 1872 siquidem
3387 1809 3630 1862 tenebrae

2046 1907 2158 1945 non
2204 1893 2516 1946 subsistunt
2559 1908 2572 1944 :
2607 1892 2698 1944 lux
2731 1901 2937 1957 autem,
2973 1908 3096 1947 cum
3130 1896 3281 1962 prius
3321 1912 3429 1950 non
3458 1909 3627 1962 esset,

2047 1984 2224 2050 prima
2270 1985 2363 2037 Dei
2412 1999 2546 2037 voce
2578 1984 2798 2037 condita
2831 1995 2915 2037 est
2944 1985 3009 2047 "',
3046 1984 3348 2054 habuitque
3382 1990 3629 2041 testimo-

2045 2074 2222 2138 nium,
2251 2075 2442 2128 bonam
2470 2091 2595 2128 esse.
2625 2074 2761 2128 llinc
2782 2076 2946 2128 etiam
2976 2076 3210 2145 primum
3246 2077 3452 2132 Hebraei
3485 2079 3630 2134 hunc

2046 2181 2291 2221 mensem
2321 2165 2543 2229 dicunt;
2574 2166 2702 2218 olim
2740 2174 2895 2234 puto,
2933 2182 2997 2221 ac
3032 2183 3095 2221 ex
3117 2168 3391 2230 Patribus,
3419 2184 3628 2239 perque

2044 2258 2264 2328 Moysen
2290 2258 2409 2325 ejus
2435 2257 2516 2310 eis
2542 2257 2751 2309 sancita
2777 2257 3067 2325 religione.
3099 2257 3194 2311 Hic
3217 2260 3391 2319 enim,
3422 2261 3622 2330 inquit,

2046 2351 2237 2402 mensis
2281 2349 2346 2401 sit
2377 2348 2516 2400 vobis
2558 2347 2759 2416 primus
2792 2348 2845 2399 in
2883 2349 3140 2401 mensibus
3172 2351 3301 2403 anni
3340 2352 3382 2382 ⁸³
3416 2367 3428 2403 :
3460 2368 3621 2420 qum

2044 2441 2209 2494 etiam
2253 2439 2487 2508 quodam
2525 2438 2633 2492 alio
2671 2439 2794 2492 loco
2846 2438 3059 2509 Moyses
3100 2457 3327 2494 mensem
3372 2458 3625 2496 novorum

2045 2529 2181 2583 dicit
2213 2528 2278 2584 ⁸⁸.
2312 2538 2567 2597 tanquam
2605 2545 2760 2581 novaa
2798 2529 3096 2597 creationis
3126 2530 3403 2600 principii.
3433 2549 3495 2587 ac
3535 2549 3626 2587 eo-

2047 2636 2167 2673 rum
2199 2635 2319 2688 quae
2352 2621 2511 2674 initio
2546 2619 2690 2673 facta
2720 2628 2871 2682 sunt,
2903 2622 3244 2676 memoriale.
3277 2622 3382 2676 Sed
3427 2632 3481 2677 ct
3516 2625 3562 2678 is
3594 2641 3623 2678 a

2046 2710 2300 2764 Patribus
2325 2711 2557 2780 accepit,
2591 2721 2651 2764 ut
2676 2726 2921 2765 mensem
2976 2712 3142 2766 istum
3192 2725 3380 2767 nosset
3421 2715 3626 2784 princi-

2045 2803 2196 2871 pium
2232 2803 2516 2869 temporis.
2550 2802 2693 2857 Sane
2736 2803 2792 2856 in
2825 2804 3015 2858 diluvii
3056 2804 3290 2859 historia
3328 2807 3372 2839 ⁸⁸
3412 2809 3625 2877 perspi-

2045 2908 2147 2948 cue
2198 2907 2517 2960 expresmm
2570 2893 2916 2948 invenimus.
2961 2896 3298 2963 appellatum
3342 2910 3462 2950 esse
3495 2886 3621 2951 eum

2044 2971 2287 3039 mensem
2311 2984 2635 3048 secundum,
2660 2985 2753 3053 qui
2780 2992 3140 3055 consequitur
3156 2987 3343 3041 Nisan.
3365 2989 3454 3043 Sic
3474 2991 3621 3044 enim

369 3085 500 3156 παρ’
549 3084 821 3152 Ἑϐραίοις
849 3084 909 3134 τὸ
942 3082 1122 3143 ἄνθος.
1162 3082 1315 3150 Τάχα
1365 3081 1423 3134 δὲ
1469 3083 1561 3134 καὶ
1597 3083 1624 3133 ὁ
1652 3080 1935 3143 Ξανθικὸς,

2049 3075 2191 3144 apud
2227 3090 2325 3129 eos
2359 3074 2573 3143 primus
2612 3077 2815 3129 mensis
2848 3078 3179 3145 appellatur.
3206 3078 3299 3147 qui
3335 3079 3477 3148 apud
3510 3080 3620 3133 Ro-

376 3172 619 3234 Ἀνθικὸς
651 3173 976 3241 >.έγεται,τῇ
998 3170 1282 3243 προσθήκῃ
1320 3173 1777 3242 προσαγορευθεὶς
1806 3172 1937 3224 Ξαν-

367 3262 536 3326 θικός.
575 3265 697 3317 Εἴτε
734 3264 791 3316 δὲ
827 3264 1211 3326 Ἀνθικδς,εῖτε
1240 3260 1521 3329 Ξανθικζς,
1556 3267 1620 3317 ὲκ
1649 3265 1747 3334 τῆς
1778 3266 1836 3316 ἐν
1864 3264 1941 3333 τῷ

366 3353 490 3424 ἀέρι
530 3352 868 3421 ὲξανθήσεως
903 3351 1060 3405 τοῦτο
1087 3353 1442 3421 χρηματίζει.

2049 3180 2242 3222 manes
2287 3164 2490 3218 dicitur
2546 3164 2793 3233 Aprilis,
2854 3165 2998 3234 apud
3063 3175 3245 3221 autem
3299 3168 3624 3223 Matedones

2046 3258 2375 3312 Xanthicus.
2403 3257 2576 3311 Porro
2601 3257 2767 3311 Nisan
2803 3258 3102 3327 exponitur
3134 3262 3327 3330 florens
3366 3278 3379 3312 :
3419 3263 3649 3331 quippe‘

2045 3349 2173 3403 Nisa
2228 3347 2371 3417 apud
2423 3347 2681 3401 Hebrteos
2727 3346 2827 3402 ﬂos
2862 3349 3169 3417 appellatur
3196 3363 3243 3404 υ.
3274 3352 3436 3406 Forte
3493 3368 3624 3407 vero

367 3443 536 3498 etiam
596 3441 925 3505 Xanthicus,
968 3442 1241 3498 Anthicus
1287 3442 1473 3496 Graece
1544 3441 1770 3504 dicitur,
1818 3440 1873 3496 id
1915 3449 2001 3496 est
2039 3438 2303 3500 ﬂoridus,
2353 3436 2660 3507 adjectione
2717 3437 2913 3492 littera:
2944 3438 2990 3491 Χ
3036 3440 3111 3492 ita
3142 3442 3466 3510 appellatus.
3496 3443 3624 3499 Sive

369 3544 556 3590 autem
612 3534 905 3603 Anthicus,
957 3536 1071 3589 sive
1126 3537 1432 3591 Xantbicus
1478 3554 1490 3588 :

441 3631 651 3687 Οὐκοῦν
691 3633 907 3701 πρῶτος
943 3632 1048 3700 μήν
1088 3633 1235 3685 ἐστιν
1269 3635 1297 3685 ὁ
1324 3634 1432 3684 ἀπὸ
1472 3634 1760 3704 ἰσημερίας
1800 3634 1945 3701 ὲαρι-

369 3724 468 3792 γῆς
510 3724 834 3791 ἀρχόμενος,
871 3722 1031 3789 φύσει
1083 3724 1298 3792 πρῶτος
1349 3723 1637 3792 ὑπάρχων,
1687 3723 1761 3784 ὡς
1802 3724 1944 3791 ἀρχὴ

369 3814 587 3885 χρόνου,
621 3817 688 3884 τῇ
721 3813 830 3867 τῶν
862 3813 1033 3867 1ὀντων
1062 3816 1367 3883 παραγωγῇ
1398 3812 1941 3883 συνδημιουργηθείς.

374 3904 530 3957 Ἐστι
557 3902 612 3959 δὲ
652 3904 937 3976 ίσημερία,
974 3904 1522 3974 ὃτιούδὲν“ἀπομένει
1563 3905 1944 3976 προϋπάρχον-

367 4007 458 4054 τος
486 3992 680 4062 χρόνου
719 3992 906 4062 μόριον
960 3993 1017 4044 ἐν
1048 3991 1123 4061 τῷ
1170 3992 1379 4061 ἡλιακῷ
1426 3993 1630 4062 δρόμῳ,
1664 3996 1730 4064 τῇ
1770 3991 1942 4046 εἰκάδι

370 4079 647 4155 [πέμπτῃ]
686 4083 781 4134 τοῦ
819 4084 1087 4152 Μαρτίου,
1128 4083 1247 4154 ἦτοι
1287 4084 1529 4153 Δύστρου
1565 4086 1752 4154 μηνός.
1789 4082 1943 4137 Οὕτω

369 4176 479 4243 γὰρ
503 4173 601 4226 καὶ
645 4174 809 4244 μέχρι
851 4176 1090 4245 σήμερον
1117 4174 1442 4245 συμφθάνει.
1473 4176 1560 4228 ὅτε
1588 4177 1621 4245 ἡ
1653 4175 1943 4245 τετραετία

1545 3554 1611 3591 ex
1647 3537 1813 3600 aeris,
1850 3552 1971 3605 qua:
2012 3543 2144 3589 tunc
2174 3539 2282 3598 est,
2313 3532 2710 3586 ellioreseentia
2733 3531 2804 3585 ita
2842 3543 3214 3602 nuncupatur.

2122 3628 2211 3682 Vl.
2244 3628 2433 3696 Itaque
2468 3627 2678 3695 primus
2723 3627 2931 3681 mensis
2972 3628 3042 3681 ab
3079 3630 3411 3698 aequinoctio
3454 3650 3626 3701 verno

2050 3718 2269 3787 incipit,
2294 3716 2507 3785 primus
2542 3725 2739 3770 natura
2783 3717 3074 3782 cxsistens,
3108 3729 3365 3789 tanquam
3414 3726 3625 3792 princi-

2050 3808 2202 3876 pium
2230 3806 2514 3874 tcmporis,
2553 3820 2660 3859 una
2687 3820 2811 3859 cum
2845 3820 3029 3859 rerum
3069 3809 3432 3877 productione
3475 3828 3628 3867 crea-

2048 3906 2156 3951 tus.
2196 3897 2353 3950 Tunc
2396 3912 2525 3950 vero
2576 3904 2661 3949 cst
2696 3896 3110 3966 aequinoctium,
3140 3914 3267 3953 cum
3302 3900 3438 3954 nihil
3490 3918 3626 3971 pra:-

2049 3986 2373 4042 exsistentis
2416 3987 2683 4056 temporis
2730 3999 2983 4043 remanet
3023 3988 3078 4042 in
3106 3990 3270 4044 solari
3300 4007 3495 4058 cursu,
3535 3994 3629 4049 die

2049 4081 2307 4135 vicesima
2341 4079 2517 4132 Martii
2554 4080 2667 4132 sive
2722 4079 2901 4150 Dystri
2934 4082 3160 4136 mensis.
3196 4082 3286 4139 Sic
3315 4084 3462 4138 enim
3498 4086 3628 4140 hac-

2050 4180 2211 4226 tenus
2269 4187 2490 4241 quoque
2536 4171 2780 4225 occurrit
2823 4187 2948 4225 cum
3014 4174 3439 4245 quadriennium
3510 4177 3624 4232 bis-

368 4265 463 4318 τοῦ
491 4265 787 4335 λεγομένου
820 4263 1097 4334 βισέξτου,
1133 4268 1214 4330 είς
1251 4267 1467 4319 τελείαν
1502 4267 1718 4337 ἡμέραν
1762 4270 1943 4336 ἀπαρ-

2049 4263 2208 4326 sexti,
2251 4264 2398 4332 quod
2430 4271 2649 4327 vocant,
2686 4263 2738 4315 in
2771 4263 2919 4317 diem
2952 4266 3257 4333 perfectum
3286 4277 3495 4322 motum
3532 4269 3628 4323 ab-

367 4356 506 4421 τίζει
535 4358 636 4426 τὴν
677 4358 914 4427 κίνησιν.
962 4358 1049 4409 Ἐν
1079 4358 1188 4427 γὰρ
1216 4362 1325 4420 τοῖς
1353 4358 1536 4422 ἄλλοις
1564 4358 1741 4428 τρισὶν
1773 4357 1939 4421 ἔτεσι,

367 4447 454 4501 διὰ
476 4447 538 4500 τὸ
561 4449 898 4519 ὲναπομένον
916 4447 1199 4517 τέταρτον,
1218 4450 1407 4502 οὐκέτι
1432 4451 1498 4519 τῇ
1518 4448 1696 4503 εἰκάδι
1718 4489 1732 4513 ,
1783 4447 1942 4520 [ἀλλὰ

437 4588 485 4622 ⁸³
516 4588 652 4655 Gen.
682 4606 720 4656 ι,
755 4592 807 4647 5.
883 4593 930 4626 ⁸³
960 4594 1132 4649 Exod.
1163 4609 1256 4657 xu,
1285 4593 1340 4648 2.
1415 4592 1462 4624 ⁸⁵
1490 4591 1663 4647 Exod.
1699 4607 1812 4658 xm,
1875 4590 1928 4645 4.

2050 4356 2231 4410 solvit.
2268 4356 2327 4410 ln
2361 4355 2483 4410 aliis
2515 4355 2662 4410 enim
2700 4356 2877 4409 tribus
2909 4356 3090 4423 annis,
3122 4366 3348 4427 propter
3374 4367 3628 4428 quartam

2050 4447 2348 4514 residuam,
2386 4464 2494 4502 non
2533 4448 2644 4518 jam
2674 4447 2956 4514 vicesima,
3004 4448 3101 4503 sed
3135 4448 3393 4521 vicesima
3424 4449 3624 4519 prima,

2026 4588 2072 4622 ⁸⁵
2094 4588 2232 4645 Gen.
2259 4606 2352 4655 vn,
2387 4590 2472 4644 Η.

1470 4732 1706 4788 VABIIE
1739 4729 2128 4786 LECTIONES
2165 4731 2249 4784 ET
2289 4729 2522 4784 ΝΟΤᾸΞ.

460 4858 488 4899 ει
537 4850 758 4922 Δημηγ·
789 4850 920 4922 Les-
958 4844 1361 4922 δημιφυργίαςοζ

371 4921 891 4990 temporeingressus
950 4929 1044 4975 est.
1072 4921 1300 4988 Συνεισῆ

1449 4860 1474 4889 τ
1501 4850 1761 4904 ΔικαΙου.
1798 4848 1982 4909 Forte,
2017 4846 2233 4916 καιροῦ.

1306 4919 1397 4972 λθε
1427 4923 1542 4983 τοῖς
1572 4921 1884 4987 κτίσμασιν.
1916 4918 1944 4971 F

2044 4914 2152 4970 :hra
2190 4916 2307 4987 inec
2335 4929 2396 4987 ac
2435 4914 2577 4967 bona
2608 4915 2673 4987 ad
2710 4916 3084 4987 conjecturam
3111 4933 3124 4968 :
3156 4914 3302 4987 haud
3335 4930 3463 4967 vero
3490 4914 3625 4987 satis

2342 4852 2364 4880 '
2399 4844 2573 4898 Νέον.
2612 4843 2757 4914 Lego
2804 4843 2958 4898 νέων.
3043 4844 3063 4881 ί
3105 4844 3238 4899 Pari
3278 4860 3395 4898 cum
3434 4843 3623 4898 creatis

372 4984 529 5058 ﬁrma
557 4988 623 5042 ad
657 4984 945 5043 historiam
985 5007 998 5043 :
1029 5000 1090 5044 ut
1126 4991 1211 5043 vel
1244 4984 1299 5044 si
1315 4989 1568 5058 concepti
1589 4984 1816 5045 Joannis
1846 4988 2126 5058 oraculum
2171 4985 2490 5058 dederimus
2519 4985 2813 5058 contigisse
2843 5000 2953 5058 quo
2976 4985 3065 5058 die
3096 4985 3252 5055 ponit
3277 4984 3618 5058 Anastasius,

369 5057 741 5127 deincepsque
770 5069 927 5114 sexto
954 5076 1145 5114 mense
1172 5075 1236 5113 ac
1258 5075 1324 5113 eo
1352 5052 1611 5114 currente
1643 5059 1841 5113 iactam
1877 5056 2220 5127 Dominieam
2253 5052 2752 5127 annuntiationem,
2772 5056 2925 5127 nulla
2947 5056 3068 5125 ejus
3094 5052 3243 5127 certa
3268 5055 3388 5127 dies
3417 5052 3621 5127 signari

368 5122 715 5199 νοσοῖμ’Νὲοί
738 5128 878 5183 forte
913 5129 1005 5199 qui
1038 5130 1202 5199 primi
1243 5129 1312 5184 25
1354 5130 1446 5182 illa
1496 5127 1675 5199 Martii
1714 5126 2097 5199 celebrandam
2135 5132 2490 5199 censuerunt,
2527 5126 2737 5179 certius
2771 5125 2934 5199 ali_ud_
2970 5122 3133 5199 quam
3169 5125 3262 5179 hic
3297 5122 3623 5199 Anastasius

369 5192 1056 5271 signiticet_,__habuerunt':
1088 5200 1332 5271 satisque
1366 5198 1558 5271 fuerit,
1594 5199 1674 5251 sic
1725 5199 1839 5271 pie,
1870 5212 1935 5249 ac
1958 5211 2024 5249 eo
2074 5196 2437 5250 fundamento
2478 5210 2802 5271 persuasum
2846 5192 3143 5271 habuisse,_
3168 5202 3313 5271 _tunc
3354 5205 3476 5271 esse
3512 5192 3625 5271 fac-

372 5260 503 5329 tain,
533 5262 595 5321 ut
642 5268 736 5320 illo
811 5268 1120 5322 otissimum
1164 5260 1258 5323 die
1294 5268 1644 5322 recolendam
1692 5260 1973 5321 sancirent
2012 5283 2026 5318 :
2065 5274 2254 5319 contra
2290 5280 2428 5334 quos
2469 5260 2608 5319 male
2649 5264 2911 5332 Scaliger,
2954 5262 3254 5317 Beroaldus
3303 5277 3368 5317 ac
3415 5260 3627 5315 similes

372 5344 671 5389 novatorcs
698 5283 1060 5389 deiilaterant.
1099 5337 1389 5389 Consentit
1430 5337 1717 5389 Anastasio
1752 5345 1949 5389 auctor
1988 5335 2364 5389 Omestionum
2423 5334 2489 5388 ad
2534 5332 2868 5388 Antiochum
2902 5340 3100 5389 quaest.
3148 5332 3215 5385 54
3263 5332 3408 5386 inter
3452 5345 3623 5389 opera

370 5344 671 5390 novatorcs
698 5336 765 5390 de

808 5337 1060 5390 laterant.
1099 5337 1389 5392 Consentit
1430 5337 1717 5391 Anastasio
1752 5345 1949 5390 auctor
1988 5332 2364 5400 Qtiwstionum
2423 5334 2489 5388 ad
2534 5332 2868 5388 Antiochum
2902 5340 3100 5400 quaest.
3148 5332 3215 5385 54
3263 5332 3408 5386 inter
3452 5345 3623 5398 opera

368 5403 1085 5476 Athanasii,iqucmitamen
1125 5407 1299 5475 liquet
1330 5422 1533 5476 magno.
1560 5407 1862 5461 Athanasio
1891 5405 2407 5476 esseisequiorems
2466 5411 2490 5439 υ
2526 5403 2731 5473 Quippe
2753 5401 2896 5476 ΔΝῑξιξ
2935 5400 3089 5476 apud
3106 5400 3348 5454 Hebra’os
3387 5402 3483 5469 ﬂos
3522 5416 3623 5468 ap-

370 5474 621 5545 petiamr.
659 5469 842 5545 Voluit
870 5469 1221 5545 forteidieer'e
1247 5469 1448 5531 Nisurf
1468 5478 1578 5530 Nec
1607 5478 1756 5530 enim
1785 5476 1914 5530 Nisa
1946 5469 2172 5527 videtur
2214 5469 2689 5545 llebraicumnaut
2721 5469 3029 5545 signiﬁcare
3058 5469 3246 5525 ﬂorem
3271 5486 3285 5534 ;
3306 5479 3416 5545 ἠιξ
3439 5476 3625 5521 autem

373 5539 624 5597 redditur
682 5543 840 5607 ἄνθος
872 5560 899 5597 a
925 5544 1191 5618 _LXX,_ct
1232 5563 1260 5599 a
1293 5547 1451 5618 Vulg.
1479 5550 1595 5618 ﬂos,
1633 5548 1733 5601 Isa.
1774 5563 1847 5609 x1,
1898 5547 1960 5618 1,
1990 5545 2083 5598 ubi
2122 5545 2213 5618 alii
2249 5560 2481 5618 germen,
2526 5543 2616 5595 alii
2643 5539 2902 5618 sum-tius
2935 5558 2949 5593 :
2990 5540 3148 5608 longe
3174 5549 3360 5618 tamen
3404 5540 3508 5591 hoc
3541 5546 3624 5618 est

372 5627 404 5667 a
454 5623 583 5700 που,
642 5629 752 5683 quo
791 5613 1012 5667 nomine
1051 5615 1284 5682 primum
1327 5607 1488 5669 ιιὶιῖιιί
1518 5607 1762 5671 mensem
1807 5607 2104 5686 appellant.
2137 5607 2505 5680 Quamobrem
2540 5612 2727 5665 verius
2757 5610 3000 5675 videtur,
3041 5607 3189 5680 quod
3226 5611 3522 5663 adnotatur
3554 5607 3621 5660 ad

372 5720 493 5778 eatn
520 5720 708 5778 vocem
733 5705 791 5778 in
812 5706 1096 5778 Thesauro
1126 5708 1373 5777 Pagnini.
1399 5726 1519 5764 esse
1547 5710 1814 5778 ejusmodi
1864 5709 2136 5763 mensium
2164 5707 2392 5762 nomina
2431 5721 2461 5759 a
2489 5703 2742 5760 barbaris
2791 5710 3042 5774 accepta,
3076 5718 3201 5758 cum
3228 5717 3341 5758 non
3370 5702 3624 5773 legantur

371 5774 479 5831 nisi
521 5776 575 5830 in
618 5775 778 5831 libris
801 5775 1024 5846 scriptis
1061 5776 1115 5830 in
1153 5774 1491 5847 captivitate,
1534 5774 1593 5834 et
1623 5779 2000 5832 rabbinorum.
