4020 6146
426 349 557 409 Ιῖἰὶἕῖἰ

1535 342 1595 401 S.
1636 343 2032 402 ANASTASII
2079 346 2548 407 ANTIOCHENI

3489 279 3505 297 '
3539 338 3664 403 1384

423 467 582 525 atque
607 455 744 508 adeo
762 451 995 521 quadam
1020 448 1389 517 inaequalitate
1425 448 1818 516 aequinoctium
1840 451 1988 517 ejus—

2104 455 2152 521 τῇ
2187 453 2362 517 εἰκάδι
2390 453 2439 525 τ]
2471 451 2683 524 πρώτῃ.
2713 452 2803 504 καὶ
2832 449 2918 503 διὰ
2946 448 3100 503 τοῦτο
3129 448 3429 518 ἀνωμάλως
3474 465 3669 503 καταν-

426 543 571 597 modi
599 542 859 596 occurrit.
892 539 1162 605 Deinceps
1202 546 1384 590 autem
1432 552 1530 589 ver
1571 537 1779 606 incipit,
1814 540 1997 593 omnia

425 635 607 688 statim
633 635 688 686 in
720 631 1003 700 pulchram
1030 627 1320 695 quamdam
1350 642 1413 679 ac
1436 627 1728 696 genitalem
1760 632 1996 699 speciem

427 732 797 777 transmutans
853 734 915 771 ac
957 733 1202 771 movens.
1247 716 1529 785 Siquidem
1578 733 1707 771 vero
1760 719 1876 773 haec
1923 720 1996 774 ita

427 814 650 875 habent,
680 809 870 863 mundi
923 807 1161 861 visibilis
1216 809 1455 876 primunt
1511 816 1693 861 ortum
1739 810 1998 865 vicesima

425 905 514 958 die
549 901 753 955 mensis
797 899 972 952 Martii
1011 899 1388 968 intelligimus.
1437 899 1572 952 Nam
1605 910 1789 955 creata
1821 886 1998 955 omni-

426 1011 498 1049 no
541 993 717 1055 creari
763 992 1008 1061 oportuit
1040 992 1412 1060 pulcherrima
1451 993 1580 1046 anni
1626 1000 1948 1064 tempestate
1982 1012 1995 1047 :

425 1086 578 1155 atqui
613 1101 709 1139 ver
757 1082 1130 1151 pulcherrima
1186 1092 1269 1136 est
1322 1091 1707 1151 tempestatum
1757 1086 1907 1149 anni,
1942 1093 2001 1138 ut

430 1176 545 1243 ipse
575 1173 791 1227 abunde
830 1179 1062 1224 testatur
1095 1187 1310 1224 sensus.
1338 1171 1601 1225 Videmus
1635 1173 1778 1226 enim
1811 1189 1910 1241 per
1946 1174 1999 1227 id

434 1274 665 1334 tempus.
698 1263 904 1318 moveri
938 1263 1121 1316 omnia
1155 1270 1211 1316 ut
1244 1278 1474 1317 numero
1506 1280 1570 1317 ac
1600 1265 1741 1318 mole
1763 1280 2002 1334 augean-

431 1371 539 1421 tur,
580 1359 813 1427 pritnum
852 1355 987 1409 illud
1019 1353 1334 1408 mandatum
1382 1357 1614 1409 reverita
1650 1374 1661 1407 :
1701 1356 1925 1411 Crescite
1953 1364 2000 1411 et

430 1446 856 1518 multiplicamini
878 1446 944 1499 ⁸⁵.
974 1444 1029 1499 Si
1064 1444 1286 1512 quidem
1313 1461 1442 1515 ergo
1476 1447 1844 1514 pulcherrima
1873 1449 2000 1502 anni

431 1546 816 1608 tempestatum
850 1551 1017 1588 verna
1059 1544 1163 1597 est,
1200 1534 1501 1603 incipitque
1530 1535 1620 1587 illa
1658 1535 1726 1588 ab
1753 1536 2002 1604 :equino-

428 1630 557 1691 ctio,
585 1626 803 1696 quando
827 1626 969 1678 Deus
995 1624 1198 1692 incepit
1228 1639 1312 1677 res
1335 1640 1536 1686 creare,
1566 1640 1690 1677 cum
1725 1625 2000 1678 hominem

427 1718 514 1771 die
549 1726 698 1770 sexta
726 1714 1034 1777 creaverit;
1072 1714 1230 1782 plane
1261 1712 1620 1782 intelligimus
1651 1714 1820 1767 fuisse
1850 1728 2003 1767 erea-

2097 545 2166 612 τᾷ
2215 545 2246 614 η
2294 544 2572 614 ἰσημερία.
2613 543 2771 611 Ἑξῆς
2821 541 3045 612 ἄρχεται
3094 541 3156 592 τὸ
3193 540 3312 612 ἔαρ,
3350 540 3669 610 μεταποιοῦν

2099 635 2192 688 καὶ
2232 634 2418 687 κινοῦν
2450 633 2652 697 εὐθέως
2684 634 2901 686 ἅπαντα
2932 630 3066 701 πρὸς
3092 630 3286 692 κάλλος
3317 632 3411 683 καὶ
3436 632 3668 697 γένεσιν.

2100 728 2161 779 Εἰ
2195 726 2365 779 ταῦτα
2402 726 2574 788 οὕτως
2614 724 2726 794 ἔχει
2747 765 2762 790 ,
2800 722 2976 793 ἀρχὴν
3007 720 3100 774 τοῦ
3131 721 3413 791 ὁρωμένου
3442 723 3669 791 κόσμου,

2097 819 2197 888 τὴν
2253 818 2440 871 εἰκάδα
2497 816 2592 869 τοῦ
2641 814 2887 883 Μαρτίου
2947 813 3116 884 μηνὸς
3181 811 3671 882 καταλαμϐάνομεν

2097 906 2259 964 εἶναι.
2306 910 2378 961 Τὸ
2426 909 2534 978 γάρ
2584 906 2923 977 γεννώμενον
2950 915 3001 972 γ,
3053 906 3112 957 ὲν
3154 907 3219 976 τῇ
3252 904 3520 975 καλλίστῃ
3566 904 3671 956 τῶν

2098 998 2255 1068 ὡρῶν
2286 997 2391 1050 ἔδει
2426 996 2684 1065 γενέσθαι
2724 997 2939 1057 πάντως
2962 1011 2976 1024 ’
3003 993 3262 1063 καλλίστη
3294 995 3351 1047 δὲ
3380 993 3487 1047 τῶν
3515 995 3672 1065 ὡρῶν

2098 1089 2264 1151 ἐστιν,
2314 1089 2346 1157 ἡ
2391 1087 2485 1140 τοῦ
2537 1087 2716 1156 ἔαρος,
2760 1085 2835 1147 ὡς
2890 1084 3029 1154 αὐτὴ
3077 1086 3351 1152 μαρτυρεῖ
3397 1085 3429 1153 ἠ
3477 1083 3671 1154 αἴσθη-

2101 1196 2202 1242 σις.
2233 1178 2476 1250 Ὀρῶμεν
2516 1178 2620 1248 γὰρ
2653 1177 2830 1229 πάντα
2859 1177 2994 1246 πρὸς
3026 1173 3342 1241 πληθυσμὸν
3382 1173 3475 1225 καὶ
3507 1171 3672 1244 αὔξη-

2106 1288 2193 1322 σιν
2215 1266 2333 1320 τότε
2354 1263 2670 1332 κινούμενα,
2687 1264 2746 1312 τὸ
2771 1262 2985 1329 πρῶτον
3006 1258 3301 1328 αἰδούμενα
3323 1261 3674 1329 πρόσταγμα,

2100 1360 2448 1428 Αὺξάνεσθε
2483 1354 2579 1407 καὶ
2623 1353 3024 1416 πληθύνεσθε.
3061 1351 3123 1403 Εἰ
3152 1350 3247 1404 οὖν
3274 1350 3535 1419 καλλίστη
3575 1351 3680 1403 τῶν

2101 1449 2261 1518 ὡρῶν
2292 1448 2496 1517 ἐστινὴ
2530 1445 2741 1517 ἐαρινὴ,
2777 1444 3004 1514 ἄρχεται
3040 1442 3096 1494 δὲ
3127 1442 3235 1495 ἀπὸ
3268 1440 3578 1512 ἰσημερίας,
3618 1441 3675 1494 ὲν

2098 1538 2132 1617 ᾖ
2168 1542 2273 1594 τῶν
2306 1542 2608 1609 γεγονότων
2646 1541 2823 1611 ἔργων
2854 1537 3139 1608 άπὴρξατο
3181 1538 3209 1590 ὁ
3254 1536 3406 1601 Θεὸς,
3439 1539 3504 1606 τῇ
3539 1534 3676 1607 ἕκτῃ

2098 1631 2286 1702 ἡμέρα
2324 1632 2736 1702 δημιουργήσας
2765 1630 2855 1681 τὴν
2882 1628 3190 1695 ἄνθρωπον,
3219 1627 3319 1696 τὴν
3346 1625 3437 1679 τοῦ
3468 1624 3675 1696 ἀνθρὼ-

2104 1740 2206 1774 που
2240 1722 2454 1789 ποίησιν
2484 1725 2549 1790 τῇ
2593 1720 2768 1773 εἰκάδι
2800 1718 2917 1791 [καὶ
2964 1719 3194 1789 πέμπτῃ
3225 1715 3274 1787 κ]
3306 1715 3399 1768 τοῦ
3426 1716 3673 1784 Μαρτίου

429 1818 541 1861 tmn
576 1807 854 1859 hominem
883 1804 971 1857 die
1002 1803 1260 1857 vicesima
1307 1802 1498 1871 quinta
1529 1803 1739 1857 mensis
1770 1803 1947 1857 Martii
1987 1820 1997 1855 :

2109 1812 2278 1882 μηνὸς
2305 1811 2738 1883 κατειλήφαμεν·
2774 1811 2909 1881 ἓκτη
2950 1813 3057 1882 γάρ
3085 1812 3230 1863 ἐστιν
3265 1810 3372 1862 ἀπὸ
3400 1810 3497 1880 τῆς
3523 1810 3675 1863 εἰκά-

428 1899 632 1969 quippe
662 1905 812 1951 sexta
842 1904 928 1949 est
954 1910 983 1949 a
1018 1895 1298 1959 vicesima,
1324 1893 1585 1948 vicesima
1609 1895 1822 1964 quinta.

498 1989 613 2042 νη.
645 1987 779 2041 Cum
804 1987 918 2039 lucc
940 1986 1125 2054 itaque
1156 1986 1236 2039 sic
1263 1985 1524 2045 habeant.
1547 2002 1710 2055 quam
1745 1986 1849 2041 sibi
1889 2003 2003 2041 ma-

429 2080 512 2145 gis
541 2077 727 2131 decuit
762 2076 992 2130 deﬁnire
1028 2075 1172 2128 diem
1206 2091 1313 2145 qua
1344 2091 1403 2130 se
1437 2077 1590 2130 carni
1620 2078 2000 2147 conjungeret,

431 2170 521 2239 qui
551 2169 825 2222 hominem
850 2183 879 2221 a
904 2166 1176 2236 principio
1203 2166 1499 2221 formarat?
1529 2166 1584 2222 Si
1611 2168 1834 2236 quidem
1857 2168 2003 2222 enim

430 2261 626 2314 lubens
677 2267 902 2328 propter
936 2265 1179 2311 nostram
1223 2259 1457 2311 salutem
1496 2258 1727 2312 servivit
1757 2260 1908 2313 carni
1940 2273 2004 2314 ac

431 2350 709 2404 nativitati
741 2350 1059 2419 nostrisque
1104 2349 1216 2403 illis
1246 2348 1657 2409 aﬂectionibus,
1686 2358 1868 2404 lentos
1903 2365 2005 2404 nos

430 2442 534 2496 sub
578 2449 804 2510 peccato
849 2440 1220 2505 liberaturus;
1255 2440 1416 2509 plane
1461 2456 1558 2508 par
1590 2449 1728 2498 erat.
1781 2449 1842 2493 ut
1888 2440 2005 2509 ipsa

431 2532 519 2586 die
558 2531 864 2602 compactio
898 2533 1304 2601 auspicaretur,
1355 2546 1459 2600 qua
1492 2530 1788 2600 incepissct
1823 2531 2003 2586 homi-

429 2636 561 2674 num
607 2619 837 2674 creatio.
897 2619 1023 2673 Fuit
1061 2619 1336 2689 siquidem
1387 2619 1667 2674 secundus
1718 2619 1890 2673 Adam
1936 2620 2002 2684 ⁸⁷,

430 2712 690 2768 omnibus
712 2712 986 2781 susceptis
1002 2726 1121 2780 qua!
1151 2711 1353 2780 prioris
1372 2719 1578 2775 essent,
1606 2710 1769 2765 modo
1795 2718 2004 2766 tantum

432 2812 718 2872 peccatum
754 2804 997 2872 excipias
1025 2803 1090 2857 ⁸³.
1122 2801 1279 2868 Quod
1335 2802 1381 2856 si
1424 2802 1702 2865 omnibus,
1742 2818 2004 2871 quorsum

422 2897 539 2950 hoc
569 2910 737 2950 unum
778 2895 1085 2964 negligeret
1109 2933 1124 2955 ,
1172 2894 1433 2947 nimirum
1468 2895 1841 2964 generationis
1872 2903 2008 2949 tem-

431 3003 556 3055 pus,
588 2986 734 3055 quod
771 2987 933 3055 plane
968 2988 1087 3056 ejus
1138 2985 1193 3038 in
1231 3000 1404 3055 genus
1441 2985 1728 3039 hominum
1770 2986 2006 3054 sapienti

433 3077 844 3146 dispensatione
878 3077 1302 3145 haudquaquam
1339 3074 1622 3145 indignum
1653 3078 1836 3131 esset?
1866 3077 2006 3132 Sane

432 3170 596 3224 etiam
627 3178 761 3223 tunc
793 3169 1085 3223 reformari
1123 3169 1352 3223 decebat
1387 3171 1598 3239 peccati
1629 3186 1804 3235 reum,
1833 3188 2005 3243 quarr-

432 3259 503 3312 do
534 3258 807 3313 formatus
836 3258 1036 3313 fuerat.

504 3351 640 3405 Vlll.
683 3350 950 3416 Quocirca
1008 3350 1125 3420 ipsa
1163 3351 1287 3416 die,
1334 3352 1523 3407 Missus
1566 3366 1640 3409 est
1674 3356 1892 3411 Gabriel
1924 3358 2001 3421 3",

432 3442 610 3496 fanste
631 3441 841 3511 Virgini
875 3441 1249 3511 incorruptam
1276 3444 1617 3501 nativitatem
1647 3449 2002 3512 annuntians,

431 3536 593 3602 eique
630 3533 870 3587 futuram
900 3535 1019 3603 ejus
1048 3548 1151 3602 ope
1190 3536 1449 3604 gentibus
1482 3539 1714 3593 salutem
1747 3556 2006 3609 praenun-

436 3623 579 3676 tians
618 3640 629 3675 :
665 3622 904 3691 dumque
942 3623 1165 3677 interim
1206 3625 1298 3680 ille
1344 3628 1579 3692 salutat,
1628 3629 1849 3684 Verbum
1880 3647 2005 3685 caro

433 3715 631 3781 factum
661 3724 732 3767 est
757 3715 824 3776 9°,
864 3714 1180 3781 figmentum
1214 3717 1538 3783 rcformans,
1574 3720 1720 3788 quod
1754 3736 1860 3774 una
1880 3736 2006 3776 cum

436 3806 654 3876 maligni
689 3807 965 3875 serpentis
989 3808 1341 3863 sermonibus
1372 3810 1680 3880 ingressum
1717 3821 2003 3880 peccatum

380 3957 386 3963 ,
433 3898 771 3967 corruptioni
819 3898 1121 3952 obnoxium
1172 3898 1382 3954 fecerat
1417 3917 1428 3953 :
1464 3916 1527 3955 ac
1561 3901 1703 3956 sicut
1728 3918 1827 3971 per
1851 3902 2006 3957 femi—

434 4006 559 4042 nam
600 4004 749 4044 mors
789 3998 1013 4045 causata
1050 3997 1156 4055 est,
1189 3990 1271 4044 sic
1300 3993 1547 4060 oportuit
1580 3992 1884 4062 dispensari
1916 4009 2005 4048 sa-

432 4080 605 4134 lutem
638 4094 737 4149 per
768 4079 1045 4134 feminam.
1091 4080 1195 4134 Per
1226 4081 1373 4135 illam
1407 4081 1688 4151 deceptam
1727 4083 2006 4153 voluptate
2040 4140 2045 4145 ν

431 4185 627 4226 omnes
680 4173 884 4225 mortui
938 4188 1131 4227 sumus
1155 4174 1198 4206 ⁹¹
1240 4175 1373 4244 (per
1418 4174 1561 4229 hanc
1605 4174 1865 4230 vivificati
1911 4192 2006 4230 su-

432 4278 555 4315 mus
575 4260 635 4330 ι)
672 4278 685 4313 :
715 4277 823 4314 non
854 4277 918 4315 ea
949 4271 1160 4316 tantum
1201 4263 1537 4331 accipientes
1565 4278 1594 4315 a
1617 4262 1818 4330 quibus
1857 4264 2005 4317 exci-

432 4354 712 4415 deramus,
745 4356 839 4409 sed
874 4355 1033 4424 longe
1075 4357 1280 4424 majora
1313 4370 1376 4410 ac
1421 4355 1766 4423 pretiosiora,
1879 4376 2002 4429 qua:

432 4460 613 4512 neque
653 4444 929 4499 humanus
981 4445 1294 4500 intellectus
1333 4445 1503 4514 possit
1545 4446 1855 4515 concipere,
1901 4462 2004 4500 nec

434 4536 626 4589 oculus
657 4550 849 4589 eorum
882 4537 1059 4589 valeat
1087 4536 1302 4604 assequi
1335 4537 1595 4604 speciem,
1631 4537 1725 4589 sed
1761 4546 1815 4590 et
1846 4537 2003 4590 audi-

436 4632 522 4676 tus
557 4621 702 4676 ferre
732 4622 1033 4691 nequeat".
1055 4620 1173 4673 llaec
1194 4622 1599 4692 quatnagimus,
1631 4626 1920 4679 celebritas
1940 4641 2004 4681 ac

435 4712 571 4765 festa
602 4712 741 4774 dies,
770 4728 938 4766 sacra:
971 4713 1193 4783 quidem
1234 4730 1297 4768 ac
1324 4716 1647 4769 venerande
1690 4718 1852 4785 hujus
1884 4719 2004 4772 Vir-

422 4802 575 4871 ,ginis
614 4802 975 4857 Annuntiatio
1012 4813 1129 4869 est;
1181 4805 1369 4858 mundi
1411 4815 1593 4859 autem
1627 4807 1870 4862 universi
1906 4825 2003 4862 na-

434 4892 646 4945 talilius
676 4891 795 4946 dies
832 4910 845 4944 :
878 4893 1080 4963 quippe
1120 4894 1374 4948 universa
1417 4911 1516 4950 suo
1551 4912 1783 4966 quaeque
1818 4898 1997 4952 ordini

433 4993 637 5038 asserta
661 4992 823 5050 sunt;
850 4986 1108 5055 priorque
1131 4986 1454 5042 deformitas
1480 4988 1734 5043 decorem
1757 4992 1991 5060 accepit.

430 5073 566 5140 Quia
598 5074 858 5128 nimirum
890 5077 1062 5130 nostri
1091 5092 1254 5131 causa
1287 5077 1485 5131 similis
1517 5078 1675 5131 nobis
1707 5078 1882 5133 factus
1927 5081 1999 5135 sit

501 5230 546 5261 ⁸⁸
566 5231 701 5286 Gen.
738 5249 774 5297 ι,
802 5232 889 5285 28.

427 5302 471 5335 θ’
497 5301 596 5356 lsa.
632 5318 771 5363 Lxlv,
804 5302 856 5354 4.

969 5232 1014 5263 ⁸⁷
1039 5231 1058 5285 l
1080 5231 1208 5286 Cor.
1275 5248 1330 5293 v,
1362 5231 1449 5285 45.

1560 5230 1604 5262 ⁸⁸
1631 5231 1795 5286 llebr.
1842 5250 1912 5293 tv,
1952 5234 2035 5289 15.

2100 1904 2187 1966 δος
2213 1905 2245 1973 ἡ
2280 1903 2506 1972 πέμπτη
2533 1902 2627 1955 καὶ
2650 1903 2823 1959 εἰκάς.

2172 1994 2394 2057 Τούτων
2431 1993 2603 2058 οὕτως
2634 1993 2891 2063 ἐχόντων,
2937 1993 3096 2046 ποίαν
3132 1991 3240 2045 ἔδει
3283 1991 3498 2063 ἡμέραν
3541 1993 3676 2064 ὠρί-

2104 2100 2193 2137 σαι
2226 2083 2426 2153 ἐαυτῷ,
2476 2085 2613 2153 πρὸς
2654 2083 2717 2135 τὸ
2762 2082 3154 2152 συμπλακῆναι
3198 2082 3364 2150 σαρκὶ
3394 2082 3487 2134 τὸν
3517 2081 3678 2152 ἐξαρ-

2103 2175 2202 2243 χῆς
2225 2175 2544 2229 πεπλακότα
2572 2175 2661 2227 τὸν
2691 2173 3015 2244 ἄνθρωπον;
3051 2174 3111 2227 ΙΞί
3140 2174 3250 2246 γὰρ
3278 2174 3366 2227 διὰ
3392 2174 3492 2243 τὴν
3523 2175 3678 2244 ἡμῶν

2106 2268 2380 2337 σωτηρίαν
2419 2266 2563 2320 ἑκὼν
2608 2266 2892 2319 ἐδούλευσε
2939 2267 3105 2335 σαρκὶ
3139 2265 3233 2319 καὶ
3282 2266 3556 2336 γεννήσει,
3585 2265 3681 2319 καὶ

2105 2357 2302 2411 πάθεσι
2337 2359 2450 2421 τοῖς
2486 2357 2799 2428 ἡμετέροις,
2842 2357 2930 2409 ἵνα
2978 2359 3122 2426 ἡμᾶς
3167 2355 3585 2427 ἐλευθερώσειεν
3604 2358 3704 2409 ὑπὸ

2104 2450 2204 2519 τῆς
2251 2448 2528 2520 ἁμαρτίας
2583 2450 3019 2519 κατεχομένους·
3080 2450 3138 2503 ἐν
3190 2452 3255 2519 τῇ
3309 2449 3445 2520 αὐτῇ
3496 2450 3682 2520 ἡμέρᾳ

2106 2538 2347 2610 ἔπρεπεν
2381 2537 2650 2605 ἄρξασθαι
2680 2538 2778 2607 τῆς
2824 2538 3178 2608 συμπήξεως,
3201 2589 3204 2593 ,
3229 2540 3287 2591 ἐν
3382 2540 3479 2591 καὶ
3520 2540 3682 2608 ἡμεῖς

2106 2629 2203 2698 τῆς
2254 2627 2540 2696 γενέσεως.
2596 2626 2857 2698 Δεύτερος
2912 2628 3024 2697 γὰρ
3087 2627 3257 2697 Ἀδὰμ
3303 2629 3679 2699 ἐχρημάτισε,

2110 2719 2285 2771 πάντα
2317 2716 2383 2770 τὰ
2411 2717 2504 2770 τοῦ
2538 2720 2775 2787 πρώτου,
2813 2716 2953 2787 πλὴν
2989 2718 3263 2788 ἁμαρτίας
3301 2718 3487 2787 μόνης,
3516 2735 3683 2771 κατα-

2106 2810 2421 2881 δεξάμενος.
2473 2812 2537 2865 Εἰ
2584 2812 2641 2864 δὲ
2687 2812 2886 2877 πάντα,
2936 2812 2990 2863 τί
3043 2812 3202 2864 τοῦτο
3257 2812 3539 2885 παρεώρα,
3587 2815 3682 2867 τὸν

2108 2900 2296 2971 καιρὸν
2354 2901 2455 2970 τῆς
2513 2900 2678 2954 αὐτοῦ
2740 2902 2866 2972 περὶ
2922 2901 3077 2971 ἡμῶν
3137 2899 3309 2971 σοφῆς
3368 2904 3679 2972 οἰκονομίας

2108 2989 2327 3058 ἀληθῶς
2351 2989 2479 3043 ὄντα
2507 2990 2656 3056 ἄξιον
2681 3006 2695 3054 ;
2731 2991 2853 3042 τότε
2881 2990 2990 3061 γὰρ
3015 2990 3120 3045 ἔδει
3156 2977 3571 3063 ἀναπλασθῆναι
3592 2993 3681 3047 τὸν

2108 3082 2491 3152 ἡμαρτηκότα,
2524 3082 2613 3135 ὅτε
2640 3080 2905 3154 ἐπλάσθη.

2113 3402 2137 3421 ο
2179 3350 2268 3402 Διὸ
2301 3351 2358 3402 ὲν
2378 3350 2513 3421 αὐτῇ
2542 3350 2745 3421 ἡμέρα,
2784 3351 3122 3420 Ἀπεστάλη
3153 3355 3185 3405 ό
3206 3352 3494 3421 Γαϐριὴλ,
3520 3354 3684 3423 εὐαγ-

2108 3439 2459 3510 γελιζόμενος
2490 3444 2553 3510 τῇ
2581 3441 2844 3510 Παρθένῳ
2873 3443 2974 3507 τὴν
3008 3441 3246 3512 ἄφθορον
3280 3443 3563 3513 γέννησιν,
3596 3445 3686 3498 καὶ

2106 3533 2205 3602 τὴν
2241 3534 2506 3603 ἐσομένην
2534 3535 2648 3595 τοῖς
2691 3533 2869 3586 ἔθνεσι
2912 3534 2979 3587 δι⁹
3019 3534 3191 3605 αὐτῆς
3234 3536 3512 3606 σωτηρίαν
3550 3553 3686 3606 προ⁴

2107 3623 2496 3690 καταγγέλλων
2532 3623 2668 3693 αὐτῇ
2692 3640 2703 3654 ·
2739 3624 2855 3694 ἅμα
2882 3641 2940 3677 τε
2975 3624 3050 3694 τῷ
3083 3625 3378 3694 ἀσπασμῷ,
3420 3626 3475 3678 '0
3500 3628 3683 3695 ,λόγος

2106 3713 2262 3783 σὰρξ
2292 3714 2547 3782 ἐγένετο,
2580 3715 2941 3769 ἀναπλάττων
2985 3716 3046 3768 τὸ
3077 3717 3323 3787 πλάσμα,
3366 3717 3394 3770 ὃ
3430 3716 3685 3788 ἔφθειρεν

2107 3808 2141 3877 ή
2177 3808 2443 3877 ἁμαρτία,
2466 3809 2580 3872 τοῖς
2608 3808 2704 3862 τοῦ
2735 3808 2973 3879 πονηροῦ
3000 3808 3174 3877 ὄφεως
3203 3809 3383 3876 λόγοις
3410 3809 3691 3864 συνεισελ-

2109 3897 2302 3953 θοῦσα.
2335 3900 2486 3952 Ἔδει
2508 3899 2638 3971 γὰρ,
2664 3899 2771 3954 ἔδει
2795 3900 2896 3969 τὴν
2924 3899 3372 3969 καταφθαρεῖσαν
3403 3898 3591 3969 σάρκα
3611 3900 3685 3970 τῷ

2109 3988 2365 4060 συριγμῷ
2391 3990 2486 4043 τοῦ
2516 3991 2713 4059 ὄφεως,
2741 3990 2817 4061 τῷ
2845 3989 3122 4060 ἀσπασμῷ
3152 3988 3245 4043 τοῦ
3279 3989 3515 4058 ἀγγέλου
3552 3991 3684 4060 πρὸς

2107 4081 2422 4149 ἀφθαρσίαν
2481 4082 2832 4136 ἐπανελθεῖνο
2894 4083 2984 4135 καὶ
3039 4081 3227 4153 ὥσπερ
3282 4081 3369 4134 διὰ
3424 4083 3686 4148 γυναικὸς

2108 4172 2388 4242 ὲνηργήθη
2419 4175 2446 4224 ὁ
2473 4171 2724 4234 θάνατος,
2766 4171 2909 4223 οὕτω
2951 4170 3042 4224 διὰ
3090 4171 3348 4237 γυναικὸς
3388 4172 3685 4239 οἰκονομη-

2108 4263 2266 4333 Οῆναι
2317 4265 2422 4317 ἔδει
2462 4265 2561 4334 τὴν
2608 4264 2901 4333 σωτηρίαν.
2954 4264 3033 4316 Δι’
3077 4264 3290 4334 ἐκείνην
3338 4265 3495 4335 ἡδονῇ
3551 4265 3684 4317 κλα-

2109 4359 2324 4419 πεῐσαν,
2356 4355 2707 4424 ἀπεθάνομεν
2743 4357 2943 4418 πάντες
2963 4373 2974 4386 ·
3008 4354 3114 4426 [διὰ
3145 4356 3346 4422 ταύτην
3380 4355 3684 4423 ὲζωοποιή-

2108 4445 2345 4517 θημεν·]
2386 4447 2487 4499 οὐκ
2536 4448 2720 4499 ἐκεῖνα
2771 4446 2928 4517 μόνον
2972 4447 3227 4507 λαϐόντες
3274 4439 3346 4498 ὧν
3398 4446 3684 4500 ἐκπεπτὼ-

2108 4555 2305 4607 καμεν,
2333 4537 2467 4589 ἀλλὰ
2498 4536 2678 4606 πολλῷ
2708 4534 2924 4607 μείζονα
2952 4537 3047 4590 καλ⁵
3077 4535 3470 4603 πλουσιώτερα.
3497 4535 3536 4589 ἃ
3562 4537 3682 4598 νοῦς

2111 4630 2209 4698 μὲν
2238 4628 2541 4700 ἀνθρώπων
2585 4629 2960 4697 φαντασθῆναι
3009 4628 3279 4691 ἀδυνατεῖ,
3317 4626 3602 4696 ὀφθαλμὸς
3626 4628 3681 4680 δὲ

2105 4721 2204 4772 οῦκ
2245 4722 2549 4789 ἐφικνεῖται
2576 4722 2676 4790 τῆς
2708 4720 2869 4783 ἰδέας,
2898 4722 3079 4772 ἀτονεῖ
3109 4719 3164 4772 δὲ
3200 4720 3295 4772 καὶ
3324 4720 3463 4789 ἀκοὴ
3489 4720 3682 4772 ὑποδέ-

2106 4811 2321 4877 ξασθαι.
2366 4811 2583 4881 Ταύτην
2609 4811 2816 4880 ἄγομεν
2846 4810 3039 4878 ἑορτὴν
3088 4810 3182 4863 καὶ
3217 4810 3550 4879 πανήγυριν.
3586 4810 3679 4878 τῆ(

2107 4902 2205 4969 μὲν
2248 4901 2403 4969 ἁγίας
2453 4903 2546 4955 καὶ
2596 4904 2799 4973 σεμνῆς
2830 4901 3033 4971 ταύτης
3079 4900 3352 4970 Παρθένου
3392 4899 3676 4969 εὐαγγελι-

2105 4992 2264 5061 σμίιν,
2300 4995 2498 5056 παντὸς
2545 4994 2601 5047 δὲ
2641 4993 2734 5047 τοῦ
2791 4995 2997 5063 κόσμου
3040 4992 3284 5059 γενέσιον
3311 5010 3322 5022 ·
3370 4994 3449 5046 ὅτι
3500 4993 3675 5045 πάντα

2104 5083 2183 5144 εἰς
2206 5081 2360 5146 τάξιν
2387 5084 2756 5154 μετεποιήθη·
2796 5085 2889 5137 καὶ
2932 5084 3137 5153 κόσμον
3181 5085 3213 5152 ἡ
3264 5084 3390 5152 πρὶν
3438 5084 3675 5153 ἀκοσμία

2114 5236 2158 5269 ⁸⁵
2193 5236 2326 5290 Luc.
2364 5253 2400 5301 ι,
2434 5235 2522 5290 26.

2637 5236 2683 5267 ὀ
2717 5237 2871 5292 Joan.
2906 5256 2942 5295 ι.
2992 5237 3073 5293 li.
3185 5236 3272 5288 “l
3304 5235 3430 5291 Cor.
3467 5252 3554 5304 xv,
3584 5235 3672 5290 2‘3.

1528 5416 1759 5474 VAle
1803 5419 2184 5478 LECTIONES
2217 5422 2302 5476 ET
2337 5421 2563 5477 NOTAE.

498 5542 524 5570 ν
557 5534 732 5587 Ἀλλὰ
762 5535 832 5600 τῇ
863 5535 1071 5589 εἰκάδι.
1104 5533 1260 5588 Addo
1290 5533 1405 5588 hanc
1430 5534 1631 5588 clausa.

1714 5543 1739 5571 ³
1761 5535 1865 5608 Per
1886 5538 2020 5591 hanc
2039 5538 2288 5606 vavi/ica“
2319 5556 2521 5594 sumus.
2549 5539 2626 5592 Ita
2655 5536 3019 5608 supplendum
3041 5537 3236 5608 liquet,
3266 5553 3388 5591 cum
3418 5549 3488 5593 su
3516 5552 3658 5593 etara

426 5603 619 5676 allusio
642 5604 910 5676 adlocum
937 5606 955 5660 l
987 5606 1113 5659 Cor.
1142 5621 1231 5676 xv,
1253 5603 1316 5676 _"Zl
1341 5604 1710 5676 .__A_ddendum
1762 5606 2003 5660 videbat:

2104 5603 2171 5663 (cl
2208 5608 2597 5671 πιστεύσασαν,
2622 5603 3241 5674 γρΓεύαγγελισθεῖσαν,
3281 5618 3337 5663 ut
3373 5619 3513 5663 esset
3540 5625 3664 5676 per-

426 5672 564 5747 fce_ta
617 5675 948 5747 antithesis,
972 5676 1066 5728 sed
1113 5673 1263 5747 nolui
1298 5673 1432 5727 mihi
1459 5676 1539 5730 sic
1569 5674 1877 5747 indulgere.
1914 5677 2125 5732 Similia
2155 5679 2353 5747 passim
2380 5678 2555 5734 Graeci
2594 5678 2685 5732 alii
2736 5672 2925 5733 Patres
2959 5678 3013 5731 in
3039 5677 3157 5747 ejus
3192 5677 3301 5733 diei
3330 5672 3658 5733 laudatione.

428 5748 451 5789 ¥
479 5743 881 5810 Γεννώμεγον.
912 5746 1093 5808 Forte,
1128 5744 1436 5812 γενόμενον.

1521 5756 1547 5781 ιτ
1576 5745 1682 5798 Κιιί
1709 5747 1968 5817 πέμπτῃ.
2003 5745 2379 5803 Αιίόοὶειίιεοε
2420 5750 2604 5803 clausa
