4020 6146
330 419 458 485 1397

1132 417 1389 478 SERMO
1428 417 1526 478 IV.
1559 440 1631 454 -·-
1657 415 1755 486 DE
1791 416 2076 477 TRIBUS
2115 417 2764 489 QUADRAGESIMIS.

3452 415 3587 478 1308

321 533 554 596 κοῦντάς
575 551 630 587 τε
655 551 668 564 ·
688 531 1136 606 εἷτα-εἰσελεύσῃ,
1151 535 1247 586 καὶ
1267 530 1526 602 ἀπολήψῃ
1548 530 1640 583 τὸν
1673 531 1904 604 ἡτοιμα·
1924 561 1940 586 -Α

2019 531 2211 601 injuria
2259 529 2497 586 all'ecere
2554 529 2801 603 yexasti,
2845 537 3040 597 postea
3089 526 3378 594 introibis,
3421 538 3588 599 atque

327 625 524 680 σιιένον
550 641 632 676 σοι
658 623 840 678 τόπον.
860 623 1196 692 Ἀνενεγκὼν
1219 625 1276 677 δὲ
1299 625 1394 678 καὶ
1413 625 1541 686 τοὺς
1555 622 1906 692 κατενεχθέν-

323 729 425 776 τας
448 715 506 766 ὲν
521 711 598 786 τῷ
620 714 742 786 ᾅδῃ,
767 715 999 785 ἀνῆλθεν
1020 718 1099 778 είς
1125 715 1412 787 οὐρανούςο
1432 711 1554 768 εῐτα
1571 715 1904 768 διεστείλατο

325 807 353 858 ὁ
378 805 641 870 Φίλιππος
671 806 748 877 τῷ
776 807 1166 879 Βαρθολομαίῳ
1195 809 1288 862 καὶ
1314 810 1380 879 τῇ
1411 807 1738 880 Μαριάμνῃ,
1764 806 1905 860 ὥστε

327 898 498 950 εἰπεῖν
515 898 757 969 Ἰακώϐῳ
779 900 874 953 καὶ
892 902 1005 964 τοῖς
1027 901 1238 964 λοιποῖς
1259 900 1596 964 ἀποστόλοις,
1615 898 1906 968 νηστεῦσαι

327 989 422 1041 καὶ
465 989 873 1058 προσεύξασθαι
913 990 1043 1061 περὶ
1079 989 1271 1054 αὐτοῦ,
1304 990 1723 1060 τεσσαράκοντα
1759 990 1906 1060 ἠμέ-

331 1094 452 1148 ραςι
484 1081 593 1133 Καὶ
624 1079 801 1145 οὕτως
829 1083 879 1134 oi
909 1082 1198 1136 ἀπόστολοι
1237 1085 1374 1136 πᾶσι
1403 1085 1514 1146 τοῖς
1544 1085 1756 1146 πιστοῖς
1785 1099 1910 1135 τεσο

331 1171 642 1240 σαράκοντα
687 1173 912 1243 ἡμερῶν
957 1174 1214 1244 νηστείαν
1253 1177 1348 1228 καὶ
1377 1174 1690 1246 προσευχὴν
1724 1174 1909 1244 διωρί-

334 1276 514 1317 σαντο.
547 1262 961 1335 Καὶὲφυλάχθη
995 1266 1147 1335 παρά
1169 1265 1278 1319 τῶν
1305 1266 1478 1333 ἁγίων
1509 1266 1769 1336 Πατέρων
1814 1264 1910 1318 καλ⁸

329 1352 438 1405 τῶν
478 1351 523 1417 ζ’
557 1356 955 1425 οίκουμενικῶν
1009 1358 1264 1412 συνόδων.
1324 1359 1435 1410 Καὶ
1538 1355 1907 1427 ἐνομοθετήθη

330 1445 451 1515 οὐχὶ
480 1447 640 1500 πέντε
663 1449 696 1516 ἢ
718 1448 864 1503 ὀκτὼ
894 1449 926 1521 ἢ
953 1449 1325 1520 δέκαήμερῶν
1355 1449 1601 1520 νηστεία,
1633 1449 1770 1502 ἀλλὰ
1785 1465 1910 1502 τεσ-

333 1539 663 1606 σαράκοντα.
687 1541 807 1594 Τῶν
829 1541 1066 1614 Χριστοῦ
1089 1541 1292 1609 γέννων
1318 1542 1374 1594 δὲ
1397 1542 1634 1610 λέγεται,
1651 1541 1732 1594 ὄτι
1753 1542 1811 1594 ἐν
1833 1539 1911 1610 τῷ

331 1627 478 1680 τέλει
523 1629 633 1683 τῶν
687 1638 741 1701 μ’
800 1632 1023 1703 ἡμερῶν
1071 1632 1376 1702 συνέφθασε
1411 1632 1506 1686 καὶ
1547 1633 1581 1702 ή
1646 1633 1916 1702 σωτήριος

333 1718 590 1789 γέννησις
640 1723 734 1775 τοῦ
779 1723 984 1794 Κυρίου
1004 1725 1161 1794 ἡμῶν
1199 1723 1375 1795 Ἰησοῦ
1404 1723 1664 1792 Χριστοῦ.
1688 1722 1797 1776 Καὶ
1823 1720 1908 1789 γί-

334 1829 486 1865 νεται
517 1813 611 1868 δύο
637 1816 705 1868 τὰ
733 1817 894 1872 καλά,
928 1817 1250 1889 [Ιληροῦμεν
1277 1818 1386 1888 γὰρ
1415 1817 1513 1888 τὴν
1534 1816 1645 1869 τῶν
1686 1816 1915 1870 ἀποστό·

335 1901 442 1956 λων
467 1905 784 1976 παράδοσιν,
813 1911 906 1996 καί
935 1881 1422 1981 προκαθαιρόμεθα
1448 1881 1527 1973 είς
1552 1908 1794 1978 ὑπαντὴν
1818 1908 1913 1961 καὶ
1946 1881 1986 1935 Β

336 1998 708 2070 προσκύνησιν
735 2002 849 2054 -τοῦ
893 2003 958 2054 ὲκ
1002 2001 1102 2071 τῆς
1129 2001 1288 2070 ἁγίας
1335 2001 1602 2055 Θεοτόκου
1639 2000 1734 2054 καὶ
1776 2000 1916 2051 Ἀει-

335 2087 607 2156 «ageam
683 2092 1022 2162 ἀῤῥυπὰρως
1082 2095 1176 2148 καὶ
1246 2094 1504 2164 ἀρρήτως
1561 2089 1916 2161 γεννηθέντος

349 2182 521 2250 Ἰησοῦ
551 2184 785 2254 Χριστοῦ
819 2185 912 2237 τοῦ
946 2185 1150 2253 Κυρίου
1174 2185 1350 2255 ἡμῶν.

417 2272 482 2326 Ἢ
510 2273 567 2326 δὲ
599 2275 734 2344 μετὰ
758 2275 858 2345 τὴν
889 2277 1271 2346 Πεντηκοστὴν
1302 2277 1530 2346 νηστεία
1586 2274 1727 2346 αὕτη
1767 2275 1918 2329 ἐστὶν

335 2365 369 2434 ή
401 2365 457 2417 ἐν
489 2369 610 2428 ταῖς
647 2367 935 2433 Διατάξεσι
977 2367 1089 2422 τῶν
1119 2367 1292 2436 ἁγίων
1317 2367 1640 2422 ἀποστόλων.
1660 2367 1914 2438 ρηθεῖσα.

333 2459 471 2510 Φασὶ
504 2457 614 2529 γὰρ
646 2461 703 2512 ὲν
729 2459 980 2524 ταύταις,
1007 2461 1090 2514 ὅτι
1119 2478 1138 2512 ι
1179 2461 1335 2514 Μετά
1380 2461 1481 2531 τὴν
1531 2460 1919 2530 Πεντηκοστὴν

335 2549 638 2620 ὲορτάσατε
664 2550 937 2623 ἑϐδομάδα
964 2554 1119 2621 μίαν,
1147 2556 1244 2607 καὶ
1282 2554 1400 2624 μετ’
1439 2554 1659 2624 ἐκείνην
1681 2551 1918 2624 νηστεύ-

338 2641 487 2696 σατε.
525 2643 742 2706 Δίκαιον
813 2645 920 2716 γὰρ
983 2645 1356 2717 εὐφρανθῆναι
1410 2647 1506 2698 ἐπὶ
1548 2648 1616 2718 τῇ
1648 2645 1744 2699 τοῦ
1782 2644 1916 2698 Θεοῦ

335 2729 534 2800 δωρεᾷ,
570 2735 664 2786 καὶ
706 2735 842 2804 μετά
896 2734 995 2805 τὴν
1040 2735 1230 2789 ἄνεσιν
1280 2735 1600 2805 νηστεῦσαι.
1647 2737 1756 2789 Καὶ
1810 2735 1919 2806 γὰρ

337 2825 431 2877 καί
457 2825 700 2894 Μωῦσῆς
731 2827 826 2878 καὶ
867 2826 1055 2889 Ἠλίας
1096 2828 1428 2898 ὲνήστευσαν
1457 2825 1673 2898 ἡμέρας
1719 2841 1919 2878 τεσσα-

341 2914 599 2986 ράκοντα,
626 2916 721 2969 καὶ
765 2917 966 2988 Δανιὴλ
1005 2918 1309 2992 ὲὸδομάδας
1344 2918 1496 2988 τρεῖς
1529 2917 1696 2987 ἄρτον
1727 2917 1919 2969 ἐπιθυ-

341 3009 482 3078 μιῶν
511 3009 610 3064 οὐκ
639 3009 832 3080 ἔφαγε,
856 3013 950 3064 καὶ
980 3011 1149 3082 κρέας
1175 3051 1189 3072 ,
1225 3014 1321 3064 καὶ
1355 3007 1493 3072 οἶνος
1527 3011 1628 3063 οὐκ
1665 3009 1919 3080 εἰσῆλθεν

338 3088 419 3162 εἰς
437 3101 498 3152 τὸ
517 3101 693 3170 στόμα
719 3102 910 3155 αὑτοῦ.
934 3121 953 3155 ι
989 3103 1346 3173 Ἑνηστεύετο
1367 3100 1661 3176 τοιγαροῦν
1684 3101 1921 3171 ἡτοιαύ-

1967 689 1969 694 η
2008 630 2376 691 praeparatum
2405 622 2504 677 tibi
2535 622 2717 678 locum
2741 619 2997 690 recipies.
3036 639 3054 671 ι
3086 619 3240 675 Tum.
3267 634 3363 674 eos
3397 619 3494 690 qui
3532 619 3590 674 in

2004 712 2287 768 infernum
2346 714 2571 769 deducti
2619 714 2837 770 fuerant
2883 713 3180 778 reducens,
3233 712 3483 782 ascendit
3533 713 3590 767 in

2007 808 2198 874 corios.
2236 807 2434 862 Postea
2496 806 2789 876 Philippus
2852 804 3135 860 mandavit
3188 804 3590 858 Bartholomazo

2007 914 2072 955 ac
2117 899 2451 965 Mariamnze,
2479 899 2665 954 dicere
2695 897 2898 956 Jacobo
2946 895 3273 966 eaeterisque
3303 895 3598 966 apostolis,

2007 999 2072 1046 ut
2110 1007 2211 1062 pro
2257 1007 2323 1046 eo
2372 993 2688 1068 jejunarent
2723 1007 2788 1070 ac
2835 999 3062 1046 orarent
3087 1005 3188 1060 per
3224 989 3593 1059 quadraginta

2011 1085 2148 1142 dies.
2179 1086 2355 1155 Atque
2387 1085 2462 1140 ita
2505 1085 2740 1154 apostoli
2786 1083 3154 1154 quadraginta
3197 1081 3416 1137 dierum
3451 1082 3594 1151 jeju-

2010 1178 2168 1233 nium
2205 1186 2261 1232 et
2284 1192 2479 1248 preces
2499 1176 2718 1232 cunctis
2751 1175 3016 1230 ﬁdelibus
3050 1182 3390 1230 statuerunt.
3423 1173 3595 1241 ldque

2010 1279 2290 1324 servatum
2321 1267 2427 1322 fuit
2462 1283 2490 1322 a
2519 1268 2725 1322 sanctis
2750 1265 3031 1330 Patribus,
3065 1273 3120 1320 et
3163 1273 3375 1334 septem
3411 1263 3597 1318 conci-

2008 1361 2102 1416 liis
2162 1356 2534 1431 generalibus.
2566 1359 2745 1428 Atque
2801 1357 3091 1411 decretum
3142 1354 3249 1410 fuit
3298 1354 3593 1424 jejunium,

2011 1468 2125 1506 non
2174 1452 2442 1522 quinque,
2472 1451 2560 1506 vel
2615 1459 2763 1513 octo,
2802 1455 2899 1502 aut
2946 1447 3138 1502 decem
3193 1447 3432 1511 dierum,
3499 1443 3594 1499 sed

2014 1543 2398 1614 quadraginta.
2432 1541 2671 1596 Vocatur
2735 1549 2921 1598 autem
2969 1538 3178 1594 Natalis
3205 1537 3410 1593 Christi
3448 1537 3595 1607 jeju-

2015 1635 2192 1700 nium,
2230 1634 2359 1704 quia
2401 1633 2457 1687 in
2500 1632 2607 1688 ﬁne
2654 1633 2876 1687 dierum
2940 1629 3305 1701 quadraginta
3353 1629 3598 1686 occurrit

2018 1729 2278 1792 salutaris
2334 1728 2609 1784 Nativitas
2644 1725 2885 1791 ;Domini
2937 1724 3112 1779 nostri
3175 1723 3307 1778 Jesu
3366 1720 3594 1777 Christi.

2019 1819 2252 1892 Duoque
2293 1820 2436 1875 bona
2467 1825 2828 1888 peraguntur.
2861 1813 2998 1869 Nam
3036 1813 3395 1883 exsequimur
3428 1810 3601 1866 tradi-

2018 1913 2224 1969 tionem
2280 1911 2682 1980 apostolorum,
2735 1907 3016 1975 simulque
3073 1919 3492 1975 praepurgamur
3543 1903 3598 1957 in

2016 2017 2311 2060 occursum
2341 2013 2398 2058 et
2424 2001 2807 2056 adoratione‘m
2835 1984 2964 2056 Jesu
3005 1996 3214 2053 Christi
3243 1996 3462 2050 Domini
3497 2011 3599 2049 no-

2017 2099 2138 2163 stri,
2163 2081 2265 2167 qui
2287 2103 2567 2151 exsancta
2598 2094 2692 2149 Dei
2715 2093 2995 2151 Genitrice
3017 2105 3346 2161 semperque
3385 2088 3600 2160 virgine

2018 2190 2226 2258 absque
2243 2177 2456 2244 macula
2477 2193 2533 2241 et
2563 2185 2924 2240 ineﬂ‘abiliter
2949 2191 3114 2239 natus
3137 2191 3240 2237 est.

2087 2279 2361 2335 Caeterum
2422 2277 2573 2348 quod
2627 2276 2989 2346 subsequitur
3043 2275 3413 2330 Pentecosten
3456 2272 3602 2342 jeju-

2019 2374 2173 2428 nium
2197 2371 2378 2441 ipsum
2407 2378 2493 2425 est
2520 2369 2588 2426 de
2623 2383 2734 2439 quo
2783 2368 2966 2440 agitur
3002 2367 3058 2421 in
3089 2351 3602 2420 Constitutionibus

2020 2471 2339 2516 sanctorum
2391 2456 2790 2527 apostolorum.
2839 2455 3012 2510 Aiunt
3064 2453 3269 2524 quippe
3323 2452 3381 2506 in
3437 2449 3598 2504 illis:

2025 2570 2043 2604 ι
2085 2553 2213 2607 Post
2239 2552 2629 2614 Pentecosten,
2656 2549 2940 2604 celebrate
2971 2544 3380 2602 hebdomadam
3409 2557 3599 2605 unam,

2019 2652 2076 2699 et
2107 2643 2404 2714 postvillam
2426 2643 2695 2713 jejunate.
2724 2629 2964 2711 Equum
2987 2639 3262 2702 enim'est,
3299 2644 3362 2691 ut
3388 2633 3456 2690 de
3481 2649 3605 2690 mu-

2021 2751 2153 2792 nere
2181 2736 2278 2790 Dei
2320 2733 2605 2798 laetemini,
2643 2749 2708 2789 ac
2741 2743 2865 2803 post
2894 2732 3282 2796 remissionem
3309 2726 3600 2800 jejunetis.

2023 2827 2306 2898 Siquidem
2327 2827 2541 2898 Moyses
2569 2825 2804 2882 et'Elias
2821 2826 3217 2897 jejunaverunt
3245 2819 3609 2892 quadraginta

2022 2921 2259 2987 diebus;
2293 2926 2349 2976 et
2380 2919 2569 2974 Daniel
2591 2919 2786 2976 tribus
2824 2915 3192 2974 hebdomadis
3218 2929 3418 2986 panem
3458 2910 3608 2967 desi-

2023 3007 2308 3067 deriorum
2335 3026 2446 3066 non
2496 3009 2772 3076 comedit,
2826 3019 2883 3065 et
2940 3025 3070 3064 caro
3120 3022 3185 3062 ac
3243 3007 3436 3060 vinum
3497 3019 3608 3058 non

1980 3169 1982 3172 _
2025 3103 2362 3159 introierunt
2408 3103 2465 3156 in
2527 3117 2592 3158 os
2643 3102 2765 3171 ejus
2799 3101 2839 3156 ".
2878 3121 2897 3154 ι
2931 3099 3295 3172 Jejunabatur
3323 3111 3458 3168 ergo
3507 3095 3612 3150 hoc

338 3208 409 3263 τη
471 3193 718 3263 νηστεία,
758 3196 922 3266 μέχρι
961 3195 1060 3265 τῆς
1112 3196 1424 3264 κοιμήσεως
1452 3196 1554 3264 τῆς
1597 3194 1867 3248 Θεοτόκου
1902 3209 1916 3224 °

2021 3195 2315 3270 jejunium,
2347 3211 2526 3265 usque
2555 3194 2624 3248 ad
2651 3193 3048 3249 Dormitionem
3093 3207 3190 3247 seu
3222 3191 3454 3246 Mortem
3486 3187 3613 3242 Dei-

291 3285 302 3293 ’
340 3285 446 3342 ὑπὸ
473 3287 528 3340 δὲ
557 3289 665 3342 τῶν
691 3289 862 3358 ἁγίων
905 3291 1164 3361 Πατέρων
1202 3291 1267 3344 δι’
1294 3292 1610 3360 οἰκονομίαν
1639 3290 1878 3360 ἐξεκόπη
1905 3305 1919 3319 ·

340 3382 404 3434 τὸ
420 3381 540 3450 μὲν,
559 3381 646 3434 διά
669 3381 728 3434 τὸ
743 3390 770 3418 ³
794 3382 1206 3452 παρεμπίπτειν
1223 3382 1341 3445 ταῖς
1360 3382 1597 3444 ἐθνικαῖς
1614 3381 1920 3452 νηστείαις,

345 3473 459 3544 ἠως
508 3474 830 3544 Ἀρμενίων,
881 3463 1235 3536 Ἰακωϐιτῶν,
1273 3474 1674 3544 Νεστοριανῶν,
1741 3472 1822 3525 ἔτι
1868 3471 1925 3524 δὲ

345 3565 607 3626 πολλάκις
640 3567 734 3618 καὶ
773 3565 1133 3638 Ἰσμαηλιτῶν
1161 3582 1174 3594 ·
1216 3566 1276 3618 τὸ
1309 3566 1388 3627 δὲ,
1421 3567 1496 3629 ὡς
1517 3566 1713 3636 ἔμοιγε
1748 3581 1922 3617 κατα-

349 3654 618 3724 φαίνεται,
652 3657 747 3708 καὶ
771 3657 858 3709 διὰ
897 3657 997 3725 τὴν
1028 3656 1325 3725 ὀλιγωρίαν
1361 3657 1456 3708 καὶ
1506 3657 1568 3708 τὸ
1599 3654 1925 3725 ἀπρόθυμον

347 3746 456 3800 τῶν
486 3745 808 3817 ἀνθρώπων.
857 3745 1144 3817 Ἐτυπώθη
1175 3748 1254 3810 δὲ,
1284 3749 1413 3817 ἄχρι
1444 3747 1542 3815 τῆς
1573 3747 1770 3816 ἑορτῆς
1817 3743 1927 3798 τῶν

349 3839 520 3907 ἁγίων
563 3839 876 3893 ἀποστόλων
920 3838 1203 3909 νηστεύειν
1227 3856 1240 3870 ο
1273 3838 1373 3893 εἶθ’
1421 3838 1595 3902 οὕτως
1633 3836 1922 3890 ἐπιλύειν·

351 3926 472 3984 εἶτα
501 3931 597 3983 ἀπ’
627 3931 802 4002 ἀρχῆς
828 3930 1144 3996 Αὐγούστου
1168 3929 1479 4001 νηστεύειν,
1513 3931 1648 4001 ἄχρι
1665 3929 1768 3999 τῆς
1791 3927 1924 3982 ’Κοιο

355 4023 574 4092 μήσεως
619 4023 719 4092 τῆς
738 4021 1028 4087 Θεοτὸκου,
1061 4023 1158 4076 καὶ
1185 4022 1349 4076 πάλιν
1381 4020 1644 4086 διαλύειν,
1675 4021 1770 4074 καὶ
1802 4021 1925 4075 τότε

352 4115 575 4182 ἔχοντας
623 4113 1025 4184 παρακέλευσιν
1082 4117 1146 4168 ὲκ
1185 4113 1293 4169 τῶν
1327 4113 1701 4168 ἀποστολικῶν
1730 4113 1927 4167 Διατά-

354 4203 510 4268 ξεων.

423 4459 443 4490 ⁷
478 4456 604 4520 Lib.
645 4475 699 4524 ν,
724 4473 844 4529 cap.
878 4458 982 4514 ult.

430 4702 461 4736 κ
486 4713 547 4750 GU
557 4715 611 4767 μ.

2025 3303 2170 3358 paras
2199 3305 2214 3353 ;
2250 3303 2443 3342 verum
2474 3303 2505 3341 a
2540 3287 2749 3341 sanctis
2797 3285 3054 3339 Patribus
3095 3299 3194 3354 per
3246 3280 3612 3338 oeconomiam

2028 3389 2084 3434 et
2107 3379 2576 3449 dispensationem
2605 3378 2932 3432 intercisum
2959 3385 3044 3431 est
3078 3417 3091 3441 ,
3131 3376 3332 3445 partim
3356 3373 3486 3442 quia
3522 3371 3614 3425 inv

2029 3470 2292 3527 currebat
2339 3470 2418 3524 in”
2443 3469 2652 3540 jejunia
2696 3469 2949 3532 ethnica,
3020 3482 3117 3521 seu
3186 3463 3612 3528 Armeniorum,

2025 3562 2432 3626 Ja'cobitarum,
2447 3559 2930 3624 Nestorianorum,
2951 3556 3243 3625 adhucque
3278 3569 3422 3624 senape
3444 3553 3614 3608 etiam

2027 3654 2429 3708 Ismaelitarum
2456 3669 2470 3718 ;
2501 3651 2726 3722 partim,
2754 3665 2876 3704 mea
2900 3649 3127 3720 quidem
3156 3649 3454 3712 sententia,
3490 3662 3617 3719 pro-

2037 3756 2162 3816 pter
2209 3745 2498 3799 hominum
2542 3744 2936 3815 negligentiam
2987 3741 3274 3811 animique
3325 3741 3617 3795 relaxatio-

2034 3835 2206 3892 nem.
2229 3836 2514 3891 Sancitum
2568 3842 2755 3889 autem
2786 3833 2913 3898 fuit,
2939 3847 3118 3902 usque
3149 3831 3220 3886 ad
3252 3831 3453 3886 festum
3487 3845 3616 3885 san-

2031 3938 2250 3985 ctorum
2273 3929 2649 4000 apostolorum
2665 3929 2918 4000 jejunare
2939 3945 2953 3992 ;
2978 3928 3168 3996 sicque
3188 3934 3379 3997 postea
3401 3924 3614 3979 solvere

2028 4020 2299 4091 jejunium
2331 4036 2346 4086 ;
2382 4017 2511 4073 dein
2555 4017 2624 4072 ab
2673 4017 2832 4072 initio
2865 4016 3097 4087 Augusti
3132 4017 3382 4088 jejunare
3440 4028 3618 4084 usque

2034 4113 2103 4167 ad
2134 4111 2357 4167 Obilum
2392 4111 2671 4181 Deiparaa;
2707 4111 3023 4179 iterumque
3052 4109 3269 4164 solvere
3299 4108 3568 4180 jejunium
3598 4146 3614 4173 ,

2034 4206 2202 4263 etiam
2257 4213 2390 4261 tunc
2435 4206 2589 4276 juxta
2656 4203 3096 4260 admonitionem
3138 4201 3614 4259 Constitutionum

2037 4299 2487 4371 apostolicarum.

1600 4601 1602 4604 -
1646 4571 1878 4628 VARIE
1909 4571 2202 4631 LECTION
2211 4573 2310 4630 ES.
