4020 6146
357 319 484 386 [ιρι

1360 332 1815 391 ΕΧΡΙΛΕᾹΤΙΟ
1855 333 2066 395 b‘lDEi
2109 336 2617 408 ORTIIODOXE.

3480 340 3615 404 1502

354 437 546 509 θεότης
575 437 633 490 ἐν
660 448 840 507 τισιν
876 439 1239 494 ὑποστάσεειν
1265 442 1533 512 ὁρίζεται,
1578 443 1672 497 καὶ
1717 442 1813 513 μία
1841 441 1933 495 οὖ-

2086 457 2119 501 ἰῑ
2151 467 2293 508 unus
2326 458 2492 523 Deus,
2527 470 2583 514 et
2627 462 2787 515 unica
2822 460 2997 514 dcitas
3028 458 3083 512 in
3127 457 3305 512 tribus
3363 455 3619 526 layposta‘

358 528 473 594 σία,
509 536 604 584 καί
632 530 901 601 βασιλεία,
932 534 1024 585 καὶ
1046 524 1305 601 δύναμις,
1341 533 1436 588 καὶ
1468 534 1650 604 φύσις.

428 713 542 767 Καὶ
585 714 638 766 τί
673 716 824 768 ἐστιν
854 714 1054 794 οὐσίας

427 806 581 877 llde
594 823 669 876 μα
715 806 1125 880 αὺθύπαρκτον,
1162 810 1238 882 μὴ
1276 810 1531 882 δεόμενον
1572 802 1761 881 ἑτέρου
1803 810 1939 882 πρὸς

355 895 457 968 τὴν
483 898 677 952 ἑαυτοῦ
706 897 990 955 σύστασιν.
1076 908 1087 918 '

432 987 499 1041 Ti
529 989 646 1043 ἐστι
675 991 837 1059 φύσις
863 1009 878 1059 ;

432 1080 508 1132 Τὸ
525 1080 823 1136 καθολικδν
837 1086 1073 1156 πρᾶγμα
1092 1086 1199 1147 νκαὶ
1229 1103 1294 1138 πε
1305 1103 1580 1161 ριεκτικολν
1605 1086 1712 1140 τῶν
1732 1086 1824 1140 ὑπ’
1844 1087 1912 1140 αὖ
1927 1114 1942 1124 ο

363 1173 463 1245 τὴν
487 1163 862 1232 ὑπόστάσεων.
902 1179 971 1230 Ἢ
1001 1176 1194 1242 οὕτως’
1235 1178 1472 1251 Ἀληθὴς
1501 1178 1734 1250 ὔπαρξις
1763 1194 1945 1248 πραγ·

2040 544 2197 601 sibus
2226 549 2511 614 statuitur,
2539 560 2596 606 et
2623 552 2782 607 unica
2815 550 3079 616 essentia,
3104 550 3330 604 unicum
3361 560 3616 618 regnum.

2042 639 2205 694 unica
2241 642 2489 710 potentia
2518 652 2575 698 et
2600 654 2816 699 natura.

2110 730 2284 786 Catec.
2312 733 2457 801 Quid
2490 743 2575 790 est
2607 746 2790 791 autem
2819 733 3105 790 essentia?

2111 820 2324 877 Catcch.
2350 824 2462 880 Res
2495 842 2617 895 quae
2639 843 2736 896 per
2763 841 2821 881 se
2854 833 2961 892 est,
2990 839 3170 893 neque
3198 823 3372 877 altero
3409 820 3620 891 indiget

2042 913 2108 968 ad
2130 913 2247 969 ‘hoc
2276 922 2341 968 ut
2379 915 2494 986 ipsa
2524 917 2815 971 subsistat.

2113 1002 2288 1060 Catec.
2317 1006 2459 1072 Quid
2484 1015 2569 1062 est
2592 1008 2834 1062 natura?

2114 1095 2327 1152 Catech.
2358 1098 2469 1153 Res
2492 1099 2845 1163 universalis,
2875 1106 2932 1153 et
2979 1098 3306 1168 hypostascs
3347 1095 3454 1149 sibi
3483 1095 3615 1149 subv

2038 1187 2223 1258 jectas
2266 1189 2661 1258 complectens.
2695 1191 2804 1242 Aut
2858 1189 2939 1242 sic
2985 1187 3213 1241 deﬁnito
3253 1204 3265 1238 :
3302 1184 3441 1256 Vera
3475 1184 3625 1239 exsi-

368 1269 555 1340 μάτων
579 1287 592 1301 '
624 1269 702 1347 ᾡς
745 1266 889 1329 εἶναι
918 1271 1135 1347 οὐσίαν,
1170 1272 1358 1339 φύσιν,
1393 1272 1633 1344 μορφὴν,
1663 1271 1720 1325 ἓν
1736 1273 1842 1325 καὶ
1882 1271 1942 1324 τὸ

2086 1277 2245 1333 tentia
2277 1294 2485 1345 rerum,
2515 1279 3088 1345 utesscntia,natura,
3121 1277 3315 1341 forma,
3368 1276 3479 1330 sint
3510 1289 3623 1331 una

366 1360 502 1415 αὐτὸ
535 1344 789 1434 πράγμα.

439 1453 622 1516 Πόσας
655 1451 986 1517 ὑποστάσεις
1046 1453 1141 1505 ἐπὶ
1168 1454 1268 1525 τῆς
1318 1452 1587 1522 Θεότητος
1622 1450 1943 1523 ὁμολογεῖς;

439 1545 625 1617 Τρεῖς,
650 1543 890 1617 Πατέρα,
916 1543 1068 1611 Υίὸν,
1097 1544 1191 1598 καὶ
1208 1543 1373 1615 ἀγιον
1411 1542 1655 1614 Πνεῦμα.

442 1726 509 1781 τί
549 1729 699 1781 ἐστιν
743 1725 1043 1791 ὑπόστασις
1067 1746 1085 1795 ;

2044 1379 2101 1426 et
2125 1371 2320 1426 eadem
2348 1388 2456 1427 res.

2117 1460 2294 1516 Catec.
2318 1460 2463 1527 Quot
2491 1450 2815 1532 hj’postases
2840 1461 3094 1532 agnoscis
3129 1460 3184 1513 in
3216 1457 3462 1512 dcitate?

2117 1548 2327 1604 Catech.
2366 1549 2523 1616 Tres,
2550 1551 2791 1618 Patrem,
2830 1550 3053 1615 Filium,
3086 1557 3142 1603 et
3172 1546 3444 1616 Spiritum
3496 1559 3625 1599 san-

2048 1652 2219 1698 ctum.
2545 1689 2557 1702 ,

2120 1733 2296 1790 Catec.
2329 1733 2471 1800 Quid
2491 1743 2576 1790 est
2598 1734 2948 1806 hypostasis?

442 1819 614 1874 Οὐσία
646 1818 785 1889 μετά
808 1836 970 1873 τινων
1008 1814 1335 1891 ἰδιωμάτων,
1369 1816 1590 1890 ἀριθμῷ
1629 1815 1739 1870 τῶν
1763 1815 1946 1887 ὁμοει-

2122 1825 2336 1881 Caleclt.
2392 1795 2803 1881 Essentia'cuni
2856 1825 2973 1879 suis
3011 1821 3338 1893 quibusdam
3374 1818 3624 1889 proprie-

369 1912 476 1965 δῶν
532 1912 887 1983 διαφέρουσα.
948 1911 1213 1965 Τοντέστι
1283 1910 1580 1982 πρόσωπον
1636 1906 1946 1981 ὁμοούσιον.

372 2003 648 2075 Πρόσωπα
679 2003 735 2058 δὲ
764 2002 997 2074 λέγομεν
1028 2003 1123 2058 ἐπὶ
1169 2002 1305 2058 Θεοῦ
1346 2002 1616 2075 ἀσώματα
1646 2002 1743 2060 καὶ
1773 2002 1949 2074 ἀσχη-

376 2096 642 2167 μάτιστα.

446 2284 512 2338 Τί
544 2283 676 2339 ἴδιον
705 2284 944 2354 ἑκάστης
990 2282 1098 2338 τῶν
1140 2281 1312 2355 τριῶν
1355 2280 1736 2346 ὐποστὰσεων,
1770 2281 1865 2334 καὶ
1900 2280 1951 2335 τί

210 2355 213 2359 ’
328 2373 595 2441 ,,9ισινόν;

454 2434 611 2549 Ἷδιῇον
649 2463 747 2534 μὲν
777 2460 996 2534 Πατρδς
1035 2462 1449 2540 τᾲάγέννητον,
1478 2434 1611 2514 Υἱοῦ
1645 2461 1702 2514 δὲ
1735 2461 1795 2543 τὸ
1829 2477 1954 2530 γεν-

373 2554 561 2627 νητὸν,
590 2554 912 2626 Πνεύματος
953 2556 1011 2608 δὲ
1036 2554 1133 2611 τοῦ
1167 2554 1324 2635 ᾴγίου
1352 2554 1415 2631 τὸ
1444 2552 1797 2625 ὲκπορευτὸν·
1835 2569 1953 2606 κοι-

373 2649 464 2711 νδν
494 2647 550 2703 δὲ
582 2649 614 2718 ἡ
648 2648 839 2719 θεότης
868 2648 964 2702 καὶ
989 2648 1021 2719 ἠ
1058 2646 1334 2719 βασιλεία.

446 2828 848 2898 Πόσαςηφὺσεις
873 2808 1162 2896 ὁμολογεῖς
1201 2824 1296 2878 ἐπὶ
1322 2824 1419 2893 τῆς
1454 2822 1775 2919 οἰκονομίας
1805 2838 1818 2887 ;

444 3005 566 3083 Δύο·
595 3004 827 3074 θεότητα
863 3004 958 3058 καὶ
986 3003 1408 3074 ἅνθρωπότητα’
1443 3003 1518 3066 ὡς
1561 2997 1704 3078 εἶναι
1729 3002 1821 3056 τὸν
1850 3003 1951 3056 αὑ-

374 3100 466 3153 τὸν
490 3099 639 3161 Υἱὸν,
664 3098 798 3151 Θεὸν
830 3097 1059 3161 τέλειον,
1095 3092 1190 3151 καὶ
1216 3094 1427 3149 τέλειον
1461 3096 1770 3167 ἄνθρωπον.

438 3190 623 3252 Πόσας
664 3190 901 3258 φυσικὰς
935 3170 1185 3261 θνελήσεις
1232 3187 1329 3243 καὶ
1382 3188 1664 3260 ἐνεργείας
1695 3188 1789 3241 ἐπὶ
1816 3188 1948 3259 Χρι-

376 3281 503 3335 στοῦ
541 3281 821 3352 ὁμολογεῖς
841 3295 857 3343 ;
1196 3335 1203 3340 ,

447 3373 572 3435 Adv
603 3372 733 3443 μίαν
767 3372 978 3444 θεῖκὴν,
1011 3374 1106 3428 καὶ
1134 3373 1264 3444 μίαν
1296 3373 1670 3447 ἀνθρωπίνην.

448 3554 517 3607 Ti
542 3555 657 3607 ἐστι
696 3554 912 3625 θέλημα
935 3554 1153 3624 θεϊκόν;

447 3645 519 3698 Τὸ
542 3644 829 3715 καθαίρειν
853 3646 983 3709 τοὺς
1006 3645 1242 3723 λεπρούς
1258 3662 1273 3678 ο
1298 3645 1373 3710 ὡς
1388 3646 1469 3712 τὸ,
1505 3663 1525 3699 ι
1552 3645 1727 3707 Θέλω.
1751 3644 1958 3713 καθάρ-

377 3736 531 3808 θητι·
568 3757 587 3790 ι
620 3739 715 3792 καὶ
747 3737 815 3792 τὰ
837 3737 1050 3801 τούτοις
1079 3738 1262 3807 ὅμοια,
1313 3738 1513 3805 καὶτὸ,
1545 3756 1567 3790 ς
1587 3739 1831 3816 ’ζπαγῃ
1865 3739 1960 3792 καὶ

377 3830 455 3895 ὡς
480 3830 827 3894 ἐπίστευσας,
853 3828 1141 3901 γενηθήτω
1170 3846 1274 3891 σοι.
1301 3848 1321 3883 ι
1370 3830 1379 3835 ’

448 3921 547 3985 Τίς
577 3923 726 3975 ἐστιν
760 3920 1244 3992 ἐνέργειαθεῖκῃ

449 4014 524 4069 Τὸ
558 4013 801 4085 σωθῆναι
838 4014 1048 4077 πάντας
1076 4011 1400 4086 ἀνθρώπους
1427 4012 1523 4067 καὶ
1554 4013 1636 4079 εἰς
1660 4012 1960 4082 ἐπίγνωσιν

381 4106 641 4178 ἀληθείας
686 4106 890 4160 ἐλθεῖν·
940 4104 1016 4170 ὡς
1056 4106 1139 4167 τὸ,
1181 4106 1283 4161 «Ὁ
1321 4107 1512 4179 Πατήρ
1549 4124 1653 4176 μου
1702 4106 1807 4171 ἕως
1833 4106 1961 4179 ἄρτι

379 4194 676 4267 ὲργάζεται
698 4234 713 4259 ,
745 4194 902 4265 κάγὼ
930 4194 1263 4265 ἐργάζομαι.
1291 4214 1325 4248 ολ

454 4285 521 4341 Τί
565 4285 688 4341 ἐστι
719 4285 933 4359 θέλημα
966 4285 1356 4357 ἅνθρωπικόν;

451 4375 527 4430 τὸ
564 4377 801 4448 ζητῆσαι
831 4378 1008 4431 πιεῖψ
1046 4376 1076 4425 ἢ
1106 4377 1201 4433 καὶ
1226 4378 1321 4432 ἐπὶ
1341 4376 1436 4433 τοῦ
1470 4377 1710 4452 σταυροῦ
1740 4381 1958 4451 γέγονε,

2052 1914 2279 1980 tatibus,
2311 1915 2382 1970 ab
2419 1916 2490 1971 iis
2527 1930 2650 1986 quae
2710 1906 2958 1987 ejuSdem
3009 1910 3363 1985 sunt_specici
3391 1924 3626 1963 numero

2051 2007 2338 2074 diﬁ'erens,
2395 2007 2450 2063 id
2498 2016 2602 2074 est,
2634 2023 2873 2078 persona
2910 2004 3315 2062 coessentialis.
3352 2003 3628 2057 Personas

2051 2098 2309 2155 autemin
2335 2099 2448 2154 Deo
2478 2089 2719 2155 dicimus
2748 2098 3109 2168 incorporeas
3137 2104 3194 2151 et
3220 2095 3401 2150 omnis
3438 2092 3629 2164 ﬁgurae

2050 2197 2326 2258 expertes.

2123 2279 2300 2336 Calec.
2346 2279 2618 2348 Quidnam
2664 2290 2750 2338 est
2785 2281 3021 2354 singulis
3075 2281 3197 2336 istis
3231 2278 3412 2334 tribus
3457 2277 3630 2349 hypo-

2050 2372 2290 2428 stasibus
2308 2374 2633 2444 proprium?
2656 2373 2791 2444 quid
2824 2373 2955 2429 item
2983 2368 3314 2428 commune?

2123 2463 2336 2521 Catech.
2374 2464 2675 2535 Proprium
2720 2471 2806 2518 est
2845 2460 3047 2526 Patris,
3110 2459 3419 2530 ingenitum
3464 2469 3627 2511 esse:

2051 2556 2183 2613 Filii
2232 2565 2390 2621 vero,
2422 2554 2670 2626 genitum
2700 2567 2823 2608 esse
2853 2569 2867 2606 :
2899 2550 3142 2622 Spiritus
3170 2548 3370 2613 sancti,
3406 2560 3632 2616 proces-

2053 2646 2156 2701 sio.
2187 2644 2511 2701 Communis
2532 2650 2720 2698 autem
2742 2641 2854 2697 illis
2882 2646 2967 2696 est
2999 2639 3202 2706 deitas,
3240 2646 3297 2694 et
3335 2649 3631 2691 commune

2054 2749 2308 2805 regnum.

2125 2822 2301 2897 Galea.
2321 2823 2383 2879 In
2407 2823 2718 2879 (nconomia
2742 2822 2817 2895 (id
2833 2832 2928 2888 est,
2951 2818 3340 2877 incarnationis
3360 2812 3631 2885 mysterio)
3712 2811 3727 2841 '-'

2053 2923 2188 2986 quot
2217 2925 2446 2969 naturas
2480 2912 2799 2984 proﬁteris?
3721 2906 3732 2928 "

2125 3005 2335 3062 Catech.
2407 3006 2608 3061 Duas:
2654 3006 2921 3059 deitatem
2980 3011 3037 3059 et
3080 2998 3514 3060 humanitatem;
3574 3001 3636 3048 ut

2057 3099 2203 3155 idem
2233 3099 2408 3154 Filius
2439 3098 2514 3153 sit
2545 3097 2826 3168 perfectus
2859 3097 3005 3151 Deus
3053 3103 3109 3150 et
3134 3092 3419 3165 perfectus
3446 3089 3632 3143 homo.

2125 3190 2300 3247 Catec.
2330 3188 2478 3258 Quot
2515 3190 2797 3244 naturales
2845 3188 3163 3243 voluntates
3206 3192 3263 3239 et
3296 3181 3552 3237 actiones
3576 3177 3634 3231 in
3748 3240 3751 3243 _
3812 3205 3816 3209 ι

2053 3284 2272 3340 Christo
2297 3280 2612 3344 proﬁteris?

2126 3375 2336 3432 Cateclz.
2385 3373 2575 3429 Duas:
2612 3389 2777 3428 unam
2827 3372 3107 3435 divinam,
3153 3368 3384 3423 alteram
3435 3364 3636 3418 huma-

2054 3482 2205 3523 nam.

2127 3559 2304 3615 Catec.
2321 3559 2453 3627 Quae
2480 3566 2568 3614 est
2599 3558 2855 3613 voluntas
2878 3555 3065 3610 divina
3089 3554 3112 3606 *ἶ

2127 3651 2339 3706 Catech.
2370 3651 2614 3721 Purgare
2638 3650 2885 3718 leprosos
2909 3664 2923 3701 ε
2950 3652 3032 3709 ut,
3059 3662 3079 3695 ι
3101 3642 3256 3705 Volo,
3288 3646 3584 3709 purgator:
3613 3655 3632 3687 ι

2056 3749 2115 3795 et
2150 3748 2351 3796 caetera
2396 3737 2715 3810 huiusmodi
2744 3754 2759 3789 :
2793 3744 2856 3790 ut
2900 3743 2958 3791 et
3005 3732 3165 3798 illud,
3205 3750 3223 3783 ‹
3255 3729 3403 3786 Vade
3446 3736 3501 3783 et
3547 3728 3641 3780 ﬁat

2063 3833 2159 3889 tibi
2194 3832 2340 3887 sicut
2365 3829 2676 3887 credidisti.
2707 3847 2726 3879 ι

2129 3925 2310 3980 Catec.
2346 3922 2479 3990 Quae
2497 3930 2583 3977 est
2620 3921 2767 3976 actio
2797 3917 3026 3975 divina?

2130 4016 2345 4072 Catech.
2377 4015 2448 4071 Ut
2470 4022 2760 4069 serventur
2791 4026 2985 4066 omnes
3020 4006 3294 4070 homines,
3325 4011 3381 4059 et
3401 4001 3467 4058 ad
3492 3999 3643 4056 veri-

2060 4108 2192 4164 tatis
2247 4107 2505 4163 notitiam
2546 4104 2901 4177 perveniant,
2931 4110 2994 4157 ut
3022 4100 3203 4155 illud:
3242 4116 3261 4150 ι
3292 4098 3453 4153 Pater
3486 4106 3644 4153 meus

2062 4216 2240 4272 usque
2274 4215 2424 4255 nunc
2450 4204 2731 4270 operatur,
2757 4204 2816 4252 et
2836 4209 2939 4266 ego
2963 4209 3165 4264 operor
3190 4193 3229 4246 ¹.
3273 4209 3293 4242 ι

2133 4292 2311 4351 Catec.
2351 4294 2486 4361 Quae
2506 4298 2592 4347 est
2622 4289 2880 4346 voluntas
2909 4284 3186 4341 humana?

2136 4386 2348 4445 Catech.
2378 4385 2577 4442 Potum
2604 4395 2878 4454 quaerere,
2902 4377 3049 4451 quod
3079 4376 3246 4433 etiam
3273 4375 3328 4431 in
3358 4387 3523 4430 cruce
3550 4386 3642 4428 ac-

381 4471 479 4527 καὶ
509 4471 570 4526 τδ
592 4471 815 4541 αἰτῆσαι
845 4474 1063 4543 φαγεῖν·
1095 4473 1171 4537 ὡς
1190 4474 1274 4540 τὺ,
1318 4493 1338 4528 ι
1371 4474 1568 4554 Ἔχετε
1594 4493 1647 4531 τι
1675 4466 1954 4550 βρώσιμον

2086 4480 2319 4536 :idit:et
2365 4477 2555 4534 cibum
2588 4482 2871 4545 expetere,
2918 4479 2980 4526 ut
3001 4470 3139 4527 illud
3175 4488 3190 4526 :
3229 4487 3249 4520 ι
3295 4464 3524 4523 Habetis
3547 4463 3642 4519 hic

382 4563 569 4619 ἐνθάδε
588 4580 606 4630 ;
640 4582 659 4617 ι

454 4655 552 4719 Τίς
593 4657 742 4715 ἐστιν
779 4656 1034 4727 ἐνέργεια
1071 4658 1432 4733 ἁνθρωπίνη;

455 4747 526 4801 Τὸ
566 4747 941 4820 ὁδοιπορῆσαι,
968 4750 1029 4804 τὸ
1060 4752 1344 4820 κοπιάσαι,
1380 4754 1473 4814 καὶ
1502 4755 1572 4809 τὰ
1605 4754 1854 4817 τοιαῦτα.

458 4838 640 4903 Πόσας
684 4838 1020 4907 ὑποστάσεις
1058 4842 1152 4895 ἐπὶ
1192 4843 1293 4924 τῆς
1321 4844 1570 4915 περὶτοῦ
1609 4845 1739 4901 Υίοῢ
1771 4846 1966 4917 ὁμολο-

381 4930 508 5000 γίας
539 4931 828 5003 ὁμολογεῖς
867 4950 884 5001 ;

452 5023 600 5078 Μίαν
623 5040 640 5056 ο
667 5025 745 5089 ὡς
767 5021 910 5087 εἷναι
936 5028 1028 5089 τδν
1071 5029 1236 5085 αὑτὸν
1264 5030 1360 5086 ἕνα
1384 5031 1514 5089 Υίὺν
1547 5032 1682 5087 Θεοῦ
1708 5035 1804 5089 καὶ
1836 5034 1967 5089 Υῐὸν

381 5113 484 5184 τῆς
529 5113 681 5186 Παρο
690 5114 833 5171 ένου.

460 5207 620 5300 κατὰ
650 5206 703 5260 τί
733 5210 984 5300 κοινωνεῖ
1004 5211 1034 5264 ὁ
1070 5210 1195 5276 Υἱὸς
1237 5211 1315 5285 τῷ
1345 5212 1547 5286 ῌατρὶ,
1579 5214 1674 5268 καὶ
1712 5213 1791 5286 τῷ
1810 5213 1965 5287 ἁγίῳ

386 5297 676 5369 Πνεύματι
710 5316 726 5367 ;
853 5297 891 5300 ⁷-
1203 5354 1221 5369 κ
1403 5367 1411 5371 _

458 5390 727 5449 Κοινωνεῖ
769 5393 909 5445 κατᾶ
960 5392 1060 5465 τὴν
1100 5394 1263 5465 φύσιν
1328 5398 1425 5469 τῆς
1471 5396 1727 5470 θεότητος
1773 5399 1963 5465 αὑτοῦ,

386 5479 526 5537 καθὸ
551 5483 667 5535 ἐστι
697 5482 908 5547 τέλειος
946 5483 1103 5550 Θεός·
1128 5491 1380 5542 κοινωνεῖ
1400 5489 1457 5542 δὲ
1485 5490 1579 5544 καὶ
1602 5492 1717 5554 τοῖς
1751 5491 1848 5544 ἀνο
1860 5490 1967 5562 ρώ-

2064 4572 2276 4645 aliquid
2303 4570 2474 4627 edulii
2493 4568 2557 4623 ’τ
2590 4587 2609 4621 ι

2137 4665 2313 4723 Catec.
2348 4663 2479 4732 Quae
2501 4662 2645 4718 actio
2674 4658 2960 4716 humana?
3014 4710 3019 4715 .

2140 4758 2354 4815 Catech.
2384 4757 2495 4812 lter
2527 4754 2735 4820 facere,
2772 4750 3090 4824 fatigari,et
3116 4748 3340 4805 similia.

2140 4848 2317 4905 Catec.
2345 4845 2492 4913 Quot
2521 4845 2850 4918 hypostases
2882 4842 2940 4896 in
2965 4839 3093 4896 ﬁdei
3133 4839 3203 4895 de
3261 4836 3404 4893 Filio
3438 4834 3648 4907 profes-

2070 4939 2227 4995 sione
2258 4936 2576 5008 proﬁteris?

2144 5028 2356 5085 Catech.
2392 5027 2623 5085 Unicam
2651 5046 2665 5095 ;
2705 5035 2768 5083 ut
2795 5026 2941 5083 idem
2975 5033 3033 5081 et
3064 5039 3205 5079 unus
3236 5023 3309 5078 sit
3339 5021 3510 5075 Filius
3541 5018 3637 5073 Dei

2071 5129 2129 5178 et
2162 5121 2333 5177 Filius
2355 5119 2620 5191 Virginis.

2144 5214 2322 5271 Catcc.
2352 5212 2496 5280 Quid
2526 5223 2822 5268 commune
2849 5207 3020 5264 habet
3040 5206 3217 5263 Filius
3244 5219 3368 5258 cum
3400 5201 3562 5254 Patre
3595 5207 3651 5254 et

2076 5308 2286 5380 Spiritu
2309 5306 2542 5364 sancto?
3574 5372 3577 5377 ν

2147 5399 2360 5456 Catech.
2420 5396 2789 5454 Communem
2846 5391 3183 5447 habetcum
3250 5386 3360 5440 illis
3393 5390 3650 5438 naturam

2077 5496 2190 5550 suae
2236 5488 2461 5547 deitatis
2506 5490 2787 5558 quatenus‘
2820 5491 2906 5540 est
2937 5483 3084 5537 Deus
3137 5479 3418 5550 perfectus
3449 5493 3464 5531 :
3495 5489 3651 5530 com-

380 5598 501 5647 ποις
544 5573 689 5629 me
712 5574 812 5646 τὴν
846 5575 1012 5646 φύσιν
1038 5577 1137 5647 τῆς
1161 5579 1587 5651 ἀνθρωπότητος
1613 5580 1802 5647 αὑτοῦ,
1831 5582 1954 5638 καθ(

2086 5597 2300 5638 munem
2323 5595 2458 5636 vero
2483 5593 2609 5635 cum
2636 5574 2959 5631 hominibus
2977 5573 3145 5628 habet
3174 5578 3427 5629 naturam
3452 5568 3649 5622 huma-

382 5666 495 5719 ἐστι
540 5667 638 5720 καὶ
676 5667 967 5739 ἄνθρωπος
992 5670 1220 5735 τέλειος.

471 5780 485 5812 ³
518 5779 674 5837 Joan.
702 5796 756 5848 v,
798 5782 880 5836 i7.
960 5785 978 5815 '
1008 5783 1140 5838 Luc.
1178 5800 1326 5850 xxm,
1358 5786 1446 5840 41.

2080 5674 2267 5731 uitatis
2294 5688 2427 5740 Siue,
2459 5680 2734 5743 quatenus
2768 5677 2851 5723 est
2876 5668 3044 5724 homo
3067 5664 3368 5736 perfectus.
