4020 6146
407 5797 419 5835 ί

516 432 697 489 Calec.
728 430 870 499 Quid
900 440 987 487 est
1018 433 1205 487 Deus?

516 520 730 582 Catach.
759 523 816 579 Si
860 524 946 580 vis
990 539 1151 579 nosse
1209 525 1343 595 quid
1389 526 1460 581 sit
1493 526 1640 581 Deus
1675 535 1731 581 et
1756 527 2036 598 quomodo

447 619 521 675 sit
567 617 905 680 adorandus,
935 625 1147 673 attente
1202 619 1474 687 ausculta,
1516 628 1573 696 et
1602 620 1889 676 veritatem
1939 636 2034 676 co-

448 725 673 782 gnosce.
717 709 919 773 Patris,
967 709 1095 771 Filii
1134 719 1190 765 et
1245 710 1488 782 Spiritus
1530 712 1706 767 sancti
1748 728 1919 766 unum
1950 719 2037 768 cst

448 803 769 867 consilium,
813 802 1089 873 sapientia
1138 819 1270 869 una,
1325 806 1575 874 potentia
1622 806 1730 860 una
1796 824 1809 859 :
1855 820 2037 875 neque

447 910 594 950 unus
613 893 838 964 quidem
867 894 1084 949 exstitit
1114 905 1243 951 ante
1291 897 1512 961 saecula,
1547 898 1691 952 alter
1741 913 1885 961 vero,
1913 905 2038 967 post

449 988 672 1053 saecula,
738 986 839 1042 sed
899 987 1064 1042 simul
1123 988 1309 1053 Pater,
1351 996 1408 1043 et
1456 988 1653 1053 Filius,
1696 996 1754 1043 et
1794 986 2038 1058 Spiritus

450 1087 711 1135 sanctus:
743 1079 917 1135 Filius
951 1079 1006 1133 in
1037 1080 1221 1144 Patre,
1265 1087 1322 1134 et
1356 1079 1598 1150 Spiritus
1639 1081 1699 1134 in-
1744 1080 1904 1148 Filio,
1940 1096 2035 1137 co-

450 1170 628 1227 haeret
658 1171 805 1226 enim
835 1171 953 1226 haec
972 1180 1203 1236 natura;
1238 1172 1386 1227 unde
1423 1188 1531 1228 una
1560 1181 1647 1228 est
1710 1180 1932 1237 natura,
1980 1182 2038 1230 et

454 1278 563 1317 una
589 1263 774 1319 Deitas
807 1280 820 1317 :
852 1262 1113 1317 distincta
1165 1263 1390 1333 quidem
1423 1264 1481 1318 in
1539 1272 1651 1319 tres
1689 1264 2033 1335 hypostases,

450 1354 548 1410 sed
585 1354 640 1409 in
671 1356 934 1410 unitatem
966 1370 1285 1423 occurrens,
1317 1356 1509 1411 habitu
1528 1358 1783 1412 essentia:
1800 1358 2033 1413 ratione.

451 1443 664 1499 ideirco
712 1445 880 1504 etiam
911 1461 1035 1500 eum
1092 1446 1311 1501 Patrem
1370 1447 1630 1512 dicimus,
1661 1459 1720 1502 et
1749 1448 1943 1502 Filium
1974 1464 2038 1504 ac

450 1533 719 1604 Spiritum
753 1545 1003 1591 sanctum
1053 1536 1400 1606 proﬁtemur,
1433 1537 1656 1595 unicum
1701 1538 1872 1592 Deum
1903 1538 2040 1593 diei-

450 1641 594 1680 mus.
628 1626 729 1680 Est
757 1641 889 1680 vero
918 1625 1063 1682 Deus
1103 1642 1397 1683 commune
1428 1642 1632 1681 nomen
1663 1627 1832 1693 Patri,
1873 1627 2034 1693 Filio,

450 1726 509 1772 et
539 1717 768 1787 Spiritui
803 1728 997 1773 saneto
1030 1718 1232 1774 :Pater
1269 1733 1424 1786 vero,
1464 1727 1522 1774 et
1546 1708 1745 1783 Filius,
1772 1727 1830 1773 et
1857 1717 2037 1788 Spiri-

1581 321 1641 381 S.
1684 319 2085 409 ANASTASII
2125 325 2598 388 ANTIOCHENI

2061 442 2109 498 A

3570 339 3688 407 Mill
3715 363 3721 371 ’

2211 437 2278 493 Τί
2312 440 2437 494 ἐστι
2472 442 2650 509 Θεόςς
2800 515 2806 522 ‘
3440 491 3445 496 .

2212 530 2274 583 Εἰ
2310 530 2486 595 θέλεις
2511 532 2714 599 γνῶναι
2750 532 2803 586 τί
2824 533 2939 587 ἐστι
2967 534 3098 600 Θεὸς
3124 536 3219 590 καὶ
3248 524 3369 605 πῶς’
3387 521 3690 610 προσκυνεῖ-

2136 637 2252 685 ται,
2285 621 2523 676 ἄκουσον
2552 624 2841 694 νουνεχῶς,
2883 626 2978 679 καὶ
3010 625 3182 694 γνῶθι
3222 627 3286 681 τὸ
3316 629 3530 699 ἀληθές.

2212 714 2449 785 Πατρδς,
2481 714 2633 777 Υίοῦ,
2685 716 2780 769 καὶ
2821 716 2979 785 ἁγίου
3022 717 3340 789 Πνεύματος
3385 720 3542 791 βουλὴ
3583 722 3687 792 μία,

2141 805 2303 873 σοφία
2341 806 2462 875 μία,
2503 806 2600 876 μία
2633 806 2886 883 δύναμις.
2918 809 3032 879 Οὐχ
3067 811 3095 863 6
3123 809 3224 880 μὲν
3271 811 3377 879 πρὸ
3418 811 3636 878 αἰώνων,
3663 817 3689 868 6

2138 891 2197 944 δὲ
2230 892 2349 962 μετ’
2378 893 2606 960 αἰῶνας,
2656 895 2770 949 ἀλλ’
2804 894 2924 968 ἅμα
2960 896 3150 971 Πατὴρ
3175 938 3190 963 ,
3238 899 3368 964 Υἱὸς
3426 901 3516 955 καὶ
3549 903 3690 971 ἅγιον

2139 983 2386 1054 Πνεῦμα,
2416 985 2544 1049 Υἱὸς
2578 988 2636 1041 ἒν
2675 988 2854 1060 Harp!
2876 990 2972 1043 καὶ
3021 990 3253 1060 Πνεῦμα
3286 991 3345 1045 ὲν
3388 992 3542 1063 Υίῷ.-
3573 1011 3686 1051 aw-

2137 1071 2311 1139 ἧπται
2345 1071 2453 1142 γάρ
2500 1075 2534 1146 ἡ
2583 1074 2766 1144 φύσις.
2793 1077 2958 1132 Ὅθεν
2994 1079 3095 1150 μία
3128 1080 3161 1150 ἡ
3206 1070 3372 1148 φύσις
3404 1082 3495 1136 καὶ
3534 1084 3623 1152 μία
3659 1085 3688 1153 ἠ

2140 1159 2351 1231 θεότης·
2391 1162 2750 1236 διαιρουμένη
2798 1166 2897 1238 μὲν
2931 1169 3011 1231 είς
3056 1158 3197 1238 τρία
3229 1168 3318 1223 διὰ
3349 1169 3446 1233 τὰς
3474 1172 3691 1239 ὑποστά-

2141 1270 2276 1320 σεις,
2312 1255 2393 1318 είς
2442 1256 2649 1325 μονάδα
2691 1256 2749 1310 δὲ
2792 1257 3120 1325 καταντῶσα
3163 1243 3375 1314 διάτὺν
3400 1261 3497 1329 τῆς
3523 1263 3692 1328 οὐσίας

2137 1344 2315 1412 λόγον.
2347 1347 2445 1399 Διά
2489 1346 2649 1402 τοῦτο
2678 1349 2775 1402 καὶ
2804 1349 3025 1421 Πατέρα
3052 1349 3307 1419 λέγοντες
3342 1353 3435 1406 καὶ
3461 1353 3581 1407 Υίδν
3607 1352 3690 1409 καί

2139 1437 2365 1508 Πνεῦμα
2398 1438 2559 1517 ἆγιονν
2578 1440 2991 1517 ὁμολογοῦντες,
3026 1442 3122 1497 ἕνα
3153 1442 3292 1497 Θεὸν
3321 1443 3564 1514 λέγομεν.

2208 1529 2283 1583 Τὸ
2304 1530 2360 1583 δὲ
2383 1530 2514 1595 Θεὸς
2545 1530 2719 1597 όνομα
2746 1533 2930 1586 κοινόν
2959 1534 3075 1586 ἐστι
3101 1533 3195 1587 τοῦ
3228 1535 3463 1606 Πατρὸς,
3496 1533 3585 1589 καὶ
3608 1533 3690 1591 τοῦ

2138 1618 2271 1672 Υίοῦ
2302 1620 2401 1674 καὶ
2441 1619 2534 1673 τοῦ
2581 1620 2738 1688 ἁγίου
2789 1622 3132 1694 Πνεύματος.
3163 1624 3240 1677 Τὸ
3280 1624 3338 1678 δὲ
3378 1625 3578 1696 Πατὴρ,
3610 1625 3693 1678 καὶ

2139 1712 2269 1777 Υἱὸς
2314 1713 2413 1767 καὶ
2464 1712 2620 1783 ἅγιον
2671 1714 2920 1785 Πνεῦμα,
2966 1718 3028 1770 οὑ
3080 1716 3241 1781 κοινά
3278 1717 3547 1789 ὀνόματα,
3589 1716 3689 1771 ἀλλ’

450 1818 542 1865 tus
565 1814 810 1877 sanctus,
840 1827 947 1866 non
980 1820 1109 1866 sunt
1141 1811 1456 1867 communia
1487 1810 1735 1877 nomina,
1776 1812 1871 1867 sed
1904 1827 2033 1882 pro-

2143 1801 2280 1865 ἰδίας
2319 1777 2558 1855 ἑκάστου
2594 1777 2972 1869 ὑποστάσεως.
3019 1805 3076 1859 '0
3101 1777 3439 1885 γάρΠατῆρ
3466 1777 3693 1875 οὑνλέγε-

449 1900 589 1970 prite
615 1901 960 1971 singulorum
991 1903 1334 1973 hypostases.
1370 1902 1534 1956 Pater
1563 1902 1713 1956 enim
1736 1917 1848 1956 non
1896 1901 2036 1956 dici-

452 2002 544 2048 tur
571 1992 764 2058 Filius,
797 2009 902 2048 nec
949 1993 1122 2048 Filius
1166 1993 1374 2048 dicitur
1406 1993 1592 2057 Pater,
1647 2008 1752 2047 nec
1800 1991 2039 2062 Spiritus

450 2092 676 2139 sanctus
702 2092 931 2139 vocatur
982 2086 1145 2140 Pater
1172 2092 1267 2139 aut
1291 2083 1462 2139 Filius
1499 2099 1512 2136 :
1545 2091 1603 2137 at
1638 2083 1785 2137 Deus
1820 2097 2038 2152 semper

448 2175 693 2232 Trinitas
734 2176 1059 2247 appellatur.
1120 2176 1308 2246 Itaque
1363 2189 1489 2230 cum
1542 2180 1657 2229 tres
1714 2175 2037 2246 hypostascs

446 2269 568 2324 sive
592 2277 706 2325 tres
730 2284 996 2340 personas
1019 2269 1278 2333 dicimus,
1301 2282 1415 2322 non
1448 2265 1689 2321 dicimus
1708 2274 1821 2323 tres
1847 2282 2038 2323 essen-

451 2363 558 2418 tias
581 2363 703 2417 sive
760 2374 873 2418 tres
900 2370 1153 2428 naturas,
1180 2362 1299 2418 sive
1333 2370 1447 2418 tres
1487 2357 1623 2413 deos
1662 2377 1675 2413 :
1724 2357 1822 2414 sed
1862 2373 2036 2413 unum

447 2454 648 2520 Deum,
686 2469 851 2509 unam
875 2453 1196 2517 essentiam,
1222 2455 1337 2511 sive
1376 2470 1542 2509 unam
1574 2460 1834 2508 naturam
1865 2447 2034 2519 proli-

447 2555 653 2614 temur,
679 2562 749 2602 ne
781 2546 1168 2602 arianizemus.
1192 2547 1261 2602 Et
1283 2561 1630 2604 rursuseum
1659 2560 1828 2600 unam
1847 2558 2036 2599 essen-

451 2638 583 2694 tiam
638 2638 756 2695 sive
790 2646 1047 2693 naturam
1097 2638 1356 2704 dicimus,
1406 2653 1520 2694 non
1588 2636 1828 2693 dicimus
1865 2649 2035 2689 unam

446 2728 812 2800 bypostasim,
868 2744 939 2784 ne
993 2728 1480 2786 sabellianizemus
1534 2747 1549 2783 :
1604 2728 1703 2801 sed
1759 2735 1872 2782 tres
1928 2725 2032 2796 hy-

448 2829 701 2891 postases
751 2821 867 2876 sive
925 2828 1035 2876 tres
1084 2837 1353 2891 personas
1392 2822 1448 2877 in
1472 2836 1581 2876 una
1602 2820 1829 2884 deitale,
1867 2831 2032 2879 unam

444 2912 748 2967 essentiam
779 2921 836 2967 et
865 2919 1122 2968 naturam
1153 2913 1454 2970 credimus.
1486 2913 1585 2967 Est
1623 2921 1808 2967 autem
1860 2908 2030 2975 Deus,

448 3004 690 3059 essentia
742 3019 866 3073 qua:
922 3019 1143 3059 omnem
1207 3004 1731 3075 contemplationem
1784 3008 2029 3071 superat,

2137 1910 2229 1946 ται
2260 1893 2412 1959 Υἱὸς,
2463 1894 2560 1948 καὶ
2596 1895 2625 1947 6
2676 1895 2804 1958 Υἱὸς
2851 1897 2914 1950 οὑ
2962 1896 3187 1966 λέγεται
3237 1898 3454 1972 Πατήρ’
3486 1901 3592 1955 καὶ
3639 1899 3691 1954 τὸ

2139 1984 2366 2055 Πνεῦμα
2392 1985 2454 2037 τὸ
2496 1985 2676 2053 ἅγιον,
2719 1987 2845 2042 οὗτε
2875 1975 3089 2061 Πατὴρ,
3125 1989 3251 2043 οὔτε
3285 1990 3413 2055 Υἱὸς
3439 2008 3707 2063 προσαγο-η

2142 2077 2388 2146 ρεύεται.
2427 2077 2561 2139 Θεδς
2585 2079 2640 2132 δὲ
2664 2079 2750 2132 ἀεὶ
2787 2074 2835 2151 η’
2858 2080 3029 2152 Τριάς
3065 2082 3419 2153 ὀνομάζεται.
3450 2083 3691 2152 Δέγοντες

2136 2164 2231 2223 οὖν
2261 2171 2412 2240 τρεῖς
2442 2171 2791 2236 ὑποστάσεις,
2824 2172 2941 2243 ἦτοι
2978 2160 3254 2242 πρόσωπα
3282 2174 3428 2246 τρία,
3458 2174 3515 2228 οὑ
3553 2173 3692 2241 λέγο-

2141 2279 2242 2333 μεν
2274 2263 2426 2333 τρεῖς
2448 2262 2659 2329 οὐσίας,
2687 2262 2721 2334 ἦ
2751 2267 2903 2335 τρεῖς
2931 2264 3143 2334 φύσεις,
3168 2265 3202 2338 ἢ
3232 2266 3390 2330 θεοὺς
3410 2269 3572 2338 τρεῖς,
3592 2265 3692 2319 ἀλλ’

2137 2352 2237 2407 ενα
2266 2354 2420 2417 Θεὸν,
2449 2354 2581 2424 μίαν
2611 2355 2824 2419 οὐσίαν,
2850 2356 2969 2427 ἦτοι
2994 2356 3180 2425 φύσιν,
3211 2354 3595 2427 ὁμολογοῦμεν,
3618 2357 3713 2441 ἵνα.

2141 2446 2216 2515 μὴ
2262 2446 2684 2517 ἀρειανίσωμεν.
2720 2448 2990 2517 Ἀέγοντες
3036 2449 3099 2505 δὲ
3148 2450 3284 2521 μίαν
3334 2450 3534 2517 οὐσίαν,
3584 2451 3691 2521 ﬁmi

2139 2536 2321 2606 φύσιν,
2358 2540 2420 2591 οὑ
2455 2537 2692 2608 λέγομεν
2727 2539 2860 2610 μίαν
2901 2539 3219 2611 ὑπόστασιν,
3256 2542 3347 2597 ἶνα
3392 2542 3465 2613 μὴ
3517 2541 3691 2596 σαὸελ-

2135 2627 2494 2699 λιανίσωμεν.
2547 2629 2711 2685 Ἀλλά
2762 2634 2915 2702 τρεῖς
2970 2632 3347 2700 ὑποστάσεις,
3408 2634 3523 2705 ἦτοι
3576 2631 3689 2703 τρία

2138 2720 2432 2791 πρόσωπα,
2485 2722 2542 2775 ὲν
2601 2725 2702 2795 μιᾷ
2756 2722 2995 2794 θεότητι,
3020 2725 3210 2779 οὐσίαν
3257 2727 3389 2797 μίαν
3418 2727 3507 2781 καὶ
3547 2726 3691 2795 φύσιν

2138 2813 2493 2884 πιστεύομεν.
2532 2814 2669 2880 Θεός
2699 2818 2848 2871 ἐστιν
2892 2816 3206 2889 ἀθεώρητος
3228 2819 3411 2887 οὐσία,
3439 2816 3693 2880 ἀκατάληο

2136 2920 2271 2968 πτος
2327 2905 2451 2973 νδῦς
2473 2895 2493 2973 ’,
2550 2907 2836 2977 ἀμήχανον
2887 2908 3107 2976 κάλλος,
3160 2909 3399 2983 ἀόρατον
3463 2909 3690 2981 μέγεθος,

2136 2996 2497 3067 ἀπερινόητος
2562 2998 2708 3064 δόξα.
2762 2999 2917 3073 Υἱός)
2950 3003 3098 3057 ἐστιν
3160 3003 3404 3078 ᾶρῤητον
3438 3005 3685 3074 γέννημα,

448 3107 610 3148 mens
642 3108 765 3163 quae
797 3092 1194 3162 comprehendi
1218 3093 1439 3164 nequit,
1469 3091 1832 3163 pulchritudo
1871 3091 2031 3162 cujus

2136 3085 2450 3154 ἀμύθευτος
2470 3087 2649 3169 λόγος,
2681 3091 3098 3175 ἀνυπέρϐλητος
3121 3094 3272 3163 νοῦς,
3300 3096 3693 3168 ἀπαράλλακτος

449 3184 595 3239 ratio
622 3192 750 3239 ante
797 3184 947 3239 nulla
994 3184 1122 3238 iniri
1161 3193 1362 3255 potest,
1391 3183 1714 3255 magnitudo
1738 3198 1860 3253 qua:
1881 3181 2033 3237 cerni

446 3291 561 3331 non
595 3277 791 3347 possit,
817 3276 993 3345 gloria
1046 3292 1267 3330 omnem
1315 3276 1704 3347 cogitationem
1739 3273 2032 3345 effugiens.

449 3364 625 3424 Filius
653 3377 740 3423 est
775 3368 1076 3424 inetl‘abilis
1132 3369 1341 3439 proles,
1382 3382 1567 3425 sermo
1612 3367 1763 3422 nulla
1817 3366 2034 3421 ratione

449 3460 821 3531 explicabilis,
846 3476 1004 3515 mens
1027 3457 1448 3530 insuperabilis,
1472 3459 1715 3515 essentia
1738 3456 2031 3521 invariata,

449 3562 648 3607 natura
697 3553 1001 3620 inaccessa,
1053 3555 1344 3631 character
1396 3553 1727 3609 subsistens.
1791 3551 2035 3622 Spiritus

448 3652 534 3701 est
584 3645 974 3702 intellectualis
1010 3654 1067 3702 et
1112 3646 1366 3718 simplex,
1421 3645 1663 3707 subtilis.
1719 3645 1919 3717 planus
1970 3661 2036 3701 ac

448 3735 780 3807 pellucidus.
810 3737 995 3792 omnis
1013 3752 1171 3793 noxa:
1191 3745 1247 3792 et
1267 3738 1495 3792 macula:
1517 3751 1735 3805 expers,
1764 3744 1820 3792 et
1845 3735 2036 3792 omnia

447 3824 689 3880 intuens.
723 3826 907 3897 Imago
933 3827 1116 3881 Patris
1138 3834 1224 3881 est
1245 3826 1348 3892 sol,
1375 3827 1565 3883 radius
1593 3825 1739 3891 Filii,
1772 3824 1913 3881 radii
1938 3842 2034 3881 ca-

447 3916 535 3971 lor
573 3923 658 3971 est
687 3916 926 3987 Spiritus
949 3918 1149 3980 sancti.
1182 3918 1373 3987 Itaque
1403 3917 1486 3973 sol
1512 3925 1596 3972 est
1627 3918 1815 3982 Pater,
1845 3916 2036 3971 radius

447 4006 644 4072 Filius,
692 4007 956 4077 splendor
991 4008 1199 4079 ignitus
1231 4015 1317 4064 est
1368 4007 1629 4080 Spiritus,
1656 4009 1747 4064 ille
1794 4022 2034 4077 prorsus

444 4105 689 4153 sanctus.
711 4097 790 4153 Et
816 4099 898 4153 sol
921 4099 1145 4169 quidem
1174 4115 1458 4171 nunquam
1486 4102 1686 4157 malum
1734 4099 1983 4155 deseruit
2017 4118 2031 4155 :

447 4190 649 4247 Filium
693 4201 878 4249 autem
909 4203 973 4248 ut
1020 4193 1226 4258 radios,
1260 4193 1612 4264 splendorem
1668 4188 1928 4249 videlicet
1964 4192 2033 4249 ab

445 4284 568 4355 ipso
621 4286 1013 4359 refulgentem,
1073 4286 1260 4342 emisit
1311 4286 1369 4340 in
1402 4296 1604 4342 terram
1647 4295 1704 4341 et
1761 4285 2031 4356 Spiritum

438 4374 721 4447 sanctum,
758 4388 822 4435 ut
849 4370 1090 4436 calorem
1119 4394 1230 4451 quo
1257 4378 1604 4450 superiorem
1628 4384 1686 4434 et
1708 4377 2028 4434 inferiorem

439 4470 714 4526 mundum
739 4471 1106 4542 undequaque
1144 4471 1360 4526 foveret
1399 4478 1455 4525 et
1482 4468 1645 4524 bonis
1692 4467 2026 4524 cumularet.

444 4556 524 4611 Ita
555 4558 714 4614 nobis
743 4559 1096 4631 cogitandum
1124 4567 1211 4615 est
1242 4560 1311 4615 de
1341 4559 1506 4614 unica
1546 4560 1605 4613 in
1636 4559 1816 4614 tribus
1852 4557 2028 4630 hypo-

445 4648 686 4703 stasibus
712 4650 944 4705 Deitate.
973 4650 1202 4715 Natura,
1223 4651 1483 4715 essentia,
1516 4650 1694 4704 forma
1727 4650 1894 4705 simul
1936 4666 2030 4706 ea-

440 4739 571 4794 dem
594 4750 699 4798 est.
734 4740 1048 4812 hypostasis
1067 4751 1124 4797 et
1160 4757 1394 4812 persona
1427 4741 1573 4796 idem
1600 4749 1705 4797 est.
1739 4740 1810 4796 Et
1844 4756 2031 4796 essen-

446 4829 520 4886 tia
543 4829 768 4898 quidem
799 4830 917 4885 sive
967 4839 1163 4886 natura
1192 4831 1248 4886 id
1280 4832 1428 4902 quod
1476 4845 1771 4888 commune
1808 4837 1893 4889 est
1928 4830 2027 4886 de-

442 4923 625 4995 signat
658 4940 672 4978 :
702 4923 1017 4995 hypostasis
1049 4933 1233 4980 autem
1273 4925 1388 4980 sive
1435 4939 1693 4995 persona,
1721 4923 1870 4994 quod
1906 4923 2025 4980 sin-

442 5016 699 5086 gulorum
727 5014 1014 5085 proprium
1040 5018 1126 5071 est
1147 5014 1409 5072 declarat.
1445 5015 1519 5071 Ut
1546 5014 1803 5085 (exempli
1853 5013 2027 5085 gratia

438 5104 524 5161 sic
552 5102 824 5174 dicamus)
868 5104 924 5161 in
976 5102 1220 5170 houiine,
1266 5118 1460 5160 omnes
1491 5102 1746 5159 homines
1778 5102 1945 5159 unius
1973 5110 2031 5158 et

443 5196 691 5269 ejusdem
720 5205 932 5254 naturae
973 5212 1187 5265 sumus,
1220 5212 1328 5254 una
1355 5204 1414 5255 et
1437 5196 1634 5253 eadem
1676 5204 1875 5253 natura
1903 5211 2028 5250 om-

443 5291 599 5345 nium
622 5299 745 5346 est:
781 5290 1056 5360 siquidem
1087 5305 1281 5347 omnes
1328 5290 1583 5347 homines
1606 5305 1675 5347 ex
1722 5289 1907 5344 anima
1939 5288 2030 5343 in-

440 5384 750 5453 tellectuali
813 5392 871 5440 et
919 5400 1153 5457 corpore
1202 5399 1521 5442 constamus
1565 5403 1577 5440 :

2137 3176 2318 3239 οὑσία,
2350 3177 2508 3245 φύσις
2541 3180 2985 3251 ἀνεπιχείρητος,
3012 3185 3309 3256 χαρακτὴρ
3331 3185 3690 3246 ὲνυπόστατος.

2137 3266 2279 3320 Πνεῦ
2289 3268 2366 3338 μά
2391 3269 2542 3321 ἐστιν
2566 3271 2754 3341 νοερὸν
2775 3273 2868 3325 καὶ
2895 3272 3121 3337 ἁπλοῦν,
3145 3274 3373 3349 λεπτρν,
3406 3273 3694 3344 σαφὲςηκαὶ

2135 3359 2357 3426 τρανὸν,
2388 3359 2739 3429 ἀπήμαντον,
2773 3362 3095 3432 ἀμόλυντον,
3128 3364 3241 3419 stall
3278 3366 3682 3420 πανεπίσκοπεν.

2132 3450 2317 3517 ,Είκὼν
2346 3450 2441 3503 τοῦ
2476 3452 2694 3524 Πατρὸς
2721 3455 2750 3507 ὀ
2781 3453 2955 3524 ἥλιος,
2987 3454 3147 3520 ἀκτὶς
3177 3456 3334 3528 ἡλίου
3370 3460 3397 3511 6
3427 3457 3566 3519 Υἱὸς,
3591 3454 3695 3526 θέρε

2140 3560 2216 3613 μη
2248 3543 2350 3613 τῆς
2380 3546 2602 3609 ἀκτῖνος
2647 3545 2707 3599 τὸ
2737 3547 3091 3619 παράκλητον
3124 3549 3374 3622 Πνεῦμα.
3403 3550 3510 3604 Καὶ
3538 3547 3693 3609 οὕτως

2134 3636 2289 3708 ἥλιος
2329 3636 2358 3689 6
2408 3637 2623 3707 Πατὴρ,
2662 3638 2822 3702 ἀκτὶς
2866 3641 2895 3692 6
2933 3641 3083 3704 Υἱὸς,
3134 3641 3301 3715 αἴγλη
3338 3642 3612 3714 πυραυγὴς
3640 3638 3693 3691 τὸ

2136 3728 2406 3797 πανάγιον
2440 3728 2688 3800 Πνεῦμα,
2740 3731 2850 3784 Καὶ
2882 3734 2910 3786 6
2962 3733 3062 3802 μὲν
3114 3734 3269 3804 ἣλιος
3301 3736 3549 3795 ρύδέποτε
3577 3750 3692 3787 κατ-

2135 3819 2408 3873 έλιπε-τὸν
2439 3821 2692 3892 οὐρανὸν,
2727 3822 2851 3876 Υίὸν
2876 3823 2933 3901 δε
2965 3823 3041 3889 ὡς
3077 3827 3178 3889 τὰς
3218 3826 3445 3891 ἀκτῖνας
3469 3826 3694 3881 ἀπέστει-

2110 3912 2215 3977 ’λε,
2248 3911 2308 3966 τδ
2341 3913 2686 3985 ἀπαύγασμα
2731 3916 2824 3970 ἐπὶ
2864 3915 2964 3987 τῆς
3000 3916 3126 3997 γῆς,
3161 3919 3265 3990 τὴν
3317 3921 3375 3975 δὲ
3422 3920 3617 4001 θέρμην
3639 3917 3691 3969 τὸ

2065 4438 2106 4494 D

2136 4003 2361 4072 Πνεῦμα
2418 4006 2480 4059 τδ
2541 4006 2697 4075 ἅγιον
2738 4047 2753 4072 ,
2806 4008 3165 4080 περιθάλπειν
3243 4014 3339 4073 καὶ.
3410 4011 3691 4082 εὐεργετεῖν
3728 4072 3740 4088 .

2134 4094 2225 4148 τὸν
2268 4095 2380 4150 ἄνω
2414 4097 2513 4150 καὶ
2556 4097 2649 4152 τὸν
2680 4098 2833 4154 κάτω
2870 4099 3099 4172 κόσμον.
3145 4102 3392 4176 Τοιούτῳ
3419 4104 3497 4157 δεῖ
3524 4101 3692 4172 τρόπῳ

2134 4178 2338 4268 ἐννοεῖν
2373 4188 2470 4241 καὶ
2503 4189 2632 4260 περὶ
2667 4189 2770 4260 τῆς
2800 4191 3014 4263 ἑνιαίας
3057 4192 3692 4265 τρισυποστάτουθεότη·

2133 4296 2224 4341 τος
2253 4296 2266 4310 ο
2314 4279 2499 4350 φύσις,
2531 4280 2628 4334 καὶ⁴
2676 4282 2856 4349 οὐσία,
2900 4282 2997 4338 καὶ
3052 4285 3240 4357 μορφὴ
3291 4286 3428 4357 ὁμοῦ
3486 4286 3517 4356 ή
3570 4281 3690 4347 αὐτή

2136 4371 2304 4423 ἔστιν·
2332 4370 2634 4437 ὑπόστασις
2659 4373 2755 4426 καὶ
2786 4372 3084 4444 πρόσωπον
3109 4376 3308 4435 ταύτόν
3336 4377 3502 4429 ἐστιν.
3537 4370 3637 4426 Καὶ
3661 4369 3691 4437 ἡ

2139 4462 2237 4533 μὲν
2269 4463 2425 4517 οὐσία
2455 4464 2573 4536 ἤτοι
2603 4464 2767 4533 φύσις
2807 4465 2868 4519 τὸ
2911 4458 3089 4521 κοινὸν
3131 4467 3550 4540 χαρακτηρίζει,
3585 4465 3615 4534 ἡ
3642 4461 3691 4515 δὲ

2136 4555 2436 4619 ὑπόστασις
2476 4557 2595 4627 ἦτοι
2640 4557 2700 4610 τὸ
2736 4557 3060 4632 πρόσωπον,
3091 4559 3151 4614 τὸ
3180 4562 3313 4615 ἴδιον
3344 4561 3572 4615 ἑκάστου
3602 4570 3689 4622 στι·

2138 4647 2337 4719 μαίνει.
2380 4647 2468 4711 Ὡς
2498 4649 2591 4702 ἐπὶ
2621 4648 2937 4732 ἀνθρώπου,
2983 4651 3118 4721 φέρε
3169 4651 3435 4721 εἴπωμεν,
3485 4650 3563 4703 ὃτι
3608 4642 3691 4699 καὶ

2137 4742 2336 4805 πάντες
2365 4741 2642 4813 ἂνθρωποι
2673 4736 2815 4815 μιᾶς
2833 4744 2928 4797 καὶ
2952 4745 3056 4827 ,τῆς
3078 4746 3256 4815 αὐτῆς
3280 4743 3495 4824 (ptiar-2d»;
3516 4745 3689 4810 ἐσμεν.

2140 4832 2240 4903 μία
2268 4832 2364 4901 καὶ
2399 4834 2539 4905 αὑτὴ
2570 4833 2732 4906 φύσις
2772 4836 2924 4908 παρὰ
2955 4837 3128 4891 πᾶσίν
3158 4838 3329 4893 ἐστιν.
3361 4838 3564 4898 Πάντες
3596 4830 3692 4900 γὰρ

2135 4924 2411 5002 ἄνθρωποι
2464 4927 2529 4981 ὲκ
2572 4928 2751 4998 ψυχῆς
2813 4946 2873 4983 τε
2923 4932 3118 5001 νοερᾶς
3162 4930 3259 4984 καὶ
3291 4930 3539 5000 σώματος
3580 4936 3689 4977 συν-
3730 4970 3737 4977 .

2136 5018 2475 5088 εστήκαμεν,
2506 5019 2858 5075 ὑποστάσεων
2896 5022 2952 5074 δὲ
2987 5022 3201 5093 πολλῶν
3232 5023 3327 5077 καὶ
3353 5022 3590 5091 ἀπείρων
3608 5012 3687 5069 καὶ

2136 5107 2549 5179 ἀναριθμήτων.
2583 5110 2695 5165 Καὶ
2725 5111 2931 5182 Πέτρος
2963 5111 3057 5165 καὶ
3087 5110 3297 5176 Παῦλος
3326 5113 3456 5183 μιᾶς
3494 5107 3582 5163 καὶ
3603 5102 3688 5171 τῆς

2137 5198 2308 5269 αὐτῆς
2356 5200 2464 5253 είσι
2505 5202 2744 5269 φύσεως,
2783 5201 3136 5256 ὑποστάσεων
3180 5202 3239 5256 δὲ
3280 5202 3567 5272 διαφόρων.
3593 5193 3688 5250 Καὶ

2138 5290 2455 5345 κοινωνοῦσι
2485 5292 2583 5362 μὲν
2617 5292 2869 5362 ἀλλήλοις
2898 5292 3043 5346 κατὰ
3072 5290 3174 5363 τὴν
3206 5291 3396 5363 φύσιν,
3436 5288 3686 5360 διαιροῦν·

1636 5381 2031 5456 hypostasibus

2136 5398 2227 5435 ται
2254 5381 2311 5435 δὲ
2334 5382 2473 5436 κατά
2500 5384 2597 5447 τὰς
2627 5383 2981 5449 ὑποστάσεις,
3011 5385 3133 5456 ἦτοι
3164 5384 3237 5438 τὰ
3274 5383 3559 5454 πρόσωπα.

443 5493 580 5534 vero
603 5480 815 5543 multis.
841 5489 899 5539 et
925 5481 1156 5538 infinitis
1181 5489 1239 5538 et
1262 5480 1783 5539 innumerabilibus.
1809 5479 1878 5534 Et
1901 5476 2100 5532 Petrus
2130 5490 2195 5532 ac
2215 5476 2421 5533 Paulus
2452 5477 2618 5534 unius
2651 5487 2708 5534 et
2758 5477 3011 5550 ejusdem
3081 5487 3210 5534 sunt
3233 5485 3463 5539 naturae,
3529 5473 3683 5542 hypo-

442 5573 688 5630 stasibus
742 5584 929 5632 autem
986 5577 1225 5634 diversis
1283 5594 1298 5633 :

446 5667 694 5739 (stasiltus
725 5669 839 5724 sive
866 5671 1140 5739 personis.

1367 5585 1425 5634 et
1472 5585 1725 5634 naturam
1791 5571 2016 5646 quidem
2044 5569 2189 5626 inter
2222 5587 2280 5628 se
2306 5588 2657 5631 communem
2689 5574 2916 5642 habent,
2957 5573 3280 5631 dividuntur
3312 5580 3493 5628 autem
3528 5570 3677 5641 hypo-
