4020 6146
432 189 568 255 lilii

1582 412 1953 427 -η-φ--ῌ

429 418 501 432 -ι-
521 420 538 428 υ
562 422 565 425 -

1698 174 2084 246 ΑΝΤΙΟΟΙΙΓ
2101 182 2447 245 MONACIII

1084 413 2566 445 Μ

3547 191 3671 259 1416

2713 413 3661 457 _-—-_-_‘____—-——i-=_—_—_—_===.

2547 415 3183 446 .m

585 538 1270 702 PANDECTES
1352 611 2063 702 summu-nm
2149 574 2789 704 Dtv'INI'rus
2862 570 3550 749 Inserenda
3632 740 3643 748 ί

435 824 619 887 VEN.
660 824 941 888 PATRIS
982 824 1377 889 ANTIOCHI
1409 826 1627 887 ANTE
1664 824 1933 887 annos
1958 788 2281 900 curuum
2328 825 2626 892 ABHINC
2669 798 3309 897 N‘ONGENTOS'AB
3328 838 3681 907 AUCTOBE

1450 958 1459 965 ι
1526 940 1535 941 ί
1906 927 2241 1003 Epirus;
2480 952 2485 957 -
2734 1000 2739 1003 ,
2976 956 2979 959 <
3148 962 3151 965 -

912 1109 1272 1157 GODEFBIDO
1301 1104 1626 1179 'riLuAivNo
1663 1103 2029 1155 eAaTuUsm
2048 1101 2432 1159 PAnIerNsis
2460 1102 2761 1157 moNacno
2791 1098 3206 1177 immitem.

922 1265 1168 1337 (Duelius
1198 1260 1471 1334 Supplem.
1507 1260 1578 1315 ad
1607 1259 1854 1316 Biblioth.
1890 1258 2138 1313 Patrum.
2166 1256 2256 1313 ed.
2285 1258 2459 1314 Paris.
2498 1259 2654 1325 1624,
2692 1268 2825 1319 tom.
2856 1264 2901 1331 ι,
2935 1278 2990 1334 p.
3029 1228 3243 1333 4019.)»

2040 1414 2107 1431 ω

503 1570 631 1626 Fuit
660 1569 764 1625 iste
810 1566 1117 1622 Antiochus
1147 1566 1449 1622 monachus
1480 1564 1806 1622 Palmstinus
1834 1568 2007 1623 laurio
2036 1570 2081 1628 Α
2110 1568 2413 1638 praesertim
2471 1568 2527 1623 in
2554 1562 2969 1643 'Exomologesi,
3007 1579 3131 1643 quae
3160 1580 3249 1629 εει
3274 1558 3364 1630 Ῠεᾱ
3398 1538 3682 1636 .ﬁnem‘ho-

435 1659 617 1717 Sancti
679 1660 835 1715 Saba:
887 1657 1126 1723 abbatis,
1164 1659 1252 1713 vir
1302 1658 1595 1715 sanctitate
1648 1669 1703 1713 et
1760 1660 2011 1717 doctrina

433 1754 686 1825 insignis,
710 1753 805 1823 qui
837 1752 940 1807 sub
970 1752 1223 1807 lleraelio
1243 1752 1588 1821 imperatore
1619 1751 1779 1812 vixit,
1821 1762 1879 1806 et
1910 1753 2014 1808 sub

433 1848 646 1902 cladem
685 1844 1259 1917 llicrosolymitanam,
1295 1859 1401 1913 qua
1430 1844 1567 1898 urbe
1592 1854 1769 1914 capta,
1796 1845 2017 1916 signum

432 1948 639 1993 sancta:
690 1937 870 1993 crucis
924 1954 955 1992 a
994 1936 1244 1992 Chosroe
1277 1936 1333 1990 in
1384 1936 1664 1992 Persidem
1717 1937 2018 1992 abductum

436 2040 520 2086 est
561 2031 791 2102 (incidit
822 2044 888 2084 ea
924 2030 980 2083 in
1036 2043 1241 2083 annum
1284 2029 1486 2083 salutis
1538 2030 1686 2099 6M),
1726 2029 2015 2099 scripsisse

436 2123 677 2190 videtur,
706 2131 766 2177 ut
801 2130 1030 2193 apparet
1059 2137 1125 2176 ex
1181 2112 1410 2179 bomilia
1448 2122 1550 2199 ωτι
1596 2131 1652 2176 et
1688 2122 1812 2176 aliis
1854 2121 2013 2189 lOcis,

2096 1658 2399 1713 ‘miliardm
2442 1660 2499 1715 in
2529 1661 2760 1731 cpistola
2791 1661 3148 1719 dedicato'ria.
3183 1663 3536 1723 Occasionem
3568 1687 3682 1727 vero

2121 1758 2178 1806 et
2228 1750 2542 1811 institutum
2579 1753 2855 1809 scribendi
2902 1753 3006 1809 hoc
3036 1770 3177 1824 opus
3231 1755 3464 1827 ipsemet
3510 1762 3682 1816 Antio-

2124 1844 2264 1899 chus
2295 1845 2535 1914 exponit
2563 1843 2719 1900 initio
2772 1846 3017 1913 homilizn
3047 1847 3136 1903 66.
3187 1848 3265 1902 De
3306 1850 3496 1905 eodem
3542 1854 3681 1922 plura

2125 1930 2389 2017 exliibent
2426 1936 2523 1991 tibi
2547 1936 2786 1992 Annales
2816 1926 3202 2015 ecclesiastici,
3231 1951 3366 1998 tom.
3402 1942 3532 2010 Vlll,
3556 1960 3681 2000 anno

2123 2027 2184 2082 61
2195 2028 2247 2083 4.
2622 2062 2625 2063 ν
3184 2048 3191 2053 ·

874 2280 957 2324 ex
990 2281 1268 2325 musam
1299 2280 1446 2325 con.
1478 2278 1780 2324 TILMANNI
1810 2274 2221 2333 PREFATIONE
2250 2254 2317 2321 Iri
2354 2248 2723 2327 'ANTIocnun
2752 2242 3266 2325 ivUNCUPA'rOMA.

511 2412 650 2469 Sunt
706 2413 797 2484 qui
845 2414 1054 2485 majore
1112 2413 1430 2482 eloquentia
1497 2410 1842 2483 scripserint,
1882 2428 2011 2483 pcr-

438 2506 594 2561 multi
629 2525 641 2560 :
681 2514 737 2560 at
766 2505 929 2576 pauci
966 2511 1313 2576 perspicuam
1345 2505 1633 2576 liujus'(de
1665 2514 1857 2565 sancto
1900 2504 2016 2559 An-

438 2599 627 2654 tiocho
656 2598 925 2672 loquitur)
966 2598 1302 2653 brevitatem
1334 2596 1569 2653 feliciter
1595 2598 1831 2654 assecuti
1865 2606 2015 2653 sunt.

439 2691 707 2769 Rarenler
736 2691 851 2746 brec
891 2706 998 2745 una
1037 2690 1136 2745 dos
1165 2690 1517 2761 unicuipianr
1531 2688 1799 2761 contingit
1827 2706 1839 2741 :
1868 2704 2021 2743 ama-

440 2782 566 2838 bilis
624 2783 925 2853 plurimum
977 2791 1183 2838 nostrae
1244 2782 1406 2838 istius
1462 2783 1643 2838 aetatis
1680 2780 2018 2838 hominibus.

440 2860 614 2940 Quam
648 2874 850 2930 decore
895 2858 1246 2931 conservavit
1272 2875 1335 2928 τὺ
1367 2874 1599 2945 πρέπον,
1639 2874 1746 2929 hoc
1773 2883 1859 2928 est
1881 2914 1896 2937 ,
1931 2889 2023 2928 or-

440 2966 589 3021 dinis
635 2965 921 3031 decorum,
967 2967 1025 3019 in
1079 2966 1171 3020 liis
1221 2964 1541 3035 digerendis
1586 2965 1841 3020 Homiliis
1883 2964 2020 3027 libet

440 3058 771 3127 compendio
810 3057 1203 3130 perStringere.
1249 3057 1293 3123 Α
1341 3056 1449 3133 fide
1491 3057 1706 3112 orditur
1738 3059 1902 3112 telam
1933 3056 2020 3113 sui

440 3147 828 3216 operiszquze
892 3145 1223 3203 Christianae
1292 3146 1581 3215 religionis
1637 3147 2017 3217 virtutumque

441 3238 690 3292 omnium
736 3237 1067 3292 solidissima
1111 3236 1338 3307 crepido
1386 3245 1490 3303 est,
1546 3245 1603 3292 et
1658 3237 1809 3295 basis
1851 3238 2022 3294 totius

442 3329 749 3398 spiritualis
784 3327 1025 3383 fabricae.
1067 3327 1352 3398 Siquidem
1386 3336 1528 3393 teste
1578 3328 1805 3397 Aurelio
1834 3322 2022 3400 A‘ugu—

441 3420 611 3486 stino,
642 3420 735 3475 ubi
785 3420 942 3475 deest
974 3420 1181 3491 agnitio
1211 3419 1463 3489 veritatis
1495 3427 1736 3486 aiternze,
1772 3419 1905 3476 falsa
1937 3410 2022 3475 est

442 3510 624 3565 virtus
651 3510 852 3574 omnis,
877 3510 1041 3567 etiam
1082 3509 1138 3564 in
1180 3494 1407 3580 optimis
1439 3511 1717 3578 moribus;
1754 3510 1882 3566 ildei
1920 3510 2021 3566 ad-

435 3600 1000 3672 jungit‘individuam
1046 3601 1328 3666 comitem,
1367 3618 1554 3672 spem;
1597 3602 1823 3657 fabricae
1861 3602 2022 3658 istius

440 3692 744 3764 rastigium,
788 3692 1031 3751 Charitas
1085 3702 1357 3765 estzquze
1409 3693 1690 3753 hominem
1753 3702 1902 3749 recta
1951 3693 2021 3749 ad

443 3800 674 3856 regnum
704 3786 990 3857 provehit;
1020 3802 1192 3856 quare
1231 3784 1559 3842 charitatem
1586 3792 1643 3840 et
1666 3798 1895 3855 regnum
1926 3784 2020 3839 .ad

441 3877 649 3932 calcem
671 3877 858 3947 aperis
903 3876 1182 3948 relegavit.
1206 3876 1360 3932 Jacto
1386 3873 1621 3946 proinde
1655 3874 1784 3929 fidei
1813 3889 1879 3928 ac
1903 3874 2021 3945 spei

443 3968 822 4036 fundamento,
858 3969 1171 4025 amolienda
1203 3969 1444 4039 primum
1493 3967 1724 4022 veniunt
1765 3982 1886 4038 quae
1915 3966 2021 4038 im-

2124 2408 2375 2465 tuleruut
2442 2409 2915 2483 sententiolaazet
2985 2412 3087 2469 has
3138 2413 3377 2482 absolvi,
3429 2425 3681 2476 m’utuatus’

2123 2501 2270 2570 quod
2311 2492 2549 2559 deerate
2592 2502 2781 2557 bibliis
2813 2502 3030 2559 Aldinis
3060 2522 3226 2575 :qua:
3263 2509 3481 2578 quidem
3517 2512 3681 2567 Gnera

2124 2580 2379 2649 feruntur
2425 2606 2551 2647 esse
2597 2607 2628 2647 e
2682 2592 2822 2648 LXX
2844 2593 3094 2663 editione
3125 2614 3138 2649 :
3172 2612 3280 2670 ego
3313 2594 3494 2656 verius
3519 2602 3681 2657 credi-

2125 2682 2304 2738 derim
2352 2678 2752 2741 Th’eodotionis
2798 2700 2948 2751 esse,
2994 2701 3063 2741 ex
3116 2678 3414 2747 c‘ollatione
3458 2693 3680 2748 locorum

2126 2773 2444 2845 llicronymi
2490 2776 2543 2830 in
2577 2762 2874 2847 prophetas
2903 2777 3164 2835 maxime.
3206 2760 3298 2837 Ἐι
3330 2783 3413 2838 bae
3444 2799 3680 2855 perquam

2124 2883 2311 2937 paucae
2339 2886 2353 2921 :
2377 2877 2438 2929 ut
2465 2868 2559 2923 illa
2579 2877 2659 2926 est
2686 2885 2754 2926 ex
2782 2854 2976 2925 liomil.
3003 2871 3067 2926 94
3099 2890 3112 2925 :
3136 2872 3327 2930 Omnis
3355 2893 3521 2933 sermo
3547 2854 3682 2946 εγκοὲ

2123 2972 2245 3022 me.
2285 2959 2356 3014 Et
2399 2960 2505 3015 sub
2538 2960 2780 3016 medium
2835 2964 3120 3033 sequentis
3145 2973 3216 3020 ex
3255 2964 3381 3033 Job,
3406 2967 3680 3041 defitnon-

2123 3064 2406 3135 nunquam
2440 3053 2660 3124 negatio
2684 3054 2787 3124 μή.
2836 3053 3085 3110 Altertim
3116 3065 3226 3124 est,
3257 3060 3403 3135 quod
3436 3050 3537 3116 nisi
3562 3076 3682 3115 nan-

2124 3134 2363 3199 ciscetur
2408 3161 2626 3217 :equum
2670 3147 2938 3217 temporis
2964 3158 3025 3204 et
3073 3162 3265 3217 rerum
3298 3134 3679 3218 aestimatorem,

2115 3240 2256 3289 nota
2284 3235 2363 3289 illi
2395 3230 2653 3293 inuretur'
2681 3236 2964 3301 novitatis.
2996 3240 3115 3299 Duo
3143 3244 3422 3311 proferam
3447 3230 3685 3317 insignio—

2124 3341 2205 3387 ra.
2240 3326 2421 3393 Prius,
2456 3328 2650 3405 homil.
2703 3324 2793 3396 98,
2837 3331 3067 3404 Οἰκέτην
3092 3332 3383 3403 famulum,
3413 3336 3494 3391 vel
3539 3352 3681 3408 rapu-

2125 3416 2236 3487 lum
2286 3435 2494 3474 servum
2515 3439 2534 3476 :
2556 3436 2656 3492 pro
2677 3437 2789 3492 quo
2826 3422 3023 3490 Aldus,
3058 3418 3252 3498 ἱκέτην
3274 3413 3572 3500 supplicem
3598 3428 3681 3482 ha-

2124 3510 2278 3579 bent.
2315 3510 2567 3567 Alterum
2594 3513 2789 3588 bomil.
2833 3514 2938 3571 119
2971 3515 3076 3570 Sub
3102 3515 3304 3584 ﬁnem,
3334 3518 3519 3591 Θήραν
3543 3535 3681 3573 νωτα-

2126 3595 2320 3661 rioném
2353 3605 2465 3675 ejus
2504 3604 2833 3673 benedicens,
2852 3618 2964 3679 pro
3007 3624 3118 3679 quo
3162 3609 3361 3677 Aldus,
3394 3612 3573 3683 θύραν,
3597 3613 3677 3682 ja-

2126 3714 2316 3763 nuam,
2348 3696 2617 3764 Ecclesia,
2664 3700 2841 3771 χήραν
2893 3701 3135 3775 viduam.
3171 3703 3374 3759 Facilis
3423 3706 3678 3767 transitus,

2125 3787 2155 3840 0
2212 3789 2270 3843 in
2317 3806 2370 3859 χ.
2404 3788 2549 3859 Lege
2582 3788 2807 3844 Hieron.
2838 3799 2894 3845 et
2916 3791 3162 3866 August.
3206 3792 3454 3850 Tertium
3505 3808 3679 3849 occur-

2124 3876 2198 3931 rit
2231 3890 2244 3931 :
2276 3879 2500 3948 propria
2528 3877 2819 3945 Hebraica,
2844 3892 3009 3950 quam
3026 3893 3139 3936 nos
3168 3879 3353 3959 Latini
3393 3882 3679 3953 corruptius

2124 3965 2355 4022 inducit.
2382 3967 2451 4022 Et
2473 3968 2581 4023 hoc
2613 3961 2692 4047 illi
2723 3984 3014 4035 commune
3040 3981 3126 4027 est
3156 3987 3286 4027 cum
3310 3974 3515 4030 caeteris
3548 3972 3679 4028 Gne-

445 4062 761 4132 pedimcnto
785 4048 908 4117 esse
954 4061 1167 4132 possint
1197 4080 1209 4114 :
1237 4061 1293 4115 in
1330 4076 1565 4131 quorum
1605 4073 1775 4114 censu
1812 4058 2020 4128 primas
2049 4073 2092 4132 c
2123 4058 2204 4112 cis
2228 4048 2575 4115 doctoribus.
2606 4060 2667 4115 ln
2696 4062 2953 4133 Prologo,
2978 4052 3035 4117 et
3054 4063 3261 4120 Homil.
3291 4067 3328 4121 2
3352 4066 3429 4121 De
3453 4081 3564 4136 spe;
3594 4062 3678 4118 Su-

446 4160 595 4206 tenet
642 4152 1020 4223 gastrimargia
1044 4192 1059 4217 ,
1107 4159 1248 4206 teste
1285 4149 1548 4205 Cassiano
1569 4163 1691 4218 cap.
1739 4146 1793 4212 5,
1833 4149 1933 4203 lib.
1967 4144 2047 4202 v.‘
2129 4141 2369 4231 Immitis,
2393 4151 2609 4231 profert
2635 4160 2692 4206 et
2714 4152 3120 4223 interpretatur
3157 4154 3449 4223 Caeterum,
3474 4154 3614 4227 quasi
3650 4169 3676 4209 a

444 4234 753 4300 “emolitus
791 4246 1030 4315 primum
1064 4244 1217 4308 vitia,
1253 4259 1378 4298 mox
1422 4241 1778 4313 progreditur
1805 4241 1873 4296 ad
1916 4242 2027 4294 vir-
2126 4228 2426 4309 schamain,
2448 4228 2596 4310 cmli,
2643 4253 2886 4316 etymum
2922 4248 3192 4303 sortiatur
3220 4234 3380 4323 :curn
3415 4248 3675 4306 Sundmitis

445 4343 624 4393 tutum
664 4336 1155 4392 substructionem.
1188 4333 1294 4390 Sed
1334 4341 1397 4403 et
1432 4336 1540 4388 hoc
1581 4331 1662 4386 illi
1695 4337 2065 4403 perpetuum'
2129 4334 2200 4389 sit
2253 4334 2551 4390 dicendum
2626 4352 2655 4391 a
2717 4335 2868 4392 Suna
2927 4339 3167 4407 oppedo,
3216 4350 3416 4411 nempe
3464 4341 3675 4410 Abysay,‘

442 4439 547 4486 est.
596 4431 814 4486 Nullam
850 4447 958 4485 non
991 4432 1184 4486 harum
1212 4429 1315 4484 150
1335 4427 1705 4483 llomiliarum
1730 4427 1852 4481 ﬁnit
1881 4426 2031 4482 desi-t

445 4536 585 4577 nens
617 4523 699 4585 ei;
744 4522 838 4575 τοῦ
895 4523 1030 4575 Θεοῦ
1083 4520 1417 4590 δοξολογίαν.
1443 4520 1512 4575 Ει
1548 4519 1773 4591 quidem
1812 4520 1933 4575 huic
1958 4519 2028 4575 de

445 4627 634 4682 opere.
656 4612 737 4666 Ad
772 4614 993 4668 tertium
1024 4611 1332 4667 ﬂectendus
1355 4612 1489 4667 mihi
1519 4620 1601 4666 est
1634 4598 1899 4667 calamus.
1928 4600 2030 4667 llic

446 4704 583 4759 mihi
613 4720 739 4759 cum
765 4705 956 4774 primis
977 4703 1411 4759 commonendus
1429 4703 1638 4769 videre,
1660 4704 1854 4768 lector,
1872 4710 1935 4757 ut
1960 4718 2030 4758 ne

448 4812 855 4867 prmproperam
886 4795 1033 4850 feras
1071 4794 1402 4849 sententiam
1427 4795 1473 4849 si
1504 4794 1635 4861 quid
1664 4795 1810 4849 inter
1838 4796 2029 4865 legen-

449 4886 579 4942 dum
609 4903 666 4941 se
698 4886 893 4942 oll'eret
920 4887 1031 4942 tuis
1067 4885 1299 4940 auribus
1353 4885 1617 4950 insolens,
1650 4876 1795 4954 quod
1823 4884 1878 4939 in
1907 4900 2032 4954 spe-

449 4980 589 5036 ciem
631 4978 886 5049 praeferet
910 4986 1096 5033 notam
1121 4977 1354 5033 curiosa:
1386 4977 1671 5032 novitatis.
1698 4976 1907 5031 Habuit
1939 4977 2032 5032 hic

448 5076 575 5147 pius
605 5092 730 5132 cum
789 5090 989 5146 magno
1023 5074 1325 5130 Athanasio
1373 5056 1665 5129 commune
1712 5072 1848 5127 illud
1888 5068 2032 5126 διδα-

448 5168 672 5221 κτικόν·
726 5183 900 5238 genus
944 5168 1135 5237 utique
1194 5164 1434 5221 docendi
1483 5164 1736 5235 pressum
1781 5166 2029 5219 ctastri-

448 5267 620 5323 ctum,
659 5258 728 5313 ab
764 5259 912 5313 omni
949 5258 1319 5315 ostentatione
1342 5269 1398 5313 et
1426 5258 1774 5313 ail‘ectatione
1805 5272 2059 5336 prorsus~

448 5352 778 5408 abhorrens.
818 5353 925 5408 Sex
963 5359 1332 5407 occurrerunt
1380 5365 1445 5404 ex
1492 5350 1747 5405 versione
1799 5357 1856 5403 et
1892 5348 2031 5403 releo

2128 4427 2439 4505 Σᾶραφθια,
2469 4428 2620 4481 hom.
2656 4427 2757 4493 20,
2812 4444 2912 4500 pro
2945 4428 3249 4501 Sareptana
3298 4433 3488 4499 vidua;
3513 4432 3674 4486 lotlior

2129 4532 2232 4587 pro
2275 4517 2479 4573 Jethro.
2509 4518 2720 4574 Similia
2751 4520 2954 4589 passim
2999 4521 3142 4591 apud
3172 4521 3604 4596 Chrysostomum
3629 4526 3676 4573 et

2128 4608 2532 4663 Nazianzenum
2559 4625 2573 4674 ;
2607 4607 2756 4663 hom.
2778 4610 2864 4675 Ἠ,
2887 4609 3150 4677 Nabaliae,
3169 4628 3272 4681 pro
3299 4613 3499 4667 Nabotli
3521 4627 3539 4664 :
3560 4615 3677 4664 utet

2130 4698 2800 4765 Ba‘silius':QuiNabut1ie
2836 4686 3179 4757 Jesraelitam
3226 4696 3675 4775 perdiditi‘Mnne

2129 4793 2343 4846 Aahaaz
2386 4793 2648 4864 cupiditas
2690 4793 2897 4848 vincte?
2932 4794 3076 4862 Quin
3099 4778 3155 4849 et
3186 4793 3674 4860 Ambrosius,Gr:e-

2132 4873 2337 4938 canicaa
2365 4883 2627 4941 dictionis
2666 4886 2922 4954 aemulus,
2954 4887 3163 4943 librum
3197 4889 3417 4959 scripsit
3444 4886 3518 4941 De
3544 4885 3672 4939 vinea

2130 4973 2393 5029 Nabuthe.
2421 4972 2626 5055 Florum
2649 4978 2885 5048 gratiam
2903 4978 3144 5035 arbitror
3167 4996 3266 5036 nos
3286 4962 3483 5036 debere
3505 4990 3674 5033 secun-

2133 5067 2264 5121 dum
2300 5058 2472 5143 Deum
2521 5069 2615 5123 uni
2668 5066 3022 5142 Hieronymo.
3071 5072 3335 5139 Quartum
3366 5079 3463 5135 est,
3491 5074 3542 5123 in
3572 5080 3671 5121 am-

2135 5158 2446 5230 plificandis
2469 5160 2773 5216 virtutibus
2805 5173 2863 5218 et
2885 5165 3279 5234 exaggerandis
3310 5163 3453 5239 vitiis
3484 5153 3675 5222 censeri

2134 5252 2337 5321 poterit
2388 5251 2718 5308 immodicus
2757 5270 2770 5305 :
2812 5253 2909 5308 sed
2946 5266 3005 5310 et
3046 5254 3152 5310 hoc
3180 5255 3254 5310 illi
3303 5263 3577 5309 commune
3603 5247 3674 5299 est

2134 5359 2258 5398 cum
2278 5346 2480 5401 veteris
2510 5345 2773 5401 Ecclesia:
2796 5345 3141 5414 doctoribus,
3177 5345 3473 5419 praesertim
3493 5341 3675 5397 Joanne

448 5443 655 5509 ctione,
687 5458 809 5513 quae
848 5443 1038 5497 rudem
1076 5441 1274 5511 linguae
1314 5439 1640 5496 ϐιωθειηὶαέ
1665 5450 1721 5494 et
1742 5435 2034 5493 crassioris
2063 5406 2108 5462 θ
2136 5437 2549 5508 Cbrysostomo.
2578 5436 2927 5494 Crediderim
2953 5437 3284 5497 Antiochum
3305 5454 3336 5492 a
3358 5448 3521 5507 puero
3542 5441 3675 5489 exer-

448 5533 640 5603 judicii
690 5537 956 5591 lectorem
1014 5534 1297 5589 offendere
1341 5541 1586 5603 possent.
1618 5530 1863 5584 Primum
1895 5538 1981 5584 est
2013 5547 2027 5583 :

461 5622 731 5682 lntercisze
766 5628 993 5699 aliquot,
1025 5626 1328 5700 prudentes
1370 5635 1426 5681 et
1461 5624 1786 5680 inabsolutre
1819 5638 1877 5679 se
1927 5624 2031 5678 ob-

2140 5530 2319 5587 cuisse
2354 5530 2634 5601 ingenium
2680 5530 2736 5585 in
2772 5530 3085 5587 scribendis
3133 5527 3487 5601 Panegyricis,
3516 5523 3672 5579 Enco-

2143 5622 2407 5677 miasticis
2427 5632 2482 5677 et
2522 5622 2856 5687 Epidccticis
2900 5624 3259 5680 orationibus.
3294 5621 3539 5689 Quintum
3568 5618 3669 5667 est:
