4020 6146
331 335 464 398 15,17

339 445 515 517 negari
538 458 646 498 non
675 449 848 510 potest
899 437 1024 508 quin
1075 414 1292 485 alicubi
1342 431 1524 499 lapsus
1575 427 1646 480 sit
1707 436 1915 477 mcmoo

341 516 456 594 ria:
483 545 542 591 ut
562 550 688 589 cum
719 535 866 587 hom.
891 531 976 593 '18,
1003 542 1104 598 pro
1140 517 1420 585 llabacuc,
1460 519 1670 574 inducit
1696 516 1912 586 Sopho-

342 634 520 693 niam;
554 642 653 697 pro
688 623 946 679 Malacbia
979 620 1294 680 Michteam;
1331 613 1434 669 sub
1463 611 1627 665 finem
1666 607 1786 671 107,
1815 621 1914 675 pro

344 719 722 777 Ecelesiastico
781 717 983 769 iterum
1009 707 1365 781 Sophoniam.
1392 705 1498 761 Sed
1537 705 1653 757 haec
1683 700 1917 756 levicula

345 810 667 867 ascribenda
720 803 1045 862 amanuensi
1105 801 1302 856 scribae
1353 805 1409 853 et
1461 793 1766 864 exceptori,
1828 791 1917 845 cui

348 906 534 959 forsan
551 903 619 956 de
643 899 911 954 memoria
932 895 1196 952 dictabat.
1223 893 1486 962 Superest
1509 897 1747 949 sextum,
1773 883 1921 954 quod

351 1006 412 1054 ut
438 997 561 1066 plus
583 993 749 1048 habet
781 989 995 1046 caeteris
1013 987 1301 1052 momenti,
1319 998 1493 1054 eoque
1514 982 1636 1051 plus
1653 977 1883 1050 periculi
1906 994 1919 1029 :

354 1094 428 1146 ita
458 1089 604 1145 etde
632 1088 738 1142 hoc
770 1084 907 1140 mihi
950 1081 1333 1138 disserendum
1363 1087 1446 1133 est
1468 1075 1790 1132 consultius.
1825 1071 1924 1128 Ubi

354 1181 501 1236 enim
537 1179 710 1248 majus
748 1176 984 1230 vertitur
1016 1172 1342 1243 periculum,
1376 1169 1450 1223 ibi
1472 1167 1642 1238 magis
1677 1173 1766 1220 est
1794 1179 1927 1218 con-

358 1269 649 1325 sulendum
684 1284 696 1319 :
729 1267 768 1320 l.
791 1265 848 1320 fl”.
893 1265 958 1318 14
983 1264 1056 1317 De
1090 1259 1437 1316 Carboniano
1459 1257 1663 1320 edicto,
1698 1254 1796 1316 1.1,
1827 1251 1926 1322 ξε.

361 1363 473 1418 Nec
509 1361 656 1415 enim
699 1354 1158 1428 praecipitandum
1207 1360 1294 1406 est
1342 1349 1656 1411 consilium,
1712 1343 1932 1414 quando

364 1466 452 1504 res
486 1451 603 1520 ipsa
633 1447 804 1516 exigit
836 1451 895 1498 ut
924 1442 1194 1497 maturius
1242 1454 1485 1509 agamus,
1517 1437 1644 1491 dist.
1680 1435 1748 1490 50
1789 1433 1932 1487 Pon-

367 1543 528 1595 deret.
553 1539 767 1594 Dixeris
786 1555 798 1591 :
817 1535 958 1602 Quid
986 1532 1120 1588 illud
1144 1531 1263 1586 est?
1286 1529 1480 1584 Paucis
1502 1528 1706 1596 accipe.
1735 1525 1935 1591 Quanti

369 1633 534 1689 fuerit
562 1629 794 1700 periculi
821 1643 920 1697 per
942 1640 1133 1699 omnes
1172 1621 1419 1676 omnium
1458 1627 1682 1674 aetatum
1716 1615 1935 1688 gradus,

371 1725 616 1792 abusque
648 1720 806 1774 initio
848 1716 1201 1788 primogeniae
1244 1725 1300 1768 et
1350 1714 1591 1782 primum
1641 1708 1941 1764 exorientis

1459 318 1630 378 θοι).
1688 305 2136 374 TILMANNUS
2188 299 2533 364 LECTORI.

1945 428 1989 482 Α
2020 392 2325 486 ips'o‘aditu
2357 412 2476 482 ejus
2507 422 2628 477 qua:
2683 403 2750 458 de
2785 400 2888 456 fide
2915 403 3298 462 est,.actutum
3342 392 3583 462 impegit-

3458 279 3588 342 1418

2020 481 2187 564 hecto
2218 481 2486 574 siquidem
2518 501 2640 553 loco
2669 515 2681 549 :
2715 494 2867 548 Fides
2896 492 3032 545 enim
3054 491 3110 542 in
3135 484 3384 540 swculum
3411 481 3586 543 stabit,

2017 599 2364 671 apprehenso
2399 593 2678 648 mordicus
2703 588 2859 642 labro
2881 584 3144 637 inferiore
3171 577 3414 633 restabat
3437 573 3590 646 quasi

2019 667 2329 750 iri—salebra
2357 689 2620 742 haereret.
2649 683 2770 737 Mox
2793 677 3021 757 subiicit
3047 693 3059 727 :
3093 695 3110 726 ι
3136 673 3237 728 llic
3263 672 3420 726 locus
3453 667 3598 738 sapit

2021 785 2312 848 hmresim;
2355 788 2508 834 certo
2556 774 2652 829 tibi
2701 769 2971 843 persuade
3005 780 3290 835 nunquam
3330 761 3601 835 admissu-

2023 895 2115 933 ros
2143 891 2263 931 esse
2283 889 2409 929 eum
2444 869 2747 937 theologos,
2769 878 2909 932 quos
2939 874 3110 930 penes
3137 856 3325 911 libella
3350 852 3603 909 consistit

2021 968 2155 1039 justi
2179 963 2446 1020 examinis
2479 979 2491 1013 :
2521 955 2882 1029 quamobrem
2917 968 2946 1006 e
2981 966 3038 1003 re
3069 960 3161 1002 tua
3193 945 3360 1001 fuerit
3392 944 3602 1014 tibique

2027 1037 2303 1118 consules,
2339 1054 2385 1109 si
2419 1053 2585 1107 ducta
2611 1049 2774 1102 litura
2826 1040 3190 1098 interl‘everis.
3236 1057 3254 1090 ι
3295 1037 3432 1092 Huic
3457 1051 3600 1106 ego:

2037 1171 2054 1204 ι
2080 1149 2397 1220 Apostolum
2417 1145 2530 1200 scio
2553 1139 2850 1212 apostoliee
2877 1135 3162 1205 scripsisse
3193 1132 3354 1187 ﬁdem
3383 1141 3437 1186 et
3454 1145 3606 1200 spem

2031 1259 2276 1304 casuras,
2332 1237 2656 1293 eharitatem
2692 1249 2825 1288 vero
2869 1239 3134 1287 mternum
3187 1233 3603 1281 constaturam:

2034 1335 2167 1397 imo,
2207 1330 2344 1385 nulli
2393 1325 2719 1398 explicabile
2747 1324 3144 1377 incrementum
3174 1326 3525 1386 accepturam
3555 1314 3610 1368 iu

2035 1425 2230 1496 patria,
2252 1424 2407 1494 juxta
2435 1419 2585 1475 lsaizn
2613 1416 2897 1470 oraculum
2949 1410 3182 1466 dicentis
3220 1427 3232 1462 :
3267 1408 3398 1462 Vivit
3429 1406 3613 1460 Domi-

2038 1533 2135 1570 nus
2179 1516 2330 1586 cujus
2387 1513 2522 1583 ignis
2581 1513 2637 1564 in
2680 1507 2829 1572 Sion,
2858 1516 2905 1559 et
2940 1504 3195 1557 .caminus
3230 1502 3284 1553 in
3322 1497 3618 1554 Jerusalem

2041 1612 2178 1681 (Isa.
2214 1608 2474 1674 xxxt,9).
2513 1605 2667 1660 Fidei
2689 1603 2845 1658 enim
2904 1608 3058 1655 actus
3105 1607 3190 1652 est
3251 1595 3329 1650 rei
3373 1593 3617 1648 nondum

2041 1705 2206 1768 visae;
2247 1700 2387 1770 spei,
2432 1697 2681 1752 nondum
2715 1693 2938 1748 habitas.
2979 1691 3339 1758 Consequens
3371 1700 3503 1741 sane
3545 1685 3622 1740 sit

373 1775 630 1870 Ecclesiae
665 1775 881 1880 quidvis
916 1809 968 1862 in
999 1775 1248 1877 apricum
1287 1775 1611 1873 depromere
1645 1817 1674 1856 e
1695 1799 1941 1868 locuple-
1975 1775 2015 1828 Β
2049 1793 2194 1865 quod
2219 1807 2342 1846 cum
2371 1789 2652 1845 videbitur
2666 1785 2826 1841 sicuti
2857 1792 2942 1839 est
2969 1790 3024 1838 et
3050 1781 3366 1844 habebitur,
3387 1792 3620 1832 evacua-

375 1905 586 1960 tissimo
620 1918 763 1972 penu
796 1899 1144 1968 eloquiorum
1183 1897 1518 1957 divinorum,
1545 1892 1736 1948 testari
1770 1891 1946 1944 abun-

375 1997 445 2051 de
479 2002 659 2064 potest
685 2007 826 2047 unus
856 1991 948 2044 ille
977 1988 1302 2044 Christianae
1332 1985 1613 2055 religionis
1642 1981 1946 2038 acerrimus

376 2095 750 2158 propugnator
805 2083 1104 2154 Gregorius
1145 2080 1542 2138 Nazianzenus.
1583 2091 1693 2146 quo
1747 2089 1950 2144 praece-

377 2187 536 2250 ptore
586 2187 773 2232 noster
810 2175 1176 2246 Hieronymus
1227 2170 1452 2242 gloriari
1501 2184 1612 2223 non
1663 2181 1774 2221 uno
1826 2167 1948 2221 loco

381 2271 541 2323 solet.
569 2268 628 2321 In
656 2264 1008 2335 Apologetico
1030 2262 1234 2318 ctenim
1261 2274 1362 2315 suo
1385 2259 1547 2312 docet
1573 2257 1627 2311 id
1656 2254 1948 2326 perspicue

385 2359 584 2429 triplici
607 2373 675 2412 ex
705 2356 869 2410 modo
898 2354 1054 2416 oriri,
1083 2369 1114 2408 e
1141 2368 1330 2416 sensu,
1355 2366 1385 2406 c
1425 2364 1700 2411 sermone,
1736 2361 1800 2401 ex
1831 2346 1951 2416 ipso

384 2452 602 2506 auditu.
647 2453 718 2504 At
763 2454 970 2518 quanto
1015 2455 1102 2500 est
1144 2443 1308 2498 hodie
1355 2443 1485 2496 aleae
1537 2437 1952 2510 periculosioris

386 2541 630 2596 scribere
660 2556 674 2592 :
716 2545 812 2592 aut
843 2535 990 2606 quod
1023 2536 1078 2589 in
1101 2533 1412 2602 antiquario
1437 2531 1698 2601 quopiam
1721 2529 1952 2583 doctore

386 2632 596 2687 editum
621 2632 731 2702 jam
767 2629 898 2683 olim
935 2629 1025 2692 sit,
1059 2629 1112 2681 in
1150 2626 1391 2680 alienam
1420 2621 1810 2677 transfundere
1847 2619 1956 2674 lin-

388 2719 568 2792 gnam,
604 2735 668 2774 ac
712 2718 944 2788 proinde
995 2717 1062 2772 ad
1115 2729 1461 2770 communem
1499 2712 1746 2766 omnium
1794 2725 1955 2764 nsunt

391 2811 535 2882 typis
593 2809 973 2871 committere,
1023 2805 1245 2876 quando
1321 2801 1594 2872 quidquid
1653 2799 1956 2870 quamlibet

386 2897 577 2954 'sancte
620 2896 826 2950 dixeris
861 2895 978 2964 rapi
1021 2894 1076 2948 id
1104 2893 1279 2948 soleat
1305 2892 1360 2946 in
1385 2891 1678 2961 pessimam
1708 2888 1959 2960 partem?

391 2988 437 3044 A
471 2986 832 3050 novatoribus
870 2985 993 3039 istis
1033 2991 1286 3038 veterum
1339 2983 1648 3043 haereseon,
1673 2978 1812 3032 nihil
1857 2993 1960 3032 ne-

393 3095 546 3135 cesse
581 3079 652 3133 sit
706 3085 768 3133 ut
813 3075 1042 3130 doceam
1078 3088 1243 3143 quam
1271 3072 1495 3142 oblique
1535 3069 1959 3125 cunctadetor-

395 3181 688 3240 queantur,
721 3166 939 3236 quando
967 3181 1078 3219 non
1105 3165 1290 3228 Petro,
1323 3177 1433 3217 non
1479 3161 1672 3217 Joanni
1707 3167 1960 3230 parcunt,

397 3277 505 3316 non
543 3260 728 3314 vivido
765 3261 844 3314 illi
875 3273 1081 3329 organo
1115 3257 1356 3327 Spiritus
1386 3255 1561 3311 sancti
1584 3254 1774 3316 Paulo,
1809 3267 1873 3307 ac
1898 3267 1967 3307 ne

397 3354 694 3424 Evangelio
719 3353 961 3422 quidem.
989 3351 1097 3406 Sed
1118 3361 1175 3406 et
1205 3352 1310 3406 hoc
1342 3349 1570 3414 malum,
1597 3347 1742 3417 quod
1767 3347 1834 3401 ad
1869 3361 1970 3400 nos

399 3447 616 3510 attinet,
669 3452 948 3513 utcunque
1019 3441 1304 3496 tolerabile
1352 3441 1530 3495 videri
1585 3439 1778 3509 possit.
1831 3437 1969 3493 Cum

399 3539 547 3593 enim
577 3538 690 3590 sint
724 3534 1078 3597 insanabiles,
1109 3533 1377 3603 praecipiti
1429 3532 1555 3602 fuga
1603 3528 1970 3601 praevertendi

401 3629 653 3690 veniunt,
691 3627 846 3695 juxta
882 3625 1036 3680 Pauli
1061 3625 1392 3685 doctrinam,
1424 3632 1480 3677 et
1508 3622 1688 3677 modis
1713 3621 1971 3675 omnibus

403 3719 636 3776 vitandi.
673 3719 838 3789 Major
867 3734 1058 3798 eorum
1083 3734 1226 3772 cura
1287 3725 1394 3782 est,
1456 3718 1550 3786 qui
1602 3718 1814 3786 privata
1863 3733 1974 3771 non

405 3816 536 3868 item
563 3811 781 3882 publica
810 3809 1140 3865 auctoritate
1168 3824 1370 3864 nomen
1395 3809 1499 3864 sibi
1541 3817 1766 3864 sumunt
1803 3809 1973 3863 theo-

392 3905 672 3975 logorum,
711 3902 805 3972 qui
869 3901 1106 3955 frontem
1162 3901 1367 3956 habent
1407 3909 1518 3955 tam
1562 3900 1852 3955 etfrontem
1912 3916 1976 3956 ac

405 3995 765 4066 pnefractam,
797 4002 850 4047 et
887 4009 956 4048 eo
1005 3993 1328 4048 reciderunt
1366 3993 1694 4047 temeritatis
1728 4001 1788 4047 ut
1818 3993 1974 4064 quasi

404 4088 626 4159 quidam
647 4086 948 4142 Aristarchi
969 4102 1160 4140 eorum
1191 4085 1296 4140 sibi
1328 4085 1608 4140 vindicent
1638 4086 1976 4140 functionem

404 4182 782 4250 theologorum
811 4194 948 4249 quos
987 4193 1161 4248 penes
1205 4178 1563 4232 honorarium
1606 4178 1810 4248 pendet
1830 4177 1978 4249 judi-

403 4278 550 4334 cium
605 4275 950 4346 expendendi
1013 4274 1348 4344 Scripturas,
1392 4291 1524 4328 num
1575 4274 1835 4345 legitimae
1868 4274 1978 4328 sint

404 4376 656 4431 monetze,
690 4383 758 4421 an
797 4365 1126 4419 adulterina:
1157 4374 1252 4419 aut
1284 4363 1669 4434 supposititiae.
1693 4361 1976 4434 Ejusmodi

2051 1884 2202 1941 bitur
2234 1882 2382 1954 quod
2441 1891 2739 1949 utrumque
2779 1894 2846 1932 ex
2881 1883 3033 1946 parte
3069 1881 3172 1939 est,
3208 1881 3265 1926 et
3307 1870 3625 1942 perficietur

2053 1977 2200 2049 quod
2228 1986 2314 2032 est
2341 1975 2565 2030 fabricae
2586 1970 2893 2042 spiritualis
2926 1983 3062 2039 apex
3089 1978 3144 2020 ct
3174 1965 3502 2035 fastigium.»
3533 1963 3630 2018 Est

2056 2069 2416 2124 nihilominus
2477 2065 2748 2121 catholica
2801 2064 2916 2117 haec
2979 2059 3286 2131 propositio
3313 2056 3506 2110 :‘Fides
3573 2055 3630 2108 in

2056 2157 2307 2212 sarculum
2335 2156 2514 2210 stabit.
2546 2155 2702 2222 Quod
2731 2160 2816 2208 est
2864 2150 3111 2206 Hebraeis
3145 2133 3268 2209 ὡς),
3289 2147 3394 2200 hoc
3428 2144 3632 2200 Graecis

2058 2250 2210 2316 αἰών,
2245 2250 2406 2304 nobis
2438 2248 2706 2312 sarculum,
2740 2260 2845 2300 vox
2867 2243 3066 2313 cuique
3103 2241 3302 2311 lingua:
3332 2238 3630 2308 polysema,

2059 2341 2292 2396 testibus
2325 2339 2656 2410 Hieronymo
2690 2339 2746 2392 in
2779 2336 3078 2407 prophetas
3112 2341 3168 2388 et
3191 2333 3402 2387 Joanne
3439 2330 3637 2383 Dama-

2061 2446 2247 2495 sceno,
2277 2446 2396 2500 cap.
2436 2431 2460 2484 1
2492 2429 2622 2483 libri
2652 2445 2713 2490 ιι,
2740 2442 2892 2482 nunc
2926 2424 3168 2480 hominis
3222 2429 3460 2485 atatem,
3488 2434 3638 2474 nunc

2062 2524 2247 2579 seculi
2283 2524 2469 2586 finem,
2500 2529 2563 2576 ut
2590 2520 2696 2575 hoc
2745 2518 2890 2583 loco,
2941 2518 3139 2586 signat.
3189 2514 3296 2571 Sed
3343 2521 3400 2567 et
3455 2512 3638 2565 locutu

2063 2615 2248 2670 indico
2281 2614 2429 2668 unde
2470 2611 2810 2684 przescriptis
2856 2609 3043 2664 verbis
3083 2607 3135 2661 id
3176 2608 3391 2660 axioma
3420 2604 3640 2658 desum-

2063 2718 2218 2779 ptum
2255 2707 2344 2772 sit,
2378 2719 2578 2774 nempe
2634 2717 2663 2758 e
2693 2719 2758 2756 xt.
2794 2717 2913 2770 cap.
2956 2699 3168 2754 Ecclcs.
3212 2697 3368 2750 Tune
3399 2695 3640 2766 primum

2064 2802 2133 2856 ab
2164 2816 2229 2856 eo
2268 2799 2590 2869 scrupulum
2626 2795 2773 2849 hunc
2807 2792 3045 2847 excussi.
3085 2791 3274 2859 Neque
3319 2789 3424 2842 hoc
3477 2785 3642 2841 velint

2064 2896 2345 2950 existimes
2372 2907 2438 2946 eo
2477 2907 2508 2945 a
2548 2905 2633 2943 me
2663 2873 2894 2948 dictum,
2920 2885 3063 2955 quod
3092 2883 3345 2937 damnem
3376 2881 3437 2935 D.
3483 2879 3646 2933 theoa

2066 2989 2315 3060 logorum
2349 2985 2471 3054 pios
2492 2982 2712 3037 labores
2739 2979 2792 3033 in
2817 2973 3169 3047 explorandis
3189 2971 3492 3043 Scripturis
3513 2965 3644 3024 nuni

2068 3076 2323 3147 legitima:
2362 3076 2472 3130 sint
2517 3083 2573 3128 et
2637 3072 2847 3126 lectore
2893 3067 3210 3123 Christiano
3253 3065 3452 3135 dignm.
3501 3061 3645 3129 Quin

2069 3169 2204 3223 adeo
2221 3183 2328 3222 non
2353 3167 2574 3229 damno,
2607 3173 2667 3218 ut
2692 3163 2856 3217 etiam
2902 3159 3118 3215 tuenda:
3149 3157 3276 3212 fidei
3307 3154 3645 3217 orthodoxm,

2068 3271 2194 3317 ante
2254 3257 2794 3314 senatusconsultum
2824 3255 2878 3308 in
2921 3254 3063 3306 hanc
3113 3265 3228 3305 rem
3275 3247 3544 3303 sancitum
3595 3254 3647 3299 et

2069 3353 2299 3419 editum,
2354 3350 2666 3406 necessario
2737 3346 3050 3402 censuerim
3087 3357 3306 3412 semper
3355 3350 3410 3395 et
3457 3339 3648 3393 eadem

2072 3448 2308 3510 ratione,
2361 3444 2507 3514 vulgi
2562 3452 2726 3512 atque
2785 3439 3224 3494 Luthcranorum
3295 3431 3649 3502 negligendos

2072 3536 2431 3606 contemptim
2466 3533 2837 3594 rumusculos,
2872 3526 3198 3600 pervicacia:
3237 3533 3450 3578 tantum
3481 3530 3538 3578 et
3569 3532 3649 3576 te-

2074 3627 2344 3682 meritatis
2368 3625 2685 3680 Dathanicaz
2719 3631 2775 3678 et
2805 3620 3116 3676 Abironica:
3144 3631 3405 3689 perquam
3435 3617 3646 3687 plenos.

2075 3722 2151 3776 De
2202 3735 2305 3775 suo
2352 3716 2574 3788 opificio
2628 3714 2952 3785 pronuntiat
2999 3710 3180 3781 quivis
3235 3707 3438 3779 opifex,
3473 3717 3648 3770 sutor,

2076 3823 2272 3880 sartor,
2309 3812 2570 3882 piscator,
2598 3809 2801 3879 pellio;
2837 3807 2904 3862 de
2938 3803 3248 3874 theologica
3291 3817 3372 3866 re,
3404 3802 3650 3856 omnium

2076 3923 2198 3977 quae
2220 3905 2276 3959 in
2301 3904 2465 3959 terris
2487 3909 2614 3957 sunt
2638 3891 3047 3971 augustissima,
3073 3896 3175 3951 soli
3206 3897 3296 3950 isti
3330 3895 3451 3965 ejus
3474 3893 3644 3948 rudis.

2077 3997 2202 4054 simi
2241 3996 2544 4052 censebunt
2575 3993 2822 4064 opifices,
2856 3992 2951 4046 uni
3001 3991 3254 4060 theologo
3321 4004 3432 4042 non
3462 3987 3652 4042 licebit

2078 4092 2134 4146 in
2166 4101 2382 4147 suomet
2415 4105 2608 4160 campo
2635 4088 3035 4161 pronuntiare?
3067 4086 3129 4141 Et
3158 4086 3273 4141 hate
3314 4093 3420 4142 tam
3463 4085 3652 4142 multis

2077 4184 2246 4239 libuit
2268 4183 2538 4247 scribere,
2565 4191 2626 4237 ut
2659 4183 2937 4250 intelligas
2978 4181 3034 4236 in
3081 4179 3306 4250 quantis
3329 4177 3651 4250 bodiegvcr-

2079 4284 2232 4331 setur
2279 4275 2541 4346 periculis
2597 4274 2847 4344 quisquis
2899 4272 3113 4328 scribit.
3145 4271 3228 4326 Ad
3280 4286 3344 4325 ea
3393 4279 3449 4325 et
3482 4285 3653 4340 pauca

2078 4367 2262 4433 venio,
2292 4382 2414 4437 quae
2445 4366 2698 4420 nonnihil
2726 4364 3204 4421 desiderantlucis
3231 4379 3339 4435 qua
3369 4363 3654 4417 illustren-

401 4457 736 4531 prreproperi
784 4456 922 4512 adeo
962 4465 1090 4510 sunt
1131 4466 1184 4511 et
1218 4455 1519 4525 przecipitis
1555 4454 1776 4525 judicii,
1809 4461 1870 4508 ut
1905 4454 1972 4509 de
2009 4464 2048 4518 D
2080 4466 2170 4512 tur
2209 4467 2265 4514 et
2319 4459 2731 4529 splendescant,
2765 4468 2822 4513 et
2852 4458 3002 4521 lucc,
3030 4457 3280 4528 inquam,
3323 4455 3654 4527 paucissima

402 4551 600 4620 quovis
651 4550 896 4603 nondum
957 4557 1168 4602 mature
1220 4547 1362 4602 lecto
1419 4562 1646 4601 censere
1696 4546 1880 4600 ausint
1913 4561 1975 4601 ac

403 4657 598 4713 magna
639 4657 765 4696 eum
816 4642 1073 4695 libertate
1103 4639 1484 4709 pronuntiare.
1516 4637 1739 4693 Liberet
1767 4639 1976 4693 dictum

405 4744 508 4789 noc
539 4749 721 4788 meum
752 4733 962 4802 duplici
989 4733 1370 4802 experimento
1400 4731 1747 4796 conﬁrmare,
1784 4740 1844 4785 ut
1877 4730 1970 4785 ad-

406 4825 650 4878 monitus
704 4825 878 4878 lector
910 4823 975 4895 (si
1027 4825 1152 4894 quis
1218 4824 1434 4878 tandem
1493 4825 1794 4894 continget)
1857 4822 1978 4893 pios

399 4915 552 4984 juxta
608 4928 671 4968 ac
723 4914 916 4968 doctos
968 4930 1077 4968 non
1116 4914 1245 4969 satis
1267 4930 1424 4984 aequo
1453 4914 1648 4984 judicii
1686 4913 1978 4968 libramine

402 5021 674 5073 expenses
727 5007 1029 5075 prospiciat
1072 5022 1143 5061 ne
1180 5007 1405 5060 damnet
1439 5006 1700 5059 immeriti
1746 5006 1976 5072 erroris,

402 5094 505 5148 hac
534 5098 838 5163 praesertim
883 5104 1041 5150 :etatc
1071 5095 1220 5150 omni
1260 5096 1782 5166 tragmdio-graphia
1811 5113 1978 5166 supe-

402 5185 566 5238 riore.
586 5185 740 5250 Quod
768 5186 952 5255 priore
985 5187 1108 5240 loco
1139 5187 1231 5240 hic
1254 5186 1550 5240 dicendum
1572 5186 1769 5251 fuerat,
1799 5187 1977 5241 visum

401 5286 488 5330 est
551 5275 775 5331 differre.
817 5279 871 5332 in
924 5279 1359 5349 recognitionem
1419 5279 1609 5349 operis
1666 5279 1977 5348 imperfecti

403 5367 632 5423 Joannis
677 5368 1054 5440 Chrysostomi
1088 5371 1141 5424 in
1177 5371 1510 5425 Matthreum.
1539 5371 1656 5426 Jam
1698 5371 1763 5424 ad
1800 5371 1854 5426 id
1884 5371 1977 5426 de—

403 5459 612 5512 scendo
645 5461 792 5529 quod
835 5477 922 5515 me
956 5463 1185 5532 propius
1217 5469 1398 5532 urget.
1446 5461 1611 5516 Initio
1647 5462 1832 5517 statim
1868 5463 1980 5534 pri-

403 5567 545 5605 mam
582 5553 988 5622 αὑτοσχεδίασιν
1016 5555 1106 5608 vix
1137 5570 1374 5620 versam,
1422 5555 1660 5609 amiculo
1724 5555 1848 5610 dedi
1898 5556 1977 5610 lc—

403 5642 657 5710 gendam,
695 5643 857 5698 docto
900 5646 1148 5714 quidem,
1179 5646 1296 5711 sed,
1332 5655 1391 5700 ut
1431 5646 1612 5700 exitus
1650 5645 1860 5710 docuit,
1891 5663 1979 5700 ar-

405 5733 604 5802 gutiori
631 5751 797 5806 quam
846 5737 902 5789 in
953 5736 1272 5791 evolvendis
1309 5737 1501 5792 Bibliis
1529 5737 1886 5810 diligentiori.
1915 5739 1976 5794 In

643 5827 924 5909 ΡΑΤιιοι..
973 5831 1083 5891 Gtt.
1126 5827 1452 5894 LXXXIX.

2077 4550 2381 4618 conferam,
2413 4549 2865 4620 quandoquidem
2900 4559 3060 4619 urget
3112 4549 3331 4619 prelum
3354 4548 3655 4603 vehemen-

2079 4652 2183 4697 ter.
2218 4643 2398 4697 Locus
2426 4643 2517 4712 qui
2550 4657 2607 4697 se
2644 4642 2805 4696 offert
2845 4641 3279 4702 discutiendum,
3303 4641 3518 4710 primus
3563 4639 3657 4694 ille

2077 4745 2163 4790 est
2192 4736 2247 4789 in
2306 4736 2424 4806 ipso
2452 4736 2669 4807 Prologi
2707 4736 2982 4803 vestibulo
3012 4751 3043 4790 e
3070 4733 3314 4790 Canticis
3347 4733 3658 4788 Salomonis

2079 4823 2460 4894 depromptus,
2511 4841 2622 4894 quo
2655 4825 2827 4881 libros
2874 4825 3180 4890 Bibliorum
3231 4823 3464 4894 (eximite
3512 4823 3657 4878 inter

2079 4923 2309 4969 eaateros
2340 4916 2712 4984 auctoritatis)
2744 4916 3062 4986 parabolica
3100 4915 3394 4972 collatione
3441 4916 3657 4970 confert

2079 5005 2364 5076 sexaginta
2417 5006 2664 5076 reginis,
2721 5023 2845 5062 cum
2885 5008 3210 5076 neutiquam
3265 5005 3492 5060 totidem
3547 5005 3658 5060 sint

2078 5097 2230 5152 libri.
2264 5098 2537 5154 Czeterum
2591 5116 2702 5155 non
2751 5114 3043 5155 numerum
3095 5099 3185 5153 hic
3245 5097 3502 5160 attendit,
3559 5099 3656 5152 sed

2081 5182 2468 5248 auctoritatem
2527 5193 2642 5248 sive
2702 5193 3023 5263 dignitatem
3060 5209 3072 5244 :
3108 5189 3255 5260 quod
3308 5199 3394 5244 sat
3447 5197 3533 5244 est
3589 5191 3657 5243 ad

2080 5281 2406 5336 eliciendam
2453 5283 2740 5338 veritatem
2783 5278 3197 5346 'llomceoseos,
3235 5280 3396 5348 cujus
3444 5278 3658 5349 species

2081 5381 2196 5428 tres
2237 5383 2386 5437 sunt,
2426 5373 2610 5440 εἰκὼν,
2645 5376 2738 5428 καὶ
2795 5375 3166 5444 παράδειγμα,
3211 5373 3306 5425 καὶ
3346 5371 3657 5441 παραϐολή.

2082 5463 2286 5522 l-lomil.
2315 5465 2452 5531 26,
2511 5465 2661 5536 quod
2707 5467 2964 5521 hortatur
3010 5463 3348 5527 monachos,
3401 5461 3660 5518 manibus

2081 5564 2306 5612 strenue
2347 5566 2408 5611 ut
2457 5557 2745 5623 laborent;
2789 5557 2933 5611 idem
2964 5555 3329 5628 llicrouymus
3376 5554 3444 5610 ad
3470 5555 3659 5609 Rusti-

2081 5662 2228 5712 cum,
2263 5648 2595 5704 Benedictus
2638 5660 2693 5705 et
2719 5651 2924 5705 caeteri.
2959 5649 3158 5706 llouul.
3194 5649 3261 5704 49
3293 5655 3445 5703 arcet
3483 5646 3659 5702 Simo-

2080 5740 2272 5797 niacos
2327 5757 2358 5796 a
2415 5741 2643 5814 judicio,
2676 5759 2788 5800 non
2825 5744 3219 5815 qualicunque,
3241 5741 3340 5796 sed
3365 5749 3632 5814 usurpato

3266 5833 3340 5897 45
