4020 6146
445 279 583 344 1419
1708 265 2028 333 ANTIOCE

2130 272 2464 335 MONACHI
3533 270 3650 338 1420

442 397 548 461 rio,
573 392 882 465 suspicioso
908 401 966 448 et
993 389 1286 448 temerario
1314 427 1328 452 ,
1363 385 1598 441 maxime
1636 398 1666 438 a
1696 381 1908 455 judicio
1937 398 2023 439 re-
2051 390 2096 447 Α
2128 383 2207 438 De
2238 386 2429 455 spiritu
2465 393 2514 438 et
2558 386 2738 440 anima
2783 386 3135 454 exsequitur;
3175 384 3508 457 Hippocratis
3537 404 3656 458 quo-

441 485 788 559 probationis
813 483 964 556 quod
990 483 1165 540 solius
1185 489 1270 535 est
1294 479 1392 536 Dei
1428 497 1441 531 :
1464 492 1572 532 non
1599 477 1731 531 item
1763 476 2038 547 prohibet'
2126 494 2232 548 que
2257 479 2688 533 commentarius
2713 477 2990 534 fusissime
3021 480 3077 533 in
3101 478 3264 549 hujus
3288 479 3656 548 Apotelesmata

444 573 730 644 publicum
769 573 886 629 sive
910 571 1317 628 contentiosum
1353 569 1410 621 in
1454 567 1560 622 hoc
1595 565 1936 632 institutum,
1960 576 2023 622 ut
2125 569 2193 626 de
2231 570 2482 626 somniis.
2509 570 2781 641 Apathian
2815 572 3042 641 insuper
3063 571 3231 626 sumit
3255 586 3362 625 non
3390 588 3484 641 pro
3508 575 3659 630 omni-

443 675 766 736 protegatur
792 663 1133 726 innocentia,
1160 669 1218 715 ct
1244 660 1454 720 malitia
1494 660 1778 730 puniatur,
1802 661 1858 724 2,
1885 675 1941 730 q.
1969 659 2019 724 l,

444 757 575 823 Quae
621 757 927 811 Lotltarius.
981 754 1182 810 Homil.
1251 753 1355 818 63,
1414 751 1594 817 initio,
1619 751 1796 806 videri
1847 751 2022 821 possit

441 847 592 903 omni
618 862 847 918 prorsus
865 849 1186 918 iuramento
1236 843 1570 900 interdicere
1603 844 1843 899 voluisse
1864 843 2024 900 Chri-

441 940 656 1006 stianis,
711 940 1005 996 collatione
1061 939 1351 1009 utriusque
1401 938 1558 1008 legis,
1629 951 1757 992 cum
1812 936 2020 1006 alioqui

424 1035 816 1104 ,juramentum
867 1032 955 1089 sui
995 1039 1193 1086 natura
1247 1023 1452 1086 malum
1493 1030 1632 1085 adeo
1681 1032 1791 1084 n'on
1834 1029 1929 1095 sit,
1961 1037 2023 1084 ut

442 1134 602 1182 actus
643 1126 809 1182 etiam
857 1123 1034 1180 latriae
1066 1124 1160 1187 sit,
1197 1123 1382 1178 adsint
1415 1121 1579 1176 modo
1629 1130 1740 1176 tres
1766 1121 2018 1186 comites,

441 1216 669 1279 veritas,
697 1213 968 1285 judicium
1011 1220 1068 1268 et
1110 1212 1344 1283 juStitia,
1381 1220 1517 1266 teste
1556 1212 1620 1266 D.
1654 1211 1885 1264 Thoma.
1912 1210 2021 1265 Ve-

442 1326 564 1365 rum
593 1307 816 1379 quando
850 1306 975 1362 libri
1007 1306 1150 1377 juris
1184 1308 1473 1374 utriusque
1497 1303 1773 1358 fusissime
1796 1303 2019 1367 docent,

442 1401 646 1473 quibus
668 1400 737 1456 de
768 1399 952 1455 causis
983 1398 1148 1452 liceat
1193 1398 1403 1467 jurare,
1438 1395 1644 1464 quibus
1677 1409 1810 1459 non,
1837 1393 1934 1447 sed
1968 1403 2024 1447 et

441 1494 631 1550 schola
683 1491 1064 1561 theologorum
1107 1487 1218 1544 illis
1279 1486 1471 1542 eadem
1521 1485 1588 1547 de
1639 1500 1698 1539 re
1737 1484 2018 1540 concinit:

443 1585 576 1640 satis
601 1582 834 1638 videbor
871 1578 1070 1635 fecisse
1091 1579 1134 1632 si
1160 1577 1401 1632 docuero
1423 1574 1758 1629 Antiochum
1784 1572 2022 1627 voluisse

442 1688 475 1728 a
505 1671 741 1742 reproba
791 1666 1199 1724 consuetudine
1241 1662 1468 1737 iurandi
1520 1676 1751 1716 avocare
1799 1659 2020 1723 fratres,

2124 661 2280 717 moda
2338 663 2430 718 illa
2477 677 2604 734 erga
2655 662 2977 729 aﬂ'ecttones
3027 663 3144 718 sive
3193 663 3470 733 passiones
3511 667 3658 721 animi

2122 752 2509 808 immobilitate
2541 771 2554 806 :
2583 753 2676 824 qui
2724 769 2882 809 error
2923 755 3375 825 philosophorum
3405 765 3546 823 erat;
3577 757 3658 812 ad-

2122 860 2320 899 versus
2353 860 2516 914 quem
2557 844 2834 910 Laertius,
2894 846 3164 918 Diogenes
3209 855 3268 902 et
3321 848 3657 912 Plutarchus:

2123 952 2191 1006 ex
2239 935 2475 1000 Latinis,
2527 935 2700 990 Aulus
2749 935 2978 1002 Gellius,
3029 947 3254 1004 sanctus
3308 936 3659 1012 Hieronymus,

2122 1039 2285 1098 atque
2317 1027 2656 1098 Augustinus
2708 1027 2974 1082 adversus
3003 1028 3318 1099 Pelagium;
3349 1029 3440 1084 sed
3471 1047 3561 1101 pro
3584 1047 3662 1088 eu-

2124 1121 2354 1190 thymia,
2383 1119 2439 1173 id
2465 1128 2570 1183 est,
2597 1134 2699 1196 pro
2731 1128 2872 1174 statu
2904 1121 3196 1190 compositi
3221 1122 3408 1187 animi,
3459 1122 3662 1190 requieti

2123 1228 2186 1279 ac
2224 1212 2398 1267 sedati
2453 1211 2522 1266 ab
2571 1210 2897 1282 intemperie
2948 1213 3400 1278 tumultuantium
3444 1213 3662 1268 all‘ectio-

2123 1317 2295 1358 num:
2329 1302 2434 1356 hoc
2477 1311 2584 1366 est,
2633 1316 2734 1371 pro
2781 1302 3202 1372 tranquillitate.
3246 1303 3445 1358 Verum
3482 1319 3561 1358 me
3589 1303 3664 1357 hic

2124 1391 2333 1454 dicere,
2381 1391 2498 1459 ipse
2564 1389 2668 1444 sibi
2731 1389 2888 1444 testis
2947 1399 3032 1446 est
3076 1391 3329 1460 locuples
3379 1391 3476 1446 sub
3525 1390 3663 1446 linem

2124 1483 2316 1536 homil.
2345 1481 2432 1544 79,
2464 1496 2586 1551 qua:
2611 1481 2680 1536 de
2709 1497 2886 1552 agone
2917 1490 3022 1537 est.
3049 1481 3299 1551 Denique
3335 1481 3503 1536 videri
3532 1490 3664 1550 pote-

2124 1573 2199 1627 rit
2236 1572 2435 1630 alicubi
2490 1573 2678 1642 varius
2726 1571 2782 1625 in
2833 1573 3156 1641 acceptione
3220 1573 3536 1638 dictionum,
3566 1587 3668 1644 qua:

2125 1674 2318 1736 suapte
2353 1672 2550 1720 natura
2583 1664 2878 1736 polysemae
2905 1675 3051 1720 sunt.
3082 1665 3216 1720 Dum
3263 1673 3551 1720 occurrunt
3585 1680 3668 1735 po—

442 1781 582 1838 quos
603 1764 756 1820 nulla
787 1761 1017 1833 urgebat
1059 1756 1282 1830 jurand-i
1325 1753 1631 1810 necessitas
1658 1771 1670 1806 :
1694 1767 1859 1822 quam
1889 1766 2022 1805 con-
2052 1751 2095 1806 Β
2127 1759 2420 1814 tissimum.
2444 1756 2739 1811 Homiliam
2767 1756 3086 1812 vicesimam
3133 1757 3407 1816 inscribit.
3432 1758 3554 1826 Περὶ
3578 1774 3667 1809 σω.

441 1855 817 1921 suetudinem,
847 1867 1011 1918 nemo
1057 1851 1184 1922 pius
1232 1847 1328 1920 qui
1379 1861 1491 1901 non
1534 1852 1871 1900 exsecretur.
1907 1842 2024 1898 Hoc

441 1949 686 2006 voluisse
761 1945 1132 2012 Antiochum,
1219 1942 1456 1997 verbum
1542 1937 2018 2008 παρακελεύομαι,

443 2042 552 2098 hoc
575 2048 678 2107 est,
710 2038 1116 2110 προτρέπομαι,
1147 2033 1419 2096 adhortor,
1444 2031 1722 2094 admoneo,
1759 2029 1920 2084 facile
1940 2028 2028 2082 in-

444 2131 615 2188 dicat.
697 2129 936 2185 Proinde
997 2142 1096 2197 per
1165 2124 1465 2197 juramenti
1539 2138 1652 2176 non
1723 2120 2025 2176 necessarii

435 2221 904 2280 consuetudinem
940 2219 1044 2290 ipsi
1075 2217 1392 2288 experimur
1423 2222 1626 2285 quanta
1679 2213 2026 2285 proclivitate

445 2318 734 2386 rapiantur
767 2311 833 2366 ad
882 2311 1124 2381 periuria
1183 2308 1458 2372 homines,
1509 2315 1566 2360 et
1625 2303 2024 2374 blasphemiam

446 2407 771 2475 sacrilegam
802 2421 814 2455 :
843 2417 1013 2473 quare
1048 2402 1228 2455 locum
1277 2399 1370 2453 hic
1415 2397 1584 2452 habet
1631 2395 1778 2466 quod
1813 2393 2028 2448 inducit

445 2498 596 2552 Glos.
627 2497 682 2550 in
712 2493 868 2559 illud,
901 2491 1005 2546 Sed
1039 2493 1162 2563 quia
1205 2490 1466 2566 pejerare,
1495 2488 1586 2548 22,
1635 2501 1690 2557 q.
1725 2486 1776 2544 l.
1806 2500 1926 2554 cap.
1960 2483 2026 2538 In

445 2588 590 2642 Novo
622 2585 975 2640 Testamento.
1016 2583 1414 2650 Argumentum
1450 2586 1554 2638 est,
1580 2575 1742 2646 “quod
1773 2571 2026 2643 quando-

448 2694 556 2748 que
593 2674 922 2747 prohibetur
973 2670 1182 2742 aliquid
1223 2684 1333 2724 non
1368 2677 1596 2737 propter
1629 2682 1711 2732 se,
1750 2665 1848 2720 sed
1891 2679 2023 2734 pro-

447 2775 570 2836 pter
603 2763 736 2818 illud
783 2761 929 2830 quod
991 2759 1122 2814 inde
1185 2757 1343 2828 sequi
1396 2772 1505 2811 non
1547 2764 1747 2826 potest,
1777 2757 1938 2824 ll,q.
1969 2755 2022 2820 5,

446 2858 643 2918 Nolite,
671 2864 718 2912 et
757 2855 825 2909 27
857 2855 980 2907 dist.
1016 2851 1122 2907 Sed
1149 2860 1205 2907 et
1235 2849 1581 2907 Venerabilis
1619 2848 1764 2903 Beda
1795 2848 1851 2902 in
1889 2847 2024 2901 illud

449 2951 639 3006 Jacobi
675 2949 852 3003 :Ante
924 2946 1102 2999 omnia
1127 2983 1143 3011 ,
1209 2943 1401 3013 fratres
1437 2982 1452 3008 ,
1503 2950 1638 3007 etc.,
1675 2938 2028 2996 consuetudi-

449 3056 576 3095 nem
612 3038 871 3109 prohibet
900 3033 1142 3105 iurandi,
1179 3048 1247 3086 ne
1275 3049 1342 3087 ex
1366 3047 1430 3086 ea
1453 3030 1782 3085 deveniatur
1809 3030 1863 3083 in
1895 3044 2025 3099 per-

445 3130 676 3201 jurium.
708 3125 906 3182 Homil.
930 3124 1018 3187 84,
1037 3139 1158 3193 quae
1181 3130 1268 3178 est
1295 3122 1363 3177 de
1393 3121 1700 3186 insomniis,
1733 3120 1894 3176 tidem
1924 3135 2034 3174 non

2123 1851 2419 1922 φροσύνης,
2468 1864 2634 1919 quam
2685 1847 3102 1918 inscriptionem
3159 1849 3472 1908 vertendam
3514 1848 3666 1914 docet,

2122 1942 2205 1996 uti
2241 1941 2529 2005 vertimus,
2565 1938 2920 1993 subinduetio
2962 1938 3343 2008 exemplorum
3373 1956 3386 1992 :
3421 1937 3495 1992 De
3536 1938 3670 1991 casti-

2124 2040 2233 2087 tate
2269 2033 2385 2086 sive-
2435 2031 2713 2102 pudicitia.
2759 2029 2976 2085 lnducit
3020 2031 3170 2084 enim
3222 2031 3444 2102 Joseph,
3497 2030 3672 2085 Susan-

2123 2140 2270 2189 nam,
2300 2123 2702 2192 Sarephtanam
2763 2122 3009 2188 viduam,
3050 2122 3382 2193 Gregorium
3423 2123 3673 2177 Neocaesa-

2123 2216 2387 2282 riensem,
2416 2213 2640 2286 Cyrum,
2680 2213 2748 2269 de
2787 2229 2898 2284 quo
2928 2214 3073 2284 apud
3113 2214 3524 2285 Xenophontem
3553 2229 3672 2268 πηοί

2123 2322 2232 2376 que
2260 2306 2407 2360 enim
2447 2305 2807 2361 sobrietatem
2856 2315 2951 2360 aut
3000 2307 3303 2361 sanitatem
3359 2307 3545 2360 mentis
3584 2305 3672 2359 hoc

2123 2397 2246 2452 loco
2267 2397 2446 2452 solum
2487 2397 2715 2453 indicat.
2755 2395 2862 2451 Sed
2893 2405 2951 2453 et
2991 2397 3094 2452 sub
3121 2413 3248 2468 ejus
3273 2398 3507 2452 homilia:
3529 2396 3670 2458 linem

2122 2491 2306 2545 locum
2369 2488 2640 2544 inducens
2684 2505 2753 2544 ex
2793 2504 2915 2558 cap.
2947 2503 2985 2542 ..'
3036 2489 3106 2542 ad
3174 2489 3379 2556 Titum,
3411 2489 3672 2558 σωφρόνως

2124 2584 2218 2638 καὶ
2249 2583 2475 2646 δικαίως
2498 2584 2593 2636 καὶ
2621 2582 2885 2647 εὐσεεῶς,
2909 2582 2966 2636 ni
2996 2581 3159 2648 fallor
3191 2582 3477 2651 σωφρόνως
3507 2581 3670 2643 sumit,

2124 2691 2250 2746 pro,
2285 2685 2448 2739 caste,
2482 2675 2710 2745 pudice:
2736 2683 2796 2729 ut
2836 2674 2910 2728 sit
2944 2674 3227 2737 acoluthia
3252 2674 3559 2728 sententiae:
3587 2685 3672 2725 nos

2126 2777 2312 2823 tamen
2362 2767 2679 2839 religiosum
2727 2767 2988 2822 duximus
3017 2766 3238 2826 variare
3280 2763 3671 2821 ecclesiasticam

2125 2861 2441 2926 lectionem,
2465 2860 2833 2930 interpretati,
2861 2859 3031 2916 sobrie
3053 2865 3109 2914 et
3127 2860 3296 2927 juste.
3331 2856 3510 2912 Simile
3532 2853 3673 2924 quid-

2125 2954 2250 3008 dam
2308 2953 2366 3008 in
2409 2953 2634 3008 homilia
2693 2953 2793 3006 106
2829 2951 3140 3020 comperies
3171 2967 3185 3003 :
3217 2951 3381 3021 εὐχὴν
3420 2948 3554 3003 enim
3587 2959 3674 3014 pro

2134 3044 2388 3100 oratione
2426 3045 2519 3098 ubi
2568 3043 2836 3113 sumpsit;
2873 3042 2976 3097 sub
3011 3041 3180 3096 linem
3203 3041 3423 3097 videtur
3449 3054 3538 3110 pro
3564 3045 3674 3091 voto

2136 3135 2389 3204 accipere
2428 3153 2440 3188 :
2472 3133 2530 3190 Si
2555 3134 2775 3200 noueris,
2805 3141 2912 3188 etc.
2964 3130 3070 3187 Sed
3103 3147 3171 3186 ea
3202 3147 3309 3187 vox
3333 3147 3454 3186 cum
3485 3139 3674 3183 utrum-

451 3220 763 3302 habendam
811 3217 1100 3272 insomniis
1131 3216 1292 3271 docet
1318 3214 1937 3284 exemploluculenter;
1979 3212 2034 3268 id
2136 3243 2244 3299 que
2291 3228 2519 3294 indicet,
2569 3228 2727 3284 locus
2780 3237 2865 3283 εει
2919 3226 3287 3282 εχουεειίοηί,
3323 3225 3391 3280 1:;l
3436 3225 3675 3278 1,8053”

450 3328 585 3368 vero
607 3309 1058 3382 intelligendum,
1091 3307 1198 3362 nisi
1239 3306 1498 3362 discretio
1536 3305 1830 3374 Spirituum
1869 3303 2032 3359 adsit.
2139 3326 2293 3384 sum,
2335 3319 2572 3374 candide
2614 3319 2809 3385 lector,
2841 3332 3076 3388 quorum
3105 3317 3285 3388 gratia
3313 3317 3502 3374 anxius
3531 3314 3675 3368 hare.

451 3406 590 3463 Sunt
620 3406 766 3472 enim
799 3403 1017 3474 species
1049 3402 1236 3468 variae,
1272 3415 1409 3471 quas
1441 3399 1779 3470 Augustinus
1804 3398 1860 3453 in
1891 3398 2036 3455 libro
2137 3411 2282 3468 bam,
2524 3405 2532 3415 '

2045 3524 2116 3538 ...ι

453 3587 736 3663 Liber_Dei
766 3593 1027 3658 praecepta
1067 3584 1360 3663 continens,
1409 3583 1730 3663 insutiergue
1774 3583 2028 3663 interpre-

2137 3592 2355 3658 Βίϐλος
2378 3593 2406 3663 7‘
2437 3596 2801 3663 περιέχουσα
2819 3593 2927 3658 τὰς
2951 3592 3054 3648 τοῦ
3070 3593 3294 3663 Κυρίου
3312 3588 3570 3663 Medae,
3607 3585 3676 3663 ἔτι

525 3652 981 3719 εαιὶοηεδέοταήι,
1023 3670 1224 3708 necnon
1252 3652 1549 3706 doctrinam
1603 3654 1669 3707 iis
1722 3653 2034 3714 convenien-

525 3739 626 3783 tem
665 3736 715 3782 et
751 3733 1144 3798 congruentem.

789 3907 1153 3965 PROLOGUS
1191 3905 1405 3962 HUJUS
1442 3904 1708 3961 OPERIS.

526 4022 834 4080 Antiochus
872 4021 984 4086 ille,
1012 4019 1106 4090 qui
1152 4018 1357 4072 mundo
1404 4019 1628 4087 penitus
1674 4017 2028 4084 renuntiavit,

452 4116 593 4172 etin
628 4115 810 4184 magni
855 4112 1003 4167 illius
1055 4110 1210 4166 Salue
1263 4110 1602 4166 monasterio
1655 4111 1786 4163 non'
1836 4109 2032 4179 exiguo

2207 3680 2273 3732 γε
2315 3657 2446 3732 μὴν
2491 3657 2731 3728 aiat-icit;
2773 3657 3092 3732 ἑρμηνείας
3139 3657 3374 3717 αὐτῶν·
3405 3657 3677 3732 πρὸς-τοι]-

2204 3725 2333 3796 ἐοιςῖ
2373 3725 2468 3785 καὶ
2501 3736 2607 3797 τὰς
2641 3725 3134 3800 σύναρᾆιόζόὐσας
3183 3734 3419 3796 ταύταις
3444 3725 3561 3781 ’καὶ
3596 3725 3676 3789 ἐξο

2202 3803 2661 3868 ακολουθούσας
2693 3801 3108 3866 διδασκαλίας.

2170 3914 2525 3968 ΠΡΟΛΟΓΟΣ
2564 3914 2703 3967 ΤΟΥ
2741 3914 3108 3968 ΠΛΡΟΝΤΟΣ
3143 3908 3646 3966 ΣΥΝΤΑΓΜΔΤΟΣ.

2222 4024 2496 4096 Ἀντίοχος
2548 4026 2648 4096 μὲν
2701 4027 2906 4088 ἐκεῖνος
2930 4026 2959 4078 ὁ
2987 4025 3150 4078 παντὶ
3185 4025 3366 4095 πάντη
3405 4022 3480 4094 τῷ
3516 4020 3677 4088 κόσμῳ

2139 4117 2570 4187 ἀποταξάμενος,
2606 4119 2702 4172 καὶ
2735 4119 2800 4188 τῇ
2848 4116 2941 4170 τοῦ
2970 4115 3232 4187 ’μεγάλου
3277 4117 3422 4170 Σάὅα
3453 4117 3507 4167 ἐν
3545 4114 3675 4180 Ἱερα-

453 4217 704 4277 tempore
752 4205 807 4258 in
862 4217 1084 4259 secessu
1137 4201 1304 4258 vitam
1359 4201 1546 4266 duxit;
1581 4197 1714 4254 dum
1761 4199 1867 4253 sibi
1929 4197 2028 4268 ipsi

2144 4209 2267 4262 σολύ
2277 4226 2398 4279 μοις
2431 4211 2565 4280 μονῇ
2598 4209 2945 4279 ὲφησυχὲισας
2970 4208 3160 4278 χρόνον
3189 4209 3311 4279 οὐχὶ
3333 4201 3674 4278 μικρὸνοοῦτω

453 4307 680 4355 vacaret
720 4307 777 4353 et
823 4297 1159 4358 attenderet,
1189 4295 1426 4366 adeptus
1469 4308 1657 4348 rerum
1704 4291 2033 4346 salutarium

453 4390 709 4447 netitiam
765 4387 1069 4444 secundum
1121 4385 1259 4441 illud
1312 4393 1670 4455 praeceptum,
1732 4381 1924 4436 Vacate
1982 4390 2032 4435 et

453 4483 659 4547 scitote,
681 4479 930 4535 collectis
956 4477 1196 4548 Spiritus
1249 4475 1426 4530 sancti
1467 4473 1699 4540 divitiis,
1737 4488 1915 4543 neque
1945 4488 2034 4528 se-

457 4573 580 4641 guis
612 4570 678 4623 ad
728 4583 822 4622 eas
883 4566 1178 4636 egentibus
1210 4565 1436 4635 largiter
1489 4563 1874 4630 ell‘undendas,
1910 4579 2036 4618 cum

458 4657 839 4712 centenarium
866 4655 1104 4708 fructum
1141 4653 1421 4708 retulisset
1459 4662 1515 4708 et
1543 4652 1806 4708 talentum
1846 4653 2037 4708 multi-

459 4750 738 4821 plicasset,
771 4757 833 4802 ut
873 4755 1132 4817 tanquam
1186 4761 1382 4802 servus
1434 4746 1634 4814 fidelis,
1687 4748 1932 4817 prudens
1982 4757 2039 4802 et

463 4843 640 4898 bonus
671 4855 704 4895 a
749 4841 1020 4896 clemente
1063 4839 1290 4894 domino
1339 4839 1787 4896 benedictionem
1827 4839 2040 4910 accipe-

463 4943 582 4992 ret:
609 4934 720 4999 hic,
763 4934 1008 5002 inquam,
1045 4933 1352 4988 Antiochus
1396 4949 1506 5004 quo
1552 4943 1803 5004 tempore
1835 4933 2041 4988 efferus

461 5028 756 5084 Persarum
782 5026 1023 5092 animus,
1048 5027 1400 5096 impetusque
1433 5043 1626 5082 eorum
1651 5027 2040 5098 sanguinarius

464 5129 636 5176 totam
663 5118 1000 5177 Orientalem
1036 5119 1250 5190 plagam
1282 5119 1537 5175 Romano
1579 5131 1799 5189 sceptro
1837 5134 2038 5188 paren-

466 5223 575 5269 tem
599 5212 899 5268 miserabili
931 5212 1082 5268 exitu
1099 5213 1166 5267 ad
1191 5228 1354 5268 suum
1378 5214 1546 5266 traxit
1565 5211 1880 5280 imperium.
1913 5210 2040 5264 hinc

464 5312 830 5374 opportunam
857 5313 1054 5357 nactus
1079 5303 1452 5365 occasionem,
1486 5315 1704 5354 sacrum
1749 5298 2040 5368 quemdam

462 5396 667 5451 librum
695 5410 764 5450 ex
797 5394 1000 5449 divinis
1028 5394 1266 5462 eloquiis
1299 5389 1611 5455 adornavit,
1647 5399 1707 5444 ut
1731 5389 1823 5443 ille
1848 5389 2041 5443 eodem

465 5488 523 5542 in
567 5488 713 5543 libro
768 5487 1218 5542 manifestissime
1244 5485 1510 5546 declarat,
1534 5482 1828 5552 eidemque
1854 5482 2045 5552 hujus-

466 5581 614 5636 modi
653 5580 1131 5646 titulumindidit;
1169 5579 1436 5648 illumque
1460 5575 1516 5630 in
1539 5575 1784 5630 medium
1808 5574 2041 5645 protulit

532 5747 574 5820 F‘
595 5696 988 5813 Muntlaucon.,
1011 5741 1314 5799 Bibliothec.
1345 5738 1592 5810 Coislin.,
1627 5754 1685 5812 p.
1727 5739 1851 5796 l89.

2138 4319 2199 4356 τε
2235 4301 2358 4356 καθ’
2391 4301 2585 4356 ἑαυτὸν
2613 4301 2872 4370 γεγονὼς,
2907 4303 3002 4353 καὶ⁹
3033 4301 3305 4369 σχολάσας
3333 4301 3426 4353 καὶ
3449 4297 3592 4365 γνοὺς
3621 4292 3674 4343 τὸ

2139 4395 2380 4466 σωτήρια
2409 4393 2550 4447 κατὰ
2572 4393 2693 4462 τὴν,
2723 4394 3066 4460 Σχολάσατε
3091 4392 3188 4446 καὶ
3233 4391 3436 4463 γνῶτε,
3459 4385 3668 4442 κελεύουσ

2138 4503 2237 4539 σαν
2291 4483 2552 4556 ἐντολήν·
2602 4482 2831 4536 πλοῦτόν
2887 4499 2946 4534 τε
3006 4481 3151 4536 οὕτω
3237 4481 3554 4549 συναγείρας
3600 4471 3676 4526 τοῦ

2137 4573 2278 4629 Πνεύ
2288 4593 2477 4646 ματος,
2500 4575 2594 4629 καὶ
2625 4574 2948 4646 μεταδοῦναι
2971 4573 3163 4627 τούτου
3189 4573 3462 4636 πλουσίως
3483 4571 3537 4623 οὐ
3566 4581 3673 4619 κατ-

2137 4669 2374 4737 οκνήσας
2414 4669 2526 4729 τοῖς
2563 4665 2847 4737 χρῄζουσι,
2874 4667 3306 4737 καρποφορήσας
3328 4665 3382 4718 δὲ
3409 4660 3592 4733 μᾶλλον
3614 4655 3673 4714 tis

2138 4757 2354 4824 ἑκατὸν,
2387 4759 2480 4813 καὶ
2511 4756 2954 4820 πολυπλασιὰσας
2982 4756 3043 4810 τὸ
3074 4756 3358 4820 τάλαντον,
3384 4754 3465 4806 ἴνα
3484 4750 3554 4813 ὼς
3577 4743 3671 4798 δοῦ·

2139 4849 2230 4913 λος
2274 4849 2466 4913 πιστός
2499 4865 2560 4901 τε
2611 4848 2706 4901 καὶ
2755 4848 3014 4919 φρόνιμος
3045 4848 3140 4900 καὶ
3175 4846 3379 4916 ἀγαθὸς
3434 4837 3574 4909 παρὰ
3599 4831 3674 4886 τοῦ

2141 4939 2446 5011 φιλαγάθου
2463 4940 2733 4994 Δεσπότου
2765 4940 3032 5010 εὐλογηθῇ
3053 4955 3066 4967 ⁸
3097 4933 3252 5002 οὗτος
3282 4932 3418 4990 οὖνὸ
3444 4929 3672 4995 Ἀντίοχος

2143 5033 2288 5088 κατὰ
2315 5034 2541 5104 καιροὺς
2569 5031 2830 5098 ἐκείνους,
2862 5033 2948 5084 ὅτε
2976 5033 3008 5102 ἡ
3047 5029 3157 5084 τῶν
3186 5029 3411 5100 Περσῶν
3441 5020 3672 5092 θηριώδης

2140 5123 2333 5196 γνώμη
2358 5103 2450 5177 καὶ
2483 5123 2762 5194 μιαιφόνος
2791 5121 2938 5195 ὁρμὴ
2982 5124 3160 5175 πᾶσαν
3191 5119 3374 5192 χώραν
3401 5117 3555 5186 ὀρμδν
3576 5103 3673 5179 (δίο)

2141 5217 2280 5287 πρὸς
2315 5217 2604 5285 ἀνίσχοντα
2659 5215 2811 5284 ἥλιον
2859 5214 2937 5283 τῷ
2983 5210 3276 5281 Ῥωμαϊκῷ
3329 5210 3578 5277 σκήπτρῳ
3601 5213 3671 5287 τες

2141 5305 2339 5366 λοῦσαν
2393 5297 2626 5375 ὑποτελῆ
2689 5305 2934 5380 ἐλεεινῶς
2964 5303 3274 5366 εἱλκύσατο,
3301 5300 3485 5351 τούτου
3534 5279 3674 5342 αὐτοῦ

2143 5397 2333 5468 ὥσπερ
2362 5374 2624 5467 εὐκαίροο
2652 5398 2715 5467 δή
2740 5375 2882 5458 “two;
2906 5394 3240 5464 δραξάμενος
3267 5385 3531 5457 ἀφορμὴν.
3551 5374 3678 5443 ἱεράν

2143 5506 2265 5542 τινα
2289 5487 2474 5560 βίϐλον
2502 5490 2567 5541 ὲκ
2593 5487 2699 5540 τῶν
2728 5486 2885 5538 Οείων
2913 5485 3106 5553 λογίων
3139 5478 3486 5542 συνετάξατο,
3511 5469 3673 5528 ὥσπερ

2147 5555 2309 5648 αὐτὸξ
2343 5582 2400 5638 ὲν
2434 5581 2575 5652 αὑτῇ
2636 5577 2997 5652 ἀριδηλότατσ.
3032 5573 3272 5648 παριστᾷ
3301 5567 3437 5638 αὕτη
3461 5557 3571 5633 (sic)
3597 5555 3672 5605 ἔπ’
