4020 6146
361 341 482 407 1421

1436 333 1799 395 EPISTOLA
1839 331 1938 390 AD
1976 314 2504 389 EUSTATIIlUM.

3467 315 3484 374 i
3508 314 3600 376 22?.

360 456 762 528 ονομάσας,καὶ
812 452 1063 525 προσθεὶς
1095 445 1176 509 είς
1230 449 1396 518 μέσον
1437 447 1605 518 αὐτὴν
1639 449 1719 509 εἰς
1767 443 1922 515 μεγί-

2055 443 2091 496 d
2133 441 2425 496 maximam
2475 429 2834 505 praesentium
2865 432 2948 487 sui
2992 428 3250 500 temporis
3291 438 3345 481 et
3387 426 3602 478 futuru-

359 564 485 614 στην
527 545 636 598 τῶν
671 545 857 598 ἔκτοτε
905 544 1001 597 καὶ
1041 541 1202 612 μέχρι
1236 539 1332 593 τοῦ
1357 539 1450 594 νῦν
1483 536 1918 608 ἐντυγχανόντων

2059 551 2148 589 um
2182 533 2471 588 utilitatem
2502 528 2541 578 '.

359 636 524 707 ὠφέλε
532 653 585 689 ια
593 653 639 692 ν.

427 753 442 774 ⁶
475 753 628 806 Hanc
661 748 1036 804 narrationem
1066 746 1204 801 mire
1229 754 1546 814 corruptam
1581 757 1724 811 saepe
1752 739 2054 796 divinando
2096 739 2290 792 Latine
2323 734 2687 791 reddidimus.

371 873 2186 903 Μ

1699 985 2271 1075 ΕΠΙΣΤΟΛΗ

1080 1171 1436 1228 ΔΝΤΙΟΧΟΥ
1471 1172 1810 1226 ΜΟΝΔΧΟΥ
1849 1172 1986 1226 ΤΗΣ
2023 1169 2298 1224 ΔΑΥΡΑΣ
2336 1167 2474 1222 ΤΟΥ
2510 1167 2689 1220 ΑΒΒΑ
2725 1163 2901 1218 ΣΑΒΑ

461 1271 644 1328 ΠΡΟΣ
677 1265 1068 1326 ΕΥΣΤΛΘΙΟΝ
1107 1265 1195 1318 ΗΓ
1199 1263 1533 1319 ΟΥΜΕΝΟΝ
1569 1266 1813 1320 ΜΟΝΗΣ
1847 1263 2270 1328 ΑΤΤΑΛΙΝΗΣ,
2311 1260 2582 1314 ΠΟΛΕΩΣ
2620 1257 2944 1312 ΛΓΚΥΡΑΣ
2981 1256 3115 1309 ΤΗΣ
3153 1253 3514 1316 ΓΑΛΑΤΙΑΣ,

891 1361 1054 1418 ΠΕΡΙ
1094 1361 1234 1416 ΤΩΝ
1271 1358 1522 1415 ΕΚΕΙΣΕ
1570 1361 1778 1414 APION
1830 1360 1948 1414 HA1

2053 1359 2153 1411 ὨΝ
2204 1356 2291 1413 EN
2333 1358 2374 1427 ῼ
2411 1356 2534 1410 ΚΑΙ
2571 1354 2922 1410 ΚΕΦΑΛΑΙΑ
2958 1353 3083 1418 PA',

1393 1453 1516 1507 ΚΑΙ
1557 1451 1932 1507 ΠΡΟΣΕΥΧΗ
1964 1449 2569 1505 ΕΞΟΜΟΛΟΓΗΣΕΩΣ.

1707 1692 2282 1787 EPISTOLA

1085 1895 1474 1960 ANTIOCHI
1519 1889 1887 1956 MONACHI
1919 1889 2212 1952 LAURjE
2251 1885 2283 1921 "
2315 1887 2538 1948 SABE
2569 1881 2906 1947 ABBATIS

861 1999 970 2060 AD
1001 1993 1522 2058 EUSTATHIUM
1571 1988 1948 2051 PREPOSI'.

2053 1987 2103 2046 Μ
2143 1984 2641 2047 MDNASTERII
2675 1978 3132 2050 ΑΤΤΑΙᾸΝᾸΞ,
3215 2071 3228 2083 .

1479 2095 1792 2145 CIVITATIS
1850 2095 2118 2138 ANCYBE
2168 2092 2474 2144 GALATIE,

599 2195 693 2256 De
723 2194 828 2255 SS.
863 2190 1155 2254 Patribns
1190 2189 1276 2251 ibi
1333 2185 1749 2267 degentibus,
1798 2181 1903 2246 cui
1959 2182 2183 2244 insunt
2231 2179 2506 2258 capituta
2548 2177 2659 2240 150
2725 2186 2788 2240 et
2835 2177 3178 2256 gratiarum
3237 2173 3427 2235 actio.

932 2381 1203 2450 (Occasus,
1235 2374 1508 2446 Supplem.
1543 2373 1612 2428 ad
1663 2370 1910 2427 Biblioth.
1941 2368 2196 2422 Patrum.
2221 2365 2394 2421 Paris.
2432 2363 2587 2430 1624,
2618 2373 2751 2420 tom.
2776 2365 2818 2431 Ι,
2845 2381 2899 2436 p.
2930 2362 3074 2434 l09.)

451 2647 778 2718 Ἐπειδήπερ
812 2642 1174 2715 γεγράφηκάς
1204 2659 1333 2712 μοι,
1361 2642 1510 2711 τίμιε
1538 2639 1719 2708 Πάτερ
1747 2637 1947 2690 Εὐστά-

2114 2636 2252 2692 Cum
2287 2638 2356 2692 ad
2397 2653 2485 2694 me
2535 2636 2847 2708 scripseris,
2877 2635 3126 2690 Eustathi
3172 2637 3334 2691 Pater
3359 2652 3628 2691 veneran-

371 2742 477 2804 θιε,
503 2739 704 2808 πολλὴν
725 2736 904 2806 θλίψιν
919 2733 1465 2807 ὑπερμεμενηκέναι,
1486 2731 1648 2784 τόπον
1671 2733 1734 2783 ὲκ
1755 2729 1944 2792 τόπου,

371 2835 467 2889 καὶ
501 2831 682 2902 χώραν
713 2831 778 2882 ὲκ
821 2827 1004 2898 χώρας
1036 2826 1356 2897 ἁμείϐοντα,
1391 2823 1540 2894 φόϐῳ
1575 2821 1669 2875 τοῦ
1720 2823 1948 2892 ἐπικρα-

371 2925 593 2987 τοῦντος
625 2919 928 2976 Χαλδαῖκοῦ
962 2917 1254 2989 χειμῶνος,
1296 2916 1486 2986 πείνης
1538 2930 1597 2966 τε
1645 2913 1740 2966 καὶ
1788 2911 1948 2984 δίψης

375 3016 727 3087 πειραθῆναι,
780 3014 881 3067 οὐκ
926 3011 1090 3083 ἄρτου
1142 3011 1238 3064 καὶ
1288 3005 1657 3073 ὑδατος,ἀλλὰ
1710 3003 1852 3059 κατὰ
1889 3003 1950 3058 τὸ

373 3109 688 3180 εἰρημένον,
715 3106 808 3159 τοῦ
855 3104 1090 3159 ἀκοῦσαι
1123 3103 1284 3171 λόγον
1324 3101 1529 3172 Κυρίου
1553 3115 1565 3128 ³
1601 3099 1690 3153 διὰ
1719 3096 1779 3151 τὸ
1812 3097 1949 3168 μήτε

374 3201 636 3254 δύνασθαι
671 3201 816 3270 ὑμᾶς
846 3198 1012 3268 βάρος
1047 3196 1268 3267 βιὸλίων
1296 3191 1676 3264 ἐπιφέρεσθαι,
1705 3191 1843 3262 μήτε
1892 3189 1950 3240 έν

376 3297 488 3357 τοῖς
521 3295 708 3356 τόποις
741 3294 798 3344 ὲν
831 3287 912 3354 οἷς
953 3289 1273 3361 ὲπιδημεῖτε
1298 3287 1577 3358 εὑρίσκειν
1603 3282 1844 3355 εὐχερῶς
1882 3281 1951 3335 τὰ

375 3385 802 3454 ἐπιζητούμενα,
856 3383 1179 3437 ἐκελεύσατε
1234 3383 1300 3451 τῇ
1355 3381 1461 3450 ὲμῇ
1528 3377 1829 3449 βραχύτητι
1894 3375 1952 3428 ὲν

377 3477 629 3544 συντόμῳ
659 3477 840 3528 πᾶσαν
864 3474 1140 3526 συστεῖλαι
1153 3471 1250 3542 τὴν
1271 3470 1420 3524 θείαν
1443 3470 1479 3521 Γ
1487 3468 1682 3539 ραςρὴν,
1707 3463 1953 3520 Παλαιὰν

375 3583 436 3618 τε
466 3567 561 3619 καὶ
599 3565 832 3636 Καινὴν,
863 3565 1006 3618 ὥστε
1041 3566 1176 3635 μήτε
1208 3564 1372 3632 ἄχθος
1407 3564 1540 3632 ἡμῖν
1573 3560 1830 3630 γενέσθαι
1865 3558 1956 3629 βα-

379 3657 713 3725 στάγματος,
743 3657 882 3724 μήτε
913 3655 1078 3707 πάλιν
1119 3653 1467 3724 ὲλλειφθῆναί
1507 3669 1560 3704 τι
1606 3649 1716 3705 τῶν
1751 3651 1954 3703 τεινόν-

376 3762 489 3796 των
524 3745 612 3796 ὲπ’
640 3743 911 3810 ὠφέλειαν
940 3744 1032 3796 καὶ
1068 3743 1346 3813 σωτηρίαν
1374 3741 1574 3812 ψυχῆς,
1603 3737 1720 3804 εἶξα
1747 3738 1954 3812 προθύ-

380 3851 500 3905 μως
531 3837 597 3906 τῇ
649 3835 891 3906 ὑμετέρᾳ
921 3833 1190 3902 κελεύσει,
1222 3833 1427 3895 εὐθέως
1453 3833 1788 3903 περιστήσας
1820 3831 1955 3884 πάνθ

290 3907 295 3912 1
375 3943 444 3978 τα
474 3925 544 3976 τὰ
575 3924 706 3994 παρ’
749 3923 902 3994 ὑμῶν
929 3925 992 3976 ἐκ
1021 3923 1119 3994 τῆς
1162 3922 1312 3984 Θείας
1342 3921 1562 3993 Γραφῆς
1587 3919 1950 3990 ἐπιζητούμε-

377 4033 467 4080 να,
496 4019 578 4080 είς
606 4016 802 4069 έκατδν
851 4015 1150 4086 τριάκοντα
1190 4013 1460 4080 κεφάλαια
1493 4013 1747 4082 ἡνωμένα
1770 4029 1829 4064 τε
1855 4014 1950 4066 καὶ

371 4107 772 4179 διακεκριμένα
823 4108 914 4161 ἁπ⁵
968 4107 1238 4177 ἀλλήλων,
1279 4106 1354 4169 ὠς
1407 4105 1483 4176 μὴ
1542 4104 1804 4174 σύγχυσιν
1855 4105 1948 4156 καὶ

377 4203 592 4272 φυρμὸν
629 4202 1033 4272 ὑπομεῖναιτὸν
1057 4201 1517 4270 ἀναγινώσκοντα.
1553 4199 1739 4254 Ταῦτα
1773 4199 1948 4254 ἔστει-

376 4293 446 4346 λα
470 4295 536 4362 τῇ
567 4294 812 4363 ὑμετέρᾳ
856 4293 1134 4362 θεοφιλείᾳ
1156 4309 1169 4322 ·
1209 4292 1354 4362 ἆπερ
1401 4291 1712 4362 δεχόμενος,
1743 4291 1819 4362 τῷ
1847 4291 1947 4361 μὲν

375 4383 497 4451 Θεῷ
545 4383 646 4452 τὴν
709 4383 1023 4454 πρέπουσαν
1074 4381 1382 4450 δοξολογίαν
1447 4380 1542 4436 καὶ
1600 4381 1947 4452 εὐχαριστίαν

373 4472 720 4541 ἀνάπεμψον,
751 4470 829 4541 τῷ
859 4471 956 4542 τὴν
977 4471 1206 4541 δύναμιν
1236 4469 1401 4524 αὐτοῦ
1450 4472 1510 4524 έν
1557 4470 1812 4540 ἀσθενείᾳ
1861 4487 1950 4523 τε-

370 4561 626 4617 λειοῦν-τι.
658 4563 838 4633 Ἦμᾶς
871 4564 929 4616 δὲ
975 4565 1094 4626 ταῖς
1148 4563 1564 4632 εὐπροσδέκτοις
1617 4579 1709 4616 σου
1761 4562 1948 4633 εὐχαῖς

371 4653 727 4724 ἀνταμείϐου,
761 4655 909 4720 ὅπως
945 4656 1088 4710 κατὰ
1116 4657 1177 4708 τὸ
1210 4656 1328 4726 Θεῷ
1354 4657 1678 4726 εὐχάριστον
1697 4655 1789 4710 τὸν
1817 4655 1948 4709 ὑπό-

371 4745 557 4798 λοιπον
586 4746 776 4816 χρόνον
805 4746 905 4816 τῆς
937 4746 1084 4816 ζωῆς
1105 4747 1260 4817 ἡμῶν
1287 4749 1682 4816 ἐκτελέσωμεν.
1710 4749 1772 4802 El
1793 4748 1850 4802 δέ
1869 4766 1942 4816 τι,

370 4837 450 4900 ὡς
512 4837 682 4901 είκὺς,
737 4837 942 4910 εὑροις,
990 4837 1322 4908 συγγνώμην
1371 4839 1692 4906 ἀποδοῦναι,
1737 4841 1833 4895 καὶ
1878 4843 1944 4913 τῇ

375 4930 614 5002 ἰδιωτείᾳ
645 4932 741 4985 καί⁸
787 4936 854 5003 τῇ
907 4932 1112 5002 σπουδῇ
1165 4931 1261 4985 τοῦ
1290 4933 1686 5004 ἐπιτάγματος.
1725 4933 1946 5004 Ἐπειδὴ

368 5021 429 5074 δὲ
460 5023 553 5075 καὶ
583 5022 740 5076 τοῦτο
789 5023 1062 5089 ἔστειλας,
1102 5022 1252 5091 τίμιε
1292 5024 1496 5094 Πάτερ,
1527 5023 1669 5078 ὥστε
1705 5025 1946 5096 σημᾶναι

370 5128 457 5166 σοι
503 5113 596 5166 καὶ
647 5114 776 5183 περὶ
829 5113 938 5167 τῶν
981 5114 1150 5182 ἁγίων
1199 5115 1460 5186 Πατέρων
1499 5116 1599 5186 τῆς
1647 5115 1771 5169 καθ’
1798 5117 1946 5187 ἡμᾶς

365 5204 615 5275 Δαὺρας,
636 5207 686 5258 εί
707 5205 883 5277 ἀληθῆ
908 5210 1067 5271 εἰσιν,
1091 5206 1234 5277 ἅπερ
1253 5207 1443 5260 εἷπατε
1471 5207 1766 5277 ἀκηκοέναι
1799 5207 1945 5279 παρὰ

1980 3976 2024 4032 C

2049 2730 2140 2796 de,
2173 2742 2226 2787 te
2255 2747 2450 2802 magna
2487 2730 2627 2785 allici
2665 2730 2941 2795 molestia,
2961 2730 3092 2784 dum
3123 2745 3153 2784 e
3179 2731 3304 2786 loco
3335 2732 3402 2786 ad
3437 2731 3623 2786 locum

2047 2829 2104 2876 et
2134 2838 2164 2876 e
2188 2821 2408 2892 regione
2453 2821 2522 2876 ad
2553 2820 2832 2892 regionem
2869 2821 3104 2892 migrare
3131 2823 3348 2892 cogeris
3367 2831 3514 2876 metu
3542 2823 3624 2876 vi-

2050 2913 2231 2984 gentis
2287 2911 2672 2968 Chaldteorum
2733 2913 3106 2968 calamitatis:
3141 2912 3282 2968 fame
3331 2913 3498 2968 etiam
3560 2929 3628 2968 ac

2050 3004 2145 3060 siti
2177 3004 2453 3071 laborare,
2495 3021 2606 3059 non
2637 3005 2795 3074 panis
2841 3014 2897 3059 et
2925 3021 3100 3075 aquae,
3125 3005 3222 3060 sed
3273 3008 3429 3077 juxta
3463 3021 3630 3062 evan-

2051 3097 2290 3167 gelicum
2324 3097 2714 3167 propheticum
2756 3097 2986 3164 dictum,
3023 3098 3176 3152 verbi
3206 3099 3338 3165 Dei;
3370 3116 3496 3156 cum
3532 3115 3630 3156 ne-

2050 3205 2157 3258 que
2184 3189 2357 3244 libros
2387 3189 2748 3244 circumferre
2779 3190 3022 3258 possitis,
3060 3206 3240 3260 neque
3271 3192 3348 3247 ita
3375 3191 3535 3248 facile
3571 3194 3625 3248 in

2053 3282 2193 3336 locis
2232 3280 2290 3336 in
2337 3281 2542 3351 quibus
2578 3281 2866 3347 exsulatis,
2899 3297 3021 3350 quae
3051 3282 3218 3336 vultis
3253 3283 3499 3337 invenire
3532 3299 3627 3337 va-

2053 3370 2251 3426 leatis:
2282 3387 2518 3440 cumque
2549 3387 2685 3425 meae
2721 3372 2956 3441 jusseris
3001 3372 3324 3436 humilitati,
3365 3382 3423 3426 ut
3451 3374 3631 3444 epito-

2057 3476 2184 3516 men
2229 3462 2469 3530 aliquam
2509 3461 2818 3516 divinarum
2862 3461 3272 3530 Scripturarum
3321 3463 3388 3517 ad
3426 3473 3476 3518 te
3507 3464 3632 3519 mit-

2058 3562 2257 3617 terem,
2293 3570 2416 3623 qua:
2459 3568 2638 3622 neque
2686 3553 3122 3608 circumferendo
3148 3556 3490 3624 gravisesset
3518 3572 3631 3626 pra:

2059 3643 2458 3712 magnitudine,
2501 3657 2682 3713 neque
2719 3642 2804 3696 sui
2856 3643 3123 3698 tenuitate
3189 3643 3244 3697 in
3308 3659 3368 3698 se
3418 3644 3624 3714 aliquid

2055 3750 2246 3791 eorum
2281 3750 2403 3804 quae
2433 3734 2500 3789 ad
2524 3735 2816 3790 utilitatem
2846 3743 2902 3789 et
2922 3737 3152 3789 salutem
3174 3735 3369 3790 anima:
3393 3735 3624 3801 faciunt,

2055 3829 2430 3895 desideraret;
2480 3828 2860 3899 obtemperavi
2917 3828 3154 3883 libenter
3188 3829 3296 3882 tuis
3331 3829 3625 3896 mandatis,

2056 3929 2112 3974 et
2143 3935 2306 3989 quam
2343 3919 2583 3988 primum
2627 3919 2771 3988 quod
2804 3919 2944 3990 petis
2984 3919 3298 3974 faciendum
3347 3921 3557 3991 putavi.
3588 3923 3630 3976 E

2056 4025 2212 4066 sacra
2257 4010 2425 4079 igitur
2484 4009 2768 4080 Scriptura
2821 4021 3041 4066 centum
3086 4013 3484 4084 quinquaginta
3533 4030 3630 4070 ex-

2055 4101 2234 4170 cerpsi
2265 4101 2466 4172 capita,
2500 4101 2655 4158 unita
2706 4103 2926 4172 quidem
2976 4105 3162 4171 simul,
3185 4105 3418 4161 invicem
3449 4115 3628 4162 tamen

2057 4194 2133 4248 ita
2172 4193 2466 4265 disjuncta,
2501 4196 2682 4266 utqui
2728 4213 2793 4252 ea
2836 4197 3050 4267 legerit,
3099 4199 3246 4253 nulla
3305 4199 3630 4255 confusione

2055 4285 2329 4340 trahatur.
2357 4286 2423 4342 Et
2471 4287 2588 4344 haec
2629 4298 2734 4343 tua;
2775 4289 2900 4343 misi
2932 4289 3142 4358 pietati,
3170 4306 3291 4360 qua:
3313 4305 3439 4346 cum
3468 4307 3630 4348 acce-

2054 4380 2223 4448 peris,
2248 4379 2381 4445 Deo,
2417 4389 2476 4434 ut
2508 4396 2608 4450 par
2636 4388 2741 4445 est,
2775 4383 3004 4452 gloriam
3035 4391 3090 4438 et
3118 4385 3418 4454 gratiarum
3458 4386 3630 4440 actio-

2055 4487 2183 4526 nem
2209 4472 2428 4536 reddas,
2449 4473 2550 4542 qui
2593 4488 2748 4530 suam
2795 4474 3054 4530 virtutem
3081 4476 3375 4532 imbecillis
3423 4477 3624 4548 imper-

2054 4561 2209 4627 titur,
2237 4572 2298 4618 ut
2337 4562 2394 4618 in
2443 4562 2764 4620 inﬁrmitate
2806 4565 3184 4634 perﬁciantur.
3220 4563 3302 4622 Tu
3342 4584 3478 4625 vero
3499 4585 3623 4626 cum

2055 4654 2167 4709 tuis
2197 4657 2366 4727 gratis
2406 4657 2667 4726 precibus
2696 4673 2795 4712 nos
2825 4658 3030 4721 foveas,
3055 4669 3113 4714 ut
3148 4661 3299 4730 quod
3349 4663 3627 4733 reliquum

2053 4758 2140 4802 est
2170 4747 2333 4803 nobis
2361 4747 2488 4802 vita
2510 4745 2692 4818 huius,
2719 4749 2873 4819 juxta
2891 4749 2988 4804 Dei
3007 4750 3347 4807 voluntatem
3366 4768 3628 4824 peragere

2052 4839 2328 4908 possimus
2357 4856 2370 4892 :
2403 4841 2451 4894 si
2491 4855 2625 4895 vero
2673 4841 2881 4911 aliquid
2928 4842 3012 4912 (ut
3054 4842 3215 4898 facile
3257 4843 3376 4898 ﬁeri
3427 4847 3626 4916 potuit)

2051 4931 2436 5002 imperfectum
2477 4933 2797 5000 oﬁ‘enderis,
2836 4935 3111 5006 ignoscas,
3140 4951 3326 5006 quaeso
3361 4947 3434 5001 te,
3493 4953 3630 4994 mea:

2052 5025 2329 5092 tenuitati,
2358 5034 2474 5082 tum
2519 5028 2782 5098 temporis
2817 5030 3084 5099 angustiae
3113 5029 3344 5091 tribuas.
3371 5045 3494 5099 quae
3519 5030 3629 5084 tuis

2050 5117 2324 5172 mandatis
2354 5118 2530 5174 voluit
2549 5120 2950 5190 obtemperare.
2980 5122 3251 5189 Quoniam
3303 5139 3437 5178 vero
3489 5123 3624 5178 illud

2050 5218 2316 5278 praeterea
2337 5212 2608 5281 scripsisti
2641 5223 2703 5268 ut
2735 5215 2946 5283 1022
2968 5215 3068 5268 tibi
3087 5214 3294 5283 aliquid
3317 5214 3627 5270 diceremus

366 5297 606 5362 πολλῶν,
642 5298 772 5368 περί
799 5315 859 5351 τε
887 5299 988 5368 τῆς
1021 5297 1294 5362 πολιτείας
1323 5300 1418 5352 καὶ
1467 5299 1569 5368 τῆς
1606 5299 1944 5369 ἀναιρέσεως

2053 5300 2121 5356 de
2149 5303 2357 5358 sanctis
2379 5304 2637 5361 Patribus
2657 5314 2860 5361 nostra:
2881 5307 3070 5372 taurae,
3099 5321 3167 5360 an
3201 5321 3332 5361 vera
3362 5307 3473 5361 sint
3502 5322 3625 5376 quae

363 5387 572 5454 αὐτῶν,
595 5387 864 5442 δύσπιστα
881 5390 1006 5442 ὄντα
1035 5391 1127 5442 καὶ
1154 5390 1324 5459 ἀκοὴν
1342 5390 1758 5459 ὑπερϐαίνοντα,
1776 5391 1942 5458 ἀνατ-

2051 5407 2081 5446 a
2106 5394 2392 5448 nonnullis
2422 5395 2646 5452 audisse
2680 5396 2842 5459 dicis,
2877 5395 2946 5450 de
2974 5410 3168 5450 eorum
3200 5396 3463 5452 videlicet
3511 5397 3625 5452 vita

364 5482 529 5532 καῖον
562 5481 864 5552 ἡγησάμην
895 5483 1160 5553 πρότερον
1187 5484 1246 5534 έν
1281 5483 1479 5554 βραχεί
1529 5486 1772 5553 σημᾶναι
1813 5483 1942 5555 ὑμῖν

2053 5495 2107 5541 et
2153 5501 2311 5552 nece,
2355 5502 2484 5543 eum
2538 5489 2628 5542 vix
2663 5488 2755 5543 illa
2809 5488 2963 5543 credi
3007 5488 3246 5558 possint,
3289 5497 3344 5543 et
3395 5503 3620 5544 sensum

439 5634 726 5721 ‘lLauraln
765 5637 1010 5689 neoterici
1057 5636 1227 5692 ϐτανοὶ
1262 5638 1466 5721 insigne
1503 5638 1686 5694 dicunt
1736 5640 2138 5707 monasterium,
2183 5659 2278 5713 pro
2328 5659 2518 5714 magna
2564 5643 2834 5703 hominum
2874 5647 3024 5718 capia
3055 5647 3144 5718 qui
3180 5646 3463 5704 devotionis
3497 5664 3620 5721 ergo

358 5705 538 5759 instar
568 5703 861 5759 multarum
882 5719 1147 5775 aquarum
1177 5723 1236 5763 eo
1270 5703 1558 5778 conﬂuunt.
