4020 6146
445 389 448 393 .
485 338 624 405 γωδ
1658 358 1661 361 ν
1757 333 2123 396 ANTIOCHI
2164 330 2510 395 MONACHI
3582 331 3700 399 1421

487 473 707 515 onmem
733 463 1019 526 superent,
1036 450 1412 508 necessarium
1433 458 1724 519 propterea
1738 447 1867 502 duxi
1887 447 2066 503 brevi-

2115 461 2139 515 ι
2170 450 2238 501 τὰ
2263 448 2393 517 περὶ
2426 446 2627 512 αὐτῶν,
2657 442 2756 498 εἷθ’
2775 444 2950 508 οὕτως
2980 442 3349 513 καθυποτάξαι
3371 445 3437 500 τὰ
3456 447 3545 520 τῆς
3572 449 3702 519 θείας

487 555 596 609 bus
623 551 722 606 tibi
744 551 901 620 prius
922 546 1141 617 aperire
1162 559 1285 615 quae
1307 543 1375 597 ad
1399 543 1523 598 illos
1542 541 1803 606 attinent,
1821 555 1885 594 ea
1918 539 2067 594 dein-

1120 562 1141 601 ε
1162 559 1285 615 quae
1307 543 1375 597 ad
1399 543 1523 598 illos
1542 541 1803 606 attinent,
1821 555 1885 594 ea
1918 539 2067 594 dein-
2168 537 2391 607 Γραφῆς
2421 535 2707 605 κεφάλαια.

489 658 618 714 ceps
629 641 1053 711 subjicere,quae
1065 637 1304 691 diximus
1314 650 1481 690 sacrae
1493 634 1794 703 Scriptura:
1805 632 2062 702 capitula.

560 731 638 785 De
664 728 929 783 laudabili
963 735 1149 781 autem
1174 725 1289 780 vita
1317 739 1512 780 eorum
1560 724 1616 777 in
1653 723 2066 793 praesentiarum

2240 710 2351 765 Καὶ
2374 727 2440 763 πε
2447 711 2502 781 pl
2534 710 2631 779 μὲν
2652 708 2747 777 τῆς
2774 706 3033 779 ἐναρέτου
3054 707 3228 762 αὐτῶν
3259 706 3526 772 πολιτείας
3547 710 3603 763 οὐ
3627 709 3705 764 τοῦ

490 839 651 896 agere
692 822 747 877 id
787 821 1057 891 temporis
1089 836 1202 874 non
1240 819 1509 889 postulat,
1550 833 1655 873 nec
1709 833 1830 871 mea
1879 818 2065 886 lingua

2170 804 2436 896 παρόντος
2453 802 2645 873 καιροῦ
2670 801 2790 853 οὐδὲ
2810 803 2908 870 τῆς
2925 802 3062 871 ἐμῆς
3092 800 3334 870 γλώττης
3356 800 3706 870 διηγήσασθαι.

492 888 583 969 illa
608 923 797 984 posset
823 888 983 968 fac—ile
1030 888 1364 980 percurrere
1404 927 1417 962 :
1449 910 1585 973 illud
1619 916 1832 963 tantum
1864 909 2065 972 dicam,

2169 893 2341 947 Τοῦτο
2363 894 2419 946 δὲ
2456 894 2613 963 μόνον
2642 891 2806 960 λέγω,
2839 891 2921 943 ὅτι
2954 891 3029 954 ὡς
3058 890 3272 960 ἀληθῶς
3302 891 3567 961 ἅνθρωποι
3591 888 3708 963 ἦσαν

493 1007 643 1078 quod
707 1020 901 1061 revera
958 1003 1214 1058 homines
1266 1009 1427 1057 erant
1474 1002 1646 1057 divini
1701 1001 1768 1072 (si
1814 1001 2070 1056 homines

2165 985 2304 1040 θεῖοι
2322 985 2458 1057 (εἴγε
2481 985 2562 1037 δεῖ
2586 983 2903 1053 ἀνθρώπους
2923 983 3121 1045 αὐτοὺς
3141 983 3348 1049 καλεῖν,
3371 984 3464 1036 καί
3484 983 3553 1055 μὴ
3572 986 3709 1053 ἀγγέ-

494 1111 710 1158 tantum
746 1101 869 1155 illos
894 1106 1150 1170 Oporteat
1197 1097 1383 1152 dicere
1409 1097 1596 1167 potius
1618 1110 1782 1166 quam
1818 1093 2067 1165 angelos)

2168 1078 2338 1150 λους),
2369 1080 2433 1148 τῇ
2462 1094 2521 1129 τε
2549 1077 2779 1146 ἀσκήσει
2798 1075 2891 1128 καὶ
2925 1075 3127 1145 ἡσυχίᾳ
3159 1074 3252 1127 καὶ
3280 1078 3390 1138 τοῖς
3421 1075 3554 1146 ὑπὲρ
3581 1076 3710 1128 εὐσε-

494 1212 621 1252 eum
651 1196 709 1249 in
736 1192 1133 1249 exercitatione
1163 1189 1442 1260 spirituali
1496 1197 1553 1244 et
1600 1188 1908 1242 monastica
1953 1186 2070 1245 vita

2171 1169 2323 1232 ϐείας
2367 1169 2548 1230 πόνοις
2586 1168 2652 1219 ὲκ
2680 1166 2931 1236 νεότητος
2957 1167 3415 1236 ἑγγεγηρακότες,
3467 1167 3709 1236 γηραλέοι,

494 1298 550 1344 et
568 1288 854 1342 laboribus
885 1299 1029 1354 quos
1056 1298 1156 1353 pro
1188 1282 1393 1352 pietate
1428 1281 1800 1345 sustulerunt,
1820 1295 1849 1333 a
1869 1279 2069 1350 juven-

2174 1261 2219 1314 ίε
2229 1260 2543 1333 ροπρεπεῖς,
2565 1257 2739 1310 πολιοὶ
2756 1257 2866 1327 τὴν
2880 1256 3039 1326 τρίχα
3057 1256 3151 1309 καὶ
3170 1254 3236 1325 τὴ
3244 1275 3269 1309 ν
3285 1257 3512 1321 σύνεσιν,
3527 1256 3710 1323 ἀγαθοὶ,

498 1393 614 1438 tute
662 1398 759 1437 sua
788 1379 1169 1436 insenuerint:
1197 1393 1358 1433 senes
1393 1377 1617 1448 quidem
1664 1374 1984 1437 venerandi,
2017 1382 2073 1429 et

2170 1353 2617 1422 ταπεινόφρονες,
2649 1350 2887 1416 κόσμιοι,
2919 1348 3214 1419 σώφρονες,
3260 1348 3520 1419 ἀληθινοὶ,
3562 1350 3715 1419 ἄμεμ-

494 1492 664 1532 canos
697 1474 926 1545 capillos
958 1472 1257 1535 habebant,
1284 1470 1380 1526 sed
1407 1437 1594 1525 ruente
1620 1468 1793 1538 magis
1841 1474 2071 1544 praesta-

2173 1460 2316 1507 πτοι,
2338 1442 2553 1505 δίκαιοι,
2577 1440 2869 1504 θεοσεϐεῖς,
2894 1439 3225 1508 ἀπεχόμενοι
3242 1437 3348 1490 ἀπὸ
3367 1438 3555 1500 παντὸς
3574 1455 3715 1508 πονη-

500 1569 629 1622 bant
662 1575 717 1621 et
738 1564 1075 1626 humilitate,
1100 1559 1341 1621 honesti,
1377 1558 1635 1621 modesti,
1661 1554 1913 1617 veridici,
1936 1536 2072 1605 irre-

2176 1538 2272 1611 ροῦ
2301 1538 2645 1609 πράγματος,
2670 1535 2974 1595 ἀνελλιπεῖς
3012 1533 3234 1586 πάντων
3254 1533 3362 1585 τῶν
3381 1530 3608 1599 ἀγαθῶν,
3637 1547 3717 1583 πε-

496 1654 921 1726 prehensibiles,
964 1624 1122 1722 justi,
1166 1650 1262 1719 pii,
1300 1649 1369 1702 ab
1429 1646 1579 1700 omni
1627 1643 1968 1714 turpitudine
2018 1649 2074 1695 et

2173 1630 2523 1717 πληρωμένοι
2545 1628 2601 1681 δὲ
2632 1628 2727 1697 τῆς
2751 1626 2899 1688 θείας
2925 1625 3167 1695 ἀγάπης.
3194 1625 3362 1688 ’Τινὲς
3387 1625 3557 1678 αὐτῶν
3582 1624 3719 1693 ὑπερ-

497 1748 769 1819 pravitate
817 1744 1006 1804 alieni,
1036 1714 1297 1797 omnibus
1341 1738 1502 1794 bonis
1536 1736 1742 1800 ornati,
1780 1743 1836 1789 et
1882 1732 2073 1787 divino

2174 1714 2467 1793 ϐεϐηκότες
2484 1720 2592 1773 ἀπὸ
2608 1720 2948 1786 πεντήκοντα
2963 1718 3056 1772 καὶ
3069 1718 3336 1788 ἐξήκοντα
3348 1716 3503 1778 ὲτῶν,
3518 1718 3586 1784 μὴ
3601 1714 3720 1784 ἐξερ-

497 1837 692 1909 repleti
719 1851 908 1890 amore
936 1851 950 1887 :
977 1831 1230 1886 nonnulli
1257 1831 1506 1900 ipsorum
1549 1835 1773 1882 centum
1818 1838 2060 1880 excesse-

2130 1813 2153 1873 3
2178 1816 2399 1886 χόμενοι
2426 1813 2697 1897 παντοίως
2741 1814 2844 1883 τῆς
2881 1808 3131 1882 Λαὺρας·
3165 1811 3313 1874 τινὲς
3343 1810 3398 1864 δὲ
3452 1812 3580 1881 μήτε
3599 1810 3648 1860 ὲν
3666 1809 3717 1877 τῇ

499 1939 629 1983 runt
658 1941 831 1981 annos
852 1936 911 1980 et
946 1922 1347 1994 quinquaginta
1378 1935 1495 1985 sex,
1534 1920 1591 1973 in
1621 1917 1812 1988 quieta
1857 1924 1914 1970 et
1952 1928 2073 1968 mo-

2180 1893 2771 1979 ὲκκλησίᾳπροῖόντες,
2795 1905 2928 1975 μηδὲ
2945 1904 3257 1975 ἑωρακότες
3277 1905 3376 1975 τὴν
3392 1904 3559 1985 πόλινΞ
3576 1902 3655 1971 ἀφ’
3670 1893 3720 1956 οὗ

500 1974 629 1983 -----
659 1974 829 1981 -------
858 1974 908 1980 η
952 1974 1283 1994 νυνι-μου
1390 1974 1429 1975 η
1483 1974 1495 1985 ,
1638 1974 1655 1988 .

499 2020 711 2075 nastica
735 2019 846 2074 vita
879 2032 1004 2072 cum
1037 2016 1398 2085 peregissent,
1427 2028 1532 2067 nec
1561 2027 1593 2066 a
1652 2011 1806 2064 laura
1833 2021 2076 2076 unquam

2181 1974 2473 2070 ἐμόνασαν,
2511 1974 2735 2069 ἀρεταῖς
2759 1974 3041 2059 παντοίαις
3068 1996 3493 2066 κεκοσμημένοι,
3522 1974 3721 2062 ἐπίγειοι

501 2108 1176 2168 recesseruntznonnulli
1231 2121 1363 2161 vero
1417 2119 1597 2174 neque
1650 2102 1717 2156 ad
1786 2098 2078 2155 ecclesiam

2182 2093 2423 2162 ἄγγελοι,
2438 2091 2533 2145 καὶ
2546 2092 2609 2144 οὐ
2618 2090 2790 2162 ράνιοι
2806 2089 2902 2143 ἄνθ
2911 2106 3105 2161 ρωποι·
3120 2089 3246 2142 ὅθεν
3258 2087 3583 2142 καὶτοιοῦτον
3596 2085 3722 2146 τέλος

500 2208 903 2271 processerant,
941 2214 1043 2253 nec
1067 2198 1346 2252 civitatem
1394 2194 1634 2264 amplius
1683 2191 1956 2253 viderant,
2008 2202 2078 2244 ex

2181 2184 2583 2257 ἀπηνέγκαντο,
2610 2183 2789 2238 καὶτὸ
2819 2181 3070 2254 βραϐεῖον
3092 2184 3193 2252 τῆς
3226 2181 3384 2249 νίκης
3417 2178 3723 2249 ἐκομίσαντο.

500 2307 609 2360 quo
660 2292 827 2345 vitam
874 2286 1230 2343 monasticam
1263 2285 1431 2340 semel
1468 2284 1688 2337 fuerant
1716 2277 2044 2347 amplexati;
2074 2276 2245 2331 variis
2282 2275 2451 2331 etiam
2498 2274 2801 2329 virtutibus
2846 2273 3176 2335 emicabant,
3218 2280 3510 2327 terrestres
3550 2269 3728 2323 scilicet

501 2387 679 2457 angeli
731 2394 788 2440 et
828 2384 1079 2439 cmlestcs
1126 2378 1404 2435 homines.
1444 2378 1790 2447 Quapropter
1852 2371 2205 2453 huncﬁnem
2241 2379 2374 2425 sunt
2419 2367 2639 2438 adepti,
2699 2377 2757 2423 et
2794 2366 3040 2423 victoria:
3069 2366 3368 2436 praemium
3414 2373 3536 2420 sunt
3565 2375 3728 2418 conse-

500 2483 632 2538 cuti.
3125 2522 3131 2528 _

571 2574 708 2630 Cum
760 2570 909 2628 enim
970 2566 1259 2625 lsmaelita:
1309 2564 1377 2619 ad
1424 2573 1677 2619 nostrum
1720 2562 2083 2617 accessissent

2269 2556 2638 2613 Ἐπελθόντων
2684 2555 2793 2626 γὰρ
2843 2554 2953 2607 τῶν
2992 2552 3361 2624 Ἰσμαηλιτῶν
3405 2552 3469 2622 τῇ
3517 2547 3728 2620 ἡμετέρᾳ

503 2663 921 2721 monasterium.
970 2675 1079 2714 una
1160 2658 1466 2727 septimana
1519 2665 1819 2725 antequam
1868 2661 2083 2708 sancta

2187 2648 2382 2719 Λαύρᾳ
2422 2646 2529 2718 πρὸ
2561 2647 2690 2717 μιᾶς
2725 2644 3032 2713 ’ἑϐδομάδος
3069 2640 3161 2694 τοῦ
3200 2639 3612 2713 παραληφθῆναι
3646 2636 3727 2704 τὴν

503 2757 700 2813 civitas
748 2754 946 2808 fuisset
1015 2759 1304 2819 occupata,
1338 2758 1395 2803 et
1436 2748 1701 2804 universa
1741 2741 1908 2802 sacra
1956 2759 2084 2799 vasa

2188 2744 2351 2811 ἁγίαν
2405 2741 2582 2804 πόλιν,
2646 2737 2740 2792 καὶ
2788 2739 2966 2791 πάντα
3012 2737 3079 2788 τὰ
3138 2736 3239 2807 τῆς
3298 2732 3579 2803 ἐκκλησίας
3628 2727 3730 2797 ίερα

495 2843 767 2898 Ecclesiae
798 2842 908 2911 jam
941 2838 1323 2909 diripuissent,
1350 2837 1602 2906 plerique
1645 2837 1834 2890 Patres
1856 2833 2082 2902 aufuge-

2192 2832 2365 2902 σκεύη
2394 2832 2842 2903 διαρπασάντων,
2872 2829 2935 2882 τὸ
2976 2829 3074 2898 μὲν
3106 2827 3323 2896 πλῆθος
3359 2826 3467 2878 τῶν
3503 2821 3729 2887 Πατέρωα

508 2940 642 2986 runt
685 2942 849 3000 quam
886 2929 1149 2998 primum,
1173 2935 1565 2981 remanserunt
1598 2934 1784 2979 autem
1806 2925 1864 2978 in
1892 2937 2088 2976 mona-

2194 2927 2537 2995 παραχρῆμα
2591 2923 3051 2992 ὑπανεχώρησεν
3074 2918 3395 2986 ἀπέμειναν
3419 2914 3473 2968 δὲ
3501 2913 3546 2965 oi
3566 2922 3734 2979 καρτε-

507 3021 678 3077 sterio
721 3019 819 3088 qui
861 3017 1125 3072 fortiores
1166 3015 1377 3070 Christi
1421 3014 1642 3068 fuerant
1673 3013 1842 3079 servi,
1871 3002 2092 3067 sacrum

2198 3017 2342 3089 ρικοὶ
2384 3014 2559 3068 δοῦλοι
2587 3015 2683 3068 τοῦ
2721 3012 2957 3086 Χριστοῦ
2981 3013 3039 3064 ὲν
3065 3013 3132 3080 τῇ
3160 3010 3380 3079 Λαύρα,
3414 3006 3485 3077 μὴ
3511 3002 3734 3074 βουλόμε-

512 3116 664 3169 illum
697 3113 880 3166 locum
922 3109 1225 3163 destituere
1264 3094 1418 3160 nullo
1454 3114 1616 3179 pacto
1645 3104 1920 3159 volentes.
1962 3103 2097 3158 Bar-

2196 3128 2278 3165 νοι
2313 3108 2635 3163 καταλιπεῖν
2671 3106 2767 3160 τὸν
2795 3106 2981 3159 τόπον.
3023 3104 3084 3156 Οί
3114 3102 3171 3155 δὲ
3201 3100 3472 3171 βάρϐαροι
3515 3092 3738 3150 συλλαϐό-

511 3205 630 3261 bari
662 3215 798 3257 vero
842 3216 968 3255 cum
1011 3199 1135 3252 illos
1183 3195 1762 3266 comprehendissent,
1790 3204 1847 3250 et
1887 3195 2094 3250 multos

2149 3187 2163 3243 ἶ
2199 3219 2352 3274 μενοι
2378 3200 2602 3267 αὐτοὺς,
2643 3199 2738 3255 καὶ
2775 3195 3017 3267 ἀνηλεῶς
3063 3195 3157 3247 ἐπὶ
3204 3192 3415 3256 πολλὰς
3440 3191 3634 3262 ἡμέρας
3657 3185 3736 3256 βαι

512 3298 633 3352 dies
660 3296 784 3349 illos
818 3293 1117 3347 inhumane
1146 3296 1495 3353 tractassent,
1526 3295 1590 3342 et
1633 3287 1925 3341 tormentis
1956 3284 2092 3340 81Ἠί-

2199 3272 2532 3360 σανίζοντες,
2571 3292 2809 3363 οίόμενοι
2848 3290 3109 3359 χρήματα
3147 3288 3453 3357 εὑρίσκειν,
3503 3281 3622 3352 παρ’
3671 3272 3737 3340 οἷς

516 3391 744 3451 xissent,
776 3383 1042 3455 pecunias
1073 3382 1178 3435 hoc
1202 3388 1364 3451 pacto
1394 3394 1514 3434 sese
1551 3380 1875 3434 inventuros
1896 3386 2094 3448 putan-

2202 3386 2371 3460 μηδὲν
2394 3384 2489 3438 τοῦ
2527 3384 2724 3447 αἰῶνος
2747 3381 2939 3435 τούτου
2971 3379 3240 3448 ὑπῆρχεν,
3270 3377 3425 3440 τέλος
3446 3375 3535 3428 τοῦ
3564 3365 3737 3425 σκοποῦ

516 3495 620 3547 tes,
659 3478 805 3551 apud
842 3491 982 3547 quos
1022 3474 1164 3528 nihil
1206 3473 1374 3542 hujus
1423 3471 1609 3528 saeculi
1669 3469 2089 3541 reperiebatur:

2201 3464 2548 3539 ἐκπεσόντες,
2604 3475 2875 3545 ἐμμανεῖς
2939 3472 3220 3541 γενόμενοι
3281 3471 3487 3530 πάντας
3547 3461 3740 3536 μεληδὸν

512 3577 596 3630 illi
626 3549 792 3629 simul
823 3578 990 3640 atque
1023 3568 1440 3632 intellexerunt,
1473 3580 1572 3620 sua
1619 3579 1677 3620 se
1723 3564 1944 3619 tandem
1998 3576 2095 3633 spe

2201 3569 2561 3638 κατέτεμνον.
2593 3567 2655 3620 υἱ
2701 3566 2760 3619 δὲ
2802 3563 3063 3634 μακάριοι
3107 3560 3411 3630 γεγηθότες
3449 3554 3639 3627 φαιδρῷ
3678 3549 3740 3617 τῷ

502 3683 583 3723 τοο
615 3664 900 3738 proposito
942 3661 1237 3725 excidisse,
1269 3659 1324 3712 in
1354 3658 1800 3714 eﬁ‘eratissimam
1826 3655 1974 3712 versi
2005 3668 2089 3709 ra-

2204 3658 2509 3733 προσώπῳ,
2543 3658 2883 3729 εὐχαρίστως
2901 3655 3003 3717 τὰς
3027 3654 3205 3724 ψυχὰς
3223 3651 3307 3724 τῷ
3336 3652 3524 3721 Κυρίῳ
3565 3644 3744 3700 ἀπέδωο

521 3736 691 3819 hiem.
722 3755 791 3811 ad
835 3768 1005 3809 unum
1055 3751 1408 3807 membratim
1453 3750 1646 3805 beatos
1682 3750 1806 3804 illos
1842 3736 2098 3811 concide-

2204 3771 2332 3819 καν,
2369 3752 2443 3817 ὥς
2470 3755 2535 3806 ὲκ
2562 3750 2759 3805 πολλοῦ
2789 3750 2888 3821 τὴν
2929 3746 3229 3817 ἐπιθυμίαν
3263 3746 3480 3815 ἔχοντες
3516 3736 3742 3793 ἀναλῦσαι

502 3858 672 3913 runt,
700 3846 794 3917 qui
828 3854 882 3899 et
919 3841 1123 3898 laetitia
1155 3840 1476 3895 incredibili
1524 3838 1736 3913 perfusi
1768 3853 1833 3893 ac
1865 3837 2089 3908 proinde

2204 3844 2301 3899 καί⁵
2328 3845 2428 3899 σὺν
2459 3841 2680 3914 Χριστῷ
2713 3839 2871 3894 εἶναι.
2915 3837 3213 3907 Ῥιφέντων
3251 3836 3312 3889 δὲ
3360 3834 3468 3888 τῶν
3508 3827 3742 3897 σωμάτων

518 3941 690 3997 alacri
722 3940 881 3994 vultu
924 3936 1267 4000 renidentes,
1298 3933 1448 3989 omni
1472 3947 1603 3986 eum
1647 3932 1865 3986 actione
1902 3928 2102 4000 gratia-

2207 3935 2390 3991 αὐτῶν
2438 3936 2532 3989 ἐπὶ
2562 3932 2766 3996 πολλὰς
2792 3931 3005 4004 ἡμέρας
3029 3931 3278 3998 ἀτάφων,
3316 3920 3744 3987 ὲπικατελάϐομεν

524 4049 671 4097 rum,
720 4032 932 4087 animas
996 4027 1363 4085 reddiderunt
1424 4025 1707 4080 Domino:
1743 4022 1949 4093 quippe
2004 4020 2101 4091 qui

2207 4029 2368 4099 ἡμεῖς
2399 4027 2508 4081 ἀπὸ
2543 4023 2842 4096 Ἀραϐίας·
2891 4023 2988 4075 καὶ
3017 4022 3046 4075 ὁ
3080 4020 3180 4089 μὲν
3235 4019 3418 4081 ἀϐϐᾶς
3457 4008 3740 4083 Νικομήδης

522 4141 636 4182 non
670 4125 745 4179 ita
779 4121 993 4193 pridem
1026 4120 1082 4173 in
1126 4119 1274 4173 votis
1313 4116 1627 4172 habuerant
1674 4113 1872 4168 resolvi
1896 4120 1945 4165 et
1981 4127 2102 4164 cum

2210 4120 2551 4189 θεασάμενος
2580 4116 2650 4170 τά
2681 4114 2891 4169 ἐλεεινά
2916 4113 3167 4182 θεάματα
3195 4112 3309 4165 τῶν
3349 4108 3621 4180 Πατέρων,
3652 4103 3744 4153 λει-

514 4217 732 4273 (Ihristo
763 4231 874 4270 esse
902 4216 942 4267 ¹.
960 4212 1209 4282 Corpora
1258 4223 1391 4264 vero
1416 4208 1705 4278 plusquam
1737 4203 1941 4279 tragice
1963 4215 2101 4257 caesa

2212 4211 2538 4280 ποθυμήσας
2569 4207 2757 4278 σχεδὸν
2788 4206 2964 4260 είπεῖν
2984 4205 3127 4277 ἧρθη
3150 4203 3369 4276 νεκρός.
3391 4201 3646 4257 Μόδεστος
3665 4190 3751 4282 δεὸ

525 4315 651 4366 cum
679 4324 788 4364 non
821 4319 1028 4377 paucos
1058 4302 1180 4357 dies
1211 4301 1269 4355 in
1310 4299 1541 4353 humum
1585 4295 1834 4366 disjecta,
1873 4293 1992 4347 sine
2019 4305 2106 4346 se-

2210 4299 2507 4362 ὁσιώτατος
2557 4294 2872 4370 προσελθὼν
2912 4294 3103 4348 ’πάντα
3151 4293 3221 4346 τά
3274 4290 3601 4363 σκηνώματα
3658 4280 3748 4334 τῶν

527 4403 767 4473 pulturae
801 4374 1077 4454 beneﬁcio
1106 4394 1429 4466 jaeuissent,
1462 4390 1533 4444 ab
1564 4386 1770 4443 Arabia
1801 4386 1895 4440 illo
1929 4398 2105 4454 usque

2212 4393 2385 4462 ἁγίων
2435 4388 2744 4455 συστείλας,
2804 4386 2989 4440 ἔλουσε
3051 4385 3228 4439 πολλά
3281 4401 3345 4438 τε
3395 4374 3748 4449 ἐπιδακρύσας,

526 4465 1037 4565 ajiproperavimus.
1078 4465 1147 4542 Et
1184 4484 1409 4556 quidem
1444 4481 1686 4537 eximius
1739 4478 1909 4533 abbas
1947 4476 2108 4531 Nico-

2164 4551 2180 4565 ‘
2213 4484 2307 4538 καὶ
2364 4478 2839 4550 περιπτυξάμενος
2878 4479 2949 4531 τὰ
3007 4477 3139 4545 ἅγια
3193 4478 3289 4529 καὶ
3324 4469 3619 4545 καρτερικά
3669 4465 3751 4517 αὖ·

514 4588 719 4642 -medes
746 4582 1126 4655 spectaculum
1162 4578 1297 4633 illud
1347 4575 1662 4631 miserabile
1710 4585 1975 4627 morum
2005 4570 2101 4624 Pa-

2161 4551 2183 4601 )
2210 4575 2318 4628 τῶν
2351 4549 2599 4643 λείψανα,
2628 4571 2890 4625 κατέθετο
2918 4573 2975 4622 ὲν
3007 4572 3129 4632 ταῖς
3155 4570 3356 4638 θήκαις
3377 4567 3485 4620 τῶν
3508 4561 3748 4630 Πατέρων.

532 4689 678 4733 trum
713 4651 1142 4743 contemplatus,
1177 4670 1422 4740 deliquio
1452 4668 1622 4723 animi
1656 4664 1920 4728 concidit,
1943 4673 2106 4731 atque

2219 4665 2536 4727 Ἔκτελέσας
2554 4664 2612 4718 δὲ
2631 4663 2911 4723 ὲπ“αὑτοῖς
2933 4663 3023 4714 τὸν
3048 4662 3252 4732 συνήθη
3277 4660 3497 4721 κανόνα,
3522 4651 3754 4719 ἐπεφθέγ-

533 4772 685 4825 illinc
716 4770 923 4824 relatus
977 4775 1231 4820 mortuus
1276 4778 1449 4833 prope
1493 4771 1595 4815 est.
1648 4758 1926 4813 Modestus
1966 4769 2108 4825 prae-

2192 4759 2339 4823 -ξατο
2364 4759 2548 4819 αὐτοῖς
2562 4755 2745 4831 τδκτοῦ
2788 4756 3012 4807 Ἡσαΐου
3068 4754 3244 4821 λόγιον
3274 4752 3337 4807 τὸ
3366 4744 3751 4820 φάσκον-«Ἀν-

530 4873 705 4930 terea,
760 4870 814 4915 et
872 4860 990 4929 ipse
1044 4857 1463 4919 sanctissimus,
1512 4854 1811 4907 adventum
1859 4856 2111 4903 nostrum

2206 4838 2336 4917 δρες
2358 4848 2559 4901 δίκαιοι
2582 4834 2849 4916 αἴρονται,
2869 4848 2963 4898 καὶ
2987 4846 3160 4906 οὐδεὶς
3187 4847 3474 4898 κατανοεῖ·
3500 4838 3602 4893 ἀπὸ
3619 4846 3754 4905 προς-

532 4970 659 5011 cum
694 4951 1104 5009 antevertisset,
1156 4956 1214 5003 et
1261 4957 1579 5001 sanctorum
1625 4943 1844 4997 illorum
1886 4939 2115 4993 lustras-

2214 4938 2367 4992 ώπου
2418 4939 2633 5001 ἀδικίας
2679 4933 2848 5008 ἦρται
2894 4938 2923 4990 ὁ
2950 4937 3198 4999 δίκαιος·
3236 4937 3390 4987 ἔσται
3438 4935 3495 4984 ὲν
3535 4922 3752 5000 εἰρήνῃὴ

522 5056 617 5103 set
663 5045 817 5116 prius
866 5040 1175 5097 habitacula
1218 5037 1421 5101 omnia,
1463 5035 1651 5089 itidem
1688 5046 1895 5103 angore
1942 5028 2109 5084 animi

2215 5031 2363 5101 ταφὴ
2399 5028 2588 5082 αὐτοῦ·
2634 5047 2652 5080 ι
2685 5028 2824 5082 Καί·
2864 5048 2881 5078 ι
2921 5028 3107 5107 Ψυχαὶ
3139 5026 3367 5080 δικαίων
3411 5026 3467 5075 ὲν
3494 5018 3630 5089 χειρὶ
3665 5015 3756 5066 Κυ-

534 5145 891 5199 contraetus,
938 5132 1128 5187 multis
1181 5145 1239 5184 se
1295 5127 1498 5198 proluit
1550 5112 1942 5195 lacrymis,lac
1995 5136 2114 5177 san-

2224 5123 2360 5192 ρίουο
2393 5122 2490 5175 καὶ
2518 5122 2580 5174 οὐ
2619 5121 2693 5191 μὴ
2731 5119 2935 5190 ἅψηται
2965 5104 3146 5173 αὐτῶν
3189 5118 3440 5185 βάσανος.
3471 5111 3678 5174 Ἐδοξαν
3710 5102 3756 5154 ὲν

530 5241 622 5286 cta
664 5244 786 5301 quae
833 5236 1065 5282 eatenus
1121 5220 1444 5277 resederant
1480 5219 1693 5287 lipsana
1717 5219 1738 5249 ²
1776 5215 2116 5284 circumple-

2219 5214 2518 5284 ὀφθαλμοῖς
2547 5214 2800 5283 ἀφρόνων
2832 5211 3106 5274 τεθνάναι,
3143 5212 3192 5263 οί
3214 5209 3269 5262 δέ
3303 5210 3443 5261 εἰσιν
3470 5207 3525 5256 ὲν
3558 5200 3755 5269 εἰρήνη.

529 5293 745 5387 κυε,’ἰιι
789 5322 1015 5376 Patrum
1068 5309 1720 5386 superiorum'deposuit
1767 5306 2112 5363 conditoriis.

2223 5307 2318 5360 καὶ
2345 5308 2378 5377 ή
2402 5306 2555 5368 ἐλπὶς
2577 5303 2756 5358 αὐτῶν
2783 5304 3080 5366 ἀθανασίας
3104 5303 3317 5371 πλήρης
3338 5315 3353 5327 ⁸
3377 5298 3471 5350 καὶ
3491 5293 3635 5359 ὀλίγα
3655 5302 3759 5339 παι·

611 5376 822 5486 ἰό23
852 5414 905 5467 is
925 5411 991 5465 ad
1016 5376 1164 5473 haec,
1202 5407 1298 5462 ubi
1329 5376 1634 5460 solemnem
1672 5400 1942 5471 persolvit
1965 5406 2020 5451 et
2048 5411 2116 5450 ex

2222 5395 2509 5458 δευθέντες
2560 5393 2819 5464 μεγάλως
2864 5392 3423 5463 εὐεργετηθήσονται,
3465 5388 3545 5439 ὃτι
3583 5383 3609 5435 ὁ
3648 5376 3758 5475 Oti);

614 5463 822 5486 ινα-ιν
860 5463 989 5467 η
1023 5463 1027 5464 ν
1677 5463 1691 5471 .

534 5522 691 5563 more
738 5511 1069 5561 consuetum
1120 5499 1427 5559 Canonem,
1460 5494 1597 5549 illud
1650 5504 1780 5546 mox
1829 5488 2114 5543 oraculum

2222 5487 2515 5558 ἐπείρασεν
2556 5463 2907 5549 αὐτοὺςκαλ.
2940 5479 3097 5554 εὗρεν
3130 5481 3322 5542 αὒτοὺς
3358 5478 3539 5542 ἀξίους
3565 5463 3751 5527 ἑαυτοῦ,

538 5600 695 5654 Isaiae
734 5604 952 5652 exserta
986 5609 1121 5649 voce
1178 5587 1562 5659 deprompsit:
1610 5603 1628 5635 ι
1661 5582 1778 5638 Viri
1822 5580 1956 5652 justi
2015 5578 2117 5633 tol-

2221 5580 2318 5657 καὶ
2343 5555 2416 5645 ώς
2444 5579 2818 5652 ὁλοιιάρπωμα
2844 5578 3034 5642 θυσίας
3064 5572 3430 5649 προσεδέξατο
3454 5567 3655 5631 αὐτοὺς,
3680 5555 3756 5613 καὶ

617 5738 896 5820 ³ι³ιιὶιὶρρ.
924 5766 961 5815 ι,
990 5749 1079 5803 9.5.
1153 5749 1173 5778 ²
1199 5743 1281 5798 Τὰ
1315 5744 1444 5812 ἀγια
1473 5738 1723 5810 λείψανα,
1774 5742 1992 5792 sanctas
2028 5734 2309 5805 reliquias.
