4020 6146
403 335 537 407 1425

1525 345 1891 409 EPISTOLA
1929 341 2028 401 AD
2064 320 2597 401 EUSTATHIUM.

3526 292 3660 404 ίίέϐ

402 460 456 511 iv
507 458 684 529 καιρῷ
735 458 1051 532 δπισκοπῆςη
1095 455 1280 517 αὐτῶν
1334 430 1737 535 ἀναλάμψουσι;
1789 482 1808 514 ι
1858 460 1967 518 Καὶ

2088 464 2258 510 untur
2283 466 2341 510 et
2370 467 2537 508 nemo
2568 446 2858 520 recogitat.
2898 452 3097 509 Aiacis
3129 424 3435 522 iniquitatis
3467 455 3658 509 subla--

399 549 571 603 ταῦτα
596 552 726 622 περὶ
764 552 872 605 τῶν
900 553 1070 621 ἁγίων
1094 552 1358 623 Πατέρων
1380 555 1538 625 ἡμῶν
1567 551 1808 625 είρηκὼς
1829 567 1972 623 παρ·

398 641 580 695 εκάλει
598 644 961 715 πάνταςήμᾶς
979 646 1053 717 μὴ
1078 647 1468 718 ὲγκαταλεῖψαι
1494 646 1588 700 τὸν
1605 646 1767 700 τόπον
1792 644 1970 716 ἡμῶν,

399 730 514 784 ἀλλ’
548 732 840 802 ὑπομένειν
871 737 1135 802 γενναίως
1167 738 1225 789 ὲν
1255 741 1370 802 τοῖς
1401 740 1732 806 πειρασμοῖς
1765 752 1973 806 μνημοο

402 821 651 886 νεύοντας
678 823 772 876 τοῦ
807 826 1009 897 Κυρίου
1040 827 1309 897 λέγοντοςο
1349 846 1369 880 ι
1412 831 1535 883 Ὅτι
1569 828 1729 898 στενὴ
1764 830 1797 899 ή
1830 827 1971 896 πύλη

402 915 497 968 καὶ
521 914 856 987 τεθλιμμένη
888 920 922 989 ἡ
952 920 1069 982 ὁδὸς
1098 924 1130 992 ὴ
1167 921 1457 990 ἀπάγουσα
1487 923 1566 985 εἰς
1597 920 1697 990 τὴν
1726 921 1873 991 ζωήν
1893 936 1906 949 ·
1951 937 1968 970 ι

401 1008 493 1059 καὶ
538 1008 632 1060 τοῦ
688 1009 1035 1077 Ἀποστόλου,
1063 1014 1144 1068 ὅτι
1192 1032 1212 1066 ι
1251 1015 1353 1067 Διὰ
1394 1013 1606 1068 πολλῶν
1633 1006 1866 1082 θλίψεων
1898 1012 1978 1065 δεῖ

399 1103 548 1171 ἡμᾶς
596 1101 860 1158 είσελθεῖν
900 1105 980 1166 είς
1026 1104 1127 1175 τὴν
1167 1104 1453 1175 βασιλείαν.
1494 1105 1603 1157 τῶν
1642 1102 1908 1176 ούρανῶν.
1951 1120 1969 1154 ι

402 1194 659 1261 Είξαντες
688 1195 781 1250 οὖν
825 1199 899 1277 τῇ
925 1192 1244 1269 παραινέσει
1279 1197 1442 1252 αὐτοῦ
1488 1197 1786 1269 ἐμείναμεν
1821 1197 1880 1248 ὲν
1907 1197 1974 1266 τῇ

402 1285 594 1358 Λαύρᾳ
625 1284 699 1348 ὡς
730 1288 822 1339 ἐπὶ
859 1285 953 1340 δύο
988 1288 1187 1357 μῆνας.
1214 1288 1327 1343 Καὶ
1373 1289 1536 1343 πάλιν
1573 1287 1744 1357 ἀκοῆς
1775 1282 1977 1357 βαρϐα-

402 1379 565 1449 ρικῆς
593 1379 892 1449 γενομένης
922 1379 1258 1449 φοϐηθέντες
1285 1378 1669 1449 κατεφύγομεν
1704 1381 1783 1442 εἰς
1811 1393 1977 1447 μονα·

404 1469 624 1540 στήριον
655 1468 881 1537 πλησίον
909 1468 1011 1537 τῆς
1046 1470 1205 1537 ἁγίας
1240 1470 1472 1536 πόλεως,
1500 1470 1575 1532 ὡς
1601 1468 1710 1522 ἀπὸ
1749 1466 1978 1520 σταδίων

404 1561 580 1621 εἴκοσι
613 1600 629 1625 ,
658 1561 952 1631 λεγόμενον
987 1562 1080 1615 τοῦ
1133 1561 1281 1615 ἀὸϐᾶ
1335 1561 1691 1615 Ἀναστασίου
1718 1600 1733 1624 ,
1772 1559 1980 1630 μηδένα

401 1654 462 1706 τὸ
493 1653 792 1723 τηνικαῦτα
836 1653 981 1723 ἔχον.
1025 1654 1135 1707 Καὶ
1170 1654 1495 1722 ποιήσαντες
1523 1653 1599 1715 ὡς
1623 1652 1717 1705 δύο
1754 1651 1980 1722 χρόνους

403 1747 461 1799 ἰν
488 1745 656 1817 αὐτῷ,
687 1745 851 1799 πάλιν
904 1744 1364 1815 παρεκαλούμεθα
1410 1745 1516 1798 ὑπὸ
1554 1744 1648 1798 τοῦ
1684 1744 1978 1815 εἰρημένου

402 1838 697 1890 ὁσιωτάτου
723 1837 999 1891 Μοδέστου
1029 1836 1366 1900 ἐπανελθεῖν,
1401 1837 1499 1890 καὶ
1528 1836 1748 1906 οἰκῆσαι
1779 1837 1859 1899 είς
1884 1834 1976 1889 τὸν

403 1927 567 1981 τόπον
608 1928 786 1998 ἡμῶν.
825 1927 1149 1992 Πεισθέντες
1194 1924 1286 1982 οὖν
1312 1930 1377 1998 τῇ
1412 1929 1589 1999 ἀγαθῇ
1632 1928 1800 2007 αὐτοῦ
1840 1945 1980 1998 συμ-

404 2018 613 2090 ϐουλίᾳ,
649 2020 698 2073 οἱ
735 2020 833 2089 μὲν
878 2021 1224 2091 παραχρῆμα
1254 2020 1669 2091 ἐπανήλθομεν,
1704 2021 1798 2073 καὶ
1830 2020 1980 2092 οἰκή-

405 2127 577 2180 σαμεν
605 2113 684 2174 είς
714 2112 812 2183 τὴν
854 2111 1094 2182 Λαῦραν,
1128 2113 1271 2175 τινὲς
1315 2113 1372 2165 δὲ
1414 2112 1509 2167 καὶ
1541 2113 1737 2182 μικρὸν
1773 2100 1977 2183 βραδύ-

402 2218 562 2271 τερον
590 2200 741 2272 φόϐῳ
762 2201 868 2254 τῶν
898 2201 1257 2270 γειτνιώντων
1286 2204 1418 2273 ἡμῖν
1448 2201 1800 2273 Σαρακηνῶν,
1834 2201 1980 2266 τινὲς

403 2292 460 2345 δὲ
503 2293 597 2345 καὶ
629 2294 687 2346 ὲν
722 2291 876 2373 αύτῷ
915 2292 994 2364 τῷ
1038 2295 1388 2365 μοναστηρίῳ
1434 2293 1815 2363 ἀπεμείναμεν
1859 2293 1980 2363 ἅμα

416 2385 690 2455 ἰουστίνῳ
733 2384 811 2454 τῷ
836 2386 1119 2456 όσιωτάτῳ
1153 2385 1333 2445 αὐτῶν
1366 2386 1675 2458 ῄγουμένῳ,
1698 2385 1981 2452 ἀποταξα-

408 2476 556 2545 μένῳ
600 2477 658 2528 ὲν
684 2479 750 2547 τῇ
783 2477 975 2549 Λαύρᾳ
1000 2517 1013 2540 ,
1045 2480 1139 2531 καὶ
1171 2478 1458 2539 πλείστους
1486 2479 1714 2549 χρόνους
1752 2479 1813 2532 ὲν
1843 2480 1979 2549 αὐτῇ

406 2568 754 2637 πεποιηκότι,
781 2569 879 2622 καὶ
906 2572 965 2623 ἐν
995 2570 1215 2633 πολλαῖς
1245 2571 1470 2641 ἀρεταῖς
1507 2570 1885 2642 διαπρέψαντι,
1905 2570 1981 2633 ὡς

405 2659 500 2711 καὶ
556 2661 621 2728 τῇ
678 2658 771 2712 τοῦ
830 2659 1203 2729 πρεσϐυτέρου
1259 2660 1407 2732 ἀξίαι
1443 2659 1606 2729 αὑτὸν
1657 2659 1977 2730 τιμηθῆναι.

406 2749 597 2812 Ὅστις
626 2748 1040 2814 θεοσεϐέστατος
1080 2752 1366 2815 Ἰουστίνος
1390 2751 1607 2822 πολλὴν
1640 2752 1888 2805 συνοδίαν
1922 2753 1981 2804 ἐν

403 2841 483 2911 τῷ
519 2841 669 2911 αύτῷ
701 2827 1140 2916 μοναστηρίῴητῇ
1174 2844 1266 2897 τοῦ
1304 2844 1545 2917 Χριστοῦ
1595 2845 1781 2915 χάριτι
1821 2861 1981 2911 περι-
2003 2835 2030 2847 ”

407 2932 703 2996 εποιήσατο
752 2934 970 3004 κρατῶν
1019 2934 1113 2988 τὸν
1143 2936 1341 2990 κανόνα
1391 2935 1839 3006 ἀπαραλλάκτως·
1882 2937 1987 3005 τῆς
2019 2940 2043 2959 ’

408 3023 631 3093 Λαύρας
648 3026 743 3101 καὶ
770 3026 868 3097 τὴν
894 3027 1087 3100 λοιπὴν
1115 3030 1472 3093 κατάστασιν,
1497 3031 1592 3083 καὶ
1621 3031 1722 3083 οὐκ
1739 3027 1811 3081 ἀν
1829 3024 1979 3098 εὖροι
2039 3037 2058 3052 ³·

2074 557 2163 604 tus
2194 556 2280 603 est
2298 549 2501 618 justus.
2533 543 2652 600 Erit
2680 543 2737 599 in
2772 560 2909 616 pace
2945 546 3257 615 sepulcrum
3279 548 3397 622 ejus
3423 547 3463 600 ³.
3494 566 3511 597 ι
3549 546 3620 624 Et
3639 563 3653 599 :

2081 658 2100 690 ι
2136 638 2273 708 Spes
2298 640 2518 693 illorum
2561 637 2974 693 immortalitate
3006 637 3186 706 plena.
3238 637 3297 691 In
3336 637 3526 707 paucis
3558 654 3658 693 vc-

2074 732 2208 796 xati,
2240 732 2296 786 in
2325 710 2517 787 multis
2546 732 2687 787 bene
2715 728 3084 801 disponentur
3105 770 3118 792 ,
3154 730 3285 798 quia
3309 730 3456 785 Deus
3480 741 3659 786 tenta-

2073 822 2153 877 vit
2185 823 2309 879 illos
2335 864 2351 889 ,
2378 832 2436 879 et
2465 824 2677 879 invenit
2715 838 2813 878 eos
2857 822 3055 894 dignos
3089 836 3147 875 se
3169 863 3184 886 ,
3218 829 3276 875 et
3304 823 3462 890 quasi
3503 822 3661 877 bolo.-

2075 916 2250 971 causti
2271 917 2507 972 hostiam
2525 917 2547 949 '*
2562 916 2775 986 accepit
2794 930 2908 980 eos,
2922 924 2979 970 et
3001 915 3055 968 in
3068 922 3315 984 tempore
3329 916 3659 972 visitationis

2075 1008 2348 1078 ipsorum,
2388 1008 2776 1079 splendescent
2809 1023 2872 1063 ac
2899 1007 3253 1079 refulgebunt
3272 1007 3315 1062 ⁸.
3354 1027 3372 1060 ι
3419 1007 3488 1062 Ει
3540 1008 3657 1064 haec

2077 1100 2147 1156 de
2177 1100 2384 1155 sanctis
2419 1101 2529 1155 illis
2573 1115 2700 1156 cum
2737 1100 3129 1155 edisseruisset
3152 1141 3171 1177 ,
3204 1094 3657 1169 unumquemque

2076 1199 2327 1247 nostrum
2358 1190 2640 1246 adhortari
2673 1190 2843 1260 coepit
2868 1206 2937 1245 ne
2969 1206 3079 1260 quo
3110 1179 3527 1262 emigraremus,
3550 1191 3657 1245 loci

2078 1284 2230 1339 illius
2254 1283 2432 1338 nostri
2461 1282 2776 1338 desertores
2801 1302 2813 1336 :
2850 1285 3022 1354 magis
3042 1300 3173 1337 vero
3202 1299 3296 1338 eas
3321 1300 3444 1353 quas
3474 1282 3659 1337 immi-

2077 1375 2287 1430 nebant
2318 1374 2651 1430 tentationes
2701 1391 2969 1445 generoso
3004 1386 3227 1445 pectore
3260 1375 3655 1445 perferremus,

2078 1465 2380 1521 Dominicis
2419 1466 2571 1521 illius
2624 1482 2897 1521 memores
2945 1468 3277 1521 sententias:
3331 1487 3349 1517 ι
3379 1466 3516 1532 Quia
3555 1484 3655 1522 an-

2080 1568 2237 1630 gusta
2284 1564 2369 1613 est
2415 1566 2574 1628 porta
2599 1600 2614 1625 ,
2663 1566 2719 1613 et
2766 1569 2918 1613 arcta
2958 1558 3045 1614 via
3072 1561 3092 1591 ⁸
3123 1573 3245 1629 quae
3288 1559 3443 1613 ducit
3472 1559 3539 1612 ad
3574 1560 3655 1613 vi—

2083 1653 2260 1718 tam";
2290 1670 2308 1703 ι
2342 1650 2438 1705 sed
2454 1659 2510 1706 et
2537 1648 2784 1720 Apostoli
2810 1650 3046 1705 dicentis
3072 1671 3085 1704 :
3127 1669 3143 1701 ι
3173 1649 3311 1716 Quia
3341 1665 3439 1719 per
3461 1650 3658 1707 multas

2084 1743 2708 1812 tribulationesopo‘rtet
2735 1759 2835 1797 nos
2865 1744 3096 1798 introire
3118 1743 3173 1797 in
3201 1758 3428 1814 regnum
3453 1744 3546 1798 Dei
3578 1743 3650 1797 ⁸.»

2083 1835 2458 1905 Hujusitaque
2487 1834 2848 1890 admonitioni
2876 1836 3051 1889 visum
3073 1845 3158 1890 est
3183 1850 3375 1905 gerere
3414 1850 3620 1888 morem
3644 1875 3661 1899 ,

2084 1943 2261 1998 eoque
2305 1928 2361 1981 in
2414 1928 2571 1982 laura
2628 1927 2766 1982 duos
2820 1942 3274 1997 propc.menses
3337 1927 3661 1981 mansimus.

2036 2038 2040 2043 ·
2086 2020 2331 2075 Rumore
2357 2020 2506 2074 enim
2546 2002 2740 2074 rursus
2785 2018 3037 2074 exterriti
3089 2033 3247 2073 novae
3296 2018 3668 2073 Barbarorum

2085 2113 2446 2171 excursionis,
2473 2111 2799 2183 suﬂ‘ugimus
2838 2112 2895 2166 in
2927 2111 3323 2166 monasterium
3353 2118 3557 2166 sancta:
3582 2110 3663 2164 ci-

2087 2204 2646 2275 vitati'propinquum
2671 2245 2686 2270 ,
2720 2204 3222 2275 quodquidemab
3245 2220 3311 2259 ea
3344 2204 3664 2275 disparatur.

2088 2297 2281 2353 stadiis
2306 2296 2421 2352 fere
2444 2297 2678 2368 viginti,
2715 2298 2806 2353 cui
2844 2312 3047 2352 nomen
3085 2296 3301 2352 abbatis
3332 2297 3607 2352 Anastasii
3647 2316 3660 2350 :

2086 2392 2182 2447 ubi
2205 2392 2481 2446 neminem
2526 2407 2753 2461 prorsus
2784 2401 2897 2445 tum
2928 2390 3035 2446 loci
3066 2387 3299 2445 incolam
3333 2389 3663 2451 invenimus.

2088 2483 2196 2539 Sed
2224 2493 2283 2539 et
2310 2483 2517 2538 ibidem
2544 2483 2674 2548 loci,
2715 2482 2857 2537 duos
2885 2483 3022 2538 alios
3042 2497 3213 2552 prope
3235 2497 3361 2537 cum
3392 2480 3675 2543 demorati

2089 2588 2337 2629 essemus
2368 2588 2585 2628 menses
2612 2612 2625 2636 ,
2658 2588 2879 2627 rursum
2909 2572 3176 2627 admoniti
3210 2585 3401 2626 sumus
3436 2571 3666 2626 sanctis-

2090 2665 2215 2720 simi
2247 2665 2502 2735 superius
2531 2664 2665 2720 dicti
2697 2664 2926 2721 Modesti
2953 2664 3373 2729 adhortatione,
3416 2670 3477 2717 ut
3518 2670 3675 2732 posts

2089 2756 2308 2812 liminio
2330 2757 2543 2811 reversi
2577 2754 2634 2810 in
2660 2756 2889 2826 proprio
2925 2756 3303 2811 habilaremus
3330 2756 3475 2811 loco.
3505 2754 3667 2809 Tanti

2034 2902 2037 2905 .
2090 2847 2276 2917 itaque
2324 2847 2503 2902 Patris
2536 2847 2717 2917 probo
2759 2862 2823 2901 ac
2856 2846 3080 2900 salutari
3124 2846 3357 2900 consilio
3390 2846 3681 2915 persuasi,.

2090 2948 2148 2995 et
2176 2940 2399 3010 quidem
2422 2940 2674 2995 nonnulli
2696 2955 2726 2994 e
2746 2940 2980 3010 vestigio
3014 2940 3068 2993 in
3098 2938 3376 2993 Laurense
3390 2938 3669 2992 concessi-

2090 3048 2216 3088 mus
2241 3033 2635 3089 monasterium
2670 3033 2877 3088 ibidem
2916 3032 3021 3087 loci
3051 3030 3356 3099 habitaturi
3386 3047 3402 3096 ;
3444 3028 3666 3098 quidam

406 3132 490 3180 τις
522 3118 581 3169 ὲν
621 3112 717 3190 ὅλῃ
753 3120 1066 3194 Παλαστίνῃ
1097 3122 1130 3194 ἠ
1180 3123 1239 3175 ὲν
1273 3121 1419 3192 ἄλλῳ
1449 3122 1699 3191 κοινοσίῳ
1724 3121 1983 3188 τοιαύτην

2087 3135 2271 3181 autem
2291 3126 2963 3197 remigraruntaliquanto
3002 3125 3182 3179 serius
3208 3123 3441 3183 lauram,
3469 3120 3669 3175 timore

409 3212 786 3280 πνευματικὴν
810 3213 1166 3269 κατάστασιν.
1207 3214 1473 3268 ’Λνθείνδὲ
1497 3214 1591 3268 καὶ
1615 3213 1837 3279 αὐξάνει
1861 3210 1984 3267 καθ’

408 3300 685 3371 ἑκάστηνο
737 3303 830 3356 καὶ
873 3304 1184 3375 προϐαίνων
1244 3306 1388 3360 κατά
1430 3310 1522 3361 τὸν
1587 3306 1774 3365 Ἰσαὰκ
1811 3306 1987 3376 μέγας

409 3389 642 3457 γίνεται,
680 3390 756 3455 ὡς
789 3395 857 3446 ὲκ
881 3393 1071 3447 τούτου
1109 3395 1324 3465 χαίρειν
1369 3398 1521 3465 ἡμᾶς
1553 3395 1988 3466 στοχαζομένους

412 3482 615 3546 καλῶς,
647 3484 730 3535 ὅτι
770 3484 829 3536 ὲν
859 3484 1011 3556 πάσῃ
1040 3486 1197 3555 χώρα
1243 3486 1539 3556 διαλάμπει
1578 3489 1882 3558 φωστήρων
1906 3486 1989 3544 δίι-

411 3575 516 3641 κην
544 3573 605 3625 τὸ
638 3574 859 3643 σπέρμα
890 3575 985 3627 τοῦ
1013 3578 1167 3643 ἀγίου
1187 3577 1401 3648 Πατρδς
1432 3577 1590 3647 ἡμῶν
1612 3579 1779 3633 Σάὄα.
1797 3578 1989 3647 Ἡμεῖς

414 3662 470 3716 δὲ
500 3664 547 3715 oi
580 3666 827 3717 ταπεινοὶ
877 3668 941 3737 τῇ
976 3666 1070 3719 τοῦ
1106 3667 1242 3720 Θεοῦ
1296 3668 1482 3739 χάριτι
1527 3671 1622 3723 καὶ
1667 3669 1868 3740 σπουδῇ
1894 3668 1987 3723 τοῦ

413 3757 815 3828 προειρημένου
857 3759 1154 3813 ὁσιωτάτου
1184 3760 1460 3814 Μοδέστου
1509 3762 1568 3814 ὲν
1603 3761 1804 3833 ἠσυχίᾳ
1858 3763 1990 3815 καθ-

414 3849 595 3921 ήμεθα
626 3849 766 3920 ὑπὲρ
795 3849 864 3905 τὰ
882 3850 1072 3922 πρώην
1105 3851 1221 3921 ἔτη,
1244 3853 1696 3924 εὐχαριστοῦντες
1720 3854 1812 3907 καὶ
1833 3853 1990 3921 δοξά-

414 3942 596 4006 ζοντες
645 3940 736 3994 τὸν
784 3940 916 3994 Θεὸν
946 3941 1038 3995 τὸν
1089 3943 1423 3999 θανατοῦντα
1465 3945 1987 4014 καὶ-ζωοποιοῦντα,

416 4035 510 4088 καὶ
538 4033 796 4088 ποιοῦντα
815 4034 1093 4106 θαυμάσια
1113 4035 1325 4106 μεγάλα
1346 4037 1525 4108 μόνον.
1545 4037 1985 4108 Ἐσπλαγχνίσθη

416 4127 527 4196 γὰρ
543 4128 622 4188 εἰς
638 4127 789 4197 ἡμᾶς
817 4126 1035 4197 ήαύτοῦ
1059 4126 1456 4200 ἀγαθότης,κα“ι
1474 4132 1554 4194 είς
1580 4130 1863 4202 προκοπὴν
1895 4147 1993 4202 με-

417 4219 587 4291 γάλην
616 4221 813 4291 ἤνεγκε
836 4221 929 4275 τὸν
962 4222 1124 4276 τόπον
1166 4222 1348 4293 ἡμῶν,
1380 4224 1505 4277 ὅσον
1543 4224 1679 4297 πρὸς
1709 4225 1839 4287 τοὺς
1867 4240 1994 4278 και-

419 4313 567 4382 ροὺς,
595 4312 682 4365 διὰ
698 4315 825 4376 τοὺς
848 4313 1349 4381 προδουλεύσαντας
1373 4315 1522 4386 αύτῷ
1549 4317 1787 4389 γνησίως
1808 4319 1869 4371 ὲν
1895 4318 1995 4371 αύο

418 4400 494 4469 τῷ
524 4401 716 4467 ἁγίους
759 4400 980 4465 δούλους
1012 4401 1201 4454 αὑτοῦ.
1246 4402 1571 4474 Ἑχαρίσατο
1611 4404 1667 4456 δὲ
1707 4404 1840 4473 ἡμῖν
1876 4403 1990 4456 Πα-

2088 3218 2339 3274 exterriti
2388 3218 2566 3289 gentis
2624 3217 2962 3273 Saracenicaa
3009 3215 3156 3270 haud
3191 3215 3381 3285 procul
3416 3213 3670 3267 habitan-

2090 3311 2189 3377 tis;
2226 3310 2320 3365 alii
2352 3319 2544 3365 contra
2575 3310 2631 3364 in
2678 3310 2871 3365 eodem
2903 3324 3255 3381 permansere
3285 3305 3622 3360 monasterio
3653 3346 3667 3361 .

2089 3411 2201 3459 una
2235 3419 2360 3459 cum
2404 3402 2756 3459 sanctissimo
2787 3418 2889 3456 suo
2917 3399 3150 3470 pncside
3180 3399 3400 3453 Justino
3432 3438 3445 3462 ,
3484 3396 3575 3466 qui
3614 3397 3671 3450 in

2090 3497 2244 3552 laura
2265 3497 2616 3551 renuntiarat
2651 3494 2858 3549 mundo
2895 3493 3048 3554 huic,
3087 3505 3199 3561 quo
3228 3489 3334 3544 loci
3367 3489 3671 3559 plurimum

2091 3593 2351 3656 exegerat
2376 3583 2644 3654 temporis
2670 3624 2684 3648 ,
2715 3597 2777 3638 ac
2800 3590 2957 3636 tanto
2999 3578 3294 3650 splendore
3336 3579 3673 3634 inclarue'rat

2091 3677 2387 3742 virtutum,
2413 3685 2475 3732 ut
2502 3676 2772 3747 dignitate
2804 3673 3134 3745 presbyterii
3166 3671 3516 3727 cohoneStari
3543 3686 3671 3741 pro-

2092 3766 2377 3820 meruerit.
2412 3765 2666 3821 Justinus
2698 3764 2812 3828 hic,
2848 3764 2943 3818 Dei
2970 3778 3098 3818 cum
3129 3764 3202 3818 sit
3225 3762 3684 3831 sapientissimus

2092 3858 2295 3921 cultor,
2354 3858 2411 3912 in
2457 3857 2554 3911 illo
2610 3870 2713 3910 suo
2761 3854 3139 3920 monasterio,
3191 3853 3365 3924 gratia
3417 3851 3673 3923 prmduce

2091 3950 2323 4015 Christi,
2351 3964 2704 4005 numerosam
2733 3947 3027 4002 admodum
3057 3946 3456 4001 confluentium
3478 3958 3545 3999 eo
3568 3942 3687 3998 loci'

2095 4042 2290 4101 ascivit
2317 4040 2823 4112 congregationem,
2856 4040 2938 4095 sic
2964 4035 3128 4094 ienax
3163 4048 3221 4095 et
3246 4039 3551 4093 observans
3584 4052 3677 4092 ca-

2093 4131 2259 4186 nonis
2298 4146 2363 4185 ac
2389 4138 2714 4185 cmterarum
2739 4129 3201 4185 eonstitutionum
3236 4128 3525 4183 Laurentii
3561 4143 3674 4182 coan-

2094 4221 2270 4287 nobii,
2309 4229 2368 4277 ut
2392 4222 2460 4277 ab
2484 4222 2572 4278 his
2598 4221 2857 4291 neutrobi
2892 4221 3108 4277 evariet
3148 4221 3233 4276 sui
3258 4236 3482 4290 semper
3524 4219 3677 4274 simi-

2093 4314 2185 4379 lis,
2221 4313 2360 4369 adeo
2390 4321 2453 4368 ut
2480 4330 2590 4367 non
2625 4313 2785 4369 facile
2814 4313 2940 4383 quis
2974 4313 3191 4383 uspiam
3242 4310 3488 4366 inveniat
3532 4310 3678 4366 inter

2097 4407 2223 4459 vita
2277 4404 2590 4459 communis
2620 4405 2642 4437 ⁹
2674 4403 3020 4474 professores
3067 4402 3160 4472 qui
3203 4402 3295 4457 sic
3344 4408 3569 4455 tueatur
3613 4414 3678 4453 ac

418 4490 551 4556 τέρα
600 4492 694 4542 καὶ
726 4490 960 4560 ποιμένα
1006 4493 1040 4562 ἡ
1066 4491 1231 4545 αὐτοῦ
1258 4469 1531 4564 ἀγαθότης
1549 4534 1563 4558 ,
1590 4469 1862 4562 ἄξιον-τῆς
1891 4494 1988 4546 αύ-

2097 4502 2279 4554 servet
2333 4495 2613 4551 mordicus
2666 4494 3015 4564 spiritualem
3056 4492 3278 4548 vivendi
3311 4484 3674 4547 sanctiOnem.

419 4575 511 4627 τοῦ
529 4577 809 4646 προνοίας,
853 4578 1054 4646 Θωμᾶν
1075 4579 1169 4632 τὸν
1198 4580 1513 4646 ὁσιώτατον,
1532 4581 1836 4648 γνωστικόν
1859 4583 1990 4637 ὄντα

420 4668 514 4720 καὶ
556 4668 835 4733 παντοίαις
884 4670 1105 4739 ἀρεταῖς
1156 4674 1741 4744 κατακεκοσμημένον,
1787 4674 1880 4729 τὸν
1928 4676 1993 4728 ὲκ

417 4762 616 4830 νεαρᾶς
635 4760 849 4831 ἡλικίας
858 4761 1079 4831 ἡσύχιον
1099 4764 1415 4834 ἀσκήσαντα
1442 4764 1578 4835 βίον·
1598 4767 1687 4823 τὸν
1704 4768 1880 4839 πρᾶον
1902 4768 1996 4822 καὶ

418 4854 738 4922 φιλάδελφον
768 4856 862 4909 καὶ
887 4857 1355 4926 συμπαθέστατον,
1380 4859 1470 4912 τὸν
1489 4860 1740 4914 ταπεινὸν
1765 4863 1830 4932 τῇ
1861 4879 1998 4931 καρ-

415 4944 526 5016 δίᾳ,
563 4945 654 4997 τὸν
684 4946 813 5016 περὶ
837 4947 938 5013 τὴν
964 4947 1133 5018 εὐχὴν
1160 4949 1255 5002 καὶ
1292 4950 1494 5003 κανόνα
1516 4951 1871 5022 θερμότατον.
1902 4952 1995 5005 Διὸ

418 5036 515 5090 καὶ
548 5038 578 5090 ό
602 5036 734 5100 Θεὸς
766 5039 856 5090 ἐπὶ
893 5038 991 5108 τῆς
1020 5039 1325 5110 ήγητηρίας
1355 5040 1524 5095 αὑτοῦ
1553 5045 1634 5105 είς
1675 5042 1992 5114 πλατυσμδν

416 5129 617 5197 ἤνεγκε
640 5129 765 5191 τοὺς
792 5129 955 5183 αὑτοῦ
979 5132 1257 5200 φοιτητὰς.
1276 5133 1335 5186 Ὀ
1365 5133 1421 5186 δὲ
1448 5134 1679 5205 ἀριθμὸς
1710 5135 1996 5189 τῶννάναι-

424 5217 690 5284 ρεθέντων
711 5219 978 5289 Πατέρων
1032 5224 1183 5276 ἐστὶν
1237 5223 1538 5296 ὀνομάτωνκ
1582 5227 1993 5296 τεσσαράκοντα

415 5307 720 5376 τεσσάρων.
793 5309 1154 5366 Ἐπιτελεῖται
1202 5312 1261 5366 δὲ
1313 5315 1347 5385 ἡ
1404 5316 1591 5385 μνήμη
1630 5315 1814 5367 αὐτῶν
1867 5317 1999 5385 μηνὶ

417 5398 584 5465 Μαΐῳ
648 5401 1134 5474 πεντεκαιδεκάτῃ.
1211 5404 1409 5474 Χάριτι
1484 5405 1542 5458 δὲ
1608 5403 1846 5474 Χριστοῦ
1903 5405 1996 5458 καὶ

420 5489 629 5560 σπουδῇ
662 5489 760 5544 τοῦ
815 5492 1206 5564 προλεχθέντος
1237 5495 1536 5550 ὁσιωτάτου
1564 5493 1781 5566 Πατρὺς
1833 5494 1996 5565 ἡμῶν

2098 4576 2283 4643 Floret
2312 4587 2379 4650 is,
2416 4595 2473 4643 et
2511 4584 2838 4655 quotidiana
2882 4585 3149 4639 virtutum
3182 4583 3501 4639 accessione
3554 4598 3678 4638 suc-

2100 4680 2324 4743 crescit,
2358 4677 2528 4749 ﬁtque
2552 4690 2781 4749 magnus
2815 4676 3081 4747 temporis
3114 4691 3435 4747 progressu,
3481 4682 3541 4730 ut
3583 4674 3678 4730 ille

2102 4772 2232 4826 olim
2260 4771 2711 4827 eximiuslsaac:
2748 4769 2825 4823 ita
2868 4777 2930 4823 ut
2977 4778 3033 4823 et
3079 4782 3182 4822 nos
3235 4767 3454 4836 quoties
3503 4765 3677 4819 aciem

2104 4861 2305 4916 mentis
2330 4861 2387 4915 in
2413 4861 2564 4915 hunc
2586 4875 2751 4915 unum
2773 4859 3020 4928 pressius
3040 4857 3402 4921 intendimus,
3430 4870 3495 4910 ac
3510 4856 3678 4910 veluti

2103 4952 2171 5006 ad
2193 4966 2422 5022 scopum
2461 4957 2609 5004 recta
2641 4950 3008 5005 collineamus
3034 4991 3049 5015 ,
3083 4947 3402 5003 incredibili
3449 4945 3677 5017 perfun-

2101 5041 2299 5096 damur
2324 5042 2549 5112 gaudio.
2578 5041 2636 5095 l’n
2657 5043 2809 5096 omni
2836 5041 3046 5096 circum
3067 5040 3310 5112 regione,
3340 5039 3477 5093 tanti
3504 5038 3681 5091 Patris

2101 5132 2395 5189 celebritas
2438 5134 2615 5189 instar
2666 5133 2953 5203 praelucidi
2996 5131 3290 5187 luminaris
3341 5128 3675 5189 intermicat,

2102 5224 2565 5295 splendoremque
2596 5240 2758 5280 suum
2807 5225 3132 5295 ejaculatur.
3198 5222 3399 5276 Semen
3456 5227 3540 5273 est
3586 5218 3678 5272 hic

2104 5318 2277 5373 sancti
2299 5318 2480 5374 Patris
2505 5319 2682 5373 nostri
2737 5317 2915 5373 Sabee.
2949 5316 3062 5369 Nos
3093 5313 3323 5383 proinde
3362 5310 3599 5365 humiles
3622 5321 3679 5364 et

2102 5408 2324 5478 abiecti,
2360 5409 2527 5479 gratia
2556 5409 2799 5478 primum
2826 5407 2947 5469 Dei,
2984 5404 3185 5459 deinde
3210 5403 3353 5457 seria
3382 5400 3677 5456 admodum

2101 5508 2157 5554 et
2176 5510 2433 5556 accurata
2464 5499 2744 5570 diligentia
2770 5495 3175 5567 praememorati
3208 5491 3540 5549 sanctissimi
3565 5490 3685 5545 Mo-

496 5668 523 5748 '_
562 5666 667 5748 lsa.
696 5682 821 5732 Lvn,
855 5667 929 5748 l_._
981 5668 1003 5700 ‘
1032 5669 1126 5748 βτί
1154 5673 1304 5739 quasi
1353 5672 1617 5748 integrant
1653 5671 1989 5748 _oblat§a_n_em
2030 5674 2234 5731 hostire.
2309 5677 2328 5708 ⁸
2355 5676 2479 5745 Sap.
2507 5691 2583 5740 ill,
2610 5675 2722 5729 4-6.
2801 5674 2819 5707 ⁸
2843 5673 2917 5729 Gr
2968 5674 3057 5728 Via
3108 5673 3468 5747 afﬂictionibus
3506 5681 3681 5748 septa.

426 5736 667 5792 ‘Matth.
719 5754 822 5805 vn,
871 5739 954 5794 Η.
1032 5742 1052 5774 ⁸
1097 5736 1215 5797 Act.
1270 5757 1380 5809 xw,
1431 5736 1520 5797 2⁷1.
1596 5743 2020 5800 Ὀωιιοδίιίοω.
