4020 6146
498 307 634 373 1427

1772 330 2139 399 ANTIOCHI
2176 335 2521 402 MONACHI

3594 353 3710 422 1428

491 426 658 490 desti,
691 428 1067 501 sedentariam
1114 435 1259 492 hanc
1306 437 1578 510 exigimus
1607 442 1776 498 vitam
1835 444 1892 500 in
1938 444 2064 503 libe-

2179 449 2457 508 Μοδὲστου
2487 454 2764 511 οίκοῦψται
2795 458 2985 513 καὶτὰ
3015 460 3176 515 λοιπὰ
3201 462 3299 533 τῆς
3330 463 3532 535 ἐρήμου
3567 483 3712 537 μονα-

488 519 632 575 riore
664 529 720 576 et
755 520 1143 595 tranquilliore
1177 529 1314 595 otio,
1342 547 1447 601 pro
1477 532 1565 589 his
1601 535 1906 593 etiamnum
1949 557 2073 611 qua:

485 612 655 680 paulo
690 615 974 686 contigere
1001 618 1196 688 prius,
1247 622 1462 697 1024
1487 627 1741 684 actiones
1764 631 2070 701 gratiarum

482 707 887 771 persolventes,
914 714 972 761 et
995 708 1367 779 gloriﬁcantes
1386 715 1555 770 Deum
1582 717 1677 787 qui
1698 727 1756 773 et
1775 721 2069 781 mortificat

484 801 539 846 et
568 793 808 849 viviﬁcat
843 814 856 849 :
887 798 1094 869 quique
1126 802 1401 859 mirabilia
1439 822 1633 878 magna
1659 808 1790 865 facit
1814 820 1871 868 et
1893 814 2073 871 solus.

480 882 659 952 lpsius
712 888 861 942 enim
908 890 1221 963 benignitas
1248 935 1263 960 ,
1299 911 1411 952 sum
1461 913 1591 971 erga
1636 916 1741 958 nos
1776 904 2066 975 adaperuit

477 974 695 1033 viséera
727 979 1140 1047 misericordim,
1165 984 1462 1057 locumque
1496 989 1646 1046 hunc
1683 974 1936 1049 nostrum
1954 1012 2064 1053 non

480 1065 752 1122 mediocri
775 1069 963 1126 favore
998 1088 1062 1127 ac
1088 1078 1439 1144 promotione
1476 1083 1674 1149 extulit
1728 1100 1891 1155 quam
1928 1087 2062 1144 bac-

482 1167 648 1212 tenus
696 1161 1142 1232 magniiicentius
1182 1168 1380 1223 multo.
1438 1169 1713 1228 Caeterum
1767 1175 1822 1230 id
1874 1178 2065 1248 gratiae

481 1249 644 1305 nobis
664 1267 786 1308 esse
815 1253 1093 1310 indultum
1124 1258 1463 1341 crediderim
1499 1278 1599 1333 per
1635 1266 1886 1336 priorum
1935 1284 2063 1325 san-

450 1347 698 1396 'ctorum
734 1344 952 1411 merita,
983 1348 1081 1417 qui
1102 1349 1194 1405 hic
1214 1351 1468 1420 Domino,
1501 1357 1806 1416 sinceriore
1834 1362 2058 1430 aﬂectu,

477 1435 854 1490 venerabilem
888 1438 1194 1497 exhibuere
1222 1444 1399 1501 latrize
1430 1448 1666 1503 cultum.
1706 1450 1812 1506 Sed
1843 1462 1897 1508 et
1924 1455 2058 1515 illud

477 1522 641 1578 nobis
662 1526 905 1595 gratuito
942 1527 1175 1586 indulsit
1197 1548 1398 1589 munus
1423 1551 1520 1591 sua
1554 1540 1726 1595 solius
1755 1544 2057 1611 providen-

476 1615 550 1669 tia
578 1616 826 1688 dignum,
862 1622 1043 1676 modis
1068 1625 1329 1681 omnibus
1353 1630 1730 1687 venerabilem
1767 1634 2056 1703 Thomam,

478 1704 657 1759 virum
682 1709 841 1780 longe
872 1711 1311 1769 eruditissimum
1344 1757 1358 1781 ,
1391 1718 1750 1791 omniumque
1788 1723 2056 1781 virtutum

2175 543 2394 613 στήρια.
2426 545 2556 600 Ἰδοὺ
2582 542 2698 612 οὖν,
2726 548 2873 619 τίμιε
2898 552 3076 622 πάτερ
3098 553 3387 619 Εὐστάοιε,
3409 556 3465 607 ἐν
3488 558 3710 627 συντόμῳ

2171 633 2208 688 ἃ
2236 639 2369 706 περὶ
2401 637 2513 692 τῶν
2535 640 2705 708 ἁγίων
2730 641 2888 712 ἡμῶν
2913 645 3008 698 καὶ
3034 646 3134 715 τῆς
3157 646 3377 718 Λαύρας
3402 649 3631 719 ὲσήμανα
3652 653 3707 722 τῇ

2170 724 2414 798 ὑμετέρᾳ
2443 728 2738 800 θεοφιλείᾳ,
2784 733 2878 786 καὶ
2902 733 3037 788 ἄλλα
3075 735 3132 788 δὲ
3167 736 3459 804 εὐαγγέλια
3485 757 3708 809 χειροποι-

2168 815 2334 871 οῦντα
2359 819 2458 890 τὴν
2502 821 2777 893 ὑμετέραν
2806 823 3008 896 ψυχὴν,
3049 827 3144 880 καὶ
3174 829 3376 892 παντὸς
3407 830 3707 901 Χριστιανοῦ

2168 906 2460 975 ἀκούοντος
2486 912 2645 977 αὐτὰ,
2685 910 3110 988 εὐαγγελίζομαι
3154 919 3305 989 ὑμῖν.
3349 920 3405 974 '0
3433 922 3535 992 γάρ
3561 926 3706 993 προῤ-

2167 998 2360 1071 ῥηθεὶς
2387 1001 2683 1068 ὁσιώτατος
2708 1005 2986 1071 Μόδεστος
3009 1009 3069 1061 οὐ
3112 1009 3275 1079 μόνον
3293 1014 3587 1081 προνοεῖται
3615 1013 3706 1066 τῶν

2162 1090 2261 1160 τῆς
2295 1091 2506 1162 ἐρήμου
2539 1097 2916 1167 μοναστηρίων
2939 1137 2955 1164 ,
2987 1098 3123 1154 ἀλλὰ
3153 1101 3250 1155 καλ
3285 1104 3383 1171 τῆς
3411 1102 3608 1166 πόλεως
3627 1102 3706 1158 κάι

2164 1181 2345 1251 πάσης
2378 1183 2480 1255 τῆς
2509 1186 2836 1256 περιοικίδας
2857 1207 2869 1221 ·
2899 1189 2997 1244 τοῦ
3025 1190 3164 1245 Θεοῦ
3200 1192 3544 1265 ἐνεργοῦντος
3579 1194 3705 1266 αὐτῷ

2161 1275 2220 1326 ἑν
2259 1275 2442 1330 παντί.
2477 1271 2646 1342 Οὗτος
2682 1278 2792 1351 γὰρ
2812 1280 2888 1346 ὡς
2915 1281 3131 1353 άληθῶς
3163 1285 3193 1337 ὁ
3220 1285 3342 1346 νέος
3370 1283 3521 1354 ἡμῶν
3564 1283 3706 1338 Baes-

2160 1365 2287 1437 λεὴλ
2321 1368 2353 1438 ἢ
2388 1370 2695 1442 Ζοροϐάϐελ
2744 1372 3008 1444 πλησθεὶς
3068 1375 3393 1446 Πνεῦματος
3426 1376 3592 1444 άγίου,
3627 1379 3707 1430 ἀν-

2159 1461 2351 1530 ήγειρε
2382 1466 2619 1529 καὶτοὺς
2650 1465 3069 1536 ὲμπρησθέντας
3101 1469 3429 1537 σεδασμίους
3459 1471 3604 1532 ναοὺς
3629 1468 3707 1522 τοῦ

2158 1553 2411 1626 Σωτῆρος
2460 1556 2618 1626 ἡμῶν
2664 1557 2837 1627 Ἰησοῦ
2891 1560 3150 1631 Χριστοῦ,
3194 1561 3256 1614 τό
3284 1579 3346 1615 τε
3389 1563 3538 1630 ἅγιον
3591 1580 3708 1631 κραι-

2158 1641 2290 1711 νίον,
2326 1646 2420 1699 καὶ
2445 1645 2545 1717 τὴν
2571 1646 2733 1715 ἁγίαν
2755 1649 2920 1702 αὐτοῦ
2959 1650 3282 1719 ἀνάστασιν,
3311 1652 3404 1706 καὶ
3427 1653 3513 1706 τὸν
3535 1652 3708 1705 σεπτὸν

2158 1727 2307 1787 οἶκον
2347 1734 2442 1787 τοῦ
2476 1735 2658 1805 τιμίου
2695 1737 2933 1806 σταυροῦ
2958 1777 2974 1802 ,
3001 1740 3098 1792 καὶ
3122 1741 3227 1810 τὴν
3273 1741 3483 1813 μητέρα
3506 1741 3606 1794 τῶν
3631 1742 3707 1794 ἐκ·

475 1799 817 1882 ornamentis
850 1804 1222 1872 perpolitum;
1258 1806 1353 1876 qui
1379 1808 1449 1863 ab
1486 1809 1604 1879 ipsa
1639 1814 1853 1873 tenellae
1878 1818 2060 1874 attatis

2167 1823 2425 1893 κλησιῶν,
2461 1795 2556 1881 καὶ
2594 1828 2693 1899 τὴν
2743 1795 2908 1899 ἁγίαν
2947 1795 3112 1885 αὐτοῦ
3139 1795 3429 1902 aediﬁcii;
3476 1833 3566 1886 καὶ
3602 1833 3709 1895 τοὺς

474 1886 725 1955 infantia,
748 1891 918 1947 vitam
936 1896 1188 1950 exercuit
1215 1897 1419 1952 silentii
1450 1900 1819 1960 taciturnitate
1839 1909 2057 1978 requie-

478 1987 587 2033 tam
621 1990 677 2035 et
708 1984 1085 2054 tranquiilam.
1115 1988 1211 2043 Vir
1250 1990 1340 2045 hic
1374 1992 1587 2049 eximia:
1615 1999 2060 2072 mansuetudinis

474 2068 639 2124 laude
692 2073 842 2127 omni
887 2083 974 2129 est
1025 2079 1392 2148 conspicuus,
1429 2098 1694 2154 perquam
1736 2087 2057 2153 humanus;

474 2160 672 2217 alienis
710 2165 871 2221 malis
930 2184 1093 2238 quam
1145 2171 1499 2228 condolescat
1554 2192 1622 2231 ex
1671 2180 1897 2245 animo,
1967 2184 2059 2239 vix

473 2252 731 2322 cuiquam
787 2258 1077 2316 credibile“
1112 2261 1205 2317 sit.
1263 2265 1399 2319 Vere
1444 2268 1610 2322 corde
1673 2280 1756 2325 est
1804 2272 2057 2343 humilis,

472 2340 621 2398 Circa
652 2346 961 2403 orationem
987 2360 1045 2405 et
1073 2367 1342 2409 canonem
1395 2356 1608 2413 ordinis
1647 2361 2008 2429 praefervidus
2039 2384 2055 2420 :

471 2450 584 2509 quo
613 2439 865 2511 contigit,
890 2450 952 2497 ut
979 2443 1124 2499 Deus
1149 2445 1277 2513 (hoc
1307 2449 1563 2522 ρτεεδίἀο)
1589 2451 1891 2524 discipulos
1929 2476 2059 2528 pro-

2164 1916 2384 1981 λοιποὺς
2426 1918 2756 1990 σεσασμίους
2813 1925 3019 1987 οἴκους
3061 1923 3138 1986 ὡς
3193 1926 3259 1978 ἔκ
3295 1925 3482 1978 τούτου
3522 1923 3708 1992 ἀγαθάς

2163 2007 2386 2071 ἐλπίδας
2429 1994 2578 2080 ἔχειν
2626 2013 2779 2082 ἡμᾶς
2820 2013 2917 2067 καὶ
2957 2004 3092 2085 περὶ
3131 2015 3246 2069 τῶν
3289 2015 3594 2084 μελλόντων,
3627 2014 3706 2067 καὶ

2167 2098 2401 2167 μάλιστα
2437 2101 2564 2164 τοὺς
2610 2102 2720 2157 ἀπὸ
2766 2103 2875 2157 τῶν
2902 2105 3010 2171 ἔξω
3054 2106 3254 2178 χωρῶν
3287 2107 3604 2178 ἐρχομένους
3640 2107 3708 2170 είς

2165 2192 2535 2263 προσκύνησιν
2559 2193 2669 2248 τῶν
2705 2196 2877 2264 ἁγίων
2904 2199 3105 2264 τόπων,
3135 2201 3235 2254 καὶ
3263 2201 3468 2264 πάντας
3493 2200 3709 2265 δοξάζειν

2161 2284 2253 2341 τὸν
2293 2283 2449 2346 Θεὸν.
2495 2277 2541 2353 ᾧ
2571 2274 2773 2356 πρέπει
2805 2290 2958 2342 πᾶσα
2985 2289 3134 2356 δόξα,
3174 2290 3319 2362 τιμὴ
3362 2292 3455 2345 καὶ
3498 2289 3710 2363 προσκύο

2163 2388 2320 2440 νησις
2357 2371 2454 2429 νῦν
2485 2373 2578 2428 καὶ
2623 2374 2710 2428 ἀεὶ
2738 2376 2833 2431 καὶ
2862 2379 2943 2441 είς
2969 2380 3097 2443 τοὺς
3123 2378 3338 2444 αἰῶνας
3365 2380 3475 2434 τῶν
3505 2379 3708 2433 αἰώνων.

2174 2467 2232 2518 Ἀ
2242 2465 2373 2535 illi“!

471 2527 687 2597 pagarit
718 2529 774 2583 in
815 2531 1046 2588 eﬂ‘usam
1097 2543 1154 2615 et
1208 2554 1559 2598 numerosam
1612 2527 2059 2617 amplitudinem.
2099 2527 2377 2615 Numerus
2403 2556 2640 2628 proinde
2696 2531 3019 2615 sanctorum
3082 2562 3354 2632 Patrum,
3379 2580 3512 2635 quos
3546 2571 3707 2636 tyran-

1704 2612 1722 2617 _
2405 2612 2493 2628 ,η
2580 2612 2587 2614 ἡ
2814 2612 3016 2615 qh"-
3086 2612 3354 2632 _---_--,
3382 2612 3511 2635 η---
3547 2612 3680 2636 -,----

470 2618 593 2676 nica
628 2625 853 2680 sustulit
892 2612 1208 2699 impressio,
1245 2642 1330 2688 est
1368 2651 1509 2690 κων.
1564 2638 1774 2697 Horum
1846 2650 2115 2706 memoria
2153 2652 2297 2709 Maio
2332 2666 2523 2706 mense
2554 2651 2891 2719 celebratur,
2923 2654 2993 2709 15
3017 2655 3225 2711 mensis
3246 2657 3364 2712 die.
3395 2657 3571 2713 Gratia
3595 2657 3707 2710 item

469 2710 701 2780 Christi,
744 2716 840 2773 sed
866 2728 922 2774 et
948 2722 1140 2778 solerti
1167 2724 1463 2786 sedulitate
1497 2731 1608 2801 jam
1639 2733 1774 2792 dicti
1830 2745 2133 2800 venerandi
2170 2745 2419 2816 apprime
2448 2744 2629 2800 Patris
2654 2745 2830 2800 nostri
2867 2744 3128 2813 Modesti,
3162 2757 3369 2804 cuncta
3390 2749 3445 2804 id
3481 2747 3710 2817 temporis

470 2800 797 2862 incoluntur
814 2811 1003 2867 effusae
1030 2814 1188 2873 istius
1214 2814 1385 2873 eremi
1410 2827 1767 2899 monasteria.
1792 2830 2061 2903 Enigitur
2086 2875 2103 2902 ,
2142 2800 2305 2893 Pater
2363 2836 2503 2891 mihi
2561 2837 2901 2893 venerabilis
2931 2838 3183 2894 Eustathi
3206 2880 3222 2906 ,
3269 2855 3391 2920 qua;
3433 2841 3499 2896 de
3533 2839 3710 2895 sanctis

473 2894 584 2920 τηε-
640 2898 816 2920 h-.k0l,
1064 2916 1072 2920 -
1115 2910 1126 2920 ι
1291 2913 1306 2920 -
1505 2916 1525 2920 _

468 2894 586 2951 illis
640 2898 897 2959 Patribus
950 2910 1198 2977 nostris,
1274 2913 1453 2984 deque
1502 2894 1773 2976 Laurensi
1832 2894 2327 2989 emnobio'vestraa
2368 2945 2501 3002 erga
2538 2930 2712 2991 Deum
2750 2929 3009 2985 cbaritati
3075 2929 3207 2985 duxi
3255 2911 3617 2996 insinuanda;
3662 2928 3711 2985 ει

474 2985 698 3055 quidem
736 2994 961 3048 conciso
1008 3011 1073 3051 ac
1119 3000 1382 3067 perbrevi
1417 3018 1695 3063 sermone.
1742 2985 2056 3081 Supersunt
2090 2985 2285 3074 nuntia
2311 2985 2316 2986 ί
2341 2985 2553 3088 aliquot
2588 2988 2723 3075 sane
2756 3034 2924 3090 quam
2989 3021 3112 3077 laeta
3135 3062 3150 3088 ,
3196 3037 3440 3093 quorum
3469 3022 3604 3100 ildeli
3631 3034 3707 3074 re-

469 3080 607 3145 latu,
635 3091 690 3141 et
710 3096 892 3141 vestra
916 3095 974 3142 et
996 3091 1178 3146 omnis
1246 3095 1543 3153 sinceriter
1569 3100 1872 3159 Christiani
1940 3109 2123 3165 anima
2164 3112 2363 3167 merito
2385 3080 2563 3183 possit
2590 3112 3019 3169 exbilarescere.
3041 3114 3169 3171 Haec
3202 3116 3381 3186 igitur
3399 3132 3465 3172 ex
3481 3096 3710 3186 promptu

476 3180 529 3228 et
566 3175 750 3233 alacer
778 3183 1051 3238 annuntio
1074 3186 1254 3241 vobis.
1283 3188 1565 3247 Modestus
1632 3197 1942 3254 sanctitatis
2006 3202 2224 3258 eximiae
2292 3205 2379 3259 vir
2413 3204 2503 3277 (de
2535 3220 2647 3275 quo
2710 3221 2824 3261 non
2874 3208 3047 3262 semel
3096 3208 3339 3281 dictum)
3388 3226 3497 3265 non
3543 3221 3709 3264 eorum

476 3269 639 3325 modo
670 3274 954 3342 providam
987 3280 1131 3350 gerit
1171 3298 1361 3338 curam
1412 3287 1684 3345 sollicitus
1712 3332 1726 3356 ,
1779 3310 1903 3364 qua:
1930 3312 2057 3369 per
2094 3298 2238 3354 hanc
2296 3269 2506 3356 vastam
2536 3316 2786 3356 eremum
2822 3303 3056 3372 sparsim
3088 3303 3326 3375 disiecta
3360 3311 3485 3360 sunt
3506 3344 3519 3368 ,
3545 3316 3712 3357 mona-

475 3362 813 3432 steriorum;
849 3367 947 3422 sed
975 3377 1032 3424 et
1067 3372 1419 3430 moderanda:
1446 3377 1579 3434 huic
1637 3362 1850 3439 civitati
1916 3362 1985 3442 ac
2041 3389 2318 3446 universa:
2358 3391 2568 3447 circum
2625 3392 2870 3448 ﬁnitimae
2921 3392 3133 3464 regioni
3182 3395 3424 3457 solerter
3454 3390 3707 3463 prospicit.

478 3456 590 3513 Deo
641 3459 822 3516 eidem
868 3476 1201 3535 cooperante
1254 3469 1312 3525 in
1340 3473 1621 3532 omnibus.
1658 3477 1760 3534 llic
1787 3480 1938 3536 enim
1989 3483 2058 3537 ad
2097 3484 2286 3539 vivum
2337 3485 2501 3542 nobis
2546 3487 2806 3557 exprimit
2834 3487 3291 3559 imaginem-novi
3318 3485 3713 3559 cujuspiamBe-

475 3555 703 3619 aeleelis
731 3566 826 3614 aut
855 3569 1007 3616 certe
1042 3562 1425 3623 Zorobabelis.
1461 3569 1650 3628 Gratia
1715 3577 1923 3632 etenim
1969 3580 2167 3649 plenus
2234 3580 2474 3651 Spiritus
2538 3555 2756 3647 sancti,
2824 3555 3029 3653 templa
3072 3581 3382 3639 Salvatoris
3408 3581 3575 3637 nostri
3600 3580 3710 3636 Jesu

474 3648 706 3719 Cbrisri,
738 3670 861 3724 qua:
902 3659 1126 3727 quidem
1161 3661 1452 3721 barbarico
1486 3667 1599 3737 igni
1625 3671 2059 3745 conﬂagrarunt,
2097 3676 2156 3730 in
2208 3648 2451 3733 sublime
2475 3677 2640 3748 erigit
2706 3677 2856 3739 omni
2891 3691 3123 3746 prorsus
3161 3675 3334 3747 digna
3363 3673 3710 3736 veneratione,

475 3758 609 3823 puta
639 3750 786 3807 aedes
811 3751 1024 3811 Sanctae
1047 3755 1312 3815 Calvariae
1369 3778 1434 3818 ac
1459 3763 1675 3821 Sanctae
1744 3768 2221 3840 Resurrectionis;
2273 3772 2498 3827 domum
2543 3772 2772 3842 insuper
2811 3771 3031 3842 dignam
3101 3769 3254 3825 omni
3327 3772 3534 3872 honore
3567 3780 3711 3872 vene-

476 3843 662 3872 -ηηηιιηι
689 3843 881 3872 Ρ-..,..ε..
943 3864 1056 3872 ..ημ
1098 3862 1258 3872 __.-._,
1298 3855 1362 3872 n,
1409 3857 1423 3872 1
1494 3859 1505 3870 ι
1783 3870 1790 3872 Α
1872 3863 1903 3872 -
1961 3866 1976 3872 -
2139 3867 2168 3872 __
2397 3866 2406 3872 .
2646 3867 2658 3872 _
2741 3867 2753 3872 _
2919 3865 2934 3872 -
3135 3864 3156 3872 -
3250 3865 3267 3872 -

476 3843 664 3900 raudre
689 3843 903 3913 Crucis,
938 3864 1061 3919 quae
1097 3862 1276 3908 mater
1297 3855 1670 3913 Ecclesiarum
1710 3870 1818 3917 est.
1869 3863 1978 3920 Sed
2044 3877 2101 3921 et
2135 3867 2351 3923 Sanctae
2380 3866 2788 3937 Assumptionis
2853 3865 3026 3921 aedem
3070 3881 3100 3920 a
3131 3864 3511 3920 fundamentis
3535 3859 3713 3918 exedi-

476 3931 643 4003 ﬁcat;
670 3937 808 3993 adeo
837 3948 898 3996 ut
926 3956 1024 4013 per
1054 3941 1170 3999 haec
1196 3945 1327 4003 laeta
1352 3948 1532 4015 initia,
1595 3951 1666 4008 de
1703 3953 1913 4012 futuris
1948 3973 2173 4029 quoque
2228 3974 2354 4031 spes
2407 3931 2776 4030 amplissimas
2844 3958 3219 4029 concipiamus
3251 3998 3269 4026 ,
3319 3958 3483 4028 idque
3532 3954 3611 4008 vel
3651 3949 3711 4009 ob

472 4046 576 4086 eos
606 4037 842 4097 maxime
872 4037 969 4106 qui
998 4038 1107 4094 huc
1137 4032 1432 4110 sperantur
1453 4049 1673 4103 venturi
1705 4049 1773 4104 ab
1802 4054 2047 4109 externis
2077 4056 2420 4126 regionibus,
2446 4063 2632 4109 sancta
2667 4054 2786 4108 haec
2817 4053 2938 4108 loca
2995 4060 3058 4107 ut
3112 4053 3389 4123 adorent,
3428 4061 3489 4108 ut
3546 4058 3714 4105 omnes

479 4124 538 4180 in
570 4141 865 4185 commune
913 4132 1287 4203 gloriﬁcamus
1339 4136 1535 4195 Deum.
1586 4140 1779 4210 [psum-
1809 4142 2040 4209 addecet
2077 4124 2252 4217 gloria
2284 4147 2343 4200 in
2369 4146 2571 4203 saecula
2596 4145 2947 4200 saeculorum.
2971 4144 3165 4199 Amen.

642 4266 853 4340 1025
884 4267 942 4324 S.
969 4269 1028 4324 P.
1054 4270 1120 4326 N.
1154 4270 1479 4331 ANTIOCHI
1508 4276 1895 4337 PROLOGUS.

2360 4281 2454 4337 AN
2459 4281 2718 4337 ΤΙΟΧΟΥ
2754 4280 3097 4336 ΜΟΝΑΧΟΥ
3134 4281 3537 4338 ΠΡΟΘΕΩΡΙΑ.

549 4380 696 4437 Dixit
738 4381 796 4438 in
839 4381 1083 4441 Canticis
1133 4385 1393 4443 Salomon
1448 4405 1462 4443 :
1521 4408 1541 4442 ι
1596 4390 1889 4463 Sexaginta
1935 4405 2065 4449 sunt

478 4475 702 4545 reginae,
738 4484 795 4531 et
837 4477 1119 4549 octoginta
1166 4480 1509 4549 concubinae,
1544 4490 1605 4539 et
1638 4483 2066 4553 adulescentulas

480 4582 712 4638 quarum
741 4584 851 4624 non
877 4580 962 4626 est
982 4586 1251 4628 numerus
1282 4573 1350 4626 '°.
1382 4593 1401 4625 ι
1440 4573 1582 4631 Sane
1610 4591 1717 4631 nos
1737 4592 1840 4647 pro
1861 4577 2074 4634 virium.

481 4655 730 4721 modulo,
764 4675 864 4729 per
903 4659 1069 4721 hasce
1109 4663 1391 4733 sexaginta
1433 4665 1652 4735 reginas
1695 4667 1996 4723 astmimus
2021 4669 2075 4719 “.

483 4748 751 4804 insinuari
793 4752 1034 4808 selectos
1077 4760 1135 4808 et
1174 4755 1542 4822 auctoritatis,
1571 4764 1775 4826 praeter
1812 4766 2062 4826 caeteros,

483 4838 699 4896 eximiae
733 4839 909 4896 libros
944 4842 1003 4897 in
1041 4843 1241 4899 Vetere
1277 4845 1540 4916 Novoque
1580 4845 1935 4905 Testamento
1974 4864 2067 4905 re-

486 4929 762 4987 conditos.
790 4929 1082 5004 Octoginta
1110 4935 1449 4991 concubinas
1477 4951 1572 4997 eas
1601 4951 1723 4992 esse
1751 4936 2073 5008 Scripturas

487 5022 757 5094 intelligo,
776 5039 900 5095 quae
922 5024 977 5080 in
1002 5026 1255 5095 priorum
1277 5027 1506 5083 classem
1525 5027 1849 5098 neutiquam
1873 5045 2070 5086 accen-

488 5116 705 5175 turiatte
739 5126 890 5183 sunt,
918 5133 984 5174 ac
1019 5118 1253 5189 proinde
1289 5118 1473 5174 minus
1504 5120 1902 5189 approbantur.
1926 5120 2069 5177 Hinc

487 5209 652 5267 dicite
676 5220 807 5269 sunt
833 5212 1190 5284 apocrypha,
1225 5211 1334 5267 hoc
1361 5219 1448 5267 est
1498 5211 1768 5277 obscurae,
1797 5227 1901 5268 nec
1932 5213 2069 5268 satis

486 5312 787 5371 comperta:
828 5304 1194 5360 auctoritatis.
1228 5304 1548 5372 Παλλακαὶ,
1604 5304 1712 5360 hoc
1748 5313 1834 5362 est
1873 5322 2069 5360 concu-

489 5393 656 5460 binae,
689 5410 757 5450 eo
797 5396 1180 5461 nominantur,
1215 5396 1365 5468 quod
1410 5411 1537 5452 cum
1580 5396 1881 5468 illegitimat
1922 5398 2067 5463 sint,

488 5501 600 5541 non
627 5498 835 5558 queunt
861 5489 1049 5547 induci
1075 5489 1143 5546 ad
1173 5487 1620 5561 persuadendum
1650 5505 1777 5545 cum
1805 5490 2072 5562 liberiore

2235 4394 2405 4463 Φησὶν
2433 4395 2490 4446 ὲν
2524 4395 2638 4457 τοῖς
2676 4394 2951 4464 ’ᾼσμασιν
2977 4395 3005 4447 ὁ
3049 4393 3214 4461 σοφὸς
3247 4395 3518 4467 Σολομῶν·
3554 4411 3572 4444 ι
3608 4389 3711 4454 Ἔξ-

2165 4482 2371 4555 ήκοντά
2396 4485 2514 4537 είσι
2565 4482 2896 4553 βασίλισσαι,
2938 4483 3035 4535 καὶ
3070 4483 3404 4554 ὀγδοήκοντα
3445 4480 3710 4543 παλλακαὶ,

2166 4575 2266 4635 καὶ
2309 4574 2550 4638 νεάνιδες
2594 4566 2671 4628 ὧν
2722 4574 2827 4628 οὐκ
2873 4574 3317 4646 ἐστινηάριθμός.
3345 4595 3364 4628 ι
3406 4576 3591 4644 Ἥμεῖς
3630 4571 3711 4651 οὖν

2165 4666 2314 4725 κατὰ
2337 4666 2561 4737 τδὴμϊν
2589 4665 2809 4734 ἐφικτὸν
2829 4665 2930 4728 τάς
2963 4665 3064 4736 μιν
3110 4664 3382 4738 ἑξήκοντα
3426 4664 3715 4737 βασιλίσσας

2164 4757 2265 4827 τάς
2291 4755 2584 4829 ἐγκρίτους
2617 4755 2852 4827 λέγομεν
2890 4751 3031 4811 εῖναι
3064 4757 3302 4827 βίὸλους,
3336 4757 3607 4853 τουτέστιν
3630 4751 3715 4853 τάς

2165 4846 2434 4919 ἐξήκοντα
2473 4847 2574 4910 τὰς
2605 4846 2939 4911 ὲνδιαθέτους
2973 4847 3073 4917 τῆς
3106 4848 3356 4912 Παλαιᾶς
3396 4847 3491 4901 καὶ
3530 4846 3714 4908 Καινῆς

2124 4980 2129 4986 .
2166 4940 2446 5010 Διαθήκης
2471 4954 2485 4969 ’
2537 4939 2637 5003 τὰς
2675 4938 2734 4993 δὲ
2774 4939 3103 5008 ὀγδοήκοντα
3146 4940 3466 5002 παλλακάς,
3514 4937 3606 4998 τάς
3651 4929 3714 5001 μὴ

2168 5033 2584 5104 ὲγκρινομένας,
2613 5031 2713 5095 τὰς
2735 5031 3037 5102 λεγομένας
3057 5032 3429 5103 ἀποκρύφους.
3462 5019 3714 5082 Παλλακαὶ

2167 5124 2225 5177 δὲ
2251 5124 2615 5193 ὀνομάζονται
2665 5123 2754 5178 διὰ
2792 5123 2857 5176 τὺ
2890 5123 3377 5194 ἀπαῤῥησιάστους
3420 5121 3513 5173 καὶ
3550 5115 3714 5210 νόθους

2171 5215 2342 5279 αὐτὰς
2373 5211 2532 5270 εἶναι.
2584 5215 2698 5279 Τὰς
2739 5215 2926 5284 μέντοι
2966 5214 3219 5277 νεάνιδας
3264 5213 3364 5276 τὰς
3417 5211 3600 5281 ῥήσεις
3632 5216 3713 5255 τον

2170 5308 2299 5362 νέου
2324 5308 2681 5378 κηρύγματος
2710 5306 2819 5362 τῶν
2866 5308 2967 5377 τῆς
3017 5307 3341 5378 Ἐκκλησίας
3386 5297 3710 5356 διδασκάλων.

2171 5399 2263 5453 διὰ
2295 5399 2357 5452 τὸ
2386 5398 2692 5467 ἀκραιφνὲς
2719 5397 2815 5453 τοῦ
2846 5399 3005 5466 λόγου
3040 5398 3241 5452 αὐτῶν.
3272 5398 3333 5449 Αἱ
3362 5394 3469 5463 γὰρ
3498 5383 3714 5484 νεάνιδεξ

2172 5491 2336 5558 ἁγναὶ
2370 5490 2749 5561 ὀνομάζονται.
2793 5492 2934 5561 Φησὶ
2979 5491 3119 5561 γάρ·
3160 5510 3178 5543 ι
3223 5485 3614 5559 Ζητησάτωσαν
3644 5487 3715 5540 sq!

491 5577 736 5634 omnium
788 5595 1040 5638 assensu.
1079 5581 1198 5637 Jam
1246 5597 1381 5637 vero
1428 5581 1781 5652 iuvenculas,
1826 5580 2064 5636 arbitror

2174 5579 2620 5649 βασιλεῖ’νεάνιδα
2642 5580 2933 5654 παρθένον,
2952 5584 3046 5636 καὶ
3072 5577 3247 5652 ηῦραν
3270 5580 3363 5649 τὴν
3389 5572 3706 5645 Σουμανὴινν

569 5751 611 5783 ¹⁶
633 5750 790 5806 Cant.
816 5770 892 5821 vi,
912 5757 963 5810 7.
1042 5757 1081 5789 ιι
1107 5755 1437 5827 Dignitatem
1462 5751 1717 5819 attendit,
1739 5766 1850 5807 non
1872 5750 2002 5807 item
2032 5765 2348 5815 numerum,
2370 5750 2518 5821 quod
2548 5751 2683 5807 satis
2709 5762 2793 5810 est
2822 5751 3112 5808 hommosi.
