4020 6146
407 357 538 423 1429

1825 363 2245 428 PROLOGUS.

3531 363 3663 425 1530

405 468 493 520 ῐ-,α
525 467 772 540 θερμὰνῃ
812 467 1054 521 abem"!
1101 463 1414 534 τουτέστιν,
1455 471 1684 541 οὐράνια
1724 471 1976 542 νοήματα

2093 475 2358 531 lelincare
2412 482 2572 526 novae
2629 467 2890 541 dogmata
2955 472 3398 544 praedicationis;
3471 488 3660 542 nempe

405 560 498 614 καὶ
525 558 776 628 μελῳδῶν
807 559 911 627 ἔπη
935 575 948 587 ·
988 575 1006 610 ι
1042 558 1388 630 Ἑθερμάνθη
1411 562 1444 631 ἡ
1467 562 1666 632 καρδία
1700 580 1799 632 μου
1826 565 1979 628 ἐντός

409 667 532 721 μου,
562 651 659 702 καὶ
688 652 743 702 ἐν
773 652 838 720 τῇ
880 651 1077 722 μελέτῃ
1109 667 1209 719 μου
1241 653 1644 723 ἐκκαυθήσεται
1679 655 1810 725 πῦρ.
1848 675 1870 706 -ι
1915 655 1979 710 Ἦ

2080 566 2372 622 doctorum
2409 563 2729 621 orthodoxa:
2769 566 3059 632 Ecclesiae,
3093 567 3164 621 ob
3209 565 3566 619 indelibatam
3606 573 3661 618 et

2080 660 2388 714 absolutam
2445 661 2741 730 puritatem
2789 660 3062 713 sermonis
3123 659 3392 726 ipsorum.
3439 655 3659 710 Etenim

405 743 514 812 γὰρ
560 743 884 810 Σουμανῖτις
923 745 1174 813 οὐρανία
1205 744 1596 816 ἑρμηνεύεται.
1629 747 1765 799 Καί·
1804 736 1978 812 Σῗτος

2093 752 2386 815 luvenculae
2449 752 2920 806 nomenclat‘uram
2961 751 3274 804 sortiuntur
3311 764 3343 802 a
3385 747 3659 802 munditia

405 834 778 900 νεανίσκοις,
811 837 910 889 καὶ
941 832 1107 902 οἶνος
1133 835 1380 897 ὀδιάζων
1403 836 1765 906 παρθένους.
1783 838 1846 891 Οἱ
1870 837 1980 907 γὰρ

406 925 692 995 άκίϐδηλοι
744 927 809 978 ὲκ
863 927 963 997 τῆς
1011 927 1318 998 ἐπομϐρίας
1369 927 1461 982 τοῦ
1514 927 1766 999 οὐρανίου
1813 929 1980 998 ἄρτου

405 1017 718 1086 τρέφονται,
754 1020 851 1088 τῆς
887 1019 1153 1090 μενούσης
1191 1023 1270 1084 εἰς
1311 1020 1456 1091 ζωὴν
1498 1021 1749 1074 αἰώνιον·
1795 1021 1889 1073 καὶ
1922 1021 1983 1074 τὸ

406 1107 561 1178 πόμα
590 1109 771 1163 αὐτῶν
793 1111 858 1163 ὲκ
887 1110 980 1163 τοῦ
1002 1112 1280 1183 κρατῆρος
1302 1115 1400 1183 τῆς
1425 1111 1689 1181 ἀληθινῆς
1710 1113 1980 1182 ἀμπέλου.

407 1200 519 1254 Καὶ
564 1199 744 1268 ἁγνῶν
784 1202 972 1272 ῥήσεις
1013 1203 1244 1272 σεμναί·
1279 1205 1398 1265 καὶ,
1433 1222 1452 1254 ι
1509 1204 1723 1273 Ῥήσεις
1757 1201 1984 1258 δικαίων

410 1290 592 1357 ἁγναὶ,
621 1307 639 1341 ι
673 1291 816 1345 κατὰ
844 1293 942 1362 τὴν
964 1293 1212 1364 Γραφήν.
1250 1287 1638 1366 Ἀναριθμητοι
1660 1293 1716 1346 δὲ
1732 1294 1985 1362 λέγονται

407 1382 496 1435 διά
522 1382 582 1436 τὸ
609 1383 970 1455 πληθυντικὸν
998 1385 1092 1440 καὶ
1116 1387 1350 1456 ἄμετρον
1377 1375 1474 1439 τοῦ
1498 1385 1657 1452 λόγου
1677 1386 1777 1458 τῆς
1804 1386 1986 1440 αὐτῶν

407 1473 776 1540 διδασκαλίας.
821 1475 916 1530 Ἐκ
963 1478 1056 1530 τοῦ
1095 1477 1243 1531 ἱστοῦ
1279 1476 1388 1532 ὀὖν
1428 1478 1536 1532 τῶν
1575 1479 1839 1549 ἐξήκοντα
1888 1480 1986 1550 βα-

412 1561 627 1614 σιλίδων
675 1562 879 1616 τούτων
933 1565 1149 1633 ὀλίγους
1210 1567 1482 1637 στήμονας
1530 1568 1845 1638 ἀνείλαμεν,
1896 1570 1989 1622 καὶ

2081 843 2356 913 virginali.
2386 844 2474 898 Ait
2497 845 2644 899 enim
2680 844 2964 913 Scriptura
2997 862 3008 895 :
3050 863 3065 893 ι
3095 841 3356 908 Quairant
3382 841 3497 911 regi
3531 841 3664 894 ado-

2082 932 2439 988 lescentulam
2486 935 2792 1006 virginem;
2842 943 2898 988 et
2944 934 3277 986 invenerunt
3318 930 3660 986 Sunamitem

2084 1041 2205 1095 quae
2255 1027 2434 1096 ipsum
2482 1025 2977 1089 excalefaceret";
3033 1044 3051 1075 ›
3101 1023 3208 1078 hoc
3252 1031 3366 1087 est,
3409 1023 3663 1078 caelestes

2084 1132 2312 1188 prorsus
2342 1118 2667 1172 sententias.
2698 1117 2812 1171 [loc
2842 1117 3028 1186 itaque
3059 1115 3276 1170 fervore
3307 1130 3659 1179 reaccensus,

2087 1211 2155 1265 ad
2187 1211 2437 1265 melicam
2473 1210 2740 1265 citharam
2776 1210 3104 1264 emodulans
3136 1208 3357 1263 dicebat
3398 1225 3410 1260 :
3459 1226 3476 1258 ι
3516 1206 3662 1262 Con-

2087 1303 2258 1358 caluit
2289 1319 2385 1358 cor
2420 1319 2600 1357 meum
2641 1303 2787 1363 intra
2825 1318 2932 1365 me,
2964 1311 3020 1356 et
3056 1302 3110 1355 in
3152 1301 3511 1355 meditatione
3543 1315 3664 1353 mea

2087 1394 2643 1464 exardescetignis".
2668 1411 2686 1444 ι
2715 1392 3000 1462 Siquidem
3026 1392 3329 1447 Sunamitis
3374 1406 3471 1445 sua
3495 1390 3667 1443 inter-

2086 1487 2392 1557 pretatione
2421 1493 2598 1550 sonat,
2627 1483 2894 1539 Cwlestem
2917 1525 2932 1548 ,
2965 1492 3022 1538 et
3051 1501 3064 1536 :
3099 1481 3444 1536 Frumentum
3466 1482 3665 1552 juven-

2088 1578 2222 1632 culis
2247 1585 2296 1630 et
2317 1580 2494 1632 vinum
2521 1577 2672 1631 suavi
2699 1575 2855 1629 odore
2883 1574 3158 1644 lwtificans
3187 1574 3446 1642 virgines;
3479 1572 3664 1626 ineor-

410 1652 642 1721 ἐποίησα
687 1653 976 1725 περίζωμα
1029 1657 1108 1721 εἰς
1157 1657 1370 1727 θέρμην
1418 1660 1532 1721 τοῖς
1573 1657 1714 1729 μετὰ
1749 1657 1989 1723 πίστεως

2093 1670 2236 1739 rupti
2273 1671 2421 1724 enim
2455 1669 2549 1739 qui
2581 1678 2729 1732 sunt,
2759 1668 2948 1737 pluvio
2981 1666 3207 1721 aluntur
3238 1665 3471 1720 humore
3504 1679 3665 1718 rora:-

411 1743 848 1814 ἑντυγχάνουσιν.
885 1746 1098 1819 Ὠσπερ
1143 1745 1236 1801 οὖν
1282 1749 1310 1802 ὀ
1356 1749 1501 1812 ἱστὸς
1550 1750 1866 1821 πολυμερὴς
1914 1749 1988 1803 ὢν

2093 1760 2226 1814 lenti
2274 1757 2421 1814 illius
2464 1759 2624 1828 panis
2667 1758 2762 1828 qui
2805 1758 2874 1813 de
2921 1757 3061 1812 cmlo
3107 1754 3426 1820 descendit,
3460 1754 3664 1824 quique

412 1839 492 1901 εἰς
525 1843 798 1912 μονομερῆ
828 1842 1028 1912 χιτῶνα
1057 1843 1400 1897 ἀποτελεῖται
1421 1861 1436 1877 ·
1470 1842 1645 1908 οὕτως
1675 1844 1768 1896 καὶ
1813 1845 1984 1896 πᾶσαι

2094 1858 2278 1904 manet
2319 1850 2375 1904 in
2419 1858 2679 1905 aeternam
2721 1849 2906 1904 vitam.
2941 1848 3065 1902 Istis
3105 1848 3258 1916 potio
3301 1844 3558 1900 hauritur
3599 1861 3666 1898 ex

412 1930 469 1982 αἱ
509 1932 807 2002 προρήσεις
835 1932 942 1986 τῶν
980 1933 1353 1987 θεοπνεύστων
1397 1933 1632 2004 Γραφῶν
1661 1936 1741 1997 εἰς
1772 1935 1864 1987 τὸν
1889 1935 1988 2003 τῆς

411 2022 722 2092 οἰκονομίας
746 2025 1077 2078 Δεσποτικδν
1103 2025 1306 2095 χιτῶνα
1340 2025 1666 2097 κατέληξαν,
1695 2025 1753 2078 ὃν
1776 2025 1992 2095 ἀνείλη-

412 2115 513 2175 φεν
542 2110 605 2162 ἐκ
633 2109 733 2179 τῆς
765 2112 930 2181 ἁγίας
954 2113 1165 2180 ἐνδόξου
1197 2115 1292 2168 καὶ
1331 2115 1723 2186 Ἀειπαρθὲνου
1747 2116 1985 2185 Μαρίας·

412 2199 652 2269 φθαρτὸν
716 2205 814 2273 μὲν
869 2203 960 2259 διὰ
1009 2207 1069 2260 τὸ
1092 2187 1424 2276 ὁμοιοπαθὲς
1473 2209 1612 2280 ἡμῖν
1657 2209 1992 2272 ἀποτελέσας

413 2287 710 2363 ἅρθαρτον,
744 2294 828 2348 ἴνα
855 2295 1004 2366 ἡμᾶς
1029 2296 1153 2361 τοὺς
1184 2296 1290 2352 ὑπὸ
1321 2298 1422 2369 τῆς
1451 2298 1656 2372 φθορᾶς
1691 2299 1994 2370 κατεχομέ-

414 2401 539 2448 νους
569 2384 945 2458 ἐλευθερώσας
987 2389 1376 2462 μετασκευάσῃ
1406 2393 1485 2453 εἰς
1519 2389 1850 2462 ἀφθαρσίαν.
1883 2389 1990 2444 Πε-

419 2476 634 2546 ρίζωμα
665 2471 721 2531 δὲ
763 2478 912 2547 λέγω
963 2479 1064 2534 οὐκ
1099 2471 1282 2535 ἐκεῖνό
1325 2483 1386 2534 τὸ
1439 2481 1764 2549 Ἰουδαϊκὸν,
1797 2481 1858 2536 τδ
1889 2480 1994 2535 ὑπὸ

427 2567 692 2640 Ἰερεμίου
719 2565 926 2642 κρυφὲν
960 2573 1055 2628 καὶ
1086 2573 1294 2644 φθαρὲν
1325 2575 1383 2628 έν
1416 2573 1494 2646 τῷ
1527 2573 1784 2645 Εὐφράτῃ
1820 2591 1993 2628 ποτα·

421 2659 526 2729 μῷ.
562 2661 701 2714 ἀλλὰ
720 2662 781 2715 τὸ
803 2662 898 2733 τῆς
939 2664 1065 2728 νέας
1098 2661 1341 2736 χάριτος,
1371 2661 1509 2736 ὅπερ
1551 2669 1579 2720 ὁ
1619 2667 1828 2738 Κύριος
1860 2667 1993 2739 ἡμῖν

419 2745 718 2816 ὗπέδειξεν.
751 2755 1204 2826 Περιζωσάμενος
1236 2759 1332 2811 καὶ
1382 2757 1707 2827 καταμάξας
1735 2758 1863 2821 τοὺς
1893 2757 1994 2810 πόσ-

415 2844 514 2910 ὃας
542 2845 651 2898 τῶν
679 2847 876 2901 ἑαυτοῦ
921 2849 1203 2920 μαθητῶν,
1249 2850 1338 2903 ἵνα
1378 2842 1470 2903 τοῦ
1520 2849 1697 2921 ῥύπου
1741 2850 1842 2917 τῆς
1886 2865 1994 2902 πα-

419 2939 574 2999 λαιᾶς
603 2938 781 3011 ζύμης
819 2935 1245 3013 καθαρισθέντες
1276 2943 1544 3010 γένωνται
1587 2941 1707 2994 νέον
1740 2941 1991 3011 φύραμα,

418 3031 517 3084 καὶ
544 3025 682 3106 ,ὦσιν
711 3034 761 3085 οἱ
792 3033 952 3096 πόδες
999 3033 1179 3087 αὐτῶν
1218 3029 1407 3104 ὡραῖοι
1451 3033 1526 3097 ὡς
1566 3031 1995 3103 εὐαγγελιζομέ-

420 3139 528 3176 νων
554 3124 804 3193 εἰρήνην,
837 3125 930 3177 καὶ
961 3125 1203 3178 πατῶσιν
1249 3125 1435 3178 ἐπάνω
1483 3123 1660 3191 ὄφεων
1697 3125 1792 3176 καὶ
1831 3139 1996 3195 σκορ-

420 3215 584 3280 πίων,
607 3216 701 3268 καὶ
726 3215 818 3268 ἐπὶ
841 3217 1020 3269 πᾶσαν
1041 3216 1143 3285 τὴν
1169 3209 1400 3285 δύναμιν
1421 3213 1516 3268 τοῦ
1542 3211 1759 3284 ἐχθροῦ,
1787 3212 1992 3267 Τούτου

419 3304 515 3358 τοῦ
546 3306 928 3376 περιζώματος
957 3308 1055 3378 τὴν
1083 3307 1425 3378 εὐπρέπειαν
1469 3305 1708 3376 Χριστὸς
1732 3304 1832 3374 τὴν
1866 3304 1992 3357 ἐαυ-

419 3395 515 3456 τοῦ
554 3397 879 3468 Ἐκκλησίαν
913 3399 1183 3463 ἐνέδυσεν,
1220 3398 1510 3463 σκεπάζων
1539 3396 1698 3467 ἡμῶν
1726 3397 1855 3458 τοὺς
1884 3393 1998 3465 μώ-

425 3505 585 3556 μους,
609 3488 712 3541 ’καὶ
751 3490 851 3558 τὴν
879 3491 1181 3560 γενομένην
1226 3490 1292 3542 ὲκ
1326 3490 1424 3558 τῆς
1454 3479 1549 3542 τού
1601 3487 1775 3557 ’Δδὰμ
1817 3503 1999 3557 παρα-

422 3577 636 3640 6άσεως
668 3579 967 3649 γύμνωσιν,
1007 3581 1146 3632 κατὰ
1184 3579 1244 3632 τὸ
1280 3579 1573 3650 εἰρημένον
1597 3595 1612 3610 ο
1645 3595 1664 3629 ι
1695 3576 2000 3648 Διέρρηξας

426 3667 517 3718 τον
549 3668 752 3720 σάκκον
781 3687 902 3735 μου,
933 3669 1030 3722 καὶ¹
1074 3669 1417 3738 περιέζωσάς
1463 3685 1531 3739 με
1575 3666 1940 3738 εὐφροσύνην.
1980 3686 1998 3718 ι

424 3755 596 3810 Τοῦτο
628 3757 925 3825 ἑνδυόμεθα
947 3761 1010 3812 ἐκ
1035 3759 1142 3812 τῶν
1163 3757 1324 3811 θείων
1347 3755 1600 3829 Γραφῶν.
1640 3757 1694 3810 Ἐ
1704 3757 2005 3828 ρευνῶντες

425 3845 533 3914 γὰρ
563 3845 736 3909 αὐτάς
765 3846 1094 3918 εὑρίσκομεν
1127 3847 1226 3916 τὴν
1257 3844 1473 3898 αἰώνιον
1521 3843 1688 3913 ζωὴν,
1708 3843 1881 3897 ἀὐτὸν
1912 3842 2003 3895 τὸν

423 3932 632 4004 Κύριον
679 3936 835 4005 ἡμῶν
877 3935 1085 4004 Ἰησοῦν
1137 3937 1370 4008 Χριστὸν
1425 3936 1516 3990 τὸν
1572 3935 1825 4006 ἀληθινὸν
1870 3934 2003 3988 Θεὸν

427 4025 605 4096 ἡμῶν.
647 4027 806 4080 Ἀλλὰ
833 4027 989 4081 καλεῖ
1019 4029 1166 4098 ἡμᾶς
1192 4032 1220 4083 ὁ
1247 4029 1436 4099 καιρδς
1465 4028 1651 4082 λοιπδν
1681 4026 1999 4081 καθυποτά-

427 4116 514 4182 ξαι
548 4116 616 4170 τὰ
650 4119 915 4188 εἰρημένα
942 4118 1216 4189 κεφάλαια
1242 4123 1324 4182 εἰς
1351 4118 1508 4184 δόξαν
1535 4119 1628 4172 καὶ
1654 4118 1880 4178 ἔπαινον
1897 4119 2000 4188 τῆς

427 4207 590 4274 ἁγίας
617 4211 709 4262 καὶ
740 4208 1052 4281 ζωαρχικῆς
1089 4209 1341 4281 Τριάδος.
1388 4209 1486 4262 τοῦ
1545 4209 1781 4280 Πατρὺς,
1832 4209 1998 4279 φημὶ,

2092 1947 2306 1995 cratere
2342 1940 2518 1994 vineae
2560 1940 2709 1993 illius
2745 1939 2991 2003 veracis;
3026 1952 3154 1991 nam
3190 1944 3466 1990 castorum
3500 1933 3667 1988 verba

2089 2030 2253 2099 plena
2304 2037 2434 2082 sunt
2483 2028 2734 2098 pudoris.
2778 2029 2846 2082 Et
2896 2046 2909 2082 :
2978 2046 2996 2079 ι
3055 2017 3350 2082 Sermones
3393 2026 3667 2094 iustorum

2091 2115 2283 2169 mundi
2321 2123 2451 2170 sunt
2474 2115 2536 2182 η’,
2579 2134 2596 2167 ι
2639 2117 2795 2186 juxta
2833 2115 3196 2185 Scripturam.
3233 2115 3668 2169 Innumerabiles

2091 2205 2358 2276 praeterea
2393 2217 2720 2264 asseruntur
2751 2223 2902 2273 esse,
2935 2207 3006 2262 ob
3039 2208 3318 2277 cepiosam
3357 2205 3668 2260 multitudi-

2092 2303 2220 2351 nem
2280 2297 2553 2351 sermonis
2600 2295 2865 2351 doctrinae
2916 2293 3159 2350 illorum.
3207 2291 3342 2349 Tam
3389 2295 3536 2348 enim
3585 2302 3671 2348 est

2095 2389 2404 2458 multiplex,
2427 2397 2488 2442 ut
2509 2404 2630 2443 eam
2660 2389 2915 2443 admetiri
2941 2397 3035 2443 aut
3063 2389 3114 2442 in
3144 2404 3444 2443 numerum
3463 2386 3672 2441 referre

2097 2497 2256 2536 nemo
2293 2490 2481 2552 queat.
2513 2479 2592 2535 Ex
2629 2481 2736 2536 tela
2775 2481 2943 2551 igitur
2975 2482 3172 2534 harum
3209 2481 3493 2551 sexaginta
3525 2479 3673 2550 regi-

2094 2589 2312 2638 narum,
2335 2573 2564 2643 sparsim
2592 2573 2760 2643 selegi
2788 2589 2851 2628 ae
2876 2573 3153 2643 desumpsi
3180 2574 3412 2627 stamina
3437 2572 3670 2640 aliquot.

2095 2680 2326 2720 orsurus
2360 2664 2690 2720 einctorium
2727 2679 2945 2729 renum,
2979 2675 3094 2730 aut,
3129 2666 3171 2720 si
3213 2665 3408 2728 mavis,
3443 2662 3673 2718 sumbu-

2095 2755 2232 2818 lum,
2263 2770 2374 2824 quo
2413 2771 2522 2810 una
2561 2765 2684 2809 cum
2726 2753 2831 2809 ﬁde
2870 2755 3254 2823 circumcincti
3291 2754 3464 2808 futuri
3502 2754 3673 2808 lecto—

2096 2861 2206 2909 res,
2235 2845 2408 2900 divini
2437 2848 2642 2902 amoris
2672 2848 2941 2903 fervorem
2972 2847 3310 2917 concipiant,
3345 2862 3409 2901 ac
3441 2844 3674 2916 proinde

2098 2939 2460 2992 recalescant.
2490 2939 2561 2994 Ut
2587 2938 2734 2993 enim
2768 2939 2875 2993 tela
2907 2925 3193 2993 eximultis
3221 2937 3454 2992 conﬂata
3484 2929 3674 2990 stami-

2098 3044 2231 3094 num
2259 3029 2567 3098 particulis,
2594 3030 2648 3083 in
2675 3045 2840 3083 unam
2873 3037 2928 3083 et
2957 3028 3290 3099 impartilem
3321 3039 3439 3082 arte
3467 3027 3677 3080 tcxoria

2100 3119 2362 3175 coalescit
2391 3121 2664 3186 tunicam;
2705 3121 2784 3175 sic
2819 3128 2874 3175 et
2907 3120 3165 3174 universa
3202 3117 3502 3188 Scriptum
3531 3117 3675 3171 divi—

2098 3213 2250 3268 nitus
2305 3212 2584 3282 inspirata:
2625 3213 2847 3266 oracula
2887 3212 2942 3265 in
2988 3212 3138 3266 hunc
3181 3210 3346 3264 ﬁnem
3390 3208 3676 3278 conspira-

2097 3313 2246 3368 runt,
2281 3305 2440 3374 plane
2475 3315 2536 3360 ut
2570 3305 2869 3360 Dominicaa
2903 3303 3336 3374 dispensationis
3369 3303 3676 3356 inconsuti—

2095 3394 2206 3449 lem
2237 3393 2477 3448 tunicam
2507 3394 2926 3466 prarsignarent,
2953 3408 3117 3461 quam
3149 3407 3215 3445 ex
3249 3398 3406 3444 utero
3433 3390 3676 3457 suscepit

2101 3484 2354 3556 gloriosae
2375 3500 2440 3539 ac
2462 3495 2663 3539 sanctae
2687 3483 2933 3554 Deiparae
2981 3498 3196 3552 semper
3216 3481 3448 3551 virginis
3478 3479 3676 3545 Mariae,

2103 3591 2203 3644 pro
2241 3583 2486 3644 tempore
2521 3573 2745 3644 quidem
2783 3573 3117 3642 corruptivae
3154 3571 3318 3625 morti
3357 3569 3673 3633 obnoxiam,

2102 3663 2248 3736 quod
2291 3664 2489 3718 similis
2522 3664 2694 3719 nostri
2727 3678 2849 3718 esse
2881 3662 3058 3716 voluit
3090 3662 3158 3715 ad
3196 3659 3508 3715 tolerandas
3555 3675 3677 3714 cor-

2100 3755 2253 3826 poris
2306 3754 2576 3826 injurias;
2630 3755 2825 3809 eadem
2881 3769 3074 3810 rursus
3126 3752 3264 3807 nulli
3315 3752 3501 3806 futura
3559 3759 3678 3805 erat

2100 3843 2336 3899 obnoxia
2388 3845 2743 3913 corruptelae,
2778 3850 2840 3897 ut
2874 3859 2974 3897 nos
3027 3842 3327 3897 miserabili
3365 3842 3688 3912 corruptela

2101 3944 2384 4004 exemptos
2438 3935 2493 3990 in
2542 3935 2833 4005 pristinam
2887 3943 3172 3990 revocaret
3216 3935 3567 3997 libertatem,
3615 3948 3678 3986 ac

2103 4027 2327 4081 demum
2353 4028 2485 4098 jugo
2509 4027 2883 4096 emancipatus
2913 4025 3047 4081 dirae
3076 4026 3362 4082 servitutis
3394 4024 3462 4080 ad
3498 4025 3682 4078 incor-

2103 4116 2380 4186 ruptionis
2406 4117 2634 4188 gloriam
2661 4116 3088 4182 transcriberet;
3113 4118 3240 4172 vitae
3263 4118 3491 4186 insuper
3516 4115 3679 4169 resti-

2104 4215 2271 4271 tutos,
2304 4208 2565 4278 donativo
2601 4207 2937 4262 convestiret
2975 4208 3176 4268 trabeae
3225 4205 3678 4261 immortalitatis.

427 4298 523 4349 καὶ
567 4297 659 4351 τοῦ
692 4299 824 4352 Υἱοῦ
863 4299 958 4352 καὶ
1006 4299 1102 4354 τοῦ
1150 4300 1306 4373 ἁγίου
1363 4297 1705 4369 Πνεύμαιτος,
1758 4299 1839 4362 εἰς
1876 4298 1991 4362 τοὺς

2098 4297 2157 4352 ld
2199 4300 2421 4368 quidem
2463 4298 2696 4354 dixerim
2737 4301 3016 4370 perizoma
3062 4315 3172 4353 non
3213 4299 3347 4353 illud
3385 4299 3679 4354 Iudaicum
3729 4299 3738 4310 '

427 4388 629 4452 αἰῶνας
660 4390 769 4444 τῶν
808 4389 1052 4458 αἰώνων,
1087 4391 1277 4462 Ἀμήν.
1629 4459 1638 4466 υ

2098 4389 2245 4458 quod
2278 4390 2466 4459 jussus
2500 4398 2584 4444 est
2613 4390 2883 4444 Jeremias
2918 4391 2974 4443 in
3011 4397 3216 4444 arcano
3254 4390 3514 4459 quopiam
3555 4388 3678 4441 loco

427 4480 749 4546 recondere,
771 4493 827 4537 et
847 4479 990 4538 idem
1013 4484 1065 4546 i_n
1087 4483 1366 4552 Euphrate
1415 4482 1582 4537 ﬂuvio
1631 4480 2055 4551 computruit";
2096 4481 2229 4551 quin
2274 4482 2409 4535 illud
2453 4483 2640 4538 verius
2683 4483 2927 4552 intelligo
2973 4482 3118 4552 quod
3171 4481 3241 4535 ad
3285 4496 3440 4535 nova:
3486 4481 3677 4550 gratia:

426 4570 602 4639 legem
637 4573 896 4642 pertinet,
961 4576 1109 4643 quod
1150 4575 1310 4629 nobis
1351 4575 1466 4645 ipse
1508 4574 1776 4629 Dominus
1814 4581 2033 4628 suomet
2070 4575 2517 4642 praemonstravit
2559 4575 2832 4644 exemplo.
2899 4575 3114 4645 1026
3161 4573 3298 4629 Cum
3348 4573 3679 4642 praecinctus

428 4663 598 4730 pedes
631 4678 857 4718 suorum
888 4665 1285 4736 discipulorum
1319 4665 1545 4721 extersit
1573 4667 1638 4730 ",
1704 4673 1767 4720 ut
1799 4681 1828 4719 a
1865 4665 2122 4720 sordibus
2157 4666 2360 4720 veteris
2426 4666 2685 4722 fermeuti
2720 4667 2938 4738 purgati
3007 4667 3203 4721 tierent
3235 4680 3382 4720 nova
3417 4679 3681 4733 consper-

427 4756 511 4810 sio
574 4757 638 4822 ¹⁷,
683 4766 739 4812 et
785 4768 971 4813 essent
1020 4759 1188 4828 pedes
1240 4775 1434 4815 eorum
1483 4759 1717 4830 speciosi
1777 4769 2034 4828 tanquam
2093 4759 2589 4830 evangelizautium
2639 4776 2872 4830 pacem,
2917 4769 2974 4814 et
3019 4759 3296 4814 calcarent
3341 4772 3509 4826 supra
3560 4769 3679 4809 ser-

429 4855 625 4917 pentes
661 4857 717 4904 et
749 4851 1096 4919 scorpiones,
1124 4857 1181 4905 et
1213 4866 1379 4921 super
1413 4867 1631 4906 omnem
1671 4858 1998 4920 potestatem
2037 4850 2244 4904 inimici
2273 4850 2335 4904 ¹⁸.
2366 4850 2541 4920 Hujus
2570 4852 2774 4919 cinguli
2840 4851 3040 4905 decore
3065 4850 3316 4906 Christus
3375 4847 3680 4903 Ecclesiam

431 4953 588 4993 suam
625 4938 827 5000 induit,
890 4941 1136 4995 maculas
1167 4943 1435 5012 obtegens
1468 4949 1708 5006 nostras,
1769 4951 1825 4996 et
1858 4948 2196 4996 contractam
2231 4957 2298 4996 ex
2329 4943 2459 4998 Adae
2524 4943 2978 5012 praevaricatione
3013 4943 3319 4998 nuditatem
3358 4959 3370 4994 :
3409 4941 3556 4994 sicut
3597 4937 3682 4990 di-

427 5038 579 5082 ctum
614 5037 740 5083 est:
780 5049 796 5080 ι
829 5029 1158 5086 Conscidisti
1189 5047 1409 5087 saccum
1444 5047 1650 5096 meum,
1715 5041 1770 5086 et
1833 5033 2248 5088 circumdedisti
2302 5050 2390 5090 me
2437 5034 2627 5090 laetitia
2688 5037 2750 5090 η.
2809 5055 2826 5086 ι
2885 5035 2998 5090 Hoc
3048 5036 3323 5090 induimur
3392 5049 3460 5086 ex
3509 5030 3687 5085 sacris.

431 5116 754 5187 Seripturis.
788 5120 925 5175 Dum
961 5123 1110 5177 enim
1183 5141 1276 5179 eas
1309 5127 1641 5189 scrutamur,
1708 5125 1875 5179 vitam
1914 5133 2172 5180 aeternam
2221 5127 2554 5193 invenimus,
2628 5130 2807 5199 ipsum
2852 5129 3145 5186 Dominum
3198 5136 3444 5182 nostrum
3489 5125 3682 5178 .lesunt

427 5209 732 5280 Christum,
759 5215 853 5283 qui
879 5231 1046 5269 verus
1074 5221 1160 5270 est
1218 5216 1362 5272 Deus
1429 5228 1635 5291 noster.
1699 5217 1805 5272 Sed
1835 5219 1946 5287 jam
1979 5227 2194 5287 tempus
2220 5218 2481 5290 deinceps
2511 5236 2609 5275 nos
2642 5221 2857 5282 invitat,
2882 5232 2943 5276 ut
2965 5237 3029 5274 ea
3064 5236 3186 5289 qua.
3214 5218 3474 5276 diximus,
3497 5217 3681 5286 capita-

429 5306 790 5373 subjieiamus
830 5308 898 5364 ad
939 5311 1168 5380 gloriam
1205 5321 1261 5366 et
1293 5312 1509 5367 laudem
1546 5322 1746 5368 sancta:
1779 5329 1843 5368 ac
1872 5314 1996 5369 vitae
2032 5315 2368 5386 principium
2409 5316 2697 5390 largientis
2736 5313 3044 5375 Trinitatis,
3080 5310 3277 5375 Patris,
3321 5309 3568 5379 inquam,
3613 5316 3670 5362 et

429 5395 554 5451 Filii
608 5407 665 5453 et
715 5398 954 5469 Spiritus
1007 5404 1215 5468 sancti,
1272 5403 1329 5458 in
1386 5395 1581 5460 saecula
1639 5408 1984 5463 saeculorum.
2025 5409 2220 5463 Amen.

503 5574 542 5652 ξ’
565 5573 635 5628 111
657 5575 853 5652 Reglt,
970 5579 1054 5652 _”
1076 5579 1217 5652 Psal.
1246 5596 1460 5646 xxxvut,
1485 5583 1536 5638 ιι.
1617 5584 1656 5614 ’⁸
1681 5585 1842 5639 Prov.
1873 5601 1957 5652 xv,
1981 5587 1991 5637 ‘.

2151 5587 2191 5617 “‘
2213 5585 2412 5642 Jerem.
2443 5602 2555 5651 χιιι,
2584 5586 2698 5638 ἰ‹“ῐ.

503 5578 542 5605 ¹¹
565 5578 635 5628 111
657 5578 790 5642 Reg.
815 5592 853 5640 ι,
879 5578 932 5629 1’».
1011 5579 1054 5609 ”
1076 5579 1217 5640 Psal.
1246 5596 1460 5646 xxxvut,
1485 5583 1536 5638 ιι.
1617 5584 1656 5614 ’⁸
1681 5585 1842 5639 Prov.
1873 5601 1957 5652 xv,
1981 5587 1991 5637 ‘.

433 5643 474 5674 18
501 5643 520 5674 1
547 5660 612 5674 ..η
664 5661 690 5674 -ι
740 5643 804 5674 In
906 5648 946 5674 ID
970 5648 1088 5674 0-..!
1143 5666 1262 5674 _...-.
1314 5651 1376 5674 ιι)

2151 5587 2191 5617 ’⁸
2213 5585 2412 5642 Jerem.
2443 5602 2555 5651 xui,
2584 5586 2698 5638 L7.
2777 5584 2818 5614 υ
2839 5583 2996 5637 Joan.
3021 5582 3251 5652 xut,t,5.
3291 5579 3332 5609 ”
3357 5578 3522 5635 lCor.
3545 5597 3597 5649 ν,
3624 5584 3676 5639 7,

498 5643 634 5697 Luc.
664 5661 714 5708 ι,
740 5643 823 5699 l9.
905 5648 946 5677 "
970 5648 1112 5702 Psal.
1143 5666 1288 5714 nix,
1314 5651 1397 5704 1:2.
