4020 6146
415 361 551 430 H33
1572 365 1902 426 HOMILIA
1941 365 1992 424 Ι.

2139 362 2247 424 DE.
2272 356 2453 423 FIDE
3540 349 3676 414 1434

413 484 667 543 ⁸ιιίιιτεως.
710 496 728 530 ι
762 474 871 533 Kal
889 476 1143 548 ἀλλαχοῦ,
1188 491 1208 526 ι
1235 475 1349 531 Kal
1370 477 1693 533 ἐπίστευσεν
1738 477 1990 546 Ἀϐραὰμ

2106 478 2285 532 ιιιιιιίιιλ
2306 476 2415 531 tela
2445 461 2776 540 nequissimi
2807 466 2972 541 ignea
3002 470 3356 540 exstinguere
3375 467 3440 518 ’⁷.
3474 466 3497 516 i‘
3534 465 3672 518 Bur-

411 562 490 643 τῷ
519 570 662 642 Θεῷ,
693 571 787 624 καὶ
812 570 1065 642 ἐλογίσθη
1095 568 1248 641 αὑτῷ
1290 571 1371 635 εις
1402 571 1773 640 δικαιοσύνην.
1806 569 1897 640 Τῷ
1933 570 1992 623 δὲ

2106 583 2188 624 tus
2225 583 2241 622 :
2293 586 2312 619 ι
2349 565 2518 622 Fides
2553 558 3078 632 est'sperandarum
3115 556 3423 615 substantia
3461 568 3671 609 rerum;

418 642 492 736 μὴ
524 661 896 736 ἐργαζομένῳ,
928 661 1235 717 πιστεύοντι
1282 662 1342 716 δὲ
1393 664 1487 716 ἐπὶ
1530 663 1624 717 τὸν
1678 660 1994 716 δικαιοῦντα

2106 661 2155 715 [ιι
2179 660 2284 714 hac
2309 660 2458 713 enim
2489 654 2877 712 testimonium
2904 650 3193 735 consecuti
3224 655 3355 703 sunt
3376 642 3628 700 seniores
3657 658 3670 694 :

530 732 725 824 ασεϐἦ,
745 732 1019 823 λογίζεται
1041 756 1075 825 ή
1103 754 1287 817 πίστις
1309 753 1458 824 αὑτῷ
1478 755 1559 815 είς
1576 752 1988 822 ¹δικαιοσύνην.»

2106 752 2248 815 iuxta
2273 747 2436 805 ﬁdem
2460 746 2611 802 enim
2633 742 2885 800 defuncti
2912 732 3042 797 sunt
3064 752 3259 794 omnes
3281 736 3339 790 hi
3361 734 3426 791 ⁸⁸.
3461 751 3480 784 ι
3510 732 3676 786 Item-

416 844 527 898 Καὶ
556 845 783 913 ἐπάγει·
814 864 833 897 ι
865 844 964 898 Διὰ
985 844 1144 897 τοῦτο
1168 844 1233 897 ἐκ
1259 844 1518 909 πίστεως,
1549 845 1638 898 ῖνα
1667 842 1813 897 κατὰ
1835 844 1996 914 χάριν

2106 855 2206 910 que
2247 858 2261 894 :
2307 859 2328 891 ι
2368 838 2647 903 Justitiam
2689 845 2875 891 autem
2913 834 3011 889 Dei
3051 847 3153 904 per
3189 829 3351 883 ﬁdem
3392 829 3448 883 in
3486 836 3676 878 omnes

416 928 471 1006 ᾗ,
504 935 584 991 είς
613 935 675 987 τὸ
708 929 848 989 εἶναι
899 934 1124 1005 βεϐαίαν
1156 935 1320 990 παντὶ
1359 934 1438 1005 τῷ
1473 936 1780 1006 σπέρματι,
1825 936 1889 989 οὑ
1917 932 1997 1004 τῷ

418 1026 485 1078 ἐκ
514 1024 680 1095 νόμου
716 1025 898 1096 μόνον,
947 1020 1084 1080 ἀλλὰ
1115 1026 1213 1080 καὶ
1240 1026 1315 1097 τῷ
1359 1028 1423 1080 ἐκ
1452 1026 1690 1090 πίστεως
1727 1025 1994 1097 Ἀϐραάμ.

420 1115 535 1169 οὑκ
567 1115 781 1185 ἐγράφη
808 1115 868 1169 δὲ
894 1117 960 1169 δι’
992 1115 1155 1170 αὑτὸν
1205 1117 1386 1187 μόνον,
1426 1117 1564 1170 ἀλλὰ
1611 1117 1708 1170 xal
1732 1118 1800 1170 διῖ
1823 1117 1996 1187 ἡμᾶς,

420 1198 504 1268 οἷς
534 1204 1061 1273 μέλλει-λογίζεσθαι
1087 1207 1202 1270 τοῖς
1247 1207 1596 1262 πιστεύουσιν
1626 1208 1719 1260 ἐπὶ
1762 1208 1855 1261 τὸν
1889 1206 2002 1261 Κύ-

428 1311 540 1365 ριον
575 1295 732 1366 ήμῶν
775 1296 984 1367 Ἰησοῦν
1028 1299 1280 1369 Χριστόν.
1342 1285 1743 1363 Δικαιωθέντες
1802 1294 1895 1354 οὖν
1936 1301 2002 1352 ἐκ

425 1386 659 1448 πίστεως
684 1387 907 1458 εἰρήνην
939 1387 1138 1459 ἔχομεν
1182 1389 1319 1460 πρὸς
1346 1389 1438 1443 τὸν
1471 1390 1605 1444 Θεδν
1627 1391 1727 1445 διὰ
1759 1389 1858 1445 τοῦ
1878 1392 2003 1449 ,Κυ-

427 1475 542 1547 ρίου
558 1477 717 1547 ήμῶν
766 1477 940 1549 Ἰησοῦ
979 1480 1240 1550 Χριστοῦ.
1272 1499 1291 1532 ι
1324 1482 1436 1535 Kal
1466 1480 1741 1552 Τιμοθέῳο
1781 1500 1800 1531 ι
1827 1482 2002 1536 Δίωκε

424 1565 795 1640 δικαιοσύνην,
829 1571 1031 1636 πίστιν,
1061 1572 1306 1641 ἀγάπην,
1354 1573 1579 1642 είρήνην
1616 1574 1756 1641 μετὰ
1788 1573 2004 1628 πάντων

424 1658 532 1711 τῶν
562 1659 1008 1730 ἐπικαλουμένων
1039 1662 1130 1715 τὸν
1158 1662 1386 1735 Κύριον.
1417 1682 1436 1716 ι
1475 1650 1606 1718 Καί·
1648 1683 1669 1716 ι
1695 1664 1880 1734 Χωρὶς
1910 1663 2003 1716 πί-

424 1767 597 1815 στεως
625 1751 889 1805 ἀδύνατον
913 1752 1278 1823 εὐαρεστῆσαι
1300 1752 1438 1824 Θεῷ.
1470 1772 1489 1806 ι
1516 1751 1674 1807 Καιό
1712 1753 1964 1823 Ἰωάννης
1984 1769 2002 1786 ν

433 1858 452 1892 ι
478 1839 630 1911 Αὑτη
689 1842 839 1895 ἐστὶν
880 1843 1119 1913 ήέντολὴ
1161 1843 1364 1906 αὑτοῦ,
1412 1845 1500 1897 ἵνα
1546 1844 1893 1914 πιστεύωμεν
1928 1844 2006 1914 τῷ

426 1927 648 1999 ὀνόματι
678 1940 701 1969 ο
731 1929 827 1984 τοῦ
886 1930 1020 1984 Υίοῦ
1051 1930 1227 1987 αὑτοῦ
1272 1932 1445 2002 Ἰησοῦ
1490 1933 1747 2004 Χριστοῦ,
1789 1932 1885 1987 καὶ
1921 1934 2008 1987 ἵνα

426 2020 774 2085 πιστεύοντες
821 2020 969 2092 ζωὴν
1019 2020 1237 2077 αἰώνιον
1292 2022 1476 2093 ἔχητε.
1516 2042 1537 2075 ι
1596 2025 1654 2078 Ὁ
1698 2025 1756 2078 δὲ
1799 2024 2007 2097 Κύριος

426 2110 586 2180 ἡμῶν
620 2112 833 2182 Ἰησοῦς
867 2113 1102 2182 Χριστὸς
1131 2116 1160 2167 ό
1186 2114 1440 2186 ἀληθινὸς
1470 2115 1625 2185 ήμῶν
1652 2115 1786 2179 Θεός
1820 2133 2005 2185 φησιν,

432 2220 452 2256 ι
487 2204 547 2257 '0
569 2204 840 2260 πιστεύων
869 2207 951 2268 είς
980 2205 1103 2277 ἐμὲ,
1133 2208 1367 2277 ποταμοὶ
1391 2208 1456 2260 ἐκ
1476 2208 1576 2278 τῆς
1605 2208 1812 2273 κοιλίας
1841 2207 2005 2261 αὑτοῦ

431 2295 716 2368 ῥεύσουσιν
745 2296 938 2360 ὕδατος
976 2292 1231 2362 ζῶντος.»
1251 2299 1420 2353 Τοῦτο
1449 2298 1507 2353 δὲ
1556 2298 1710 2368 ἔλεγε
1756 2301 1886 2371 περὶ
1912 2300 2006 2354 τοῦ

428 2388 768 2458 Πνεύματος,
804 2382 866 2443 οῦ
892 2388 1125 2460 ἤμελλον
1152 2390 1451 2460 λαμϐάνειν
1477 2392 1527 2445 οἱ
1556 2393 1908 2456 πιστεύοντες
1930 2395 2010 2458 είς

425 2477 610 2532 αὑτόν.
698 2480 806 2532 Kal
835 2480 1021 2533 πάλινο
1056 2498 1077 2532 ‹
1105 2482 1203 2545 Τίς
1236 2481 1342 2552 ἄρα
1376 2482 1523 2535 ἐστὶν
1551 2485 1579 2536 ό
1609 2483 1801 2547 πιστὸς
1823 2482 2010 2546 δοῦλος

427 2570 520 2624 καὶ
543 2569 848 2640 φρόνιμος;
883 2590 900 2622 ι
940 2573 1035 2625 καὶ
1053 2564 1191 2642 ἄλλῃ
1223 2571 1273 2611 (ι’
1312 2592 1331 2624 ι
1358 2572 1422 2626 Ἣ
1453 2573 1640 2634 πίστις
1670 2590 1763 2627 σου
1802 2572 2008 2625 σέσωκέ

429 2678 512 2725 σε,
550 2661 782 2731 πορεύου
817 2663 898 2725 είς
924 2664 1170 2734 εἰρήνην.
1206 2683 1224 2715 ι
1260 2665 1371 2716 Kal
1395 2666 1462 2733 τῇ
1492 2664 1694 2735 Μάρθᾳ
1717 2680 1731 2694 ·
1766 2683 1786 2716 ι
1832 2665 1890 2717 ’0
1917 2681 2010 2717 πι-

430 2754 637 2806 στεύων
681 2754 762 2816 είς
803 2752 924 2822 ἐμὲ,
963 2753 1069 2807 κᾶν
1107 2753 1375 2825 ἀποθάνῃ,
1424 2753 1669 2824 ζήσεται.
1707 2773 1727 2805 ι
1763 2755 1871 2807 Kal
1897 2756 2011 2817 τοῖς

428 2843 722 2919 μαθηταῖς,
763 2862 783 2895 ι
809 2842 985 2913 Ἀμὴν
1033 2844 1178 2912 λέγω
1214 2846 1367 2913 ὑμῖν,
1409 2846 1439 2898 ό
1479 2845 1750 2898 πιστεύων
1777 2847 1858 2908 είς
1887 2845 2006 2915 ἐμὲ,

424 2935 495 2988 τὰ
527 2934 664 3006 ἔργα
698 2934 735 2989 ἃ
767 2933 878 3003 ἐγὼ
910 2935 1049 2988 ποιῶ
1096 2936 1345 2997 κάκεῖνος
1378 2936 1618 3004 ποιήσει,
1650 2938 1746 2989 xal
1787 2937 2009 3007 μείζονα

426 3023 633 3077 τούτων
662 3025 901 3095 ποιήσει.
932 3043 950 3075 ι
1001 3025 1147 3077 Καί·
1186 3044 1205 3075 ι
1249 3023 1306 3078 '0
1336 3024 1610 3078 πιστεύων
1640 3028 1719 3088 εἰς
1747 3026 1868 3092 ἐμὲ.
1897 3026 2009 3096 ἔχει

2096 930 2193 1000 qui
2221 930 2481 994 credunt,
2509 938 2569 983 ut
2598 926 3026 998 promissionem
3056 919 3398 989 accipiamus
3430 914 3677 983 Spiritus

2097 1037 2198 1092 per
2235 1020 2401 1075 ﬁdem
2422 1020 2489 1073 ²⁹.
2532 1038 2551 1071 ι
2599 1019 2669 1074 Ει
2708 1036 2722 1072 :
2771 1036 2791 1069 ι
2838 1013 3088 1071 Credidit
3127 1008 3406 1066 Abraham
3444 1007 3587 1066 Deo,
3619 1009 3679 1056 et

2100 1119 2418 1182 reputatum
2457 1117 2543 1166 est
2579 1110 2631 1164 ei
2672 1108 2742 1162 ad
2779 1106 3095 1178 justitiam.~
3152 1102 3217 1156 Ei
3257 1113 3392 1154 vero
3432 1095 3676 1167 qui'non

2100 1209 2401 1274 operatur,
2450 1201 2702 1257 credenti
2750 1206 2939 1253 autem
2988 1196 3045 1250 in
3088 1207 3217 1248 eum
3270 1191 3368 1261 qui
3409 1185 3678 1260 justiﬁcat

2101 1294 2358 1364 impium,
2391 1295 2701 1363 imputatur
2741 1290 2879 1345 fides
2915 1287 2989 1342 ad
3017 1285 3290 1357 justitiam
3314 1283 3383 1335 ³ο.
3423 1300 3442 1331 ι
3490 1279 3680 1347 Itaque

2104 1385 2321 1443 inducit
2372 1402 2388 1438 :
2445 1403 2477 1435 ι.
2518 1385 2754 1453 Propter
2800 1382 2909 1435 hoc
2956 1395 3023 1433 ex
3077 1377 3218 1442 ﬁde,
3263 1382 3325 1428 ut
3370 1369 3679 1427 secundum

2102 1477 2335 1549 gratiam
2370 1475 2527 1529 ﬁrma
2554 1464 2706 1530 esset
2732 1470 3029 1543 promissio
3055 1467 3207 1523 omni
3240 1462 3459 1524 semini,
3493 1476 3603 1515 non
3628 1458 3681 1513 ei

2104 1568 2213 1639 qui.
2240 1567 2465 1638 exlege
2504 1576 2590 1621 est
2624 1566 2835 1622 solum.
2869 1562 2967 1618 sed
3011 1569 3067 1616 et
3092 1559 3160 1614 ‘ei
3201 1557 3298 1628 qui
3342 1570 3409 1632 es
3452 1553 3560 1607 ﬁde
3596 1557 3684 1606 est

2104 1657 2363 1714 Abrahae.
2399 1659 2522 1713 Non
2559 1668 2647 1714 est
2686 1666 2871 1711 autem
2912 1653 3181 1722 scriptum
3226 1656 3457 1719 propter
3497 1645 3683 1713 ipsum

2106 1752 2284 1807 solum
2304 1790 2320 1816 ,
2351 1750 2449 1805 sed
2485 1749 2655 1804 etiam
2692 1752 2922 1818 propter
2950 1759 3055 1799 nos
3086 1741 3295 1812 quibus
3331 1734 3683 1806 reputabitur

2040 1809 2081 1864 Β
2106 1840 2466 1896 credentibus
2482 1840 2537 1893 in
2560 1839 2854 1893 Dominum
2878 1836 3130 1890 nostrum
3149 1831 3335 1885 Jesum
3357 1825 3666 1882 Christum.

2105 1932 2401 1991 Justiﬁcati
2430 1932 2599 2002 igitur
2622 1946 2689 1985 ex
2719 1929 2846 1992 ﬁde,
2871 1941 3062 1997 pacem
3088 1923 3398 1977 habeamus
3415 1917 3482 1971 ad
3509 1916 3683 1969 Deum

2105 2042 2206 2098 per
2234 2025 2529 2080 Dominum
2565 2030 2817 2077 nostrum
2847 2018 3033 2074 Jesum
3068 2012 3357 2070 Christum
3379 2008 3444 2059 ³¹.
3483 2025 3501 2057 ι
3547 2005 3685 2059 Item

2109 2118 2407 2174 Timotheo
2443 2134 2456 2170 :
2495 2134 2513 2167 ι
2546 2114 2774 2170 Sectare
2800 2109 3092 2182 justitiam,
3119 2105 3304 2166 ﬁdem,
3333 2099 3682 2160 charitatem,

2105 2226 2299 2282 pacem
2339 2224 2464 2264 cum
2503 2207 2764 2263 omnibus
2802 2204 2898 2275 qui
2935 2204 3202 2259 invocant
3239 2197 3534 2251 Dominum
3553 2190 3620 2242 ⁸².
3659 2207 3677 2239 ι

2106 2303 2176 2358 Ει
2213 2319 2228 2355 :
2275 2319 2295 2352 ι
2341 2300 2473 2355 Sine
2511 2298 2618 2353 ﬁde
2660 2295 3000 2367 impossibile
3037 2300 3123 2347 est
3161 2291 3380 2361 placere
3420 2285 3535 2339 Deo
3555 2282 3621 2334 ³³.
3658 2298 3679 2331 ι

2106 2395 2346 2451 Joannes
2377 2393 2680 2448 etiamnum
2719 2408 2732 2443 :
2777 2408 2795 2440 ι
2836 2387 2952 2442 Hoc
2985 2392 3071 2441 est
3100 2376 3598 2444 mandatumejus,
3624 2378 3687 2425 ut

2108 2486 2404 2542 credamus
2444 2484 2503 2538 in
2538 2481 2762 2537 nomine
2796 2479 2921 2535 Filii
2954 2478 3074 2549 ejus
3103 2476 3230 2530 Jesu
3267 2468 3503 2527 Christi.
3536 2476 3593 2520 et
3626 2472 3687 2520 ut

2108 2578 2430 2642 credentes,
2459 2576 2626 2630 vitam
2664 2584 2928 2629 aeternam
2970 2568 3226 2624 habeatis
3250 2565 3317 2618 ⁸⁸.
3355 2582 3375 2614 ι
3415 2558 3686 2616 Dominus

2109 2677 2296 2723 autem
2335 2675 2548 2730 noster,
2579 2666 2740 2721 Jesus
2779 2662 3035 2718 Christus
3072 2658 3166 2728 qui
3208 2669 3377 2710 verus
3416 2658 3501 2707 est
3543 2649 3690 2703 Deus

2108 2767 2323 2823 noster,
2352 2757 2431 2813 ait
2462 2775 2475 2812 :
2516 2775 2535 2808 ι
2567 2755 2671 2822 Qui
2704 2753 2884 2810 credit
2913 2753 2969 2806 in
3000 2765 3110 2815 me,
3140 2746 3365 2802 ﬁumina
3395 2741 3464 2796 de
3493 2745 3688 2817 yentre

2109 2849 2232 2919 ejus
2260 2847 2435 2905 ﬁuent
2461 2861 2618 2916 aquae
2643 2844 2961 2904 vivamﬂoe
2977 2844 3163 2896 autem
3203 2834 3426 2891 dicebat
3459 2830 3527 2885 de
3561 2827 3688 2897 Spi-

2110 2939 2222 2993 ritu
2263 2953 2427 3007 quem
2467 2936 2752 3007 accepturi
2790 2940 2949 2989 erant
2985 2932 3278 2987 credentes
3315 2926 3371 2980 in
3411 2937 3541 2978 eum
3562 2921 3631 2974 ³⁵.

2111 3030 2326 3084 Rursus
2364 3029 2510 3082 idem
2555 3044 2569 3081 :
2621 3046 2639 3078 ι
2682 3025 2820 3093 Quis
2862 3010 3024 3095 putas
3063 3022 3242 3076 ﬁdelis
3282 3027 3369 3073 est
3405 3027 3598 3071 servus
3632 3016 3691 3065 et

429 3113 574 3183 ζωὴν
600 3114 869 3168 αἰώνιον.»
900 3116 1011 3169 Kal
1035 3114 1211 3177 αὖθιςο
1247 3132 1265 3164 ι
1293 3114 1587 3167 Πιστεύετε
1618 3115 1699 3177 είς
1719 3114 1820 3180 ,τὸν
1849 3113 2004 3172 Θεὸν.

2111 3120 2356 3190 prudens
2379 3120 2459 3173 ὀἳ
2502 3138 2521 3170 ι
2560 3119 2701 3173 Aliis
2741 3132 2961 3187 quoque
2998 3115 3138 3170 dixit
3176 3130 3188 3167 :
3243 3130 3262 3162 ι
3303 3109 3468 3165 Fides
3502 3115 3597 3160 tua
3636 3114 3690 3197 te

428 3203 522 3255 καὶ
552 3204 630 3267 εἰς
663 3204 764 3274 ἐμὲ
787 3204 1096 3258 πιστεύετε.
1139 3223 1158 3255 ι
1215 3202 1442 3267 Ἰκανῶς
1488 3204 1689 3269 τοίνυν,
1731 3202 1806 3266 ὡς
1830 3197 2008 3272 οἶμαι,

430 3293 783 3364 παρεθέμεθα
803 3296 902 3359 τὰς
930 3298 995 3349 ἐκ
1023 3295 1131 3348 τῶν
1166 3295 1328 3349 θείων
1356 3294 1590 3364 Γραφῶν
1616 3294 1743 3365 περὶ
1775 3295 2010 3357 πίστεως

434 3385 735 3455 μαρτυρίας
759 3401 773 3415 ο
813 3386 994 3438 πίστιν
1042 3385 1098 3439 δὲ
1130 3385 1363 3455 λέγομεν
1406 3385 1503 3455 τὴν
1541 3386 1621 3447 είς
1650 3384 1869 3456 Πατέρα
1916 3385 2010 3438 καὶ

429 3474 557 3529 Υἰὺν
589 3476 682 3528 καὶ
721 3475 873 3543 ἅγιον
899 3475 1149 3545 Πνεῦμα,
1171 3475 1271 3545 τὴν
1300 3475 1586 3544 ὁμοούσιον
1614 3474 1709 3528 καὶ
1748 3475 2011 3539 ζωοποιὸν

429 3567 637 3635 Τριάδα
663 3566 1097 3636 ἀναφερομένην,
1125 3568 1205 3627 εἰς
1221 3565 1287 3635 ἣν
1311 3566 1404 3617 καὶ
1427 3565 1781 3633 πιστεύομεν.
1814 3565 2011 3632 Ἀναγ-

432 3659 584 3710 καῖον
625 3656 683 3708 δὲ
735 3657 830 3709 καὶ
856 3656 955 3718 τὰς
983 3657 1112 3727 περὶ
1156 3655 1346 3708 τούτου
1394 3660 1620 3726 χρήσεις
1663 3657 1760 3710 καὶ
1799 3672 2008 3726 μαρτυ-

433 3746 556 3818 ρίας
583 3746 684 3815 τῆς
715 3746 867 3808 θείας
897 3746 1124 3816 Γραφῆς
1166 3745 1507 3817 παραθέσθαι
1543 3746 1682 3817 πρὸς
1732 3746 2010 3816 φωτισμὸν

429 3838 540 3890 τῶν
571 3836 1030 3905 ἐντυγχανόντων.
1066 3835 1166 3888 Διὰ
1202 3837 1386 3906 πάσης
1414 3838 1594 3889 τοίνυν
1636 3836 1737 3903 τῆς
1774 3836 2013 3905 θεολογι-

430 3926 536 3995 κῆς
556 3925 952 4003 πραγματείας
976 3926 1076 3997 τὴν
1099 3926 1359 3998 θεαρχίαν
1382 3926 1599 3997 ὁρῶμεν
1625 3926 1785 3996 ίερῶς
1813 3928 2010 3996 ὑμνου-

435 4018 625 4087 μένην,
661 4019 736 4081 ὡς
762 4018 968 4087 μονάδα
1004 4018 1103 4088 μὲν
1146 4019 1241 4070 καὶ
1272 4017 1437 4072 ἐνάόα
1463 4017 1554 4071 διὰ
1594 4018 1695 4086 τὴν
1733 4017 2012 4087 ἁπλότητα

430 4107 527 4159 καὶ
552 4107 777 4177 ἑνότητα
801 4107 900 4176 τῆς
938 4108 1252 4179 ὑπερφυοῦς
1287 4107 1573 4178 ἀμερείας,
1603 4107 1664 4171 ἐξ
1692 4101 1760 4178 ἦς
1787 4106 1863 4170 ὡς
1897 4110 2012 4161 ἐνο-

434 4196 589 4249 ποιοῦ
622 4197 905 4267 δυνάμεως
950 4197 1276 4267 ἐνιζόμεθα·
1320 4197 1398 4261 ὡς
1452 4198 1659 4267 Τριάδα
1687 4194 1874 4252 esea
1911 4198 2012 4268 τὴν

430 4288 858 4358 τρισυπόστατον
886 4290 985 4358 τῆς
1015 4290 1338 4361 ὑπερουσίου
1371 4290 1727 4360 γονιμότητος
1753 4288 2009 4359 ἔμφασιν.

433 4381 606 4434 Τοῦτο
637 4378 729 4435 οὖν
768 4400 950 4451 φαμεν
998 4383 1076 4446 ὡς
1124 4383 1303 4437 πάντα
1340 4382 1411 4435 τὰ
1449 4381 1719 4452 θεαρχικὰ
1770 4383 2010 4452 ὀνόματα

2112 3212 2316 3267 salvam
2349 3211 2499 3276 fecit,
2516 3210 2656 3265 vade
2685 3209 2738 3263 in
2770 3224 2903 3279 pace
2924 3207 2990 3261 ⁸⁷.
3017 3224 3034 3257 ι
3073 3204 3298 3259 Marthae
3324 3202 3454 3255 item
3485 3216 3500 3253 :
3537 3216 3555 3248 ι
3584 3196 3689 3263 Qui

2110 3303 2289 3357 credit
2334 3303 2389 3356 in
2434 3318 2551 3365 me,
2593 3300 2812 3356 etiamsi
2859 3306 3114 3353 mortuus
3156 3293 3355 3353 fuerit,
3387 3289 3623 3345 vivet”.
3663 3305 3682 3338 ι

2109 3392 2412 3463 Discipulis
2440 3393 2517 3446 ait
2546 3411 2560 3445 ε
2598 3411 2615 3442 ι
2652 3392 2847 3453 Amen,
2880 3403 3040 3442 amen
3071 3386 3195 3440 dico
3226 3383 3406 3446 vobis,
3432 3380 3526 3449 qui
3565 3384 3690 3433 (ει-είς

2110 3485 2253 3540 didit
2290 3486 2347 3538 in
2387 3501 2496 3548 me,
2519 3499 2689 3554 opera
2720 3498 2844 3552 qua:
2873 3495 2974 3551 ego
3003 3479 3146 3532 facio
3175 3484 3230 3530 et
3260 3475 3351 3528 ille
3380 3473 3544 3526 faciet
3564 3472 3630 3524 ".
3661 3487 3683 3521 ι

2108 3577 2179 3631 Ει
2208 3594 2221 3630 :
2264 3595 2283 3627 ι
2314 3574 2418 3641 Qui
2449 3574 2627 3629 credit
2653 3574 2708 3628 in
2740 3588 2849 3638 me,
2872 3570 3045 3625 habet
3077 3569 3245 3621 vitam
3277 3575 3538 3621 mternam
3564 3562 3630 3615 ⁸ο.
3663 3580 3682 3612 ι

2110 3668 2323 3723 Rursus
2351 3684 2364 3719 :
2404 3684 2423 3718 ‹
2451 3666 2692 3721 Creditis
2723 3665 2779 3719 in
2806 3665 3011 3733 Deum,
3049 3672 3105 3717 et
3130 3662 3188 3715 in
3215 3675 3303 3715 me
3328 3656 3539 3713 credite
3563 3655 3629 3710 ⁸³.
3664 3674 3683 3707 ι

2110 3758 2181 3813 Ει
2224 3758 2464 3827 quidem
2493 3759 2763 3812 hactenus
2810 3756 2878 3810 de
2912 3755 3017 3809 ﬁde
3058 3752 3277 3808 abunde
3313 3749 3690 3805 testimonium

2113 3848 2354 3902 arbitror
2395 3862 2484 3901 me
2528 3844 2940 3914 deprompsisse
2988 3860 3019 3898 e
3061 3841 3498 3912 locupletissimo
3544 3853 3690 3907 penu

2088 3938 2427 4009 divinarum
2472 3930 2918 4010 ‘Scripturarum.
2952 3934 3267 3989 Astruimus
3313 3945 3482 4002 porro
3529 3928 3691 3982 fidem

2112 4045 2264 4089 esse,
2298 4026 2408 4099 qua
2452 4029 2555 4100 ipsi
2598 4028 2976 4083 credimus'in
3013 4027 3267 4090 Patrem,
3299 4033 3356 4078 et
3395 4022 3595 4077 Filium
3638 4027 3695 4074 et

2113 4118 2381 4189 Spiritum
2424 4110 2697 4184 sanctum’,
2731 4116 3257 4171 consubstantialem
3302 4121 3361 4169 et
3400 4110 3689 4165 viviﬁcan-

2112 4219 2222 4263 tem
2266 4209 2596 4264 Trinitatem
2643 4209 2864 4263 cunctis
2897 4208 3113 4278 1028
3159 4203 3687 4274 supereminentem.

2111 4301 2495 4369 Necessarium
2538 4299 2772 4370 proinde
2810 4300 2907 4365 sit,
2940 4299 3143 4352 divinae
3184 4291 3487 4364 Scriptura:
3530 4306 3691 4345 usum

2113 4407 2177 4447 ac
2208 4391 2527 4446 testimonia
2556 4392 2661 4445 hac
2684 4391 2753 4445 de
2783 4406 2839 4445 re
2867 4390 3195 4459 depromere
3230 4386 3299 4441 ad
3337 4383 3693 4439 illustrandas

422 4473 514 4534 ἐις
550 4473 650 4542 τὴν
686 4472 1012 4543 ὑπερούσιον
1038 4475 1131 4527 καὶ
1154 4472 1439 4543 ὁμοούσιον
1468 4474 1675 4543 Τριάδα
1695 4476 1744 4527 οῖ
1767 4474 2007 4542 θεολόγοι

2110 4483 2412 4553 legentium
2446 4484 2675 4539 animas.
2708 4483 2897 4552 Itaque
2935 4497 3033 4552 per
3064 4495 3284 4535 omnem
3321 4478 3414 4548 qui
3450 4476 3518 4531 de
3553 4475 3695 4529 divi-

432 4562 868 4630 ἐκλαμϐάνουσιν
893 4581 906 4595 ·
933 4558 1044 4617 οἷον
1072 4564 1153 4631 τὸ,
1189 4563 1320 4624 Θεὸς
1350 4564 1575 4634 Κύριος,
1609 4565 1820 4633 Ἀγιος,
1850 4567 2015 4635 Ἀγα-

433 4652 549 4717 θδς,
585 4653 728 4716 Φῶς,
754 4653 899 4724 Ζωὴ,
918 4654 1195 4726 Ἀλήθεια,
1218 4656 1643 4728 Παντοκράτωρ,
1674 4658 2014 4711 Παντοδύνα-

438 4760 556 4812 μος,
597 4744 801 4814 Κύριος
849 4745 1110 4811 Σαϐαὼθ,
1168 4738 1223 4800 δ’
1251 4750 1368 4801 ἐστι
1412 4747 1727 4818 στρατιῶν,
1777 4750 1875 4804 καὶ
1913 4752 2013 4804 ὅσα

431 4834 565 4888 ἄλλα
593 4836 745 4905 παρὰ
781 4836 890 4890 τῶν
949 4837 1218 4906 θεολόγων
1263 4839 1425 4909 ίερῶς
1471 4840 1745 4910 ὑμνεῖται,
1777 4842 1854 4907 ὡς
1897 4844 2015 4896 ἐστι

436 4918 626 4993 μαθεῖν
661 4927 792 4994 παρ’
824 4927 993 4995 αὑτῆς
1028 4928 1130 4996 τῆς
1172 4929 1432 4999 θεαρχίας
1472 4930 1642 5002 αὑτὴν
1684 4935 1813 5004 περὶ
1842 4934 2015 5005 αὐτῆς

432 5012 855 5085 ὑφηγουμένην·
886 5034 904 5067 ι
936 5017 1002 5069 Τί
1060 5034 1127 5087 με
1185 5019 1397 5089 ἐρωτᾷς
1443 5021 1714 5090 περὶιτοῦ
1767 5023 2015 5092 ἁγαθοῦ;

431 5105 607 5169 οὐδεὶς
635 5106 860 5174 ἀγαθὸς,
907 5109 957 5161 εί
1006 5109 1078 5177 μὴ
1126 5103 1209 5173 εἷς
1233 5110 1276 5162 ό.
1299 5110 1452 5174 Θεός.
1482 5131 1500 5164 ι
1544 5114 1656 5167 Καὶ
1695 5117 1806 5177 τοῖς
1839 5118 1898 5168 ἐν
1939 5116 2019 5186 τῷ

432 5188 754 5263 ἀμπελῶνί·
791 5216 810 5248 ι
840 5196 967 5251 Ὀτι
1025 5196 1138 5264 ἐγὼ
1194 5199 1399 5268 ἁγαθός
1447 5202 1584 5272 εἰμι.
1623 5221 1642 5253 ι
1688 5203 1829 5255 Καί·
1887 5223 1906 5255 ι
1946 5203 2019 5258 Τδ

437 5284 660 5354 Πνεῦμα
704 5305 797 5341 σου
845 5289 908 5342 τὸ
941 5290 1169 5359 ἀγαθόν.
1215 5309 1234 5341 ι
1270 5292 1382 5345 Καὶ
1417 5293 1492 5362 τῷ
1526 5295 1750 5367 Μωῡσεῖ
1775 5312 1786 5325 ·
1826 5315 1844 5348 ι
1875 5296 2020 5365 Ἐγώ

507 5424 880 5497 ’ξ’ᾼΕρΙιεερ-νι.
907 5426 993 5480 16.
1069 5429 1115 5461 ’³
1140 5428 1309 5484 Hebr.
1332 5446 1406 5495 ιιι,
1431 5430 1482 5496 1,
1504 5432 1556 5497 2,
1585 5432 1671 5485 15.

1748 5434 1793 5463 ²⁹
1814 5433 1971 5487 Rom.
1996 5449 2076 5498 ιιι,
2098 5434 2187 5488 22.
2264 5436 2310 5468 ³ο
2334 5436 2495 5491 Rom.
2518 5454 2593 5498 ιν,
2613 5438 2730 5492 5-5.

438 5510 497 5557 ιι,
687 5495 923 5573 ‘1I_lebr.
950 5513 1024 5563 xl,
1049 5497 1101 5573 6Ϊ
1119 5569 1140 5573 Α
1179 5500 1223 5530 ³⁵
1246 5500 1452 5573 ῌρδιι.
1471 5494 1557 5567 ιιι,
1582 5503 1673 5556 25.
1751 5502 1971 5573 ³ξ³⁹.1ᾉοειιι.
1995 5520 2008 5548 ι

2114 5505 2204 5558 58.
2281 5507 2326 5538 ³⁸
2347 5504 2540 5561 Matth.
2564 5494 2707 5573 sxw,
2730 5507 2818 5561 45.

2090 4575 2206 4631 ηῐιίε
2243 4585 2351 4641 est,
2381 4580 2699 4638 tractatum,
2728 4574 3179 4646 augustissimam
3206 4572 3312 4649 Dei
3354 4572 3691 4640 majestatem

2115 4665 2287 4720 sacris
2321 4652 2695 4734 conspicimus
2726 4663 2995 4719 celebrari
3026 4662 3266 4733 hymnis,
3288 4676 3438 4715 nunc
3465 4659 3690 4729 quidem

2115 4764 2177 4811 ut
2202 4756 2539 4823 singularem
2569 4757 2859 4820 unitatem,
2890 4762 3118 4825 propter
3143 4753 3553 4823 simplicitatem
3586 4750 3694 4803 im-

2115 4848 2472 4919 partialitatis
2498 4858 2695 4902 natura
2726 4848 2874 4901 omni
2905 4845 3227 4916 superioris,
3255 4859 3432 4914 eoque
3467 4844 3694 4898 inenar-

2112 4916 2307 4990 rabilis
2341 4934 2492 4990 illius
2531 4952 2629 5006 per
2658 4952 2823 5006 quam
2860 4945 3119 5006 tanquam
3144 4937 3402 4990 virtutem
3436 4933 3692 4988 uniﬁcam

2113 5026 2218 5094 ipsi
2250 5028 2307 5081 in
2340 5042 2509 5081 unum
2539 5028 2903 5084 coale'seimus
2930 5036 2987 5083 et
3021 5026 3317 5081 counimur
3345 5043 3359 5079 :
3390 5040 3539 5079 nunc
3561 5036 3694 5076 vero

2115 5116 2402 5171 Trinitatis
2425 5117 2647 5172 nomine
2670 5118 3021 5187 praedicatur,
3039 5122 3100 5171 ut
3121 5124 3270 5173 tanta
3296 5116 3387 5168 illa
3414 5113 3689 5182 majestas.

2114 5206 2485 5277 qualicunque
2525 5208 2899 5267 delineatione
2940 5208 3256 5263 declaretur
3290 5204 3466 5259 tribus
3507 5201 3688 5257 subsi-

2116 5308 2264 5354 stere
2320 5301 2608 5369 personis,
2656 5302 2861 5371 alioqui
2914 5298 3334 5370 proliﬁcationis
3388 5298 3688 5350 immensae.

2806 5437 2847 5468 ³¹
2878 5434 3015 5489 ibid.
3042 5436 3094 5496 I,
3122 5433 3321 5494 “.23.
3399 5431 3443 5461 ⁸¹
3468 5430 3513 5485 ll
3542 5430 3688 5485 Tim.

2899 5505 3100 5559 "Luc.
3138 5520 3231 5569 vn,
3280 5501 3369 5559 50.
3465 5500 3689 5557 “Joan.

440 5564 631 5631 x1,23-
701 5566 744 5597 δ’
764 5565 922 5620 Joan.
947 5583 1054 5632 xxv,
1085 5569 1166 5622 12.
1246 5568 1290 5600 ’⁵⁸
1318 5569 1472 5625 loan.
1498 5564 1567 5637 vi,
1592 5574 1680 5628 l7.
1760 5572 1801 5604 “
1823 5571 1981 5627 Joan.
2006 5588 2116 5637 ιιιν,
2143 5575 2194 5628 1.

1722 5684 1955 5740 unus
1993 5668 2397 5743 LECTIONES-

510 5749 628 5811 θείς
658 5746 716 5800 τὸ
752 5746 938 5817 δνομα.
1017 5748 1040 5787 ιι
1067 5748 1266 5815 ἄλλοις.
