4020 6146
418 349 553 415 1437
1615 349 1948 413 HOMILIA
1989 357 1996 414 ί

2109 379 2180 390 -
2219 353 2316 415 DE
2357 344 2524 411 SPE.
3549 355 3684 416 M38

427 459 602 533 Ἰησοῦ
648 463 725 534 τῷ
757 463 946 537 Κυρίῳ
977 461 1152 534 ἡμῶν,
1187 445 1233 526 ᾧ
1263 456 1299 530 ἡ
1335 459 1465 528 δόξα
1505 459 1587 525 είς
1623 463 1753 526 τοὺς
1781 463 1988 528 αἰῶνας

2099 465 2275 536 giam,
2323 463 2426 518 bas
2479 449 3197 520 habent‘nomenclaturas
3248 465 3416 519 totius
3468 465 3680 519 indices

411 553 520 606 τῶν
550 555 784 610 αίώνων.
819 557 1014 627 Ἀμήν.

2099 555 2325 611 Deitatis
2347 554 2394 587 “
2436 569 2450 607 :
2506 554 2640 623 puta
2688 546 3109 621 Superbonum,
3157 556 3483 617 Pulchrum,
3529 555 3672 615 Ens.

409 647 727 713 Viviﬁcans,
760 648 1161 720 Augustissima
1196 647 1486 716 divinitas,
1516 666 1789 721 perquam
1823 650 1984 720 plene
2024 657 2246 705 exstans
2281 647 2614 710 substantia,
2677 645 2810 713 Quae
2877 651 3072 704 vivunt
3103 658 3303 704 cuncta
3339 647 3673 717 producens,

413 737 675 808 Sapiens:
705 748 760 794 et
782 756 1128 812 quaecunque.
1155 741 1210 796 id
1268 757 1444 812 genus
1474 743 1929 806 nomenclaturae,
1987 756 2053 796 ex
2093 757 2256 812 quam
2283 741 2490 811 optima
2516 739 2693 810 ipsius
2719 747 2775 794 et
2798 738 3312 794 munificentissima
3340 735 3674 790 liberalitate

414 830 677 900 profecta:
709 841 1031 900 occurrunt,
1059 834 1262 904 quibus
1299 835 1574 890 bonorum
1611 836 1860 890 omnium
1933 844 2126 890 auctor
2159 850 2281 890 esse
2315 834 2729 890 denominatur.
2795 833 2876 888 Ad
2916 833 3212 888 discretam
3275 845 3408 885 vero
3457 827 3673 882 theolo-

412 926 556 996 giam
589 927 870 996 pertinent
933 927 1415 984 denominationes
1447 947 1460 982 :
1496 944 1596 984 ceu
1645 937 1798 996 sunt,
1861 929 2474 998 supersuhstantialitas
2541 936 2708 997 atque
2775 926 3060 997 opulentia
3094 925 3277 980 Patris
3315 942 3327 978 :
3369 922 3576 977 eaedem
3616 931 3675 976 et

411 1017 551 1072 Filio
593 1028 656 1072 et
699 1017 933 1089 Spiritui
981 1029 1174 1075 sancto
1219 1036 1476 1091 peraeque
1523 1036 1882 1084 communes,
1925 1029 1988 1074 ut
2023 1021 2159 1075 nihil
2195 1021 2250 1074 in
2284 1019 2370 1075 his
2399 1019 2598 1075 debeat
2625 1020 2856 1091 intelligi
2919 1019 3125 1073 diversi
3194 1013 3673 1070 autdissimilitu-

409 1109 576 1172 diuis,
642 1120 1009 1180 praeterquam
1051 1113 1168 1166 sola
1215 1114 1410 1182 parilis
1480 1124 1694 1170 naturae
1734 1114 2050 1170 communio
2089 1116 2234 1170 inter
2260 1129 2382 1170 sese
2413 1116 2752 1172 coalescens.
2781 1115 2885 1168 Per
2919 1113 3082 1167 fidem
3118 1112 3304 1180 itaque
3335 1123 3460 1163 eum
3491 1121 3676 1172 coepe-

410 1197 583 1253 rimus
629 1215 961 1270 cognoscere
1008 1200 1214 1266 Deum,
1259 1216 1358 1266 ne,
1403 1218 1621 1272 quaeso,
1668 1203 1986 1274 ignoremus
2024 1213 2295 1273 quantum
2334 1205 2498 1260 nobis
2572 1206 2849 1260 indultum
2890 1205 3084 1274 gratiae
3125 1203 3224 1265 sit,
3301 1202 3460 1270 cujus
3505 1209 3672 1254 causa

412 1292 677 1347 Dominus
716 1293 835 1363 ipse
875 1293 1166 1349 verissime
1205 1310 1400 1364 passus
1439 1304 1544 1351 est.
1610 1295 1692 1352 0b
1731 1297 1836 1352 hoc
1906 1296 2056 1351 enim
2095 1298 2227 1354 sivit
2274 1298 2393 1369 ipse
2441 1299 2712 1353 Dominus
2762 1306 2929 1369 caput
2979 1314 3140 1353 suum
3192 1297 3419 1369 myrrha
3464 1293 3674 1362 optima

412 1385 666 1457 perfundi
693 1386 759 1450 ",
793 1393 856 1440 ut
887 1385 1228 1441 suavissima:
1265 1387 1702 1443 immortalitatis
1735 1387 2090 1458 fragrantiam
2129 1405 2243 1445 sua:
2275 1391 2548 1460 aspiraret
2617 1390 2898 1445 Ecclesiae.
2967 1389 3141 1444 Nemo
3176 1388 3345 1458 igitur
3411 1401 3468 1441 se
3530 1385 3672 1443 illini

410 1476 695 1545 permittat
717 1473 1055 1541 graveolenti
1083 1482 1280 1543 putore
1310 1474 1675 1542 inﬁdelitatis,
1703 1492 1801 1546 per
1827 1474 2134 1546 principem
2197 1480 2382 1534 saeculi
2415 1481 2576 1535 istius
2629 1480 3017 1551 suggerendae;
3081 1472 3380 1550 nequ'a'ndo
3443 1494 3674 1533 exerre-

413 1584 534 1623 mus
567 1584 598 1622 a
631 1567 767 1622 calle
800 1567 1181 1633 rectitudinis,
1209 1585 1321 1640 quo
1347 1572 1435 1626 vel
1474 1570 1691 1626 tandem
1725 1586 1822 1641 spe
1855 1568 2064 1640 perfrui
2100 1574 2384 1644 contingat
2412 1574 2540 1630 vita:
2597 1584 2818 1631 aeternae
2882 1577 2939 1630 in
2967 1576 3189 1631 Christo
3245 1575 3376 1630 Jesu
3439 1573 3672 1628 Domino

411 1667 632 1725 nostro,
660 1659 749 1714 cui
779 1660 951 1730 gloria
985 1660 1041 1713 in
1069 1662 1270 1715 saecula
1300 1664 1650 1717 saeculorum.
1677 1663 1873 1718 Amen.

1032 1797 1252 1850 ΛΟΓΟΣ
1285 1798 1361 1850 B'.

909 1903 912 1906 ί
981 1909 1120 1977 Περὶ
1155 1910 1426 1976 ἐλπίδος.

495 2021 628 2073 Ἀπὸ
656 2020 755 2090 τῆς
783 2022 1022 2084 πίστεως
1047 2021 1327 2091 προΐωμεν
1377 2023 1472 2075 ἐπὶ
1503 2023 1604 2095 τὴν
1635 2024 1991 2094 δευτερεύου-

413 2130 514 2166 σαν
577 2113 810 2177 ἐλπίδα,
864 2114 987 2182 ἥτις
1034 2113 1094 2178 ἐξ
1159 2114 1333 2183 αὐτῆς
1378 2115 1716 2187 ἀρδευομένη
1778 2133 1992 2187 καρπο-

414 2202 593 2273 φορεῖ,
618 2203 677 2256 ἓν
707 2203 1028 2274 τριάκοντα,
1053 2205 1150 2256 καὶ
1173 2203 1230 2256 ἓν
1258 2203 1545 2274 ἐξήκοντα.
1571 2207 1666 2260 καὶ
1687 2206 1745 2259 ἓν
1769 2206 1989 2261 ἑκατόν.

426 2295 675 2357 Ἐλπίδος
704 2295 812 2366 γὰρ
843 2295 1194 2365 ἡδρασμένης
1231 2295 1386 2348 οὐδὲν
1413 2295 1708 2368 ἀνώτερον.
1763 2299 1901 2368 Περὶ¹
1932 2297 1992 2350 δὲ

415 2387 516 2455 τῆς
548 2387 791 2454 ἀγάπης,
838 2386 962 2455 ἥτις
994 2385 1152 2456 τρίτη
1189 2386 1288 2454 μὲν
1322 2387 1677 2457 ὀνομάζεται,
1712 2388 1903 2458 πρώτη
1935 2388 1993 2441 δὲ

417 2478 681 2548 τυγχάνει
715 2477 906 2530 πασῶν
934 2479 1046 2529 τῶν
1071 2479 1308 2548 ἀρετῶν,
1340 2481 1397 2532 ὲν
1423 2482 1540 2542 τοῖς
1569 2481 1800 2534 κατόπιν
1830 2477 1996 2553 δηλώ-

422 2585 610 2638 σομεν.
650 2568 875 2637 Πρῶτος
907 2566 1075 2630 Ἐνὼς
1105 2569 1132 2621 6
1159 2569 1254 2622 τοῦ
1286 2569 1393 2640 Σὴθ
1424 2570 1635 2632 δίκαιος
1665 2573 1729 2624 ἐκ
1757 2572 1992 2637 δικαίου,

417 2652 578 2723 οὗτος
631 2660 862 2729 ἤλπισεν
917 2659 1304 2713 ἐπικαλεῖσθαι
1353 2662 1414 2713 τὸ
1452 2661 1625 2730 ὄνομα
1659 2663 1866 2731 Κυρίου
1897 2661 1992 2714 τοῦ

416 2753 576 2807 Θεοῦ.
624 2753 784 2805 Ὅσοι
827 2751 936 2821 γάρ
990 2751 1081 2804 διὰ
1127 2751 1228 2820 τῆς
1276 2753 1356 2816 είς
1401 2751 1536 2804 Θεὸν
1583 2752 1802 2815 ἐλπίδος
1844 2770 1996 2823 χειρ-

419 2841 794 2912 αγωγοῦνται,
847 2841 988 2909 πρὸς
1017 2841 1181 2894 αὐτὸν
1212 2843 1511 2910 ἀνάγονται
1542 2844 1638 2896 καὶ
1669 2843 1994 2912 φωτίζονται

419 2935 484 2988 ὲκ
517 2934 617 3002 τῆς
648 2933 842 3002 αἴγλης
870 2932 966 2985 τοῦ
985 2934 1001 2951 ⁸
1051 2933 1224 2986 ἀϊδίου
1257 2933 1458 3002 φωτός.
1494 2934 1659 2988 Δασὶδ
1683 2937 1711 2988 6
1739 2935 1994 3002 βασιλεὺς

419 3025 690 3095 γηράσας,
718 3025 813 3078 καὶ
848 3023 921 3093 μὴ
947 3022 1378 3094 θερμαινόμενος
1407 3026 1463 3076 ἐν
1488 3027 1601 3087 τοῖς
1627 3024 1994 3094 δικαιώμασιν

420 3115 585 3172 αὐτοῦ
607 3155 624 3179 ,
676 3115 847 3187 ᾔτησε
883 3115 1014 3186 μίαν
1045 3114 1336 3185 παρθένον,
1375 3115 1466 3168 ἵνα
1501 3114 1774 3186 θερμαίνῃ
1807 3117 1992 3180 αὑτὸν,

420 3209 764 3276 Σουμανΐτιν.
825 3207 1154 3277 Σουμανῖτις
1195 3206 1251 3259 δὲ
1302 3207 1668 3277 ἑρμηνεύεται
1723 3209 1991 3277 οὐρανία.

433 3301 573 3354 Ἀλλ’
618 3301 717 3354 οὐκ
751 3299 891 3368 ἔγνω
924 3300 1094 3370 αὐτὴν
1140 3300 1168 3351 6
1199 3299 1460 3370 βασιλεύς
1482 3316 1495 3330 ο
1554 3300 1860 3368 τουτέστιν,
1894 3303 1996 3358 οὐκ

420 3391 639 3464 ἔφθειρε
671 3392 770 3462 τὴν
799 3392 992 3446 ἐλπίδα
1019 3391 1186 3444 αὐτοῦ
1218 3393 1318 3461 τὴν
1345 3392 1620 3461 οὐράνιον.
1657 3393 1802 3463 Ὅρα
1828 3394 1880 3446 τί
1906 3394 1995 3447 λέ-

418 3501 508 3550 γει
546 3486 579 3554 ἠ
611 3485 802 3554 Γραφή
825 3500 840 3514 ·
900 3501 918 3533 ι
957 3482 1022 3537 Εἰ
1055 3476 1157 3534 ὦσι
1190 3481 1318 3548 δύο,
1369 3483 1465 3536 καί
1500 3500 1563 3550 γε
1599 3483 1778 3552 θέρμη
1810 3485 1998 3552 αὐτοῖς

421 3575 591 3626 ἐστιν.
622 3591 641 3623 ›
704 3572 769 3624 Ἦ
802 3572 988 3634 πίστις
1012 3611 1027 3633 ,
1076 3571 1171 3624 ἐὰν
1206 3570 1304 3642 ἔχῃ
1353 3571 1564 3636 ἐλπίδα,
1603 3571 1718 3642 ἔχει
1750 3573 1812 3625 τὸ
1864 3574 1996 3627 ίδιον

422 3660 607 3732 ἔργον,
646 3659 740 3712 καὶ
770 3659 952 3727 θέρμη
984 3660 1101 3712 ἐστὶ
1132 3657 1211 3728 τῷ
1239 3660 1585 3729 κεκτημένῳ,
1617 3659 1800 3724 καθώς
1830 3679 1998 3732 φησιν

423 3751 452 3804 6
501 3748 773 3819 μακάριος
813 3751 1057 3819 Πέτροςο
1098 3768 1117 3800 ι
1147 3750 1593 3821 Ἀναζωσάμενοι
1644 3752 1742 3816 τὰς
1785 3753 1998 3822 ὀσφύας

426 3841 524 3910 τῆς
553 3839 795 3902 διανοίας
830 3840 1006 3910 ὑμῶν,
1042 3842 1327 3909 νήφοντες,
1361 3842 1586 3905 τελείως
1614 3843 1874 3897 ἐλπίσατε
1907 3845 1999 3897 ἐπὶ

424 3931 521 4002 τὴν
565 3931 876 4002 φερομένην
919 3932 1047 4002 ὑμῖν
1099 3934 1291 4002 χάριν,
1347 3935 1404 3986 ὲν
1442 3935 1790 4003 ἀποκαλύψει
1820 3935 1998 4006 Ἰησοῦ

422 4021 661 4094 Χριστοῦ
682 4063 698 4087 ,
747 4022 822 4086 ὡς
862 4021 1030 4075 τέκνα
1067 4024 1340 4092 ὑπακοῆς.
1373 4044 1394 4076 ι
1444 4025 1554 4080 Kal.
1585 4027 1613 4080 6
1642 4026 1734 4079 τοῦ
1760 4026 1996 4097 Σειράχο

427 4133 447 4168 ι
488 4117 583 4181 Τίς
614 4116 844 4188 ἤλπισεν
877 4117 970 4169 ἐπὶ
995 4115 1226 4188 Κύριον,
1259 4119 1353 4171 καὶ
1383 4119 1815 4189 ὲγκατελείφθη;
1851 4119 1888 4192 ἢ
1917 4121 2000 4186 τίς

420 4207 667 4277 ἐνέμεινε
712 4208 791 4274 τῷ
833 4207 984 4278 φόϐῳ
1019 4207 1185 4262 αὑτοῦ
1208 4251 1222 4273 ,
1277 4209 1373 4263 καὶ
1419 4210 1710 4280 ὑπερεῖδεν
1741 4209 1946 4276 αὐτόν;
1974 4231 1994 4266 ι

431 4297 491 4350 Ὀ
515 4297 571 4350 δὲ
602 4297 933 4368 Ψαλμῳδός·
975 4317 996 4351 ι
1022 4300 1311 4370 Μακάριος
1337 4300 1478 4372 ἀνὴρ
1509 4295 1569 4354 οὗ
1599 4305 1718 4356 ἔστι
1745 4302 1805 4355 τὸ
1827 4302 2000 4373 ὄνομα

2678 1797 2844 1853 HOMI
2853 1798 2966 1854 LIA
3016 1799 3084 1854 ll.

2770 1910 2849 1964 De
2895 1927 3004 1981 spe.

2161 2021 2205 2076 A
2241 2020 2347 2077 fide
2403 2020 2664 2090 digressi,
2719 2021 2788 2075 ad
2824 2037 2944 2075 eam
2980 2021 3408 2091 progrediamur
3437 2038 3558 2091 qute
3591 2038 3677 2078 se-

2093 2111 2591 2176 eundas’obtinet,
2645 2127 2800 2180 spem
2852 2127 3026 2181 :qu:e
3062 2127 3216 2178 sane,
3275 2111 3402 2165 fidei
3458 2113 3675 2168 roscida

2093 2203 2385 2273 aspergine
2425 2203 2649 2272 perfusa
2699 2202 2941 2256 fructum
2970 2202 3183 2268 aﬁ‘eret,
3231 2219 3400 2257 unum
3451 2205 3676 2273 quidem

2097 2294 2464 2359 tricesimum,
2521 2294 2758 2348 alterum
2804 2294 3231 2363 sexagesimum.
3277 2295 3446 2348 alium
3484 2311 3681 2350 rursus

2094 2387 2456 2440 centesimum
2487 2386 2552 2439 ⁸⁸.
2578 2385 2684 2455 Spe
2712 2385 2862 2440 enim
2887 2385 3260 2448 constabilita,
3295 2386 3385 2439 vix
3423 2386 3534 2440 ulla
3569 2387 3676 2441 alia

2092 2475 2274 2531 virtus
2312 2490 2566 2546 peraeque
2593 2475 2874 2530 sublimis.
2911 2475 2989 2530 De.
3012 2475 3283 2530 ebaritate
3311 2484 3519 2540 autem,
3553 2491 3676 2545 quae

2095 2566 2314 2621 tertiam
2338 2566 2571 2620 sortitur
2601 2564 2656 2618 in
2689 2566 2863 2619 classe
2885 2565 3153 2618 virtutum
3177 2565 3676 2631 nomenclaturam,

2094 2657 2416 2730 primiceria
2465 2657 2673 2726 alioqui
2718 2671 2846 2712 cum
2894 2655 2989 2721 sit,
3039 2663 3381 2724 eaeterasque
3416 2656 3680 2710 omnibus

2096 2756 2450 2803 antevertens
2498 2746 2789 2815 dignitate,
2821 2745 3133 2816 posteriore
3178 2746 3302 2800 loco
3344 2737 3677 2814 explicatius

2095 2840 2456 2894 disseremus.
2513 2839 2733 2893 Primus
2771 2839 2920 2893 Enos
2951 2837 3098 2892 illius
3127 2837 3259 2892 Seth
3298 2839 3365 2899 ",
3395 2839 3580 2906 justus
3609 2852 3678 2891 ex

2092 2932 2243 3002 justo
2289 2931 2535 3000 speravit
2589 2931 2853 2984 invocare
2891 2945 3096 2983 nomen
3146 2929 3365 2982 homini
3397 2928 3514 2981 Dei.
3541 2927 3676 2993 Qui-

2098 3038 2318 3092 cunque
2366 3021 2624 3092 praesidio
2671 3021 2811 3092 spei,
2853 3022 2908 3075 in
2948 3021 3120 3075 Deum
3151 3019 3484 3081 constantis,
3535 3018 3674 3082 nixi,

2097 3115 2250 3169 velut
2278 3131 2441 3169 manu
2466 3115 2773 3177 ducuntur,
2800 3113 2939 3167 mire
2971 3113 3072 3167 hos
3099 3113 3249 3166 Deus
3282 3111 3350 3166 ad
3383 3110 3677 3165 sublimem

2097 3215 2153 3262 et
2204 3207 2512 3262 theoricam
2543 3221 2843 3275 anagogem
2869 3204 3153 3268 subvehit,
3185 3221 3249 3258 ac
3273 3206 3512 3275 propria:
3539 3203 3679 3257 lucis

2096 3298 2391 3370 splendore
2451 3313 2687 3353 corusco
2736 3297 2989 3352 irradjat.
3052 3295 3225 3350 David
3291 3295 3529 3350 eximius
3581 3310 3679 3348 rex

2096 3393 2251 3447 senio
2279 3391 2549 3449 defessus.
2579 3406 2707 3445 cum
2741 3391 2970 3445 suismet
2998 3387 3496 3459 justiﬁeationibus
3526 3388 3679 3442 nullo

2095 3493 2257 3554 pacto
2316 3483 2709 3544 recalesceret,
2760 3482 2959 3535 ascivit
3029 3479 3136 3533 sibi
3190 3479 3236 3510 '°
3300 3478 3677 3547 virgunculam

2096 3591 2284 3637 unam,
2323 3589 2518 3642 nempe
2561 3571 2928 3634 Sunamitem,
2980 3587 3102 3640 qua:
3131 3570 3312 3639 ipsum
3345 3569 3682 3626 excalefaee-

2097 3674 2183 3720 ret
2229 3665 2554 3734 (Sunamitis
2602 3663 2836 3734 proinde
2887 3679 2986 3717 sua
3020 3663 3479 3732 interpretatione
3517 3671 3678 3717 sonat
3755 3712 3759 3716 Α

2098 3756 2406 3823 caelestem),
2447 3763 2709 3810 caeterum
2751 3768 2864 3807 non
2923 3753 3153 3823 agnovit
3200 3769 3323 3806 eam
3377 3769 3508 3817 rex;
3569 3753 3677 3805 hoc

2097 3858 2204 3914 est,
2269 3849 2408 3902 nihil
2443 3848 2562 3902 vitii
2599 3855 2697 3900 aut
2740 3845 3072 3915 corruptelae
3135 3845 3328 3898 intulit
3387 3843 3508 3912 spei
3567 3859 3680 3897 sua:

2098 3941 2332 3996 cmlesti.
2361 3939 2490 3994 Mihi
2514 3939 2665 4002 vide,
2692 3953 2825 3991 num
2863 3937 2916 3990 id
2951 3935 3241 4006 Scriptura
3275 3936 3366 3991 illa
3401 3936 3675 3989 insinuet:

2107 4051 2127 4085 ι
2162 4032 2218 4087 Si
2279 4030 2490 4086 fuerint
2541 4029 2675 4094 duo,
2727 4029 2921 4094 utique
2980 4028 3134 4082 calor
3189 4027 3301 4081 illis
3353 4027 3680 4093 neutiquam

2100 4123 2396 4179 defuturus
2416 4122 2600 4186 est“;
2640 4140 2658 4172 ›
2695 4121 2905 4190 1030
2930 4115 3194 4174 nimirum
3228 4120 3273 4174 si
3305 4119 3468 4173 ﬁdem
3493 4118 3680 4172 vivida

2100 4223 2474 4282 constansque
2529 4209 2890 4265 comitabitur
2933 4225 3082 4278 spes.
3139 4209 3247 4262 Sed
3294 4218 3351 4263 et
3399 4208 3679 4278 peculiare

2102 4306 2219 4377 spei
2277 4319 2418 4375 opus
2463 4313 2548 4358 est
2591 4301 2719 4367 hoc,
2771 4317 2830 4355 se
2879 4301 3281 4370 possidentem,
3319 4300 3503 4354 reddit
3543 4315 3682 4368 pra:-

421 4387 630 4458 Κυρίου
667 4390 822 4452 ὲλπὶς
851 4389 1040 4444 αὐτοῦ.
1067 4409 1086 4440 ι
1129 4392 1260 4457 Καὶ,
1295 4411 1313 4444 ι
1347 4392 1829 4464 Εὐφρανθήτωσαν
1857 4395 1994 4446 πάν-

2100 4397 2397 4454 fervidum.
2434 4396 2592 4466 juxta
2626 4393 2774 4447 beati
2805 4391 2956 4448 Petri
2997 4392 3358 4455 sententiam,
3409 4391 3676 4445 dicentis:

419 4495 512 4542 τες
544 4481 592 4532 οἱ
623 4480 940 4544 ἐλπίζοντες
971 4482 1064 4534 ἐπὶ
1094 4482 1198 4535 σοί.
1225 4501 1243 4534 ι
1283 4485 1395 4536 Kal.
1425 4479 1583 4547 αὖθις
1605 4501 1618 4516 °
1661 4503 1680 4536 ι
1703 4485 1822 4538 Ἐπ’
1851 4484 2000 4556 αὐτῷ

424 4572 661 4642 ἤλπισεν
690 4575 724 4642 ἡ
755 4574 952 4646 καρδία
979 4592 1080 4644 μου
1100 4591 1111 4603 ·
1142 4576 1236 4630 καὶ
1262 4576 1596 4647 ἐδοηθήθην,
1623 4579 1717 4631 καὶ
1741 4577 2002 4631 ἀνὲθαλεν

427 4663 460 4732 ἠ
493 4663 632 4732 σάρξ
660 4681 760 4734 μου
793 4666 887 4717 καὶ
915 4667 980 4718 ἐκ
1004 4667 1097 4718 τοῦ
1128 4667 1259 4720 ἰδίου
1290 4667 1657 4738 βοηθήματος.
1688 4688 1706 4720 ι
1769 4669 1878 4722 Καὶ
1907 4667 2003 4722 ἄλ-

427 4752 552 4818 λους
610 4756 971 4824 ἐχειραγώγει
1030 4757 1237 4824 λέγων’
1301 4777 1320 4810 ι
1357 4759 1643 4813 Ἐλπίσατε
1693 4761 1782 4814 ἐπ’
1812 4761 2001 4824 αὐτὸν,

429 4845 576 4898 πᾶσα
624 4847 655 4914 ὴ
711 4845 1006 4916 συναγωγὴ
1051 4846 1228 4912 λαῶν,
1283 4849 1510 4918 ἐκχέατε
1557 4849 1788 4904 ἐνώπιον
1830 4850 2000 4904 αὑτοῦ

424 4933 524 4996 τὰς
554 4935 785 5006 καρδίας
815 4937 996 5005 ὑμῶν,
1032 4939 1114 4990 ὅτι
1144 4939 1171 4989 6
1200 4938 1333 5001 Θεὸς
1361 4941 1555 5011 βοηθὸς
1581 4942 1758 5009 ὑμῶν.
1792 4961 1810 4994 ι
1870 4943 1999 5006 Καὶ,

435 5025 732 5096 ι”Ελπισον
763 5029 854 5080 ἐπὶ
883 5029 1112 5097 Κύριον,
1147 5030 1240 5082 καὶ
1269 5030 1411 5085 ποίει
1438 5034 1844 5103 χρηστότητα.ι
1869 5035 2002 5099 Καὶ,

431 5135 450 5168 ι
491 5117 869 5188 Ἀποκὰλνιξων
914 5123 1047 5189 πρὸς
1083 5121 1288 5191 Κύριον
1327 5123 1426 5193 τὴν
1457 5123 1588 5175 ὁδόν.
1610 5141 1706 5176 σου
1732 5166 1745 5185 ,
1793 5125 1888 5178 καὶ
1918 5126 2004 5178 ἔλ-

429 5223 585 5260 πισον
615 5209 702 5261 ἐπ’
729 5209 914 5272 αὑτοῦ,
942 5213 1035 5263 καὶ
1064 5211 1226 5274 αὐτὸς
1256 5215 1525 5282 ποιήσει.»
1558 5215 1669 5265 Καὶ
1695 5215 1966 5276 ὁἮσαῖας
1985 5229 2000 5243 ·

2106 4508 2123 4541 ι
2154 4485 2437 4543 Succincti
2482 4484 2705 4538 lumbos
2742 4485 2942 4537 mentis
2967 4492 3185 4547 vestrae,
3217 4481 3412 4544 sobrii,
3438 4480 3680 4550 perfecte

2100 4585 2321 4648 sperate
2356 4576 2411 4630 in
2446 4591 2566 4630 eam
2607 4589 2727 4643 quae
2764 4574 2998 4628 offertur
3036 4573 3192 4627 vobis
3220 4573 3478 4643 gratiam,
3511 4573 3565 4626 in
3595 4589 3681 4626 re-

2099 4668 2379 4724 velatione
2429 4666 2558 4721 Jesu
2608 4662 2816 4718 Christi
2846 4664 3002 4733 quasi
3059 4664 3157 4716 filii
3193 4662 3613 4718 obedientim".
3654 4682 3674 4712 ι

2101 4758 2310 4814 Eodem
2373 4764 2586 4826 spectat
2641 4754 2777 4809 illud
2828 4753 2958 4811 Jesu
3033 4755 3128 4809 lilii
3183 4755 3374 4810 Sirach
3420 4773 3432 4808 :
3492 4775 3510 4805 ‹
3548 4755 3679 4821 Quis

2102 4850 2344 4921 Speravit
2390 4849 2446 4903 in
2498 4847 2813 4912 Dominum,
2847 4856 2902 4902 et
2948 4847 3253 4902 derelictus
3279 4848 3402 4904 est?
3438 4847 3678 4916 autquis

2101 4939 2407 5011 permansit
2444 4938 2500 4993 in
2554 4940 2752 4994 timore
2803 4941 2923 5009 ejus
2945 4980 2959 5004 ,
2993 4948 3048 4994 et
3081 4939 3333 5008 despexit
3386 4955 3510 4993 eum
3538 4938 3625 4991 73‘?
3653 4958 3670 4989 ι

2102 5034 2332 5088 Melicus
2383 5032 2610 5102 insuper
2650 5033 2987 5102 psalmorum
3036 5031 3390 5101 Conceptor:
3431 5049 3448 5080 ι
3482 5030 3679 5082 Beatus

2101 5125 2189 5179 vir
2222 5125 2380 5194 cujus
2421 5133 2506 5177 est
2549 5113 2750 5177 nomen
2809 5123 3022 5177 Domini
3075 5139 3200 5191 spes
3252 5124 3372 5190 ejus
3402 5119 3466 5172 ⁷⁸.
3501 5139 3518 5169 ι
3564 5119 3674 5172 Et:

2111 5235 2130 5267 ι
2168 5216 2450 5270 Ltetcntur
2485 5229 2681 5268 omnes
2723 5214 2817 5284 qui
2843 5213 3142 5284 sperantin
3180 5221 3232 5266 te
3265 5213 3329 5263 ⁷³.
3363 5231 3380 5262 ›
3421 5211 3674 5264 Rursus:

497 5387 636 5462 '_‘De
660 5386 748 5441 his
766 5387 1246 5462 abtr_nd_e_Dionys.
1284 5391 1629 5460 Areop.cap.
1655 5393 1714 5445 Η
1759 5391 1836 5445 De
1866 5393 2056 5447 divinis
2112 5394 2426 5448 nominibus.
2462 5461 2466 5462 ν
2505 5393 2548 5424 ⁸⁷
2587 5391 2778 5462 Matth.
2807 5392 3074 5462 ixxvit'i.
3151 5391 3195 5462 f"
3222 5388 3389 5462 _Matth
3463 5403 3574 5441 xm.

493 5455 643 5530 Gen:
667 5472 738 5520 tv,
760 5455 921 5530 προ
960 5455 1028 5512 ιιι
1043 5448 1238 5530 ίὶεςίι,
1269 5464 1328 5517 5.
1404 5448 1450 5493 τί
1490 5448 1762 5526 ΕεόΙε.ιν,
1789 5463 1875 5516 Η.
1951 5465 1996 5496 ⁷²

2099 5466 2228 5519 ?etr.
2259 5479 2296 5525 ι,
2330 5464 2420 5527 15,
2449 5461 2536 5519 14.
2612 5462 2658 5493 ⁷³
2693 5461 2864 5515 Eccli.
2906 5448 3070 5525 u,l2.
3147 5461 3190 5490 ⁷³
3222 5459 3360 5514 l’sal.
3401 5473 3577 5520 xxxix,
3613 5457 3667 5512 5.

426 5526 472 5557 "
525 5526 667 5580 Psal.
699 5543 754 5590 v,
813 5527 900 5581 12.

1707 5638 1793 5695 VA
1802 5639 1941 5696 RLE
1975 5639 2376 5698 LECTlONES.

505 5728 546 5767 (⁸
574 5727 726 5782 ἰδίου.
