4020 6146
466 317 602 381 1-ἱ3ῖ)

1733 321 2101 387 ANTIOCHI
2134 327 2481 389 MONACHI

3565 325 3683 391 ίτίίθ

464 449 483 481 ι
517 431 574 484 In
632 444 754 498 ipso
816 429 1062 497 speravit
1108 444 1204 483 cor
1244 445 1445 494 meum,
1503 440 1560 485 et
1608 431 1834 501 adjutus
1882 449 2027 499 sum,

2141 455 2158 486 ι
2205 435 2546 504 Ἦλπίσαμιν
2594 432 2686 487 ἐπὶ
2727 431 2804 502 τῷ
2845 430 3074 500 ὀνόματι
3117 429 3324 500 Κυρίου
3375 431 3464 484 καὶ
3507 435 3592 488 ἐπὶ
3623 443 3686 509 τῃ

457 533 515 576 et
565 520 814 575 reﬂoruit
847 536 976 575 caro
1007 537 1148 584 mea,
1180 529 1234 574 et
1261 537 1326 575 ex
1353 523 1573 590 propria
1609 524 1895 580 voluntate
1920 527 1985 579 ⁷⁸.
2013 545 2030 578 ι

460 610 570 668 Sed
617 620 676 664 et
708 611 848 665 alios
884 612 1034 665 velut
1090 627 1254 665 manu
1301 612 1512 667 ducens
1548 615 1894 683 instituebat,
1955 620 2039 672 in-

461 703 640 756 vitans
696 702 764 756 ad
817 703 1167 772 complexum
1215 705 1406 759 solida:
1459 707 1596 771 spei,
1666 707 1797 762 dum
1851 709 2031 764 dicit:

466 814 484 844 ι
516 794 746 862 Sperate
793 796 849 849 in
894 810 1020 849 eum
1062 795 1244 850 omnis
1278 801 1634 868 congregatio
1674 802 2030 870 populorum;

457 871 730 939 effundite
765 901 950 939 coram
982 885 1078 940 illo
1112 887 1279 940 corda
1301 897 1506 950 vestra,
1537 890 1666 958 quia
1694 891 1840 944 Deus
1874 892 2034 962 adju-

459 986 546 1030 tor
585 985 775 1031 noster
803 977 868 1030 '".
895 998 912 1028 ι
952 979 1062 1032 Et:
1104 998 1121 1028 ι
1153 978 1326 1047 Spera
1375 980 1430 1033 in
1489 981 1805 1046 Dominum,
1846 991 1902 1036 et
1949 984 2035 1039 fac

457 1066 762 1120 bonitatem
792 1067 859 1119 ⁷⁸.
903 1086 920 1116 ι
960 1068 1026 1120 Ει
1058 1085 1070 1119 :
1100 1088 1115 1116 ι
1139 1069 1339 1122 Revela
1361 1070 1596 1124 Domino
1624 1071 1768 1125 viam
1800 1081 1948 1126 tuam
1980 1081 2036 1127 et

459 1173 621 1226 spera
663 1157 718 1210 in
767 1172 916 1221 eum,
971 1167 1026 1210 et
1062 1159 1180 1226 ipse
1227 1158 1394 1214 faciet
1440 1162 1506 1214 ⁷⁸.
1548 1180 1564 1210 ι
1628 1161 1797 1216 lsaias
1853 1164 2032 1218 item:

467 1265 484 1296 ι
526 1246 882 1315 Speravimus
934 1249 990 1301 in
1043 1249 1267 1303 nomine
1303 1257 1395 1303 tuo
1446 1259 1500 1304 et
1544 1252 1599 1304 in
1655 1254 1923 1307 memoria
1956 1255 2035 1310 tui

459 1337 800 1390 desiderium
837 1347 1089 1390 nostrum
1132 1339 1198 1392 ⁸ο.
1232 1359 1249 1389 ι
1303 1340 1542 1393 Rursum
1588 1341 1796 1397 Paulus
1839 1362 1852 1398 :
1885 1364 1901 1396 ι
1927 1345 2035 1415 Spe

460 1425 594 1479 salvi
646 1425 778 1480 facti
820 1441 1046 1491 sumus;
1078 1442 1204 1495 spes
1253 1437 1439 1481 autem
1492 1444 1615 1496 quae
1650 1429 1891 1495 videtur,
1921 1447 2034 1484 non

459 1526 543 1570 est
572 1532 737 1584 spes:
783 1518 929 1586 quod
966 1518 1113 1572 enim
1146 1518 1298 1572 videt
1331 1519 1475 1588 quis,
1521 1520 1658 1588 quid
1710 1522 1942 1590 sperat?
1978 1522 2035 1577 Si

458 1621 642 1663 autem
690 1611 836 1678 quod
893 1627 1004 1665 non
1035 1613 1308 1675 videmus,
1339 1629 1651 1682 speramus,
1686 1630 1786 1684 per
1819 1616 2036 1684 patien-

461 1700 590 1754 tiam
647 1713 1033 1771 exspectamus
1067 1705 1134 1758 ⁸⁷.
1176 1723 1194 1756 ι
1235 1705 1440 1758 lterum
1477 1723 1489 1758 :
1531 1725 1548 1757 ι
1578 1706 1742 1760 Forte
1774 1708 2032 1760 solatium

2150 525 2310 595 μνείᾳ
2339 522 2508 578 αὐτοῦ
2531 525 2558 564 ⁸
2585 525 2620 594 ὴ
2651 521 2914 592 ἐπιθυμία
2943 519 3156 590 ἡμῶν.)
3189 519 3302 574 Kal
3327 521 3484 574 πάλιν
3510 526 3535 576 6
3555 525 3684 579 Παῦ-

2146 615 2264 678 λοςο
2297 634 2314 666 ι
2343 616 2421 684 Τῇ
2448 615 2556 684 γὰρ
2583 613 2758 666 ἐλπίδι
2785 611 2964 682 ἐσώθη
2977 628 3074 681 μεν
3091 628 3104 641 ·
3137 612 3294 675 ἐλπὶς
3319 612 3373 664 δὲ
3404 612 3681 689 βλεπομένη

2145 706 2247 757 οὐκ
2276 705 2423 758 ἐστιν
2453 705 2627 768 ἐλπίς.
2676 706 2741 757 Ὃ
2770 703 2878 773 γὰρ
2914 703 3235 772 βλέπειτις,
3267 703 3320 755 τί
3351 704 3440 756 καὶ
3465 704 3682 774 ἐλπίζεις

2146 796 2194 847 εί
2225 795 2280 846 δὲ
2309 795 2337 847 ὃ
2365 795 2425 847 οὐ
2457 794 2731 864 βλέπομεν
2765 793 3060 862 ἐλπίζομεν
3081 831 3096 855 ,
3134 792 3203 845 δι’
3235 793 3510 865 ὑπομονῆς
3537 797 3686 849 ἁπεκ-

2143 885 2433 954 δεχόμεθα.
2466 905 2486 938 ι
2546 886 2657 938 Καὶ
2708 885 2911 950 πάλιν,
2987 904 3006 936 ι
3065 884 3318 954 ’ἰσχυρὰν
3369 886 3684 957 παράκλησιν

2144 975 2341 1046 ἔχομεν
2381 979 2430 1029 οἱ
2466 976 2880 1044 καταφυγόντες
2909 975 3184 1046 κρατῆσαι
3214 978 3316 1044 τῆς
3345 979 3682 1048 προκειμένης

2143 1066 2400 1130 ἐλπίδος,
2469 1067 2537 1136 ἢν
2595 1067 2670 1129 ὼς
2717 1065 2968 1136 ἄγκυραν
3016 1064 3214 1134 ἔχομεν
3258 1065 3472 1135 ἀσφαλῆ
3509 1082 3565 1118 τε
3607 1071 3685 1120 καὶ

2145 1156 2388 1225 βεϐαίαν.
2415 1175 2432 1208 ι
2482 1157 2592 1210 Kal
2622 1157 2840 1224 ἐπάγει,
2881 1173 2900 1205 ι
2934 1156 3057 1208 Ὀτι
3089 1155 3273 1208 ἐλπίδι
3302 1155 3504 1223 ὀφείλει
3527 1157 3552 1208 6
3575 1159 3687 1227 ἀρο-

2143 1247 2314 1318 τριῶν
2363 1249 2660 1318 άροτριᾷν,
2715 1247 2812 1299 καὶ
2855 1247 2884 1298 6
2926 1245 3101 1300 ἀλοῶν
3150 1245 3254 1314 τῆς
3301 1246 3510 1310 ἐλπίδος
3549 1248 3688 1301 αὐτοῦ

2147 1340 2398 1408 μετέχειν
2415 1340 2461 1391 h.
2496 1358 2515 1390 ι
2578 1339 2692 1392 Kal
2739 1341 2796 1391 ἐν
2839 1337 2916 1406 τῷ
2962 1337 3104 1390 κατὰ
3137 1339 3363 1390 Λουκᾶν
3401 1337 3692 1408 Εὑαγγελίῳ

2142 1429 2272 1501 περὶ
2300 1428 2394 1482 τοῦ
2423 1429 2647 1497 Συμεών
2679 1447 2868 1500 φησιν,
2907 1447 2927 1481 ι
2951 1424 3058 1481 Ἦν
3087 1429 3240 1499 αὐτῷ
3273 1430 3692 1498 κεχρηματισμέρ

2142 1538 2231 1574 νον
2265 1521 2371 1574 ὑπὸ
2401 1519 2496 1573 τοῦ
2530 1521 2849 1590 Πνεύματος
2882 1521 2976 1573 τοῦ
3009 1520 3187 1587 ἁγίου,
3224 1519 3324 1571 τοῦ
3362 1521 3435 1588 μὴ
3467 1520 3585 1572 ἰδεῖν
3612 1520 3694 1572 θά-

2141 1631 2300 1667 νατον
2325 1656 2338 1678 ,
2391 1613 2497 1674 ἓως
2529 1607 2588 1666 οὗ
2623 1613 2707 1682 ἴδῃ
2737 1613 2830 1665 τὸν
2857 1613 3091 1681 Χριστὸν
3119 1614 3358 1681 Κυρίου.
3387 1630 3415 1662 ι.
3465 1613 3567 1664 Kal
3606 1611 3697 1664 οὐκ

2141 1705 2414 1776 ἐνέκρωσε
2447 1705 2544 1775 τὴν
2570 1705 2786 1769 ἐλπίδα,
2821 1705 2935 1758 ἀλλ’
2961 1701 3028 1774 ἦν
3055 1694 3379 1774 προσδοκῶν
3409 1703 3497 1756 τὸν
3521 1703 3695 1756 ποθου-

459 1793 752 1859 habemus,
787 1797 880 1864 qui
911 1796 1260 1867 confugimus
1283 1795 1348 1850 ad
1375 1797 1665 1850 tcncn‘dam
1695 1799 2030 1866 propositam

2140 1814 2299 1867 μενον
2330 1795 2629 1866 Λυτρωτὴν
2661 1796 2756 1847 καὶ
2784 1794 3016 1878 Σωτῆρα
3045 1795 3139 1847 τοῦ
3167 1795 3407 1865 κόσμου,
3439 1797 3528 1849 καὶ
3554 1794 3694 1858 δεξά-

459 1899 610 1953 spem
671 1902 834 1954 quam
887 1888 1033 1942 sicut
1080 1888 1379 1942 anchoram
1423 1889 1693 1942 habemus
1737 1897 1912 1942 tutam
1973 1903 2030 1943 ac

2139 1905 2299 1958 μενος
2322 1887 2484 1940 αὐτὸν
2511 1885 2764 1955 γεγηθὼς
2791 1887 2850 1938 ἐν
2875 1890 2995 1947 ταῖς
3019 1886 3298 1954 ἀγκάλαις
3325 1886 3535 1953 ἐλεγενο
3552 1883 3695 1937 Ἀπό-

460 1975 674 2028 firmam
706 1978 773 2029 ".
800 1996 817 2027 ι
852 1977 1070 2032 lnducit
1105 1997 1117 2032 :
1163 1998 1181 2029 ‹
1221 1979 1360 2045 Quia
1393 1979 1560 2033 debet
1585 1980 1639 2034 in
1673 1995 1770 2048 spe
1795 1980 1890 2048 qui
1915 1987 2030 2033 arat

2136 1979 2298 2032 λυσόν
2345 1997 2444 2049 με,
2492 1978 2773 2040 Δέσποτα,
2823 1977 3080 2031 ἀπελθεῖν
3135 1978 3280 2050 πρὸς
3317 1977 3416 2046 τὴν
3445 1974 3690 2043 ποθουμέο

459 2081 644 2132 arare,
671 2075 726 2120 et
752 2069 845 2136 qui
875 2070 1118 2133 triturat,
1144 2070 1198 2122 in
1218 2086 1313 2139 spe
1339 2070 1553 2124 fructus
1566 2071 1912 2140 percipiendi
1931 2073 2028 2124 ⁸³.»

2136 2087 2235 2143 νην
2293 2087 2384 2140 μοι
2441 2069 2722 2140 βασιλείαν
2769 2085 2886 2122 σου.
2934 2068 3235 2120 Ἀπέλαὸον
3266 2069 3374 2137 γὰρ
3405 2069 3498 2138 τὴν
3524 2065 3696 2119 ἐλπίδα

460 2157 526 2211 Et
567 2158 622 2210 in
656 2158 819 2214 Luca:
874 2161 1170 2230 Evangelio
1221 2161 1290 2216 de
1334 2161 1639 2215 Simeone:
1684 2181 1701 2213 ι
1731 2161 2030 2231 Acceperat

2140 2179 2278 2234 μου,
2329 2162 2421 2214 τὸν
2471 2160 2710 2230 Χριστὸν
2759 2158 3010 2229 Κυρίουο
3069 2159 3219 2228 αὐτῷ
3269 2163 3302 2228 ή
3334 2160 3458 2225 δόξα
3488 2160 3561 2221 εἰς
3586 2156 3694 2218 τοὺς

458 2249 607 2301 enim
646 2266 970 2320 responsum
1005 2268 1033 2305 a
1069 2252 1278 2321 Spiritu
1309 2261 1519 2317 sancto,
1554 2269 1664 2308 non
1690 2254 1939 2307 visurum
1977 2268 2030 2308 se

2136 2251 2360 2312 αἰῶνας.
2401 2251 2596 2318 Ἀμήν.

460 2345 693 2391 mortem
743 2339 1064 2408 priusquam
1099 2340 1314 2394 videret
1342 2340 1621 2396 Christum
1690 2343 1907 2396 Domini
1935 2342 2002 2394 ⁸⁸.
2034 2361 2052 2393 ι
2099 2341 2291 2410 Neque
2333 2339 2426 2394 hic
2459 2337 2814 2393 mortificavit
2843 2353 3020 2406 spem,
3061 2338 3157 2393 sed
3221 2351 3349 2394 erat
3397 2346 3694 2406 exspectans

459 2445 575 2484 rcm
627 2447 792 2500 quam
837 2447 1169 2501 magnopere
1219 2433 1594 2498 desiderabat,
1651 2435 1915 2489 nimirum
1967 2425 2030 2490 ut
2063 2433 2282 2488 videret
2344 2431 2774 2500 Redemptorem
2839 2445 2902 2484 ac
2935 2429 3282 2484 Salvatorem
3313 2429 3519 2483 mundi.
3550 2427 3693 2482 Cum-

457 2540 565 2596 que
600 2525 902 2594 accepisset
929 2533 986 2579 et
1029 2527 1382 2581 astrinxisset
1442 2528 1608 2592 ulnis,
1645 2528 1836 2582 laetitia
1901 2528 2160 2598 perfusus
2228 2527 2495 2581 dicebat:
2553 2525 2781 2580 Dimitte
2853 2540 2963 2589 me,
3014 2525 3276 2589 Domine,
3315 2525 3503 2580 venire
3543 2523 3602 2577 ad
3648 2530 3692 2576 te

458 2629 643 2684 regem
668 2630 872 2681 meum,
901 2629 1083 2684 neque
1107 2615 1255 2669 enim
1290 2615 1584 2672 frustratus
1613 2633 1736 2672 sum
1759 2633 1855 2688 spe
1882 2634 2022 2673 mea.
2063 2616 2174 2688 Ipsi
2224 2617 2400 2687 gloria
2446 2617 2503 2671 in
2545 2615 2766 2671 saacula.
2808 2616 3004 2669 Amen.

1023 2725 1309 2801 110mm
1361 2729 1452 2782 ιιι.

1065 2840 1142 2894 De
1168 2843 1416 2894 convivio.

526 2945 602 3000 De
626 2948 833 3015 cpulari
861 2950 1115 3004 convivio
1137 2952 1525 3006 Parremiastes
1546 2952 1622 3005 ait
1650 2969 1661 3005 :
1692 2971 1709 3003 ι
1730 2953 1785 3008 Si
1818 2953 2030 3008 sederis

456 3034 524 3089 ad
559 3037 891 3092 cmnandum
941 3040 996 3093 in
1047 3057 1237 3096 mensa
1285 3045 1615 3111 potentium,
1653 3052 1860 3098 attente
1894 3060 2029 3099 con-

2796 2723 3015 2777 ΛΟΓΟΣ
3045 2722 3120 2777 Γ’.

2658 2837 2797 2905 Περὶ
2830 2836 3181 2902 ἑστιάσεως.

2207 2952 2343 3021 Περὶ
2372 2951 2470 3020 τῆς
2497 2948 2789 3011 ἐστιάσεώς
2822 2966 2984 3019 φησιν
3010 2951 3038 3001 6
3066 2951 3491 3019 Παροιμιαστής
3511 2967 3522 2979 ο
3543 2969 3559 3000 ι
3581 2948 3690 3000 Ἐὰν

2137 3043 2370 3114 καθίσῃς
2394 3043 2682 3111 δειπνῆσαι
2719 3041 2810 3092 ἐπὶ
2841 3040 3122 3111 τραπέζης
3151 3041 3470 3106 δυναστῶν,
3508 3039 3693 3107 νοητῶς

456 3123 638 3179 sidera
665 3142 786 3195 quae
816 3139 1172 3196 apponuntur
1194 3131 1317 3194 tibi,
1343 3139 1398 3185 et
1420 3131 1583 3202 injice
1608 3149 1830 3187 manum
1858 3144 2025 3200 tuam,

2136 3135 2242 3187 νόει
2292 3135 2360 3187 τὰ
2411 3133 2828 3204 παρατιθέμενά
2873 3150 2994 3196 σοι,
3044 3134 3138 3186 καὶ
3171 3133 3403 3186 ἐπίϐαλε
3434 3135 3526 3205 τὴν
3553 3132 3694 3202 χεῖρά

455 3216 638 3270 sciens
688 3217 949 3285 quoniam
986 3229 1210 3288 oportet
1242 3227 1294 3273 te
1328 3223 1456 3275 talia
1485 3238 1798 3292 praeparare
1832 3243 1845 3278 :
1880 3227 2029 3295 quod

455 3307 500 3361 si
548 3307 917 3362 insatiabilior
959 3326 1041 3373 es,
1099 3326 1170 3364 ne
1223 3312 1508 3369 desideres
1542 3315 1696 3369 cibos
1748 3318 1868 3386 ejus
1895 3318 1966 3371 ⁸⁸.
1999 3337 2018 3370 ι

453 3399 607 3453 Alter
633 3400 795 3453 item:
825 3419 844 3450 ι
875 3401 952 3454 Ad
992 3417 1238 3456 mensam
1270 3419 1519 3475 magnam
1546 3407 1778 3462 sedisti?
1801 3425 1869 3464 ne
1900 3426 2031 3480 ape-

455 3489 565 3543 rias
615 3499 804 3560 guttur
841 3499 994 3545 tuum
1038 3509 1205 3562 super
1252 3495 1424 3562 illam,
1457 3509 1737 3553 memento
1767 3502 2029 3569 quoniam

454 3581 683 3644 malum,
731 3584 928 3638 oculus
968 3601 1250 3654 nequam:
1309 3604 1645 3660 quocunque
1697 3591 2026 3662 inspexeris,

376 3681 378 3686 '
453 3688 527 3727 ne
577 3675 844 3730 extendas
894 3693 1116 3731 manum
1173 3687 1344 3742 tuam.
1379 3690 1436 3736 et
1489 3697 1559 3737 ne
1609 3687 1947 3755 conjungere
1977 3687 2028 3740 ei

456 3765 514 3820 in
543 3767 726 3820 catino
764 3786 776 3820 :
821 3770 1062 3840 intellige
1094 3787 1216 3839 qum
1273 3783 1404 3826 sunt
1442 3776 1680 3843 proximi
1711 3793 1778 3831 ex
1829 3778 2026 3848 teipso,

454 3864 510 3910 et
541 3859 696 3926 quasi
730 3861 782 3912 in
810 3861 959 3914 omni
986 3879 1042 3916 re
1076 3865 1292 3933 cogita;
1326 3869 1553 3922 comede
1590 3878 1651 3923 ut
1678 3871 1868 3936 homo,
1903 3889 2027 3941 quae

455 3959 812 4017 apponuntur
841 3953 960 4015 tibi,
1013 3963 1163 4008 etne
1209 3957 1374 4010 nimis
1405 3958 1660 4024 devores,
1702 3968 1762 4015 ut
1795 3978 1864 4017 ne
1896 3963 2026 4017 odio

455 4040 743 4106 habearis;
778 4043 968 4097 desine
993 4046 1146 4114 prior
1171 4047 1699 4118 gratia-disciplina,
1731 4061 1788 4106 et
1817 4053 2023 4123 1031

456 4147 527 4186 ne
577 4132 650 4187 sis
681 4133 1092 4202 'insaturabilis,
1128 4154 1197 4191 ne
1250 4139 1392 4195 forte
1447 4143 1698 4197 offendas
1734 4161 1748 4199 :
1783 4146 1933 4215 quod
1979 4147 2026 4201 si

458 4224 515 4276 in
571 4227 752 4281 medio
803 4228 1100 4282 multorum
1132 4231 1366 4296 seueris,
1398 4233 1550 4302 prior
1585 4234 1695 4289 illis
1729 4252 1799 4291 ne
1829 4245 2027 4291 exten-

457 4317 556 4372 das
602 4334 824 4374 manum
878 4329 1047 4376 tuam.
1106 4324 1278 4390 Quam
1345 4327 1625 4382 sufficiens
1676 4336 1765 4383 est
1813 4330 2028 4385 homini

457 4410 697 4473 erudito,
751 4414 1005 4483 exiguum
1061 4416 1128 4469 ⁸⁸.
1168 4436 1184 4468 ι
1245 4417 1458 4488 Moyses
1503 4437 1515 4471 :
1574 4439 1592 4470 ‹
1629 4422 1869 4476 Attende
1925 4423 2027 4476 tibi

458 4501 562 4569 ipsi
596 4516 686 4564 ne,
720 4503 850 4556 dum
905 4506 1214 4560 comederis
1245 4515 1300 4559 et
1329 4518 1612 4562 saturatus
1654 4510 1850 4576 fueris,
1887 4512 2033 4566 obli-

459 4590 689 4645 viscaris
722 4593 941 4646 Domini
977 4595 1071 4647 Dei
1109 4595 1186 4647 tni
1218 4595 1285 4647 ⁸⁷.
1328 4615 1345 4646 ι
1381 4596 1640 4651 Concinit
1683 4600 1983 4668 Apostolus
2015 4620 2030 4656 :

469 4699 486 4730 ι
517 4681 643 4736 Sive
673 4684 985 4749 comeditis,
1029 4686 1144 4739 sive
1195 4687 1407 4753 bibitis,
1455 4692 1571 4745 sive
1607 4692 1740 4760 quid
1774 4693 1922 4747 aliud
1954 4694 2034 4749 fa-

461 4773 606 4836 citis,
657 4776 841 4828 omnia
872 4777 938 4830 ad
990 4776 1222 4846 gloriam
1275 4779 1371 4834 Dei
1421 4781 1584 4836 facite
1615 4781 1680 4836 ⁸⁸.
1721 4801 1869 4834 ι-ι
1911 4784 2033 4839 Νοη

464 4866 593 4919 item
644 4866 709 4920 ad
745 4867 1176 4939 disceptationes
1213 4873 1631 4942 cogitationum.
1682 4876 1776 4928 Ille
1807 4877 2031 4945 quidem

461 4959 639 5012 credit
692 4960 860 5016 licere
904 4965 1050 5018 vesci
1100 4966 1376 5030 omnibus,
1423 4967 1515 5020 hic
1565 4978 1749 5020 autem
1779 4968 2033 5025 infirmus

461 5065 585 5103 eum
617 5051 708 5115 sit,
743 5053 894 5107 olera
921 5055 1303 5110 manducat”.
1336 5075 1352 5106 ι
1393 5053 1614 5109 lnducit
1641 5074 1652 5108 :
1696 5076 1713 5106 ι
1745 5056 1848 5122 Qui
1875 5075 2034 5112 man-

462 5143 647 5208 ducat,
675 5161 780 5199 non
816 5148 1242 5202 manducantem
1274 5163 1340 5200 nc
1372 5147 1614 5216 jndicet;
1650 5157 1705 5201 tn
1730 5149 1876 5202 enim
1909 5151 2036 5218 quis

461 5248 521 5286 es
548 5235 641 5302 qui
683 5235 900 5304 judicas
927 5238 1172 5290 alienum
1221 5236 1488 5288 servum?
1538 5252 1639 5290 suo
1669 5237 1896 5291 domino
1927 5247 2038 5292 stat

531 5367 576 5395 ⁷⁶
615 5366 756 5420 Psal.
821 5385 984 5432 χχι-ιι,
1036 5371 1087 5423 7.
1166 5369 1209 5399 ⁷⁷
1247 5369 1387 5422 Psal.
1441 5384 1542 5427 LXI,
1603 5371 1655 5421 9.

463 5435 551 5488 Ἠ.
599 5437 689 5488 25.
764 5439 807 5470 κ’
851 5439 1012 5488 Ηριιτ.
1055 5455 1130 5488 vi.
1167 5437 1250 5488 l8.
1290 5440 1372 5488 l9.
1449 5440 1493 5468 ⁸³
1536 5439 1655 5488 lCo

525 5471 551 5494 -,
599 5452 689 5488 ‘20.

821 5385 984 5432 χχι-ιι,
1036 5372 1087 5423 7.
1166 5372 1209 5399 ⁷⁷
1247 5372 1387 5422 Psal.
1441 5384 1542 5427 LXI,
1603 5372 1655 5421 9.
1733 5372 1776 5401 ⁷⁸
1812 5372 1949 5424 Psal.
1991 5389 2030 5424 xi

764 5439 807 5470 ⁸⁷
851 5439 1012 5491 Hebr.
1055 5455 1130 5498 vl,
1167 5437 1250 5498 l8.
1290 5440 1372 5491 l9.
1449 5440 1493 5468 ⁸³
1536 5439 1708 5493 lCor.
1750 5457 1822 5499 lx.
1874 5441 1956 5493 10.

2136 5390 2170 5434 ι,
2204 5374 2256 5426 3.
2351 5373 2394 5405 ⁷⁸
2437 5372 2570 5426 ibid.
2624 5372 2676 5425 5.
2751 5372 2798 5402 ⁸ο
2836 5372 2939 5426 lsa.
2995 5385 3138 5429 xxvr,
3177 5372 3230 5423 8.
3301 5372 3345 5395 "
3407 5372 3564 5417 Hom.
3600 5374 3703 5414 vin.

2136 5459 2247 5496 ,nc.
2307 5459 2364 5505 ιι,
2419 5442 2509 5496 26.
2585 5441 2629 5474 ⁸⁵
2674 5442 2835 5496 Prov.
2887 5457 3036 5506 vxln,
3090 5439 3200 5493 1-5.
3275 5435 3320 5467 ⁸⁸
3363 5432 3535 5488 Eccli.
3570 5444 3703 5490 nu,

2135 3243 2261 3290 σου,
2297 3225 2453 3288 εἰδὼς
2483 3227 2566 3278 ὅτι
2595 3225 2676 3277 δεῖ
2708 3241 2765 3277 σε
2796 3224 3024 3278 τοιαῦτα
3055 3226 3528 3295 παρασκευάζειν.
3562 3223 3695 3277 Εἱδέ

2130 3301 2535 3387 ἀπληστότερος
2556 3311 2628 3378 εἴ,
2650 3315 2723 3386 μὴ
2740 3315 3001 3386 ἐπιθύμει
3019 3319 3125 3368 τῶν
3147 3317 3467 3387 ἐδεσμάτων
3490 3315 3660 3368 αὑτοῦ.
3674 3331 3690 3362 ι

2131 3410 2241 3463 Καὶ
2283 3409 2468 3480 ἕτερός
2489 3425 2686 3477 φησιν·
2724 3427 2742 3460 ‹
2790 3409 2922 3460 Ἐπὶ
2954 3408 3238 3477 τραπέζης
3276 3409 3518 3479 μεγάλης
3548 3405 3697 3460 ἐκάθ-

2134 3519 2290 3564 ισας,
2360 3500 2435 3571 μὴ
2484 3499 2705 3570 ἀνοίξῃς
2774 3499 3034 3568 φάρυγγά
3066 3516 3159 3550 σου
3196 3500 3288 3550 ἐπ’
3314 3501 3507 3568 αὐτῆς.
3559 3496 3696 3565 Μνή-

2132 3590 2286 3662 σθητι
2334 3591 2416 3643 ὅτι
2461 3589 2630 3643 κακὸν
2663 3590 2944 3658 ὀφθαλμδς
2975 3590 3236 3659 πονηρὸς,
3271 3583 3335 3642 οὗ
3369 3591 3465 3642 ἐὰν
3497 3586 3699 3641 ἐπιϐλέο

2128 3683 2237 3754 φης
2252 3724 2267 3747 ν
2309 3683 2384 3753 μὴ
2413 3682 2662 3754 ἐκτείνῃς
2689 3681 2788 3751 τὴν
2815 3682 2972 3751 χεῖρά
3000 3698 3094 3733 σου
3113 3722 3128 3745 ,
3179 3683 3279 3734 καὶ
3325 3682 3401 3752 μὴ
3436 3678 3696 3734 συνθλίὸου

2131 3773 2280 3843 αὑτῷ
2308 3776 2366 3826 ἐν
2388 3773 2464 3842 τῷ
2483 3772 2722 3842 τρυϐλίῳ
2741 3789 2754 3801 ·
2787 3773 2898 3825 νόει
2925 3771 2994 3824 τά
3020 3773 3126 3824 τῶν
3151 3773 3388 3842 πλησίον
3415 3771 3475 3836 ἐξ
3498 3767 3696 3833 ἐαυτοῦ,

2131 3866 2226 3921 καὶ
2255 3866 2346 3917 ἐπί
2373 3868 2536 3917 παντὶ
2563 3865 2850 3936 πράγματι
2876 3864 3108 3917 διανοοῦ.
3146 3865 3297 3930 Φάγε
3328 3865 3406 3927 ὡς
3431 3865 3700 3931 ἄνθρωπος

2129 3956 2198 4009 τὰ
2232 3954 2612 4025 παρακείμενά
2647 3971 2766 4016 σοι,
2819 3956 2916 4006 καὶ
2953 3953 3027 4022 μὴ
3057 3953 3325 4020 διαμασῶ
3351 3992 3366 4013 ,
3399 3952 3486 4005 ἴνα
3520 3951 3590 4020 μὴ
3621 3965 3702 4019 μι-

2132 4033 2332 4116 σηθῇς·
2391 4045 2600 4098 παῦσαι
2632 4043 2848 4114 πρῶτος
2881 4045 3040 4125 χάριν
3074 4044 3363 4125 παιδείας,
3417 4042 3512 4095 καὶ
3539 4039 3700 4106 ἀπλη-

2132 4139 2342 4202 στεύου,
2381 4137 2453 4208 μὴ
2481 4137 2749 4207 πρότερος
2782 4123 2955 4206 κόψῃς
2978 4153 2991 4168 ·
3046 4137 3144 4188 καὶ
3187 4123 3234 4187 εί
3269 4137 3378 4189 ἀνὰ
3416 4135 3576 4204 μέσον
3603 4130 3702 4181 τῶν

2132 4233 2394 4286 πλειόνων
2445 4232 2748 4296 ἐκάθισας,
2807 4231 3077 4300 πρότερος
3121 4229 3307 4282 αὐτῶν
3360 4229 3437 4298 μὴ
3472 4229 3703 4292 ἐκτείνῃς

2129 4323 2231 4396 τὴν
2269 4323 2435 4395 χεῖρά
2477 4340 2592 4378 σου.
2639 4325 2726 4386 Ὠς
2761 4323 2946 4376 ἱκανὸν
2979 4320 3256 4391 ἀνθρώπῳ
3290 4315 3701 4386 πεπαιδευμένῳ

2063 4452 2106 4506 D
2133 4417 2194 4470 τὺ
2219 4416 2415 4484 ὀλίγον.
2432 4435 2449 4467 ι
2486 4417 2543 4468 '0
2567 4415 2624 4468 δέ
2649 4414 2912 4482 Μωῦσῆς,
2946 4433 2963 4464 ι
2988 4413 3230 4483 Πρόσεχε
3248 4411 3501 4506 σεαυτῷ,
3521 4409 3700 4506 λέγων.

2137 4505 2214 4577 μὴ
2247 4505 2436 4575 φαγὼν
2463 4505 2557 4559 καὶ
2585 4503 2924 4574 ἐμπλησθεὶς
2954 4503 3188 4573 ἐπιλάϐῃ
3224 4504 3437 4585 Κυρίου
3465 4500 3559 4552 τοῦ
3581 4494 3701 4550 Θεοῦ

2134 4615 2250 4651 σου.
2282 4617 2300 4649 ι
2367 4599 2478 4650 Kal
2525 4598 2552 4649 6
2588 4595 2824 4656 Παῦλος
2883 4613 2901 4645 ι
2945 4594 3067 4646 Εἴτε
3095 4595 3331 4656 ἐσθίετε,
3367 4595 3481 4646 εἴτε
3511 4593 3701 4646 πίνετε,

2131 4690 2240 4743 εἴτε
2274 4708 2325 4742 τι
2360 4691 2600 4752 ποιεῖτε,
2650 4689 2828 4741 πάντα
2861 4689 2941 4749 είς
2977 4686 3136 4750 δόξαν
3163 4686 3300 4739 θεοῦ
3337 4687 3565 4736 ποιεῖτε.
3603 4697 3704 4730 ι-

2137 4803 2156 4836 (
2204 4783 2317 4837 Kal
2377 4783 2453 4853 μὴ
2509 4784 2590 4844 είς
2635 4782 2848 4852 κρίσεις
2898 4779 3293 4847 διαλογισμῶν.
3358 4778 3420 4831 Ὀ
3472 4775 3570 4845 μὲν
3608 4771 3706 4838 γὰρ

2143 4874 2389 4928 πιστεύει
2416 4876 2610 4942 φαγεῖν
2633 4873 2832 4937 πάντα,
2857 4875 2884 4925 6
2905 4871 2960 4924 δέ
2987 4870 3231 4924 ἀσθενῶν
3253 4867 3469 4937 λάχανα
3492 4862 3698 4918 ἐσθίει.ι

2140 4964 2253 5018 Kal
2279 4965 2476 5032 ἐπάγει
2497 4983 2508 4996 ο
2554 4982 2573 5014 ι
2602 4963 2661 5015 '0
2692 4962 2912 5030 ἐσθίων,
2945 4961 3034 5013 τὸν
3069 4961 3142 5030 μὴ
3170 4959 3430 5021 ἐσθίοντα
3467 4955 3541 5026 μὴ
3565 4952 3706 5014 ἐξου-

2142 5056 2396 5110 θενείτωο
2428 5055 2523 5108 καὶ
2551 5057 2579 5108 ὁ
2607 5053 2683 5123 μὴ
2712 5053 2928 5115 ἐσθίων,
2961 5053 3050 5104 τὸν
3079 5051 3332 5103 ἐσθίοντα
3361 5048 3440 5124 μὴ
3467 5044 3701 5115 κρινέτω·

2146 5152 2208 5202 σὺ
2239 5148 2349 5218 γὰρ
2383 5149 2466 5211 τίς
2498 5145 2547 5199 εί
2581 5149 2609 5199 6
2641 5148 2843 5215 κρίνων
2870 5145 3151 5212 ἀλλότριον
3183 5141 3442 5210 οίκέτην;
3494 5135 3570 5205 τῷ
3604 5132 3706 5196 ἰδίῃ

2145 5240 2318 5310 κυρίῳ
2369 5240 2559 5308 στήκει
2595 5237 2627 5308 ἢ
2664 5237 2873 5290 πίπτει.
2905 5255 2923 5287 ι
2969 5236 3079 5288 Kal
3111 5235 3302 5288 πάλιν·
3359 5248 3378 5280 ι
3413 5230 3471 5281 Ὀ
3504 5224 3704 5278 ἐσθίων,

2351 5373 2394 5405 ⁷⁸
2437 5371 2570 5426 ibid.
2624 5372 2676 5425 5.
2751 5371 2798 5402 ⁸ο
2836 5371 2939 5426 lsa.
2995 5385 3138 5429 xxvr,
3177 5368 3230 5423 8.
3301 5365 3345 5395 “
3404 5365 3564 5417 Rom.
3600 5374 3703 5414 wn.

470 5505 646 5558 fil-16.
724 5508 767 5537 ⁸⁷
823 5509 977 5561 Deut.
1021 5526 1092 5568 vt.
1149 5509 1232 5572 12,
1269 5509 1354 5561 15.
1433 5509 1476 5539 ⁸³
1516 5509 1691 5563 ICOI‘.
1735 5527 1786 5574 Χ,
1828 5511 1917 5564 51.
1993 5512 2030 5545 ⁸⁷

2136 5528 2230 5564 ιιιι.
2266 5528 2372 5577 xw,
2415 5514 2466 5578 ί,
2515 5512 2568 5565 2.

1735 5629 1773 5681 ιτ
1788 5628 1966 5684 .XRL'E
2009 5627 2410 5684 LECTIONES.

547 5716 568 5750 ε
591 5731 699 5766 σου.
778 5723 798 5755 ιι
828 5719 918 5770 τοῦ
946 5721 1212 5790 μκλέχειν,
1241 5721 1616 5789 participandi.
